4062 6562
478 460 549 524 87
1696 475 2032 540 NlCEl‘llO

2161 479 2503 544 CALLISTI
3649 485 3722 552 88

479 573 674 628 Filium
704 593 714 627 :
748 579 1152 648 proptereaque
1188 592 1297 634 non
1327 596 1446 636 esse
1481 597 1606 637 eum
1647 585 1935 652 facturam.
1969 592 2033 644 ei:

2154 593 2278 659 ποίη
2291 610 2366 661 μα
2400 591 2692 660 τυγχάνειν
2723 590 2933 655 ούσίας,
2971 590 3038 662 ἢν
3073 591 3140 644 ἐκ
3165 588 3257 644 τοῦ
3290 592 3512 672 Πιατρὸς
3533 611 3700 664 γεγεν

476 682 599 733 qua
631 681 728 735 per
752 669 926 738 ipsum
952 670 1108 726 facta
1139 682 1270 727 sunt
1299 674 1572 731 similem:
1603 682 2038 747 praestantiorem

476 772 656 814 autem
693 777 857 832 quam
895 775 1203 818 creaturam
1245 781 1461 822 omnem
1501 770 1750 826 ohtinere
1783 775 2036 830 substan-

475 851 640 911 tiam,
687 868 852 921 quam
888 869 952 908 ex
981 853 1138 909 Patre
1170 856 1408 924 genitam
1457 872 1579 912 esse
1608 859 1795 915 divina
1843 864 2043 918 docent

474 943 742 998 oracula:
797 959 923 999 cum
977 945 1200 1016 quidem
1256 948 1453 1003 modus
1496 950 1616 1019 ipse
1669 959 2043 1022 generationis

473 1034 623 1088 omni
659 1037 855 1104 genita
882 1047 1091 1093 natura
1117 1037 1415 1095 ineﬂ'abilis
1444 1041 1536 1108 sit,
1569 1051 1625 1096 et
1661 1045 2041 1103 inconsidera-

470 1127 620 1182 bilis.
666 1129 932 1186 Similiter
974 1147 1105 1187 vero
1146 1133 1287 1188 ratio
1326 1134 1499 1204 probe
1530 1135 1858 1208 disquisita,
1902 1157 2039 1196 con-

471 1219 890 1277 substantialem
927 1224 1105 1280 Patris
1134 1241 1256 1281 esse
1287 1225 1488 1282 Filium
1517 1232 1738 1294 astruit,
1772 1247 1880 1286 non
1915 1233 2042 1302 qui-

471 1312 596 1365 dem
633 1329 927 1383 corporum
961 1332 1138 1382 more,
1165 1332 1344 1389 neque
1378 1321 1446 1375 ad
1484 1323 1843 1379 animantium
1877 1329 2036 1382 morti

469 1403 834 1460 obnoxiorum
871 1409 1087 1464 instar:
1124 1426 1304 1479 neque
1331 1413 1498 1469 etiam
1525 1414 1675 1486 juxta
1707 1417 2033 1475 divisionem

469 1495 812 1562 substantia,
853 1515 1031 1569 neque
1066 1502 1222 1574 juxta
1266 1506 1676 1561 resectionem:
1714 1510 1808 1564 sed
1857 1527 2037 1580 neque

465 1584 621 1654 juxta
651 1591 1062 1658 perpessionem
1093 1594 1432 1662 quampiam,
1458 1604 1553 1650 aut
1581 1597 1916 1661 versionem,
1943 1608 2038 1652 aut

469 1677 832 1733 mutatiOnem
881 1680 1054 1737 Patris
1096 1683 1350 1750 virtutis;
1402 1685 1550 1755 quod
1592 1687 1767 1742 aliena
1809 1704 2038 1758 prorsus

469 1766 541 1822 ab
579 1768 666 1824 his
709 1772 967 1828 omnibus
1009 1773 1082 1830 sit
1127 1775 1370 1845 ingenita
1412 1778 1610 1838 ,Patris
1654 1790 1889 1835 natura:
1925 1779 2034 1836 .‘sed

470 1862 620 1930 quod
644 1865 1133 1922 consubstantialis
1155 1867 1306 1923 Patri
1335 1868 1573 1931 dicatur,
1604 1869 1738 1925 illud
1763 1871 2038 1942 significat

2146 680 2342 753 νῆσθαι
2374 685 2442 737 τά
2470 685 2589 737 θεία
2626 682 2866 736 διδάσκει
2900 683 3079 751 λόγια,
3115 681 3210 736 τοῦ
3239 684 3443 750 τρόπου
3468 686 3568 755 τῆς
3599 703 3728 755 γεν-

2146 779 2356 845 νήσεως
2404 779 2498 828 καὶ
2532 776 2907 844 ἀνεκφράστου
2951 777 3047 828 καὶ
3095 775 3517 842 ἀνεπιλογίστου
3570 781 3726 851 πάσῃ

2143 870 2375 937 γεννητῇ
2425 866 2585 935 φύσει
2616 867 2996 935 τυγχάνοντος.
3027 865 3185 920 Οὕτω
3216 867 3271 919 δὲ
3304 869 3397 920 καὶ
3437 870 3498 919 τὸ
3528 871 3726 937 ὀμοού-

2146 977 2260 1013 σιον
2285 959 2424 1012 εἶναι
2454 960 2548 1012 τοῦ
2576 959 2783 1028 Πατρὸς
2813 957 2904 1011 τὸν
2937 957 3065 1011 Υίδν
3095 957 3484 1026 ἐξεταζόμενος
3507 959 3534 1009 ὸ
3560 960 3720 1027 λόγος

2143 1052 2475 1122 συνίστησιν,
2508 1051 2570 1104 ού
2605 1051 2747 1104 κατά
2776 1051 2868 1103 τὸν
2904 1049 3015 1104 τῶν
3051 1050 3320 1118 σωμάτων
3342 1049 3564 1114 τρόπον,
3595 1050 3718 1102 οὐδὲ

2140 1145 2252 1205 τοῖς
2301 1141 2517 1210 θνητοῖς
2562 1142 2724 1204 ζώοις
2755 1142 3159 1212 παραπλησίως
3187 1157 3200 1175 ⁸
3249 1141 3373 1194 οὔτε
3417 1143 3527 1212 γὰρ
3575 1148 3719 1196 κατά

2139 1235 2408 1302 διαίρεσιν
2439 1232 2536 1300 τῆς
2567 1232 2776 1298 οὐσίας,
2809 1225 2932 1288 οὕτε
2957 1233 3099 1284 κατὰ
3120 1233 3424 1302 ἀποτομὴν,
3451 1233 3568 1284 ἀλλ’
3595 1235 3718 1287 ούδέ

2140 1324 2284 1375 κατά
2311 1338 2364 1375 τι
2391 1323 2583 1388 πάθος,
2613 1322 2843 1393 τροπὴν,
2867 1322 2902 1394 ἢ
2931 1323 3221 1375 ἀλλοίωσιν
3259 1324 3354 1390 τῆς
3383 1322 3474 1374 τοῦ
3502 1323 3716 1393 [ἰατρὸς

2138 1415 2442 1483 δυνάμεως.
2467 1414 2686 1468 Τούτων
2711 1415 2818 1484 γάρ
2851 1416 3108 1470 ἁπάντων
3134 1415 3415 1484 ἀλλότριον
3443 1413 3585 1468 εἶναι
3617 1418 3716 1484 τὴν

2137 1507 2432 1578 ἀγέννητον
2465 1506 2675 1577 [ἰατρὸς
2709 1507 2870 1576 φύσιν
2896 1525 2911 1539 ο
2947 1507 3360 1576 παραστατικὸν
3393 1507 3449 1558 δέ
3484 1503 3623 1557 εἶναι
3657 1507 3718 1556 τὸ

2137 1599 2425 1670 δμοούσιον
2464 1597 2544 1669 τῷ
2581 1601 2754 1669 ΙΙατρὶ
2799 1599 2892 1652 τοῦ
2934 1598 3208 1670 μηδεμίαν
3241 1599 3542 1668 ἐμφέρειαν
3573 1598 3716 1665 πρὸς

2134 1695 2204 1746 τά
2233 1690 2465 1760 γεννητὰ
2499 1691 2770 1758 κτίσματα
2788 1690 2879 1742 τὸν
2898 1690 3026 1743 Υίδν
3057 1690 3150 1742 τοῦ
3180 1689 3318 1744 Θεοῦ
3351 1691 3541 1757 φέρειν
3562 1705 3575 1717 ο
3617 1692 3715 1757 μόδ-

2136 1800 2227 1838 νον
2278 1783 2336 1835 δέ
2364 1782 2442 1852 τῷ
2483 1783 2662 1852 Πατρὶ
2689 1781 2766 1852 τῷ
2789 1783 3142 1853 γεγεννηκότι
3181 1784 3323 1835 κατὰ
3357 1782 3534 1833 πάντα
3580 1784 3713 1846 τριξ-

2139 1894 2243 1930 πον
2271 1875 2684 1944 ἀφομοιοῦσθαι.
2709 1877 2803 1928 καὶ
2825 1879 2901 1943 μὴ
2932 1870 3069 1928 εἶναι
3099 1873 3158 1938 ἐξ
3187 1875 3380 1944 ἐτέρας
3405 1874 3549 1934 τινὸς
3581 1875 3717 1926 ὑπο-

471 1963 638 2022 atque
691 1956 888 2024 infert,
951 1959 1154 2012 nullam
1206 1961 1436 2015 omnino
1485 1961 1906 2018 similitudinem
1968 1966 2033 2018 ad

2140 1966 2382 2026 στάσεως
2421 1966 2520 2017 καὶ
2559 1959 2768 2028 οὐσίας,
2803 1963 2919 2016 ἀλλ’
2957 1966 3022 2017 ἐκ
3063 1961 3158 2016 τοῦ
3213 1962 3423 2031 Πατρός
3448 1977 3463 1992 ·
3512 1955 3557 2027 ᾧ
3617 1963 3714 2013 καὶ

470 2058 757 2099 crearuras
786 2047 1036 2102 conditas
1066 2045 1263 2102 Filium
1299 2049 1391 2103 Dei
1427 2048 1573 2103 ferre
1595 2088 1610 2112 ,
1643 2051 1739 2106 sed
1772 2052 1865 2120 qui
1906 2067 2032 2106 eum

441 2131 682 2203 'genuit,
713 2136 862 2195 Patri
889 2146 1098 2193 tantum
1131 2139 1312 2195 modis
1343 2142 1604 2195 omnibus
1631 2158 1752 2198 esse
1777 2144 2035 2210 similem,

470 2239 527 2281 et
559 2246 667 2284 non
698 2246 820 2285 esse
849 2245 913 2285 ex
947 2231 1054 2285 alia
1095 2233 1354 2303 quapiam
1391 2233 1750 2289 subsistentia
1783 2237 1864 2290 vel
1902 2235 2034 2292 sob-

471 2320 671 2374 stantia
697 2336 860 2391 quam
888 2322 1088 2376 Patris.
1114 2322 1214 2378 Cui
1245 2324 1436 2385 verbo,
1459 2338 1526 2379 eo
1555 2336 1714 2395 pacto
1737 2342 1837 2396 per
1859 2327 2032 2382 inter-

469 2413 835 2481 pretationem
860 2415 1126 2484 exposito,
1152 2427 1302 2470 recte
1347 2415 1512 2470 nobis
1534 2417 1708 2472 visum
1737 2428 1823 2473 est
1850 2434 2036 2475 assen—

471 2506 586 2567 tiri,
605 2503 881 2574 pracipue
899 2519 1024 2559 cum
1056 2508 1349 2573 sciremus,
1394 2523 1464 2562 cx
1487 2509 1769 2563 veteribus
1789 2511 2034 2564 eruditos

469 2595 742 2665 quosdam
776 2607 831 2652 et
869 2607 1145 2668 spectatos
1181 2601 1474 2670 episcopos
1504 2610 1559 2654 et
1599 2601 1898 2671 scriptores
1929 2603 2031 2670 (l).

469 2688 636 2761 579
678 2691 732 2744 in
775 2692 1098 2760 exponenda
1132 2691 1308 2749 Patris
1339 2705 1394 2748 et
1442 2695 1562 2750 Filii
1609 2695 1914 2751 divinitatis
1945 2713 2031 2750 ra-

469 2782 619 2836 tione
685 2781 782 2836 τοῦ
827 2784 1115 2853 ὁμνιουσίου
1169 2788 1392 2841 nomine
1437 2803 1566 2842 usos
1611 2803 1752 2844 esse.
1809 2787 1932 2843 Hac
1962 2787 2031 2844 de

465 2873 810 2941 professione
850 2873 973 2930 fidei
1007 2877 1308 2946 publicitus
1331 2877 1478 2933 edita
1535 2887 1667 2932 sunt
1721 2879 1886 2934 dicta.
1927 2877 2028 2935 Cui

469 2953 706 3021 universi
747 2966 1108 3032 assensimus,
1133 2979 1189 3024 et
1215 2969 1436 3039 quidem
1470 2986 1575 3024 non
1605 2971 1739 3024 citra
1765 2971 2030 3041 disquisi-

465 3057 702 3132 tionem,
756 3058 848 3113 sed
892 3060 1046 3130 juxta
1100 3060 1400 3114 sententias
1455 3059 1513 3114 in
1570 3062 1862 3130 prasentia
1916 3062 2028 3117 Deo

467 3151 653 3206 dilecti
706 3152 1053 3221 imperatoris
1095 3153 1483 3224 investigatas,
1535 3155 1807 3224 nobisque
1857 3170 2028 3224 expo-

465 3244 620 3304 sitas.
655 3252 712 3299 et
736 3242 1043 3298 rationibus
1079 3259 1216 3314 quas
1247 3245 1485 3299 diximus
1513 3260 1580 3299 ex
1615 3245 1866 3314 professo
1896 3261 2030 3300 con-
2057 3278 2100 3334 ε

463 3345 779 3390 sentaneas.
815 3333 988 3390 Porro
1022 3336 1312 3390 anathema
1347 3337 1494 3407 quod
1529 3336 1858 3407 professioni
1905 3335 2030 3392 fidei

465 3427 536 3482 ab
567 3427 650 3482 eis
672 3439 756 3481 est
787 3426 1079 3498 adjectum,
1107 3428 1576 3498 comprobandum
1605 3445 1725 3484 esse
1750 3429 2028 3490 duximus.

465 3529 528 3576 ut
565 3521 814 3576 homines
855 3521 1088 3576 vocibus
1129 3537 1250 3592 qua
1291 3522 1346 3576 in
1383 3521 1688 3592 Scripturis
1721 3537 1829 3576 non
1871 3523 2028 3576 inve-

465 3615 724 3677 niantur,
761 3613 838 3667 uti
871 3613 1322 3682 prohiberentur,
1362 3629 1484 3683 qua
1517 3614 1632 3671 fere
1656 3630 1874 3671 causam
1911 3630 2032 3670 om-

463 3721 591 3760 nem
623 3704 931 3760 confusioni
973 3714 1030 3760 et
1062 3705 1317 3759 seditioni
1363 3705 1622 3761 Ecclesia
1655 3707 2026 3776 prabuerunt.

464 3799 682 3854 Nullius
710 3814 840 3854 sane
876 3797 1142 3854 divinitus
1175 3799 1473 3869 inspirata,
1503 3809 1558 3854 et
1580 3816 1701 3870 qua
1739 3801 1848 3855 rite
1879 3801 2030 3856 ordi-

467 3905 649 3960 neque
692 3890 856 3946 dictis
907 3889 1080 3945 utitur
1131 3889 1449 3961 Scriptura,
1488 3901 1618 3946 sunt
1645 3891 1758 3957 illa,
1800 3905 1868 3948 ex
1915 3906 2026 3947 non

467 3982 897 4038 exsistentibus:
923 3991 999 4046 et,
1032 3980 1157 4036 Fuit
1181 3983 1478 4054 aliquando
1517 3993 1731 4054 tempus
1763 3998 1888 4040 cum
1919 3999 2028 4039 non

467 4087 632 4132 esset.
681 4075 862 4142 Quare
903 4075 1102 4133 rationi
1152 4079 1336 4133 minus
1375 4089 1806 4134 consentaneum
1850 4079 2027 4133 visum

465 4179 572 4234 est,
605 4185 670 4223 ea
720 4179 774 4224 et
809 4169 994 4226 dicere
1033 4182 1090 4226 et
1128 4170 1368 4226 docere:
1406 4188 1516 4242 quo
1559 4172 1775 4226 facilius
1817 4173 2030 4227 calculo

465 4262 632 4315 etiam
675 4270 861 4316 nostro
898 4261 1000 4316 rite
1036 4261 1320 4317 decretum
1372 4263 1664 4316 anathema
1705 4263 2033 4332 comproba-

465 4355 668 4416 vimus,
701 4353 922 4424 quando
946 4354 1164 4422 quidem
1194 4371 1372 4424 neque
1397 4363 1666 4410 anteactis
1692 4357 2031 4426 temporibus

465 4447 801 4516 ejuscemodi
839 4446 1026 4501 verbis
1061 4447 1138 4501 uti
1175 4448 1320 4502 soliti
1350 4464 1562 4502 sumus.
1603 4448 1746 4514 Quin
1777 4461 1832 4503 et
1871 4449 2027 4514 illud,

466 4537 607 4592 Eum
668 4547 958 4607 antequam
1016 4542 1331 4609 gigneretur
1390 4556 1497 4595 non
1553 4541 1754 4603 fuisse,
1801 4544 2031 4598 anathe-

2138 2057 2288 2126 αὐτῷ
2316 2056 2506 2110 τοῦτον
2537 2056 2928 2126 ἐρμηνευθέντι
2962 2055 3052 2108 τὸν
3087 2055 3309 2124 τρόπον,
3349 2052 3530 2116 καλῶς
3559 2052 3710 2123 ἐχειν

2135 2147 2310 2218 ἐφάνη
2338 2147 2832 2213 συγκατατίθεσθαι
2851 2161 2866 2177 ο
2891 2147 3014 2198 ἐπεὶ
3035 2148 3124 2198 καὶ
3147 2145 3257 2198 τῶν
3287 2143 3534 2197 παλαιῶν
3558 2161 3712 2206 τινας

2133 2241 2349 2309 λογίους
2369 2241 2653 2307 ἐπιφανεῖς
2675 2239 3007 2301 ἐπισκόπους
3029 2240 3124 2290 καὶ
3157 2238 3513 2307 συγγραφέας
3539 2236 3712 2303 ἐγνω-

2137 2349 2236 2403 μεν
2258 2372 2274 2396 ,
2309 2333 2402 2386 ἐπὶ
2431 2332 2527 2400 τῆς
2553 2329 2646 2384 τοῦ
2676 2331 2885 2400 Πατρδς
2917 2331 3010 2382 καὶ
3039 2329 3132 2382 τοῦ
3167 2328 3296 2380 Υίού
3327 2329 3608 2393 θεολογίας
3632 2327 3710 2396 τῷ

2132 2425 2226 2479 τοῦ
2254 2426 2541 2494 όμοουσίου
2570 2423 3061 2493 συγχρησαμένους
3092 2423 3340 2490 ὀνόματι.
3386 2421 3428 2472 Τ
3431 2419 3574 2473 αὕτα
3608 2420 3709 2487 μὲν

2134 2517 2262 2586 περὶ
2300 2516 2396 2585 τῆς
2431 2514 2746 2584 ἐκτεθείσης
2813 2513 3053 2584 εἰρήσθω
3084 2515 3346 2572 πίστεως·
3465 2528 3710 2578 συνεφω-

2133 2608 2380 2677 νήσαμεν
2404 2607 2644 2668 ἅπαντες
2675 2605 2779 2658 οὐκ
2827 2603 3224 2668 ἀνεξετάστως,
3256 2602 3391 2655 ἀλλὰ
3431 2605 3577 2656 κατά
3608 2603 3708 2664 τάς

2132 2697 2488 2759 άποδοθείσας
2522 2697 2786 2761 διανοίας,
2817 2697 2904 2749 ἐπ’
2929 2695 3093 2748 αὑτοῦ
3126 2695 3220 2748 τοῦ
3250 2693 3530 2764 θεοφιλοῦς
3553 2697 3620 2764 βα
3633 2711 3708 2746 no

2131 2790 2266 2854 λέως
2314 2789 2720 2855 ἐξετασθείσας,
2758 2789 2853 2840 καὶ
2902 2791 3010 2850 τοῖς
3062 2787 3372 2857 εἰρημένοις
3424 2788 3706 2854 λογισμοῖς

2132 2880 2684 2951 συνομολογηθείσας.
2742 2880 2852 2932 Καὶ
2897 2879 2987 2931 τὸν
3037 2878 3479 2947 άναθεματισμδν
3516 2878 3573 2929 δέ
3612 2879 3706 2929 τὸν

2132 2974 2270 3043 μετὰ
2319 2972 2417 3043 τὴν
2450 2973 2634 3026 πίστιν
2673 2969 2812 3041 πρδς
2846 2969 3026 3024 αὐτῶν
3060 2971 3286 3023 τεθέντα
3340 2970 3529 3022 δεκτὸν
3564 2966 3705 3021 εἶναι

2129 3065 2492 3137 ἡγησάμεθα,
2531 3064 2618 3118 διά
2649 3065 2710 3116 τὸ
2741 3065 3031 3133 ἀπείργειν
3080 3063 3352 3132 ἀγράφοις
3395 3061 3706 3132 χρησασθαι

2130 3161 2371 3228 φωναῖς·
2410 3156 2480 3210 δι’
2514 3156 2578 3218 ἃς
2611 3157 2796 3226 σχεδὸν
2824 3158 2976 3210 πᾶσα
3017 3157 3262 3224 ἐγεγόνει
3306 3155 3571 3226 σύγχυσις
3611 3156 3705 3207 καὶ

2131 3251 2512 3306 ἀκαταστασία
2553 3249 2651 3319 τῆς
2695 3247 3044 3318 Ἐκκλησίας.
3079 3248 3364 3317 Μηδεμιάς
3408 3247 3538 3314 γοῦν
3581 3245 3705 3299 θεο-

2134 3343 2402 3397 πνεύστου
2442 3342 2666 3411 Γραφῆς
2714 3343 2794 3407 τὸ,
2839 3340 2928 3405 Ἐξ
2991 3342 3090 3394 οὐκ
3111 3341 3300 3406 ὄντων,
3332 3341 3424 3394 καὶ
3461 3340 3540 3404 τὸ,
3593 3335 3704 3392 Ἦν

2133 3439 2265 3490 ποτέ
2287 3437 2374 3489 ὅτε
2405 3438 2505 3490 ούκ
2533 3431 2623 3506 ἦν,
2651 3437 2875 3496 καὶτοῖς
2904 3435 3028 3502 ἑξῆς
3057 3435 3469 3504 ἐπιλεγομένοις
3502 3449 3704 3502 κεχρη-

2137 3530 2328 3600 μένης,
2366 3530 2466 3581 οὐκ
2499 3527 2717 3596 εὔλογον
2755 3529 2929 3597 ἐφάνη
2959 3527 3133 3579 ταῦτα
3163 3528 3256 3579 καὶ
3289 3526 3467 3593 λέγειν
3499 3527 3595 3577 καὶ
3625 3525 3702 3576 δι-

2129 3621 2352 3674 δάσκειν
2370 3637 2384 3651 ο
2414 3621 2508 3672 καὶ
2529 3619 2676 3690 αὐτῷ
2702 3618 2884 3681 καλῶς
2912 3618 3126 3683 δόξαντι
3167 3615 3506 3685 συνεθέμεθα
3529 3631 3545 3645 ⁸
3581 3617 3706 3670 ἐπεὶ

2135 3712 2268 3782 μηδέ
2290 3716 2345 3764 ἐν
2369 3713 2444 3781 τῷ
2469 3712 2574 3782 πρὸ
2600 3711 2789 3763 τούτου
2820 3712 2995 3782 χρόνῳ
3020 3709 3226 3770 τούτοις
3254 3710 3540 3775 εἰώθειμεν
3573 3724 3706 3775 συγ-

2130 3804 2369 3874 χρῆσθαι
2389 3807 2500 3865 τοῖς
2535 3805 2764 3873 ῥήμασι.
2798 3803 2918 3854 Ἔτι
2957 3805 3061 3871 μην
3089 3802 3150 3853 τὸ
3179 3800 3703 3870 άναθεματίζεσθαι,

2131 3897 2204 3949 Τὸ
2239 3895 2344 3964 πρὸ
2363 3894 2456 3946 τοῦ
2487 3894 2814 3964 γεννηθῆναι
2833 3894 2933 3945 οὐκ
2951 3889 3040 3965 ἦν,
3057 3893 3158 3945 οὐκ
3184 3892 3387 3945 άτοπον
3411 3892 3696 3960 ἐνομίσθη,

2130 3988 2190 4040 ca
2213 3989 2364 4055 παρὰ
2388 3987 2524 4039 πᾶσι
2555 3986 2653 4055 μὲν
2683 3984 3068 4056 ὁμολογεῖσθαι
3092 3979 3234 4038 είναι
3266 3983 3427 4036 αὐτὸν
3455 3983 3582 4036 Υίδν
3603 3983 3702 4036 τοῦ

2131 4081 2270 4135 Θεοῦ
2301 4083 2397 4134 καὶ
2439 4081 2546 4152 πρὸ
2577 4082 2674 4151 τῆς
2711 4081 2851 4133 κατά
2883 4080 3062 4148 σάρκα
3109 4079 3438 4148 γεννήσεως.
3471 4078 3612 4146 Ἤδη
3639 4077 3700 4130 δέ

2129 4176 2158 4228 ό
2208 4172 2464 4243 θεοφιλὴς
2502 4171 2661 4242 ἡμῶν
2699 4169 2959 4241 βασιλεὺς
3004 4167 3082 4240 τῷ
3121 4169 3265 4239 λόγῳ
3324 4169 3700 4234 κατεσκεύαζε
3749 4227 3756 4231 _

2132 4265 2276 4318 κατὰ
2325 4264 2426 4334 τὴν
2468 4262 2650 4316 ἔνθεον
2701 4262 2867 4315 αὑτοῦ
2908 4262 3162 4330 γέννησιν
3210 4263 3272 4314 τὸ
3321 4263 3428 4332 πρὸ
3480 4263 3702 4316 πάντων

2133 4355 2346 4409 αἰώνων
2407 4351 2547 4407 εἶναι
2597 4355 2794 4407 αὐτόν’
2832 4354 2955 4406 ἐπεὶ
3002 4353 3097 4406 καὶ
3132 4353 3261 4423 πρὶν
3289 4354 3538 4424 ἐνεργείᾳ
3569 4371 3700 4422 γεν-

2129 4448 2382 4518 νηθῆναι,
2415 4446 2644 4516 δυνάμει
2677 4441 2744 4516 ἦν
2775 4446 2833 4497 ἐν
2860 4445 2936 4514 τῷ
2966 4445 3142 4513 Πατρὶ
3171 4446 3502 4516 ἀγεννήτως,
3545 4445 3700 4507 ὄντος

2132 4539 2228 4592 τοῦ
2277 4541 2490 4608 Πατρδς
2536 4538 2625 4592 ἀεὶ
2657 4539 2891 4608 Πατρδς,
2939 4537 3014 4600 ὼς
3059 4541 3152 4590 καὶ
3183 4536 3447 4605 βασιλέως
3479 4537 3568 4590 ἀεὶ
3604 4545 3700 4591 καὶ

465 4638 614 4684 male
637 4627 888 4699 jugulare
911 4646 1019 4684 non
1046 4630 1344 4684 absurdum
1375 4632 1705 4700 putavimus,
1736 4643 2028 4703 propterea

2135 4632 2408 4703 Σωτῆρος,
2443 4634 2536 4684 καὶ
2563 4630 2793 4700 δυνάμει
2829 4630 3008 4682 πάντα
3036 4631 3210 4703 δντος,
3241 4628 3326 4680 άεί
3352 4645 3412 4681 τε
3443 4629 3586 4682 κατὰ
3630 4632 3701 4682 τά

463 4723 610 4790 quod
659 4736 852 4776 omnes
890 4722 1273 4799 profiteantur,
1315 4738 1442 4778 eum
1491 4739 1612 4778 esse
1660 4724 1861 4779 Filium
1909 4726 2028 4792 Dei,

461 4818 630 4870 etiam
690 4826 816 4870 ante
865 4815 1202 4870 nativitatem
1257 4815 1560 4870 secundum
1615 4831 1857 4871 carnem.
1909 4817 2028 4872 Jam

459 4923 597 4963 vero
643 4917 696 4962 et
739 4908 836 4962 Dei
885 4907 1296 4964 amantissimus
1349 4910 1651 4977 imperator
1699 4908 2029 4979 professioni

462 5002 634 5057 inseri
681 5000 930 5061 curavit.
974 4999 1136 5055 Juxta
1183 4999 1424 5053 divinam
1475 5001 1623 5055 illius
1661 5000 2028 5066 nativitatem,

461 5105 592 5150 ante
642 5095 829 5151 om’nia
877 5095 1031 5148 illum
1083 5093 1349 5148 exsistere
1396 5094 1616 5148 sacula.
1667 5093 1802 5148 Cum
1856 5094 2022 5147 etiam

462 5190 786 5260 priusquam
811 5195 936 5243 actu
959 5189 1300 5258 gigneretur,
1327 5186 1569 5256 potentia
1591 5185 1758 5239 fuerit
1787 5185 1841 5239 in
1868 5184 2026 5239 Patre

461 5281 746 5352 ingenito,
797 5279 958 5336 Patre
1011 5294 1230 5348 semper
1263 5280 1568 5334 exsistente
1613 5275 1812 5342 Patre,
1861 5277 2025 5333 sicuti

403 5399 414 5409 -
461 5386 683 5441 quoque
716 5386 844 5441 rege
876 5385 1094 5440 semper
1123 5380 1181 5426 et
1210 5371 1531 5426 Salvatore:
1565 5370 1805 5438 potentia
1839 5369 2026 5422 omnia

459 5463 784 5523 cxsistente,
817 5476 1143 5531 semperque
1171 5461 1474 5516 secundum
1508 5460 1698 5514 eadem
1729 5468 1786 5514 et
1829 5459 2028 5513 simili-

463 5565 546 5607 ter
581 5568 639 5606 se
674 5553 930 5606 habente.
963 5551 1088 5605 Hac
1120 5551 1300 5614 vobis,
1342 5550 1674 5612 charissimi,
1714 5548 2026 5604 necessario

2129 4724 2272 4776 αὐτὰ
2298 4726 2391 4776 καὶ
2419 4723 2683 4784 ὡσαύτως
2715 4720 2952 4791 ἔχοντος.
2986 4720 3168 4772 Ταῦτα
3219 4721 3348 4790 ὑμῖν
3381 4720 3697 4787 ἀναγκαίως

2129 4813 2574 4884 διεπεμψάμεθα,
2605 4813 2903 4882 ἀγαπητοὶ,
2932 4811 3002 4864 τά
3029 4813 3330 4881 κεκριμένα
3364 4812 3464 4880 τῆς
3493 4813 3697 4880 ἡμετέ-

2133 4923 2231 4974 ρας
2261 4904 2561 4970 ἐξετάσεώς
2589 4921 2648 4958 τε
2689 4905 2785 4958 καὶ
2814 4905 3295 4972 συγκαταθέσεως,
3327 4904 3536 4972 φανερὰ
3568 4903 3722 4957 καθ--

2109 4999 2380 5068 ,ιστάντες
2400 5012 2415 5028 ο
2445 4997 2522 5060 ὡς
2549 4996 2785 5062 εὐλόγως
2815 4998 2946 5050 ποτέ
2981 4998 3079 5066 μὲν
3113 4998 3208 5048 καὶ
3237 4997 3431 5066 μέχρις
3463 4996 3702 5066 ὑστάτης

2133 5088 2280 5159 ὥρας
2326 5089 2626 5157 ίστάμεθα,
2672 5090 2968 5160 ὃθενήμϊν
3014 5088 3084 5141 τά
3114 5087 3369 5157 ἐτεροίως
3418 5089 3700 5156 γραφέντα

2135 5183 2480 5252 προσέκοπτε
2513 5198 2528 5212 ο
2557 5182 2680 5234 τότε
2721 5181 2779 5234 δέ
2807 5180 3170 5250 ἀφιλονείκως
3202 5180 3273 5232 τὰ
3304 5178 3381 5249 μὴ
3422 5179 3700 5231 λυποῦντα

2132 5273 2565 5343 καταδεξάμεθα,
2595 5273 2675 5327 ὅθ’
2707 5273 2837 5344 ἡμῖν
2869 5271 3234 5342 εὐγνωμόνως
3261 5271 3372 5324 τῶν
3403 5271 3576 5339 λόγων
3615 5270 3702 5334 ἐξ·

2131 5367 2382 5432 στάζουσι
2431 5369 2529 5436 την
2577 5368 2833 5436 διάνοιαν,
2895 5368 3117 5438 ἐμφανῆ
3178 5366 3498 5436 σύμπραξιν
3551 5367 3697 5435 ἔχειν

2126 5459 2275 5523 εδοξε
2328 5463 2442 5522 τοῖς
2491 5459 2580 5527 ὑφ’
2630 5459 2791 5528 ἡμῶν
2841 5457 3022 5512 αὐτῶν
3073 5459 3132 5510 ἐν
3179 5460 3250 5526 τῇ
3298 5457 3697 5528 προεκτεθείσῃ

2133 5551 2312 5603 πίστει
2341 5551 2803 5621 ὡμολογημένοις.
2841 5569 2861 5600 ι

462 5644 853 5713 perscribenda
885 5648 1221 5714 putavimus,
1251 5655 1311 5698 ut
1341 5659 1460 5714 qua
1498 5643 1939 5712 disquisitionem
1983 5653 2038 5696 et
2073 5644 2445 5699 assensionem
2508 5654 2750 5699 nostram
2812 5642 3108 5698 subsecuta
3132 5644 3242 5696 sint
3268 5641 3488 5696 decreta
3513 5637 3696 5692 decla-

466 5757 686 5807 rarem,
737 5753 793 5798 et
833 5742 1060 5813 pulchre
1111 5743 1348 5812 primum
1393 5741 1614 5811 quidem
1668 5741 1732 5794 ad
1785 5739 2030 5792 ultimam
2073 5755 2248 5810 usque
2299 5742 2489 5795 horam
2529 5743 2745 5796 stetisse
2776 5755 2876 5794 nos
2918 5739 3330 5810 intelligeretis,
3402 5749 3528 5791 cum
3593 5747 3696 5788 nos

535 5909 611 5980 (1)
645 5909 698 5963 In
733 5909 815 5963 his
855 5916 936 5964 cst
967 5908 1217 5966 Justinus
1245 5909 1464 5978 Martyr.
