4062 6560
326 459 400 529 89
1263 463 1868 526 ΕαϊιΕδιΑδΤιΟίΕ
1907 468 1938 526 ἒ

2036 460 2302 527 ,ΤΟΒΙᾸΞ
2344 469 2492 534 LlB.
2533 469 2710 532 VIII.
2950 477 2954 482 ’
3536 463 3610 530 90

330 579 401 630 ab
444 574 568 630 aliis
617 574 778 629 aliter
836 571 1039 642 scripta
1091 572 1475 629 oﬁ‘enderent:
1527 574 1728 633 deinde
1782 590 1914 629 vero
1953 578 2328 633 contentionis
2399 580 2586 634 studio
2660 579 2900 651 abiecto,
2931 593 2995 634 ea
3031 594 3153 650 qua:
3183 593 3284 634 nos
3315 575 3452 633 nihil
3485 594 3610 649 per-

332 669 631 723 turbarent
657 667 980 736 complexos
1003 680 1150 730 esse,
1182 681 1308 720 cum
1339 667 1499 722 nobis
1525 668 1760 738 benigne
1828 669 2125 724 verborum
2199 674 2531 728 sententiam
2579 672 2988 744 inquirentibus
3010 714 3026 739 ,
3095 673 3446 727 manifestum
3502 673 3602 724 lia-

333 764 467 818 bere
501 777 836 818 consensum
876 761 1202 817 viderentur
1233 777 1358 816 cum
1390 764 1472 816 eis
1506 780 1628 832 quae
1661 765 1715 817 in
1753 764 1856 819 fide
1891 781 1920 818 τι
1961 767 2123 821 nobis
2156 769 2311 838 prius
2347 773 2628 842 proposita
2661 771 2892 841 professi
2925 771 3228 826 fueramus.
3269 790 3288 822 ι
3427 773 3430 778 ’

417 860 504 921 Ὦς
542 857 642 924 μὲν
669 853 763 910 οὖν
806 857 869 909 οὐ
903 857 1219 927 πρόσφατος
1252 857 1285 926 ἡ
1320 857 1412 909 τοῦ
1447 859 1740 925 ὁμοουσίου
1780 858 1925 924 λέξις

2103 862 2310 918 Verum
2367 865 2650 921 enimvero
2705 864 3194 921 consubstantialis
3248 879 3436 918 vocem
3492 879 3604 916 non

339 953 445 1006 ὒττδ
471 952 581 1003 τῶν
604 949 862 1019 τηνικάδε
895 948 1401 1019 συναθροισθέντων
1432 953 1690 1017 φανεῖσα,
1719 951 1839 1004 ἀλλ’
1862 953 1928 1004 ὲκ

337 1045 552 1099 πολλῶν
596 1044 701 1114 ήδη
731 1042 842 1096 τῶν
887 1041 1099 1113 χρόνων
1137 1043 1324 1111 σοφοῖς
1358 1059 1470 1094 τισι
1523 1043 1806 1112 Πατράσιν
1838 1043 1929 1110 ἐξ-

339 1137 649 1208 ευρημένη,
680 1134 960 1205 ἀριδήλως
999 1134 1286 1204 ἐσήμανεν
1314 1135 1343 1186 ὁ
1388 1134 1672 1197 Εὐσέϐιος.
1712 1136 1822 1190 Καὶ.
1845 1137 1929 1190 ὅτι

338 1233 495 1300 κοινῇ
526 1227 820 1298 συμφωνία
845 1227 1044 1286 πάντες
1065 1224 1144 1294 τῷ
1164 1225 1440 1296 ὁμοουσίῳ
1467 1227 1926 1296 συνεψηφίσαντο,

341 1322 418 1386 ὡς
447 1322 617 1383 αὐτὸς
666 1318 864 1389 μικρὸν
902 1317 1112 1372 ἄνωθεν
1152 1318 1506 1389 παρεθέμην·
1548 1319 1584 1374 ἃ
1614 1324 1711 1375 καὶ
1759 1321 1932 1376 ans-

340 1415 462 1478 σιος
504 1417 564 1466 ὲν
600 1413 680 1483 τῷ
712 1411 817 1478 Εἱς
867 1413 977 1464 τὸν
1007 1409 1159 1474 ,ϐίον
1213 1413 1678 1469 Κωνσταντίνου
1741 1415 1929 1485 σαφῶς

341 1509 610 1579 παριστᾷ.

869 1732 873 1733 ν
913 1703 1170 1765 ΚΕΦᾹΛ.
1230 1709 1360 1767 KI".

301 1877 306 1882 _
370 1814 457 1879 Ως
469 1814 585 1887 -καὶ
613 1815 670 1868 οι
695 1816 1178 1887 τελευτήσαντες
1200 1818 1312 1873 δύο
1359 1819 1620 1887 Πατέρες
1653 1818 1763 1873 τὸν
1787 1817 1930 1886 ὅρον

417 1885 831 2007 ζυγόδου
855 1887 1244 1957 ὑπέγραψαν,
1268 1885 1624 1958 Χρύσαν-θος
1643 1892 1743 1945 καί
1773 1885 1932 1944 Μου-

497 1973 511 2005 )
554 1977 568 2005 ι
611 1975 662 2007 (‘-

497 1973 662 2020 irtoc.

423 2071 495 2128 '0
531 2073 589 2126 δὲ
617 2075 813 2142 γέγονε
845 2073 1156 2143 παράδοξον
1201 2076 1259 2128 ὲν
1293 2075 1358 2146 τῇ
1390 2071 1484 2129 τοῦ
1524 2075 1684 2144 ἁγίου
1724 2076 1929 2147 συμϐό-

346 2163 444 2219 λου
476 2166 796 2236 ὕπογραφῇ,
826 2168 924 2220 οὐκ
959 2169 1190 2237 ἄκαιρον
1223 2170 1434 2234 γένοιτο
1459 2169 1818 2224 διελθεῖν.Ἐν
1851 2169 1929 2238 τῷ
1962 2203 2006 2263 Β

350 2258 561 2328 μεταξὺ
611 2260 708 2311 τοῦ
738 2258 934 2328 χρόνου
987 2259 1087 2329 τῆς
1131 2260 1417 2331 συνοδικῆς
1461 2261 1796 2325 τελειώσεως
1838 2261 1934 2316 δύο

347 2353 505 2414 τινὰς
543 2351 653 2403 τῶν
704 2351 1022 2405 ἐπισκόπων
1060 2340 1258 2424 συνέϐη
1314 2353 1407 2408 τὸν
1452 2353 1567 2424 βίον
1615 2356 1929 2423 ἀπολιπεῖν,

353 2443 526 2513 μήπω
553 2443 634 2513 τῷ
684 2445 836 2514 τόμῳ
874 2445 974 2505 τὰς
1013 2445 1338 2516 ὑπογραφάς
1378 2448 1723 2518 ἐνθεμένους.
1774 2449 1832 2503 '0
1876 2445 1932 2504 δὲ

347 2532 538 2598 λοιπὸς
565 2536 675 2587 τῶν
711 2535 971 2603 Πατέρων
999 2537 1221 2605 ὅμιλος,
1259 2540 1353 2592 ἐπὶ
1380 2530 1442 2592 τδ
1473 2541 1650 2594 κοινὸν
1683 2541 1786 2606 τῆς
1819 2558 1933 2598 κοι-

352 2628 574 2698 μήσεως
588 2628 788 2697 χωρίον
805 2628 1103 2698 γενόμενοι,
1128 2629 1319 2702 ὥσπερ
1341 2631 1404 2701 δὴ
1428 2632 1564 2694 ζῶσι
1592 2617 1685 2685 καὶ
1719 2635 1934 2704 ἀκροω-

351 2721 540 2790 μανοις
569 2721 929 2790 περιστάντες
964 2721 1027 2774 τὸ
1062 2722 1273 2792 μνῆμα,
1302 2723 1592 2795 τδν”τόμον
1619 2725 1712 2778 ἐπὶ
1748 2728 1933 2796 χεῖρας

348 2812 633 2882 φέροντες,
669 2813 773 2865 Τὸν
823 2812 987 2866 καλὸν
1017 2813 1239 2880 ἀγῶνα,
1274 2810 1467 2879 εἷπον,
1498 2817 1630 2870 θεῖοι
1665 2819 1932 2889 Πατέρες,

348 2907 453 2958 σὺν
492 2908 624 2974 ἡμῖν
658 2906 1004 2975 ἡγωνίσασθε
1026 2924 1041 2939 ·
1091 2907 1182 2961 τὸν
1225 2907 1426 2979 δρόμον
1466 2911 1752 2964 ὲτελέσατε
1783 2929 1797 2942 ο
1830 2911 1933 2982 τὴν

348 2999 539 3051 πίστιν
567 3000 895 3069 ἑτηρήσατε.
928 3000 991 3053 El
1023 2999 1205 3054 τοίνυν
1245 3001 1357 3054 δεῖν
1395 2998 1535 3057 εἶναι
1563 3003 1843 3070 λογίζεσθε
1872 3005 1933 3058 τὸ

351 3091 603 3160 πραχθὲν
641 3090 774 3161 παρ’
813 3094 966 3162 ἡμῖν,
1033 3094 1114 3146 δτι
1147 3111 1211 3159 γε
1260 3095 1352 3148 καὶ
1399 3095 1492 3148 νῦν
1544 3093 1934 3167 καθαρώτερον

351 3183 710 3241 ὲποπτεύετε,
740 3184 931 3255 ἀμέσῳ
957 3186 1023 3254 τῇ
1047 3185 1210 3256 αἴγλῃ
1239 3185 1339 3256 τῆς
1367 3187 1599 3257 Τριάδος
1624 3202 1934 3258 καταστραο

355 3276 645 3342 πετόμενοι,
681 3276 778 3330 σὺν
814 3277 946 3347 ἡμῖν
981 3278 1072 3330 τὸν
1101 3278 1267 3347 τόμον
1298 3279 1698 3348 ὑποσημαίνειν
1732 3279 1931 3350 χρεών.

354 3367 527 3422 Ταῦτ’
550 3368 758 3436 ελεγον,
788 3371 882 3421 καὶ
903 3370 971 3441 τῇ
1003 3368 1150 3439 σορῷ
1177 3369 1269 3422 τδν
1295 3369 1462 3440 τόμον
1493 3370 1934 3442 ὲσφραγιομένον

357 3459 756 3529 παραθέμενοι,
792 3461 852 3514 έν
881 3460 1147 3533 ἀγρύπνῳ
1177 3461 1448 3517 διετέλουν
1474 3463 1645 3517 νυκτί.
1666 3459 1784 3516 Εἴθ’
1806 3463 1935 3534 ἑξῆς

2033 970 2270 1019 novam,
2315 966 2411 1011 aut
2444 957 2513 1012 ab
2545 959 2822 1029 episcopis
2863 957 3058 1012 Nicmae
3097 967 3212 1012 tum
3256 956 3604 1026 congregatis

2032 1049 2273 1118 primum
2311 1049 2582 1118 proditam
2607 1088 2622 1112 ,
2657 1049 2748 1104 sed
2783 1066 2811 1104 a
2847 1051 3033 1103 multis
3069 1061 3228 1104 antea
3265 1051 3423 1102 annis
3451 1065 3479 1101 a
3519 1065 3608 1104 sa-

2030 1139 2316 1209 pientibus
2362 1140 2640 1194 inventam
2683 1152 3114 1210 usurpatamque
3156 1139 3413 1193 Patribus
3459 1154 3605 1204 esse,

1994 1242 2221 1302 aperte
2266 1233 2509 1288 ostendit
2559 1232 2854 1288 Eusebius.
2903 1231 3068 1302 580
3110 1230 3249 1285 Tum
3307 1241 3488 1284 autem
3546 1229 3609 1281 τὺ

2029 1321 2322 1392 ὁμοούσιον
2355 1324 2634 1378 communi
2668 1338 2946 1378 consensu
2983 1322 3354 1392 concordique
3395 1322 3608 1376 calculo

2030 1415 2100 1469 ab
2123 1415 2383 1470 omnibus
2411 1417 2851 1484 comprabatum,
2875 1417 3039 1486 paulo
3061 1426 3186 1471 ante
3212 1416 3328 1486 ipse
3352 1417 3604 1485 exposui,

2029 1506 2084 1561 id
2119 1507 2266 1575 quod
2291 1507 2568 1563 Eusebius
2602 1523 2823 1578 quoque
2852 1507 2908 1562 in
2940 1507 3082 1562 libro
3107 1507 3182 1563 De
3211 1507 3321 1562 vita
3347 1505 3608 1563 Constan-

2033 1601 2136 1655 tini
2168 1601 2484 1656 luculenter
2511 1600 2730 1656 astruit.
3536 1593 3549 1606 ’

2591 1715 2818 1774 CAPUT
2857 1714 3052 1772 XXIII.

2037 1826 2103 1883 Ut
2155 1828 2473 1900 duoﬂetiam
2515 1829 2740 1900 mortui?
2763 1829 2989 1900 episcopi
3042 1837 3091 1900 et
3142 1827 3334 1882 Patres
3383 1827 3607 1900 decretis

2105 1899 2294 1968 synodi
2321 1899 2746 1968 subscripserint,
2782 1899 3140 1970 Chrysanthus
3166 1908 3214 1951 et
3236 1899 3532 1952 Musonius.

2103 2075 2372 2133 Caeterum
2409 2077 2555 2146 quod
2601 2080 2655 2134 in
2703 2079 3107 2148 subscriptione
3139 2078 3309 2134 sancti
3357 2077 3603 2150 Symboli

2033 2169 2246 2239 insigne
2282 2169 2488 2224 accidit
2519 2170 2870 2234 miraculum,
2915 2171 2968 2226 id
3001 2186 3110 2225 non
3151 2170 3604 2240 intempestivum

2033 2262 2202 2316 fuerit
2240 2278 2700 2319 commemorare.
2736 2263 3064 2333 Priusquam
3101 2273 3220 2318 acta
3252 2263 3448 2334 synodi
3487 2278 3610 2333 per-

2031 2355 2346 2418 ﬁcerentur,
2397 2357 2586 2411 evenit
2626 2366 2686 2412 ut
2720 2357 2831 2411 duo
2862 2358 3106 2426 episcopi
3138 2373 3170 2410 e
3211 2358 3322 2410 vita
3361 2366 3488 2412 ante
3523 2357 3607 2411 di-

2033 2449 2337 2504 scesserint
2380 2465 2543 2519 quam
2584 2449 2948 2518 professionis
2976 2451 3100 2505 ﬁdei
3134 2450 3343 2519 scripto
3377 2459 3609 2504 annota-

2035 2543 2242 2597 tionem
2279 2541 2854 2612 subscriptionemque
2891 2558 3047 2598 suam
3095 2541 3504 2612 apposuissent.
3535 2539 3609 2593 At

2036 2635 2247 2702 reliqua
2278 2631 2505 2689 Patrum
2537 2634 2693 2688 turba
2723 2633 2792 2689 ad
2833 2648 3186 2690 communem
3220 2636 3524 2704 sepultura
3551 2641 3610 2686 et

2037 2724 2392 2781 dormitionis
2433 2725 2612 2780 locum
2644 2742 2870 2788 venere,
2903 2736 2959 2781 et
2987 2735 3349 2780 monumento
3386 2726 3607 2780 illorum

2035 2818 2376 2880 assistentes,
2405 2814 2783 2884 scriptumque
2812 2816 2866 2868 in
2890 2816 3144 2870 manibus
3175 2815 3467 2878 habentes,
3489 2824 3611 2868 tan-

2035 2921 2200 2975 quam
2239 2906 2306 2960 ad
2344 2905 2589 2960 viventes
2615 2916 2670 2960 et
2697 2907 3026 2961 audientes:
3060 2906 3270 2961 Bonum
3303 2915 3606 2966 certamen.

2035 2993 2316 3061 dixerunt,
2337 2995 2681 3061 divi‘Patres,
2706 2995 2994 3050 nobiscum
3019 2996 3365 3061 decertastis,
3385 3012 3608 3052 cursum

2038 3088 2532 3160 peregistis,fldem
2558 3089 2838 3144 servastis.
2867 3086 2922 3143 Si
2945 3088 3111 3158 igitur
3131 3089 3383 3144 obtinere
3408 3089 3611 3145 debere

2037 3181 2090 3237 id
2119 3181 2360 3237 censetis
2390 3179 2536 3250 quod
2560 3195 2590 3234 a
2618 3179 2777 3234 nobis
2801 3187 2886 3234 est
2912 3189 3121 3246 actum,
3149 3179 3411 3250 quoniam
3440 3197 3609 3246 nunc,

1994 3321 2000 3327 .
2036 3274 2191 3331 nullo
2235 3272 2564 3344 interposito
2614 3273 2932 3336 obstaculo,
2981 3272 3270 3328 Trinitatis
3313 3274 3612 3343 splendore

2039 3364 2320 3431 illustrati,
2371 3365 2575 3419 clarius
2623 3364 2679 3420 id
2723 3363 3072 3434 perspicitis,
3113 3378 3356 3434 percpus
3400 3374 3481 3420 est
3513 3380 3621 3434 vos

2039 3457 2330 3513 nobiscum
2356 3455 2542 3511 libello
2558 3456 2928 3511 subscribere.
2967 3452 3092 3511 Haec
3125 3456 3429 3517 illidixere.
3449 3466 3506 3512 et
3545 3457 3615 3512 li-

361 3553 684 3618 προσιόντες
713 3552 819 3605 τῶν
849 3552 1156 3622 σφραγίδων
1184 3555 1568 3625 ἐπικειμένων,
1590 3556 1937 3622 ἀνελίξαντες

2039 3552 2242 3607 bellum
2263 3549 2608 3620 obsignatum
2626 3549 2693 3603 ad
2715 3549 2986 3604 tumulum
3007 3549 3336 3618 deposuere.
3361 3560 3610 3606 noctem-

361 3643 454 3697 τὸν
478 3643 642 3714 τόμον
665 3642 821 3714 εὗρον
851 3647 947 3699 καὶ
965 3645 1064 3707 τὰς
1091 3645 1317 3700 ἐκείνων
1347 3647 1673 3718 ὑπογραφὰς
1691 3647 1939 3717 ὲνταγεί-

363 3754 464 3801 σας
491 3739 615 3800 ταῖς
642 3737 884 3804 λοιπαῖς,
912 3738 1117 3810 νεαρὰς
1137 3738 1241 3804 ἔτι,
1269 3739 1898 3810 ταῦτα.διαγορευούσας
1918 3757 1935 3774 ο

361 3831 685 3902 Χρύσανθος
727 3832 823 3884 καὶ
873 3831 1193 3896 Μουσώνιος
1224 3833 1271 3885 οἱ
1314 3834 1454 3902 μετὰ
1509 3833 1622 3884 τῶν
1677 3832 1939 3902 Πατέρων

361 3924 585 3977 πάντων
623 3925 1083 3994 δμοφωνήσαντες
1139 3927 1198 3978 έν
1235 3927 1300 3995 τῇ
1343 3924 1476 3996 ἁγίᾳ
1506 3924 1697 3997 πρώτῃ
1735 3925 1830 3978 καὶ
1861 3925 1941 3977 oi-

362 4017 665 4085 κουμενικῇ
695 4015 898 4085 συνόδῳ
926 4017 990 4086 τῇ
1041 4016 1098 4067 ὲν
1129 4014 1358 4086 Νικαίᾳ,
1387 4016 1436 4068 εί
1489 4015 1588 4069 καὶ
1616 4005 1696 4083 τῷ
1724 4012 1938 4082 σώματι

366 4108 740 4178 μετέστημεν,
781 4107 897 4160 ἀλλ’
944 4102 1039 4160 οὖν
1087 4107 1266 4179 οἰκείᾳ⁴
1310 4106 1458 4177 χειρὶ
1506 4107 1597 4159 τὸν
1637 4107 1803 4176 τόμον
1843 4107 1940 4159 καὶ

364 4201 530 4270 ἡμεῖς
577 4201 680 4253 ὑπε
689 4198 1039 4270 ργράψαμεν.

949 4494 1198 4550 ΚΕΦΑΔ.
1241 4495 1368 4550 KA'.

383 4609 592 4663 Ὀποῖα
651 4607 748 4660 καὶ
811 4607 850 4670 ἡ
901 4607 1040 4674 ἁγία
1073 4598 1945 4674 σύνοδοςμτῇγἋλεξαγδρέων

494 4680 763 4748 ἔγραψεν
792 4669 1131 4741 Ἐκκλησία
1164 4677 1296 4742 περὶ
1323 4669 1817 4742 ὤν’ίδιεπράξατο.

453 4792 518 4844 Ἥ
555 4792 609 4844 δὲ
642 4790 855 4848 σύνοδος
881 4783 948 4840 τὰ
976 4789 1343 4856 πεπραγμένα
1367 4791 1430 4858 τῇ
1451 4805 1510 4839 τε
1543 4787 1942 4856 Ἀλεξανδρείᾳ,

2039 3659 2146 3716 que
2167 3652 2334 3698 totam
2357 3641 2664 3699 insomnem
2686 3659 2869 3715 egere.
2885 3641 3160 3698 Postridie
3181 3657 3311 3697 vero
3331 3642 3399 3697 ad
3428 3643 3607 3696 locum

2039 3752 2164 3791 cum
2209 3735 2460 3799 rediere,
2505 3735 2655 3805 signa
2690 3737 2952 3792 inviolata
2997 3737 3291 3800 invenere,
3321 3744 3377 3792 et
3417 3735 3612 3790 libello

2039 3826 2315 3897 explicato
2357 3825 2795 3896 subscriptiones
2838 3827 3055 3882 illorum
3093 3826 3325 3896 reliquis
3371 3827 3616 3880 insertas

2039 3931 2385 3988 cognovere,
2436 3925 2690 3971 recentes
2744 3916 2927 3973 adhuc
2982 3917 3037 3972 in
3089 3919 3207 3973 haec
3261 3916 3430 3970 verba
3481 3930 3613 3972 con-

2038 4018 2268 4079 ceptas:
2306 4009 2688 4081 Chrysanthus
2723 4019 2780 4066 et
2818 3993 3120 4072 Musonius.
3154 4009 3246 4078 qui
3277 4024 3400 4063 cum
3433 4007 3612 4062 Patri-

2042 4101 2148 4156 bus
2185 4100 2441 4155 omnibus
2467 4100 2523 4153 in
2546 4109 2734 4154 sancta
2751 4098 2928 4169 prima
2952 4107 3007 4154 et
3035 4099 3374 4154 mcumenica
3394 4098 3612 4152 Nicana

2042 4193 2253 4264 synodo
2296 4193 2710 4257 consensimus,
2752 4189 3002 4261 quamvis
3050 4205 3284 4260 corpore
3333 4190 3606 4254 translati,

2043 4299 2210 4340 manu
2268 4292 2450 4338 tamen
2504 4283 2728 4354 propria
2784 4295 2887 4336 nos
2947 4294 3170 4350 quoque
3229 4279 3418 4334 libello
3478 4279 3614 4334 sub-

2043 4378 2390 4447 scripsimus.

2501 4483 2660 4558 591
2700 4484 2924 4541 CAPUT
2963 4482 3158 4539 xxxv.

2045 4601 2176 4670 Quae
2225 4604 2340 4670 ipsa
2409 4608 2592 4653 sancta
2641 4598 2897 4670 synodus_
2927 4596 3614 4670 Alexandrinmscripseril

2306 4671 2554 4729 Ecclesiae
2589 4672 2652 4722 de
2691 4671 2841 4722 rebus
2880 4667 2936 4721 in
2964 4668 3164 4736 synodo
3193 4667 3370 4736 gestis.

2119 4788 2373 4860 Synodus
2402 4795 2584 4840 autem
2633 4793 2753 4839 acta
2781 4799 2878 4837 sua
2922 4783 3305 4845 Alexandriae,
3353 4781 3610 4852 Egypto,

373 4885 470 4936 καὶ
503 4883 783 4952 Αἰγύπτῳ,
833 4880 1009 4951 Λιϐύῃ
1045 4897 1105 4932 τε
1153 4880 1246 4932 καὶ
1296 4879 1627 4931 Πενταπόλει
1666 4877 1790 4931 τάδε
1841 4879 1938 4930 ὰπ-

2055 4881 2234 4951 Libya:
2292 4888 2349 4932 et
2416 4876 2741 4946 Pentapoli,
2804 4874 3006 4928 litteris
3049 4873 3118 4927 ad
3189 4873 3334 4926 hunc
3385 4873 3610 4925 modum

371 4978 581 5028 έστειλε
620 4976 919 5044 γράψασα·
965 4993 984 5024 ι
1029 4972 1105 5043 Τῇ
1159 4973 1290 5042 ἁγίᾳ
1320 4969 1453 5023 Θεοῦ
1493 4973 1676 5038 χάριτι
1727 4970 1941 5044 μεγάλῃ

385 5068 778 5137 Ἀλεξανδρέων
809 5065 1126 5134 Ἐκκλησία,
1151 5066 1243 5116 καὶ
1268 5067 1380 5124 τοῖς
1405 5064 1520 5114 κατ’
1546 5063 1823 5129 Αἴγυπτον
1846 5063 1940 5114 καὶ

370 5162 582 5228 Διϐύην
615 5160 710 5214 καὶ
755 5158 1093 5214 Πεντάπολιν
1125 5157 1436 5224 ἀγαπητοῖς
1470 5153 1744 5221 ἀδελφοῖς,
1791 5153 1840 5204 οἱ
1882 5155 1942 5205 ὲν

372 5257 581 5326 Νικαίᾳ
636 5252 1016 5322 συναχθέντες,
1074 5249 1173 5303 καὶ
1209 5247 1308 5314 τὴν
1359 5247 1606 5316 μεγάλην
1646 5248 1742 5298 καὶ
1781 5247 1943 5313 ἁγίαν

375 5348 847 5418 συγκροτήσαντες
880 5343 1121 5405 σύνοδον,
1146 5343 1204 5394 ὲν
1227 5340 1418 5410 Κυρίῳ
1452 5340 1686 5408 χαίρειν.
1722 5337 1943 5402 Ἐπειδὴ

372 5439 478 5509 τῆς
511 5437 608 5491 τοῦ
638 5436 773 5490 Θεοῦ
807 5435 1032 5506 χάριτος
1068 5433 1163 5486 καὶ
1203 5429 1300 5483 τοῦ
1348 5429 1767 5496 θεοφιλεστάτου
1797 5427 1948 5496 βασι-

372 5536 512 5598 λέως
531 5532 942 5587 Κωνσταντίνου
963 5526 1454 5596 συγκροτήσαντος,
1468 5522 1766 5587 ὲξάπαντος
1782 5523 1945 5586 ἀναγ-

378 5627 532 5678 καῖον
561 5623 737 5692 ἐφάνη
765 5620 918 5688 παρὰ.
939 5621 1039 5688 τῆς
1061 5619 1212 5688 ἱερᾶς
1247 5614 1468 5670 συνόδου
1499 5616 1592 5666 καὶ
1631 5610 1767 5680 πρὸς
1802 5609 1946 5676 ὑμᾶς

377 5715 736 5784 ἔπισταλῆναι
755 5713 1086 5783 γράμματα,
1125 5709 1194 5762 ἶν’
1225 5706 1423 5760 ειδέναι
1464 5705 1664 5774 ἔχοιτε,
1704 5701 1828 5753 τίνα
1850 5699 1949 5784 μέν

379 5808 606 5878 ἐκινήθη
637 5783 734 5860 καὶ
762 5803 1060 5873 ἐξητάσθη,
1085 5801 1207 5855 τίνα
1237 5799 1293 5852 δὲ
1322 5797 1466 5854 ἔδοξε
1488 5797 1582 5849 καὶ
1603 5783 1911 5864 ἐκρατύνθη
1936 5807 1948 5819 ·

2049 4974 2404 5046 perscripsit:
2448 4970 2663 5025 Sancta:
2701 4979 2757 5023 et
2799 4982 3007 5036 magna:
3036 4966 3131 5020 Dei
3173 4966 3346 5032 gratia
3375 4964 3614 5017 Alexan-

2049 5068 2332 5122 drinorum
2377 5062 2667 5124 Ecclesiae,
2715 5070 2771 5114 et
2815 5061 2910 5129 qui
2945 5060 3000 5112 in
3043 5057 3297 5127 Egypto,
3343 5055 3512 5126 Libya
3553 5063 3612 5113 et

2051 5155 2332 5224 Pentapoli
2377 5163 2537 5214 sunt,
2569 5152 2787 5207 dilectis
2821 5151 3102 5206 fratribus.
3130 5149 3225 5217 qui
3260 5149 3452 5202 Nic-asa:
3480 5164 3615 5202 con-

2053 5248 2281 5319 gregati,
2307 5262 2556 5316 magnam
2587 5255 2644 5299 et
2668 5252 2910 5299 sanctam
2939 5240 3289 5295 celebrarunt
3313 5241 3610 5311 synodum,

2048 5342 2101 5394 in
2135 5338 2367 5392 Domino
2409 5338 2664 5391 salutem.
2708 5333 3164 5402 Quandoquidem
3204 5334 3390 5388 divina
3435 5333 3612 5402 gratia

2048 5441 2104 5486 et
2149 5431 2262 5484 Deo
2303 5428 2662 5484 dilectissimo
2701 5426 3034 5495 imperatore
3071 5425 3438 5482 Constantino
3483 5441 3618 5480 con-

2041 5530 2322 5590 gregante,
2361 5520 2584 5572 omnino
2623 5517 2998 5572 necessarium
3039 5518 3217 5570 visum
3257 5529 3366 5578 est,
3398 5533 3611 5571 sacram

2043 5609 2311 5680 synodum
2340 5607 2407 5661 ad
2440 5621 2538 5660 vos
2563 5605 2695 5660 dare
2725 5605 2960 5670 litteras,
2988 5617 3048 5660 ut
3087 5607 3396 5674 intelligere
3426 5606 3611 5675 possi-

2046 5701 2138 5760 tis.
2174 5712 2299 5751 cum
2327 5711 2450 5765 quac
2479 5695 2554 5750 ibi
2587 5695 2641 5749 in
2675 5697 3036 5766 quaestionem
3073 5705 3130 5750 et
3159 5696 3605 5766 disquisitionem

2049 5804 2272 5852 venere,
2317 5796 2431 5842 tum
2475 5803 2597 5855 quae
2627 5787 2849 5844 decreta
2887 5789 3206 5858 sancitaque
3239 5798 3389 5842 sunt.
3422 5788 3615 5855 Itaque

363 5900 608 5970 πρῶτον
644 5899 744 5968 μὲν
769 5891 863 5951 οὖν
903 5896 962 5962 ἐξ
1000 5895 1260 5949 ἁπάντων
1290 5890 1566 5960 ἐξητάσθη
1597 5887 1666 5940 τὰ
1693 5885 1832 5939 κατὰ
1857 5885 1938 5954 τηε

2053 5882 2270 5946 scitote,
2305 5878 2480 5950 primo
2509 5880 2755 5936 omnium
2780 5879 3100 5950 inquisitum
3122 5896 3242 5937 esse
3274 5881 3328 5936 in
3353 5881 3600 5951 impieta-
