4062 6548
454 423 518 487 91
1670 422 2091 485 NICEPHORI
2127 424 2476 486 CALLISTI

3637 422 3712 485 92

456 554 565 596 tetu
608 547 664 593 et
703 537 1210 608 prmvarirationuﬂ
1250 538 1363 591 Arii
1399 546 1848 608 sectatorumquc
1880 542 2061 615 ejus,‘

2162 540 2393 593 ,eé6etav
2429 538 2524 593 καὶ
2562 538 2665 608 τὴν
2698 536 3051 609 παρανομίαν
3092 536 3305 606 Ἀρείου
3338 537 3433 591 καὶ
3466 535 3577 592 τῶν
3620 538 3723 592 σὺν

450 643 507 686 et
537 631 589 683 in
624 630 915 699 praesentia
962 627 1055 682 Dei
1083 627 1451 684 amantissimi
1494 628 1849 698 imperatoris
1882 629 2025 684 Con-

454 723 713 782 stantini,
744 720 1219 777 consentientibus
1267 719 1515 774 omnium
1550 721 1873 781 sententiis.
1910 720 2025 791 pia-

452 816 623 869 citum
655 823 716 866 ut
761 811 1107 865 anathemate
1151 810 1319 880 impia
1363 811 1484 880 ejus
1530 810 1721 880 opinio
1763 819 1822 867 et
1860 826 2028 867 voces

457 919 622 978 atque
670 905 839 959 verba
890 903 1203 973 blasphema
1253 903 1777 968 condemnarentur,
1825 904 2032 974 quibus

456 999 546 1052 ille
574 997 773 1052 Filium
803 997 901 1051 Dei
932 995 1320 1065 blasphemans
1350 1010 1487 1049 usus
1508 1003 1615 1061 est,
1637 1011 1705 1050 ex
1740 1010 1849 1050 non
1881 994 2031 1050 exsi-

454 1088 729 1144 stcntibus
776 1087 927 1141 illum
977 1100 1100 1140 esse
1138 1085 1366 1147 dicens,
1407 1093 1464 1140 et
1507 1084 1681 1140 fuisse
1727 1080 2031 1155 aliquando

457 1188 677 1250 tempus
717 1193 841 1234 cum
879 1193 989 1233 non
1027 1174 1217 1241 fuerit,
1260 1185 1317 1230 et
1352 1173 1573 1230 arbitrii
1618 1173 1878 1231 libertate
1911 1174 2031 1231 vitii

453 1270 792 1342 virtutisque
838 1280 1093 1341 capacem
1136 1281 1262 1325 esse
1316 1265 1522 1322 Filium
1574 1265 1673 1321 Dei
1722 1273 2034 1323 creaturam

456 1362 710 1420 eumdem
737 1370 794 1418 et
821 1359 1087 1419 facturam
1116 1357 1434 1416 nominans.
1467 1358 1598 1426 Quae
1625 1357 1815 1413 omnia
1843 1365 2037 1413 sancta

459 1455 704 1528 synodus
748 1453 1091 1509 anathemati
1136 1451 1412 1524 subjecit,
1463 1468 1527 1507 ne
1570 1450 1764 1506 audire
1809 1448 2038 1521 quidem

460 1549 682 1620 impiam
710 1548 1050 1619 Opinionem,
1083 1546 1285 1601 mentis
1326 1544 1642 1600 vecordiam
1675 1544 2028 1613 blasphema-

461 1658 570 1715 que
594 1643 713 1713 eius
746 1641 911 1696 verba
941 1640 1242 1694 sustinens.
1283 1641 1459 1709 Atque
1495 1637 1756 1706 equidem
1791 1652 1879 1691 res
1916 1635 2041 1703 ejus

462 1748 625 1805 quem
663 1743 974 1788 consecuta:
1013 1731 1125 1785 sint
1161 1730 1395 1794 exitum,
1441 1740 1539 1783 aut
1576 1729 1688 1799 jam
1722 1727 2040 1787 audivistis.

462 1835 556 1878 aut
586 1833 734 1879 certe
769 1823 1030 1888 audietis,
1063 1836 1132 1876 ne
1166 1820 1435 1875 insultare
1468 1835 1569 1874 nos
1597 1819 1810 1873 homini
1846 1817 2040 1881 videa-

2130 630 2282 700 αὖτῷ
2302 647 2316 662 ·
2349 631 2444 683 καὶ
2471 628 2566 682 ἐπὶ
2590 627 2867 700 παρουσίᾳ
2895 629 2991 682 τοῦ
3014 628 3432 697 θεοφιλεστάτου
3457 628 3725 699 βασιλέως

2130 721 2549 776 Κωνσταντὶνου
2615 719 2795 785 ἔδοξεν
2834 719 3344 789 ἁναθεματισθῆναι
3381 720 3483 791 τὴν
3539 719 3722 790 ἀσεϐῆ

2139 815 2306 868 αὑτοῦ
2353 815 2533 881 δόξαν,
2587 815 2684 868 καὶ
2729 792 3056 884 τίρήματα
3093 814 3188 868 καὶ
3242 814 3310 868 τὰ
3363 814 3614 882 ὀνόματα
3653 815 3727 868 τὰ

2134 907 2436 978 βλάσφημα
2476 901 2557 970 οἷς
2614 906 2885 978 ἐκέχρητο
2930 905 3274 976 βλασφημῶν
3311 907 3404 961 τὸν
3456 907 3588 960 Υίὸν
3623 906 3721 960 τοῦ

2132 998 2291 1064 Θεοῦ,
2319 1002 2413 1054 καλ⁵
2438 1000 2615 1069 λέγων
2646 1000 2812 1052 αὐτὸν
2839 997 2901 1063 ἐξ
2936 999 3036 1051 οὐκ
3067 998 3260 1064 ὄντων,
3291 999 3390 1053 καὶ
3417 995 3563 1052 εἷναί
3589 1015 3726 1052 ποτε

2135 1095 2226 1148 ὅτε
2263 1093 2362 1147 οὐκ
2396 1087 2486 1161 ἦν,
2528 1091 2623 1145 καὶ
2657 1090 3100 1161 αὐτεξουσιότητι
3136 1091 3340 1153 κακίας
3371 1092 3467 1145 καὶ
3520 1092 3727 1161 ἀρετῆς

2134 1185 2384 1242 δεκτικὸν
2404 1185 2496 1239 τὸν
2526 1184 2653 1239 Υίδν
2681 1183 2774 1239 τοῦ
2803 1183 2941 1240 Θεοῦ
2965 1185 3238 1253 λεγοντος,
3272 1184 3366 1240 καὶ
3395 1184 3605 1255 κτίσμα
3626 1186 3724 1238 καὶ

2136 1279 2351 1351 ποίημα
2373 1277 2755 1349 ὀνομάζοντος.
2775 1277 3034 1333 "Attaer
3055 1277 3234 1333 ταῦτα
3263 1278 3660 1349 ἀνεθεμάτισαν
3689 1281 3725 1350 ἡ

2137 1370 2275 1438 ἁγία
2316 1368 2557 1434 σύνοδος,
2588 1367 2716 1422 ob“
2742 1367 2873 1422 ὅσον
2896 1366 3135 1422 ἀκοῦσαι
3166 1368 3264 1439 τῆς
3303 1365 3540 1431 ἀσεϐοῦς
3563 1367 3726 1436 δόξης

2138 1464 2171 1531 ὴ
2216 1459 2477 1524 ἀπονοίας
2514 1458 2748 1515 καὶτῶν
2801 1456 3142 1530 βλασφήμων
3181 1458 3446 1530 ῥημάτων
3487 1459 3721 1525 ἀνασχοο

2131 1553 2303 1625 μελίη.
2333 1552 2445 1607 Καὶ
2474 1552 2543 1607 τά
2575 1553 2678 1622 μέν
2707 1551 2836 1607 κατ’
2883 1552 3094 1606 ἐκεῖνον
3125 1552 3242 1605 οἴου
3278 1550 3465 1612 τέλους
3491 1549 3695 1619 τετῦχη

2142 1663 2264 1707 κεν,
2328 1645 2704 1717 ἢάκηκόατε.
2761 1645 2795 1716 ἢ
2849 1642 3193 1699 ἀκούσεσθεο
3246 1626 3450 1713 ἵναμὴ
3487 1642 3732 1709 δόξωμεν

2146 1733 2504 1800 ἐπεμϐαίνειν
2528 1734 2683 1806 ἀνδρὶ
2704 1734 2775 1788 δι’
2800 1734 3009 1789 οἰκείαν
3046 1733 3325 1804 ἁμαρτίαν
3356 1732 3481 1798 ἄξια
3518 1733 3585 1785 τὰ
3606 1732 3728 1782 ὲπίυ

2145 1842 2307 1895 χειρα
2351 1825 2732 1896 κομισαμένῳ.
2778 1822 3047 1876 Τοσοῦτον
3098 1821 3157 1876 δέ
3208 1821 3427 1890 ίσχυσεν
3477 1819 3643 1873 αὑτοῦ
3699 1822 3730 1889 ι)

465 1933 588 1971 mur
614 1917 707 1985 qui
736 1916 943 1984 peccati
969 1914 1055 1968 sui
1087 1911 1360 1982 condigna
1391 1913 1517 1966 tulit
1548 1913 1796 1982 praemia.
1831 1909 2039 1965 Tanto-

2162 1916 2394 1979 isé6sta,
2428 1915 2504 1978 ὡς
2538 1917 2634 1970 καὶ
2669 1916 3050 1984 παραπολέσαι
3093 1915 3314 1967 Θεωνᾶν
3344 1913 3451 1965 ἀπὸ
3490 1914 3733 1979 Μαρμα-

469 2023 596 2077 pere
619 2016 798 2061 autem
824 2005 1057 2059 invaluit
1079 2004 1201 2071 ejus
1233 2003 1512 2072 impietas,
1542 2012 1601 2057 ut
1627 2002 1789 2055 simul
1823 2016 1946 2055 cum
1976 2015 2045 2055 eo

468 2102 690 2166 pessum
733 2096 899 2150 ierint
937 2094 1199 2149 Theonas
1245 2092 1618 2156 Marmaricm,
1667 2100 1723 2146 et
1758 2091 2049 2147 Secundus

469 2187 854 2255 Ptolemaidis,
900 2188 1191 2258 episcopi:
1238 2201 1364 2240 nam
1407 2194 1464 2240 et
1510 2185 1567 2239 bi
1618 2185 1879 2239 factionis
1923 2185 2047 2255 ejus

469 2284 619 2337 sunt.
652 2279 760 2336 Sed
791 2281 938 2335 enim
966 2292 1092 2333 cum
1120 2294 1215 2347 per
1248 2278 1479 2349 gratiam
1520 2272 1615 2331 Dei
1653 2292 1915 2346 perversa
1954 2275 2046 2331 illa

471 2374 754 2443 opinione,
782 2372 1073 2441 impietate
1099 2379 1155 2426 et
1179 2369 1547 2440 blasphemia,
1588 2383 1696 2424 nec
1726 2384 1835 2423 non
1864 2367 2050 2423 homi-

472 2467 641 2522 nibus
677 2466 761 2521 eis
802 2464 897 2535 qui
927 2464 1259 2519 seditionem
1293 2472 1459 2534 atque
1498 2458 1897 2516 discessionem
1928 2461 2051 2515 ausi

472 2566 607 2614 sunt
647 2557 930 2613 concitare
973 2556 1029 2611 in
1075 2554 1280 2627 populo
1323 2564 1483 2610 antea
1530 2563 1744 2624 pacato,
1781 2548 2052 2625 Egyptus

476 2652 549 2705 sit
591 2648 847 2714 liberata,
879 2656 936 2702 et
980 2647 1266 2702 temeritas
1310 2646 1501 2700 Melitii
1531 2656 1697 2716 atque
1740 2659 1930 2698 eorum
1958 2644 2053 2715 qui

481 2739 551 2793 ab
581 2752 650 2792 eo
675 2746 804 2792 sunt
828 2738 884 2790 in
910 2750 1126 2791 sacrum
1155 2736 1403 2791 ordinem
1432 2736 1697 2805 coeptati,
1724 2732 1904 2789 adhuc
1932 2734 2054 2788 reli-

479 2847 588 2900 qua
614 2830 805 2895 fuerit,
828 2846 951 2900 quae
976 2831 1140 2884 etiam
1165 2845 1333 2900 super
1359 2829 1462 2885 hac
1502 2845 1560 2884 re
1591 2828 1831 2902 synodus
1862 2828 2054 2885 decre-

482 2923 648 2988 verit,
669 2923 846 2987 vobis,
864 2924 1065 2981 fratres
1087 2922 1298 2987 dilecti,
1324 2923 1719 2993 signiﬁcamus.
1750 2920 2056 2978 Constituit

484 3029 721 3084 namque
742 3024 804 3069 ut
829 3014 1069 3070 Melitius
1096 3013 1173 3085 (in
1200 3029 1362 3084 quem
1391 3014 1481 3068 illa
1504 3015 1729 3084 quidem
1754 3011 2055 3067 humanius

486 3107 681 3162 affecta
711 3106 813 3161 fuit
840 3126 853 3161 :
890 3106 1052 3178 582
1081 3123 1301 3162 summo
1327 3108 1473 3161 enim
1507 3109 1630 3177 jure
1657 3108 1862 3162 nullam
1896 3120 2055 3177 pror—

488 3216 584 3255 sus
631 3199 946 3255 merebatur
991 3201 1244 3270 veniam)
1295 3201 1349 3253 in
1403 3204 1625 3255 civitate
1675 3216 1774 3254 sua
1813 3209 2055 3261 maneat,
2087 3241 2132 3301 ϐ

492 3302 818 3365 potestatem
856 3304 1041 3349 autem
1080 3294 1285 3349 nullam
1329 3295 1531 3350 habeat
1561 3298 1647 3351 vel
1679 3294 1942 3366 eligendi,
1978 3295 2061 3350 vel

493 3401 691 3442 manus
722 3387 1048 3459 imponendi
1076 3405 1091 3442 :
1116 3398 1173 3443 et
1212 3395 1272 3443 ut
1302 3404 1487 3459 neque
1519 3389 1570 3445 in
1605 3390 1851 3460 regione,
1885 3405 2067 3460 neque

493 3479 551 3534 iu
597 3479 736 3535 urbe
776 3479 919 3546 alia,
970 3480 1137 3553 hujus
1181 3481 1377 3537 saltem
1428 3481 1511 3537 rei
1558 3483 1731 3553 gratia
1782 3494 2069 3554 appareat,

494 3572 817 3643 nudumque
843 3571 1132 3643 dignitatis
1156 3586 1358 3628 nomen
1386 3572 1620 3629 retineat
1646 3591 1662 3629 :
1694 3582 1749 3629 et
1776 3575 1869 3646 qui
1904 3572 1973 3630 ab
2000 3590 2067 3631 eo

496 3663 554 3717 in
595 3676 811 3719 sacrum
850 3663 1103 3719 ordinem
1147 3664 1279 3720 lecti
1326 3664 1566 3730 fuerant,
1604 3673 1664 3720 ut
1706 3666 1978 3721 arcaniori
2015 3675 2071 3721 et

498 3756 763 3811 sanctiori
801 3756 1152 3812 ordinatione
1182 3756 1509 3823 conﬁrmati,
1534 3759 1600 3812 ad
1629 3761 2069 3814 communionem

500 3844 885 3903 admittamur.
918 3848 1196 3905 Praeterea
1228 3859 1290 3905 ut
1326 3849 1491 3904 liceat
1525 3851 1605 3905 eis
1633 3852 1859 3921 quidem
1891 3851 2070 3906 heuo-

503 3953 624 3994 rcm
686 3940 853 3995 simul
905 3949 961 3995 et
1021 3940 1364 3997 iunctionem
1423 3942 1716 3998 ministerii
1784 3943 2068 3999 obtinere:

425 4045 432 4052 '
500 4031 807 4086 secundum
866 4042 1045 4088 autem
1124 4048 1353 4104 prorsus
1424 4034 1642 4095 locum,
1691 4034 1759 4089 ab
1816 4034 2073 4089 omnibus

505 4127 878 4198 cujuscunque
902 4127 1153 4196 parmciae
1180 4136 1235 4181 et
1259 4127 1506 4183 ecclesiae
1535 4128 1857 4198 exploratis,
1883 4144 1946 4183 ac
1977 4144 2074 4197 per

507 4217 1029 4272 reverendissimum
1084 4215 1314 4273 fratrem
1379 4226 1436 4273 et
1499 4218 1763 4289 collegam
1826 4228 2073 4271 nostrum

507 4308 876 4364 Alexandrum
914 4309 1074 4365 lectis
1106 4319 1271 4379 atque
1306 4309 1631 4380 designatis,
1670 4312 1868 4365 ferant.
1906 4310 2077 4365 Caete-

508 4416 631 4455 rum
672 4410 732 4456 ut
764 4402 914 4456 nulla
948 4402 1031 4457 eis
1063 4402 1136 4457 sit
1172 4403 1407 4457 facultas
1436 4417 1575 4471 quos
1614 4403 1789 4457 visum
1824 4402 1897 4456 sit
1928 4402 2078 4457 desi-

504 4493 734 4564 guandi.
764 4502 860 4548 aut
881 4495 1105 4549 nomina
1134 4508 1326 4549 eorum
1352 4493 1709 4563 subjiciendi,
1732 4503 1828 4548 aut
1850 4494 2076 4548 omnino

2148 2010 2326 2079 ρικῆς,
2358 2009 2453 2061 καὶ
2477 2007 2771 2062 Σεκοῦνδον
2796 2007 2904 2060 ἀπὸ
2936 2006 3299 2073 Πτολεμαΐδος
3320 2020 3332 2034 ·
3356 2004 3466 2058 τῶν
3500 2006 3607 2074 γὰρ
3634 2006 3733 2055 πὺ-

2148 2097 2257 2150 τῶν
2286 2099 2525 2152 κάκεῖνοι
2565 2098 2952 2168 τετυχήκασιν.
3000 2095 3143 2149 Ἀλλ’
3175 2094 3364 2164 ἐπειδὴ
3392 2095 3424 2163 ὴ
3459 2095 3557 2147 τοῦ
3590 2092 3732 2155 Θεοῦ

2147 2193 2310 2262 χάρις
2339 2191 2443 2260 τῆς
2478 2193 2579 2261 μὲν
2608 2190 2932 2257 κακοδοξίας
2960 2188 3180 2259 ἐκείνης
3213 2190 3309 2241 καὶ
3345 2188 3601 2250 ἀσεϐείας
3635 2187 3731 2239 καὶ

2151 2268 2505 2355 βλασφημίας
2556 2285 2651 2339 καὶ
2679 2282 2788 2338 τῶν
2839 2281 3155 2352 προσώπων
3186 2281 3297 2333 τῶν
3340 2280 3732 2348 τολμησάντων

2148 2377 2433 2432 διάστασιν
2462 2379 2556 2432 καὶ
2587 2378 2858 2447 διαίρεσιν
2884 2373 3222 2444 ποιήσασθαι
3250 2371 3347 2426 τοῦ
3381 2370 3741 2441 είρηνευομέ-

2150 2486 2244 2523 νου
2288 2467 2498 2522 ἄνωθεν
2550 2467 2682 2521 λαοῦ
2715 2465 3063 2536 ἠλευθέρωσε
3098 2465 3199 2535 τὴν
3238 2464 3552 2534 Αιγυπτον*
3586 2463 3736 2515 ἐλεί-

2150 2577 2283 2614 πετο
2310 2560 2366 2625 δὲ
2400 2561 2459 2614 τὸ
2492 2560 2633 2614 κατὰ
2661 2560 2760 2629 τὴν
2810 2557 3143 2627 προπέτειαν
3181 2554 3442 2610 Μελιτεου
3475 2556 3570 2606 καὶ
3618 2553 3732 2604 τῶν

2152 2650 2248 2706 ἀπ’
2268 2652 2434 2705 αὑτοῦ
2467 2649 2957 2723 χειροτονηθέντων
2975 2664 2990 2680 ο
3020 2649 3113 2702 καὶ
3138 2648 3268 2715 περὶ
3293 2645 3486 2699 τούτου
3507 2645 3603 2698 τοῦ
3637 2645 3739 2711 μέ-

2156 2764 2281 2816 ρους
2310 2745 2346 2800 ἃ.
2374 2745 2515 2809 εἔδοξε
2543 2747 2611 2814 τῇ
2645 2742 2874 2812 συνόδῳ,
2908 2740 3289 2811 ἐμφανίζομεν
3321 2741 3473 2808 ὑμῖν,
3513 2739 3741 2806 ἀγαπηο

2154 2838 2237 2893 τοὶ
2260 2836 2498 2904 ἀδελφοί.
2524 2835 2741 2902 Ἐδοξεν
2768 2831 2860 2889 οὖν
2890 2834 3169 2900 Μελίτιον,
3197 2832 3741 2902 φιλανθρωποτέρως

2155 2931 2474 3001 κινηθείσης
2496 2930 2596 2998 τῆς
2624 2928 2873 2992 συνόδου,
2896 2927 3039 2980 κατὰ
3063 2925 3173 2998 γὰρ
3203 2927 3296 2981 τὸν
3331 2925 3539 2993 ἀκριϐῆ
3578 2924 3743 2991 λόγον

2155 3019 2411 3089 οὐδεμιᾶς
2454 3013 2789 3084 συγγνώμης
2818 3014 2969 3080 ἄξιος
3015 3007 3112 3082 ἦν,
3150 3012 3335 3082 μένειν
3382 3013 3442 3065 ὲν
3490 3013 3555 3080 τῇ
3586 3009 3742 3062 πόλει

2157 3109 2349 3176 αὐτοῦ,
2383 3114 2475 3162 καὶ
2500 3107 2774 3179 μηδεμίαν
2798 3106 3051 3171 ἐξουσίαν
3073 3104 3221 3175 ἔχειν
3255 3104 3420 3157 αὐτὸν
3453 3103 3593 3173 μήτε
3620 3118 3741 3170 χει-

2166 3200 2424 3274 ροθετεῖν,
2456 3202 2593 3270 μήτε
2624 3197 3074 3270 προχειρίζεσθαι
3094 3213 3110 3229 ο
3137 3199 3278 3267 μήτε
3304 3197 3363 3249 ἐν
3394 3193 3572 3266 χώρᾳ,
3601 3195 3744 3263 μήτε

2166 3296 2224 3347 ἐν
2257 3294 2413 3348 πόλει
2456 3292 2623 3365 ἑτέρᾳ
2665 3290 2953 3361 φαίνεσθαι
3001 3289 3211 3359 ταύτης
3261 3289 3361 3358 τῆς
3411 3286 3746 3357 προφάσεως

2166 3387 2328 3441 ἕνεκα
2353 3402 2367 3416 ο
2404 3386 2561 3453 ψιλὸν
2591 3383 2649 3437 δι
2690 3382 2861 3453 ὄνομα
2897 3383 2998 3450 τῆς
3040 3381 3208 3450 τιμῆς
3241 3375 3545 3445 κεκτῆσθαι
3570 3390 3586 3404 ’
3615 3374 3745 3435 τοὺς

2166 3477 2225 3533 δέ
2260 3479 2356 3533 ὑπ’
2382 3474 2548 3531 αὐτοῦ
2579 3474 3045 3537 κατασταθέντας,
3086 3468 3474 3543 μυστικωτέρᾳ
3502 3482 3749 3537 χειροτο-

2168 3571 2259 3643 viq.
2290 3562 2715 3641 βεϐαιωθέντας,
2752 3565 3083 3635 κοινωνῆσαι
3106 3579 3121 3594 ⁸
3161 3562 3256 3617 ἐπὶ
3295 3561 3531 3623 τούτοις,
3575 3558 3663 3626 ἐφ’
3702 3549 3749 3624 ᾧ

2167 3679 2227 3715 τε
2275 3660 2421 3730 ἐχειν
2458 3660 2655 3723 αὐτοὺς
2687 3659 2786 3729 τὴν
2812 3658 2980 3728 τιμὴν
3009 3658 3105 3709 καὶ
3134 3652 3485 3723 λειτουργίαν
3514 3666 3527 3678 ·
3563 3650 3749 3705 δευτέ-

2173 3770 2300 3824 ρους
2347 3750 2403 3805 δὲ
2448 3750 2749 3815 ἐξάπαντος
2804 3741 2946 3802 εἶναι
3006 3745 3224 3800 πάντων
3271 3744 3379 3797 τῶν
3425 3743 3484 3796 ἐν
3536 3740 3748 3812 ἑκάστῃ

2171 3845 2434 3915 παροικίᾳ
2472 3861 2531 3897 τε
2577 3845 2672 3895 καὶ
2711 3839 2978 3911 ἐκκλησίᾳ
3007 3837 3440 3909 ἐξεταζομένων,
3495 3835 3602 3888 τῶν
3641 3834 3750 3885 ὑπὸ

2172 3936 2265 3989 τοῦ
2313 3934 2645 4006 τιμιωτάτου
2696 3931 2926 4001 ἀδελφοῦ
2973 3933 3069 3984 καὶ
3114 3924 3538 3997 συλλειτουργοῦ
3589 3923 3750 3994 ἡμῶν

2185 4027 2530 4096 Ἀλεξάνδρου
2555 4025 3111 4096 προκεχειρισμένων.
3134 4022 3300 4073 ’Ὥστε
3339 4016 3552 4079 τούτοις
3584 4013 3753 4084 μηδε-

2178 4121 2307 4191 μίαν
2342 4119 2590 4183 ἐξουσίαν
2617 4111 2756 4169 εἴναι
2787 4117 2915 4177 τοὺς
2944 4113 3281 4184 ἀρέσκοντας
3309 4109 3494 4171 αὐτοῖς
3528 4121 3754 4175 προχει-

2181 4211 2446 4284 ρίζεσθαι,
2478 4210 2513 4280 ἢ
2542 4207 2866 4262 ὑποϐάλλειν
2893 4205 3138 4273 ὀνόματα
3159 4242 3175 4267 ,
3205 4202 3239 4273 ἢ
3279 4202 3416 4264 ὅλως
3447 4202 3621 4252 ποιεῖν
3670 4214 3752 4258 τι,

2176 4307 2344 4377 χωρὶς
2375 4302 2602 4370 γνώμης
2632 4299 2742 4353 τῶν
2776 4297 2871 4350 τοῦ
2915 4299 3016 4366 τῆς
3057 4294 3355 4362 καθολικῆς
3416 4287 3750 4357 Ἐκκλησίας

2178 4396 2485 4450 ἐπισκόπου
2538 4392 2648 4446 τῶν
2695 4393 2801 4444 ὑπὸ
2856 4387 3207 4457 Ἀλέξανδρον
3232 4404 3246 4419 ο
3285 4384 3411 4445 τοὺς
3453 4382 3529 4435 δι’
3564 4380 3755 4452 χάριτι

2179 4489 2317 4544 Θεοῦ
2347 4490 2441 4543 καὶ
2461 4487 2647 4557 εὐχαῖς
2677 4483 2972 4554 ὑμετέραις
2997 4485 3057 4535 ἐν
3095 4478 3290 4549 μηδεν)⁸
3316 4477 3575 4546 σχίσματι
3600 4472 3759 4541 εὑρε-

510 4563 747 4640 faciendi
779 4585 1079 4656 quidquam
1107 4596 1308 4658 pra'ter
1340 4586 1628 4642 catholicae
1660 4584 1921 4642 Ecclesiae
1950 4587 2061 4655 epi-

2180 4583 2394 4648 θέντας,
2420 4580 2557 4634 ἀλλὰ
2586 4577 2953 4647 ἀκηλιδώτους
2974 4575 3032 4627 ἐν
3056 4573 3126 4643 τῇ
3156 4567 3422 4639 καθολικῇ
3451 4563 3757 4633 Ἐκκλησία

508 4690 837 4746 scaporum,
880 4677 979 4746 qui
1019 4678 1122 4733 sub
1159 4674 1471 4733 Alexandro
1512 4687 1676 4742 sunt,
1723 4678 2074 4733 sententiam.

508 4769 619 4835 Qui
651 4782 783 4825 vero
822 4784 921 4838 per
954 4770 1186 4839 gratiam
1217 4771 1317 4825 Dei
1360 4779 1419 4826 et
1454 4771 1803 4843 precationes
1866 4782 2081 4827 vestras

510 4861 570 4917 in
596 4861 746 4916 nulla
789 4860 1003 4917 dissidii
1045 4862 1286 4918 factione
1320 4863 1709 4933 reperiantur,
1750 4863 1845 4919 sed
1879 4862 2080 4934 integri

511 4962 676 5024 atque
701 4954 974 5024 impolluti
1006 4956 1059 5009 in
1084 4954 1354 5010 catholica
1378 4954 1622 5011 Ecclesia
1650 4956 1977 5019 consistant,
2002 4954 2083 5009 eis

513 5055 758 5117 potestas
809 5046 1075 5117 permissa
1122 5053 1209 5100 est
1251 5054 1308 5101 et
1353 5045 1713 5116 designandi,
1758 5055 1814 5101 et
1857 5046 2083 5101 nomina

513 5138 761 5195 dictandi
811 5152 1041 5200 eorum,
1084 5136 1279 5191 saltem
1314 5138 1409 5205 qui
1451 5136 1602 5191 clero
1648 5136 1796 5208 digni
1838 5137 1984 5200 siut,
2028 5142 2085 5189 et

514 5230 699 5286 ou'mia
743 5243 972 5300 prorsus
1011 5226 1252 5282 faciendi
1302 5227 1517 5298 legibus
1552 5227 2084 5283 constitutionibus-

518 5336 629 5391 que
683 5320 1072 5376 ecclesiasticis
1132 5325 1524 5375 consentanea.
1590 5317 1746 5385 Quod
1808 5319 1852 5373 si
1921 5334 2086 5388 quem

517 5429 715 5470 eorum
749 5413 845 5481 qui
880 5410 1141 5466 Ecclesia:
1174 5419 1417 5481 praesunt
1439 5448 1453 5472 .
1484 5410 1754 5465 decedere
1783 5409 2085 5481 contingat,

524 5515 641 5560 tum
683 5505 736 5558 in
770 5503 1017 5559 defuncti
1058 5505 1239 5558 locum
1284 5513 1339 5559 et
1366 5504 1632 5558 honorem
1664 5503 1893 5573 provehi
1939 5503 2089 5572 quis-

525 5615 687 5671 quam
719 5615 787 5655 ει
814 5613 1008 5677 recens
1034 5597 1306 5667 cooptetis
1343 5595 1531 5665 debet,
1562 5607 1623 5652 ut
1650 5596 1819 5651 modo
1859 5595 2091 5650 idoneus

523 5693 601 5748 sit
625 5701 683 5747 et
710 5707 740 5745 a
770 5689 973 5761 p0pulo
1017 5687 1283 5759 eligatur,
1325 5688 1404 5743 ita
1432 5696 1617 5743 tamen
1658 5696 1721 5742 ut
1750 5686 1821 5742 ad
1858 5686 2091 5741 electio-

527 5800 654 5840 nem
680 5781 948 5853 ejusmodi
983 5780 1248 5843 calculus,
1278 5779 1627 5851 suﬂragium,
1659 5787 1716 5834 et
1748 5777 2093 5834 confirmatio

528 5877 772 5948 epismpi
824 5873 1175 5931 Alexandrini
1223 5873 1467 5929 accedat.
1521 5875 1700 5942 Atque
1733 5873 1839 5927 hoc
1871 5870 2092 5941 quidem

2179 4677 2357 4738 ὄντας,
2391 4673 2487 4728 καὶ
2532 4669 2781 4736 ἐξουσίαν
2806 4668 2951 4739 ἔχειν
2989 4660 3459 4735 προχειρίζεσθαι,
3491 4658 3589 4712 καὶ
3639 4659 3761 4711 ὀνό-

2183 4782 2326 4835 ματα
2355 4763 2700 4833 ἐπιλέγεσθαι
2729 4760 2840 4812 τῶν
2873 4757 3041 4822 ἀξίων
3079 4753 3175 4808 τοῦ
3207 4751 3413 4821 κλήρου
3432 4765 3446 4780 ·
3486 4750 3580 4801 καὶ
3621 4751 3761 4813 ὅλως

2180 4858 2361 4910 πάντα
2395 4857 2569 4909 ποιεῖν
2596 4852 2739 4906 κατὰ
2784 4851 2949 4916 νόμον
2978 4848 3073 4902 καὶ
3099 4843 3302 4914 θεσμὸν
3337 4843 3432 4895 τὸν
3460 4842 3762 4909 ἐκκλησια-

2185 4948 2390 5004 στικόν.
2423 4947 2484 5000 Εί
2510 4946 2566 4998 δέ
2598 4959 2720 4997 τινα
2742 4941 2985 5012 συμϐαίη
3011 4934 3432 4992 ἀναπαύσασθαι
3457 4933 3568 4986 τῶν
3602 4935 3661 4985 ἐν
3690 4935 3758 5002 τῇ

2195 5039 2514 5110 Ἐκκλησία,
2544 5034 2844 5108 τηνικαῦτα
2870 5029 3330 5103 προσαναϐαίνειν
3356 5028 3438 5087 είς
3465 5027 3567 5095 τὴν
3593 5026 3761 5093 τιμὴν

2185 5134 2280 5188 τοῦ
2310 5130 2756 5199 τετελευτηκότος
2776 5128 2902 5188 τοὺς
2925 5126 3049 5195 ἄρτι
3081 5119 3531 5192 προσληφθέντας
3558 5133 3574 5148 σ
3601 5119 3764 5186 μόνον

2188 5227 2237 5280 εί
2263 5224 2404 5288 ἄξιοι
2454 5222 2745 5291 φαίνοιντο,
2782 5217 2874 5271 καλ
2900 5219 2929 5269 ὁ
2958 5215 3085 5276 λαὸς
3131 5212 3366 5282 αίροῖτο,
3395 5207 3764 5276 συνεπιψηφί-

2191 5321 2378 5383 ζοντος
2416 5313 2588 5382 αὐτῷ,
2616 5308 3221 5379 καὶέπισφραγίζοντος
3256 5302 3348 5356 toﬁ
3374 5301 3472 5369 τῆς
3511 5299 3766 5362 ’Δλεξαν-

2189 5406 2374 5476 δρείας
2418 5404 2740 5458 ἐπισκόπου.
2772 5401 2950 5452 Τοῦτο
2984 5399 3044 5451 δέ
3089 5398 3205 5458 τοῖς
3262 5396 3361 5464 μὲν
3404 5392 3587 5452 ἄλλοις
3626 5390 3766 5442 πᾶσι

2195 5494 2545 5565 συνεχωρήθη
2571 5509 2585 5523 ·
2637 5493 2725 5543 ἐπὶ
2751 5490 2808 5543 δὲ
2842 5488 2938 5542 τοῦ
2963 5488 3222 5541 Μελιτίου
3252 5481 3545 5553 προσώπου
3582 5479 3767 5533 οὐκέτι

2192 5590 2260 5641 τὰ
2289 5586 2431 5639 αὑτὰ
2456 5584 2602 5647 εδοξε
2633 5582 2721 5636 διὰ
2753 5581 2853 5651 τὴν
2882 5578 3149 5634 ἀνέκαθεν
3176 5575 3342 5629 αὐτοῦ
3383 5573 3636 5637 ἀταξίαν,
3672 5575 3767 5623 καὶ

2193 5679 2281 5733 διὰ
2321 5677 2383 5731 τὸ
2412 5677 2709 5747 πρόχειρον
2751 5676 2849 5726 καὶ
2904 5670 3178 5741 προπετὲς
3225 5667 3328 5737 τῆς
3382 5665 3648 5734 γνώμης*
3679 5663 3768 5716 ἵνα

2187 5747 2445 5839 ’μηδεμία
2484 5768 2703 5833 ἐξουσία
2734 5766 3046 5837 ἦαύθεντία
3075 5762 3226 5833 αὐτῷ
3258 5759 3465 5827 δοθείη,
3497 5756 3770 5825 ἀνθρώπῳ

2199 5867 2480 5936 δυναμένῳ
2503 5865 2660 5927 πάλιν
2684 5866 2776 5927 τὰς
2801 5863 2966 5923 αὐτὰ,
2994 5860 3217 5925 ἀταξίας
3239 5854 3557 5925 ἐμποιῆσαι.
3582 5851 3768 5906 Ταῦτά
