4034 6548
473 452 545 514 95
1682 445 2106 508 NICEPHORI
2143 445 2494 504 (IALLlSTI
3663 443 3734 506 91

479 564 648 616 ltenm
682 561 861 630 pietas
889 567 1160 614 servetur.
1195 557 1455 614 Scdcnim
1483 573 1606 614 cum
1635 558 1798 612 aliter
1819 556 2044 611 omnino

2154 552 2241 606 τὸν
2274 555 2561 624 παγκρατῆ
2594 551 2726 605 Θεὸν
2754 551 3008 604 εὐσέϐεια
3036 551 3296 622 τηρῆται.
3337 552 3480 606 Ἀλλ’
3521 553 3644 608 ἐπεὶ
3669 555 3730 626 δή

475 657 590 707 lieri
637 671 746 708 non
799 663 1006 722 posset,
1043 652 1209 724 584
1247 662 1305 706 ut
1340 651 1478 706 ordo
1523 649 1740 705 stabilis
1765 657 1822 703 et
1857 647 2048 701 ﬁrmus

473 748 938 807 constitueretur,
971 745 1076 798 nisi
1113 746 1276 799 simul
1308 761 1521 810 omnes,
1555 754 1648 798 aut
1678 751 1828 797 certe
1859 743 2048 812 plures

472 840 722 904 ephscopi
762 835 1146 898 convenirent,
1173 843 1230 887 et
1264 835 1331 887 de
1359 849 1416 888 re
1449 833 1693 902 qualibet
1717 831 1786 885 ad
1815 830 2046 885 sanctis-

474 929 671 980 simam
729 928 1052 994 religionem
1113 926 1430 993 pertinente
1489 923 1888 993 diiudicarent,
1927 921 2048 990 ejus

477 1019 556 1072 rei
592 1019 789 1084 gratia,
824 1031 986 1085 quam
1031 1015 1148 1069 ﬁeri
1183 1015 1361 1085 p0tuit
1403 1015 1657 1082 plurimis
1700 1012 1930 1074 coactis,
1960 1026 2046 1064 me

475 1125 695 1177 quoque
754 1107 980 1176 perinde
1029 1117 1192 1175 atque
1245 1122 1354 1159 uno
1387 1107 1576 1176 aliquo
1615 1123 1682 1160 ex
1721 1105 1879 1158 vobis
1914 1104 2044 1174 (non

475 1203 622 1252 enim
672 1199 1005 1269 negaverim,
1050 1215 1160 1267 quo
1209 1200 1448 1252 maxime
1496 1200 1671 1259 laetor,
1720 1212 2044 1252 conservum

475 1301 723 1344 vestrum
767 1305 852 1345 me
887 1293 1028 1356 esse)
1063 1304 1350 1358 pi-a'sentc,
1385 1306 1558 1358 usque
1592 1290 1732 1343 adeo
1767 1289 1952 1343 omnia
1990 1287 2044 1340 in

474 1385 716 1437 debitam
757 1393 882 1437 sunt
915 1383 1362 1451 disquisitionem
1392 1394 1608 1442 vocata,
1639 1396 1928 1447 qttousque
1959 1394 2045 1432 re-

475 1489 599 1528 rum
641 1474 888 1528 omnium
930 1475 1232 1542 inspectori
1267 1475 1377 1528 Deo
1413 1474 1608 1542 placita
1649 1473 1944 1531 sententia.
1978 1469 2045 1524 ad

475 1563 877 1617 consentientis
938 1563 1164 1617 unitatis
1217 1564 1566 1616 concoidiam
1630 1561 2048 1625 stabiliendam,

407 1679 420 1688 ι
474 1656 532 1709 in
584 1656 759 1710 lucem
799 1663 883 1710 est
923 1665 1235 1724 protracta,
1266 1655 1338 1708 ita
1373 1665 1431 1708 ut
1486 1655 1619 1707 nihil
1653 1654 1762 1722 jam
1799 1653 1941 1721 quod
1977 1651 2044 1706 ad

472 1746 879 1801 dissensionem
916 1756 1011 1800 aut
1047 1746 1408 1817 professionis
1456 1746 1582 1799 ﬁdei
1634 1745 2046 1813 ambiguitatem

473 1837 656 1893 facere
693 1837 907 1908 posset.
949 1839 1021 1892 sit
1062 1839 1334 1892 relictum.
1364 1838 1478 1894 'llbi
1521 1853 1646 1892 cum
1701 1838 1768 1891 de
1817 1836 2050 1891 sanctis-

2147 645 2310 700 τοῦτο
2361 646 2567 712 ἑτέρως
2596 645 2694 715 οὐχ
2739 641 2854 699 οἷόν
2904 661 2963 698 τε
2995 639 3084 715 ἦν,
3117 644 3310 715 ἀκλινῆ
3359 647 3453 698 καὶ
3507 645 3732 715 βεϐαίαν

2148 738 2303 802 τάξιν
2332 737 2537 802 λαϐεῖν,
2577 739 2625 790 εἰ
2677 736 2753 808 μὴ
2783 739 2864 800 είς
2889 737 3052 790 ταυτὸ
3093 737 3308 790 πάντων
3335 739 3492 808 ὁμοῦ,
3528 741 3560 809 ἦ
3623 741 3731 792 τῶν

2151 829 2282 897 γοῦν
2351 830 2612 882 πλειόνων
2675 831 2990 882 ἐπισκόπων
3053 830 3441 890 συνελθόντων,
3499 833 3723 888 ἑκάστην

2149 923 2256 974 τῶν
2287 922 2674 990 προσηκόντων
2720 923 2785 992 τῇ
2839 922 3115 992 ἁγιωτάτῃ
3151 921 3418 992 θρησκεία
3458 923 3679 992 διάκρισ
3705 941 3729 984 ς

2148 1013 2379 1078 γένοιτοο
2415 1013 2603 1064 τούτου
2634 1013 2819 1066 ἕνεκεν
2856 1013 3122 1066 πλείστων
3150 1015 3290 1065 ὅσων
3318 1015 3733 1083 συναθροισθέν-

2147 1119 2278 1162 των.
2315 1108 2410 1158 καὶ
2441 1103 2600 1165 αὐτὸς
2627 1104 2706 1168 δέ,
2749 1104 3002 1172 καθάπερ
3033 1099 3113 1167 εἷς
3142 1103 3202 1170 ἐξ
3230 1105 3408 1174 ὑμῶν,
3443 1107 3731 1174 τυγχάνων

2153 1195 2460 1264 συμπαρὼν
2491 1197 2511 1266 (
2543 1197 2602 1249 ού
2635 1196 2744 1264 γὰρ
2801 1196 3152 1267 ἀρνησαίμην
3186 1197 3252 1250 ἂν
3303 1198 3390 1264 ἐφ’
3415 1190 3459 1262 ᾧ
3493 1199 3730 1264 μάλιστα

2153 1287 2351 1356 χαίρω,
2391 1287 2750 1359 συνθεράπων
2792 1289 3056 1357 ὑμέτερος
3088 1288 3452 1356 πεφυκέναι),
3480 1289 3610 1357 ἀχρι
3635 1306 3729 1340 το-

2152 1378 2346 1431 σούτου
2378 1380 2592 1432 ἅπαντα
2624 1380 2721 1448 τῆς
2751 1379 3136 1450 προσηκούσης
3175 1380 3477 1448 τετύχηκεν
3531 1380 3725 1443 ἐξετά-

2151 1487 2308 1534 σεως,
2340 1470 2496 1539 ἄχρις
2521 1469 2579 1522 εὖ
2615 1472 2647 1540 ὴ
2683 1468 2758 1538 τῷ
2788 1470 2896 1521 τῶν
2945 1471 3162 1522 πάντων
3195 1471 3376 1539 ἐφόρῳ
3425 1470 3542 1536 Θεῷ
3599 1469 3730 1538 ἀρέ-

2153 1579 2358 1614 σκουσα
2395 1563 2590 1630 γνώμη
2625 1563 2761 1631 πρὸς
2806 1561 2905 1631 τὴν
2950 1565 3048 1632 τῆς
3099 1563 3351 1631 ἐνὸτητος
3408 1562 3728 1628 συμφωνίαν

2151 1655 2231 1714 είς
2263 1652 2378 1721 φῶς
2413 1653 2686 1722 προήχθη,
2713 1653 2788 1710 ώς
2820 1653 2986 1722 μηδὲν
3014 1653 3092 1705 ἐτι
3155 1653 3294 1722 πρὸς
3346 1639 3635 1720 διχόνοιαν,
3691 1650 3724 1718 ἦ

2153 1747 2387 1805 πίστεως
2445 1748 2856 1818 ἀμφισϐήτησιν
2930 1746 3344 1802 ὑπολείπεσθαι.
3405 1745 3574 1798 Ἔνθα
3633 1744 3728 1797 καὶ

2151 1842 2281 1910 περὶ
2329 1840 2424 1909 τῆς
2455 1841 2548 1892 τοῦ
2585 1841 2773 1910 Πάσχα
2824 1840 3134 1908 ἁγιωτάτης
3187 1839 3397 1908 ἡμέρας
3427 1838 3728 1906 γενομένης

474 1932 619 1985 ιῑιηο
668 1934 834 1986 etiam
897 1932 1182 1987 Paschatis
1239 1931 1328 1985 die
1393 1932 1626 2000 quaestio
1687 1941 1832 1984 esset
1888 1943 2048 1984 exor-

2154 1901 2452 2000 ζητήσεώς,
2481 1928 2624 1992 ἔδοξε
2656 1901 2806 1998 κόίνῇ
2840 1901 3056 1998 γνώμῃ,
3087 1901 3269 1987 καλώς
3297 1901 3450 1995 ἐχειν.
3471 1901 3568 1977 ἐπὶ⁷
3592 1901 3728 1992 μᾶς

478 2033 555 2088 ta,
599 2026 892 2079 sententiis
937 2025 1182 2078 omnium
1242 2023 1524 2087 decretum
1573 2031 1678 2086 est,
1722 2022 2043 2086 convenire,

480 2125 540 2166 nt
573 2113 624 2167 id
657 2114 852 2167 eodem
901 2123 1147 2181 tempore
1193 2113 1261 2168 ab
1307 2113 1557 2166 omnibus
1589 2112 1792 2182 ubique
1824 2125 2048 2180 peraga-

482 2214 592 2260 tur.
629 2205 771 2271 Quid
821 2207 968 2261 enim
1020 2206 1179 2260 nobis
1223 2222 1344 2261 esse
1390 2216 1571 2275 potest
1606 2205 1693 2260 vel
1734 2204 2044 2275 pulchrius,

479 2297 567 2350 vel
615 2298 858 2366 gravius.
897 2313 1059 2367 quam
1108 2299 1153 2351 si
1203 2297 1251 2352 is
1298 2296 1418 2352 dies
1463 2295 1661 2360 festus,
1702 2295 1848 2348 unde
1892 2309 2044 2362 spcm

482 2388 918 2443 immortalitatis
959 2389 1325 2459 percepimus,
1361 2405 1471 2444 uno
1511 2387 1705 2442 ordine
1741 2397 1798 2441 et
1841 2385 2045 2441 celebri

480 2483 592 2534 ritu
623 2480 692 2534 ab
720 2481 976 2535 omnibus
1005 2490 1157 2535 certo
1188 2480 1581 2534 inviolabiliter
1609 2481 1941 2550 peragatur?
1969 2479 2046 2533 Ac

481 2571 722 2639 primum
770 2571 989 2640 quidem
1037 2571 1258 2640 indigna
1313 2586 1403 2625 res
1452 2570 1593 2633 fuit,
1637 2570 2045 2624 sanctissimum

482 2676 610 2714 eum
653 2662 798 2714 diem
839 2662 1142 2716 imitatione
1188 2671 1350 2730 atque
1401 2661 1800 2716 consuetudine
1832 2660 2050 2715 Judmo-

481 2767 605 2805 ruin
655 2753 957 2817 celebrare,
995 2757 1084 2823 qui
1129 2753 1380 2808 manibus
1426 2753 1542 2808 suis
1591 2753 1803 2808 nefario
1839 2752 2046 2822 ﬂagitio

482 2845 892 2910 contaminatis,
921 2859 1031 2900 non
1077 2845 1277 2916 injuria
1309 2859 1529 2914 quoque
1559 2845 1757 2900 animis
1788 2855 1912 2898 sunt
1948 2859 2043 2896 ex-

483 2937 707 2997 cwcati,
763 2937 1013 2993 homines
1063 2938 1338 2992 scelerati.
1393 2935 1595 3004 Quidni
1645 2938 1790 2990 cnim
1846 2936 2044 2995 liceat.

485 3038 645 3098 gente
672 3044 734 3083 ea
769 3030 991 3099 rejecta,
1026 3029 1261 3084 rectiore
1287 3030 1615 3099 verioreque
1643 3029 1858 3092 ordine,
1885 3043 2045 3097 quem

483 3136 513 3174 a
559 3122 734 3190 primo
788 3121 1061 3190 passionis
1105 3121 1197 3174 die
1246 3121 1532 3189 hucusque
1579 3121 1940 3185 servavimus,
1981 3121 2047 3173 ad

2153 2019 2364 2089 ἡμέρας
2398 2019 2606 2080 πάντας
2645 2022 2770 2082 τοὺς
2819 2020 3136 2090 ἁπανταχοῦ
3167 2018 3438 2071 ἐπιτελεῖν
3472 2035 3486 2048 ’
3516 2019 3569 2071 τί
3618 2017 3728 2086 γάρ

2153 2114 2285 2182 ἡμῖν
2316 2111 2554 2174 κάλλιον,
2586 2112 2636 2164 τί
2679 2113 2735 2165 δὲ
2785 2112 3110 2181 σεμνότερον
3164 2110 3402 2178 ὑπάρξαι
3436 2111 3725 2180 δυνήσεται

2152 2204 2244 2256 τοῦ
2273 2203 2373 2274 τὴν
2395 2203 2587 2273 ἑορτὴν
2615 2202 2840 2270 ταύτην,
2872 2201 3000 2272 παρ’
3037 2199 3105 2275 ἦς
3147 2203 3246 2270 τὴν
3292 2203 3389 2271 τῆς
3425 2201 3727 2263 ἀθανασίας

2153 2295 2463 2365 εἰλήφαμεν
2514 2295 2726 2360 ἐλπίδα,
2793 2297 2891 2366 μιᾷ
2945 2295 3099 2359 τάξει
3160 2295 3256 2346 καὶ
3308 2294 3526 2363 φανερῷ
3579 2293 3727 2362 λόγῳ

2153 2386 2306 2455 παρά
2330 2388 2498 2438 πᾶσιν
2523 2385 2878 2449 ἀδιαπτώτως
2907 2385 3307 2454 φυλάττεσθαι;
3347 2386 3455 2439 Καὶ
3507 2388 3724 2456 πρῶτον

2157 2479 2257 2546 μέν
2306 2477 2521 2536 ἀνάξιον
2567 2477 2743 2543 ἔδοξεν
2799 2474 2942 2531 εἶναι
2989 2476 3086 2546 τὴν
3144 2478 3454 2547 ἀγιωτάτην
3508 2478 3725 2547 ἐκείνην

2153 2570 2343 2638 ἑορτὴν
2373 2571 2438 2637 τῇ
2469 2568 2575 2620 τῶν
2625 2567 2892 2619 Ἰουδαίων
2934 2569 3236 2635 ἑπομένους
3295 2569 3553 2638 συνηθείᾳ
3591 2568 3725 2638 πλη-

2157 2657 2306 2728 ροῦν,
2331 2658 2380 2710 οἳ
2411 2659 2508 2720 τὰς
2545 2658 2756 2711 ἑαυτῶν
2785 2662 2972 2728 χεῖρας
3001 2659 3247 2729 ἀθεμίτῳ
3287 2661 3723 2729 πλημμελήματι

2154 2751 2468 2820 χράναντες.
2521 2752 2747 2814 εἰκότως
2787 2753 2887 2812 τὰς
2923 2752 3101 2821 ψυχάς
3141 2754 3189 2804 οἱ
3240 2756 3427 2822 μιαροὶ
3473 2753 3722 2821 τυφλώτο

2151 2860 2356 2896 τουσιν.
2393 2842 2610 2908 Ἔξεστι
2643 2845 2771 2912 γὰρ,
2798 2843 2892 2895 ταῦ
2939 2843 3123 2906 ἔθνους
3153 2845 3568 2913 ἀποϐληθέντος,
3593 2845 3742 2915 ἄλη--

2157 2935 2388 3004 θεστέρᾳ
2436 2936 2586 2990 τάξει
2621 2937 2686 3004 ἢν
2715 2937 2780 2986 ἐκ
2831 2936 3054 3005 πρώτης
3113 2935 3208 2988 τοῦ
3258 2937 3464 2995 πάθους
3507 2937 3723 3006 ἡμέρας

2158 3027 2316 3097 μέχρι
2358 3027 2451 3080 τοῦ
2492 3027 2753 3096 παρόντος
2788 3027 3151 3094 ἐφυλάξαμεν,
3185 3030 3278 3081 καὶ
3307 3030 3398 3081 ἐπὶ
3429 3030 3554 3090 τοὺς
3591 3029 3724 3096 μὲλ-

2153 3120 2345 3180 λοντας
2378 3122 2579 3184 αῑῶνας
2627 3122 2725 3190 τὴν
2749 3125 2846 3193 τῆς
2906 3125 3284 3193 ἐπιτηρήσεως
3329 3123 3534 3192 ταύτης
3582 3139 3730 3191 συμσ

484 3212 668 3266 futura
720 3226 939 3280 quoque
986 3212 1182 3266 saecula
1234 3212 1636 3267 observationis
1679 3213 1840 3283 hujus
1881 3213 2045 3266 ritum

2157 3211 2435 3281 πλήρωσιν
2499 3210 2830 3279 ἐγγίνεσθαι.
2892 3213 3074 3280 Μηδὲν
3139 3212 3320 3264 τοίνυν
3379 3212 3520 3264 ἔστω
3589 3211 3748 3280 ύμῖν-

484 3303 900 3357 transmittere?
929 3302 1114 3372 Itaque
1147 3303 1283 3358 nihil
1313 3305 1471 3359 vobis
1499 3320 1790 3359 commune
1821 3305 1890 3358 sit
1923 3321 2045 3358 cum

487 3393 846 3448 ir..estissima
892 3393 1207 3451 Judaei-um
1260 3395 1441 3449 turba.
1477 3395 1652 3449 Aliam
1700 3396 1971 3466 siquidem
2019 3411 2049 3449 a

487 3483 770 3538 Salvatore
814 3484 1124 3555 accepimus
1175 3484 1343 3540 viam.
1380 3483 1702 3555 Propositus
1737 3497 1820 3539 est
1871 3501 2050 3540 sacra-

489 3576 718 3630 tissimze
756 3575 1004 3644 religioni
1042 3585 1245 3632 nostra:
1283 3592 1417 3632 suus
1455 3592 1672 3637 cursus.
1709 3587 1766 3632 et
1807 3579 2048 3648 legitima

485 3682 606 3736 qua!
649 3667 794 3720 illam
835 3667 1029 3723 deccat
1066 3670 1270 3738 regula,
1301 3685 1462 3739 quam
1505 3671 1744 3725 unanimi
1779 3686 2048 3726 consensu

487 3759 939 3828 complectentes,
976 3775 1077 3813 nos
1109 3760 1256 3830 ipsos
1283 3777 1311 3812 a
1342 3761 1482 3816 (teda
1513 3762 1602 3815 illa
1631 3763 1964 3816 conscientia
1995 3771 2051 3817 et

488 3851 753 3904 societate
805 3852 1185 3916 retrahamus,
1233 3853 1432 3908 fratres
1476 3855 1944 3910 reverendissimi.
1985 3857 2054 3910 Et

489 3939 738 4009 profecto
785 3943 1032 3996 ciuilium
1086 3943 1539 3998 absurdissimum
1592 3955 1710 4009 est,
1767 3946 1892 4000 illos
1941 3947 2054 4017 glo-

488 4033 686 4087 riando
708 4033 940 4104 jactare,
967 4036 1116 4091 hisce
1136 4037 1496 4091 observandis
1530 4052 1630 4091 nos
1660 4037 1910 4094 sufﬁcere
1941 4055 2050 4094 non

485 4139 648 4194 posse
670 4125 878 4196 absque
906 4127 1124 4182 illorum
1154 4128 1407 4182 doctrina
1431 4139 1487 4183 et
1508 4132 1851 4201 praescripto.
1882 4131 2055 4198 Quid-

488 4229 615 4268 nam
645 4231 776 4270 vero
819 4217 894 4271 illi
941 4226 1087 4272 recte
1123 4220 1330 4273 sentire
1361 4228 1418 4273 et
1451 4235 1645 4290 sapere
1675 4232 1928 4290 possunt,
1957 4222 2051 4292 qui

488 4316 615 4375 post
644 4307 790 4362 illam
831 4310 1044 4364 Domini
1086 4311 1291 4366 caedem
1327 4313 1601 4368 mentibus
1625 4314 1792 4384 capti,
1823 4329 1934 4368 non
1967 4331 2054 4368 ra-

494 4397 642 4450 tione
671 4399 878 4467 aliqna,
904 4402 998 4454 sed
1033 4400 1318 4471 impotenti
1349 4404 1580 4470 impetu,
1605 4419 1933 4475 quocunque
1957 4420 2052 4460 eos

488 4487 694 4544 insitus
724 4492 955 4560 impellit
979 4491 1153 4560 furor,
1181 4493 1486 4548 ducuntur?
1511 4495 1684 4560 Quam
1711 4497 1783 4550 ob
1807 4512 2049 4563 causam,

2153 3301 2329 3354 κοινὸν
2375 3301 2513 3368 μετὰ
2561 3301 2658 3354 τοῦ
2720 3303 2968 3372 ἐχθίστου
3033 3303 3141 3356 τῶν
3208 3303 3474 3356 Ἰουδαίων
3535 3301 3719 3372 δχλου.

2151 3391 2473 3462 Εἰλήφαμεν
2523 3394 2630 3464 γάρ
2659 3394 2809 3464 παρά
2863 3394 2956 3448 τοῦ
3017 3394 3269 3466 Σωτῆρος
3329 3395 3521 3464 ἑτέραν
3577 3393 3720 3447 ὀδόν.

2151 3486 2440 3554 Πρόκειται
2471 3486 2578 3556 γὰρ
2625 3485 2824 3558 δρόμος
2849 3490 2912 3555 τῇ
2943 3486 3208 3558 ἱερωτάτη
3245 3486 3400 3556 ἡμῶν
3431 3486 3719 3556 θρησκεία,

2152 3579 2245 3632 καὶ
2267 3577 2488 3648 νομικὸς
2521 3579 2702 3632 κανὼν
2731 3579 2824 3632 καὶ
2856 3579 3081 3650 πρέπων
3105 3578 3299 3648 τούτῳ,
3325 3572 3386 3632 οὗ
3410 3578 3734 3647 συμφώνως·

2151 3669 2674 3740 ἀντιλαμϐανόμενοι
2695 3670 2795 3736 τῆς
2828 3671 3061 3742 αίσχράς
3098 3673 3312 3742 ἐκείνης
3343 3673 3570 3734 ἑαυτοὺς
3596 3689 3726 3724 συνο

2151 3763 2433 3833 ειδήσεως,
2491 3762 2921 3833 ἀποσπάσωμεν,
2951 3763 3170 3832 ἀδελφοὶ
3195 3763 3535 3832 τιμιώτατοι.
3565 3765 3742 3816 Ἔστι·

2151 3857 2260 3926 γὰρ
2291 3856 2366 3917 ώς
2403 3853 2618 3922 άληθῶς
2645 3854 2996 3908 ἀτοπώτατον
3025 3853 3263 3920 ἐκείνους
3279 3854 3486 3926 αὐχεῖν,
3515 3856 3589 3917 ὡς
3615 3856 3744 3926 ἀρα

2154 3948 2428 4016 παρεκτὸς
2455 3946 2555 4014 τῆς
2597 3945 2777 3999 αὐτῶν
2815 3945 3162 4010 διδασκαλίας
3204 3945 3376 3999 ταῦτα
3431 3947 3724 4014 φυλάττειν

2153 4037 2253 4090 οὐκ
2276 4037 2441 4106 ἐσμὲν
2475 4036 2668 4090 ἱκανοί.
2697 4038 2762 4090 Τί
2800 4037 2856 4090 δὲ
2892 4041 3110 4106 φρονεῖν
3139 4038 3337 4091 ἐκείνοι
3367 4040 3526 4108 ὀρθὸν
3567 4038 3726 4109 δυνή-

2156 4147 2360 4193 σονται,
2396 4130 2444 4182 οἶ
2475 4131 2612 4200 μετά
2650 4130 2750 4199 τὴν
2781 4131 3181 4200 Κυριοκτονίαν
3204 4131 3418 4201 ἐκείνην
3447 4131 3556 4184 τῶν
3586 4149 3724 4202 φρε-

2155 4223 2261 4278 νῶν
2285 4223 2596 4288 ἐκστάντες,
2627 4222 2852 4289 ἄγονται
2896 4225 2957 4275 οὖ
2990 4223 3233 4292 λογισμῷ
3273 4239 3400 4282 τινι.
3431 4222 3546 4276 ἀλλ’
3577 4223 3736 4291 ὁρμῇ

2155 4313 2536 4382 ἀκατασχέτῳ,
2587 4313 2720 4366 ὅπου
2789 4313 2856 4366 ἂν
2910 4313 3107 4376 αὐτοὺς
3166 4315 3198 4383 ἡ
3248 4312 3492 4382 ἔμφυτος
3534 4313 3738 4384 ἀπάγῃ

2158 4403 2361 4473 μανία;
2405 4404 2646 4456 Ἐκεῖθεν
2700 4405 2880 4457 τοίνυν
2941 4406 3046 4458 κάν
3075 4405 3248 4470 τούτῳ
3291 4403 3368 4475 τῷ
3413 4405 3571 4474 μέρει
3627 4404 3731 4472 τὴν

2157 4495 2412 4565 ἀλήθειαν
2443 4495 2542 4566 οὐχ
2575 4495 2839 4566 δρῶντας,
2869 4495 2945 4558 ὡς
2979 4496 3066 4548 ἀεὶ
3115 4497 3256 4548 κατὰ
3310 4495 3481 4557 πάθος
3531 4495 3729 4556 αὐτοὺς

488 4597 614 4634 cum
649 4582 702 4638 in
740 4582 842 4636 hac
871 4599 1091 4654 quoque
1123 4594 1276 4654 parte
1316 4601 1506 4640 verum
1548 4601 1658 4641 non
1690 4589 2048 4657 perspiciam,

2154 4582 2560 4650 πλανωμένους,
2588 4584 2713 4636 ἀντὶ
2737 4584 2836 4652 τῆς
2871 4581 3261 4652 προσηκούσης
3293 4580 3734 4653 ἐπανορθώσεως.

490 4672 586 4726 sed
611 4673 690 4726 uti
715 4688 956 4742 semper,
982 4675 1177 4730 aﬂ‘ectu
1202 4675 1402 4732 vitioso
1427 4679 1722 4734 transversi
1748 4679 2049 4748 rapiantur.

481 4765 672 4844 potius
707 4781 872 4834 quam
911 4782 1159 4822 errorem
1213 4769 1514 4838 corrigam,
1549 4769 1741 4824 eodem
1785 4785 1929 4824 anno
1969 4770 2054 4825 bis

488 4858 698 4913 Pascha
746 4869 1035 4928 peragunt.
1074 4857 1238 4928 585
1281 4859 1400 4926 Qua
1445 4860 1611 4930 igitur
1647 4861 1716 4916 de
1758 4877 1921 4916 causa
1959 4879 2056 4918 eos

487 4963 807 5016 sequemur.
841 4950 935 5017 qui
962 4950 1116 5020 gravi
1144 4965 1331 5004 errore
1356 4966 1416 5005 se
1445 4951 1754 5019 implicatos
1783 4967 1905 5008 esse
1931 4969 2056 5009 con-

487 5037 749 5093 ﬁtentur?
788 5040 878 5093 Bis
923 5041 1178 5110 equidem
1225 5042 1421 5097 eodem
1465 5059 1612 5096 anno
1655 5043 1861 5098 Pascha
1907 5045 2056 5099 cele-

488 5130 655 5186 brare
691 5132 838 5186 haud
873 5149 1112 5202 unquam
1147 5135 1597 5189 sustinueriinus.
1632 5137 1809 5205 Atque
1843 5137 2054 5190 etiamsi

491 5223 609 5277 hac
652 5224 810 5278 vobis
854 5240 964 5278 non
1018 5237 1446 5294 exponerentur,
1486 5231 1805 5282 conveniret
1852 5239 2054 5292 tamen.

489 5330 610 5377 vos,
645 5331 744 5384 pro
777 5317 978 5371 mentis
1019 5327 1218 5372 vestrae
1254 5319 1573 5387 sagacitate,
1605 5334 1820 5389 semper
1856 5329 1910 5373 et
1945 5331 2060 5376 stu-

491 5407 622 5461 dere
647 5415 703 5460 et
730 5417 944 5474 optare,
973 5423 1042 5461 ne
1069 5407 1372 5477 cujnspiam
1399 5409 1762 5464 similitudine
1790 5420 1845 5465 et
1875 5429 2060 5466 exem-

495 5499 586 5569 plo
637 5501 927 5568 puritatem
984 5500 1292 5553 animarum
1344 5512 1650 5556 vestrarum
1701 5504 2057 5572 pollueretis,

495 5601 634 5640 neve
681 5585 968 5640 hominum
1010 5586 1190 5641 modis
1229 5589 1487 5643 omnibus
1530 5593 1794 5646 malorum
1833 5610 2064 5648 consuc-

495 5676 744 5730 tudinem
782 5676 984 5731 imitari
1030 5678 1379 5734 videremini.
1412 5680 1494 5735 Ad
1531 5682 1646 5737 haec
1674 5684 1807 5738 illud
1839 5700 2060 5756 quoque

499 5765 960 5822 considerandum
993 5770 1166 5833 venit,
1198 5771 1250 5824 in
1288 5787 1348 5824 re
1379 5781 1528 5826 tanta
1571 5782 1628 5826 et
1665 5785 1772 5828 tam
1803 5777 2062 5830 solemni-

503 5859 608 5916 bus
646 5859 927 5931 religionis
959 5873 1158 5918 nostrae
1195 5863 1372 5932 leriis,
1409 5864 1808 5921 dissensionem
1843 5879 2058 5925 exstare

2153 4676 2212 4727 ἐν
2263 4673 2339 4743 τῷ
2401 4675 2551 4742 αὖτῷ
2607 4675 2712 4726 ἔτει
2767 4674 3020 4742 δεύτερον
3073 4673 3132 4726 τὸ
3189 4674 3380 4743 Πάσχα
3432 4672 3724 4724 ἐπιτελεῖν.

2154 4765 2311 4827 Τίνος
2338 4765 2431 4819 οὖν
2470 4768 2631 4836 χάριν
2675 4765 2897 4827 τούτους
2923 4764 3192 4832 ἑπόμεθα,
3236 4763 3290 4816 οἱ
3313 4762 3493 4833 δεινὴν
3520 4761 3728 4828 πλάνην

2155 4860 2331 4912 νοσεῖν
2364 4857 2781 4928 ὡμολόγηνται;
2828 4856 3082 4926 δεύτερον
3108 4855 3218 4926 γάρ
3251 4857 3313 4908 τὸ
3335 4857 3524 4925 Πάσχα
3553 4855 3610 4905 ἐν
3648 4855 3730 4906 ἐνὶ

2155 4949 2385 5018 ἐνιαυτῷ
2414 4956 2514 5002 οὐκ
2545 4951 2608 5003 ἀν
2651 4966 2782 5001 ποτε
2815 4950 2988 5001 ποιεῖν
3009 4946 3333 5016 ἀνεξόμεθα.
3378 4945 3518 4998 Ἀλλ’
3553 4947 3600 4999 εἰ
3631 4948 3729 5000 καὶ

2154 5042 2330 5098 ταῦτα
2371 5042 2445 5113 μὴ
2469 5042 2781 5111 προῦκειτο,
2814 5041 2913 5109 τὴν
2948 5039 3222 5109 ὑμετέραν
3247 5039 3535 5109 ἀγχίνοιαν
3559 5039 3727 5109 ἐχρῆν

2157 5137 2251 5188 καὶ
2281 5134 2368 5188 διά
2397 5135 2633 5204 σπουδῆς
2672 5135 2766 5185 καὶ
2792 5133 2860 5186 δι’
2897 5133 3062 5202 εὐχῆς
3091 5133 3234 5202 ἔχειν
3261 5134 3511 5196 πάντοτε,
3535 5135 3592 5184 ὲν
3624 5149 3728 5199 μη-

2156 5229 2304 5289 δενὸς
2354 5227 2660 5295 ὁμοιώματι
2697 5227 2756 5279 τὸ
2802 5226 3038 5295 καθαρὸν
3083 5228 3182 5294 τῆς
3211 5226 3487 5295 ἡμετέρας
3543 5225 3728 5294 ψυχῆς

2159 5322 2456 5384 κοινωνεῖν,
2487 5320 2715 5389 ἢδοκεῖν
2744 5318 2972 5371 ἔπεσθαι
3003 5318 3100 5370 ἀνθ
3113 5321 3306 5385 ρώπων
3331 5317 3475 5369 ἔθεσι
3496 5318 3731 5384 ”παγκὰο

2160 5431 2292 5466 κων.
2324 5413 2462 5478 Πρδς
2505 5411 2714 5472 τούτοις
2760 5411 2980 5462 κάκεῖνο
3022 5411 3256 5478 πάρεστι
3282 5410 3534 5480 συνορᾷν,
3569 5409 3643 5470 ὥς
3670 5412 3728 5462 ἐν

2159 5501 2465 5573 τηλικούτῳ
2516 5503 2802 5570 πράγματι
2834 5502 2926 5553 καὶ
2976 5499 3232 5570 τοιαύτης
3291 5501 3583 5570 θρησκείας
3613 5501 3734 5569 ἐορ-

2160 5598 2227 5666 τῇ
2259 5593 2554 5663 διαφωνίαν
2606 5593 2874 5663 ὑπάρχειν
2905 5594 3052 5645 ἐστὶν
3085 5593 3388 5646 άθεώτατον
3415 5611 3426 5623 ’
3464 5593 3594 5661 μίαν
3624 5593 3736 5661 γάρ

2163 5687 2295 5756 ἡμῖν
2321 5686 2421 5754 τὴν
2448 5686 2548 5752 τῆς
2577 5686 2856 5754 ἡμετέρας
2878 5683 3191 5754 ἐλευθερίας
3219 5683 3456 5753 ἡμέραν,
3479 5685 3733 5734 τουτέστι

2160 5778 2254 5831 τοῦ
2279 5777 2582 5846 ἀγιωτάτου
2606 5775 2832 5843 πάθους,
2862 5776 2890 5827 ὀ
2909 5776 3174 5846 ἡμέτερος
3200 5776 3478 5844 παρέδωκε
3503 5774 3693 5844 Σωτήρ
3719 5789 3736 5804 ⁸

2167 5870 2296 5941 μίαν
2326 5865 2466 5924 εἶναι
2501 5867 2599 5939 τὴν
2631 5867 2926 5940 καθολικὴν
2955 5867 3121 5922 αὑτοῦ
3186 5867 3514 5937 Ἐκκλησίαν
3548 5864 3736 5938 βεϐού-
