4062 6544
247 324 315 387 97

1173 319 1780 381 ECCLESIASTlC/‘E
1825 319 2225 380 HlSTOliUE
2267 321 2416 382 LIB.
2461 320 2627 381 VIII.

3448 323 3521 388 98

243 436 446 504 ληται·
479 428 546 505 ἧς
567 433 616 484 εἰ
664 434 758 488 καὶ
797 432 866 485 τὰ
903 431 1140 503 μάλιστα
1196 435 1278 497 είς
1341 429 1572 493 πολλούς
1627 448 1689 483 τε
1747 433 1840 486 καὶ

1948 432 2209 501 aliquam,
2244 433 2406 503 longe
2445 447 2566 487 esse
2607 430 3019 501 impiissimum.
3063 433 3240 512 Unuzn
3284 451 3523 507 namque

185 595 192 601 _
243 529 541 596 διαφόρους
577 527 780 588 τόπους
816 525 884 578 τὰ
909 527 1054 595 μέρη
1085 524 1405 594 διῄρηνται,
1436 526 1552 578 ἀλλ’
1582 529 1732 596 ὅμως
1756 526 1840 578 ἐνὶ

246 621 552 690 πνεύματι,
603 620 854 672 τουτέστι
891 618 968 687 τῷ
1003 618 1132 688 θείῳ
1189 619 1490 688 βουλήματι
1547 619 1836 674 θάλπεται.

247 711 574 780 Λογισασθω
601 711 657 763 δὲ
705 712 738 780 ή
795 713 894 780 τῆς
936 710 1209 781 ὑμετέρας
1242 711 1520 780 ὁσιότητος
1565 711 1836 780 ἀγχίνοια,

247 805 416 864 ὅπως·
438 805 557 857 ἐστὶ
613 803 785 856 δεινόν
815 819 874 854 τε
928 803 1024 855 καὶ
1065 802 1313 872 ἀπρεπὲς
1343 805 1486 856 κατὰ.
1529 803 1628 864 τὰς
1671 803 1842 866 αὑτὰς

247 896 465 965 ἡμέρας
502 895 721 965 ἐτέρους
761 895 860 962 μὲν
886 896 1007 957 ταῖς
1038 895 1319 964 νηστείαις
1371 895 1683 963 σχολάζειν,
1715 895 1836 946 ἑτέ-

249 1005 374 1057 ρους
409 987 469 1039 δὲ
492 987 768 1056 συμπόσια
799 986 972 1040 τελεῖν
1001 1003 1017 1018 θ
1055 989 1148 1039 καὶ⁵
1181 989 1320 1055 μετὰ
1374 988 1469 1048 τὰς
1520 987 1615 1038 τοῦ
1653 987 1842 1056 Πάσχα

251 1083 356 1151 ημέ
369 1098 468 1148 ρας
491 1079 683 1141 ἄλλους
714 1080 814 1149 μὲν
838 1081 1053 1150 ἑορταῖς
1073 1080 1168 1132 καὶ⁸
1185 1081 1435 1132 ἁνέσεσιν
1462 1079 1838 1146 ἐξετάζεσθαι,

249 1174 442 1236 ἄλλους
486 1173 541 1226 δὲ
601 1175 725 1236 ταῖς
786 1173 1121 1243 ὡρισμέναις
1182 1171 1494 1226 ἐκδεδόσθαι
1541 1173 1838 1241 νηστείαις.

251 1268 344 1317 Διὰ
357 1264 536 1317 ταῦτα
560 1266 693 1331 γοῦν
724 1264 820 1333 τῆς
873 1265 1262 1334 προσηκούσης
1289 1261 1723 1332 ἐπανορθώσεως
1750 1279 1843 1314 τυ-

248 1359 386 1426 χεῖν,
448 1356 544 1408 καὶ
581 1355 719 1423 πρὸς
775 1355 905 1422 μίαν
955 1353 1289 1406 διατύπωσιν
1327 1353 1560 1419 ἄγεσθαι
1598 1351 1841 1422 “ﬁrmi;

247 1449 366 1501 θεία
405 1447 640 1514 πρόνοια
671 1448 922 1516 βούλεται
952 1463 966 1476 σ
996 1446 1070 1509 ὡς
1120 1445 1298 1513 ἔγωγε
1329 1444 1558 1508 ἀπαθῶς
1609 1444 1839 1512 συνορῶ.

251 1543 418 1595 Ὅθεν
449 1539 640 1609 ἐπειδὴ
673 1538 832 1592 τοῦτο
856 1538 1030 1600 οὕτως
1053 1537 1498 1608 ἐπανορθοῦσθαι
1541 1538 1839 1606 προσήκει,

249 1636 322 1697 ὡς
354 1635 528 1704 μηδὲν
563 1635 703 1704 μετὰ
739 1633 850 1686 τῶν
885 1633 1270 1703 Κυριοκτόνων
1299 1626 1440 1683 εἶναι
1489 1631 1694 1691 κοινὸν,
1723 1630 1841 1682 ἔστι

252 1743 309 1778 τε
331 1725 488 1790 τάξις
517 1723 822 1794 εὐπρεπὴς,
857 1724 923 1793 ἢν
967 1724 1175 1775 ἅπασαι
1214 1721 1322 1774 τῶν
1371 1720 1603 1773 δυτικῶν
1641 1737 1700 1773 τε
1750 1719 1842 1772 καὶ

257 1817 654 1887 μεσημϐρινῶν
702 1817 799 1868 καὶ
829 1815 1096 1885 ἀρκτῴων
1127 1812 1229 1882 τῆς
1285 1811 1615 1880 οἰκουμένης
1658 1810 1840 1878 μερῶν

255 1909 780 1978 παραφυλάττουσιν
811 1909 866 1959 αί
901 1904 1226 1973 ἐκκλησίαν
1261 1904 1355 1956 καί
1386 1920 1531 1965 τινες
1561 1904 1670 1954 τῶν
1700 1903 1842 1956 κατὰ

254 2001 544 2071 τὴνἝῴαν
567 1999 769 2063 τόπων,
795 1991 869 2050 ὧν
902 1995 1088 2048 ἐνεκεν
1110 1995 1202 2048 ἐπὶ
1233 1993 1330 2048 τοῦ
1360 1994 1498 2065 παρό
1511 2010 1625 2055 »τος
1663 1992 1840 2056 καλῶς

255 2090 398 2160 ἔχειν
437 2093 679 2151 ἆπαντες
698 2089 986 2158 ἡγήσαντο
1007 2101 1020 2114 ·
1065 2086 1156 2140 καὶ
1181 2085 1340 2148 αὐτὸς
1392 2085 1448 2137 δὲ
1474 2086 1539 2154 τῇ
1601 2083 1841 2154 ὑμετέρᾳ

255 2181 510 2250 ἀγχινοίᾳ
555 2179 777 2249 ἀρέσειν
805 2177 1164 2247 ὑπεσχόμην’
1211 2176 1298 2228 ἵνα
1337 2175 1475 2246 ὅπερ
1520 2174 1566 2226 δ’
1589 2175 1654 2228 ἂν
1700 2173 1842 2226 κατὰ

258 2273 356 2340 τὴν
402 2269 697 2339 Ῥωμαίων
753 2269 930 2331 πόλιν,
999 2266 1228 2320 Ἰταλίαν
1285 2283 1344 2318 τε
1413 2270 1510 2320 καὶ
1575 2265 1840 2334 Ἀφρικὴν

255 2364 498 2428 ἃπασαν,
529 2363 827 2430 Αἴγυπτον,
869 2359 1170 2424 Ἱσπανίας,
1204 2358 1456 2420 Γαλλίας,
1487 2357 1838 2426 Βρεταννίας,

255 2455 643 2523 Λιδύας,δλην
706 2453 954 2514 Ἐλλάδα,
1003 2452 1260 2520 ’Δσιανήν
1309 2467 1366 2503 τε
1397 2449 1690 2518 διοίκησιν,
1743 2448 1840 2501 καὶ

258 2547 550 2616 Ποντικὴν,
581 2546 671 2599 καὶ
701 2545 972 2604 Κιλικίαν,
1004 2544 1224 2613 μιᾷκαὶ
1263 2540 1540 2610 συμφώνῳ
1569 2541 1842 2608 φυλάττη-

254 2655 340 2692 ται
369 2637 597 2708 γνώμῃ,
632 2638 886 2707 ἁσμένως
917 2637 1076 2688 τοῦτο
1106 2635 1202 2687 καὶ
1234 2635 1266 2702 ἡ
1307 2633 1548 2702 ὑμετέρα
1602 2631 1838 2700 προσδέ-

257 2730 411 2796 ξηται
478 2729 724 2788 σύνεσις,
777 2724 1128 2795 λογιζομένη,
1185 2723 1260 2786 ὡς
1298 2726 1360 2776 οὐ
1425 2722 1586 2790 μόνον
1639 2722 1840 2774 πλείων

258 2822 403 2872 ἐστὶν
427 2821 458 2872 ὀ
501 2818 609 2870 τῶν
639 2816 779 2870 κατά
805 2817 929 2877 τοὺς
953 2814 1388 2885 προειρημένους
1409 2814 1606 2874 τόπους
1637 2814 1838 2880 ἐκκλησ-

258 2908 384 2958 σιῶν
429 2906 691 2975 ἀριθμὸς,
751 2904 885 2958 ἀλλὰ
940 2904 1034 2956 καὶ⁵
1061 2903 1136 2966 ὡς
1193 2900 1351 2955 τοῦτο
1403 2901 1640 2971 μάλιστα
1683 2903 1836 2971 κοινῇ

257 3000 468 3060 πάντας
502 2998 798 3049 ὁσιώτατόν
829 3001 944 3049 ἐστι
981 2994 1306 3066 βούλεσθαι·
1337 2996 1474 3063 ὅπερ
1507 2995 1598 3046 καὶ
1628 2997 1656 3047 ό
1683 2998 1838 3062 ἀκρι-

1875 1778 1915 1831 Β

1949 526 2108 578 nobis
2152 525 2424 580 libertatis
2463 536 2638 593 atque
2681 524 3080 594 redemptionis
3114 537 3314 582 nostra“:
3351 530 3521 590 diem.

1944 618 2308 672 sanctissime
2339 618 2556 672 Scilicet
2585 617 2858 688 passionis
2890 635 3023 680 suae.
3054 620 3309 674 Salvator
3335 639 3457 676 nost
3483 603 3524 675 4r

1944 709 2118 762 dedit.
2155 709 2326 763 Unam
2371 725 2489 764 esse
2526 709 2856 764 catholicam
2899 726 3048 764 suam
3095 713 3396 767 Ecclesiam
3429 731 3524 766 νυ-

1945 802 2046 856 luit
2077 819 2090 855 :
2119 803 2278 870 cujus
2310 803 2524 854 tametsi
2564 811 2749 871 partes
2781 803 2835 854 in
2868 802 3056 854 multis
3084 803 3364 872 variisque
3395 815 3524 858 sunt

1943 894 2208 962 dispersae
2255 895 2412 956 locis,
2444 910 2556 948 uno
2591 904 2772 948 tamen
2809 895 3030 962 spiritu,
3060 895 3164 948 hoc
3197 905 3303 955 est.
3336 896 3524 949 divino

1945 988 2180 1042 arbitrio
2231 987 2472 1042 fovetur.
2509 988 2841 1042 Consideret
2882 1003 3049 1058 porro
3087 988 3399 1044 sanctitatis
3434 1005 3529 1042 ve-

1945 1096 2071 1136 strae
2120 1081 2344 1135 solertia
2393 1096 2555 1149 quam
2607 1096 2773 1150 grave
2820 1081 2894 1134 sit
2939 1091 2998 1134 et
3041 1081 3388 1144 indecorum,
3428 1098 3526 1150 per

1943 1172 2168 1227 eosdem
2206 1172 2345 1237 dies,
2381 1172 2521 1225 alios
2561 1172 2786 1240 quidem
2822 1171 3051 1242 jejuniis
3099 1171 3340 1226 intentos
3378 1186 3521 1233 esse,

1943 1266 2084 1319 alios
2134 1279 2269 1318 vero
2330 1263 2606 1317 conviviis
2665 1278 2900 1327 vacare;
2956 1273 3009 1317 et
3063 1275 3189 1333 post
3241 1264 3529 1319 Paschatis

1945 1359 2083 1422 dies,
2112 1356 2212 1411 bos
2247 1355 2472 1424 quidem
2510 1354 2701 1409 feriari
2735 1365 2791 1409 et
2821 1356 3244 1424 conquiescere,
3275 1355 3400 1409 illos
3431 1371 3528 1409 au-

1947 1461 2055 1504 tem
2081 1449 2243 1504 statis
2264 1447 2490 1518 jejuniis
2516 1450 2806 1500 macerari.
2838 1446 3186 1516 Quapropter
3213 1446 3353 1500 hanc
3382 1461 3522 1506 rem,

1945 1536 2044 1611 pro
2077 1555 2144 1594 eo
2165 1550 2330 1610 atque
2361 1539 2520 1593 decet
2539 1537 2950 1608 corrigi,atque
2985 1537 3049 1592 ad
3095 1551 3265 1590 unum
3303 1537 3528 1590 institu-

1947 1644 2063 1686 tum
2101 1633 2443 1700 formamque
2479 1630 2732 1700 perduci,
2766 1630 2956 1684 divina
2991 1630 3109 1684 vult
3148 1629 3521 1698 providentia,

1945 1738 2210 1800 quantum
2258 1728 2516 1798 equidem
2557 1737 2712 1780 extra
2747 1741 2967 1779 omnem
3007 1725 3264 1778 aﬂcctum
3309 1723 3524 1793 positus

1896 1814 1915 1894 ξ
1948 1821 2246 1891 perspicio.
2281 1819 2470 1888 Itaque
2499 1833 2622 1872 cum
2657 1819 2758 1872 hoc
2783 1817 2864 1871 sic
2897 1818 3177 1884 corrigere
3206 1814 3522 1876 conveniat,

1946 1931 2013 1969 ne
2045 1914 2174 1984 quid
2211 1915 2370 1967 nobis
2401 1928 2526 1966 cum
2563 1912 2776 1966 Domini
2811 1910 3236 1980 percussoribus
3269 1909 3340 1962 sit
3369 1925 3524 1963 com-

1945 2017 2135 2061 muue.
2175 2011 2230 2055 et
2266 2003 2466 2055 decens
2510 2010 2692 2054 exstet
2733 2001 2891 2062 ordo,
2925 2015 3086 2068 quem
3125 2013 3320 2052 omnes
3363 1995 3522 2052 Occi-

1945 2095 2273 2159 dentalium,
2299 2105 2352 2148 et
2381 2092 2848 2155 Meridionalium,
2878 2090 3520 2159 Septentrionaliumque

1944 2184 2270 2238 habitabilis
2309 2183 2464 2237 orbis
2509 2181 2748 2251 partium
2784 2181 3066 2239 Ecclesia).
3099 2188 3156 2233 et
3185 2179 3520 2247 quibusdam

1944 2290 2167 2345 quoque
2204 2274 2258 2328 in
2298 2273 2436 2328 locis
2467 2271 2778 2326 Orientales
2811 2271 3130 2335 observant,
3161 2285 3226 2322 ea
3256 2269 3323 2323 de
3352 2283 3519 2322 causa

1945 2371 1999 2424 in
2040 2369 2335 2438 praesentia
2381 2367 2642 2421 omnibus
2688 2366 2989 2420 convenire
3023 2365 3203 2418 visum
3233 2375 3339 2426 est,
3375 2365 3522 2432 ipsc-

1943 2475 2049 2530 que
2095 2459 2233 2513 adeo
2283 2457 2338 2512 id
2390 2457 2632 2512 solertiae
2667 2466 2864 2510 vestrae
2909 2455 3238 2524 placiturum
3273 2469 3398 2509 esse
3435 2470 3524 2506 re-

1943 2551 2086 2621 cepi,
2119 2560 2179 2604 ut
2210 2549 2356 2619 quod
2393 2564 2494 2618 per
2527 2549 2718 2604 urbem
2757 2549 3080 2611 Romanam,
3113 2547 3339 2609 Italiam,
3371 2545 3520 2598 Afri-

1941 2661 2060 2698 cam
2091 2660 2336 2707 omnem,
2364 2641 2684 2712 Egyptum,
2713 2641 3023 2711 llispanias,
3056 2640 3280 2703 Gallias,
3308 2638 3521 2693 Britan-

1944 2737 2082 2799 nias,
2128 2724 2382 2801 Libyam,
2421 2744 2677 2788 cunctam
2717 2732 3007 2792 Graeciam.
3048 2731 3306 2787 Asianam
3353 2741 3520 2800 atque

1941 2826 2227 2880 Ponticnm
2258 2824 2548 2884 ditionem,
2575 2832 2632 2877 et
2660 2822 2932 2885 Ciliciam,
2961 2837 3070 2876 uno
3092 2833 3258 2891 atque
3287 2837 3521 2877 consen-

1917 2915 2101 2969 -tienti
2144 2927 2396 2969 servatur
2441 2915 2696 2974 consilio,
2739 2914 2793 2967 id
2840 2913 3082 2967 libenter
3119 2929 3338 2982 quoque
3380 2929 3514 2982 pru-

1942 3004 2128 3059 dentia
2182 3013 2364 3058 vestra
2417 3003 2700 3073 suscipiat,
2745 3019 2934 3059 secum
2985 3003 3100 3072 ipsa
3140 3005 3514 3074 perpendens,

257 3094 350 3160 6ης
393 3093 653 3144 ἀπαιτεῖν
679 3092 828 3142 δοκεῖ
851 3089 1043 3158 λόγος’
1091 3091 1183 3142 καὶ
1240 3089 1496 3156 οὐδεμίαν
1540 3087 1683 3157 μετὰ
1733 3087 1834 3156 τῆς

1942 3113 2049 3150 non
2084 3097 2246 3151 modo
2273 3097 2596 3166 ampliorem
2625 3111 2748 3150 esse
2785 3095 3160 3152 Ecclesiarum
3195 3098 3248 3150 in
3279 3097 3361 3152 eis
3391 3114 3515 3168 quas

269 3183 545 3236 Ἰουδαίων
610 3181 900 3250 ἐπιορκίας
947 3180 1094 3250 ἔχειν
1139 3179 1446 3233 κοινωνίαν.
1504 3179 1621 3231 ἰνα
1669 3177 1724 3246 δέ
1776 3179 1836 3231 τὸ

258 3276 802 3344 κεφαλαιω-ἰέστατον
866 3277 1149 3343 συντόμως
1211 3273 1374 3336 είπω,
1422 3275 1576 3342 κοινῇ
1620 3273 1838 3326 πάντων

257 3369 417 3439 ηρεσε
450 3369 654 3438 κρίσει,
686 3366 782 3436 τὴν
816 3367 1128 3434 ἁγιωτάτην
1159 3364 1251 3417 τού
1287 3366 1478 3433 Πάσχα
1512 3363 1706 3435 ἑορτὴν
1739 3364 1840 3435 μιᾷ

264 3463 358 3512 καὶ
381 3464 452 3530 τῇ
487 3461 626 3530 αὖτῇ
657 3459 840 3527 ἡμέρᾳ
875 3457 1269 3510 συντελεῖσθαι.
1329 3455 1462 3509 Οὐδὲ
1493 3458 1602 3527 γὰρ
1638 3457 1839 3526 πρέπει

261 3556 320 3604 ἐν
349 3552 580 3620 τοιαύτη
605 3553 852 3618 ἁγιότητι
885 3545 1028 3601 εἷναί
1061 3565 1184 3600 τινα
1233 3549 1494 3617 διαφοράν
1525 3563 1540 3578 ·
1594 3548 1690 3601 καὶ
1715 3547 1842 3600 κάλ-

265 3642 376 3694 λιον
410 3642 645 3694 ἔπεσθαι
695 3643 758 3709 τῇ
795 3639 988 3708 γνώμῃ
1025 3639 1220 3708 ταύτῃ,
1252 3639 1309 3690 ἐν
1405 3637 1633 3707 οὐδεμία
1685 3636 1838 3689 ἔσται

264 3734 553 3803 ἀλλοτρίας
586 3731 794 3799 πλάνης
838 3741 932 3782 και
963 3731 1361 3798 ἁμαρ.ήματος
1402 3729 1674 3796 ἐπιμιξία.
1706 3727 1843 3781 Τού-

262 3844 366 3880 των
389 3826 567 3886 οὓτως
597 3825 852 3894 ἐχόντων,
884 3825 1138 3890 ἁσμένως
1197 3822 1418 3891 δέχεσθε
1453 3824 1552 3888 τὴν
1582 3822 1839 3892 οὐρανίαν

260 3918 353 3970 καὶ
375 3917 532 3968 θείαν
566 3917 639 3976 ὡς
669 3915 883 3982 ἀληθῶς
915 3914 1156 3982 ἐντολήν.
1196 3915 1312 3966 Πᾶν
1348 3915 1456 3982 γὰρ
1479 3915 1505 3966 ὃ
1527 3930 1578 3966 τι
1599 3913 1643 3965 δ’
1688 3913 1753 3967 ἂν
1783 3915 1840 3964 ἐν

264 4016 370 4076 τοῖς
431 4013 609 4078 ἁγίας
641 4011 749 4062 τῶν
797 4010 1115 4062 ἐπισκόπων
1177 4008 1473 4076 συνεδρίοις
1514 4008 1838 4078 πράττηται,

266 4109 424 4158 τοῦτο
456 4107 588 4174 πρὸς
624 4105 721 4171 τὴν
775 4103 926 4155 θείαν
962 4102 1209 4171 βούλεσιν
1247 4100 1358 4169 ἔχει
1390 4099 1487 4169 τὴν
1540 4099 1837 4168 ἀναφοράν.

269 4202 356 4252 Διὸ
387 4201 527 4251 πᾶσι
557 4201 666 4260 τοῖς
702 4199 1005 4265 ἀγαπητοῖς
1038 4195 1196 4264 ημῶν
1230 4193 1476 4260 ἀδελφοῖς
1504 4194 1842 4262 ἐμφανίσαν-

270 4304 357 4350 τες
394 4287 468 4338 τα
503 4287 999 4355 προγεγραμμένα,
1035 4284 1135 4354 ήδη
1183 4283 1276 4336 καὶ
1319 4284 1409 4336 τὸν
1443 4283 1844 4354 προειρημένον

269 4381 427 4450 λόγον
461 4381 556 4432 καὶ
584 4380 681 4449 τὴν
709 4379 1090 4448 παρατήρησιν
1123 4380 1220 4446 τῆς
1266 4379 1577 4446 ἁγιωτάτης
1623 4375 1842 4445 ἡμέρας

1939 3192 2179 3246 diximus
2222 3191 2358 3244 locis
2401 3205 2716 3254 numerum,
2754 3205 2945 3246 verum
2978 3191 3142 3246 etiam
3178 3191 3323 3247 idem
3359 3206 3518 3246 com-

1941 3285 2184 3338 muniter
2211 3298 2405 3337 omnes
2432 3283 2640 3338 sentire
2669 3292 2725 3337 et
2757 3283 2919 3348 velle,
2946 3297 3068 3338 esse
3092 3299 3257 3353 quam
3286 3286 3519 3338 sanctis-

1939 3373 2163 3426 simum.
2197 3372 2340 3438 Quin
2373 3381 2430 3427 et
2467 3373 2714 3426 strictior
2746 3372 2865 3442 ipsa
2898 3381 3064 3442 atque
3096 3373 3343 3429 exactior
3375 3375 3518 3430 ratio

1940 3467 2188 3538 ﬂagitare
2225 3468 2464 3530 videtur,
2499 3465 2663 3538 586
2701 3481 2769 3521 ne
2801 3482 2908 3536 qua
2944 3467 3106 3522 nobis
3144 3467 3218 3522 sit
3258 3482 3382 3522 cum
3414 3468 3515 3522 Ju-

1941 3560 2185 3614 dzcorum
2233 3559 2478 3630 perjurio
2520 3559 2859 3614 communio.
2899 3555 2962 3610 Et
2999 3567 3060 3612 ut
3099 3565 3318 3614 tandem
3361 3573 3516 3612 sum-

1944 3667 2086 3705 mam
2131 3653 2210 3705 rei
2253 3651 2496 3705 breviter
2524 3650 2704 3704 dicam
2739 3667 2753 3703 :
2782 3651 3062 3705 communi
3098 3651 3341 3704 omnium
3369 3651 3518 3720 judi-

1941 3742 2028 3796 cio
2055 3742 2285 3810 placuit,
2321 3741 2702 3795 sanctissimas
2734 3740 3020 3796 Pascbatis
3058 3741 3248 3806 ferias,
3280 3756 3390 3795 uno
3422 3757 3518 3795 eu-

1942 3831 2180 3902 demque
2219 3832 2306 3886 die
2351 3831 2561 3902 peragi.
2607 3832 2827 3887 Minime
2881 3847 3119 3902 namque
3159 3832 3317 3887 decet
3356 3834 3412 3888 in
3457 3849 3516 3888 re

1944 3935 2054 3978 tam
2085 3934 2272 3978 sancta
2310 3924 2551 3994 aliquam
2581 3934 2800 3980 exstare
2829 3925 3258 3980 dissensionem.
3296 3927 3360 3981 ιςι
3395 3929 3518 3997 pul-

1943 4015 2134 4078 chrius
2165 4024 2250 4069 est
2283 4031 2400 4068 eam
2435 4016 2588 4084 sequi
2637 4017 2996 4080 sententiam,
3026 4017 3078 4071 in
3114 4032 3222 4087 qua
3262 4019 3412 4074 nulla
3443 4023 3516 4074 sit

1943 4107 2108 4161 alieni
2161 4107 2370 4161 erroris
2410 4115 2465 4161 et
2507 4107 2716 4176 peccati
2766 4110 3041 4178 contagio.
3070 4109 3148 4163 Ac
3187 4126 3312 4164 cum
3350 4111 3420 4164 ita
3456 4128 3517 4166 se

1945 4215 2036 4254 res
2064 4199 2288 4266 habeat,
2323 4199 2629 4254 libentibus
2657 4199 2858 4255 animis
2897 4203 3120 4257 caeleste
3158 4203 3260 4258 hoc
3289 4214 3346 4259 et
3385 4221 3517 4261 vere

1945 4291 2194 4344 divinum
2238 4290 2505 4359 suscipite
2552 4301 2910 4360 preceptum.
2944 4293 3222 4364 Quidquid
3263 4298 3412 4351 enim
3461 4299 3514 4352 in

1946 4383 2151 4436 sanctis
2205 4383 2589 4451 episcoporum
2643 4383 2826 4454 agitur
2896 4386 3288 4452 conventibus,
3342 4387 3393 4442 id
3447 4389 3514 4442 ad

268 4471 627 4541 ὑποδέχεσθαί
655 4487 715 4523 τε
743 4473 838 4523 καὶ
866 4471 1169 4524 διατάττειν
1195 4469 1436 4538 ὀφείλετε
1464 4483 1478 4497 ⁸
1506 4459 1599 4521 ’ἵνα
1626 4468 1840 4520 ἐπειδὰν

1949 4474 2192 4528 divinam
2229 4475 2466 4529 refertur
2497 4475 2855 4529 voluntatem.
2899 4476 3086 4546 Itaque
3120 4479 3202 4533 eis
3230 4495 3350 4547 quae
3379 4482 3519 4536 scri-

271 4566 405 4631 ττρδς
442 4565 542 4634 τὴν
575 4563 743 4616 πάλαι
803 4580 893 4631 μοι
925 4561 1266 4631 ποθουμένην
1301 4561 1401 4630 τῆς
1428 4561 1700 4629 ὑμετέρας
1731 4559 1846 4612 δια·

269 4659 470 4720 θέσεως
494 4658 614 4727 δψιν
662 4658 968 4726 ἀφίκωμαι,
1019 4657 1076 4708 ἐν
1109 4656 1210 4725 μιᾷ
1262 4655 1352 4706 καὶ
1397 4657 1462 4723 τῇ
1491 4654 1628 4723 αὐτῇ
1665 4652 1844 4722 ἡμέρα

268 4753 363 4822 τὴν
400 4753 563 4819 ἁγίαν
593 4751 715 4820 μεθ’
778 4751 933 4820 ὑμῶν
994 4749 1192 4819 ἑορτὴν
1249 4748 1559 4800 ἐπιτελέσαι
1607 4745 1839 4814 δυνηθῶ,

272 4847 361 4898 καὶ
401 4846 623 4897 πάντων
671 4845 856 4896 ἕνεκεν
909 4843 1028 4914 μεθ’
1062 4842 1216 4912 ὑμῶν
1248 4840 1546 4911 εὐδοκήσω,
1602 4839 1841 4909 συνορῶν

270 4940 367 5008 τὴν
391 4937 705 5000 διασολικὴν
737 4937 998 5006 ὠμότητα
1047 4933 1152 4986 ὑπὸ
1197 4934 1296 5004 τῆς
1347 4932 1499 4995 θείας
1559 4932 1843 5000 δυνάμεως

271 5031 357 5084 διὰ
381 5030 488 5082 τῶν
515 5031 800 5101 ἡμετέρων
857 5025 1110 5097 πράξεων
1148 5025 1526 5096 ἀνῃρημένην,
1561 5023 1842 5094 ἀκμαζού-

273 5141 370 5193 σης
424 5121 699 5193 πανταχοῦ
729 5125 828 5190 τῆς
857 5122 1130 5190 ὑμετέρας
1169 5123 1408 5182 πίστεως
1467 5120 1564 5172 καὶ
1617 5120 1844 5190 εἰρήνης

275 5219 366 5269 καὶ
424 5218 700 5286 ὁμονοίας.
754 5213 816 5269 '0
858 5214 988 5277 Θεὸς
1023 5213 1169 5283 ὑμᾶς
1223 5210 1572 5282 διαφυλάξαι,
1625 5212 1843 5280 ἀδελφοὶ

273 5309 566 5379 αγαπητοὶ.
607 5327 626 5360 ι

355 5578 550 5632 Ὀποῖα
578 5578 633 5630 δὲ
662 5581 758 5632 καὶ
810 5579 932 5632 κατ’
989 5577 1205 5650 Ἀρείου
1261 5579 1353 5631 καὶ
1382 5577 1493 5631 τῶν
1521 5580 1843 5650 ὀμοφρονων

279 5671 468 5744 ἐκείνῳ
489 5675 688 5744 γράφει
717 5675 830 5738 τοῖς
856 5673 1135 5744 πανταχοῦ
1177 5674 1498 5736 ἐπισκόποις
1541 5675 1636 5728 καὶ
1667 5673 1840 5738 λαοῖς,

276 5763 478 5820 δίκαιον
509 5767 838 5824 ἐπακοῦσαι.
879 5787 896 5820 ι
939 5768 1079 5831 Τοὺς
1134 5767 1407 5838 πονηρεὺς
1468 5769 1564 5821 καὶ
1619 5767 1839 5831 ἀσεδεῖς

1948 4566 2159 4634 psimns
2198 4565 2458 4620 omnibus
2497 4566 2714 4621 dilectis
2757 4567 3026 4623 fratribus
3067 4571 3270 4626 nostris
3309 4571 3519 4642 signifi-

1948 4659 2110 4722 catis,
2136 4659 2244 4729 jam
2273 4659 2540 4712 rationem
2570 4659 2712 4714 hanc
2735 4669 2793 4714 et
2818 4661 3256 4717 observationem
3283 4666 3517 4720 sanctis.

1948 4752 2074 4806 simi
2128 4751 2238 4806 dici
2287 4751 2570 4820 suspicere
2623 4762 2790 4821 atque
2847 4753 3136 4809 instituere
3180 4755 3417 4823 debetis,
3458 4770 3517 4814 ut

1945 4858 2072 4896 cum
2107 4842 2160 4896 in
2194 4841 2414 4911 pietatis
2448 4855 2648 4896 vestra
2684 4843 2852 4912 (quod
2891 4843 3099 4898 dudum
3140 4846 3276 4900 mihi
3315 4847 3420 4902 fuit
3459 4851 3514 4902 in

1945 4935 2112 5003 votis)
2143 4945 2498 5004 conspectum
2533 4950 2755 4998 venero,
2789 4951 2900 4990 uno
2929 4937 3236 5007 eodemque
3265 4938 3357 4993 die
3383 4955 3513 4994 san-

1945 5039 2062 5084 etas
2106 5028 2390 5084 vobiscum
2442 5029 2607 5084 ferias
2657 5030 2938 5085 celebrare
2985 5033 3217 5093 valeam,
3250 5042 3307 5086 et
3349 5033 3518 5089 rebus

1946 5121 2207 5176 omnibus
2242 5135 2350 5174 una
2383 5120 2670 5176 vobiscum
2705 5137 2772 5176 ex
2803 5122 2988 5176 animo
3031 5122 3292 5189 delecter,
3327 5123 3518 5180 ferita-

1949 5225 2056 5269 tem
2089 5213 2419 5270 diabolicam
2463 5228 2561 5284 per
2591 5215 2700 5267 vim
2739 5213 2982 5269 divinam
3023 5215 3286 5284 operibus
3315 5219 3518 5274 nostris

1946 5303 2241 5370 sublatam,
2267 5315 2615 5374 vestramque
2645 5305 2848 5375 ubique
2880 5305 3067 5371 fidem,
3092 5323 3282 5378 pacem
3307 5321 3360 5365 et
3384 5327 3518 5367 con-

1944 5398 2188 5453 cordiam
2225 5399 2503 5470 vigentem
2549 5413 2805 5454 cernens.
2845 5397 2992 5455 Deus
3031 5415 3128 5456 vos
3160 5414 3364 5469 servet,
3404 5406 3518 5458 frao

1947 5505 2035 5546 res
2065 5490 2274 5546 dilecti.
2310 5509 2328 5543 ›

2017 5583 2258 5654 Equum
2300 5584 2466 5638 etiam
2491 5593 2604 5667 est,
2639 5601 2761 5666 quae
2793 5597 2985 5642 contra
3021 5589 3212 5643 Arium
3246 5597 3304 5644 et
3337 5599 3518 5646 secta-

1949 5687 2095 5732 tores
2144 5675 2285 5747 ejus,
2322 5675 2582 5733 omnibus
2628 5681 2834 5751 passim
2878 5682 3158 5750 episcoliis
3197 5691 3255 5737 et
3300 5683 3521 5752 popinis

1947 5767 2205 5840 scripsit,
2253 5783 2609 5838 cognoscere.
2670 5790 2688 5822 ι
2722 5771 2860 5826 Cum
2911 5774 3181 5844 malignos
3223 5783 3278 5829 ct
3320 5775 3518 5845 impius
