4034 6554
501 321 574 387 99
1727 314 2152 377 NlCEPllOliI
2195 311 2544 377 CALLISTI
3657 305 3760 376 10')

506 434 673 488 Arius
709 429 812 484 sibi
853 429 1158 486 imitandos
1203 432 1446 498 auxerit,
1485 446 1581 502 par
1619 440 1706 486 est
1736 440 1796 484 ut
1824 430 2073 486 eamdem

2191 433 2565 501 μιμησάμενος
2598 433 2840 501 Ἀρειος,
2870 431 3076 494 δίκαιός
3108 432 3225 485 ἐστι
3253 433 3354 500 τὴν
3385 430 3553 501 αὐτὴν
3613 431 3758 484 ἐκεί-

505 539 632 578 cnm
665 522 777 575 illis
809 523 949 575 femi
980 523 1361 592 ignominiam.
1395 522 1870 589 Quemadmodum
1908 522 2076 591 igitur

2191 539 2298 584 νοις
2348 524 2576 591 ὑπέχειν
2609 523 2854 590 ἀτιμίαν.
2893 523 3105 593 ’Ὠσπερ
3152 523 3332 576 τοίνυν
3377 524 3685 593 Πορφύριος
3728 526 3758 576 δ

508 615 847 683 Porphyrius
892 612 1095 668 divina:
1132 615 1354 683 pietatis
1388 615 1583 678 hostis,
1623 613 1828 683 iniquis
1875 614 1943 667 de
1984 628 2074 666 re-

505 705 712 775 ligione
745 705 1068 775 compositis
1111 705 1294 769 libris,
1330 707 1656 776 condignam
1695 706 1900 774 reperit
1935 720 2078 758 mer-

505 799 720 857 cedem,
753 812 851 866 per
881 813 1047 866 quam
1087 799 1332 852 omnium
1377 798 1578 852 futuris
1610 797 1828 852 saeculis
1858 795 2078 866 probris

503 891 780 944 obnoxius
809 891 939 954 erit,
965 891 1313 959 plurimaque
1342 891 1614 945 obruetur
1639 887 1884 951 infamia,
1910 898 2077 957 atque

506 982 738 1049 insuper
765 981 934 1050 impia
959 981 1080 1051 ejus
1103 981 1310 1036 abolita
1335 991 1467 1034 sunt
1491 981 1722 1050 scripta,
1748 980 1820 1033 ita
1847 989 1899 1033 et
1927 992 2076 1032 nunc

499 1073 769 1142 placitum
817 1073 978 1128 nobis
1027 1085 1134 1137 est,
1180 1074 1373 1127 Arium
1415 1083 1472 1127 et
1502 1073 1619 1127 Arii
1664 1070 2072 1138 suifragatores,

505 1164 921 1234 Porphyrianos
949 1163 1174 1232 quidem
1205 1165 1499 1226 nominari,
1533 1173 1594 1218 ut
1617 1179 1850 1232 quorum
1877 1163 2074 1217 imitati

505 1265 636 1310 sunt
687 1271 892 1315 mores.
926 1271 1117 1310 eorum
1161 1271 1380 1325 quoque
1425 1256 1715 1311 obtineant
1753 1255 2076 1325 appellatio-

506 1363 607 1402 nes
633 1367 646 1402 :
678 1348 723 1402 si
754 1347 901 1416 quod
936 1359 1121 1402 autem
1154 1348 1421 1416 scriptum
1453 1348 1520 1402 ad
1549 1347 1681 1402 Ario
1711 1346 2075 1414 compositum

507 1438 840 1509 reperiatur.
880 1451 939 1492 ut
995 1439 1102 1510 igni
1153 1439 1206 1495 id
1257 1439 1506 1494 tradatur
1550 1439 1828 1499 volumus.
1860 1447 1920 1492 ut
1964 1453 2077 1492 non

511 1533 676 1587 modo
736 1532 988 1601 improba
1038 1533 1158 1602 ejus
1211 1531 1469 1586 doctrina
1517 1531 1835 1602 abrogetur,
1883 1546 2076 1586 verum

505 1642 672 1679 etiam
703 1640 772 1680 ne
808 1636 1226 1680 monumentum
1256 1624 1478 1694 quidem
1513 1623 1732 1694 aliquod
1762 1623 1884 1690 ejus
1916 1622 2077 1676 relin-

507 1728 730 1787 quatur.
778 1717 919 1772 lllud
971 1717 1222 1787 equidem
1276 1715 1596 1784 praedictum
1644 1715 1806 1776 volo.
1854 1714 1902 1768 si
1952 1713 2077 1783 quis

508 1811 754 1865 libellum
791 1812 1030 1880 aliquem
1061 1811 1127 1864 ab
1157 1809 1289 1864 Ario
1324 1809 1696 1878 conscriptum
1734 1807 1939 1872 celare,
1974 1821 2078 1861 nec

510 1903 774 1958 continuo
799 1903 912 1972 igni
939 1902 1296 1966 comburere,
1325 1900 1707 1970 deprehensus
1738 1899 1925 1962 fuerit,
1951 1914 2081 1967 sup-

509 1994 738 2064 plicium
782 1993 857 2048 ei-
887 1993 1081 2047 mortis
1123 2006 1248 2046 esse
1297 1989 1684 2046 constitutum.
1725 1988 1887 2060 587
1930 1989 2080 2044 Illico

510 2100 749 2154 namque
807 2085 862 2139 in
916 2084 1146 2138 crimine
1208 2082 1301 2138 tali
1367 2080 1805 2151 comprehensus
1863 2094 2079 2149 pmuam

513 2177 811 2234 sustinebit
837 2175 1152 2246 capitalem.
1185 2193 1204 2227 ι
1241 2173 1433 2229 Plures
1458 2174 1624 2228 etiam
1649 2173 1787 2228 alias
1815 2176 2083 2227 adversus

511 2271 738 2325 eosdem
775 2268 844 2322 ad
882 2267 999 2322 loca
1041 2267 1226 2321 omnia
1264 2264 1414 2319 misit
1445 2263 1729 2334 epistolas,
1759 2263 1942 2318 verbis
1985 2276 2082 2331 per

513 2366 751 2420 ironiam
781 2363 850 2419 ad
883 2364 1294 2417 simulationem
1330 2362 1673 2430 compositis,
1705 2361 1788 2414 eis
1819 2359 2077 2414 illudens.

514 2455 1031 2512 Nicomediensibus
1071 2453 1261 2508 itidem
1304 2453 1381 2522 tl)
1447 2462 1640 2506 contra
1681 2451 1979 2506 Eusebium
2027 2459 2084 2506 et

515 2548 896 2620 Theognidem
935 2547 1179 2616 scripsit,
1212 2547 1510 2601 Eusebium
1559 2545 1954 2616 perstringens,
1991 2561 2086 2600 ve-

513 2643 617 2698 luti
649 2643 858 2698 Licinio
893 2641 1194 2711 aliquando
1243 2640 1518 2695 faventem
1562 2639 1780 2708 sibique
1815 2637 2084 2692 insidian-

515 2743 650 2793 tem.
684 2746 852 2802 atque
890 2733 1058 2787 alium
1090 2732 1409 2801 episcopum
1442 2731 1626 2799 legere
1665 2730 1902 2801 iubens;
1938 2727 2083 2798 quod

515 2835 572 2880 et
603 2825 808 2880 iactum
843 2835 946 2880 est.
982 2823 1086 2878 Eas
1116 2823 1378 2892 epistolas
1401 2821 1504 2876 boc
1528 2823 1651 2876 loco
1679 2835 1981 2890 apponere,
2016 2835 2085 2874 nc

515 2919 734 2990 longior
771 2934 890 2973 esse
937 2917 1155 2981 videar,
1191 2916 1376 2970 minus
1420 2913 1716 2970 convenire
1762 2913 1966 2983 putavi.
2007 2913 2086 2968 Ac

518 3010 588 3065 dc
618 3012 703 3064 bis
730 3008 950 3080 quidem
985 3008 1275 3074 hactenus.

1080 3119 1309 3178 CAPUT
1348 3120 1541 3176 XXVI.

523 3217 673 3284 Quod
696 3217 1069 3272 Constantinus
1099 3215 1468 3268 benedictionis
1501 3230 1682 3275 causa,
1712 3213 2088 3284 Constantino-

593 3289 754 3358 polim
806 3288 1004 3357 syhodo
1079 3285 1380 3358 translata,
1443 3283 1707 3358 publicum
1771 3283 2088 3358 ei_pra'buit

594 3354 804 3426 epulum
835 3354 882 3410 et
915 3356 1441 3426 muneribus,omnes
1469 3354 1678 3408 honoris
1705 3355 1877 3423 gratia
1914 3370 2090 3423 prose-

594 3424 766 3492 cutus,
798 3429 1009 3480 domum
1039 3442 1294 3496 quemque
1313 3424 1596 3478 dimiserit.

595 3543 866 3596 Cancrum
900 3539 1066 3592 rebus
1095 3540 1162 3591 ad
1197 3537 1346 3592 hunc
1379 3537 1604 3592 modum
1633 3536 1916 3599 euntibus,
1944 3552 2092 3590 com-

526 3634 748 3690 modum
796 3631 984 3687 evenit
1031 3640 1093 3684 ut
1140 3629 1437 3686 vicesimus
1484 3628 1834 3685 Constantini
1875 3629 2090 3698 imperii

529 3743 710 3784 annus
740 3738 854 3781 tum
888 3725 1280 3794 complerctur.
1310 3723 1378 3777 Et
1404 3723 1638 3777 Romani
1671 3737 1822 3776 more
1848 3731 2092 3790 recepto,

527 3823 742 3877 decimo
785 3834 1005 3888 quoque
1053 3816 1318 3887 principis
1363 3815 1448 3870 sui
1493 3815 1709 3884 imperii
1749 3829 1916 3878 anno,
1948 3829 2097 3868 com-

529 3930 754 3970 munem
793 3922 849 3968 et
892 3911 1168 3982 publicum
1207 3911 1442 3979 agebant
1475 3918 1807 3963 conventum
1841 3907 2096 3976 diemque

529 4009 753 4062 festum.
801 4007 992 4074 itaque
1039 4011 1096 4058 et
1145 4006 1262 4071 ipse
1313 4001 1510 4056 decere
1563 4000 1616 4054 id
1663 3999 1986 4063 arbitratus,
2027 3998 2096 4052 ad

527 4099 721 4168 epulas
769 4098 1038 4168 synodum
1087 4095 1306 4156 invitat,
1347 4101 1404 4148 et
1438 4092 1576 4148 toris
1613 4092 1870 4161 plurimis
1903 4089 2096 4146 ordine

530 4207 633 4247 suo
675 4189 977 4249 collocatis,
1005 4188 1200 4244 eodem
1246 4187 1303 4241 in
1337 4185 1462 4240 loco
1505 4182 1711 4253 excipit
1741 4223 1756 4248 ,
1799 4181 2097 4249 multisque

528 4295 584 4335 et
616 4279 966 4335 sermonibus
1001 4288 1057 4332 et
1092 4277 1255 4331 donis
1297 4275 1778 4330 honoriﬁcentiam
1809 4282 1864 4328 et
1895 4273 2098 4328 libera-

531 4374 741 4427 litatem
773 4387 902 4439 erga
933 4371 1058 4425 illos
1096 4369 1408 4431 declarans,
1445 4365 1900 4436 praeclarissimos
1935 4380 2100 4434 quos-

2180 615 2276 682 τῆς
2307 614 2620 674 θεοσεϐείας
2652 615 2846 684 ἐχθρὸς
2877 615 3237 683 συντάγματα
3287 615 3582 683 παράνομα
3623 613 3758 681 περὶ

2178 706 2276 774 τῆς
2303 707 2606 776 θρησκείας
2637 707 3076 776 συστησάμενος,
3109 707 3260 770 ἄξιον
3293 705 3492 774 εὕρατο
3519 689 3716 774 μισθόν
3740 721 3755 736 ·

2177 795 2272 846 καὶ
2305 796 2547 848 τοιοῦτον
2577 794 2721 848 ὥστε
2753 796 3120 849 ἐπονείδιστον
3153 796 3254 864 μὲν
3280 797 3446 850 αύτδν
3472 797 3620 867 πρὸς
3661 797 3755 848 τὸν

2178 886 2308 957 ἑξῆς
2330 888 2584 953 γενέσθαι
2632 889 2845 958 χρόνον,
2903 891 2998 942 καὶ
3033 889 3296 960 πλείστης
3337 890 3756 960 ἀναπλησθῆναι

2178 979 2522 1045 κακοδοξίας,
2573 982 2939 1052 ἀφανισθῆναι
2972 982 3030 1035 δὲ
3076 982 3145 1035 τὰ
3187 984 3361 1052 ἀσεϐῆ
3411 983 3576 1037 αὑτοῦ
3617 999 3752 1050 συγ·

2177 1077 2481 1147 γράμματα
2503 1094 2517 1107 ·
2545 1077 2688 1130 οὕτω
2723 1077 2819 1130 καὶ
2846 1078 2941 1131 νῦν
2971 1072 3152 1143 ἔδοξεν
3179 1078 3398 1149 Ἀρειόν
3433 1095 3493 1132 τε
3514 1078 3754 1140 καὶτοὺς

2191 1170 2405 1238 Ἀρείου
2423 1170 2810 1240 ὁμογνώμονας
2856 1171 3265 1240 Πορφυριανοὺς
3301 1171 3400 1238 μὲν
3446 1168 3751 1226 καλεῖσθαι,

2178 1260 2247 1314 ἶν’
2273 1255 2349 1313 ὧν
2395 1261 2522 1324 τοὺς
2553 1263 2789 1329 τρόπους
2829 1263 3191 1331 μεμίμηνται,
3219 1260 3428 1314 τούτων
3459 1260 3624 1329 ἔχωσι
3660 1263 3756 1312 καὶ

2176 1354 2275 1422 τὴν
2295 1353 2670 1422 προσηγορίαν
2693 1369 2706 1383 °
2736 1353 2874 1423 πρὸς
2902 1353 2956 1407 δὲ
2980 1354 3212 1417 τούτοις,
3231 1353 3329 1407 καὶ
3359 1353 3412 1406 εἴ
3431 1369 3486 1404 τι
3512 1351 3752 1418 σύνταγο

2181 1461 2256 1515 μα
2275 1445 2380 1497 sua
2405 1445 2617 1514 Ἀρείου
2643 1448 3070 1516 συντεταγμένον
3089 1446 3416 1516 εὑρίσκοιτο,
3437 1445 3596 1498 τοῦτο
3617 1462 3689 1497 πυ
3698 1447 3755 1512 pl.

2177 1535 2588 1605 παραδίδοσθαι,
2623 1537 2711 1591 ἴνα
2765 1537 2842 1606 μὴ
2898 1537 3059 1606 μόνον
3093 1537 3164 1590 τὰ
3214 1537 3393 1606 φαῦλα
3438 1537 3604 1590 αὑτοῦ
3654 1539 3755 1604 τῆς

2176 1624 2527 1690 διδασκαλίας
2552 1628 2904 1698 ἁφανισθείη,
2930 1629 3066 1682 ἀλλὰ
3094 1629 3231 1700 μηδὲ
3261 1629 3562 1700 ὑπόμνημα
3589 1629 3757 1682 αὐτοῦ

2177 1715 2316 1778 δλως
2369 1716 2714 1773 ύπολίποιτο.
2787 1718 2996 1772 Ἐκεῖνο
3040 1719 3226 1788 μέντοι
3248 1717 3609 1789 προαγορεύω
3639 1732 3655 1747 ’
3684 1717 3763 1778 ὡς

2181 1807 2237 1860 εῐ
2259 1823 2344 1870 τις
2367 1809 2656 1879 σύνταγμα
2713 1811 2820 1863 ὑπὸ
2886 1811 3099 1881 Ἀρείου
3161 1810 3427 1878 συνταγὶν
3475 1808 3760 1880 φωραθείη

2183 1896 2422 1967 κρύψας,
2454 1901 2548 1952 καὶ
2589 1899 2666 1971 μὴ
2696 1899 2900 1964 εὐθέως
2931 1900 3318 1972 προσενεγκὼν
3349 1899 3483 1971 πυρὶ
3521 1916 3764 1955 κατανα-

2181 1987 2355 2062 λώσῃ,
2387 1991 2562 2058 τούτῳ
2588 1991 2818 2056 θάνατος
2881 1991 3038 2046 ἔσται
3075 1993 3110 2063 ή
3153 1991 3348 2063 ζημία.
3408 1989 3776 2062 Παραχρῆμει,

2182 2081 2291 2154 γὰρ
2322 2083 2484 2147 ἁλοὺς
2510 2085 2602 2138 ἐπὶ
2631 2085 2827 2156 τούτῳ,
2860 2086 3166 2156 κεφαλικὴν
3199 2085 3565 2156 ύποστήσεται
3591 2101 3764 2152 τιμω-

2187 2176 2327 2247 ρίανο
2366 2193 2387 2228 ⁸
2421 2175 2630 2240 Πολλὰς
2661 2176 2716 2230 δὲ
2747 2178 2844 2231 καὶ
2877 2177 3046 2242 ἄλλας
3092 2178 3378 2240 ἐπιστολὰς
3426 2177 3548 2230 κατ’
3582 2175 3764 2228 αὐτῶν

2183 2270 2430 2340 πέμψας,
2449 2270 2767 2342 ἁπανταχοῦ
2819 2271 3222 2336 ἐξαπέστειλεν,
3257 2273 3315 2324 ὲν
3345 2271 3530 2340 εῐρωνι
3564 2268 3640 2338 τῷ
3676 2268 3764 2318 lci-

2183 2383 2268 2437 γῳ
2296 2363 2603 2428 διαπαίζων
2653 2366 2873 2428 αὐτούς.
2912 2365 3018 2418 Καὶ
3068 2364 3443 2435 Νικομηδεῦσι
3496 2362 3554 2416 δὲ
3617 2365 3763 2414 κατὰ

2184 2458 2450 2513 Εύσεόίου
2497 2458 2590 2511 καὶ
2625 2457 2908 2525 Θεόγνιδος
2945 2457 3208 2527 ἔγραφεν,
3241 2459 3298 2510 ὲν
3343 2438 3558 2518 οἷςτοῦ
3585 2454 3763 2507 Euca-

2186 2550 2304 2603 σίου
2338 2549 2706 2613 καθάπτεται,
2757 2549 2832 2612 ὡς
2864 2549 3090 2620 Λικινίῳ
3144 2548 3479 2614 εὐνοοῦντος,
3517 2547 3761 2613 κάκείνῳ

2185 2642 2654 2708 ἐπιϐουλεύοντος,
2687 2643 2783 2696 καὶ
2831 2643 3135 2696 ἐπίσκοπον
3187 2643 3379 2713 ἕτερον
3435 2640 3697 2694 ἑλέσθαι·
3733 2640 3762 2692 ὃ

2186 2735 2282 2787 καὶ
2313 2734 2552 2802 ἐγένετο.
2590 2734 2661 2786 Τὸ
2693 2732 2751 2786 δὲ
2776 2732 2946 2802 μῆκος
3003 2731 3222 2801 φεύγων
3246 2728 3378 2798 ἐγὼ,
3410 2729 3504 2781 καὶ
3552 2727 3763 2788 ταύτας

2188 2826 2520 2896 παραθεῖναι
2551 2827 2648 2890 τὰς
2683 2824 2976 2888 ἐπιστολὰς
3009 2825 3069 2878 ού
3108 2823 3230 2878 δέον
3261 2823 3616 2892 ἐλογισάμην.
3649 2821 3763 2872 Καὶ

2191 2917 2324 2987 περὶ
2356 2919 2458 2988 μὲν
2483 2917 2692 2972 τούτων
2720 2915 2916 2973 ταῦτα.

2751 3125 3003 3180 usam.
3051 3125 3200 3193 κεῖν.

2193 3223 2315 3277 Ὅτι
2364 3223 2434 3276 ἐν
2471 3219 3106 3276 Κωνσταντινουπόλει
3164 3216 3279 3284 τὴν
3324 3215 3591 3271 σύνοδον
3619 3215 3762 3282 ἄγαν

2261 3293 2406 3364 τὼν,
2432 3291 2714 3364 εὐλογίας
2770 3288 2976 3364 χάριγ,
3023 3287 3326 3364 δημοτελῆ
3366 3286 3765 3364 αὺτιῇῗὲστία-

2261 3357 2366 3417 (nr
2386 3357 2748 3430 ἐποιήσασθέ
2772 3357 2878 3411 atat
2907 3357 3116 3430 δώροις
3136 3357 3420 3430 λᾷπαντας
3445 3363 3762 3426 φιλοτιμηιί

2262 3427 2558 3502 adﬂat-oc,
2583 3429 2787 3483 οἶκαδε
2823 3428 3091 3483 ἀπέλυεν
3126 3427 3407 3480 ἕκαστον.

2265 3548 2486 3603 Τούτων
2517 3546 2663 3600 οὕτω
2692 3545 3036 3616 προῦάντων,
3071 3543 3266 3613 συνέϐη
3308 3543 3407 3614 τὴν
3442 3544 3762 3611 είκοσαετηδ

2197 3643 2317 3714 ρίδα
2348 3641 2448 3710 τῆς
2475 3638 2886 3693 Κωνσταντίνου
2911 3635 3209 3706 τηνικαῦτα
3243 3635 3522 3705 βασιλείας
3549 3637 3770 3705 περιελ-

2196 3731 2332 3784 θεῖν.
2391 3729 2598 3790 Είωυδς
2655 3727 2714 3781 δι
2761 3725 3062 3797 Ῥωμαίοις
3118 3727 3243 3779 καθ’
3293 3726 3532 3794 ἑκάστην
3570 3727 3770 3780 δεκάδα

2195 3819 2292 3873 τοῦ
2355 3817 2683 3890 κρατοῦντος
2750 3819 2929 3888 ἀρχῆς
2986 3817 3170 3889 κοινὴν
3226 3819 3541 3888 πανήγυριν
3589 3819 3768 3884 ἄγειν,

2198 3910 2478 3980 προσῆκον
2519 3910 2773 3971 κάκεῖνος
2802 3909 3183 3978 λογισάμενος,
3235 3910 3315 3972 είς
3369 3909 3611 3961 ἑστίασιν
3670 3909 3770 3975 τὴν

2201 4001 2418 4055 σύνοδον
2450 4000 2861 4072 προετρέψατοσ
2895 4002 2992 4053 καὶ
3043 4000 3180 4069 δῆτα
3237 3999 3448 4052 πολλῶν
3500 3999 3770 4052 στιόἀδων

2199 4093 2258 4144 ὲν
2277 4090 2482 4162 εὐθέτῳ
2519 4091 2927 4160 γεγενημένων,
2952 4084 3308 4143 κατὰξταυτον
3339 4091 3546 4153 πάντας
3570 4090 3769 4150 εἱστία,

2199 4183 2418 4247 πολλοίς
2443 4183 2539 4238 καὶ
2571 4182 2749 4252 λόγοις
2795 4185 2893 4236 καὶ
2929 4181 3120 4250 δώροις
3158 4183 3220 4236 τὸ
3253 4181 3538 4251 φιλότιμον
3567 4181 3775 4236 ἐπιδει-

2201 4276 2491 4346 κνύμενος.
2545 4276 2686 4338 Τοὺς
2741 4277 2839 4346 μὶν
2885 4271 2982 4330 οὖν
3025 4278 3346 4344 περιφανεῖς
3403 4276 3626 4328 ἐκείνων
3674 4275 3774 4328 καὶ

2201 4367 2611 4438 ὁμοτραπέζους
2639 4367 2818 4436 ἑαυτῷ
2855 4368 3028 4420 ἐποίει
3051 4383 3066 4398 ·
3095 4363 3335 4421 ὧντινων
3363 4367 3459 4420 καὶ⁵
3486 4368 3553 4418 τὰ
3587 4383 3772 4434 πεπη-

531 4480 639 4534 que
678 4478 870 4518 eorum
911 4476 1110 4516 mensae
1145 4475 1255 4515 suae
1287 4459 1536 4514 adhibet.
1576 4458 1818 4524 Quorum
1854 4457 2087 4526 quidem,

2209 4460 2435 4529 ρωμένα
2465 4459 2552 4512 διὰ
2585 4459 2824 4528 Χριστὸν
2863 4459 2999 4530 μέλη
3023 4459 3321 4530 θεώμενος,
3363 4461 3457 4512 καὶ⁵
3478 4459 3538 4510 τὸ
3559 4459 3774 4527 ἑδραῖον

529 4572 658 4610 cum
689 4555 780 4610 ille
807 4554 1054 4610 mutilata
1086 4561 1314 4623 propter
1336 4551 1615 4607 Christum
1645 4560 1898 4605 cerneret
1931 4563 2101 4602 mein-

531 4651 652 4717 bra,
677 4659 841 4718 atque
873 4647 1001 4702 ﬁdei
1029 4660 1218 4702 eorum
1248 4643 1613 4701 constantiam
1639 4641 1766 4696 inde
1792 4641 2097 4712 colligeret,

529 4743 694 4799 labiis
724 4744 842 4812 ipse
872 4743 988 4795 suis
1023 4738 1311 4794 cicatrices
1338 4751 1532 4792 eorum
1575 4735 1887 4790 exosculari
1922 4744 1978 4788 et
2008 4749 2099 4788 ve-

532 4837 713 4890 nerari
742 4833 1070 4903 dedignatus
1099 4846 1210 4886 non
1245 4838 1347 4891 est,
1383 4830 1610 4901 gratiam
1643 4843 1701 4881 se
1732 4828 1923 4882 osculo
1956 4827 2102 4896 ejus-

535 4929 678 4981 modi
731 4937 785 4980 et
830 4924 1217 4979 benedictione
1261 4938 1450 4976 eorum
1500 4921 1784 4989 percipere
1833 4917 2095 4972 conlisus.

535 5020 895 5088 Posteaquam
930 5026 1115 5071 autem
1160 5015 1322 5070 linem
1364 5029 1524 5067 suum
1565 5012 1876 5066 convivium
1914 5011 1966 5066 id
2004 5008 2101 5064 ba'-

534 5115 678 5175 buit,
709 5113 828 5168 loco
873 5126 975 5166 suo
1015 5124 1339 5177 exsurgens,
1381 5107 1648 5176 supplicis
1681 5119 1832 5158 more
1865 5119 2102 5158 conven-

536 5216 653 5260 tum
691 5205 922 5275 rogavit,
959 5213 1018 5258 ut
1060 5203 1156 5272 qui
1201 5210 1412 5255 tantum
1465 5199 1825 5268 pertulissent
1872 5196 2100 5263 laboris,

535 5313 840 5370 perpaucos
872 5295 977 5352 sibi
1011 5295 1130 5350 dies
1159 5293 1316 5354 dare,
1357 5301 1412 5346 et
1460 5305 1650 5344 recens
1695 5288 1977 5342 fundatam
2012 5303 2104 5340 ur-

535 5391 681 5455 bem,
707 5390 818 5458 jam
855 5397 972 5442 tum
1005 5385 1322 5454 perfectam,
1367 5382 1520 5436 adire
1565 5397 1671 5435 non
1717 5390 2100 5450 gravarentur,

534 5492 594 5536 ut
643 5479 1057 5550 precationibus
1105 5477 1222 5532 suis
1271 5475 1608 5529 munitiones
1647 5485 1704 5527 et
1749 5488 1936 5527 muros
1979 5473 2102 5540 ejus

535 5574 843 5626 ﬁrmarent.
869 5571 1045 5638 Atque
1074 5569 1151 5623 illi
1181 5569 1390 5632 statim,
1417 5565 1562 5636 quod
1591 5565 1842 5636 petierat,
1868 5565 2098 5618 faciunt.

531 5662 1060 5730 Constantinopolim
1105 5661 1370 5725 veniunt,
1421 5659 1672 5714 Encmuia
1711 5668 1768 5714 ct
1814 5673 2102 5714 consecra-

606 5777 686 5844 (l)
723 5775 935 5830 Socrat.
968 5775 1064 5832 lib.
1099 5794 1112 5831 I
1147 5776 1394 5830 llisloria'
1429 5773 1609 5828 (celes.

2203 4551 2455 4605 ἐντεῦθεν
2497 4554 2594 4622 τῆς
2624 4554 2859 4616 πίστεως
2911 4553 3130 4618 ἐννοῶν,
3177 4553 3414 4624 χείλεσιν
3467 4552 3618 4614 ίδίοις
3672 4551 3775 4603 οὐκ

2202 4643 2437 4713 ἀπηξίου
2459 4646 2626 4716 τιμᾷν
2656 4646 2755 4708 τὰς
2785 4645 3022 4716 πληγὰς,
3052 4645 3272 4717 θαρρῶν
3296 4645 3372 4708 ὡς
3413 4644 3574 4715 χάριν
3623 4643 3776 4696 ἕλκει

2201 4735 2280 4804 τῷ
2302 4735 2568 4804 φιλήματι
2602 4736 2696 4788 καὶ
2743 4735 2866 4799 ταῖς
2899 4734 3196 4802 εὐλογίαις.
3245 4734 3398 4786 Ἐπεὶ
3419 4733 3480 4786 δὲ
3525 4733 3587 4786 τὸ
3625 4733 3778 4803 ἱερὸν

2203 4825 2379 4876 ἐκεῖνο
2413 4825 2718 4890 συμπόσιον
2747 4818 2862 4892 εἶχε
2891 4825 3088 4895 πέρας,
3110 4823 3204 4876 τοῦ
3231 4824 3422 4892 θρόνου
3447 4822 3774 4889 ἐξαναστὰς,

2207 4915 2391 4983 ίκέτης
2422 4916 2635 4982 ἐγίνετο
2673 4914 2768 4968 τοῦ
2804 4914 3089 4984 συλλόγου,
3128 4916 3203 4985 μὴ
3230 4915 3462 4986 ὀκνῆσαι
3515 4915 3779 4970 τοσοῦτον

2205 5007 2451 5074 κάματον
2522 5006 2881 5073 ἁνατλάντας,
2941 5008 3203 5077 βραχείας
3267 5007 3363 5060 καὶ
3415 5005 3564 5075 αὐτῷ
3621 5023 3781 5071 τιν;ς

2205 5098 2416 5167 ἡμέρας
2481 5099 2836 5169 χαρίσασθαι,
2894 5101 2988 5152 κα)⁸
3038 5101 3170 5170 ἄχρι
3207 5099 3272 5170 δὴ
3327 5098 3428 5169 τῆς
3475 5100 3779 5165 νεοπαγοπ

2205 5187 2371 5240 αὑτοῦ
2402 5190 2634 5254 πόλεως,
2662 5189 2959 5258 ἀφικέσθαι
2981 5191 3105 5244 ὅσον
3141 5191 3243 5262 ἤδη
3281 5187 3737 5258 συντελεσθείσης
3761 5206 3775 5219 '

2205 5280 2256 5333 ἵν
2288 5282 2471 5350 εὐχαῖς
2497 5282 2587 5333 τὸν
2614 5282 2818 5352 ταύτης
2847 5283 3134 5353 περίϐολον
3167 5285 3264 5337 καὶ
3294 5285 3362 5336 τὰ
3385 5282 3541 5353 τείχη
3578 5287 3776 5353 στηρί-

2207 5373 2377 5438 ξαιεν.
2434 5376 2494 5426 Οί
2529 5375 2573 5426 δ’
2629 5376 2788 5441 εὐθὺς
2824 5378 3043 5430 ἐποίουν
3086 5379 3148 5430 τὸ
3203 5379 3426 5449 αἱτηθέν
3456 5396 3470 5410 ·
3531 5380 3626 5430 καὶ
3677 5379 3781 5445 τὴν

2208 5467 2620 5521 Κωνσταντίνου
2679 5471 3102 5536 καταλαεόντες,
3152 5473 3219 5524 τὰ
3267 5472 3518 5540 ὲγκαίνια
3567 5472 3781 5540 ταύτης

2207 5559 2446 5627 ἐποίουν,
2469 5563 2568 5632 τὴν
2617 5564 2956 5634 ἀναίμακτον
2987 5565 3181 5620 θυσίαν
3223 5564 3600 5641 ἐπιτελοῦντες
3629 5579 3643 5592 ο
3679 5569 3781 5617 καὶ

2207 5653 2392 5721 εὐχαῖς
2446 5655 2794 5721 διαλαϐόντες
2862 5660 2955 5714 καὶ
3020 5657 3374 5728 στηρίξαντες
3430 5659 3654 5726 ἱκανῶς,
3707 5663 3778 5727 τῇ
