4062 6550
340 344 435 410 iiii

1264 340 1867 403 ECCLESIASTICB
1908 335 2293 398 HISTORIIE
2335 336 2483 396 LIB-
2526 336 2691 397 VIII.

3516 107 3602 135 ‘

3513 335 3614 402 102

332 460 593 531 θεοτόκῳ
626 458 911 522 ανέθεντο,
967 456 1094 509 νὲαν
1137 454 1360 526 Ῥώμην
1390 456 1484 507 καὶ
1542 453 1938 524 βασιλεύουσαν

2044 450 2210 504 tionis
2244 448 2440 505 festum
2478 449 2625 504 diem
2674 449 2981 516 celebrant,
3014 451 3306 506 incruento
3340 453 3614 508 sacrilicio

336 551 927 608 Κωνσταντινούπολιν
956 548 1349 619 ὀνομάσαντες,
1382 546 1785 617 Μητροςράνους
1833 562 1931 611 τη-

335 646 575 699 νικαῦτα
603 645 696 697 τὸν
732 642 925 714 θρόνον
970 641 1066 695 τοῦ
1112 641 1409 705 Βυζαντίου
1458 639 1759 698 διέποντος.
1816 638 1933 690 Καὶ

337 737 500 800 αὖθις
534 736 629 790 οὑν
659 738 739 797 είς
770 734 1018 788 ἐπίασιν
1052 733 1309 797 καλέσας,
1345 732 1516 801 ἕτερᾶ
1549 731 1699 802 δῶρα
1728 730 1935 801 προσήο

339 848 484 899 γαγε
513 847 527 860 ⁸
558 832 654 883 καὶ
683 828 991 898 γράμματα
1018 827 1153 895 πρὸς
1185 828 1315 887 τοὺς
1335 824 1444 877 τῶν
1475 823 1647 877 ἐθνῶν
1687 839 1931 893 προστα-

338 924 629 987 τεύοντας,
681 920 887 990 ἑκάστῃ
928 919 1084 971 πόλει
1116 921 1228 981 τοῖς
1265 918 1674 986 ἀφιερωμένοις
1705 917 1771 986 τῇ
1811 915 1933 986 θείᾳ

338 1013 595 1085 λατρεία,
627 1013 831 1082 χήραις
862 1027 923 1064 τε
953 1009 1050 1062 καὶ
1080 1011 1201 1072 ταῖς
1250 1006 1749 1078 προσεδρευούσαις
1788 1023 1931 1076 παρα

344 1108 524 1170 θένοις
560 1108 725 1167 θείοις
756 1106 948 1176 σηκοῖς
985 1102 1274 1172 σιτηρέσια
1307 1101 1508 1172 ἐτήσια
1565 1101 1929 1172 χορηγοῦντα,

344 1202 407 1255 ού
436 1201 599 1270 χρείᾳ
633 1197 839 1270 μᾶλλον
873 1195 904 1269 ἢ
954 1196 1238 1265 φιλοτιμία
1280 1196 1668 1265 προσήκοντα·
1720 1193 1757 1249 ἃ
1801 1195 1936 1248 ἰου-

346 1290 534 1352 λιανδς
571 1289 670 1357 μὲν
719 1286 949 1358 ὕστερον
981 1284 1259 1355 περιεῖλεν
1292 1299 1305 1314 ⁸
1338 1287 1366 1337 ό
1395 1285 1453 1337 δὲ
1486 1285 1606 1351 μετ’
1666 1284 1836 1343 αὑτὸν
1873 1284 1935 1337 τδ

345 1384 707 1454 τριτημόριον
739 1384 968 1435 ἐκείνων
993 1378 1345 1451 χορηγεῖσθαι
1377 1378 1736 1450 προσέταξεν.
1781 1379 1937 1433 Ἐπεὶ

345 1479 404 1532 δὲ
445 1479 544 1531 καὶ
580 1475 767 1530 οἴκαδε
801 1474 1089 1528 ἐπανιέναι
1125 1473 1617 1544 παρεσκευάσαντο
1675 1471 1936 1537 ἕκαστος,

348 1570 661 1641 παρεκάλει
712 1568 777 1621 τὺ
809 1566 978 1621 ταυτὸ
1007 1565 1107 1636 τῆς
1139 1566 1379 1627 πίστεως
1432 1565 1644 1629 πάντας
1692 1567 1956 1638 φρονεῖν..

349 1662 452 1716 καὶ
473 1661 576 1729 τῆς
603 1659 738 1731 πρὸς
770 1660 912 1728 σφᾶς
934 1661 980 1711 εἰ
988 1660 1159 1729 ρήνης
1182 1657 1487 1727 ἱπιμᾶλλον
1516 1657 1935 1722 ἀντιποιεῖσθαι,

353 1753 427 1807 tr'
478 1752 835 1807 ἀστασίαστοι
863 1750 1235 1819 διαμένοντες,
1279 1748 1357 1819 τῷ
1392 1748 1502 1802 τῶν
1553 1748 1693 1802 ὅλων
1738 1750 1935 1819 εὐαρε-

350 1846 531 1900 στῶσι
561 1843 700 1916 Θεῷ.
741 1843 920 1897 Πολὺν
947 1842 1006 1896 δὲ
1031 1842 1122 1895 τὸν
1157 1841 1299 1912 ὑπὲρ
1329 1842 1427 1912 τῆς
1461 1841 1646 1908 κοινῆς
1679 1840 1934 1909 ὁμονοίας

346 1938 687 2000 κατατείνας
743 1934 928 2002 λόγον,
976 1934 1130 1997 τέλος
1164 1932 1305 2004 ὑπέρ
1343 1949 1400 1985 τε
1449 1931 1614 1985 αὑτοῦ
1670 1931 1768 1983 καὶ
1828 1930 1936 1982 τῶν

346 2026 564 2078 παίδων
589 2025 684 2079 καὶ
726 2024 827 2095 τῆς
858 2023 1034 2094 ἀρχῆς
1071 2021 1331 2092 εὔχεσθαι
1360 2019 1584 2092 θερμῶς
1610 2019 1934 2091 παρηγγύα,

345 2118 452 2172 καὶ
482 2116 748 2187 διηνεκῶς
781 2116 943 2168 ἵλεων
979 2115 1165 2177 αὐτοῖς
1217 2113 1280 2167 τὸ
1310 2113 1451 2167 θεῖον
1483 2114 1678 2178 ποιεῖν,
1722 2112 1820 2165 καὶ
1878 2111 1937 2166 τδ

351 2208 458 2273 τῆς
506 2207 726 2260 συνόδου
756 2206 933 2276 δόγμα
967 2206 1210 2277 ἀρραγὲς
1263 2204 1551 2275 καθιατᾷν.
1594 2205 1732 2266 -Τοτς
1761 2204 1817 2258 δὲ
1862 2203 1936 2274 μὴ

348 2299 598 2367 παροῦσι
631 2299 861 2368 γράφων
880 2297 950 2351 τὰ
984 2297 1390 2368 προρρηθέντα,
1422 2298 1520 2365 τὴν
1550 2294 1639 2349 διὰ
1667 2294 1940 2347 τοσούτων

345 2390 787 2460 δοκιμασθεῖσαν
808 2388 951 2460 μετὰ
980 2388 1215 2460 βάσανον
1237 2387 1446 2459 ἀκριὸἧ
1475 2388 1726 2458 στέργειν
1756 2386 1940 2439 πίστιν

346 2484 681 2553 ἐπέτρεπεν,
712 2481 787 2546 ὡς
847 2481 992 2536 κατὰ
1044 2478 1273 2550 γνώμην
1312 2480 1534 2543 πάντως
1561 2478 1943 2550 γεγενημένην

346 2578 522 2636 Θεοῦ,
577 2576 822 2646 τοσούτῳ
855 2574 1101 2646 συλλόγῳ
1146 2570 1411 2643 Πατέρων
1446 2572 1941 2644 συγκροτηθείσαν.

351 2672 471 2722 Καὶ
533 2668 584 2721 oi
625 2670 724 2737 μὲν
772 2669 1004 2730 ἕκαστος
1064 2665 1337 2735 τοσαύτης
1377 2664 1699 2730 ἀξιωθέντες
1752 2663 1943 2735 τιμῆς,

347 2762 544 2815 οἶκαδε
578 2762 713 2830 πρὸς
745 2759 846 2828 τὴν
885 2760 1096 2813 οἰκείαν
1130 2757 1439 2830 ἐπανῄεσαν
1483 2759 1724 2826 ποίμνην
1752 2769 1767 2785 ·
1825 2757 1945 2828 χαί-

355 2870 477 2920 ρων
518 2852 573 2904 δὲ
603 2853 632 2905 ό
682 2850 941 2923 βασιλεὺς
1000 2850 1295 2921 ὑπερφυῶς
1348 2848 1603 2912 διετέλει,
1642 2847 1773 2917 μίαν
1805 2846 1944 2918 ὁρῶν

347 2945 462 3014 τὴν
488 2943 717 2997 καθόλου
755 2941 1107 3011 Ἐκκλησίαν,
1156 2940 1555 3012 συμφωνοῢσάν
1598 2958 1655 2994 τε
1704 2943 1832 3012 ’περὶ⁵
1886 2939 1946 2993 τὸ

350 3036 581 3104 δόγμα·
626 3038 720 3087 καὶ
765 3033 884 3104 Θεῷ
920 3034 1153 3088 ἀνετίθει
1185 3033 1253 3087 τὰ
1282 3035 1616 3105 χαριστήρια
1667 3033 1765 3104 τῆς
1815 3036 1947 3102 ὁμο-

352 3131 515 3189 νοίας
542 3129 701 3198 χάριν
736 3128 840 3179 τῶν
877 3126 1190 3198 ἁπανταχοῦ
1230 3127 1326 3195 τῆς
1365 3125 1469 3194 γῆς
1503 3125 1839 3179 ἐπισκόπων.

2033 553 2358 613 operantur,
2395 543 2654 612 precibus
2700 544 2951 613 votisque
2993 544 3185 599 urbem
3224 543 3446 599 abunde
3482 560 3612 614 pro-

2037 645 2344 703 sequuntur
2388 644 2445 689 et
2495 634 2750 699 ﬁrmant,
2801 635 3161 706 eamdemque
3205 637 3298 692 Dei
3343 636 3611 693 Genitrici

2033 728 2290 782 dedicant
2322 728 2420 798 (l),
2454 743 2650 781 novam
2679 728 2933 792 Romam,
2965 729 3443 800 imperantcmque
3469 730 3617 785 Con-

2034 820 2455 889 stantinopolim
2499 822 2981 890 cognominantes,
3020 820 3333 876 Alexandro
3367 833 3481 876 tum
3517 824 3619 894 By-

2034 910 2203 965 zantii
2251 910 2560 966 Ecclesiam
2616 922 2863 984 regente.
2914 913 3081 984 588
3126 913 3227 969 Hic
3275 914 3459 969 denuo
3512 915 3618 969 illis

2034 1005 2199 1074 epulo
2244 1008 2529 1075 exceptis,
2578 1006 2685 1059 alia
2734 1006 2879 1060 dona
2926 1005 3152 1073 obtulit,
3190 1015 3248 1061 et
3286 1006 3501 1061 litteras
3548 1006 3615 1060 ad

2036 1095 2447 1163 provinciarum
2485 1096 2773 1165 praefeaos
2806 1096 2981 1160 dedit,
3019 1105 3082 1152 ut
3127 1097 3183 1151 in
3227 1097 3367 1152 urbe
3401 1113 3619 1168 quaque

2034 1184 2228 1239 divino
2275 1185 2452 1241 cultui
2490 1187 2728 1243 addictis
2773 1198 2940 1259 atque
2977 1190 3209 1245 sacratis
3242 1189 3423 1244 viduis
3448 1190 3616 1257 virgi-

2039 1274 2340 1345 nibusque,
2374 1274 2442 1330 ad
2484 1277 2761 1331 sanctiora
2806 1278 3121 1333 divinorum
3166 1278 3491 1347 templorum
3527 1294 3616 1333 sa-

2037 1364 2215 1418 craria
2248 1364 2671 1431 excubantibus,
2707 1381 2940 1421 annona:
2970 1384 3169 1423 annua:
3207 1369 3610 1429 tribuerentur,

2038 1472 2161 1526 qua:
2198 1456 2267 1511 ad
2317 1458 2710 1514 liberalitatem
2761 1460 3103 1529 splendidam
3137 1462 3312 1530 magis
3336 1476 3502 1529 quam
3545 1461 3612 1515 ad

2038 1565 2201 1604 usum
2235 1552 2612 1606 necessariqu
2644 1554 3012 1623 pertinerent.
3060 1554 3169 1609 llas
3204 1552 3457 1608 Julianus
3491 1554 3617 1622 qui-

2038 1640 2163 1696 dem
2193 1654 2381 1711 postea
2408 1642 2632 1708 accidit,
2656 1660 2948 1700 successor
2966 1656 3148 1700 autem
3176 1646 3297 1717 ejus
3321 1661 3389 1699 ex
3414 1646 3616 1700 triente

2040 1736 2276 1805 praeberi
2304 1737 2542 1792 curavit.
2577 1736 2683 1792 Ubi
2712 1754 2847 1794 vero
2873 1739 2984 1810 jam
3022 1756 3124 1809 pro
3160 1755 3217 1795 se
3252 1740 3487 1809 quisque
3520 1739 3617 1793 do-

2042 1842 2190 1880 mum
2224 1828 2408 1883 redire
2439 1839 2681 1898 pararet,
2717 1831 2982 1884 cohortus
3013 1846 3109 1885 eos
3142 1840 3248 1893 est,
3279 1842 3336 1884 ut
3363 1830 3613 1886 eamdem

2036 1936 2229 1975 omnes
2268 1921 2517 1976 colerent
2557 1921 2743 1988 tidem,
2778 1934 3139 1992 mutuamque
3178 1940 3367 1994 pacem
3399 1932 3456 1978 et
3486 1924 3618 1977 eba-

2038 2011 2257 2066 ritatem
2307 2013 2544 2068 maxime
2592 2025 3068 2079 consectarentur,
3103 2025 3270 2085 atque
3307 2024 3370 2069 ut
3406 2015 3615 2085 absque

2037 2105 2310 2160 seditione
2342 2105 2517 2172 omni,
2546 2107 2723 2176 pacati
2755 2117 2919 2177 atque
2952 2108 3254 2175 tranquilli,
3283 2123 3466 2162 rerum
3499 2109 3617 2161 uni-

2037 2210 2320 2250 versarum
2354 2197 2635 2268 placerent
2683 2197 2817 2254 Deo.
2861 2199 2928 2254 Et
2970 2214 3095 2253 cum
3137 2201 3329 2264 multa,
3366 2200 3617 2254 oratione

2038 2288 2257 2361 longius
2289 2291 2578 2359 producta,
2602 2292 2669 2347 de
2699 2291 2977 2346 communi
3010 2292 3309 2348 concordia
3341 2292 3465 2348 fecit
3503 2310 3619 2346 νει-ε
3722 2324 3731 2333 α

2040 2382 2130 2448 ba,
2170 2394 2282 2437 tum
2351 2397 2635 2454 posuemo
2679 2385 3040 2440 vehementer
3085 2401 3183 2440 eos
3224 2384 3514 2440 admonuit
3557 2396 3617 2439 ut

2040 2488 2096 2535 et
2134 2493 2235 2549 pro
2265 2493 2348 2544 se,
2381 2493 2484 2546 pro
2507 2477 2704 2534 liberis
2742 2477 2860 2535 suis
2889 2487 2946 2534 et
2974 2494 3075 2548 pro
3105 2480 3338 2550 imperio
3368 2479 3621 2535 Romano

2042 2580 2296 2638 orarent,
2342 2581 2725 2643 perpetuoque
2755 2571 3053 2642 propitium
3087 2571 3192 2626 sibi
3220 2572 3468 2628 divinum
3516 2589 3620 2627 nu-

2044 2680 2171 2721 men
2204 2664 2475 2729 lacerent,
2501 2662 2810 2735 synodique
2835 2663 3073 2718 decretis
3100 2663 3351 2719 stabilem
3383 2664 3617 2719 ﬁrmita-

2046 2768 2156 2814 tem
2204 2756 2591 2813 conciliarent.
2640 2754 2976 2812 Absentibus
3019 2771 3186 2826 porro
3215 2771 3277 2811 ea
3310 2772 3433 2826 quae
3471 2772 3624 2812 coni-

2045 2849 2478 2905 memoravimus
2511 2848 2783 2914 scribens,
2819 2859 2877 2903 ut
2915 2848 3308 2917 professionem
3345 2848 3496 2917 ﬁdei,
3527 2850 3617 2905 di-

2044 2940 2238 3010 ligenti
2291 2949 2455 3010 atque
2510 2950 2764 2994 accurata
2822 2940 3202 3009 exploratione
3248 2951 3328 2995 tot
3373 2941 3619 2996 virorum

2047 3031 2431 3101 disquisitam,
2472 3041 2529 3086 et
2576 3030 2645 3086 de
2693 3033 2969 3087 sententia
3016 3034 3186 3087 totius
3232 3034 3477 3089 universi
3524 3036 3623 3091 Βιιί

2050 3124 2451 3192 constitutam,
2492 3123 2879 3195 suffragiisque
2933 3134 3099 3180 tanta:
3150 3127 3345 3197 synodi
3395 3127 3623 3183 Patrum

354 3222 779 3289 comprobatam
823 3220 1168 3289 susciperent
1208 3230 1370 3289 atque
1410 3219 1938 3288 complecterentur,
1975 3219 2277 3272 mandavit.
2342 3219 2407 3272 Et
2470 3219 2688 3273 illorum
2725 3222 2961 3289 quisque
2994 3227 3145 3274 tanto
3182 3221 3413 3277 aliectus
3448 3223 3627 3277 honu-

358 3334 464 3376 το.
517 3317 740 3370 (Ιοιιιυιη
800 3317 865 3368 ad
921 3331 1138 3385 gregem
1194 3331 1354 3371 suum
1404 3316 1589 3370 rediit.
1636 3310 1941 3385 Imperator
1980 3324 2189 3380 autem,
2257 3331 2426 3386 supra
2494 3315 2717 3370 modum
2750 3316 2963 3370 laztatus
2991 3316 3137 3385 quod
3168 3332 3330 3371 unatn
3372 3334 3469 3387 per
3501 3322 3623 3373 uui-

358 3425 593 3463 versum
646 3412 837 3464 orbem
888 3409 1228 3471 Ecclesiam,
1286 3422 1520 3478 eamque
1581 3407 1635 3461 in
1685 3406 1938 3477 dogmate
1974 3407 2444 3474 consentientem,

2520 3417 2798 3475 cerneret,
2868 3406 2982 3463 Deo
3026 3409 3091 3463 de
3129 3409 3376 3464 omnium
3422 3409 3626 3480 ubique

359 3504 759 3573 υιιίειοονοτιιιιι
809 3503 1053 3556 unanimi
1107 3501 1406 3557 concordia
1450 3501 1775 3558 solemniter
1821 3510 1942 3569 grat

2044 3517 2125 3557 um
2159 3502 2360 3558 obtulit
2397 3501 2667 3558 actiones.

440 3593 742 3664 Φιλομαθὲς
775 3594 818 3645 δ’
853 3589 991 3646 εἶναι
1022 3590 1229 3663 νομίζω
1259 3591 1354 3645 καὶ
1379 3591 1488 3645 τῶν
1533 3594 1849 3646 ἐπισκόπων
1877 3594 1943 3648 τὰ

2120 3595 2165 3652 Ε
2214 3611 2272 3651 re
2321 3596 2700 3654 studiosorum
2743 3603 2914 3661 esset,
2951 3596 3336 3668 episcoporum
3379 3599 3627 3668 ipsorum

358 3688 615 3757 ὀνόματα
669 3687 898 3748 καὶτὰς
955 3686 1225 3756 ἐπαρχίας
1266 3687 1375 3737 τῶν
1435 3685 1644 3757 πόλεων
1697 3686 1792 3739 καὶ
1848 3686 1947 3748 τὰς

359 3781 593 3848 κλήσεις
619 3777 799 3830 αὑτῶν
829 3777 1027 3829 εἰδέναι
1064 3793 1078 3807 ·
1114 3776 1208 3830 καί
1241 3794 1305 3844 γε
1332 3776 1397 3830 ἂν
1419 3777 1741 3848 παρεθέμην
1774 3776 1950 3846 εὑρὼν

361 3875 431 3924 ἐν
463 3871 538 3940 τῷ
575 3870 895 3922 Ἀθανασίου
926 3869 1211 3939 συνοδικῷ,
1238 3871 1287 3921 εί
1326 3869 1402 3940 μὴ
1431 3870 1491 3922 τὸ
1516 3870 1824 3940 προσκορὲς
1856 3872 1951 3923 τοῦ

356 3965 535 4031 λόγου
588 3963 829 4031 φεύγων,
860 3963 972 4015 τοῖς
1022 3961 1375 4031 βουλομένοις
1407 3961 1591 4033 ζητεῖν
1646 3964 1952 4032 ἐπιτρέπω.

373 4057 444 4110 Ὀ
483 4056 540 4108 δὲ
590 4056 690 4124 τῆς
740 4054 957 4106 συνόδου
1013 4055 1224 4123 χρόνος,
1281 4053 1358 4115 ὡς
1412 4053 1669 4123 εὕρομεν,
1704 4056 1762 4106 ἐν
1820 4056 1952 4125 μηνὶ

360 4150 534 4218 Matini
569 4146 640 4200 ta.’
690 4148 933 4214 ἐγένετο,
975 4147 1165 4216 τρίτης
1220 4146 1549 4215 ἐπεχούσης,
1598 4148 1656 4198 ὲν
1716 4147 1953 4218 ὑπατείᾳ

364 4243 644 4296 Παυλίνου
678 4241 774 4295 καὶ
818 4239 1133 4293 Ίουλιανοῦ.
1200 4240 1375 4292 Τοῦτο
1406 4240 1462 4293 δὲ
1497 4236 1565 4310 ἦν
1595 4240 1713 4304 ἔτος
1768 4246 1819 4305 ς’
1858 4244 1952 4294 καὶ

362 4337 696 4408 τριακοστὸν
727 4337 821 4389 καὶ
861 4336 1245 4402 ἑξακοσιοστὸν
1298 4335 1409 4389 ἀπὸ
1434 4337 1533 4406 τῆς
1593 4333 1950 4405 Ἀλεξάνδρου

362 4434 465 4488 τοῦ
494 4433 807 4496 Μακεδόνος
841 4430 1019 4501 ἀρχῆς
1050 4446 1064 4460 ⁶
1100 4429 1349 4484 είκοστὸν
1375 4429 1435 4483 δὲ
1468 4431 1566 4499 τῆς
1599 4431 1775 4502 ἀρχῆς
1800 4432 1956 4484 Κων-

367 4525 682 4589 σταντίνου,
717 4523 813 4593 ἀφ’
835 4521 898 4575 οὗ
932 4524 1078 4576 κατὰ
1126 4520 1457 4589 Βρεταννίαν
1503 4516 1637 4592 ἦρξε
1664 4538 1679 4553 ο
1707 4537 1959 4590 τρισκαι-

359 4614 598 4669 δέκατον
623 4613 670 4668 δ⁹
699 4613 886 4680 ἐξότου
920 4612 1056 4682 πρὸς
1093 4610 1389 4675 Βυζάντιον
1422 4607 1580 4684 ἧκεν.
1602 4610 1688 4679 ,Ἦ
1716 4611 1773 4666 δὲ
1804 4612 1959 4666 σύνο-

360 4705 458 4769 δος
486 4705 581 4760 ἐπὶ
626 4704 755 4775 τρία
810 4704 905 4757 καὶ
950 4702 1148 4773 μικρόν
1205 4718 1258 4755 τι
1312 4702 1450 4771 πρὸς
1515 4701 1610 4773 ἔτη
1655 4702 1716 4756 ὲν
1750 4702 1958 4773 Νικαίᾳ

365 4796 642 4867 συνήχθη.
675 4793 791 4850 Καὶ
835 4795 902 4849 τὰ
944 4792 1043 4862 μὲν
1078 4792 1220 4847 κατὰ
1269 4792 1505 4847 Νίκαιαν
1547 4791 1789 4846 τοιοῦτον
1833 4793 1957 4863 ἔσχε

2055 3688 2320 3753 nomina,
2369 3688 2728 3758 prrefecturas
2772 3688 2993 3744 urbium
3038 3704 3341 3759 earumque
3384 3693 3629 3761 appella-

2030 3781 2235 3863 ‘tiones
2279 3797 2461 3848 nosse,
2496 3797 2671 3853 eaque
2716 3781 2902 3837 omnia
2951 3782 3004 3837 in
3051 3783 3297 3852 synoiali
3341 3785 3629 3841 Athanasii

2052 3874 2200 3929 libro
2234 3882 2451 3943 reperta
2493 3874 2894 3944 apposuissem,
2927 3874 3030 3928 nisi
3065 3874 3282 3930 taedium
3315 3875 3631 3945 proleioris

2054 3966 2321 4021 orationis
2364 3967 2595 4021 vitarem
2632 3983 2647 4020 :
2681 3966 2916 4036 proinde
2962 3982 3026 4020 ea
3070 3967 3354 4037 inquirere
3395 3969 3630 4022 volenti-

2056 4056 2182 4123 bus,
2213 4057 2494 4126 permitto.
2549 4057 2789 4127 Tempus
2825 4072 2988 4125 porro
3020 4058 3237 4129 synodi,
3277 4060 3438 4113 sicuti
3478 4052 3631 4114 inre-

2055 4154 2262 4215 nimus,
2297 4151 2350 4204 in
2394 4150 2600 4205 mensis
2630 4150 2758 4204 Maii
2792 4149 3137 4204 undecimam
3173 4150 3343 4217 diem,
3373 4153 3629 4207 indictioo

2057 4260 2183 4297 nem
2226 4242 2547 4297 vicesimam
2581 4242 2899 4309 tertiam,et
2936 4241 3284 4295 consulatum
3329 4241 3543 4296 Paulini
3573 4251 3630 4296 et

2055 4336 2258 4391 Juliaui
2292 4334 2488 4389 incidit
2518 4334 2632 4405 (2):
2662 4333 2756 4403 qui
2788 4349 2966 4388 annus
2994 4334 3435 4390 sexcentesimus
3469 4336 3631 4391 trice-

2057 4425 2229 4479 simus
2271 4433 2460 4478 Sextus
2498 4421 2566 4476 ab
2599 4422 2896 4477 Alexandri
2924 4422 3236 4479 Macedonis
3273 4440 3441 4495 regno
3479 4426 3583 4479 fuit
3615 4445 3628 4481 :

2057 4517 2357 4572 vicesimus
2388 4530 2520 4571 vero
2554 4515 2774 4587 imperii
2803 4516 3176 4580 Constantini.
3205 4534 3270 4573 ex
3300 4533 3409 4589 quo
3443 4535 3632 4575 rerum

2060 4609 2115 4664 in
2141 4608 2426 4664 Britannia
2452 4609 2621 4679 potiri
2646 4610 2843 4680 coepit;
2875 4611 3075 4665 tertius
3097 4610 3347 4668 decimus
3373 4627 3539 4680 porro
3565 4626 3635 4667 cx

2058 4716 2173 4773 quo
2252 4699 2321 4755 ad
2358 4700 2680 4774 Byzantium
2716 4702 2891 4758 venit.
2929 4701 3184 4774 Synodus
3216 4718 3350 4759 vero
3382 4703 3496 4773 ipsa
3534 4703 3632 4758 Ni-

2060 4806 2183 4847 caam
2221 4793 2384 4847 annis
2413 4793 2594 4848 tribus
2625 4801 2681 4848 et
2720 4794 2887 4864 paulo
2916 4794 3135 4865 longius
3164 4804 3250 4849 est
3278 4806 3401 4851 acta
3433 4794 3529 4865 (3).
3566 4794 3635 4849 Et

367 4888 432 4941 τὸ
463 4890 617 4951 τέλος
646 4904 658 4917 ·
693 4890 1101 4950 Κωνσταντῖνος
1139 4888 1183 4940 δ’
1237 4886 1494 4940 ἐντεῦθεν
1544 4887 1843 4957 ὑπερφυῶς
1878 4887 1943 4939 ἐτι

2068 4900 2155 4941 res
2181 4886 2416 4942 Nicaena:
2455 4886 2617 4942 talem
2648 4887 2894 4944 habuere
2951 4890 3137 4944 hnem.
3170 4888 3337 4959 589
3363 4887 3636 4944 Constan-

446 5074 525 5145 (Ι)
558 5071 816 5145 Θεοτόκος
851 5068 1182 5145 Grmcis_Dei
1221 5066 1469 5123 Genitrix
1501 5067 1706 5145 dicitur
1747 5086 1761 5123 :
1795 5070 1943 5145 quod

366 5138 603 5200 verbum
634 5144 688 5194 in
724 5142 893 5196 solam
936 5140 1207 5209 virginem
1241 5147 1485 5209 matrent
1501 5138 1724 5193 Mariam
1753 5140 1899 5196 cadit
1929 5157 1942 5194 :

2051 5068 2372 5124 concordet.
2420 5068 2525 5124 Sed
2572 5069 2835 5125 librarius
2875 5069 2927 5124 in
2980 5069 3173 5126 Grmco
3216 5069 3517 5138 exemplari
3568 5074 3632 5140 τῇ

2050 5140 2289 5210 θεοτόκῳ
2315 5140 2560 5207 scripsit,
2583 5154 2708 5194 cum
2738 5141 2975 5196 fortasse
3010 5141 3088 5210 τῷ
3113 5140 3354 5210 θεοτόκῳ
3386 5140 3636 5194 scribe-ie

368 5216 630 5274 θεότοκος
673 5220 854 5265 autem
909 5207 1139 5263 accentu
1191 5217 1426 5280 mutato,
1450 5207 1563 5280 Deo
1590 5209 1819 5280 genitus,
1851 5210 1946 5277 qui
2048 5207 2320 5280 debuerit.
2375 5210 2559 5264 Potest
2629 5213 2793 5265 etiam
2865 5227 2985 5265 esse
3057 5207 3299 5263 auctoris
3354 5224 3639 5263 memoria:

370 5298 521 5339 unus
555 5292 641 5336 est
669 5281 931 5335 Dominus
963 5290 1154 5334 nOster
1198 5278 1358 5334 Iesus
1399 5278 1672 5334 Christus.
1705 5278 1806 5333 Cui
1856 5295 1948 5331 ur-

371 5358 499 5409 bem
533 5351 1193 5419 Constantinopolitauam
1227 5363 1419 5405 recens
1442 5348 1951 5419 exstructamCon-

369 5423 652 5478 stantinus
727 5418 933 5473 dicavit
996 5431 1162 5488 atque
1235 5420 1662 5473 commendavit.
1746 5418 1945 5489 (Supr.

370 5496 471 5548 lib.
506 5508 602 5553 vn,
630 5506 755 5556 cap.
784 5490 899 5560 49).
946 5489 1251 5558 Utrumque
1299 5504 1497 5543 nomen
1542 5491 1751 5545 eisdem
1789 5504 1940 5544 com-

370 5566 615 5632 positum
660 5562 882 5632 litteris,
920 5562 1016 5614 sed
1060 5569 1289 5632 accentu
1326 5562 1544 5632 diverso
1574 5561 1846 5632 prolatum
1887 5567 1946 5615 et

370 5628 647 5703 Scriptum
685 5649 701 5686 :
734 5630 993 5703 dativum
1034 5644 1237 5703 casum,
1275 5628 1434 5703 habet
1498 5628 1767 5703 θεοτόκῳ.
1803 5630 1949 5696 Qua-

376 5699 605 5772 propter
637 5701 742 5772 hic
773 5716 872 5770 pro
905 5700 996 5753 Dei
1031 5699 1317 5772 Genztrici,
1347 5702 1514 5754 etiam
1548 5699 1944 5772 vertii’posset,

376 5769 633 5827 Dei'nata
682 5769 911 5835 Christo,
955 5780 1012 5823 ut
1044 5770 1131 5824 hic
1169 5771 1322 5825 locus
1371 5785 1495 5824 cum
1531 5771 1817 5840 superiore
1853 5772 1945 5825 illo

2047 5278 2410 5360 lapsus._Qui
2470 5282 2836 5360 tatneii_ittft-a
2879 5282 3101 5335 Christo
3152 5280 3316 5333 simul
3370 5292 3426 5335 et
3475 5280 3636 5335 Mall‘i

2050 5350 2169 5419 ejus
2203 5350 2394 5404 urbem
2423 5367 2543 5406 eam
2578 5352 2878 5405 dedicatam
2910 5362 3202 5406 memorat.

2050 5488 2091 5545 C
2124 5419 2199 5490 (2)
2230 5420 2449 5475 Anitius
2476 5420 2758 5484 Paulinus,
2789 5421 3049 5492 Cejonius
3081 5422 3286 5478 Julian.
3317 5423 3639 5480 Cauimnins

2096 5505 2207 5543 oss.

2234 5561 2305 5633 l7
2346 5562 2562 5632 imperii
2594 5562 2712 5631 ejus
2743 5576 2890 5615 anno
2933 5564 3179 5633 synodus
3209 5563 3478 5620 celebrari
3525 5578 3639 5620 σωκ

2056 5636 2155 5706 pit,
2185 5632 2254 5685 ‘20
2297 5643 2479 5706 autem
2531 5634 2685 5687 linita
2714 5641 2847 5706 mest.
2879 5632 3101 5688 Initium
3156 5636 3275 5706 ejus
3328 5634 3384 5689 in
3431 5650 3638 5691 annum

2058 5705 2273 5756 Domini
2306 5702 2430 5765 326,
2462 5706 2587 5756 ίίιιι»
2620 5706 2672 5757 in
2710 5705 2813 5757 32:!
2847 5708 3065 5760 iucid.t.
