4034 6552
479 307 580 372 103
965 349 1046 364 σρ-
1087 360 1158 376 ....

1689 303 2116 368 NlCEl’HORl
2162 303 2507 364 CALLISTI

3622 302 3724 368 104

475 430 625 482 tinus
666 433 874 488 autem,
904 439 969 477 ex
999 439 1067 479 eo
1100 439 1346 494 .empore
1378 423 1648 493 prolixius
1676 424 1844 477 etiam
1877 433 2033 488 quam

2147 417 2276 484 περὶ
2307 415 2406 486 τὴν
2442 417 2740 489 θρησκείαν
2791 413 3082 480 διατεθεὶς,
3136 416 3325 471 πόλεσι
3376 419 3469 472 καὶ
3525 417 3724 489 δῆμοις

473 531 636 572 antea
665 514 950 586 religionis
991 530 1262 572 accensus
1299 516 1520 580 ardore,
1550 515 1614 569 ad
1648 513 1816 568 urbes
1854 519 1909 566 et
1943 525 2040 580 po-

475 607 635 676 pulos
669 604 899 660 Romani
949 605 1166 676 imperii
1214 622 1407 662 omnes
1448 606 1712 676 epistolas
1754 603 1934 663 dedit,
1981 610 2040 654 ut

473 696 646 764 priori
693 695 915 766 quidem
957 698 1134 750 errori
1177 699 1432 752 nuntium
1479 697 1842 755 remitterent,
1875 691 2039 747 Chri-

367 839 376 846 .
473 791 706 842 stiauam
738 796 918 842 autem
951 788 1260 842 doctrinam
1298 798 1354 843 et
1385 787 1702 856 religionem
1739 784 2038 854 amplecte-

475 889 690 934 rentur.
751 880 1039 950 Episcopis
1098 869 1265 950 porro
1327 896 1458 934 sane
1517 894 1679 948 quam
1738 876 2039 930 liberaliter

476 972 738 1040 pecunias
768 973 1015 1034 mittens,
1047 987 1142 1027 eos
1171 973 1237 1026 ad
1268 971 1624 1026 ecclesiarum
1651 967 2040 1024 aediﬁcationes

475 1062 766 1125 evcitavit,
796 1074 1160 1132 sumptusque
1209 1067 1273 1116 ad
1316 1062 1366 1116 id
1406 1061 1624 1116 abunde
1665 1059 1915 1124 praebuit.
1947 1058 2041 1112 Li-

477 1152 608 1206 bros
639 1153 828 1206 itidem
853 1139 1259 1208 Ecclesiasticos
1288 1152 1542 1206 manibus
1571 1149 1809 1219 propriis
1837 1148 2040 1202 descri-

473 1245 602 1298 bere
631 1254 687 1298 et
717 1245 1047 1298 concinnare
1082 1242 1267 1311 jussit.
1307 1241 1411 1295 Sed
1440 1242 1731 1296 consilium
1761 1239 2036 1292 animum-

469 1356 578 1407 que
629 1339 923 1393 scribentis
971 1337 1178 1392 certius
1231 1337 1494 1390 indicabit
1532 1335 1762 1406 epistola
1805 1333 1924 1405 ejus
1967 1330 2037 1386 ad

470 1431 764 1484 Eusebium
785 1429 931 1493 data,
962 1445 1084 1500 quae
1116 1429 1196 1483 sic
1230 1428 1436 1482 habet:

1011 1543 1232 1598 CAPUT
1271 1541 1489 1596 XXVII.

470 1631 720 1700 Epistolis
755 1635 932 1702 magni
961 1631 1297 1701 Constantini
1333 1632 1396 1684 de
1437 1630 1779 1684 ecclesiarum
1827 1639 2034 1682 restau-

575 1707 802 1768 ratioue,
834 1714 881 1756 et
910 1719 1182 1756 sacrarum
1206 1702 1458 1755 librorum
1483 1703 1895 1768 comparatione.

469 1954 581 2009 bio.
628 1953 919 2019 Tantisper
949 1954 1078 2007 dum
1102 1951 1166 2006 ad
1194 1951 1296 2006 hoc
1329 1965 1502 2020 usque
1532 1960 1750 2020 tempus
1772 1950 2031 2019 impietas

466 2055 525 2099 et
559 2043 804 2116 tyrannis
838 2059 935 2112 pro
977 2042 1209 2096 arbitrio
1239 2055 1340 2096 suo
1375 2039 1659 2094 ministros
1723 2038 2030 2094 Salvatoris

468 2136 562 2189 Dei
598 2144 885 2204 persecuta
917 2143 1023 2195 est,
1050 2135 1214 2188 credo
1245 2141 1410 2198 atque
1443 2132 1580 2184 adeo
1611 2139 1765 2184 certo
1799 2144 2032 2200 persna-

468 2241 590 2280 sum
636 2225 838 2291 habeo,
891 2226 1244 2280 ecclesiarum
1284 2223 1529 2277 omnium
1579 2236 1750 2291 opera
1803 2221 1886 2276 vel
1935 2237 2034 2288 per

469 2318 738 2370 incuriam
785 2332 1005 2386 pessum
1069 2315 1235 2378 iisse,
1285 2314 1369 2369 vel
1443 2311 1786 2366 imminentis
1839 2326 2030 2381 perse-

466 2409 706 2463 cutionis
758 2418 903 2462 metu
942 2407 1124 2461 minus
1171 2421 1291 2462 esse
1349 2420 1513 2475 quam
1559 2403 1799 2472 dignitas
1835 2416 2028 2457 earum

466 2501 771 2568 postularet
817 2499 1083 2569 perfecta,
1125 2497 1294 2553 frater
1323 2495 1662 2552 cbarissime.
1699 2495 1858 2550 Nunc
1895 2508 2030 2547 vero

466 2591 722 2646 libertate
741 2591 974 2655 reddita,
993 2601 1048 2644 et
1076 2597 1328 2659 serpente
1358 2575 1471 2652 illo,
1497 2585 1594 2640 Dei
1623 2585 1821 2656 Optimi
1855 2584 2030 2640 maxi-

470 2686 544 2740 mi
600 2684 962 2753 providentia,
1006 2694 1171 2753 atque
1205 2695 1370 2751 opera
1404 2688 1614 2744 nostra,
1644 2694 1674 2732 a
1712 2693 1895 2733 rerum
1932 2694 2027 2748 pu-

467 2778 736 2834 blicarum
755 2777 1231 2833 administratione
1253 2773 1504 2841 depulso,
1530 2771 1664 2828 satis
1693 2773 1746 2826 in
1775 2784 2025 2842 apertum

465 2873 789 2942 productam
821 2884 942 2924 esse
978 2867 1219 2921 arbitror
1249 2863 1394 2934 apud
1430 2879 1626 2919 omnes
1655 2864 1899 2919 divinam
1929 2881 2030 2935 po-

466 2961 722 3020 tentiam,
750 2975 955 3029 eosque
983 2959 1075 3028 qui
1108 2956 1196 3010 vel
1233 2964 1378 3011 metu
1411 2955 1494 3009 vel
1524 2956 2026 3021 incredulitate,vei

463 3057 632 3111 etiam
679 3063 905 3126 peccato
933 3051 1178 3120 Oppressi
1227 3049 1465 3113 inerant,
1506 3064 1574 3103 eo
1606 3049 1698 3119 qui
1733 3051 2024 3106 verissime
2053 3082 2098 3142 α

465 3155 680 3202 constat
731 3143 950 3212 cognito
994 3139 1129 3202 Deo,
1175 3138 1243 3192 ad
1286 3152 1481 3192 verum
1534 3149 1856 3206 rectumque
1899 3138 2027 3192 vita:

467 3249 672 3294 statum
711 3235 930 3290 tandem
979 3231 1318 3302 pervenisse.
1365 3229 1556 3299 Itaque
1599 3229 2028 3299 quibuscunque

466 3333 553 3385 vel
587 3330 702 3398 ipse
752 3340 924 3398 praaes
955 3325 1238 3386 Ecclesiis.
1269 3323 1356 3378 vel
1396 3323 1534 3378 alios
1566 3321 1770 3391 passim
1804 3323 2027 3392 episco-

467 3436 589 3491 pos,
622 3419 995 3489 presbyteros,
1027 3423 1122 3471 aut
1155 3415 1421 3470 diaconos
1457 3429 1692 3483 praeesse
1728 3413 1894 3477 nosti,
1929 3427 2030 3467 eos

463 3511 699 3566 admone
748 3521 807 3564 ut
855 3509 1147 3579 diligenter
1181 3507 1502 3561 incumbant
1549 3505 1604 3559 in
1637 3521 1802 3575 opera
1851 3505 2028 3560 cci-le-

465 3603 673 3657 siarum
707 3615 831 3670 quae
879 3608 1199 3668 supersunt,
1253 3596 1338 3650 vel
1387 3595 1904 3660 restaurandarum,
1938 3596 2026 3650 vel

465 3691 1000 3761 antpliﬂcamlarum,
1033 3689 1119 3743 vel
1170 3687 1261 3742 ubi
1308 3688 1414 3742 hoc
1448 3687 1748 3741 necessitas
1781 3689 2030 3755 postula-

468 3788 632 3848 verit,
663 3798 856 3837 recens
878 3780 1358 3835 exstruendarum.
1394 3778 1556 3834 Petes
1590 3792 1771 3832 autem
1804 3793 1861 3833 et
1883 3780 2021 3849 ipse,

465 3877 627 3947 590
659 3888 714 3930 ct
746 3876 837 3930 alii
886 3890 983 3945 per
1022 3877 1074 3928 te
1119 3882 1370 3942 sumptus
1405 3859 1749 3926 necessarios
1774 3889 1802 3926 a
1840 3875 2028 3940 praesi-

466 3973 631 4024 dibus
676 3979 731 4024 et
776 3967 1211 4038 provincialibus
1241 3963 1678 4034 magistratibus.
1729 3963 2027 4034 Diligenter

465 4077 704 4130 namque
753 4063 835 4115 eis
878 4077 974 4130 per
1006 4061 1218 4113 litteras
1257 4067 1340 4110 est
1371 4058 1713 4121 mandatum,
1749 4069 1808 4109 ut
1839 4075 1959 4127 quae
1993 4076 2024 4115 a

466 4155 755 4206 sanctitate
781 4165 871 4206 tua
905 4152 1052 4206 dicta
1077 4149 1308 4212 fuerint,
1335 4150 1436 4218 ipsi
1461 4159 1856 4216 exsequantur.
1881 4150 2025 4206 Dens

465 4256 516 4300 te
551 4254 752 4308 servet,
783 4246 949 4298 frater
977 4243 1198 4298 dilecte.
1234 4262 1252 4295 ι

533 4338 658 4392 llaec
710 4339 777 4392 de
822 4337 1179 4391 ecclesiarum
1233 4337 1528 4389 structuris
1604 4351 1710 4388 non
1758 4335 1822 4388 ad
1879 4335 2025 4390 hunc

2143 505 2348 560 ἅπασιν
2377 507 2485 560 ὑπὸ
2516 508 2778 577 σκήπτρῳ
2824 505 3040 560 τελοῦσι
3087 507 3373 574 Ῥωμαίων
3403 509 3720 573 ἐπέστελλε,

2141 599 2242 666 τὴν
2289 598 2389 666 μὲν
2449 600 2722 667 προτέραν
2777 599 2993 665 ἀπάτην
3051 597 3357 666 ἀρνεῖσθαι,
3387 597 3486 665 τὴν
3516 598 3574 651 δέ
3612 598 3719 664 ,τοῦ

2142 689 2381 758 Χριστοῦ
2431 689 2775 742 διδασκαλίαν
2808 687 3177 751 ἀσπάζεσθαι.
3239 689 3363 750 Τοῖς
3395 689 3443 742 δ’
3493 691 3720 743 ἐπισκά-

2136 774 2266 843 ’ποις
2300 785 2560 851 χρήματα
2591 781 2846 847 πέμπων,
2901 781 3318 851 φιλοτιμότερον
3353 782 3445 832 ἐπὶ
3476 781 3578 843 τὰς
3603 783 3717 834 τῶν

2141 868 2446 935 ἐκκλησιῶν
2471 869 2762 939 οίκοδομάς
2796 869 3141 937 ἁνηρέθιζεν,
3167 871 3435 939 ἀφθόνους
3461 873 3717 941 χορηγῶν

2139 960 2239 1022 τὰς
2268 961 2512 1022 δαπάνας
2538 977 2552 991 ·
2595 961 2854 1024 ὡσαύτως
2907 962 2961 1013 δέ
2997 964 3091 1014 καὶ
3123 962 3224 1024 τὰς
3258 964 3719 1033 ἐκκλησιαστκὰς

2142 1051 2359 1122 βίϐλους
2420 1053 2609 1124 χερσὶν
2664 1055 2820 1116 ἰδίαις
2877 1057 3112 1126 γράφειν
3174 1056 3269 1108 καὶ
3328 1056 3715 1120 ἐπισκευάζειν

2140 1145 2378 1198 ἐκέλευε.
2413 1143 2657 1213 Δηλώσει
2686 1145 2740 1196 δὲ
2772 1147 2974 1214 μᾶλλον
3004 1147 3094 1199 τὸν
3145 1147 3343 1198 σκοπὸν
3377 1147 3472 1199 τοῦ
3509 1164 3716 1216 γεγρα-

2140 1233 2301 1298 φότος
2366 1233 2396 1299 ἡ
2460 1233 2626 1285 αὑτοῦ
2690 1235 2950 1306 immo”)
3009 1235 3147 1306 πρὸς
3197 1236 3478 1301 Εὐσέϐιον,
3523 1237 3716 1291 τοῦτον

2137 1323 2340 1392 ἔχουσα
2377 1325 2469 1378 τὸν
2502 1326 2703 1396 τρόπον
2733 1342 2746 1356 °

2715 1533 2964 1590 ΚΕΦΛΛ.
2995 1531 3124 1589 KZ'.

2147 1621 2494 1694 Ἐπιστολαί
2549 1624 2656 1679 τοῦ
2685 1625 2950 1694 μεγάλου
2986 1623 3444 1681 Κωνσταντίνου
3479 1629 3616 1694 περί
3643 1643 3708 1679 τε

2207 1693 2333 1766 τῆς*
2374 1693 2878 1766 τῶν-,ἐκκλησιῶν
2925 1696 3269 1766 οίκοδομῆς.
3323 1699 3422 1749 καὶ
3452 1693 3559 1764 τῆς
3588 1694 3710 1748 τῶν

1961 1830 1970 1834 _
2066 1750 2108 1806 Β
2206 1750 2380 1828 ιερῶν
2401 1764 2661 1828 ,ϐιϐλίων
2686 1750 3042 1834 ἐπισκευῆς.

549 1881 565 1912 ι
585 1861 772 1916 Vit-tor
802 1859 1198 1914 Constantinus
1232 1858 1498 1913 Maximus
1528 1857 1808 1927 Augustus
1849 1857 2032 1911 Euse-
2103 1896 2112 1904 .

2210 1874 2229 1906 ι
2268 1854 2514 1924 Νικητὴς
2554 1856 2961 1918 Κωνσταντϊνος
2986 1897 3001 1921 ,
3047 1854 3353 1922 Μέγιστος,
3409 1856 3706 1918 Σεϐαστὸς,

2134 1941 2400 2012 nouato.
2433 1944 2578 2006 Ἕως
2631 1942 2726 1998 τοῦ
2761 1948 3026 2014 παρόντος
3083 1947 3300 2015 χρόνου,
3336 1947 3436 2016 τῆς
3485 1947 3706 2000 ἀνοσίου

2135 2033 2447 2103 βουλήσεως
2493 2034 2590 2088 καὶ
2627 2037 2947 2106 τυραννίδος
2987 2040 3112 2101 τοὺς
3151 2038 3433 2108 ὑπηρέτας
3462 2037 3556 2092 τοῦ
3586 2040 3703 2089 Σω-

2130 2126 2295 2192 τῆρος
2339 2124 2475 2176 Θεοῦ
2524 2123 2856 2195 διωκούσης,
2917 2129 3256 2181 πεπίστευκα
3306 2128 3401 2182 καὶ
3456 2129 3704 2198 ἀκριϐῶς

2132 2214 2372 2283 ἐμαυτὸν
2411 2215 2676 2284 πέπεικα,
2724 2219 2916 2271 πασῶν
2949 2220 3060 2272 τῶν
3097 2219 3406 2290 ἐκκλησιῶν
3448 2222 3516 2274 τὰ
3565 2221 3704 2290 ἔργα

2132 2305 2164 2375 ἢ
2196 2306 2302 2358 ὑπὸ
2325 2307 2589 2376 ἀμελείας
2637 2308 2985 2386 διεφθάρθαι,
3019 2310 3051 2381 ἢ
3102 2312 3250 2382 φόϐῳ
3278 2313 3376 2380 τῆς
3415 2314 3707 2381 ἐπκειμε-

2131 2410 2229 2462 νης
2260 2396 2474 2458 ἀδικίας
2531 2396 2792 2451 ἐλάττονα
2821 2401 2919 2469 τῆς
2951 2399 3108 2465 ἀξίας
3139 2401 3704 2472 γεγενῆσθαι.ἀδελφέ

2133 2487 2586 2557 προσφιλέστατε.
2605 2489 2744 2542 Νυνὶ
2771 2491 2826 2543 δὲ
2843 2492 2940 2562 τῆς
2965 2492 3280 2564 ἐλευθερίας
3316 2495 3702 2564 ἀποδοθείςης,

2131 2582 2341 2634 καὶτοῦ
2370 2582 2662 2652 δράκοντος
2691 2583 2899 2636 ἐκείνου
2925 2584 3032 2637 ἀπὸ
3062 2587 3158 2656 τῆς
3185 2589 3294 2638 τῶν
3327 2587 3523 2640 κοινῶν
3563 2589 3702 2642 διοι-

2132 2675 2364 2745 κήσεως,
2412 2675 2548 2729 Θεοῦ
2595 2675 2688 2728 τοῦ
2737 2677 2994 2746 μεγίστου
3047 2681 3315 2750 προνοίᾳ,
3346 2681 3592 2752 ἡμετέρᾳ
3640 2683 3700 2734 δὲ

2131 2767 2406 2838 ὑπηρεσίᾳ
2454 2769 2796 2838 διωχθέντας,
2853 2770 3098 2842 ἠγοῦμαι
3149 2775 3240 2826 καὶ
3271 2775 3406 2826 πᾶσι
3457 2780 3702 2844 φανερὰν

2130 2860 2461 2927 γεγενῆσθαι
2505 2861 2604 2932 τὴν
2653 2861 2806 2914 θείαν
2855 2862 3120 2936 δύναμιν·
3179 2863 3274 2917 καὶ
3318 2867 3508 2938 τοὺςῆ
3546 2871 3699 2936 φόϐῳ

2130 2951 2162 3021 ἢ
2210 2953 2437 3022 ἀπιστίᾳ
2465 2951 2496 3021 ἢ
2537 2953 2899 3022 ἁμαρτήματι
2933 2954 3350 3024 περιπεσόντας,
3379 2959 3700 3025 ἐπιγνόντας

2129 3043 2220 3096 τὸν
2245 3042 2438 3108 δντως,
2473 3044 2624 3114 ἥξειν
2669 3045 2762 3098 ἐπὶ
2811 3046 2909 3114 τὴν
2943 3047 3116 3116 ἀληθῆ
3142 3049 3236 3100 καὶ
3266 3048 3431 3118 ὀρθὴν
3456 3049 3548 3103 τοῦ
3579 3050 3699 3120 βίου

2130 3137 2484 3192 κατάστασιν.
2519 3137 2702 3191 ὐσων
2742 3139 2920 3192 τοίνυν
2963 3139 2996 3208 ἢ
3032 3139 3194 3202 αὐτὸς
3235 3141 3564 3211 προΐσταται
3604 3145 3700 3196 ἐκ-

2131 3229 2394 3300 κλησιῶν,
2428 3229 2462 3300 ἦ
2491 3228 2685 3290 ἄλλους
2717 3233 2842 3293 τοὺς
2880 3231 3022 3284 κατά
3046 3231 3208 3284 τόπον
3256 3236 3700 3305 προῖσταμένους

2131 3321 2481 3388 ἐπισκόπους,
2525 3321 2931 3394 πρεσϐυτέρους
2978 3339 3041 3376 τε
3095 3323 3127 3394 ἢ
3183 3325 3465 3389 διακόνους
3512 3324 3697 3393 οἶσθα,

2129 3416 2445 3486 ὑπόμνησον
2470 3415 2792 3479 σπουδάζειν
2821 3417 2950 3488 περὶ
2968 3417 3035 3470 τὰ.
3063 3419 3200 3489 ἔργα
3222 3419 3329 3471 τῶν
3361 3419 3696 3490 ἐκκλησιῶν,

2127 3505 2160 3576 ἦ
2193 3503 2626 3574 ἐπανορθοῦσθαι
2679 3507 2746 3559 τά
2769 3505 2936 3572 ὄντα,
2976 3507 3009 3576 ἢ
3043 3508 3122 3570 είς
3158 3507 3385 3576 μείζονα
3418 3507 3628 3574 αὔξειν,
3660 3510 3694 3581 ἦ

2128 3595 2258 3650 ἔνθα
2285 3597 2350 3650 ἂν
2375 3597 2409 3667 ἡ
2434 3595 2597 3667 χρεία
2631 3595 2856 3665 ἀπαιτῇ,
2895 3597 3058 3650 καινά
3095 3600 3290 3652 ποιεῖν.
3329 3598 3590 3668 Δίτήσεις
3638 3600 3699 3652 δέ

2127 3688 2225 3741 καὶ
2253 3687 2436 3754 αὐτὸς,
2471 3689 2567 3741 καὶ
2595 3688 2646 3740 οἱ
2692 3687 2872 3742 λοιποὶ
2906 3688 2996 3741 διὰ
3021 3688 3114 3740 σοῦ
3140 3689 3208 3742 τὰ
3237 3691 3512 3756 ἀναγκαία
3544 3690 3700 3758 παρά

2124 3796 2185 3832 τε
2227 3779 2333 3832 τῶν
2377 3779 2824 3850 ἡγεμονευόντων
2857 3781 2949 3834 καὶ
2985 3781 3086 3849 τῆς
3133 3781 3436 3849 ἐπαρχικῆς
3467 3781 3693 3844 τάξεως.

2127 3871 2352 3934 Τούτοις
2389 3872 2497 3942 γὰρ
2535 3873 2808 3943 ἐπεστάλη
2851 3874 3004 3944 πάσῃ
3037 3874 3244 3943 σπουδῇ
3281 3874 3699 3943 ἐξυπηρετήσα-

2129 3965 2256 4018 σθαι
2309 3967 2426 4028 τοῖς
2477 3966 2583 4019 ὑπὸ
2623 3967 2722 4036 τῆς
2777 3967 2876 4036 σῆς
2921 3970 3198 4037 ὁσιότητος
3243 3970 3578 4038 λεγομένοις.
3637 3969 3698 4024 ’0

2126 4058 2259 4122 θεός
2295 4076 2353 4111 σε
2391 4057 2732 4125 διαφυλάξοι,
2769 4060 2966 4129 ἁδελφέ
2991 4062 3276 4132 ’ἀγαπητέ.
3316 4080 3336 4116 ι

2192 4334 2380 4386 Ταῦτα
2425 4334 2555 4404 περὶ
2601 4337 2702 4404 τῆς
2761 4336 2871 4389 τῶν
2926 4338 3233 4408 ἐκκλησιῶν
3289 4341 3581 4412 οἰκοδομῆς
3634 4345 3696 4397 οὐ

464 4428 648 4494 modo,
688 4431 781 4482 sed
819 4438 873 4480 ct
901 4427 967 4480 ad
1002 4427 1243 4495 reliquos
1275 4427 1569 4495 episcopos
1605 4426 1852 4495 scripsit.
1888 4427 2021 4492 Quae

2133 4427 2303 4494 τούτῳ
2339 4427 2516 4498 μόνῳ,
2553 4429 2692 4482 ἁλλά
2724 4431 2818 4483 καὶ
2847 4436 2962 4495 τοῖς
2997 4433 3212 4496 λοιποῖς
3238 4435 3346 4487 τῶν
3381 4437 3700 4490 ἐπισκόπων

462 4531 649 4574 autem
705 4519 942 4572 Eusebio
991 4518 1260 4586 Pamphili
1307 4519 1373 4572 de
1418 4518 1686 4572 librorum
1735 4534 2028 4586 compara-

464 4615 616 4666 tione
673 4611 1016 4678 signiiicarit,
1082 4611 1236 4665 hisce
1293 4612 1678 4680 subjungam:
1747 4629 1766 4663 ι
1839 4610 2026 4666 Victor

462 4703 856 4758 Constantinus
925 4701 1192 4756 Maximus
1249 4703 1528 4772 Augustus
1600 4703 1862 4759 Eusebio.
1967 4705 2027 4760 ιη

462 4796 789 4863 cognomine
823 4795 981 4848 nobis
1020 4796 1177 4856 urbe.
1227 4795 1523 4848 Salvatoris
1575 4797 1667 4850 Dei
1714 4798 2028 4866 opitulante

466 4885 836 4958 providentia,
868 4902 990 4943 max
1017 4901 1101 4939 ma
1150 4885 1436 4938 hominum
1482 4887 1777 4940 multitudo
1819 4886 2029 4941 sancti-

466 4981 619 5034 sime
649 4980 894 5033 ecclesiae
926 4993 1125 5032 nomen
1161 4978 1337 5039 dedit,
1365 4994 1532 5047 seque
1565 4978 1736 5046 ipsam
1768 4979 1845 5032 illi
1880 4979 2032 5033 dica-

368 5114 376 5117 -
465 5083 585 5127 Vit:
619 5083 680 5126 ut
709 5073 967 5127 omnibus
1001 5072 1110 5126 illis
1139 5072 1435 5142 plurimum
1469 5071 1816 5140 capientibus
1852 5073 2033 5126 incre-

466 5166 677 5229 menti,
737 5165 1049 5218 iacicndum
1116 5165 1344 5218 omnino
1394 5164 1670 5226 videatur,
1727 5173 1788 5217 ut
1844 5166 2031 5233 plures

464 5270 685 5324 quoque
739 5255 817 5308 ibi
872 5263 1272 5309 construantur
1329 5254 1595 5310 ecclesiae.
1657 5256 2029 5326 Quapropter,

465 5348 611 5417 quod
645 5346 856 5417 iudicio
889 5355 1076 5399 nostro
1119 5346 1328 5414 placuit
1360 5347 1694 5415 (prudentia:
1729 5349 1876 5404 enim
1924 5360 2031 5404 tute

468 5441 894 5512 signiﬁcandum
948 5439 1258 5507 duximus),
1309 5439 1362 5492 id
1404 5440 1768 5496 libentissime
1817 5443 2031 5510 accipe,

471 5541 531 5586 ut
575 5531 910 5600 comparatis
954 5523 1355 5598 quinquaginta
1403 5530 1846 5585 membranarum
1878 5534 2033 5587 codi-

470 5621 662 5686 cibus,
708 5620 803 5691 qui
847 5629 903 5674 et
954 5617 1022 5674 ad
1065 5619 1430 5673 evolvendum
1483 5633 1538 5675 et
1579 5622 1645 5674 ad
1700 5626 2029 5692 portandum

484 5712 761 5772 commodi
792 5712 974 5777 sint,a
997 5711 1225 5768 notariis
1253 5711 1481 5780 pulchre
1511 5715 1784 5772 scribendi
1819 5719 2029 5780 ueritis,

2133 4518 2477 4572 ἐπέστειλεν.
2503 4515 2604 4572 Οἷα
2627 4520 2684 4572 δὲ
2725 4522 2820 4576 καὶ
2847 4522 2922 4593 τῷ
2961 4523 3246 4594 Παμφίλου
3280 4525 3526 4593 Εὐσεϐίῳ
3556 4529 3700 4599 ὑπὲρ

2130 4609 2232 4679 τῆς
2285 4611 2393 4663 τῶν
2435 4609 2659 4680 βιϐλίων
2720 4614 3020 4682 ἐπισκευῆς
3060 4615 3318 4686 ἔγραψεν,
3351 4618 3481 4687 ἑξῆς
3514 4637 3697 4689 παρα.

2133 4703 2405 4773 θήσομαι⁹
2440 4723 2459 4755 ι
2492 4701 2737 4776 Νικητὴς
2769 4707 3182 4772 Κωνσταντῖνος
3225 4711 3494 4778 Μέγιστος
3527 4714 3699 4766 Σεϐαο

2134 4795 2258 4859 στδς
2289 4795 2557 4868 Εὐσεϐίῳ.
2592 4799 2750 4853 Κατὰ
2777 4799 2876 4870 τὴν
2907 4800 3194 4872 ἐπώνυμον
3223 4805 3380 4873 ἡμῶν
3407 4807 3561 4858 πόλιν
3597 4808 3698 4875 τῆς

2132 4887 2226 4939 τοῦ
2258 4889 2514 4960 Σωτῆρος
2561 4890 2697 4944 Θεοῦ
2735 4895 3131 4962 συναιρομένης
3163 4897 3415 4964 προνοίας
3443 4902 3701 4966 μέγιστον

2134 4979 2340 5048 πλῆθος
2353 4979 2658 5049 ἀνθρώπων
2687 4986 2753 5053 τῇ
2785 4985 3070 5058 ἁγιωτάτῃ
3099 4987 3393 5058 Ἐκκλησία
3423 4991 3707 5043 ἀνατέθει-

2134 5087 2230 5122 κεν
2271 5070 2432 5124 ἐαυτό
2489 5071 2565 5136 ὡς
2595 5074 2813 5128 πάντων
2843 5078 3022 5130 ἐκεῖσε
3056 5077 3257 5150 πολλὴν
3283 5081 3555 5136 λαϐόντων
3600 5083 3706 5136 αὕ-

2135 5162 2310 5231 ξησιν,
2346 5165 2552 5234 σφόδρα
2586 5167 2738 5233 ἄξιον
2769 5171 3222 5237 καταφαίνεσθαι,
3255 5175 3348 5226 καὶ
3401 5176 3706 5247 ἐκκλησίας

2134 5255 2192 5306 ἐν
2223 5255 2360 5326 αὐτῇ
2396 5258 2906 5327 κατασκευασθῆναι
2934 5261 3173 5324 πλείους.
3206 5263 3498 5332 Τοιγάρτοι
3523 5268 3709 5332 δέδεξο

2135 5348 2524 5418 προθυμότατα
2583 5351 2642 5403 τὸ
2703 5351 2861 5417 δόξαν
2917 5357 2982 5424 τῇ
3042 5356 3292 5427 ἡμετέρᾳ
3343 5361 3703 5428 προαιρέσει·

2137 5442 2348 5509 πρέπον
2380 5443 2488 5511 γὰρ
2517 5445 2797 5514 κατεφάνη
2825 5444 3060 5514 δηλῶσαι
3090 5449 3250 5501 τοῦτο
3275 5453 3341 5520 τῇ
3371 5453 3436 5522 σῇ
3465 5453 3591 5508 συνέ
3605 5470 3706 5516 εει,
3773 5475 3776 5477 λ

2135 5537 2284 5597 ὅπως
2329 5534 2394 5587 ἂν
2447 5531 2490 5587 ν’
2537 5535 2787 5604 σωμάτια
2829 5537 2886 5588 ἐν
2921 5539 3203 5609 διφθέραις
3249 5543 3705 5610 ἐγκατασκεύοις,

2135 5625 2670 5693 εὐαναγνωστότατα,
2700 5628 2796 5680 καὶ
2822 5629 2958 5698 πρὸς
2996 5631 3092 5700 τὴν
3113 5637 3306 5704 χρῆσιν
3329 5637 3712 5705 εὐπαρακόμι-

2139 5735 2261 5780 στα,
2291 5717 2397 5770 ὒπὸ
2445 5715 2707 5787 τεχνιτῶν
2754 5718 3160 5792 καλλιγρά-μυν,
3195 5729 3286 5779 καὶ
3321 5727 3560 5796 ἀκριϐῶς
3605 5727 3711 5800 τὴν
