4062 6554
450 281 551 348 id?
745 340 752 350 .
1660 273 2078 338 NICEPHORI
2119 271 2462 334 CALLIS’I‘I
3578 257 3682 324 1'38

443 400 757 453 tibertatcm
800 394 1126 464 ,vindicatis,
1175 403 1394 449 erutum
1450 393 1742 453 reluceret.
1787 407 2004 448 omnem

2116 388 2476 450 συνελθόντες,
2532 383 2680 450 ἄξιόν
2721 398 2774 435 τι
2818 379 2913 434 τοῦ
2949 379 3274 450 πράγματος
3320 371 3577 428 ἐθέλωσιν
3609 384 3686 426 εις

445 489 692 560 profecto
730 497 1007 557 stuporem
1041 496 1095 540 et
1125 485 1545 540 admirationem
1586 483 1829 538 excellit.
1864 484 2001 538 Nam

444 583 660 638 etiamsi
685 585 779 652 qui
814 581 1020 650 ubique
1049 591 1323 634 terrarum
1347 593 1469 632 esse
1495 577 1753 631 videntur
1786 575 2004 645 sapieno

446 687 530 730 tes
565 675 840 734 homines.
895 671 949 726 in
1002 688 1171 726 unum
1216 670 1582 738 eumdemque
1615 668 2007 723 convenientes

445 772 649 832 locum,
682 769 907 836 dignum
943 766 1148 835 aliquid
1187 780 1245 818 re
1291 773 1437 817 tanta
1473 762 1657 815 dicere
1704 760 1896 823 velint,
1939 773 2037 812 ne'

447 859 728 911 minimam
770 856 992 926 quidem
1035 866 1242 923 partem
1291 861 1469 905 tamen
1517 851 1635 918 ejus
1677 849 2008 918 eloquentia}

445 952 861 1004 concertatione
897 948 1201 1016 attigerint.
1241 945 1400 1015 592
1455 942 1688 996 Tantum
1724 941 1870 996 enim
1906 940 2007 994 mi-

447 1045 620 1098 raculi
660 1044 820 1112 hujus
857 1041 993 1094 ﬁdes
1021 1049 1292 1101 naturam,
1320 1053 1482 1105 quam
1520 1037 1756 1088 humana
1793 1033 1930 1088 ratio
1953 1043 2007 1086 et

444 1136 706 1205 cogitatio
771 1131 1152 1200 consequitur,
1211 1145 1428 1180 onmem
1502 1127 1745 1188 excellit,
1800 1136 2007 1194 quanto

445 1230 612 1282 rebus
648 1227 932 1278 hominum
961 1222 1202 1276 (imlcslia
1231 1229 1360 1272 sunt
1385 1218 1692 1274 eﬂicaciorn
1726 1229 1781 1271 ct
1809 1227 2007 1286 poten-

447 1323 608 1375 tiora.
662 1319 792 1372 Eam
841 1319 910 1369 oh
953 1333 1174 1368 causam
1223 1315 1311 1367 ille
1363 1313 1495 1366 mihi
1545 1327 1763 1380 semper
1809 1312 2007 1365 unicus

443 1425 499 1469 et
553 1415 863 1485 przecipuus
921 1410 1279 1465 consiliorum
1341 1418 1698 1474 actorumque
1757 1405 2006 1458 omnium

448 1507 767 1577 propositus
814 1513 899 1557 est
939 1504 1083 1567 linis,
1121 1511 1180 1553 ut
1223 1499 1700 1568 quemadmodum
1735 1512 1793 1550 se
1838 1497 2010 1566 ipsam

447 1600 606 1654 novis
653 1596 932 1652 miraculis
974 1594 1226 1648 veritatis
1271 1591 1407 1646 fides
1439 1589 1686 1653 exhibet,
1721 1587 1801 1642 sic
1843 1587 2009 1642 etiam

447 1691 614 1745 animi
651 1690 896 1741 omnium
946 1693 1194 1740 nostrum
1232 1684 1490 1738 castitate
1536 1691 1595 1736 et
1635 1680 2004 1734 consentienti

447 1779 883 1854 promptitudine
939 1779 1240 1832 alacriores
1304 1773 1612 1828 reddantur
1673 1773 1773 1840 (1).
2041 1729 2088 1790 Β

447 1891 572 1929 cum
613 1873 871 1928 omnibus
902 1870 1254 1925 manifestum
1292 1876 1447 1936 puto,
1482 1876 1596 1919 tum
1630 1865 1735 1918 hoc
1772 1864 2010 1918 maxime

449 1972 546 2027 tibi
597 1981 921 2038 persuasum
977 1980 1099 2019 esse
1143 1963 1289 2025 volo,
1338 1976 1522 2016 rerum
1568 1961 1814 2015 omnium
1871 1959 2006 2021 illud

446 2063 580 2117 mihi
631 2072 982 2126 summopere
1020 2070 1141 2110 esse
1181 2070 1347 2119 curae,
1393 2061 1454 2106 ut
1493 2063 1768 2107 sacratum
1804 2052 2009 2118 locum,

447 2171 609 2226 quem
637 2154 794 2224 jussu
833 2151 950 2215 Dei,
977 2148 1297 2204 accessione
1323 2146 1754 2202 fmdissimorum
1787 2144 2012 2199 simula-

447 2261 693 2310 crorum,
723 2243 890 2297 veluti
933 2239 1173 2310 quodam
1215 2238 1524 2292 imminenti
1569 2236 1832 2306 gravique
1876 2252 2012 2304 pon-

447 2340 580 2392 dere
621 2334 819 2400 levavi,
865 2342 1116 2388 sanctum
1162 2330 1384 2401 quidem
1424 2330 1534 2400 jam
1584 2333 1700 2382 tum
1752 2329 1821 2382 ab
1856 2329 2013 2382 initio

445 2433 598 2486 illum
629 2429 840 2501 judicio
888 2426 984 2482 Dei
1033 2428 1272 2490 factum,
1324 2423 1420 2478 sed
1459 2422 1790 2477 sanctiorem
1843 2421 2010 2475 etiam

446 2527 678 2586 factum,
703 2536 768 2576 ex
795 2533 904 2590 quo
929 2516 1228 2573 salutiferae
1252 2514 1527 2584 passionis
1559 2513 1722 2568 tidem
1751 2513 1806 2566 in
1836 2513 2012 2568 lucem

449 2615 701 2685 protulit.
729 2611 1087 2666 aediﬁciorum
1117 2608 1365 2678 pulchris
1393 2607 1691 2662 structuris
1721 2620 2011 2660 exornem.

397 2705 412 2716 ’
446 2709 721 2763 Coiivenit
751 2706 919 2775 igitur
944 2703 1183 2757 solertiae
1211 2711 1338 2764 tuac,
1362 2701 1547 2756 omnia
1579 2701 1662 2755 sic
1693 2700 2013 2770 disponere,

447 2813 502 2856 et
567 2816 655 2855 res
699 2813 945 2869 quasque
1001 2796 1344 2850 necessarias
1403 2808 1725 2864 procurare,
1791 2802 1852 2848 ut
1901 2809 2013 2847 non

448 2893 614 2947 modo
646 2890 874 2944 basilica
913 2887 1035 2942 aliis
1065 2901 1188 2955 quae
1231 2885 1438 2954 ubique
1471 2894 1602 2938 sunt
1641 2884 2012 2953 praestantior,

447 2984 543 3040 sed
571 2994 627 3036 et
676 2981 887 3048 reliqua
927 2978 1113 3032 omnia
1166 2976 1241 3030 ita
1287 2984 1685 3030 construantur
1715 2984 1881 3043 atque
1918 2991 2017 3045 pa-

446 3088 663 3137 rentur,
707 3087 766 3126 ut
815 3085 1158 3141 quaecunque
1208 3069 1263 3122 in
1315 3069 1738 3137 quibuscunque
1785 3069 2088 3149 urbibusc

448 3166 870 3238 pulchritudine
913 3173 1044 3217 sunt
1086 3161 1414 3216 excellentia
1448 3176 1640 3230 opera,
1672 3177 1701 3215 a
1739 3171 2016 3220 structura

448 3261 554 3315 ista
597 3262 757 3327 longe
807 3265 1162 3324 superentur.
1218 3254 1398 3323 Atque
1442 3253 1700 3322 equidem
1733 3254 1802 3309 de
1836 3257 2019 3327 parie-

451 3363 568 3404 tum
604 3365 773 3418 Opere
825 3357 990 3416 atque
1023 3344 1282 3408 artiﬁcio,
1325 3345 1656 3399 Dracllliano
1696 3345 1873 3401 amico
1914 3362 2020 3402 no-

450 3455 592 3506 stro,
623 3442 717 3512 qui
741 3439 1177 3495 clarissimorum
1211 3437 1598 3507 praefectorum
1626 3449 1812 3502 partes
1839 3439 2017 3493 admi-

450 3537 673 3596 nistrat,
707 3543 763 3589 et
812 3531 1111 3602 provincia:
1146 3531 1374 3596 rectori,
1413 3546 1444 3585 a
1494 3530 1658 3585 nobis
1702 3532 2016 3587 mandatam

450 3641 574 3682 esse
639 3640 830 3680 curam
870 3624 1052 3695 ‘scito.
1115 3623 1456 3691 Praeceptum
1520 3622 1670 3676 enim
1731 3639 1759 3677 a
1820 3623 2020 3693 pietate

453 3732 647 3778 nostra
677 3730 785 3783 est,
818 3728 878 3773 ut
904 3718 1163 3781 artiﬁces,
1191 3730 1392 3786 operte.
1420 3724 1476 3772 et
1509 3731 1853 3786 quaecunque
1883 3733 2022 3787 pra:-

452 3821 604 3868 terea
636 3819 768 3866 sunt
797 3810 864 3864 ad
899 3809 1324 3865 aediﬁcationem
1355 3810 1689 3874 necessaria,
1715 3823 1841 3864 cum
1871 3807 1929 3865 id
1954 3827 2021 3865 ex

452 3907 682 3963 solertia
717 3914 807 3960 tua
845 3903 1227 3973 cognoverint,
1258 3901 1550 3958 confestim
1599 3919 1698 3974 per
1726 3904 2024 3973 providen-

456 4003 588 4056 tiam
647 3999 868 4054 illorum
921 3997 1230 4052 mittantur.
1285 3997 1361 4053 De
1405 3998 1683 4054 columnis
1735 4008 1920 4054 autem
1967 4009 2024 4056 et

459 4107 760 4156 marmore,
807 4105 930 4160 qua:
977 4091 1427 4160 praestantissima
1475 4099 1533 4146 et
1578 4094 2021 4148 commodissima

456 4187 645 4258 Operis
680 4184 853 4254 ipsius
882 4184 1062 4238 forma
1093 4183 1406 4237 summatim
1439 4195 1724 4254 perspecta
1747 4187 2026 4242 existima-

455 4280 604 4334 veris
630 4293 780 4340 esse,
809 4276 875 4330 ad
910 4291 1010 4330 nos
1044 4287 1128 4329 Iac
1159 4275 1395 4340 scribas,
1424 4287 1484 4330 ut
1505 4286 1642 4346 quot
1674 4289 1730 4331 et
1763 4279 2022 4347 qualibus

454 4388 597 4441 opus
620 4368 809 4432 fuerit,
845 4382 972 4421 cum
995 4382 1063 4420 ex
1094 4367 1295 4422 litteris
1327 4369 1437 4422 tuis
1471 4367 1926 4432 intellexerimus,
1954 4386 2018 4424 ea

456 4464 827 4532 undequaque
853 4461 1189 4529 comportari
1219 4462 1450 4528 possint.
1481 4459 1720 4530 {Equum
1748 4463 1891 4516 enim
1915 4474 2024 4530 est,

455 4559 638 4615 locum
703 4557 874 4610 totius
939 4555 1130 4609 mundi
1180 4556 1418 4610 maxime
1479 4557 1865 4611 admirandum
1920 4575 2023 4628 pro

454 4652 722 4721 dignitate
770 4664 870 4703 sua
922 4647 1204 4702 exornari.
1267 4648 1512 4702 Basilica:
1567 4665 1732 4718 porro
1777 4669 2022 4717 camera,

456 4743 884 4798 lacuuaribusne
913 4757 982 4796 an
1017 4741 1126 4795 alio
1153 4743 1412 4810 quapiam
1445 4759 1611 4812 opere
1642 4745 1740 4798 tibi
1781 4746 1897 4800 ﬁeri
1927 4754 2022 4800 dc-

459 4837 590 4889 bere
621 4834 892 4898 videatur,
935 4848 1269 4904 cognoscere
1317 4851 1381 4888 ex
1426 4847 1478 4890 te
1526 4839 1710 4906 cupio.
1767 4838 1824 4894 Si
1875 4841 2021 4895 enim

2105 484 2250 548 πεῖν,
2272 480 2382 534 οὐδ’
2414 481 2480 533 ἂν
2515 478 2653 548 πρὸς
2683 477 2745 531 τὸ
2778 473 3114 545 βραχύτατον
3132 469 3495 540 ἀμιλληθῆναι
3525 467 3682 536 δυνήσ-

2109 589 2294 630 σονται
2323 588 2338 602 ·
2375 574 2468 626 ἐπὶ
2498 570 2740 638 τοσούτῳ
2793 569 2974 621 πᾶσαν
3014 561 3362 633 ἀνθρωπίνου
3415 559 3682 628 λογισμοῦ

2106 665 2423 734 χωρητικὴν
2483 661 2711 730 φύσινή
2765 658 2858 711 τοῦ
2915 656 3199 722 θαύματος
3256 651 3447 705 τούτου
3502 651 3685 712 πίστις

2107 757 2453 824 ῦπερὸαίνει,
2485 754 2596 822 ὅσῳ
2621 752 2731 803 τῶν
2764 747 3121 819 ἀνθρωπίνων
3167 745 3235 797 τὰ
3272 743 3501 813 οὐράνια
3528 742 3684 794 συνέ-

2109 862 2311 916 στηκεν
2341 842 2481 898 εἶναι
2513 842 2883 910 δυνατώτερα.
2914 841 3016 892 Διά
3044 837 3202 889 τοῦτο
3228 833 3359 904 γοῦν
3392 830 3551 892 οὗτος
3594 832 3686 884 ἀεὶ

2107 939 2203 993 καὶ
2237 941 2396 1007 μόνος
2435 937 2529 988 καὶ
2568 934 2788 1004 πρῶτος
2841 932 2957 984 ἐστι
3013 947 3105 998 μοι
3145 929 3369 989 σκοπὸς,
3401 925 3468 980 ἵν’
3496 926 3686 996 ὥσπερ

2109 1030 2309 1098 ἑαυτὴν
2348 1027 2683 1095 καινοτέροις
2707 1024 2987 1094 θαύμασιν
3023 1023 3055 1090 ἡ
3089 1020 3186 1088 τῆς
3210 1018 3468 1088 ἀληθείας
3505 1017 3686 1078 πίστις

2108 1123 2500 1185 ἐπιδείκνυται,
2554 1118 2698 1171 οὕτω
2749 1117 2843 1169 καὶ
2905 1115 2964 1166 αἱ
3012 1114 3183 1182 ψυχαὶ
3245 1113 3466 1164 πάντων
3522 1108 3686 1178 ἡμῶν

2111 1209 2437 1282 σωφροσύνῃ
2466 1212 2556 1261 καὶ
2583 1208 2932 1278 ὁμογνώμονι
2955 1204 3237 1276 προθυμία
3269 1203 3688 1271 σπουδαιότεραι

2108 1305 2372 1370 γίνωνταί
2391 1317 2406 1331 ⁸
2433 1303 2570 1369 ὅπερ
2623 1298 2814 1364 ἐπειδὴ
2844 1299 2978 1350 πᾶσι
3010 1296 3217 1364 νομίζω
3258 1291 3399 1348 εἶναι
3429 1294 3687 1362 φανερὸν,

2109 1397 2287 1447 ἐκεῖνο
2345 1393 2584 1460 μάλιστά
2616 1409 2675 1443 σε
2745 1389 3042 1444 πεπεῖσθαι
3106 1387 3391 1458 βούλομαι,
3450 1387 3526 1449 ὡς
3580 1386 3689 1454 ἄρα

2111 1488 2330 1540 πάντων
2369 1501 2461 1552 μοι
2497 1484 2736 1553 μάλιστα
2771 1483 2948 1549 μέλει,
3001 1481 3152 1542 ὅπως
3180 1481 3271 1532 τὸν
3304 1479 3448 1548 ἱερὸν
3477 1479 3689 1530 ἐκεῖνον

2111 1577 2301 1636 τόπον,
2361 1575 2419 1626 ὃν
2469 1573 2607 1625 Θεοῦ
2661 1575 3058 1642 προστάγματι
3107 1570 3396 1638 αἰσχίστης
3450 1567 3687 1619 ειδώ).ων

2113 1669 2432 1738 προσθήκης
2475 1666 2664 1735 ὥσπερ
2696 1668 2839 1727 τινὸς
2894 1664 3248 1733 ἐπικειμένου
3298 1661 3499 1731 βάρους
3532 1651 3692 1711 ἐκού-

2119 1778 2274 1829 φισα,
2296 1760 2454 1828 ἆγιον
2487 1759 2586 1828 μὲν
2617 1756 2852 1828 ἐξαρχῆς
2882 1758 3018 1809 Θεοῦ
3064 1757 3245 1824 κρίσει
3293 1751 3690 1822 γεγενημένον,

2119 1851 2418 1920 ἀγιὼτερον
2450 1851 2506 1903 δὲ
2535 1849 2943 1918 άποφανθέντα,
2975 1847 3068 1916 ἀφ’
3096 1839 3158 1900 οὗ
3180 1846 3277 1918 τὴν
3297 1843 3392 1898 τοῦ
3421 1841 3690 1913 σωτηρίου

2119 1943 2326 2004 πάθους
2357 1941 2542 1994 πίστιν
2573 1941 2657 2002 είς
2683 1938 2800 2007 φῶς
2851 1939 3175 2008 προήγαγεν
3198 1973 3212 1999 ,
3235 1931 3690 2002 οἰκοδομημάτων

2119 2037 2306 2090 κάλλει
2343 2021 2736 2105 κοσμήσωμεν.
2777 2032 3051 2102 Προσήκει
3077 2027 3279 2105 ’τοίνυν
3313 2027 3413 2097 τὴν
3452 2023 3554 2092 σὴν
3593 2025 3693 2087 ἀγ-

2119 2131 2325 2201 χίνοιαν
2346 2127 2490 2182 οὕτω
2511 2127 2762 2192 διατάξαι
2785 2143 2844 2179 τε
2869 2125 2962 2178 καὶ
2982 2124 3217 2179 ἑκάστου
3239 2120 3348 2174 τῶν
3373 2117 3692 2186 ἀναγκαίων

2121 2224 2454 2294 ποιήσασθαι
2501 2208 2799 2290 πρόνοιαν,
2841 2219 2915 2282 ὼς
2959 2217 3021 2270 οὐ
3070 2214 3231 2286 μόνον
3281 2211 3564 2281 βασιλικὴν
3596 2207 3694 2260 καὶ

2119 2313 2229 2366 τῶν
2282 2309 2560 2381 πανταχοῦ
2609 2308 2882 2380 βελτίονα,
2911 2305 3046 2360 ἀλλὰ
3070 2304 3165 2357 κα)⁸
3182 2303 3248 2356 τά
3277 2299 3442 2353 λοιπὰ
3465 2297 3693 2352 τοιαῦτα

2121 2405 2402 2472 γενέσθαι,
2433 2404 2509 2465 ὡς
2539 2403 2716 2457 πάντα
2747 2401 2817 2454 τά
2851 2400 2936 2470 ἐφ’
2967 2399 3206 2466 ἑκάστης
3240 2395 3450 2457 πόλεως
3506 2392 3695 2446 καλλι-

2059 2510 2068 2518 ·
2121 2495 2381 2549 στεύοντα
2424 2495 2532 2548 ὑπὸ
2584 2492 2677 2548 τοῦ
2717 2493 3013 2562 κτίσματος
3047 2489 3237 2542 τούτου
3269 2485 3542 2543 νικᾶσθαι.
3584 2485 3694 2538 Καὶ

2123 2589 2377 2658 περὶτῆς
2403 2587 2514 2641 τῶν
2547 2587 2745 2657 τοίχων
2796 2586 2855 2638 δὲ
2914 2584 3178 2654 ἐργασίας
3222 2582 3317 2634 καὶ
3340 2579 3695 2649 καλλιεργίας

2121 2679 2497 2753 Δρακιλλιανῷ
2534 2679 2611 2748 τῷ
2651 2678 2908 2752 ἡμετέρῳ
2950 2678 3090 2747 φίλῳ
3123 2674 3366 2729 διέποντι
3389 2673 3496 2725 τῶν
3545 2672 3695 2740 λαμ-

2123 2775 2414 2843 προτάτων
2463 2772 2721 2841 ἐπάρχων
2767 2771 2834 2823 τὰ
2868 2771 3032 2840 μέρη,
3089 2771 3184 2823 καὶ
3229 2767 3308 2838 τῷ
3364 2767 3467 2838 τῆς
3528 2768 3695 2836 ἐπαρ-

2122 2868 2246 2938 χίας
2271 2866 2496 2936 άρχοντι
2531 2865 2659 2936 παρ’
2687 2864 2845 2934 ἡμῶν
2870 2861 3277 2932 ἐγκεχειρίσθαι
3302 2859 3400 2929 τὴν
3433 2860 3702 2930 φροντίδα-

2123 2963 2383 3029 γίνωσκε.
2414 2958 2788 3013 Κεκέλευσται
2821 2959 2931 3028 γὰρ
2964 2959 3066 3011 ὑπὸ
3100 2958 3196 3026 τῆς
3217 2958 3358 3026 ἐμῆς
3407 2955 3693 3018 εὐσεϐείας

2123 3050 2217 3102 καὶ
2260 3049 2514 3119 τεχνίτας
2566 3049 2664 3100 καὶ
2700 3046 2938 3116 ἐργάτας
2972 3047 3068 3098 καὶ
3103 3043 3268 3098 πάνθ’
3298 3044 3398 3097 ὅσα
3428 3044 3555 3114 περὶ
3593 3042 3696 3112 τὴν

2122 3140 2415 3210 οἰκοδομὴν
2445 3140 2722 3207 ἀναγκαῖα
2761 3138 3042 3208 τυγχάνει,
3071 3139 3118 3190 εί
3148 3137 3300 3206 παρὰ
3325 3138 3423 3205 τῆς
3454 3137 3555 3208 σῆς
3591 3137 3696 3207 μά-

2122 3236 2265 3289 θοιεν
2309 3235 2610 3305 ἀγχινοίας.
2645 3235 2992 3306 παραχρῆμα
3036 3232 3126 3286 διὰ
3150 3233 3251 3298 τῆς
3281 3231 3508 3284 ἐκείνων
3555 3248 3695 3299 προ-

2121 3327 2271 3392 νοίας
2301 3327 2701 3396 ἀποσταλῆναι.
2734 3328 2871 3397 Περὶ
2909 3327 2966 3378 δὲ
2993 3325 3101 3379 τῶν
3129 3325 3322 3378 κιόνων
3351 3324 3521 3393 ἧγουν
3555 3339 3699 3392 μαρ-

2126 3420 2336 3490 μάρων,
2365 3419 2402 3472 ἃ
2452 3419 2498 3471 δ’
2544 3420 2610 3473 ἂν
2662 3419 2947 3489 νομίσειας
2979 3416 3119 3469 εἶναι
3148 3415 3451 3486 τιμιώτερά
3495 3432 3558 3466 τε
3600 3416 3696 3467 καὶ

2121 3506 2512 3576 χρησιμώτερα
2536 3506 2706 3576 αὐτῆς
2731 3505 3006 3574 συνόψεως
3032 3507 3355 3574 γενομένης,
3389 3503 3524 3573 πρὸς
3547 3505 3696 3573 ἡμᾶς

2121 3597 2330 3667 γράψαι
2357 3598 2662 3652 σπούδασον
2687 3615 2701 3630 ·
2727 3599 2818 3652 ἵνα
2838 3599 2976 3652 ὅσων
3002 3597 3047 3649 δ’
3068 3597 3136 3651 ἂν
3163 3599 3258 3650 καὶ
3281 3597 3479 3650 ὁποίων
3506 3599 3698 3668 χρείαν

2123 3688 2276 3743 εἶναι
2311 3691 2400 3742 διὰ
2453 3689 2547 3742 τοῦ
2601 3690 2697 3743 σοῦ
2739 3690 3067 3760 γράμματος
3114 3688 3466 3757 ἐπιγνῶμεν,
3522 3689 3699 3742 ταῦτα

2124 3783 2464 3853 πανταχόθεν
2493 3783 2696 3854 δυνηθῇ
2750 3782 3161 3853 μετενεχθῆναι.
3189 3783 3294 3836 Τὸν
3330 3782 3437 3853 γὰρ
3473 3781 3568 3834 τοῦ
3599 3786 3696 3835 κό-

2126 3865 2268 3940 σμου
2299 3871 2753 3942 θαυμασιώτερον
2779 3871 2945 3925 τόπον
2969 3872 3087 3925 κατ’
3117 3872 3273 3937 ἀξίαν
3307 3872 3699 3942 φαιδρύνεσθαι

2124 3963 2353 4018 δίκαιον.
2395 3964 2507 4034 Τὴν
2537 3964 2598 4017 δὲ
2629 3965 2728 4034 τῆς
2761 3961 3055 4035 βασιλικῆς
3091 3968 3352 4037 καμάραν
3386 3967 3618 4037 πότερον
3649 3968 3702 4020 εί

2125 4056 2474 4127 λακωναρίαν
2498 4096 2514 4123 ,
2557 4056 2592 4127 ἢ
2631 4057 2722 4111 διά
2750 4075 2896 4123 τινος
2923 4061 3116 4130 ἐτέρας
3152 4060 3416 4131 ἐργασίας
3444 4059 3701 4128 γενέσθαι

2125 4149 2292 4215 δοκεῖ,
2309 4151 2461 4219 παρὰ
2489 4151 2584 4202 σοῦ
2608 4150 2809 4218 γνῶναι
2832 4152 3092 4222 βούλομαι
3117 4169 3130 4186 ο
3162 4155 3211 4206 εί
3243 4153 3350 4224 γὰρ
3383 4153 3700 4226 λακωναρία

2129 4241 2311 4309 μέλλει
2347 4239 2512 4304 εἶναι,
2553 4242 2844 4310 δυνήσεται
2885 4246 2982 4298 καὶ
3005 4247 3190 4316 χρυσῷ
3225 4247 3700 4318 καλλωπισθῆναι.

2126 4329 2199 4380 Τὸ
2226 4329 2561 4399 λειπόμενον,
2597 4331 2682 4384 ἵνα
2707 4334 2740 4403 η
2769 4333 2838 4403 σὴ
2867 4336 3085 4403 ὁσιότης
3133 4336 3242 4397 τοῖς
3274 4338 3701 4407 προειρημένος

2061 4417 2474 4504 ῡδικασταῖςῇ
2523 4424 2687 4491 τάχος
2741 4427 3114 4495 γνωρισθῆναι
3171 4429 3406 4500 ποιήσῃ,
3449 4429 3591 4480 ὅσων
3640 4444 3700 4480 τε

2131 4509 2378 4576 ἐργατῶν
2409 4513 2506 4564 καὶ
2532 4512 2794 4581 τεχνιτῶν
2823 4515 2917 4566 καὶ
2947 4515 3324 4585 ἀναλωμάτων
3342 4521 3525 4586 χρεία·
3549 4517 3585 4570 ἂ
3608 4520 3702 4569 καὶ

2131 4599 2270 4669 πρὸς
2307 4601 2408 4670 ἐμὲ
2451 4603 2658 4666 εὐθέως
2705 4608 3020 4675 ἀνενεγκεῖν
3074 4607 3392 4672 σπυύδαεον,
3430 4609 3491 4660 οὐ
3537 4609 3702 4678 μόνον

2132 4694 2262 4759 περὶ
2291 4693 2399 4747 τῶν
2433 4699 2748 4767 μαρμάρων
2775 4715 2835 4750 τε
2874 4703 2968 4751 καὶ
3005 4701 3222 4763 κιόνων,
3267 4699 3405 4752 ἀλλὰ
3446 4703 3540 4752 καὶ
3573 4705 3702 4770 περὶ

2131 4781 2241 4832 τῶν
2269 4781 2652 4856 λακωναρίων,
2701 4789 2835 4856 εἴγε
2881 4791 3039 4843 τοῦτο
3079 4791 3298 4845 κάλλιον
3337 4792 3696 4860 ἐπικρίνειας.

2141 4873 2200 4926 Ὀ
2233 4876 2363 4941 Θεὸς
2391 4878 2710 4946 διαφυλάξοι
2749 4899 2834 4947 σε,
2865 4885 3059 4953 άδελφὲ
3087 4889 3359 4957 ἀγαπητέ.
3397 4908 3417 4941 ι

459 4953 814 5048 lacunaribus
869 4951 1205 5006 exstruenda
1254 4953 1384 5016 erit,
1434 4968 1568 5007 auro
1607 4971 1831 5025 quoque
1891 4961 2157 5021 illustrari
2227 4972 2450 5038 poterit.
2501 4971 2661 5044 593
2734 4977 2887 5042 Quod
2956 4951 3567 5048 saperési,'sa..cmas
3610 4995 3702 5039 ιυε

459 5048 667 5148 ΨΜ)υὲ
701 5047 1393 5150 “fimus.'I'ifBiSll'iMbES
1459 5050 1634 5118 Primo
1699 5069 1918 5124 (Ιυοίιηθ
1961 5069 2210 5131 tempore
2261 5023 2775 5140 signitire‘t'rq'ootn
2825 5023 3094 5142 cperariis

459 5141 682 5209 quantis
722 5138 990 5208 impensis
1017 5139 1089 5192 sit
1117 5153 1278 5235 opus.
1311 5138 1450 5203 Qtllll
1480 5151 1537 5193 et
1564 5142 1630 5194 ad
1681 5159 1782 5197 nos
1807 5163 2029 5217 quoque
2075 5162 2133 5204 ut
2199 5158 2456 5211 celeriter
2501 5138 2793 5227 referatur,
2841 5138 2910 5218 da
2960 5183 3206 5235 operam,
3278 5184 3387 5222 non
3435 5138 3602 5224 ιιιᾷαο
3635 5172 3702 5225 de

463 5251 733 5290 marmore
793 5234 1216 5330 ethcolumnis,
1274 5250 1465 5289 verum
1522 5238 1688 5291 etiam
1754 5241 1823 5296 de
1883 5244 2259 5311 lacunaribus,
2312 5253 2354 5305 si
2425 5255 2645 5322 quidem
2731 5259 2846 5314 ha:c
2907 5261 3226 5330 pulchriora
3299 5264 3704 5320 commodiora_

461 5344 568 5398 que
622 5341 743 5381 esse
790 5325 1152 5396 judicaveris.
1211 5329 1353 5382 Deus
1395 5339 1446 5382 te
1493 5344 1803 5394 conservet,
1848 5333 2019 5390 frater
2059 5339 2279 5397 dilecte.
2311 5363 2328 5394 ι

533 5470 610 5542 (1)
639 5469 778 5540 Erga
805 5481 1044 5524 sanctam
1075 5470 1270 5540 legem.
