  <div class='ocr_page' id='page_1' title='image "/cluster/home/n/w/nwhite01/storage/ocr_20150623/146/hvd.32044019208347/062.png"; bbox 0 0 4062 6552; ppageno 0'>
   <div class='ocr_carea' id='block_1_1' title="bbox 361 340 466 413">
    <p class='ocr_par' dir='ltr' id='par_1_1' title="bbox 361 340 466 413">
     <span class='ocr_line' id='line_1_1' title="bbox 361 340 466 413; baseline 0 0"><span class='ocrx_word' id='word_1_1' title='bbox 361 340 466 413; x_wconf 70' lang='lat'><strong>109</strong></span> 
     </span>
    </p>
   </div>
   <div class='ocr_carea' id='block_1_2' title="bbox 948 462 1361 526">
    <p class='ocr_par' dir='ltr' id='par_1_2' title="bbox 948 462 1361 526">
     <span class='ocr_line' id='line_1_2' title="bbox 948 462 1361 526; baseline 0.01 -5"><span class='ocrx_word' id='word_1_2' title='bbox 948 462 1201 526; x_wconf 69' lang='grc' dir='ltr'><strong>ΚΕΦΆΛ.</strong></span> <span class='ocrx_word' id='word_1_3' title='bbox 1229 466 1361 525; x_wconf 58' lang='grc' dir='ltr'><strong>ΚΘἍ</strong></span> 
     </span>
    </p>
   </div>
   <div class='ocr_carea' id='block_1_3' title="bbox 373 548 1936 642">
    <p class='ocr_par' dir='ltr' id='par_1_3' title="bbox 373 548 1936 642">
     <span class='ocr_line' id='line_1_3' title="bbox 373 548 1936 642; baseline 0.003 -31"><span class='ocrx_word' id='word_1_4' title='bbox 373 548 476 642; x_wconf 73' lang='grc' dir='ltr'>Ὧς</span> <span class='ocrx_word' id='word_1_5' title='bbox 502 555 541 621; x_wconf 77' lang='grc' dir='ltr'><strong>ἠ</strong></span> <span class='ocrx_word' id='word_1_6' title='bbox 565 554 673 610; x_wconf 83' lang='grc' dir='ltr'>τοῦ</span> <span class='ocrx_word' id='word_1_7' title='bbox 702 557 1013 642; x_wconf 46' lang='grc' dir='ltr'>βασιλέως</span> <span class='ocrx_word' id='word_1_8' title='bbox 1045 558 1243 642; x_wconf 46' lang='lat' dir='ltr'><strong>(idem)</strong></span> <span class='ocrx_word' id='word_1_9' title='bbox 1296 555 1512 642; x_wconf 56' lang='grc' dir='ltr'>Ἐέένη</span> <span class='ocrx_word' id='word_1_10' title='bbox 1546 561 1633 627; x_wconf 79' lang='grc' dir='ltr'>εὶς</span> <span class='ocrx_word' id='word_1_11' title='bbox 1673 560 1936 642; x_wconf 51' lang='grc' dir='ltr'>ξῐεροσός</span> 
     </span>
    </p>
   </div>
   <div class='ocr_carea' id='block_1_4' title="bbox 433 626 1934 700">
    <p class='ocr_par' dir='ltr' id='par_1_4' title="bbox 433 626 1934 700">
     <span class='ocr_line' id='line_1_4' title="bbox 433 626 1934 700; baseline 0.004 -22"><span class='ocrx_word' id='word_1_12' title='bbox 433 626 944 700; x_wconf 28' lang='grc' dir='ltr'><strong>λυμαᾼτενοιεένη.</strong></span> <span class='ocrx_word' id='word_1_13' title='bbox 1003 626 1302 700; x_wconf 62' lang='grc' dir='ltr'>τὸν-θεῖον</span> <span class='ocrx_word' id='word_1_14' title='bbox 1328 626 1467 697; x_wconf 73' lang='grc' dir='ltr'>εὗρε</span> <span class='ocrx_word' id='word_1_15' title='bbox 1502 626 1805 700; x_wconf 70' lang='lat' dir='ltr'><strong>orava,</strong></span> <span class='ocrx_word' id='word_1_16' title='bbox 1837 631 1934 684; x_wconf 81' lang='grc' dir='ltr'><strong>καί</strong></span> 
     </span>
    </p>
   </div>
   <div class='ocr_carea' id='block_1_5' title="bbox 440 694 1267 767">
    <p class='ocr_par' dir='ltr' id='par_1_5' title="bbox 440 694 1267 767">
     <span class='ocr_line' id='line_1_5' title="bbox 440 694 1267 767; baseline 0.004 -19"><span class='ocrx_word' id='word_1_17' title='bbox 440 699 510 749; x_wconf 84' lang='grc' dir='ltr'>τὰ</span> <span class='ocrx_word' id='word_1_18' title='bbox 538 694 643 748; x_wconf 57' lang='lat' dir='ltr'><strong>ex&quot;</strong></span> <span class='ocrx_word' id='word_1_19' title='bbox 662 694 828 762; x_wconf 76' lang='grc' dir='ltr'><strong>αὐτῷ</strong></span> <span class='ocrx_word' id='word_1_20' title='bbox 848 696 1267 767; x_wconf 57' lang='grc' dir='ltr'>πεπραγμένα.</span> 
     </span>
    </p>
   </div>
   <div class='ocr_carea' id='block_1_6' title="bbox 438 810 1939 883">
    <p class='ocr_par' dir='ltr' id='par_1_6' title="bbox 438 810 1939 883">
     <span class='ocr_line' id='line_1_6' title="bbox 438 810 1939 883; baseline 0.003 -21"><span class='ocrx_word' id='word_1_21' title='bbox 438 810 702 873; x_wconf 78' lang='grc' dir='ltr'>Διάκονος</span> <span class='ocrx_word' id='word_1_22' title='bbox 726 812 785 865; x_wconf 73' lang='grc' dir='ltr'>δὲ</span> <span class='ocrx_word' id='word_1_23' title='bbox 819 811 927 866; x_wconf 83' lang='grc' dir='ltr'><strong>τῶν</strong></span> <span class='ocrx_word' id='word_1_24' title='bbox 960 810 1061 864; x_wconf 83' lang='grc' dir='ltr'><strong>τοῦ·</strong></span> <span class='ocrx_word' id='word_1_25' title='bbox 1096 811 1366 882; x_wconf 80' lang='grc' dir='ltr'>βασιλέως</span> <span class='ocrx_word' id='word_1_26' title='bbox 1407 812 1756 883; x_wconf 76' lang='grc' dir='ltr'><strong>γραμμάτων</strong></span> <span class='ocrx_word' id='word_1_27' title='bbox 1783 816 1816 880; x_wconf 85' lang='grc' dir='ltr'>ὴ</span> <span class='ocrx_word' id='word_1_28' title='bbox 1846 815 1939 868; x_wconf 74' lang='grc' dir='ltr'>τὸν</span> 
     </span>
    </p>
   </div>
   <div class='ocr_carea' id='block_1_7' title="bbox 361 900 1940 976">
    <p class='ocr_par' dir='ltr' id='par_1_7' title="bbox 361 900 1940 976">
     <span class='ocr_line' id='line_1_7' title="bbox 361 900 1940 976; baseline 0.006 -27"><span class='ocrx_word' id='word_1_29' title='bbox 361 901 627 953; x_wconf 78' lang='grc' dir='ltr'>τοσοῦτον</span> <span class='ocrx_word' id='word_1_30' title='bbox 668 900 906 954; x_wconf 75' lang='grc' dir='ltr'>τεκοῦσα</span> <span class='ocrx_word' id='word_1_31' title='bbox 944 901 1041 955; x_wconf 88' lang='grc' dir='ltr'>τοῦ</span> <span class='ocrx_word' id='word_1_32' title='bbox 1082 901 1347 972; x_wconf 86' lang='grc' dir='ltr'>βασιλέως</span> <span class='ocrx_word' id='word_1_33' title='bbox 1386 908 1593 975; x_wconf 78' lang='grc' dir='ltr'>μήτηρ,</span> <span class='ocrx_word' id='word_1_34' title='bbox 1625 907 1659 976; x_wconf 80' lang='grc' dir='ltr'><strong>ἡ</strong></span> <span class='ocrx_word' id='word_1_35' title='bbox 1691 905 1940 976; x_wconf 78' lang='grc' dir='ltr'>μακαρία</span> 
     </span>
    </p>
   </div>
   <div class='ocr_carea' id='block_1_8' title="bbox 374 991 1939 1064">
    <p class='ocr_par' dir='ltr' id='par_1_8' title="bbox 374 991 1939 1064">
     <span class='ocr_line' id='line_1_8' title="bbox 374 991 1939 1064; baseline 0.005 -22"><span class='ocrx_word' id='word_1_36' title='bbox 374 991 596 1060; x_wconf 79' lang='grc' dir='ltr'><strong>⁹Ελέντι,</strong></span> <span class='ocrx_word' id='word_1_37' title='bbox 622 993 860 1060; x_wconf 74' lang='grc' dir='ltr'>ἐγένετο.</span> <span class='ocrx_word' id='word_1_38' title='bbox 886 994 981 1064; x_wconf 81' lang='grc' dir='ltr'><strong>Τῷ</strong></span> <span class='ocrx_word' id='word_1_39' title='bbox 1003 994 1110 1063; x_wconf 84' lang='grc' dir='ltr'><strong>γὰρ</strong></span> <span class='ocrx_word' id='word_1_40' title='bbox 1136 995 1284 1064; x_wconf 82' lang='grc' dir='ltr'>αὐτῷ</span> <span class='ocrx_word' id='word_1_41' title='bbox 1305 995 1403 1064; x_wconf 74' lang='grc' dir='ltr'><strong>τῆς</strong></span> <span class='ocrx_word' id='word_1_42' title='bbox 1436 996 1656 1049; x_wconf 81' lang='grc' dir='ltr'><strong>συνόδου</strong></span> <span class='ocrx_word' id='word_1_43' title='bbox 1687 997 1799 1050; x_wconf 74' lang='grc' dir='ltr'>ἔτει</span> <span class='ocrx_word' id='word_1_44' title='bbox 1818 997 1939 1051; x_wconf 86' lang='grc' dir='ltr'>κατ’</span> 
     </span>
    </p>
   </div>
   <div class='ocr_carea' id='block_1_9' title="bbox 366 1084 1937 1158">
    <p class='ocr_par' dir='ltr' id='par_1_9' title="bbox 366 1084 1937 1158">
     <span class='ocr_line' id='line_1_9' title="bbox 366 1084 1937 1158; baseline 0.005 -23"><span class='ocrx_word' id='word_1_45' title='bbox 366 1084 502 1153; x_wconf 81' lang='grc' dir='ltr'>δναρ</span> <span class='ocrx_word' id='word_1_46' title='bbox 533 1086 996 1155; x_wconf 84' lang='grc' dir='ltr'>χρηματιοθεῖσα.</span> <span class='ocrx_word' id='word_1_47' title='bbox 1029 1086 1196 1156; x_wconf 83' lang='grc' dir='ltr'>εὐχῆς</span> <span class='ocrx_word' id='word_1_48' title='bbox 1239 1088 1401 1158; x_wconf 78' lang='grc' dir='ltr'>χάριν</span> <span class='ocrx_word' id='word_1_49' title='bbox 1433 1090 1531 1140; x_wconf 84' lang='grc' dir='ltr'><strong>καὶ</strong></span> <span class='ocrx_word' id='word_1_50' title='bbox 1562 1089 1804 1158; x_wconf 84' lang='grc' dir='ltr'>ίστορίας</span> <span class='ocrx_word' id='word_1_51' title='bbox 1838 1106 1937 1143; x_wconf 81' lang='grc' dir='ltr'>κα-</span> 
     </span>
    </p>
   </div>
   <div class='ocr_carea' id='block_1_10' title="bbox 367 1176 1936 1251">
    <p class='ocr_par' dir='ltr' id='par_1_10' title="bbox 367 1176 1936 1251">
     <span class='ocr_line' id='line_1_10' title="bbox 367 1176 1936 1251; baseline 0.004 -23"><span class='ocrx_word' id='word_1_52' title='bbox 367 1176 566 1229; x_wconf 73' lang='grc' dir='ltr'>τέλαϐε</span> <span class='ocrx_word' id='word_1_53' title='bbox 600 1178 670 1229; x_wconf 80' lang='grc' dir='ltr'>τὰ</span> <span class='ocrx_word' id='word_1_54' title='bbox 715 1177 1245 1247; x_wconf 77' lang='grc' dir='ltr'>Ἰεροσόλυμα,,οῦτε</span> <span class='ocrx_word' id='word_1_55' title='bbox 1291 1180 1383 1233; x_wconf 83' lang='grc' dir='ltr'>τὸν</span> <span class='ocrx_word' id='word_1_56' title='bbox 1427 1181 1532 1251; x_wconf 83' lang='grc' dir='ltr'><strong>τῆς</strong></span> <span class='ocrx_word' id='word_1_57' title='bbox 1573 1181 1696 1234; x_wconf 75' lang='grc' dir='ltr'>ὀδοῦ</span> <span class='ocrx_word' id='word_1_58' title='bbox 1746 1182 1936 1246; x_wconf 84' lang='grc' dir='ltr'>κόπον,</span> 
     </span>
    </p>
   </div>
   <div class='ocr_carea' id='block_1_11' title="bbox 367 1264 1939 1343">
    <p class='ocr_par' dir='ltr' id='par_1_11' title="bbox 367 1264 1939 1343">
     <span class='ocr_line' id='line_1_11' title="bbox 367 1264 1939 1343; baseline 0.005 -26"><span class='ocrx_word' id='word_1_59' title='bbox 367 1264 495 1319; x_wconf 71' lang='grc' dir='ltr'>οὔτε</span> <span class='ocrx_word' id='word_1_60' title='bbox 529 1266 638 1336; x_wconf 82' lang='grc' dir='ltr'>μὴν</span> <span class='ocrx_word' id='word_1_61' title='bbox 674 1268 747 1319; x_wconf 79' lang='grc' dir='ltr'>τὰ</span> <span class='ocrx_word' id='word_1_62' title='bbox 780 1267 873 1320; x_wconf 89' lang='grc' dir='ltr'><strong>τοῦ</strong></span> <span class='ocrx_word' id='word_1_63' title='bbox 926 1269 1112 1338; x_wconf 77' lang='grc' dir='ltr'>γήρως</span> <span class='ocrx_word' id='word_1_64' title='bbox 1156 1269 1623 1340; x_wconf 75' lang='grc' dir='ltr'>ὑπολογισαμένη.</span> <span class='ocrx_word' id='word_1_65' title='bbox 1667 1272 1802 1342; x_wconf 72' lang='grc' dir='ltr'>Περὶ</span> <span class='ocrx_word' id='word_1_66' title='bbox 1829 1273 1939 1343; x_wconf 72' lang='grc' dir='ltr'>γὰρ</span> 
     </span>
    </p>
   </div>
   <div class='ocr_carea' id='block_1_12' title="bbox 367 1357 1940 1431">
    <p class='ocr_par' dir='ltr' id='par_1_12' title="bbox 367 1357 1940 1431">
     <span class='ocr_line' id='line_1_12' title="bbox 367 1357 1940 1431; baseline 0.006 -23"><span class='ocrx_word' id='word_1_67' title='bbox 367 1357 430 1408; x_wconf 81' lang='grc' dir='ltr'>τὸ</span> <span class='ocrx_word' id='word_1_68' title='bbox 477 1360 660 1425; x_wconf 78' lang='grc' dir='ltr'>τέρμα</span> <span class='ocrx_word' id='word_1_69' title='bbox 688 1359 808 1429; x_wconf 36' lang='grc' dir='ltr'><strong>⁸τῆς</strong></span> <span class='ocrx_word' id='word_1_70' title='bbox 858 1360 1030 1428; x_wconf 78' lang='grc' dir='ltr'>αὐτῆς</span> <span class='ocrx_word' id='word_1_71' title='bbox 1064 1361 1295 1425; x_wconf 81' lang='grc' dir='ltr'>ἀφίκετο</span> <span class='ocrx_word' id='word_1_72' title='bbox 1329 1362 1536 1431; x_wconf 85' lang='grc' dir='ltr'>βιοτῆς.</span> <span class='ocrx_word' id='word_1_73' title='bbox 1581 1363 1720 1416; x_wconf 90' lang='grc' dir='ltr'>Λίαν</span> <span class='ocrx_word' id='word_1_74' title='bbox 1756 1364 1814 1416; x_wconf 71' lang='grc' dir='ltr'>δὲ</span> <span class='ocrx_word' id='word_1_75' title='bbox 1843 1366 1940 1418; x_wconf 77' lang='grc' dir='ltr'>καὶ</span> 
     </span>
    </p>
   </div>
   <div class='ocr_carea' id='block_1_13' title="bbox 366 1449 1934 1522">
    <p class='ocr_par' dir='ltr' id='par_1_13' title="bbox 366 1449 1934 1522">
     <span class='ocr_line' id='line_1_13' title="bbox 366 1449 1934 1522; baseline 0.006 -21"><span class='ocrx_word' id='word_1_76' title='bbox 366 1449 508 1518; x_wconf 86' lang='grc' dir='ltr'>αῦτη</span> <span class='ocrx_word' id='word_1_77' title='bbox 546 1456 678 1519; x_wconf 76' lang='grc' dir='ltr'>περὶ</span> <span class='ocrx_word' id='word_1_78' title='bbox 714 1452 776 1504; x_wconf 72' lang='grc' dir='ltr'><strong>τὸ</strong></span> <span class='ocrx_word' id='word_1_79' title='bbox 818 1454 1165 1522; x_wconf 81' lang='grc' dir='ltr'>Χριστιανῶν</span> <span class='ocrx_word' id='word_1_80' title='bbox 1204 1454 1450 1518; x_wconf 78' lang='grc' dir='ltr'>εὐλαὸῶς</span> <span class='ocrx_word' id='word_1_81' title='bbox 1481 1456 1720 1509; x_wconf 84' lang='grc' dir='ltr'>διέκειτο</span> <span class='ocrx_word' id='word_1_82' title='bbox 1747 1458 1934 1521; x_wconf 76' lang='grc' dir='ltr'>σέσας.</span> 
     </span>
    </p>
   </div>
   <div class='ocr_carea' id='block_1_14' title="bbox 369 1541 1938 1618">
    <p class='ocr_par' dir='ltr' id='par_1_14' title="bbox 369 1541 1938 1618">
     <span class='ocr_line' id='line_1_14' title="bbox 369 1541 1938 1618; baseline 0.009 -27"><span class='ocrx_word' id='word_1_83' title='bbox 369 1542 507 1610; x_wconf 72' lang='grc' dir='ltr'>Περὶ</span> <span class='ocrx_word' id='word_1_84' title='bbox 538 1542 793 1596; x_wconf 76' lang='grc' dir='ltr'><strong>πλείστου</strong></span> <span class='ocrx_word' id='word_1_85' title='bbox 825 1547 872 1598; x_wconf 78' lang='grc' dir='ltr'>δ’</span> <span class='ocrx_word' id='word_1_86' title='bbox 897 1541 966 1617; x_wconf 83' lang='grc' dir='ltr'>ἦν</span> <span class='ocrx_word' id='word_1_87' title='bbox 997 1547 1137 1617; x_wconf 73' lang='grc' dir='ltr'>αὐτῇ</span> <span class='ocrx_word' id='word_1_88' title='bbox 1167 1547 1229 1598; x_wconf 82' lang='grc' dir='ltr'><strong>τὸ</strong></span> <span class='ocrx_word' id='word_1_89' title='bbox 1263 1548 1359 1599; x_wconf 88' lang='grc' dir='ltr'>τοῦ</span> <span class='ocrx_word' id='word_1_90' title='bbox 1391 1550 1628 1618; x_wconf 89' lang='grc' dir='ltr'>σταυροῦ</span> <span class='ocrx_word' id='word_1_91' title='bbox 1661 1551 1821 1615; x_wconf 77' lang='grc' dir='ltr'>ξύλον</span> <span class='ocrx_word' id='word_1_92' title='bbox 1845 1553 1938 1604; x_wconf 84' lang='grc' dir='ltr'>εύ-</span> 
     </span>
    </p>
   </div>
   <div class='ocr_carea' id='block_1_15' title="bbox 367 1636 1937 1714">
    <p class='ocr_par' dir='ltr' id='par_1_15' title="bbox 367 1636 1937 1714">
     <span class='ocr_line' id='line_1_15' title="bbox 367 1636 1937 1714; baseline 0.006 -29"><span class='ocrx_word' id='word_1_93' title='bbox 367 1638 507 1703; x_wconf 83' lang='grc' dir='ltr'><strong>ρείν,</strong></span> <span class='ocrx_word' id='word_1_94' title='bbox 533 1636 629 1687; x_wconf 79' lang='grc' dir='ltr'>καὶ</span> <span class='ocrx_word' id='word_1_95' title='bbox 657 1636 718 1688; x_wconf 84' lang='grc' dir='ltr'><strong>τὸ</strong></span> <span class='ocrx_word' id='word_1_96' title='bbox 748 1636 1038 1708; x_wconf 79' lang='grc' dir='ltr'>ξωηφόρον</span> <span class='ocrx_word' id='word_1_97' title='bbox 1090 1639 1283 1708; x_wconf 86' lang='grc' dir='ltr'>μνῆμα</span> <span class='ocrx_word' id='word_1_98' title='bbox 1305 1641 1570 1710; x_wconf 80' lang='grc' dir='ltr'><strong>Χριστοῦ.</strong></span> <span class='ocrx_word' id='word_1_99' title='bbox 1596 1643 1703 1695; x_wconf 77' lang='grc' dir='ltr'><strong>Καὶ</strong></span> <span class='ocrx_word' id='word_1_100' title='bbox 1746 1644 1937 1714; x_wconf 84' lang='grc' dir='ltr'>δυσχε-</span> 
     </span>
    </p>
   </div>
   <div class='ocr_carea' id='block_1_16' title="bbox 367 1726 1937 1805">
    <p class='ocr_par' dir='ltr' id='par_1_16' title="bbox 367 1726 1937 1805">
     <span class='ocr_line' id='line_1_16' title="bbox 367 1726 1937 1805; baseline 0.006 -28"><span class='ocrx_word' id='word_1_101' title='bbox 367 1727 477 1797; x_wconf 89' lang='grc' dir='ltr'><strong>ρῶς</strong></span> <span class='ocrx_word' id='word_1_102' title='bbox 509 1728 631 1796; x_wconf 68' lang='grc' dir='ltr'>μὲν,</span> <span class='ocrx_word' id='word_1_103' title='bbox 657 1728 903 1798; x_wconf 79' lang='grc' dir='ltr'><strong>εὑρίσκει</strong></span> <span class='ocrx_word' id='word_1_104' title='bbox 935 1729 982 1781; x_wconf 89' lang='grc' dir='ltr'>δ’</span> <span class='ocrx_word' id='word_1_105' title='bbox 1021 1726 1119 1783; x_wconf 79' lang='grc' dir='ltr'><strong>οὖν</strong></span> <span class='ocrx_word' id='word_1_106' title='bbox 1158 1733 1332 1801; x_wconf 82' lang='grc' dir='ltr'>ὅμως,</span> <span class='ocrx_word' id='word_1_107' title='bbox 1379 1733 1455 1793; x_wconf 84' lang='grc' dir='ltr'>ὡς</span> <span class='ocrx_word' id='word_1_108' title='bbox 1492 1733 1591 1801; x_wconf 77' lang='grc' dir='ltr'><strong>μέν</strong></span> <span class='ocrx_word' id='word_1_109' title='bbox 1624 1750 1771 1797; x_wconf 87' lang='grc' dir='ltr'>τινες</span> <span class='ocrx_word' id='word_1_110' title='bbox 1800 1735 1937 1805; x_wconf 79' lang='grc' dir='ltr'>ἔφα-</span> 
     </span>
    </p>
   </div>
   <div class='ocr_carea' id='block_1_17' title="bbox 367 1819 1932 1899">
    <p class='ocr_par' dir='ltr' id='par_1_17' title="bbox 367 1819 1932 1899">
     <span class='ocr_line' id='line_1_17' title="bbox 367 1819 1932 1899; baseline 0.008 -31"><span class='ocrx_word' id='word_1_111' title='bbox 367 1832 491 1881; x_wconf 85' lang='grc' dir='ltr'>σαν,</span> <span class='ocrx_word' id='word_1_112' title='bbox 531 1819 722 1889; x_wconf 79' lang='grc' dir='ltr'>ἀνδρὸς</span> <span class='ocrx_word' id='word_1_113' title='bbox 768 1821 1027 1889; x_wconf 81' lang='grc' dir='ltr'>Ἐὅραίου</span> <span class='ocrx_word' id='word_1_114' title='bbox 1078 1824 1574 1894; x_wconf 85' lang='grc' dir='ltr'>καταμηνύσαντος</span> <span class='ocrx_word' id='word_1_115' title='bbox 1617 1826 1710 1879; x_wconf 85' lang='grc' dir='ltr'><strong>τδν</strong></span> <span class='ocrx_word' id='word_1_116' title='bbox 1752 1828 1932 1899; x_wconf 84' lang='grc' dir='ltr'>χῶρον</span> 
     </span>
    </p>
   </div>
   <div class='ocr_carea' id='block_1_18' title="bbox 364 1908 1934 1985">
    <p class='ocr_par' dir='ltr' id='par_1_18' title="bbox 364 1908 1934 1985">
     <span class='ocr_line' id='line_1_18' title="bbox 364 1908 1934 1985; baseline -0.001 -24"><span class='ocrx_word' id='word_1_117' title='bbox 364 1908 430 1961; x_wconf 72' lang='grc' dir='ltr'>ἐκ</span> <span class='ocrx_word' id='word_1_118' title='bbox 455 1926 605 1973; x_wconf 87' lang='grc' dir='ltr'>τινος</span> <span class='ocrx_word' id='word_1_119' title='bbox 647 1910 911 1981; x_wconf 80' lang='grc' dir='ltr'><strong>πατρῴας</strong></span> <span class='ocrx_word' id='word_1_120' title='bbox 959 1914 1183 1982; x_wconf 79' lang='grc' dir='ltr'>γραφῆς</span> <span class='ocrx_word' id='word_1_121' title='bbox 1208 1929 1226 1947; x_wconf 79' lang='grc' dir='ltr'><strong>ο</strong></span> <span class='ocrx_word' id='word_1_122' title='bbox 1253 1915 1317 1967; x_wconf 83' lang='grc' dir='ltr'>τὸ</span> <span class='ocrx_word' id='word_1_123' title='bbox 1348 1915 1396 1967; x_wconf 77' lang='grc' dir='ltr'>δ’</span> <span class='ocrx_word' id='word_1_124' title='bbox 1430 1915 1649 1983; x_wconf 79' lang='grc' dir='ltr'>ἀληθὲς,</span> <span class='ocrx_word' id='word_1_125' title='bbox 1680 1914 1757 1978; x_wconf 76' lang='grc' dir='ltr'>ὡς</span> <span class='ocrx_word' id='word_1_126' title='bbox 1798 1909 1934 1985; x_wconf 75' lang='grc' dir='ltr'><strong>ὲγῷ.</strong></span> 
     </span>
    </p>
   </div>
   <div class='ocr_carea' id='block_1_19' title="bbox 367 1997 1934 2070">
    <p class='ocr_par' dir='ltr' id='par_1_19' title="bbox 367 1997 1934 2070">
     <span class='ocr_line' id='line_1_19' title="bbox 367 1997 1934 2070; baseline 0.005 -23"><span class='ocrx_word' id='word_1_127' title='bbox 367 2012 491 2063; x_wconf 86' lang='grc' dir='ltr'>μαι,</span> <span class='ocrx_word' id='word_1_128' title='bbox 518 1997 657 2050; x_wconf 87' lang='grc' dir='ltr'>Θεοῦ</span> <span class='ocrx_word' id='word_1_129' title='bbox 688 2001 936 2068; x_wconf 79' lang='grc' dir='ltr'><strong>σημείοις</strong></span> <span class='ocrx_word' id='word_1_130' title='bbox 964 2000 1028 2069; x_wconf 82' lang='grc' dir='ltr'>δή</span> <span class='ocrx_word' id='word_1_131' title='bbox 1059 2017 1169 2053; x_wconf 88' lang='grc' dir='ltr'>τισι</span> <span class='ocrx_word' id='word_1_132' title='bbox 1201 2003 1295 2054; x_wconf 68' lang='grc' dir='ltr'>καὶ</span> <span class='ocrx_word' id='word_1_133' title='bbox 1321 2000 1592 2070; x_wconf 72' lang='grc' dir='ltr'>ὀνείρασιν</span> <span class='ocrx_word' id='word_1_134' title='bbox 1618 2002 1934 2069; x_wconf 78' lang='grc' dir='ltr'>ὑποδείξαν-</span> 
     </span>
    </p>
   </div>
   <div class='ocr_carea' id='block_1_20' title="bbox 361 2087 1934 2164">
    <p class='ocr_par' dir='ltr' id='par_1_20' title="bbox 361 2087 1934 2164">
     <span class='ocr_line' id='line_1_20' title="bbox 361 2087 1934 2164; baseline 0.006 -25"><span class='ocrx_word' id='word_1_135' title='bbox 361 2102 475 2148; x_wconf 84' lang='grc' dir='ltr'>τος.</span> <span class='ocrx_word' id='word_1_136' title='bbox 520 2087 811 2158; x_wconf 83' lang='grc' dir='ltr'>ᾙρημένῳ</span> <span class='ocrx_word' id='word_1_137' title='bbox 855 2090 966 2160; x_wconf 79' lang='grc' dir='ltr'>γὰρ</span> <span class='ocrx_word' id='word_1_138' title='bbox 994 2090 1114 2159; x_wconf 83' lang='grc' dir='ltr'><strong>Θεῷ</strong></span> <span class='ocrx_word' id='word_1_139' title='bbox 1138 2092 1276 2160; x_wconf 73' lang='grc' dir='ltr'>δῆλα</span> <span class='ocrx_word' id='word_1_140' title='bbox 1324 2093 1583 2164; x_wconf 75' lang='grc' dir='ltr'>καθιστᾷν</span> <span class='ocrx_word' id='word_1_141' title='bbox 1623 2093 1692 2146; x_wconf 87' lang='grc' dir='ltr'>τὰ</span> <span class='ocrx_word' id='word_1_142' title='bbox 1725 2093 1846 2149; x_wconf 77' lang='grc' dir='ltr'>θεῖά</span> <span class='ocrx_word' id='word_1_143' title='bbox 1874 2113 1934 2149; x_wconf 86' lang='grc' dir='ltr'><strong>τε</strong></span> 
     </span>
    </p>
   </div>
   <div class='ocr_carea' id='block_1_21' title="bbox 363 2179 1934 2258">
    <p class='ocr_par' dir='ltr' id='par_1_21' title="bbox 363 2179 1934 2258">
     <span class='ocr_line' id='line_1_21' title="bbox 363 2179 1934 2258; baseline 0.009 -29"><span class='ocrx_word' id='word_1_144' title='bbox 363 2183 457 2229; x_wconf 79' lang='grc' dir='ltr'>καὶ</span> <span class='ocrx_word' id='word_1_145' title='bbox 491 2179 803 2250; x_wconf 76' lang='grc' dir='ltr'>ἀπόρρητα,</span> <span class='ocrx_word' id='word_1_146' title='bbox 859 2181 1060 2250; x_wconf 81' lang='grc' dir='ltr'>ἥκιστα</span> <span class='ocrx_word' id='word_1_147' title='bbox 1112 2182 1322 2237; x_wconf 85' lang='grc' dir='ltr'>δεῖσθαι</span> <span class='ocrx_word' id='word_1_148' title='bbox 1366 2184 1467 2254; x_wconf 88' lang='grc' dir='ltr'><strong>τῆς</strong></span> <span class='ocrx_word' id='word_1_149' title='bbox 1518 2184 1579 2249; x_wconf 80' lang='grc' dir='ltr'><strong>ἐξ</strong></span> <span class='ocrx_word' id='word_1_150' title='bbox 1624 2184 1934 2258; x_wconf 80' lang='grc' dir='ltr'>ἀνθρώπων</span> 
     </span>
    </p>
   </div>
   <div class='ocr_carea' id='block_1_22' title="bbox 367 2272 1935 2350">
    <p class='ocr_par' dir='ltr' id='par_1_22' title="bbox 367 2272 1935 2350">
     <span class='ocr_line' id='line_1_22' title="bbox 367 2272 1935 2350; baseline 0.008 -28"><span class='ocrx_word' id='word_1_151' title='bbox 367 2272 677 2338; x_wconf 82' lang='grc' dir='ltr'>μηνύσεως.</span> <span class='ocrx_word' id='word_1_152' title='bbox 734 2274 889 2327; x_wconf 78' lang='grc' dir='ltr'>Κατὰ</span> <span class='ocrx_word' id='word_1_153' title='bbox 928 2274 1034 2346; x_wconf 82' lang='grc' dir='ltr'>γὰρ</span> <span class='ocrx_word' id='word_1_154' title='bbox 1073 2276 1173 2346; x_wconf 78' lang='grc' dir='ltr'>τὴν</span> <span class='ocrx_word' id='word_1_155' title='bbox 1199 2278 1293 2330; x_wconf 85' lang='grc' dir='ltr'><strong>τού</strong></span> <span class='ocrx_word' id='word_1_156' title='bbox 1333 2278 1666 2347; x_wconf 78' lang='grc' dir='ltr'><strong>κρατοῦντος</strong></span> <span class='ocrx_word' id='word_1_157' title='bbox 1698 2283 1935 2350; x_wconf 86' lang='grc' dir='ltr'>πρόστα-</span> 
     </span>
    </p>
   </div>
   <div class='ocr_carea' id='block_1_23' title="bbox 364 2362 1934 2442">
    <p class='ocr_par' dir='ltr' id='par_1_23' title="bbox 364 2362 1934 2442">
     <span class='ocr_line' id='line_1_23' title="bbox 364 2362 1934 2442; baseline 0.008 -27"><span class='ocrx_word' id='word_1_158' title='bbox 364 2362 467 2429; x_wconf 78' lang='grc' dir='ltr'>ξιν,</span> <span class='ocrx_word' id='word_1_159' title='bbox 495 2363 591 2417; x_wconf 86' lang='grc' dir='ltr'><strong>τοῦ</strong></span> <span class='ocrx_word' id='word_1_160' title='bbox 640 2366 873 2435; x_wconf 67' lang='grc' dir='ltr'>ἐναγοῦς</span> <span class='ocrx_word' id='word_1_161' title='bbox 902 2369 1115 2422; x_wconf 71' lang='grc' dir='ltr'>ἐκείνου</span> <span class='ocrx_word' id='word_1_162' title='bbox 1162 2371 1596 2442; x_wconf 85' lang='grc' dir='ltr'>καθαιρουμένου</span> <span class='ocrx_word' id='word_1_163' title='bbox 1649 2375 1803 2437; x_wconf 83' lang='grc' dir='ltr'>ναοῦ.</span> <span class='ocrx_word' id='word_1_164' title='bbox 1838 2378 1934 2430; x_wconf 76' lang='grc' dir='ltr'>καὶ</span> 
     </span>
    </p>
   </div>
   <div class='ocr_carea' id='block_1_24' title="bbox 362 2455 1945 2536">
    <p class='ocr_par' dir='ltr' id='par_1_24' title="bbox 362 2455 1945 2536">
     <span class='ocr_line' id='line_1_24' title="bbox 362 2455 1945 2536; baseline 0.008 -29"><span class='ocrx_word' id='word_1_165' title='bbox 362 2455 456 2508; x_wconf 84' lang='grc' dir='ltr'><strong>τοῦ</strong></span> <span class='ocrx_word' id='word_1_166' title='bbox 481 2455 740 2525; x_wconf 82' lang='grc' dir='ltr'>χώματος</span> <span class='ocrx_word' id='word_1_167' title='bbox 767 2461 1194 2530; x_wconf 81' lang='grc' dir='ltr'>ὲκφορουμένου,</span> <span class='ocrx_word' id='word_1_168' title='bbox 1231 2460 1385 2515; x_wconf 76' lang='grc' dir='ltr'>ἔνθεν</span> <span class='ocrx_word' id='word_1_169' title='bbox 1426 2465 1529 2534; x_wconf 83' lang='grc' dir='ltr'>μὲν</span> <span class='ocrx_word' id='word_1_170' title='bbox 1569 2460 1642 2518; x_wconf 73' lang='grc' dir='ltr'>τδ”</span> <span class='ocrx_word' id='word_1_171' title='bbox 1662 2467 1809 2535; x_wconf 69' lang='grc' dir='ltr'>ἱερὸν</span> <span class='ocrx_word' id='word_1_172' title='bbox 1833 2468 1945 2536; x_wconf 31' lang='grc' dir='ltr'>τῆς.</span> 
     </span>
    </p>
   </div>
   <div class='ocr_carea' id='block_1_25' title="bbox 362 2546 1934 2632">
    <p class='ocr_par' dir='ltr' id='par_1_25' title="bbox 362 2546 1934 2632">
     <span class='ocr_line' id='line_1_25' title="bbox 362 2546 1934 2632; baseline 0.008 -30"><span class='ocrx_word' id='word_1_173' title='bbox 362 2546 747 2632; x_wconf 76' lang='grc' dir='ltr'>’Δναστάσεως</span> <span class='ocrx_word' id='word_1_174' title='bbox 768 2552 943 2607; x_wconf 74' lang='grc' dir='ltr'>έκεῖνο</span> <span class='ocrx_word' id='word_1_175' title='bbox 971 2553 1168 2625; x_wconf 81' lang='grc' dir='ltr'>ἄντρον</span> <span class='ocrx_word' id='word_1_176' title='bbox 1196 2556 1471 2626; x_wconf 77' lang='grc' dir='ltr'>ἐφαίνετο,</span> <span class='ocrx_word' id='word_1_177' title='bbox 1501 2560 1651 2629; x_wconf 77' lang='grc' dir='ltr'>τρεῖς</span> <span class='ocrx_word' id='word_1_178' title='bbox 1671 2559 1719 2612; x_wconf 86' lang='grc' dir='ltr'>δ’</span> <span class='ocrx_word' id='word_1_179' title='bbox 1746 2561 1806 2614; x_wconf 73' lang='grc' dir='ltr'>ιν</span> <span class='ocrx_word' id='word_1_180' title='bbox 1833 2562 1934 2632; x_wconf 83' lang='grc' dir='ltr'>μέ-</span> 
     </span>
    </p>
   </div>
   <div class='ocr_carea' id='block_1_26' title="bbox 366 2628 1935 2723">
    <p class='ocr_par' dir='ltr' id='par_1_26' title="bbox 366 2628 1935 2723">
     <span class='ocr_line' id='line_1_26' title="bbox 366 2628 1935 2723; baseline 0.008 -30"><span class='ocrx_word' id='word_1_181' title='bbox 366 2657 450 2709; x_wconf 85' lang='grc' dir='ltr'>ρει</span> <span class='ocrx_word' id='word_1_182' title='bbox 485 2628 707 2713; x_wconf 70' lang='grc' dir='ltr'>σταυρόὶ</span> <span class='ocrx_word' id='word_1_183' title='bbox 751 2643 917 2713; x_wconf 83' lang='grc' dir='ltr'>χύδην</span> <span class='ocrx_word' id='word_1_184' title='bbox 969 2645 1376 2717; x_wconf 78' lang='grc' dir='ltr'>διερριμμένοι,</span> <span class='ocrx_word' id='word_1_185' title='bbox 1422 2628 1723 2716; x_wconf 15' lang='grc' dir='ltr'>καὶίσανὶς</span> <span class='ocrx_word' id='word_1_186' title='bbox 1768 2628 1935 2723; x_wconf 77' lang='grc' dir='ltr'>ἑτέρα</span> 
     </span>
    </p>
   </div>
   <div class='ocr_carea' id='block_1_27' title="bbox 362 2729 1933 2814">
    <p class='ocr_par' dir='ltr' id='par_1_27' title="bbox 362 2729 1933 2814">
     <span class='ocr_line' id='line_1_27' title="bbox 362 2729 1933 2814; baseline 0.009 -30"><span class='ocrx_word' id='word_1_187' title='bbox 362 2730 551 2802; x_wconf 77' lang='grc' dir='ltr'>λευκὴ,</span> <span class='ocrx_word' id='word_1_188' title='bbox 586 2729 621 2807; x_wconf 77' lang='grc' dir='ltr'>ᾖ</span> <span class='ocrx_word' id='word_1_189' title='bbox 653 2736 883 2805; x_wconf 80' lang='grc' dir='ltr'>βασιλέα</span> <span class='ocrx_word' id='word_1_190' title='bbox 924 2737 1030 2790; x_wconf 87' lang='grc' dir='ltr'><strong>τῶν</strong></span> <span class='ocrx_word' id='word_1_191' title='bbox 1075 2739 1347 2801; x_wconf 77' lang='grc' dir='ltr'>Ἰουδαίων</span> <span class='ocrx_word' id='word_1_192' title='bbox 1385 2743 1614 2812; x_wconf 78' lang='grc' dir='ltr'>γράφων</span> <span class='ocrx_word' id='word_1_193' title='bbox 1652 2744 1933 2814; x_wconf 80' lang='grc' dir='ltr'>διαφόροις</span> 
     </span>
    </p>
   </div>
   <div class='ocr_carea' id='block_1_28' title="bbox 364 2825 1934 2903">
    <p class='ocr_par' dir='ltr' id='par_1_28' title="bbox 364 2825 1934 2903">
     <span class='ocr_line' id='line_1_28' title="bbox 364 2825 1934 2903; baseline 0.008 -28"><span class='ocrx_word' id='word_1_194' title='bbox 364 2825 691 2895; x_wconf 80' lang='grc' dir='ltr'>γράμμασιν</span> <span class='ocrx_word' id='word_1_195' title='bbox 716 2826 745 2879; x_wconf 81' lang='grc' dir='ltr'><strong>ὁ</strong></span> <span class='ocrx_word' id='word_1_196' title='bbox 780 2827 1010 2891; x_wconf 80' lang='grc' dir='ltr'>Πιλᾶτος</span> <span class='ocrx_word' id='word_1_197' title='bbox 1062 2829 1204 2900; x_wconf 81' lang='grc' dir='ltr'>ὑπὲρ</span> <span class='ocrx_word' id='word_1_198' title='bbox 1229 2831 1475 2903; x_wconf 76' lang='grc' dir='ltr'>κεφαλῆς</span> <span class='ocrx_word' id='word_1_199' title='bbox 1497 2832 1686 2898; x_wconf 85' lang='grc' dir='ltr'>ὲτίθει,</span> <span class='ocrx_word' id='word_1_200' title='bbox 1714 2836 1772 2888; x_wconf 73' lang='grc' dir='ltr'>ἐν</span> <span class='ocrx_word' id='word_1_201' title='bbox 1801 2835 1934 2888; x_wconf 83' lang='grc' dir='ltr'>εῖδει</span> 
     </span>
    </p>
   </div>
   <div class='ocr_carea' id='block_1_29' title="bbox 363 2916 1934 2997">
    <p class='ocr_par' dir='ltr' id='par_1_29' title="bbox 363 2916 1934 2997">
     <span class='ocr_line' id='line_1_29' title="bbox 363 2916 1934 2997; baseline 0.008 -30"><span class='ocrx_word' id='word_1_202' title='bbox 363 2916 564 2985; x_wconf 77' lang='grc' dir='ltr'>στήλης</span> <span class='ocrx_word' id='word_1_203' title='bbox 637 2916 863 2986; x_wconf 79' lang='grc' dir='ltr'>βασιλέα</span> <span class='ocrx_word' id='word_1_204' title='bbox 906 2919 1016 2975; x_wconf 90' lang='grc' dir='ltr'><strong>τῶν</strong></span> <span class='ocrx_word' id='word_1_205' title='bbox 1077 2921 1493 2997; x_wconf 26' lang='grc' dir='ltr'>ἰουδαίωνιτὸν</span> <span class='ocrx_word' id='word_1_206' title='bbox 1551 2925 1934 2994; x_wconf 83' lang='grc' dir='ltr'>σταυρωθέντα</span> 
     </span>
    </p>
   </div>
   <div class='ocr_carea' id='block_1_30' title="bbox 359 3009 1935 3088">
    <p class='ocr_par' dir='ltr' id='par_1_30' title="bbox 359 3009 1935 3088">
     <span class='ocr_line' id='line_1_30' title="bbox 359 3009 1935 3088; baseline 0.008 -30"><span class='ocrx_word' id='word_1_207' title='bbox 359 3009 675 3077; x_wconf 81' lang='grc' dir='ltr'>κηρύττων.</span> <span class='ocrx_word' id='word_1_208' title='bbox 711 3010 821 3062; x_wconf 83' lang='grc' dir='ltr'>Καί</span> <span class='ocrx_word' id='word_1_209' title='bbox 842 3027 905 3079; x_wconf 90' lang='grc' dir='ltr'><strong>γε</strong></span> <span class='ocrx_word' id='word_1_210' title='bbox 925 3011 1312 3084; x_wconf 76' lang='grc' dir='ltr'>διερῤυηκότος</span> <span class='ocrx_word' id='word_1_211' title='bbox 1343 3016 1438 3068; x_wconf 89' lang='grc' dir='ltr'><strong>τοῦ</strong></span> <span class='ocrx_word' id='word_1_212' title='bbox 1467 3016 1817 3088; x_wconf 78' lang='grc' dir='ltr'><strong>γράμματος,</strong></span> <span class='ocrx_word' id='word_1_213' title='bbox 1839 3021 1935 3071; x_wconf 76' lang='grc' dir='ltr'>καὶ</span> 
     </span>
    </p>
   </div>
   <div class='ocr_carea' id='block_1_31' title="bbox 358 3099 2004 3209">
    <p class='ocr_par' dir='ltr' id='par_1_31' title="bbox 358 3099 2004 3209">
     <span class='ocr_line' id='line_1_31' title="bbox 358 3099 2004 3209; baseline 0.01 -61"><span class='ocrx_word' id='word_1_214' title='bbox 358 3100 458 3163; x_wconf 77' lang='grc' dir='ltr'><strong>τῆς</strong></span> <span class='ocrx_word' id='word_1_215' title='bbox 496 3099 712 3162; x_wconf 82' lang='grc' dir='ltr'>σανίδος</span> <span class='ocrx_word' id='word_1_216' title='bbox 741 3100 817 3162; x_wconf 81' lang='grc' dir='ltr'><strong>ὡς</strong></span> <span class='ocrx_word' id='word_1_217' title='bbox 864 3102 1055 3172; x_wconf 75' lang='grc' dir='ltr'>ἔτυχεν</span> <span class='ocrx_word' id='word_1_218' title='bbox 1108 3102 1470 3176; x_wconf 73' lang='grc' dir='ltr'><strong>ἐρριμμένης,</strong></span> <span class='ocrx_word' id='word_1_219' title='bbox 1504 3109 1749 3179; x_wconf 74' lang='grc' dir='ltr'>ἐργώδης</span> <span class='ocrx_word' id='word_1_220' title='bbox 1782 3110 1862 3163; x_wconf 80' lang='grc' dir='ltr'>ἔτι</span> <span class='ocrx_word' id='word_1_221' title='bbox 1900 3112 1931 3181; x_wconf 82' lang='grc' dir='ltr'>ἡ</span> <span class='ocrx_word' id='word_1_222' title='bbox 1960 3147 2004 3209; x_wconf 75' lang='lat' dir='ltr'><strong>C</strong></span> 
     </span>
    </p>
   </div>
   <div class='ocr_carea' id='block_1_32' title="bbox 362 3189 1932 3265">
    <p class='ocr_par' dir='ltr' id='par_1_32' title="bbox 362 3189 1932 3265">
     <span class='ocr_line' id='line_1_32' title="bbox 362 3189 1932 3265; baseline 0.008 -25"><span class='ocrx_word' id='word_1_223' title='bbox 362 3189 455 3242; x_wconf 86' lang='grc' dir='ltr'><strong>τοῦ</strong></span> <span class='ocrx_word' id='word_1_224' title='bbox 485 3190 635 3243; x_wconf 89' lang='grc' dir='ltr'>θείου</span> <span class='ocrx_word' id='word_1_225' title='bbox 664 3191 821 3257; x_wconf 81' lang='grc' dir='ltr'>ξύλου</span> <span class='ocrx_word' id='word_1_226' title='bbox 843 3191 1061 3264; x_wconf 78' lang='grc' dir='ltr'>εὕρεσις</span> <span class='ocrx_word' id='word_1_227' title='bbox 1097 3199 1475 3265; x_wconf 82' lang='grc' dir='ltr'>κατεφαίνετο.</span> <span class='ocrx_word' id='word_1_228' title='bbox 1501 3201 1595 3252; x_wconf 79' lang='grc' dir='ltr'>καὶ</span> <span class='ocrx_word' id='word_1_229' title='bbox 1627 3200 1737 3252; x_wconf 86' lang='grc' dir='ltr'><strong>τῶν</strong></span> <span class='ocrx_word' id='word_1_230' title='bbox 1769 3218 1932 3255; x_wconf 69' lang='grc' dir='ltr'>σταυδ</span> 
     </span>
    </p>
   </div>
   <div class='ocr_carea' id='block_1_33' title="bbox 367 3282 1930 3368">
    <p class='ocr_par' dir='ltr' id='par_1_33' title="bbox 367 3282 1930 3368">
     <span class='ocr_line' id='line_1_33' title="bbox 367 3282 1930 3368; baseline 0.012 -36"><span class='ocrx_word' id='word_1_231' title='bbox 367 3284 474 3351; x_wconf 79' lang='grc' dir='ltr'><strong>ρῶν</strong></span> <span class='ocrx_word' id='word_1_232' title='bbox 500 3282 918 3353; x_wconf 67' lang='grc' dir='ltr'>διεσπαρμένων</span> <span class='ocrx_word' id='word_1_233' title='bbox 947 3287 1311 3360; x_wconf 80' lang='grc' dir='ltr'>συγχυθείσης</span> <span class='ocrx_word' id='word_1_234' title='bbox 1339 3293 1439 3361; x_wconf 85' lang='grc' dir='ltr'><strong>τῆς</strong></span> <span class='ocrx_word' id='word_1_235' title='bbox 1462 3294 1691 3358; x_wconf 82' lang='grc' dir='ltr'>τάξεως.</span> <span class='ocrx_word' id='word_1_236' title='bbox 1724 3294 1791 3349; x_wconf 86' lang='grc' dir='ltr'>Τί</span> <span class='ocrx_word' id='word_1_237' title='bbox 1818 3298 1930 3368; x_wconf 83' lang='grc' dir='ltr'>γὰρ</span> 
     </span>
    </p>
   </div>
   <div class='ocr_carea' id='block_1_34' title="bbox 361 3375 1930 3458">
    <p class='ocr_par' dir='ltr' id='par_1_34' title="bbox 361 3375 1930 3458">
     <span class='ocr_line' id='line_1_34' title="bbox 361 3375 1930 3458; baseline 0.01 -33"><span class='ocrx_word' id='word_1_238' title='bbox 361 3375 455 3426; x_wconf 81' lang='grc' dir='ltr'>καὶ</span> <span class='ocrx_word' id='word_1_239' title='bbox 490 3377 604 3438; x_wconf 80' lang='grc' dir='ltr'>τοῖς</span> <span class='ocrx_word' id='word_1_240' title='bbox 630 3376 818 3447; x_wconf 74' lang='grc' dir='ltr'>ῥίψασι</span> <span class='ocrx_word' id='word_1_241' title='bbox 854 3379 1019 3432; x_wconf 83' lang='grc' dir='ltr'>πάλαι</span> <span class='ocrx_word' id='word_1_242' title='bbox 1054 3380 1197 3434; x_wconf 84' lang='grc' dir='ltr'>κατὰ</span> <span class='ocrx_word' id='word_1_243' title='bbox 1250 3382 1433 3453; x_wconf 82' lang='grc' dir='ltr'>χώραν</span> <span class='ocrx_word' id='word_1_244' title='bbox 1474 3385 1649 3439; x_wconf 88' lang='grc' dir='ltr'>ταῦτα</span> <span class='ocrx_word' id='word_1_245' title='bbox 1677 3389 1793 3458; x_wconf 79' lang='grc' dir='ltr'>ὲᾷν,</span> <span class='ocrx_word' id='word_1_246' title='bbox 1817 3391 1930 3452; x_wconf 71' lang='grc' dir='ltr'>τοῖς</span> 
     </span>
    </p>
   </div>
   <div class='ocr_carea' id='block_1_35' title="bbox 369 3470 1930 3535">
    <p class='ocr_par' dir='ltr' id='par_1_35' title="bbox 369 3470 1930 3535">
     <span class='ocr_line' id='line_1_35' title="bbox 369 3470 1930 3535; baseline 0.01 -18"><span class='ocrx_word' id='word_1_247' title='bbox 369 3470 710 3535; x_wconf 80' lang='grc' dir='ltr'>σταυρωταῑς</span> <span class='ocrx_word' id='word_1_248' title='bbox 740 3473 830 3521; x_wconf 71' lang='grc' dir='ltr'>τὸν</span> <span class='ocrx_word' id='word_1_249' title='bbox 864 3471 1095 3526; x_wconf 81' lang='grc' dir='ltr'>θάνατον</span> <span class='ocrx_word' id='word_1_250' title='bbox 1133 3474 1222 3528; x_wconf 80' lang='grc' dir='ltr'><strong>διὰ</strong></span> <span class='ocrx_word' id='word_1_251' title='bbox 1256 3476 1317 3528; x_wconf 81' lang='grc' dir='ltr'><strong>τὸ</strong></span> <span class='ocrx_word' id='word_1_252' title='bbox 1359 3477 1638 3531; x_wconf 69' lang='grc' dir='ltr'>Σάσῦατον</span> <span class='ocrx_word' id='word_1_253' title='bbox 1666 3479 1930 3532; x_wconf 72' lang='grc' dir='ltr'>ἐπισπεύ-</span> 
     </span>
    </p>
   </div>
   <div class='ocr_carea' id='block_1_36' title="bbox 366 3557 1930 3638">
    <p class='ocr_par' dir='ltr' id='par_1_36' title="bbox 366 3557 1930 3638">
     <span class='ocr_line' id='line_1_36' title="bbox 366 3557 1930 3638; baseline 0.008 -29"><span class='ocrx_word' id='word_1_254' title='bbox 366 3557 590 3624; x_wconf 75' lang='grc' dir='ltr'>δουσινς</span> <span class='ocrx_word' id='word_1_255' title='bbox 619 3559 794 3623; x_wconf 72' lang='grc' dir='ltr'>ἄλλως</span> <span class='ocrx_word' id='word_1_256' title='bbox 825 3578 884 3614; x_wconf 85' lang='grc' dir='ltr'><strong>τε</strong></span> <span class='ocrx_word' id='word_1_257' title='bbox 922 3566 1016 3617; x_wconf 75' lang='lat' dir='ltr'><strong>xei.</strong></span> <span class='ocrx_word' id='word_1_258' title='bbox 1046 3565 1148 3618; x_wconf 79' lang='grc' dir='ltr'>οὐκ</span> <span class='ocrx_word' id='word_1_259' title='bbox 1180 3563 1384 3634; x_wconf 77' lang='grc' dir='ltr'>ἀγαθὸν</span> <span class='ocrx_word' id='word_1_260' title='bbox 1432 3568 1757 3637; x_wconf 78' lang='grc' dir='ltr'>ἡγουμένοις</span> <span class='ocrx_word' id='word_1_261' title='bbox 1800 3570 1930 3638; x_wconf 79' lang='grc' dir='ltr'>περὶ</span> 
     </span>
    </p>
   </div>
   <div class='ocr_carea' id='block_1_37' title="bbox 364 3646 1930 3731">
    <p class='ocr_par' dir='ltr' id='par_1_37' title="bbox 364 3646 1930 3731">
     <span class='ocr_line' id='line_1_37' title="bbox 364 3646 1930 3731; baseline 0.009 -34"><span class='ocrx_word' id='word_1_262' title='bbox 364 3649 629 3719; x_wconf 81' lang='grc' dir='ltr'>σταυροὺς</span> <span class='ocrx_word' id='word_1_263' title='bbox 660 3646 978 3719; x_wconf 81' lang='grc' dir='ltr'>διατρίσειν,</span> <span class='ocrx_word' id='word_1_264' title='bbox 1007 3652 1217 3723; x_wconf 88' lang='grc' dir='ltr'>ἀνδρῶν</span> <span class='ocrx_word' id='word_1_265' title='bbox 1244 3656 1335 3706; x_wconf 75' lang='grc' dir='ltr'>καὶ</span> <span class='ocrx_word' id='word_1_266' title='bbox 1361 3656 1530 3708; x_wconf 86' lang='grc' dir='ltr'>ταῦτα</span> <span class='ocrx_word' id='word_1_267' title='bbox 1561 3659 1653 3728; x_wconf 78' lang='grc' dir='ltr'><strong>βίᾳ</strong></span> <span class='ocrx_word' id='word_1_268' title='bbox 1676 3659 1930 3731; x_wconf 85' lang='grc' dir='ltr'>τελευτη-</span> 
     </span>
    </p>
   </div>
   <div class='ocr_carea' id='block_1_38' title="bbox 366 3739 1930 3822">
    <p class='ocr_par' dir='ltr' id='par_1_38' title="bbox 366 3739 1930 3822">
     <span class='ocr_line' id='line_1_38' title="bbox 366 3739 1930 3822; baseline 0.012 -33"><span class='ocrx_word' id='word_1_269' title='bbox 366 3741 599 3805; x_wconf 79' lang='grc' dir='ltr'>σάντων,</span> <span class='ocrx_word' id='word_1_270' title='bbox 645 3739 775 3794; x_wconf 77' lang='grc' dir='ltr'>ἇλλο</span> <span class='ocrx_word' id='word_1_271' title='bbox 800 3741 932 3816; x_wconf 74' lang='grc' dir='ltr'>ἄλλῃ</span> <span class='ocrx_word' id='word_1_272' title='bbox 981 3743 1236 3816; x_wconf 72' lang='grc' dir='ltr'>ἔρριψαν.</span> <span class='ocrx_word' id='word_1_273' title='bbox 1298 3747 1677 3820; x_wconf 80' lang='grc' dir='ltr'>’Δμφηρίστου</span> <span class='ocrx_word' id='word_1_274' title='bbox 1721 3752 1780 3805; x_wconf 83' lang='grc' dir='ltr'>δὲ</span> <span class='ocrx_word' id='word_1_275' title='bbox 1829 3755 1930 3822; x_wconf 78' lang='grc' dir='ltr'><strong>τῆς</strong></span> 
     </span>
    </p>
   </div>
   <div class='ocr_carea' id='block_1_39' title="bbox 362 3829 1933 3912">
    <p class='ocr_par' dir='ltr' id='par_1_39' title="bbox 362 3829 1933 3912">
     <span class='ocr_line' id='line_1_39' title="bbox 362 3829 1933 3912; baseline -0.004 -13"><span class='ocrx_word' id='word_1_276' title='bbox 362 3830 645 3899; x_wconf 72' lang='grc' dir='ltr'>ζητήσεως</span> <span class='ocrx_word' id='word_1_277' title='bbox 667 3829 857 3902; x_wconf 71' lang='grc' dir='ltr'>οὔσης,</span> <span class='ocrx_word' id='word_1_278' title='bbox 885 3834 944 3886; x_wconf 74' lang='grc' dir='ltr'>ἐν</span> <span class='ocrx_word' id='word_1_279' title='bbox 975 3834 1289 3909; x_wconf 77' lang='grc' dir='ltr'>ἀθυμίαιςη</span> <span class='ocrx_word' id='word_1_280' title='bbox 1318 3838 1411 3890; x_wconf 84' lang='grc' dir='ltr'><strong>τοῦ</strong></span> <span class='ocrx_word' id='word_1_281' title='bbox 1440 3839 1704 3909; x_wconf 84' lang='grc' dir='ltr'>βασιλέως</span> <span class='ocrx_word' id='word_1_282' title='bbox 1732 3837 1802 3912; x_wconf 83' lang='grc' dir='ltr'>ἧν</span> <span class='ocrx_word' id='word_1_283' title='bbox 1830 3844 1933 3911; x_wconf 79' lang='grc' dir='ltr'><strong>μή·</strong></span> 
     </span>
    </p>
   </div>
   <div class='ocr_carea' id='block_1_40' title="bbox 362 3928 1928 4004">
    <p class='ocr_par' dir='ltr' id='par_1_40' title="bbox 362 3928 1928 4004">
     <span class='ocr_line' id='line_1_40' title="bbox 362 3928 1928 4004; baseline 0.01 -31"><span class='ocrx_word' id='word_1_284' title='bbox 362 3939 489 3992; x_wconf 78' lang='grc' dir='ltr'>τηρ,</span> <span class='ocrx_word' id='word_1_285' title='bbox 543 3928 639 3980; x_wconf 75' lang='grc' dir='ltr'>καὶ</span> <span class='ocrx_word' id='word_1_286' title='bbox 686 3929 1064 3996; x_wconf 74' lang='grc' dir='ltr'>καταμηνύειν</span> <span class='ocrx_word' id='word_1_287' title='bbox 1121 3929 1296 3984; x_wconf 80' lang='grc' dir='ltr'>ἐδεῖτο</span> <span class='ocrx_word' id='word_1_288' title='bbox 1338 3931 1473 3985; x_wconf 82' lang='grc' dir='ltr'><strong>Θεοῦ</strong></span> <span class='ocrx_word' id='word_1_289' title='bbox 1502 3948 1517 3964; x_wconf 75' lang='grc'><strong><em>⁸</em></strong></span> <span class='ocrx_word' id='word_1_290' title='bbox 1580 3935 1676 3987; x_wconf 81' lang='grc' dir='ltr'>καὶ</span> <span class='ocrx_word' id='word_1_291' title='bbox 1708 3933 1829 3988; x_wconf 77' lang='grc' dir='ltr'>ἐλυέ</span> <span class='ocrx_word' id='word_1_292' title='bbox 1864 3946 1928 4004; x_wconf 88' lang='grc' dir='ltr'><strong>γε</strong></span> 
     </span>
    </p>
   </div>
   <div class='ocr_carea' id='block_1_41' title="bbox 361 4012 1929 4093">
    <p class='ocr_par' dir='ltr' id='par_1_41' title="bbox 361 4012 1929 4093">
     <span class='ocr_line' id='line_1_41' title="bbox 361 4012 1929 4093; baseline 0.008 -27"><span class='ocrx_word' id='word_1_293' title='bbox 361 4016 551 4086; x_wconf 85' lang='grc' dir='ltr'>τρόπῳ</span> <span class='ocrx_word' id='word_1_294' title='bbox 571 4017 780 4088; x_wconf 77' lang='grc' dir='ltr'>τοιῷδε,</span> <span class='ocrx_word' id='word_1_295' title='bbox 806 4012 1133 4085; x_wconf 76' lang='grc' dir='ltr'>ὑποδεικνὺς</span> <span class='ocrx_word' id='word_1_296' title='bbox 1152 4023 1213 4074; x_wconf 83' lang='grc' dir='ltr'>τὸ</span> <span class='ocrx_word' id='word_1_297' title='bbox 1241 4020 1416 4088; x_wconf 78' lang='grc' dir='ltr'>ξύλον,</span> <span class='ocrx_word' id='word_1_298' title='bbox 1517 4025 1575 4077; x_wconf 73' lang='grc' dir='ltr'><strong>τὸ</strong></span> <span class='ocrx_word' id='word_1_299' title='bbox 1596 4027 1929 4079; x_wconf 84' lang='grc' dir='ltr'>Δεσποτικδν</span> 
     </span>
    </p>
   </div>
   <div class='ocr_carea' id='block_1_42' title="bbox 363 4108 1929 4186">
    <p class='ocr_par' dir='ltr' id='par_1_42' title="bbox 363 4108 1929 4186">
     <span class='ocr_line' id='line_1_42' title="bbox 363 4108 1929 4186; baseline 0.008 -29"><span class='ocrx_word' id='word_1_300' title='bbox 363 4108 756 4175; x_wconf 77' lang='grc' dir='ltr'>προσπελάσαν</span> <span class='ocrx_word' id='word_1_301' title='bbox 791 4108 970 4179; x_wconf 86' lang='grc' dir='ltr'>σῶμα,</span> <span class='ocrx_word' id='word_1_302' title='bbox 1015 4110 1109 4164; x_wconf 89' lang='grc' dir='ltr'>τοῦ</span> <span class='ocrx_word' id='word_1_303' title='bbox 1154 4111 1303 4165; x_wconf 74' lang='grc' dir='ltr'>θείου</span> <span class='ocrx_word' id='word_1_304' title='bbox 1346 4114 1578 4183; x_wconf 79' lang='grc' dir='ltr'>αἵματος</span> <span class='ocrx_word' id='word_1_305' title='bbox 1607 4116 1708 4186; x_wconf 77' lang='grc' dir='ltr'>τὴν</span> <span class='ocrx_word' id='word_1_306' title='bbox 1736 4115 1929 4171; x_wconf 73' lang='grc' dir='ltr'>λιϐάδα</span> 
     </span>
    </p>
   </div>
   <div class='ocr_carea' id='block_1_43' title="bbox 360 4197 1932 4279">
    <p class='ocr_par' dir='ltr' id='par_1_43' title="bbox 360 4197 1932 4279">
     <span class='ocr_line' id='line_1_43' title="bbox 360 4197 1932 4279; baseline 0.01 -30"><span class='ocrx_word' id='word_1_307' title='bbox 360 4197 582 4263; x_wconf 76' lang='grc' dir='ltr'>ἐδέξατο</span> <span class='ocrx_word' id='word_1_308' title='bbox 610 4202 1051 4272; x_wconf 71' lang='grc' dir='ltr'>καταρρέουσαν.</span> <span class='ocrx_word' id='word_1_309' title='bbox 1102 4203 1248 4275; x_wconf 78' lang='grc' dir='ltr'>Γυνὴ</span> <span class='ocrx_word' id='word_1_310' title='bbox 1290 4207 1397 4275; x_wconf 82' lang='grc' dir='ltr'>γάρ</span> <span class='ocrx_word' id='word_1_311' title='bbox 1429 4222 1512 4271; x_wconf 87' lang='grc' dir='ltr'><strong>τις</strong></span> <span class='ocrx_word' id='word_1_312' title='bbox 1540 4208 1646 4262; x_wconf 89' lang='grc' dir='ltr'><strong>τῶν</strong></span> <span class='ocrx_word' id='word_1_313' title='bbox 1663 4207 1723 4262; x_wconf 81' lang='grc' dir='ltr'>εὖ</span> <span class='ocrx_word' id='word_1_314' title='bbox 1771 4226 1932 4279; x_wconf 81' lang='grc' dir='ltr'>γεγο-</span> 
     </span>
    </p>
   </div>
   <div class='ocr_carea' id='block_1_44' title="bbox 363 4292 1931 4370">
    <p class='ocr_par' dir='ltr' id='par_1_44' title="bbox 363 4292 1931 4370">
     <span class='ocr_line' id='line_1_44' title="bbox 363 4292 1931 4370; baseline 0.008 -28"><span class='ocrx_word' id='word_1_315' title='bbox 363 4293 556 4354; x_wconf 86' lang='grc' dir='ltr'>νότων,</span> <span class='ocrx_word' id='word_1_316' title='bbox 589 4292 812 4363; x_wconf 78' lang='grc' dir='ltr'>χαλεπῷ</span> <span class='ocrx_word' id='word_1_317' title='bbox 848 4295 1011 4348; x_wconf 81' lang='grc' dir='ltr'>πάθει</span> <span class='ocrx_word' id='word_1_318' title='bbox 1055 4296 1450 4367; x_wconf 85' lang='grc' dir='ltr'>κατισχομένη,</span> <span class='ocrx_word' id='word_1_319' title='bbox 1496 4299 1566 4351; x_wconf 82' lang='grc' dir='ltr'>τὰ</span> <span class='ocrx_word' id='word_1_320' title='bbox 1596 4298 1801 4370; x_wconf 76' lang='grc' dir='ltr'>ἔσχατα</span> <span class='ocrx_word' id='word_1_321' title='bbox 1829 4302 1931 4355; x_wconf 84' lang='grc' dir='ltr'><strong>κά-</strong></span> 
     </span>
    </p>
   </div>
   <div class='ocr_carea' id='block_1_45' title="bbox 364 4380 1930 4463">
    <p class='ocr_par' dir='ltr' id='par_1_45' title="bbox 364 4380 1930 4463">
     <span class='ocr_line' id='line_1_45' title="bbox 364 4380 1930 4463; baseline 0.009 -29"><span class='ocrx_word' id='word_1_322' title='bbox 364 4399 573 4452; x_wconf 77' lang='grc' dir='ltr'>μνουσι</span> <span class='ocrx_word' id='word_1_323' title='bbox 609 4380 699 4456; x_wconf 77' lang='grc' dir='ltr'>ἦν,</span> <span class='ocrx_word' id='word_1_324' title='bbox 732 4381 875 4459; x_wconf 77' lang='grc' dir='ltr'><strong>ὲφ’ᾗ</strong></span> <span class='ocrx_word' id='word_1_325' title='bbox 909 4387 1192 4457; x_wconf 77' lang='grc' dir='ltr'>Μακάριος</span> <span class='ocrx_word' id='word_1_326' title='bbox 1222 4388 1440 4459; x_wconf 87' lang='grc' dir='ltr'>σύναμα</span> <span class='ocrx_word' id='word_1_327' title='bbox 1470 4388 1660 4463; x_wconf 76' lang='grc' dir='ltr'>Ἑλένῃ</span> <span class='ocrx_word' id='word_1_328' title='bbox 1697 4394 1930 4458; x_wconf 76' lang='grc' dir='ltr'>καὶτοῖς</span> 
     </span>
    </p>
   </div>
   <div class='ocr_carea' id='block_1_46' title="bbox 1279 343 2683 415">
    <p class='ocr_par' dir='ltr' id='par_1_46' title="bbox 1279 343 2683 415">
     <span class='ocr_line' id='line_1_46' title="bbox 1279 343 2683 415; baseline 0.001 -3"><span class='ocrx_word' id='word_1_329' title='bbox 1279 345 1870 413; x_wconf 63' lang='grc' dir='ltr'>ΕεοιΕδιΑετΙεα</span> <span class='ocrx_word' id='word_1_330' title='bbox 1910 346 2295 411; x_wconf 59' lang='lat' dir='ltr'><strong>HISTORIA;</strong></span> <span class='ocrx_word' id='word_1_331' title='bbox 2335 343 2478 411; x_wconf 73' lang='grc' dir='ltr'><strong>ῙᾸΒ.</strong></span> <span class='ocrx_word' id='word_1_332' title='bbox 2515 349 2683 415; x_wconf 80' lang='lat' dir='ltr'><strong>VIII.</strong></span> 
     </span>
    </p>
   </div>
   <div class='ocr_carea' id='block_1_47' title="bbox 1831 472 2014 533">
    <p class='ocr_par' dir='ltr' id='par_1_47' title="bbox 1831 472 2014 533">
     <span class='ocr_line' id='line_1_47' title="bbox 1831 472 2014 533; baseline 0.005 -1"><span class='ocrx_word' id='word_1_333' title='bbox 1831 472 1847 482; x_wconf 84' lang='grc'><em>’</em></span> <span class='ocrx_word' id='word_1_334' title='bbox 1966 474 2014 533; x_wconf 85' lang='grc' dir='ltr'><strong>Δ</strong></span> 
     </span>
    </p>
   </div>
   <div class='ocr_carea' id='block_1_48' title="bbox 3495 352 3597 420">
    <p class='ocr_par' dir='ltr' id='par_1_48' title="bbox 3495 352 3597 420">
     <span class='ocr_line' id='line_1_48' title="bbox 3495 352 3597 420; baseline -0.01 0"><span class='ocrx_word' id='word_1_335' title='bbox 3495 352 3597 420; x_wconf 75' lang='lat'><strong>110</strong></span> 
     </span>
    </p>
   </div>
   <div class='ocr_carea' id='block_1_49' title="bbox 2590 456 3048 526">
    <p class='ocr_par' dir='ltr' id='par_1_49' title="bbox 2590 456 3048 526">
     <span class='ocr_line' id='line_1_49' title="bbox 2590 456 3048 526; baseline 0.002 -1"><span class='ocrx_word' id='word_1_336' title='bbox 2590 456 2817 526; x_wconf 78' lang='lat' dir='ltr'><strong>CAPUT</strong></span> <span class='ocrx_word' id='word_1_337' title='bbox 2856 466 3048 526; x_wconf 70' lang='lat' dir='ltr'><strong>XXIX.</strong></span> 
     </span>
    </p>
   </div>
   <div class='ocr_carea' id='block_1_50' title="bbox 2038 556 3603 637">
    <p class='ocr_par' dir='ltr' id='par_1_50' title="bbox 2038 556 3603 637">
     <span class='ocr_line' id='line_1_50' title="bbox 2038 556 3603 637; baseline 0.004 -22"><span class='ocrx_word' id='word_1_338' title='bbox 2038 556 2102 615; x_wconf 84' lang='lat' dir='ltr'><strong>Ut</strong></span> <span class='ocrx_word' id='word_1_339' title='bbox 2130 561 2467 637; x_wconf 70' lang='lat' dir='ltr'><strong>imperatoris</strong></span> <span class='ocrx_word' id='word_1_340' title='bbox 2518 570 2689 616; x_wconf 82' lang='lat' dir='ltr'><strong>mater</strong></span> <span class='ocrx_word' id='word_1_341' title='bbox 2741 561 2943 637; x_wconf 74' lang='lat' dir='ltr'><strong>Helena</strong></span> <span class='ocrx_word' id='word_1_342' title='bbox 2999 562 3378 637; x_wconf 70' lang='lat' dir='ltr'><strong>Hierosolymis</strong></span> <span class='ocrx_word' id='word_1_343' title='bbox 3419 567 3603 637; x_wconf 79' lang='lat' dir='ltr'><strong>fuerit,</strong></span> 
     </span>
    </p>
   </div>
   <div class='ocr_carea' id='block_1_51' title="bbox 2106 631 3603 707">
    <p class='ocr_par' dir='ltr' id='par_1_51' title="bbox 2106 631 3603 707">
     <span class='ocr_line' id='line_1_51' title="bbox 2106 631 3603 707; baseline 0.006 -24"><span class='ocrx_word' id='word_1_344' title='bbox 2106 639 2153 707; x_wconf 78' lang='lat' dir='ltr'><strong>et</strong></span> <span class='ocrx_word' id='word_1_345' title='bbox 2178 631 2249 684; x_wconf 86' lang='lat' dir='ltr'><strong>ibi</strong></span> <span class='ocrx_word' id='word_1_346' title='bbox 2282 647 2487 707; x_wconf 72' lang='lat' dir='ltr'><strong>erucem</strong></span> <span class='ocrx_word' id='word_1_347' title='bbox 2522 642 2763 707; x_wconf 68' lang='lat' dir='ltr'><strong>sanctam</strong></span> <span class='ocrx_word' id='word_1_348' title='bbox 2787 634 3062 697; x_wconf 80' lang='lat' dir='ltr'><strong>invenerit,</strong></span> <span class='ocrx_word' id='word_1_349' title='bbox 3089 644 3139 687; x_wconf 88' lang='lat' dir='ltr'><strong>et</strong></span> <span class='ocrx_word' id='word_1_350' title='bbox 3168 631 3286 707; x_wconf 62' lang='lat' dir='ltr'><strong>qua:</strong></span> <span class='ocrx_word' id='word_1_351' title='bbox 3310 631 3452 691; x_wconf 66' lang='lat' dir='ltr'><strong>circa</strong></span> <span class='ocrx_word' id='word_1_352' title='bbox 3482 631 3603 693; x_wconf 76' lang='lat' dir='ltr'><strong>eant</strong></span> 
     </span>
    </p>
   </div>
   <div class='ocr_carea' id='block_1_52' title="bbox 2104 701 3272 760">
    <p class='ocr_par' dir='ltr' id='par_1_52' title="bbox 2104 701 3272 760">
     <span class='ocr_line' id='line_1_52' title="bbox 2104 701 3272 760; baseline 0.01 -6"><span class='ocrx_word' id='word_1_353' title='bbox 2104 701 2456 755; x_wconf 71' lang='lat' dir='ltr'><strong>inventionem</strong></span> <span class='ocrx_word' id='word_1_354' title='bbox 2489 704 2594 754; x_wconf 79' lang='lat' dir='ltr'><strong>sint</strong></span> <span class='ocrx_word' id='word_1_355' title='bbox 2631 716 2773 760; x_wconf 84' lang='lat' dir='ltr'><strong>acta.</strong></span> <span class='ocrx_word' id='word_1_356' title='bbox 3178 701 3189 707; x_wconf 52' lang='grc'><strong><em>⁷</em></strong></span> <span class='ocrx_word' id='word_1_357' title='bbox 3268 720 3272 724; x_wconf 83' lang='grc'><em>’</em></span> 
     </span>
    </p>
   </div>
   <div class='ocr_carea' id='block_1_53' title="bbox 2107 812 3599 895">
    <p class='ocr_par' dir='ltr' id='par_1_53' title="bbox 2107 812 3599 895">
     <span class='ocr_line' id='line_1_53' title="bbox 2107 812 3599 895; baseline 0.007 -29"><span class='ocrx_word' id='word_1_358' title='bbox 2107 812 2337 868; x_wconf 81' lang='lat' dir='ltr'><strong>Litteris</strong></span> <span class='ocrx_word' id='word_1_359' title='bbox 2364 826 2530 883; x_wconf 92' lang='lat' dir='ltr'><strong>porro</strong></span> <span class='ocrx_word' id='word_1_360' title='bbox 2560 815 2641 870; x_wconf 87' lang='lat' dir='ltr'><strong>eis</strong></span> <span class='ocrx_word' id='word_1_361' title='bbox 2686 815 3035 886; x_wconf 67' lang='lat' dir='ltr'><strong>perferendis</strong></span> <span class='ocrx_word' id='word_1_362' title='bbox 3067 828 3242 874; x_wconf 88' lang='lat' dir='ltr'><strong>mater</strong></span> <span class='ocrx_word' id='word_1_363' title='bbox 3274 820 3388 892; x_wconf 83' lang='lat' dir='ltr'><strong>ipsa</strong></span> <span class='ocrx_word' id='word_1_364' title='bbox 3423 824 3599 895; x_wconf 83' lang='lat' dir='ltr'><strong>impe-</strong></span> 
     </span>
    </p>
   </div>
   <div class='ocr_carea' id='block_1_54' title="bbox 2038 898 3601 982">
    <p class='ocr_par' dir='ltr' id='par_1_54' title="bbox 2038 898 3601 982">
     <span class='ocr_line' id='line_1_54' title="bbox 2038 898 3601 982; baseline 0.009 -28"><span class='ocrx_word' id='word_1_365' title='bbox 2038 904 2241 957; x_wconf 86' lang='lat' dir='ltr'><strong>ratoris</strong></span> <span class='ocrx_word' id='word_1_366' title='bbox 2272 898 2432 957; x_wconf 76' lang='lat' dir='ltr'><strong>beata</strong></span> <span class='ocrx_word' id='word_1_367' title='bbox 2463 904 2692 971; x_wconf 84' lang='lat' dir='ltr'><strong>Helena,</strong></span> <span class='ocrx_word' id='word_1_368' title='bbox 2720 921 2843 975; x_wconf 62' lang='lat' dir='ltr'><strong>quae</strong></span> <span class='ocrx_word' id='word_1_369' title='bbox 2869 908 3023 961; x_wconf 88' lang='lat' dir='ltr'><strong>illum</strong></span> <span class='ocrx_word' id='word_1_370' title='bbox 3058 911 3221 963; x_wconf 87' lang='lat' dir='ltr'><strong>talem</strong></span> <span class='ocrx_word' id='word_1_371' title='bbox 3256 913 3467 982; x_wconf 79' lang='lat' dir='ltr'><strong>genuit,</strong></span> <span class='ocrx_word' id='word_1_372' title='bbox 3504 919 3601 968; x_wconf 78' lang='lat' dir='ltr'><strong>ad-</strong></span> 
     </span>
    </p>
   </div>
   <div class='ocr_carea' id='block_1_55' title="bbox 2038 991 3597 1070">
    <p class='ocr_par' dir='ltr' id='par_1_55' title="bbox 2038 991 3597 1070">
     <span class='ocr_line' id='line_1_55' title="bbox 2038 991 3597 1070; baseline 0.008 -27"><span class='ocrx_word' id='word_1_373' title='bbox 2038 991 2289 1046; x_wconf 86' lang='lat' dir='ltr'><strong>miuistra</strong></span> <span class='ocrx_word' id='word_1_374' title='bbox 2338 992 2482 1049; x_wconf 87' lang='lat' dir='ltr'><strong>init:</strong></span> <span class='ocrx_word' id='word_1_375' title='bbox 2525 995 2646 1065; x_wconf 87' lang='lat' dir='ltr'><strong>ipso</strong></span> <span class='ocrx_word' id='word_1_376' title='bbox 2686 1012 2925 1066; x_wconf 86' lang='lat' dir='ltr'><strong>namque</strong></span> <span class='ocrx_word' id='word_1_377' title='bbox 2957 1000 3149 1070; x_wconf 83' lang='lat' dir='ltr'><strong>synodi</strong></span> <span class='ocrx_word' id='word_1_378' title='bbox 3188 1010 3393 1059; x_wconf 67' lang='lat' dir='ltr'><strong>coactu</strong></span> <span class='ocrx_word' id='word_1_379' title='bbox 3433 1022 3597 1067; x_wconf 70' lang='lat' dir='ltr'><strong>anno,</strong></span> 
     </span>
    </p>
   </div>
   <div class='ocr_carea' id='block_1_56' title="bbox 2039 1082 3599 1168">
    <p class='ocr_par' dir='ltr' id='par_1_56' title="bbox 2039 1082 3599 1168">
     <span class='ocr_line' id='line_1_56' title="bbox 2039 1082 3599 1168; baseline 0.012 -32"><span class='ocrx_word' id='word_1_380' title='bbox 2039 1082 2093 1137; x_wconf 94' lang='lat' dir='ltr'><strong>in</strong></span> <span class='ocrx_word' id='word_1_381' title='bbox 2126 1085 2335 1139; x_wconf 79' lang='lat' dir='ltr'><strong>somnis</strong></span> <span class='ocrx_word' id='word_1_382' title='bbox 2363 1088 2589 1141; x_wconf 84' lang='lat' dir='ltr'><strong>oraculo</strong></span> <span class='ocrx_word' id='word_1_383' title='bbox 2622 1088 2927 1154; x_wconf 86' lang='lat' dir='ltr'><strong>admonita,</strong></span> <span class='ocrx_word' id='word_1_384' title='bbox 2964 1096 3302 1161; x_wconf 85' lang='lat' dir='ltr'><strong>precationis</strong></span> <span class='ocrx_word' id='word_1_385' title='bbox 3333 1113 3485 1168; x_wconf 81' lang='lat' dir='ltr'><strong>ergo,</strong></span> <span class='ocrx_word' id='word_1_386' title='bbox 3518 1102 3599 1154; x_wconf 87' lang='lat' dir='ltr'><strong>lo-</strong></span> 
     </span>
    </p>
   </div>
   <div class='ocr_carea' id='block_1_57' title="bbox 2038 1185 3605 1253">
    <p class='ocr_par' dir='ltr' id='par_1_57' title="bbox 2038 1185 3605 1253">
     <span class='ocr_line' id='line_1_57' title="bbox 2038 1185 3605 1253; baseline 0.01 -28"><span class='ocrx_word' id='word_1_387' title='bbox 2038 1185 2343 1243; x_wconf 84' lang='lat' dir='ltr'><strong>corumque</strong></span> <span class='ocrx_word' id='word_1_388' title='bbox 2375 1188 2658 1232; x_wconf 83' lang='lat' dir='ltr'><strong>sacrorum</strong></span> <span class='ocrx_word' id='word_1_389' title='bbox 2690 1186 3209 1248; x_wconf 75' lang='lat' dir='ltr'><strong>cognoscendorum</strong></span> <span class='ocrx_word' id='word_1_390' title='bbox 3249 1189 3451 1253; x_wconf 76' lang='lat' dir='ltr'><strong>gratia,</strong></span> <span class='ocrx_word' id='word_1_391' title='bbox 3482 1190 3605 1243; x_wconf 69' lang='lat' dir='ltr'><strong>Hiv-</strong></span> 
     </span>
    </p>
   </div>
   <div class='ocr_carea' id='block_1_58' title="bbox 2038 1264 3601 1340">
    <p class='ocr_par' dir='ltr' id='par_1_58' title="bbox 2038 1264 3601 1340">
     <span class='ocr_line' id='line_1_58' title="bbox 2038 1264 3601 1340; baseline 0.013 -25"><span class='ocrx_word' id='word_1_392' title='bbox 2038 1264 2314 1334; x_wconf 88' lang='lat' dir='ltr'><strong>rosolyma</strong></span> <span class='ocrx_word' id='word_1_393' title='bbox 2361 1267 2638 1336; x_wconf 82' lang='lat' dir='ltr'><strong>petierat:</strong></span> <span class='ocrx_word' id='word_1_394' title='bbox 2674 1285 2857 1340; x_wconf 89' lang='lat' dir='ltr'><strong>neque</strong></span> <span class='ocrx_word' id='word_1_395' title='bbox 2888 1288 2946 1328; x_wconf 90' lang='lat' dir='ltr'><strong>se</strong></span> <span class='ocrx_word' id='word_1_396' title='bbox 2972 1289 3036 1329; x_wconf 90' lang='lat' dir='ltr'><strong>ea</strong></span> <span class='ocrx_word' id='word_1_397' title='bbox 3069 1276 3124 1329; x_wconf 91' lang='lat' dir='ltr'><strong>in</strong></span> <span class='ocrx_word' id='word_1_398' title='bbox 3158 1292 3215 1331; x_wconf 89' lang='lat' dir='ltr'><strong>re</strong></span> <span class='ocrx_word' id='word_1_399' title='bbox 3256 1279 3342 1333; x_wconf 89' lang='lat' dir='ltr'><strong>vel</strong></span> <span class='ocrx_word' id='word_1_400' title='bbox 3384 1280 3601 1336; x_wconf 73' lang='lat' dir='ltr'><strong>itinetis</strong></span> 
     </span>
    </p>
   </div>
   <div class='ocr_carea' id='block_1_59' title="bbox 2038 1355 3603 1427">
    <p class='ocr_par' dir='ltr' id='par_1_59' title="bbox 2038 1355 3603 1427">
     <span class='ocr_line' id='line_1_59' title="bbox 2038 1355 3603 1427; baseline 0.012 -18"><span class='ocrx_word' id='word_1_401' title='bbox 2038 1355 2311 1420; x_wconf 72' lang='lat' dir='ltr'><strong>laborem,</strong></span> <span class='ocrx_word' id='word_1_402' title='bbox 2345 1360 2428 1413; x_wconf 84' lang='lat' dir='ltr'><strong>vel</strong></span> <span class='ocrx_word' id='word_1_403' title='bbox 2481 1364 2784 1417; x_wconf 81' lang='lat' dir='ltr'><strong>senectutis</strong></span> <span class='ocrx_word' id='word_1_404' title='bbox 2838 1365 3146 1421; x_wconf 76' lang='lat' dir='ltr'><strong>moles1iam</strong></span> <span class='ocrx_word' id='word_1_405' title='bbox 3200 1373 3465 1425; x_wconf 88' lang='lat' dir='ltr'><strong>remorari</strong></span> <span class='ocrx_word' id='word_1_406' title='bbox 3518 1386 3603 1427; x_wconf 55' lang='lat' dir='ltr'><strong>Cal</strong></span> 
     </span>
    </p>
   </div>
   <div class='ocr_carea' id='block_1_60' title="bbox 2037 1440 3600 1527">
    <p class='ocr_par' dir='ltr' id='par_1_60' title="bbox 2037 1440 3600 1527">
     <span class='ocr_line' id='line_1_60' title="bbox 2037 1440 3600 1527; baseline 0.01 -30"><span class='ocrx_word' id='word_1_407' title='bbox 2037 1460 2217 1515; x_wconf 86' lang='lat' dir='ltr'><strong>passa.</strong></span> <span class='ocrx_word' id='word_1_408' title='bbox 2254 1447 2335 1502; x_wconf 79' lang='lat' dir='ltr'><strong>Ad</strong></span> <span class='ocrx_word' id='word_1_409' title='bbox 2385 1440 2695 1504; x_wconf 76' lang='lat' dir='ltr'><strong>extremum</strong></span> <span class='ocrx_word' id='word_1_410' title='bbox 2734 1453 2883 1505; x_wconf 91' lang='lat' dir='ltr'><strong>enim</strong></span> <span class='ocrx_word' id='word_1_411' title='bbox 2917 1454 3028 1523; x_wconf 84' lang='lat' dir='ltr'><strong>jam</strong></span> <span class='ocrx_word' id='word_1_412' title='bbox 3080 1456 3205 1510; x_wconf 61' lang='lat' dir='ltr'><strong>vitae</strong></span> <span class='ocrx_word' id='word_1_413' title='bbox 3252 1471 3600 1527; x_wconf 79' lang='lat' dir='ltr'><strong>pervenerat,</strong></span> 
     </span>
    </p>
   </div>
   <div class='ocr_carea' id='block_1_61' title="bbox 2035 1539 3605 1621">
    <p class='ocr_par' dir='ltr' id='par_1_61' title="bbox 2035 1539 3605 1621">
     <span class='ocr_line' id='line_1_61' title="bbox 2035 1539 3605 1621; baseline 0.008 -30"><span class='ocrx_word' id='word_1_414' title='bbox 2035 1551 2093 1592; x_wconf 91' lang='lat' dir='ltr'><strong>et</strong></span> <span class='ocrx_word' id='word_1_415' title='bbox 2122 1539 2189 1591; x_wconf 90' lang='lat' dir='ltr'><strong>de</strong></span> <span class='ocrx_word' id='word_1_416' title='bbox 2221 1540 2390 1592; x_wconf 82' lang='lat' dir='ltr'><strong>rebus</strong></span> <span class='ocrx_word' id='word_1_417' title='bbox 2422 1551 2587 1610; x_wconf 87' lang='lat' dir='ltr'><strong>atque</strong></span> <span class='ocrx_word' id='word_1_418' title='bbox 2618 1543 2885 1613; x_wconf 83' lang='lat' dir='ltr'><strong>religione</strong></span> <span class='ocrx_word' id='word_1_419' title='bbox 2918 1545 3363 1604; x_wconf 85' lang='lat' dir='ltr'><strong>Christianorum</strong></span> <span class='ocrx_word' id='word_1_420' title='bbox 3393 1551 3479 1621; x_wconf 89' lang='lat' dir='ltr'><strong>pie</strong></span> <span class='ocrx_word' id='word_1_421' title='bbox 3510 1555 3605 1607; x_wconf 71' lang='lat' dir='ltr'><strong>ad-</strong></span> 
     </span>
    </p>
   </div>
   <div class='ocr_carea' id='block_1_62' title="bbox 1994 1632 3602 1707">
    <p class='ocr_par' dir='ltr' id='par_1_62' title="bbox 1994 1632 3602 1707">
     <span class='ocr_line' id='line_1_62' title="bbox 1994 1632 3602 1707; baseline 0.009 -23"><span class='ocrx_word' id='word_1_422' title='bbox 1994 1632 2261 1685; x_wconf 77' lang='lat' dir='ltr'><strong>‘tuodum</strong></span> <span class='ocrx_word' id='word_1_423' title='bbox 2321 1633 2618 1687; x_wconf 79' lang='lat' dir='ltr'><strong>sentiebat.</strong></span> <span class='ocrx_word' id='word_1_424' title='bbox 2696 1636 2922 1690; x_wconf 85' lang='lat' dir='ltr'><strong>Plurimi</strong></span> <span class='ocrx_word' id='word_1_425' title='bbox 2989 1654 3149 1706; x_wconf 89' lang='lat' dir='ltr'><strong>porro</strong></span> <span class='ocrx_word' id='word_1_426' title='bbox 3209 1641 3485 1707; x_wconf 76' lang='lat' dir='ltr'><strong>iaciebat,</strong></span> <span class='ocrx_word' id='word_1_427' title='bbox 3544 1658 3602 1699; x_wconf 87' lang='lat' dir='ltr'><strong>ut</strong></span> 
     </span>
    </p>
   </div>
   <div class='ocr_carea' id='block_1_63' title="bbox 2037 1721 3599 1791">
    <p class='ocr_par' dir='ltr' id='par_1_63' title="bbox 2037 1721 3599 1791">
     <span class='ocr_line' id='line_1_63' title="bbox 2037 1721 3599 1791; baseline 0.009 -18"><span class='ocrx_word' id='word_1_428' title='bbox 2037 1721 2220 1775; x_wconf 87' lang='lat' dir='ltr'><strong>crucis</strong></span> <span class='ocrx_word' id='word_1_429' title='bbox 2254 1722 2464 1791; x_wconf 85' lang='lat' dir='ltr'><strong>lignum</strong></span> <span class='ocrx_word' id='word_1_430' title='bbox 2514 1732 2572 1777; x_wconf 90' lang='lat' dir='ltr'><strong>et</strong></span> <span class='ocrx_word' id='word_1_431' title='bbox 2620 1725 2894 1780; x_wconf 83' lang='lat' dir='ltr'><strong>viviﬁcum</strong></span> <span class='ocrx_word' id='word_1_432' title='bbox 2942 1726 3149 1783; x_wconf 80' lang='lat' dir='ltr'><strong>Christi</strong></span> <span class='ocrx_word' id='word_1_433' title='bbox 3183 1742 3599 1787; x_wconf 84' lang='lat' dir='ltr'><strong>monumentum</strong></span> 
     </span>
    </p>
   </div>
   <div class='ocr_carea' id='block_1_64' title="bbox 1969 1809 3601 1888">
    <p class='ocr_par' dir='ltr' id='par_1_64' title="bbox 1969 1809 3601 1888">
     <span class='ocr_line' id='line_1_64' title="bbox 1969 1809 3601 1888; baseline 0.009 -21"><span class='ocrx_word' id='word_1_434' title='bbox 1969 1809 2008 1867; x_wconf 85' lang='grc' dir='ltr'><strong><em>Β</em></strong></span> <span class='ocrx_word' id='word_1_435' title='bbox 2040 1811 2336 1868; x_wconf 84' lang='lat' dir='ltr'><strong>inveniret.</strong></span> <span class='ocrx_word' id='word_1_436' title='bbox 2385 1813 2456 1868; x_wconf 86' lang='lat' dir='ltr'><strong>Et</strong></span> <span class='ocrx_word' id='word_1_437' title='bbox 2492 1820 2851 1885; x_wconf 83' lang='lat' dir='ltr'><strong>quantumvis</strong></span> <span class='ocrx_word' id='word_1_438' title='bbox 2900 1809 3221 1888; x_wconf 66' lang='lat' dir='ltr'><strong>diliiculter,</strong></span> <span class='ocrx_word' id='word_1_439' title='bbox 3251 1834 3492 1881; x_wconf 80' lang='lat' dir='ltr'><strong>attamen</strong></span> <span class='ocrx_word' id='word_1_440' title='bbox 3537 1845 3601 1882; x_wconf 81' lang='lat' dir='ltr'><strong>ca</strong></span> 
     </span>
    </p>
   </div>
   <div class='ocr_carea' id='block_1_65' title="bbox 2042 1901 3602 1980">
    <p class='ocr_par' dir='ltr' id='par_1_65' title="bbox 2042 1901 3602 1980">
     <span class='ocr_line' id='line_1_65' title="bbox 2042 1901 3602 1980; baseline 0.01 -27"><span class='ocrx_word' id='word_1_441' title='bbox 2042 1901 2264 1956; x_wconf 87' lang='lat' dir='ltr'><strong>tandem</strong></span> <span class='ocrx_word' id='word_1_442' title='bbox 2311 1902 2544 1970; x_wconf 77' lang='lat' dir='ltr'><strong>invenit,</strong></span> <span class='ocrx_word' id='word_1_443' title='bbox 2588 1915 2649 1961; x_wconf 89' lang='lat' dir='ltr'><strong>ut</strong></span> <span class='ocrx_word' id='word_1_444' title='bbox 2693 1908 2914 1976; x_wconf 87' lang='lat' dir='ltr'><strong>quidem</strong></span> <span class='ocrx_word' id='word_1_445' title='bbox 2967 1912 3212 1965; x_wconf 87' lang='lat' dir='ltr'><strong>nonnulli</strong></span> <span class='ocrx_word' id='word_1_446' title='bbox 3252 1914 3461 1980; x_wconf 85' lang='lat' dir='ltr'><strong>dixere,</strong></span> <span class='ocrx_word' id='word_1_447' title='bbox 3504 1915 3602 1970; x_wconf 82' lang='lat' dir='ltr'><strong>Ju-</strong></span> 
     </span>
    </p>
   </div>
   <div class='ocr_carea' id='block_1_66' title="bbox 2035 1992 3605 2070">
    <p class='ocr_par' dir='ltr' id='par_1_66' title="bbox 2035 1992 3605 2070">
     <span class='ocr_line' id='line_1_66' title="bbox 2035 1992 3605 2070; baseline 0.01 -22"><span class='ocrx_word' id='word_1_448' title='bbox 2035 1992 2155 2049; x_wconf 77' lang='lat' dir='ltr'><strong>daeo</strong></span> <span class='ocrx_word' id='word_1_449' title='bbox 2198 1993 2423 2051; x_wconf 86' lang='lat' dir='ltr'><strong>homine</strong></span> <span class='ocrx_word' id='word_1_450' title='bbox 2453 2013 2521 2053; x_wconf 79' lang='lat' dir='ltr'><strong>ex</strong></span> <span class='ocrx_word' id='word_1_451' title='bbox 2566 2007 2792 2068; x_wconf 84' lang='lat' dir='ltr'><strong>paterna</strong></span> <span class='ocrx_word' id='word_1_452' title='bbox 2823 2003 3062 2070; x_wconf 86' lang='lat' dir='ltr'><strong>quadam</strong></span> <span class='ocrx_word' id='word_1_453' title='bbox 3109 2008 3467 2063; x_wconf 87' lang='lat' dir='ltr'><strong>annotatione</strong></span> <span class='ocrx_word' id='word_1_454' title='bbox 3520 2026 3605 2062; x_wconf 83' lang='lat' dir='ltr'><strong>re-</strong></span> 
     </span>
    </p>
   </div>
   <div class='ocr_carea' id='block_1_67' title="bbox 2037 2083 3639 2162">
    <p class='ocr_par' dir='ltr' id='par_1_67' title="bbox 2037 2083 3639 2162">
     <span class='ocr_line' id='line_1_67' title="bbox 2037 2083 3639 2162; baseline 0.007 -25"><span class='ocrx_word' id='word_1_455' title='bbox 2037 2083 2257 2152; x_wconf 90' lang='lat' dir='ltr'><strong>gionem</strong></span> <span class='ocrx_word' id='word_1_456' title='bbox 2313 2084 2617 2153; x_wconf 84' lang='lat' dir='ltr'><strong>indicante,</strong></span> <span class='ocrx_word' id='word_1_457' title='bbox 2669 2100 2730 2141; x_wconf 90' lang='lat' dir='ltr'><strong>re</strong></span> <span class='ocrx_word' id='word_1_458' title='bbox 2784 2103 2913 2142; x_wconf 86' lang='lat' dir='ltr'><strong>vera</strong></span> <span class='ocrx_word' id='word_1_459' title='bbox 2963 2099 3173 2151; x_wconf 86' lang='lat' dir='ltr'><strong>autem,</strong></span> <span class='ocrx_word' id='word_1_460' title='bbox 3237 2101 3300 2145; x_wconf 91' lang='lat' dir='ltr'><strong>ut</strong></span> <span class='ocrx_word' id='word_1_461' title='bbox 3340 2093 3639 2162; x_wconf 13' lang='lat' dir='ltr'><strong>equidem.</strong></span> 
     </span>
    </p>
   </div>
   <div class='ocr_carea' id='block_1_68' title="bbox 2036 2172 3601 2249">
    <p class='ocr_par' dir='ltr' id='par_1_68' title="bbox 2036 2172 3601 2249">
     <span class='ocr_line' id='line_1_68' title="bbox 2036 2172 3601 2249; baseline 0.006 -20"><span class='ocrx_word' id='word_1_462' title='bbox 2036 2183 2194 2245; x_wconf 90' lang='lat' dir='ltr'><strong>puto,</strong></span> <span class='ocrx_word' id='word_1_463' title='bbox 2228 2174 2340 2230; x_wconf 90' lang='lat' dir='ltr'><strong>Deo</strong></span> <span class='ocrx_word' id='word_1_464' title='bbox 2371 2178 2544 2247; x_wconf 78' lang='lat' dir='ltr'><strong>signis</strong></span> <span class='ocrx_word' id='word_1_465' title='bbox 2584 2178 2918 2249; x_wconf 87' lang='lat' dir='ltr'><strong>quibusdam</strong></span> <span class='ocrx_word' id='word_1_466' title='bbox 2940 2172 3009 2235; x_wconf 86' lang='lat' dir='ltr'><strong>et</strong></span> <span class='ocrx_word' id='word_1_467' title='bbox 3039 2182 3346 2239; x_wconf 71' lang='lat' dir='ltr'><strong>visionibus</strong></span> <span class='ocrx_word' id='word_1_468' title='bbox 3378 2198 3601 2241; x_wconf 87' lang='lat' dir='ltr'><strong>noctur-</strong></span> 
     </span>
    </p>
   </div>
   <div class='ocr_carea' id='block_1_69' title="bbox 2035 2264 3602 2339">
    <p class='ocr_par' dir='ltr' id='par_1_69' title="bbox 2035 2264 3602 2339">
     <span class='ocr_line' id='line_1_69' title="bbox 2035 2264 3602 2339; baseline 0.006 -20"><span class='ocrx_word' id='word_1_469' title='bbox 2035 2264 2123 2320; x_wconf 87' lang='lat' dir='ltr'><strong>nis</strong></span> <span class='ocrx_word' id='word_1_470' title='bbox 2164 2267 2512 2323; x_wconf 82' lang='lat' dir='ltr'><strong>ostendente.</strong></span> <span class='ocrx_word' id='word_1_471' title='bbox 2556 2269 2694 2324; x_wconf 89' lang='lat' dir='ltr'><strong>Cum</strong></span> <span class='ocrx_word' id='word_1_472' title='bbox 2726 2271 2876 2324; x_wconf 90' lang='lat' dir='ltr'><strong>enim</strong></span> <span class='ocrx_word' id='word_1_473' title='bbox 2929 2271 3043 2328; x_wconf 86' lang='lat' dir='ltr'><strong>Deo</strong></span> <span class='ocrx_word' id='word_1_474' title='bbox 3080 2275 3263 2329; x_wconf 86' lang='lat' dir='ltr'><strong>visum</strong></span> <span class='ocrx_word' id='word_1_475' title='bbox 3296 2286 3463 2339; x_wconf 83' lang='lat' dir='ltr'><strong>esset,</strong></span> <span class='ocrx_word' id='word_1_476' title='bbox 3515 2296 3602 2331; x_wconf 68' lang='lat' dir='ltr'><strong>res</strong></span> 
     </span>
    </p>
   </div>
   <div class='ocr_carea' id='block_1_70' title="bbox 2036 2353 3603 2435">
    <p class='ocr_par' dir='ltr' id='par_1_70' title="bbox 2036 2353 3603 2435">
     <span class='ocr_line' id='line_1_70' title="bbox 2036 2353 3603 2435; baseline 0.009 -28"><span class='ocrx_word' id='word_1_477' title='bbox 2036 2353 2256 2410; x_wconf 81' lang='lat' dir='ltr'><strong>divinas</strong></span> <span class='ocrx_word' id='word_1_478' title='bbox 2278 2366 2335 2411; x_wconf 90' lang='lat' dir='ltr'><strong>et</strong></span> <span class='ocrx_word' id='word_1_479' title='bbox 2357 2358 2601 2413; x_wconf 85' lang='lat' dir='ltr'><strong>occultas</strong></span> <span class='ocrx_word' id='word_1_480' title='bbox 2623 2360 2680 2413; x_wconf 89' lang='lat' dir='ltr'><strong>in</strong></span> <span class='ocrx_word' id='word_1_481' title='bbox 2706 2359 2888 2415; x_wconf 80' lang='lat' dir='ltr'><strong>lucem</strong></span> <span class='ocrx_word' id='word_1_482' title='bbox 2911 2360 3183 2430; x_wconf 72' lang='lat' dir='ltr'><strong>proferre,</strong></span> <span class='ocrx_word' id='word_1_483' title='bbox 3208 2364 3435 2420; x_wconf 88' lang='lat' dir='ltr'><strong>minime</strong></span> <span class='ocrx_word' id='word_1_484' title='bbox 3462 2380 3603 2435; x_wconf 83' lang='lat' dir='ltr'><strong>opus</strong></span> 
     </span>
    </p>
   </div>
   <div class='ocr_carea' id='block_1_71' title="bbox 2035 2444 3595 2527">
    <p class='ocr_par' dir='ltr' id='par_1_71' title="bbox 2035 2444 3595 2527">
     <span class='ocr_line' id='line_1_71' title="bbox 2035 2444 3595 2527; baseline 0.008 -27"><span class='ocrx_word' id='word_1_485' title='bbox 2035 2444 2142 2502; x_wconf 81' lang='lat' dir='ltr'><strong>fuit</strong></span> <span class='ocrx_word' id='word_1_486' title='bbox 2159 2448 2415 2505; x_wconf 86' lang='lat' dir='ltr'><strong>humanis</strong></span> <span class='ocrx_word' id='word_1_487' title='bbox 2448 2450 2693 2507; x_wconf 85' lang='lat' dir='ltr'><strong>indiciis.</strong></span> <span class='ocrx_word' id='word_1_488' title='bbox 2715 2453 3015 2511; x_wconf 84' lang='lat' dir='ltr'><strong>Enimvero</strong></span> <span class='ocrx_word' id='word_1_489' title='bbox 3039 2454 3391 2525; x_wconf 84' lang='lat' dir='ltr'><strong>imperatoris</strong></span> <span class='ocrx_word' id='word_1_490' title='bbox 3416 2460 3595 2527; x_wconf 85' lang='lat' dir='ltr'><strong>jussu,</strong></span> 
     </span>
    </p>
   </div>
   <div class='ocr_carea' id='block_1_72' title="bbox 2034 2538 3603 2621">
    <p class='ocr_par' dir='ltr' id='par_1_72' title="bbox 2034 2538 3603 2621">
     <span class='ocr_line' id='line_1_72' title="bbox 2034 2538 3603 2621; baseline 0.007 -28"><span class='ocrx_word' id='word_1_491' title='bbox 2034 2538 2411 2596; x_wconf 81' lang='lat' dir='ltr'><strong>contaminato</strong></span> <span class='ocrx_word' id='word_1_492' title='bbox 2446 2539 2541 2598; x_wconf 88' lang='lat' dir='ltr'><strong>illo</strong></span> <span class='ocrx_word' id='word_1_493' title='bbox 2581 2543 2787 2613; x_wconf 87' lang='lat' dir='ltr'><strong>templo</strong></span> <span class='ocrx_word' id='word_1_494' title='bbox 2816 2544 3025 2612; x_wconf 78' lang='lat' dir='ltr'><strong>diruto,</strong></span> <span class='ocrx_word' id='word_1_495' title='bbox 3059 2561 3369 2619; x_wconf 79' lang='lat' dir='ltr'><strong>aggereque</strong></span> <span class='ocrx_word' id='word_1_496' title='bbox 3400 2565 3603 2621; x_wconf 70' lang='lat' dir='ltr'><strong>expon-</strong></span> 
     </span>
    </p>
   </div>
   <div class='ocr_carea' id='block_1_73' title="bbox 2037 2633 3603 2698">
    <p class='ocr_par' dir='ltr' id='par_1_73' title="bbox 2037 2633 3603 2698">
     <span class='ocr_line' id='line_1_73' title="bbox 2037 2633 3603 2698; baseline 0.009 -14"><span class='ocrx_word' id='word_1_497' title='bbox 2037 2637 2172 2697; x_wconf 80' lang='lat' dir='ltr'><strong>tato,</strong></span> <span class='ocrx_word' id='word_1_498' title='bbox 2201 2646 2268 2688; x_wconf 79' lang='lat' dir='ltr'><strong>ex</strong></span> <span class='ocrx_word' id='word_1_499' title='bbox 2303 2646 2374 2688; x_wconf 89' lang='lat' dir='ltr'><strong>eo</strong></span> <span class='ocrx_word' id='word_1_500' title='bbox 2418 2633 2543 2690; x_wconf 91' lang='lat' dir='ltr'><strong>loco</strong></span> <span class='ocrx_word' id='word_1_501' title='bbox 2590 2649 2808 2691; x_wconf 70' lang='lat' dir='ltr'><strong>sacrum</strong></span> <span class='ocrx_word' id='word_1_502' title='bbox 2845 2638 2977 2693; x_wconf 88' lang='lat' dir='ltr'><strong>illud</strong></span> <span class='ocrx_word' id='word_1_503' title='bbox 3013 2639 3471 2697; x_wconf 75' lang='lat' dir='ltr'><strong>Resurrectionis</strong></span> <span class='ocrx_word' id='word_1_504' title='bbox 3504 2659 3603 2698; x_wconf 84' lang='lat' dir='ltr'><strong>an-</strong></span> 
     </span>
    </p>
   </div>
   <div class='ocr_carea' id='block_1_74' title="bbox 2038 2723 3604 2800">
    <p class='ocr_par' dir='ltr' id='par_1_74' title="bbox 2038 2723 3604 2800">
     <span class='ocr_line' id='line_1_74' title="bbox 2038 2723 3604 2800; baseline 0.01 -26"><span class='ocrx_word' id='word_1_505' title='bbox 2038 2729 2182 2775; x_wconf 91' lang='lat' dir='ltr'><strong>trum</strong></span> <span class='ocrx_word' id='word_1_506' title='bbox 2210 2723 2446 2790; x_wconf 80' lang='lat' dir='ltr'><strong>exstitit,</strong></span> <span class='ocrx_word' id='word_1_507' title='bbox 2479 2733 2540 2779; x_wconf 85' lang='lat' dir='ltr'><strong>et</strong></span> <span class='ocrx_word' id='word_1_508' title='bbox 2566 2734 2678 2781; x_wconf 91' lang='lat' dir='ltr'><strong>tres</strong></span> <span class='ocrx_word' id='word_1_509' title='bbox 2726 2729 2960 2796; x_wconf 84' lang='lat' dir='ltr'><strong>sparsim</strong></span> <span class='ocrx_word' id='word_1_510' title='bbox 2989 2730 3231 2800; x_wconf 63' lang='lat' dir='ltr'><strong>disjectas</strong></span> <span class='ocrx_word' id='word_1_511' title='bbox 3272 2747 3468 2789; x_wconf 82' lang='lat' dir='ltr'><strong>cruces</strong></span> <span class='ocrx_word' id='word_1_512' title='bbox 3502 2750 3518 2790; x_wconf 89' lang='lat'><strong>:</strong></span> <span class='ocrx_word' id='word_1_513' title='bbox 3545 2743 3604 2789; x_wconf 80' lang='lat' dir='ltr'><strong>et</strong></span> 
     </span>
    </p>
   </div>
   <div class='ocr_carea' id='block_1_75' title="bbox 2038 2813 3603 2892">
    <p class='ocr_par' dir='ltr' id='par_1_75' title="bbox 2038 2813 3603 2892">
     <span class='ocr_line' id='line_1_75' title="bbox 2038 2813 3603 2892; baseline 0.009 -28"><span class='ocrx_word' id='word_1_514' title='bbox 2038 2813 2225 2866; x_wconf 70' lang='lat' dir='ltr'><strong>tabula</strong></span> <span class='ocrx_word' id='word_1_515' title='bbox 2259 2823 2522 2882; x_wconf 73' lang='lat' dir='ltr'><strong>praeterea</strong></span> <span class='ocrx_word' id='word_1_516' title='bbox 2565 2817 2689 2872; x_wconf 86' lang='lat' dir='ltr'><strong>alba</strong></span> <span class='ocrx_word' id='word_1_517' title='bbox 2719 2818 2970 2885; x_wconf 79' lang='lat' dir='ltr'><strong>inventa,</strong></span> <span class='ocrx_word' id='word_1_518' title='bbox 3012 2822 3070 2875; x_wconf 88' lang='lat' dir='ltr'><strong>in</strong></span> <span class='ocrx_word' id='word_1_519' title='bbox 3101 2836 3209 2892; x_wconf 90' lang='lat' dir='ltr'><strong>qua</strong></span> <span class='ocrx_word' id='word_1_520' title='bbox 3243 2824 3485 2882; x_wconf 82' lang='lat' dir='ltr'><strong>diversis</strong></span> <span class='ocrx_word' id='word_1_521' title='bbox 3518 2827 3603 2881; x_wconf 79' lang='lat' dir='ltr'><strong>lia-</strong></span> 
     </span>
    </p>
   </div>
   <div class='ocr_carea' id='block_1_76' title="bbox 2040 2905 3600 2989">
    <p class='ocr_par' dir='ltr' id='par_1_76' title="bbox 2040 2905 3600 2989">
     <span class='ocr_line' id='line_1_76' title="bbox 2040 2905 3600 2989; baseline 0.012 -33"><span class='ocrx_word' id='word_1_522' title='bbox 2040 2908 2174 2959; x_wconf 88' lang='lat' dir='ltr'><strong>tcris</strong></span> <span class='ocrx_word' id='word_1_523' title='bbox 2224 2905 2429 2961; x_wconf 86' lang='lat' dir='ltr'><strong>Pilatus</strong></span> <span class='ocrx_word' id='word_1_524' title='bbox 2476 2922 2657 2977; x_wconf 80' lang='lat' dir='ltr'><strong>regem</strong></span> <span class='ocrx_word' id='word_1_525' title='bbox 2700 2908 3018 2964; x_wconf 65' lang='lat' dir='ltr'><strong>Judazorum</strong></span> <span class='ocrx_word' id='word_1_526' title='bbox 3063 2915 3389 2983; x_wconf 85' lang='lat' dir='ltr'><strong>scripserat.</strong></span> <span class='ocrx_word' id='word_1_527' title='bbox 3426 2934 3600 2989; x_wconf 84' lang='lat' dir='ltr'><strong>eaque</strong></span> 
     </span>
    </p>
   </div>
   <div class='ocr_carea' id='block_1_77' title="bbox 2037 2993 3595 3065">
    <p class='ocr_par' dir='ltr' id='par_1_77' title="bbox 2037 2993 3595 3065">
     <span class='ocr_line' id='line_1_77' title="bbox 2037 2993 3595 3065; baseline 0.013 -20"><span class='ocrx_word' id='word_1_528' title='bbox 2037 3005 2205 3061; x_wconf 82' lang='lat' dir='ltr'><strong>supra</strong></span> <span class='ocrx_word' id='word_1_529' title='bbox 2232 3004 2396 3062; x_wconf 89' lang='lat' dir='ltr'><strong>caput</strong></span> <span class='ocrx_word' id='word_1_530' title='bbox 2429 2993 2637 3049; x_wconf 82' lang='lat' dir='ltr'><strong>Christi</strong></span> <span class='ocrx_word' id='word_1_531' title='bbox 2682 2998 2948 3053; x_wconf 86' lang='lat' dir='ltr'><strong>collocata</strong></span> <span class='ocrx_word' id='word_1_532' title='bbox 2985 3002 3038 3055; x_wconf 93' lang='lat' dir='ltr'><strong>in</strong></span> <span class='ocrx_word' id='word_1_533' title='bbox 3069 3018 3279 3059; x_wconf 87' lang='lat' dir='ltr'><strong>morem</strong></span> <span class='ocrx_word' id='word_1_534' title='bbox 3306 3008 3595 3065; x_wconf 62' lang='lat' dir='ltr'><strong>columnae.</strong></span> 
     </span>
    </p>
   </div>
   <div class='ocr_carea' id='block_1_78' title="bbox 2034 3083 3602 3168">
    <p class='ocr_par' dir='ltr' id='par_1_78' title="bbox 2034 3083 3602 3168">
     <span class='ocr_line' id='line_1_78' title="bbox 2034 3083 3602 3168; baseline 0.009 -29"><span class='ocrx_word' id='word_1_535' title='bbox 2034 3083 2361 3139; x_wconf 80' lang='lat' dir='ltr'><strong>cruciﬁxum</strong></span> <span class='ocrx_word' id='word_1_536' title='bbox 2402 3086 2553 3140; x_wconf 87' lang='lat' dir='ltr'><strong>illum</strong></span> <span class='ocrx_word' id='word_1_537' title='bbox 2592 3088 2904 3143; x_wconf 70' lang='lat' dir='ltr'><strong>indecorem</strong></span> <span class='ocrx_word' id='word_1_538' title='bbox 2958 3106 3141 3162; x_wconf 83' lang='lat' dir='ltr'><strong>regem</strong></span> <span class='ocrx_word' id='word_1_539' title='bbox 3190 3111 3312 3151; x_wconf 86' lang='lat' dir='ltr'><strong>esse</strong></span> <span class='ocrx_word' id='word_1_540' title='bbox 3360 3103 3602 3168; x_wconf 87' lang='lat' dir='ltr'><strong>promul-</strong></span> 
     </span>
    </p>
   </div>
   <div class='ocr_carea' id='block_1_79' title="bbox 2033 3176 3576 3254">
    <p class='ocr_par' dir='ltr' id='par_1_79' title="bbox 2033 3176 3576 3254">
     <span class='ocr_line' id='line_1_79' title="bbox 2033 3176 3576 3254; baseline 0.014 -28"><span class='ocrx_word' id='word_1_541' title='bbox 2033 3185 2205 3244; x_wconf 79' lang='lat' dir='ltr'><strong>garat.</strong></span> <span class='ocrx_word' id='word_1_542' title='bbox 2251 3176 2523 3231; x_wconf 72' lang='lat' dir='ltr'><strong>Caeterum</strong></span> <span class='ocrx_word' id='word_1_543' title='bbox 2573 3180 2718 3249; x_wconf 89' lang='lat' dir='ltr'><strong>quod</strong></span> <span class='ocrx_word' id='word_1_544' title='bbox 2764 3181 2964 3237; x_wconf 68' lang='lat' dir='ltr'><strong>litterae</strong></span> <span class='ocrx_word' id='word_1_545' title='bbox 3008 3183 3384 3254; x_wconf 75' lang='lat' dir='ltr'><strong>dililuxerant,</strong></span> <span class='ocrx_word' id='word_1_546' title='bbox 3434 3200 3492 3245; x_wconf 89' lang='lat' dir='ltr'><strong>et</strong></span> <span class='ocrx_word' id='word_1_547' title='bbox 3527 3203 3576 3246; x_wconf 82' lang='lat' dir='ltr'><strong>ta</strong></span> 
     </span>
    </p>
   </div>
   <div class='ocr_carea' id='block_1_80' title="bbox 2034 3268 3688 3345">
    <p class='ocr_par' dir='ltr' id='par_1_80' title="bbox 2034 3268 3688 3345">
     <span class='ocr_line' id='line_1_80' title="bbox 2034 3268 3688 3345; baseline 0.013 -25"><span class='ocrx_word' id='word_1_548' title='bbox 2034 3268 2160 3321; x_wconf 83' lang='lat' dir='ltr'><strong>bula</strong></span> <span class='ocrx_word' id='word_1_549' title='bbox 2211 3281 2419 3323; x_wconf 85' lang='lat' dir='ltr'><strong>temere</strong></span> <span class='ocrx_word' id='word_1_550' title='bbox 2460 3272 2604 3341; x_wconf 78' lang='lat' dir='ltr'><strong>jacta</strong></span> <span class='ocrx_word' id='word_1_551' title='bbox 2648 3276 2886 3345; x_wconf 87' lang='lat' dir='ltr'><strong>jacebat,</strong></span> <span class='ocrx_word' id='word_1_552' title='bbox 2922 3275 3161 3332; x_wconf 79' lang='lat' dir='ltr'><strong>difﬁcilis</strong></span> <span class='ocrx_word' id='word_1_553' title='bbox 3204 3282 3387 3337; x_wconf 86' lang='lat' dir='ltr'><strong>adhuc</strong></span> <span class='ocrx_word' id='word_1_554' title='bbox 3427 3286 3598 3340; x_wconf 79' lang='lat' dir='ltr'><strong>divini</strong></span> <span class='ocrx_word' id='word_1_555' title='bbox 3681 3328 3688 3335; x_wconf 86' lang='lat'><strong>.</strong></span> 
     </span>
    </p>
   </div>
   <div class='ocr_carea' id='block_1_81' title="bbox 2033 3358 3598 3434">
    <p class='ocr_par' dir='ltr' id='par_1_81' title="bbox 2033 3358 3598 3434">
     <span class='ocr_line' id='line_1_81' title="bbox 2033 3358 3598 3434; baseline 0.012 -22"><span class='ocrx_word' id='word_1_556' title='bbox 2033 3358 2168 3426; x_wconf 75' lang='lat' dir='ltr'><strong>ligni</strong></span> <span class='ocrx_word' id='word_1_557' title='bbox 2218 3360 2467 3413; x_wconf 83' lang='lat' dir='ltr'><strong>inventio</strong></span> <span class='ocrx_word' id='word_1_558' title='bbox 2514 3372 2654 3427; x_wconf 81' lang='lat' dir='ltr'><strong>erat,</strong></span> <span class='ocrx_word' id='word_1_559' title='bbox 2698 3367 2843 3434; x_wconf 90' lang='lat' dir='ltr'><strong>quod</strong></span> <span class='ocrx_word' id='word_1_560' title='bbox 2893 3369 3091 3422; x_wconf 86' lang='lat' dir='ltr'><strong>ordine</strong></span> <span class='ocrx_word' id='word_1_561' title='bbox 3139 3372 3369 3427; x_wconf 75' lang='lat' dir='ltr'><strong>confuso</strong></span> <span class='ocrx_word' id='word_1_562' title='bbox 3403 3392 3598 3431; x_wconf 77' lang='lat' dir='ltr'><strong>cruces</strong></span> 
     </span>
    </p>
   </div>
   <div class='ocr_carea' id='block_1_82' title="bbox 2033 3450 3597 3535">
    <p class='ocr_par' dir='ltr' id='par_1_82' title="bbox 2033 3450 3597 3535">
     <span class='ocr_line' id='line_1_82' title="bbox 2033 3450 3597 3535; baseline 0.013 -33"><span class='ocrx_word' id='word_1_563' title='bbox 2033 3450 2274 3518; x_wconf 67' lang='lat' dir='ltr'><strong>disjectas</strong></span> <span class='ocrx_word' id='word_1_564' title='bbox 2317 3452 2556 3510; x_wconf 77' lang='lat' dir='ltr'><strong>fuerant.</strong></span> <span class='ocrx_word' id='word_1_565' title='bbox 2593 3456 2734 3521; x_wconf 85' lang='lat' dir='ltr'><strong>Quid</strong></span> <span class='ocrx_word' id='word_1_566' title='bbox 2781 3475 3016 3529; x_wconf 83' lang='lat' dir='ltr'><strong>namque</strong></span> <span class='ocrx_word' id='word_1_567' title='bbox 3059 3474 3343 3529; x_wconf 83' lang='lat' dir='ltr'><strong>curarent,</strong></span> <span class='ocrx_word' id='word_1_568' title='bbox 3379 3468 3474 3535; x_wconf 88' lang='lat' dir='ltr'><strong>qui</strong></span> <span class='ocrx_word' id='word_1_569' title='bbox 3524 3472 3597 3522; x_wconf 81' lang='lat' dir='ltr'><strong>itu</strong></span> 
     </span>
    </p>
   </div>
   <div class='ocr_carea' id='block_1_83' title="bbox 2033 3542 3598 3627">
    <p class='ocr_par' dir='ltr' id='par_1_83' title="bbox 2033 3542 3598 3627">
     <span class='ocr_line' id='line_1_83' title="bbox 2033 3542 3598 3627; baseline 0.013 -33"><span class='ocrx_word' id='word_1_570' title='bbox 2033 3542 2157 3596; x_wconf 87' lang='lat' dir='ltr'><strong>illas</strong></span> <span class='ocrx_word' id='word_1_571' title='bbox 2190 3551 2396 3598; x_wconf 85' lang='lat' dir='ltr'><strong>temere</strong></span> <span class='ocrx_word' id='word_1_572' title='bbox 2412 3547 2779 3617; x_wconf 83' lang='lat' dir='ltr'><strong>disjecerant,</strong></span> <span class='ocrx_word' id='word_1_573' title='bbox 2818 3551 3024 3607; x_wconf 91' lang='lat' dir='ltr'><strong>utloco</strong></span> <span class='ocrx_word' id='word_1_574' title='bbox 3065 3570 3167 3608; x_wconf 88' lang='lat' dir='ltr'><strong>suo</strong></span> <span class='ocrx_word' id='word_1_575' title='bbox 3194 3572 3472 3627; x_wconf 80' lang='lat' dir='ltr'><strong>quamque</strong></span> <span class='ocrx_word' id='word_1_576' title='bbox 3514 3577 3598 3615; x_wconf 86' lang='lat' dir='ltr'><strong>re-</strong></span> 
     </span>
    </p>
   </div>
   <div class='ocr_carea' id='block_1_84' title="bbox 2031 3632 3596 3722">
    <p class='ocr_par' dir='ltr' id='par_1_84' title="bbox 2031 3632 3596 3722">
     <span class='ocr_line' id='line_1_84' title="bbox 2031 3632 3596 3722; baseline 0.013 -36"><span class='ocrx_word' id='word_1_577' title='bbox 2031 3632 2688 3708; x_wconf 66' lang='lat' dir='ltr'><strong>linquerent?praecipue</strong></span> <span class='ocrx_word' id='word_1_578' title='bbox 2719 3647 2844 3695; x_wconf 88' lang='lat' dir='ltr'><strong>cum</strong></span> <span class='ocrx_word' id='word_1_579' title='bbox 2880 3645 3082 3699; x_wconf 83' lang='lat' dir='ltr'><strong>milites</strong></span> <span class='ocrx_word' id='word_1_580' title='bbox 3113 3660 3341 3703; x_wconf 87' lang='lat' dir='ltr'><strong>mortem</strong></span> <span class='ocrx_word' id='word_1_581' title='bbox 3370 3666 3596 3722; x_wconf 76' lang='lat' dir='ltr'><strong>propter</strong></span> 
     </span>
    </p>
   </div>
   <div class='ocr_carea' id='block_1_85' title="bbox 2033 3724 3594 3812">
    <p class='ocr_par' dir='ltr' id='par_1_85' title="bbox 2033 3724 3594 3812">
     <span class='ocr_line' id='line_1_85' title="bbox 2033 3724 3594 3812; baseline 0.014 -34"><span class='ocrx_word' id='word_1_582' title='bbox 2033 3724 2334 3781; x_wconf 83' lang='lat' dir='ltr'><strong>Sabbatum</strong></span> <span class='ocrx_word' id='word_1_583' title='bbox 2354 3727 2810 3800; x_wconf 88' lang='lat' dir='ltr'><strong>deproperarent,</strong></span> <span class='ocrx_word' id='word_1_584' title='bbox 2833 3734 2996 3808; x_wconf 65' lang='grc'><strong>594</strong></span> <span class='ocrx_word' id='word_1_585' title='bbox 3025 3738 3306 3809; x_wconf 83' lang='lat' dir='ltr'><strong>iidemque</strong></span> <span class='ocrx_word' id='word_1_586' title='bbox 3333 3755 3594 3812; x_wconf 66' lang='lat' dir='ltr'><strong>praeterea</strong></span> 
     </span>
    </p>
   </div>
   <div class='ocr_carea' id='block_1_86' title="bbox 2034 3818 3595 3895">
    <p class='ocr_par' dir='ltr' id='par_1_86' title="bbox 2034 3818 3595 3895">
     <span class='ocr_line' id='line_1_86' title="bbox 2034 3818 3595 3895; baseline 0.012 -23"><span class='ocrx_word' id='word_1_587' title='bbox 2034 3818 2435 3890; x_wconf 86' lang='lat' dir='ltr'><strong>inauspicatum</strong></span> <span class='ocrx_word' id='word_1_588' title='bbox 2485 3839 2607 3881; x_wconf 88' lang='lat' dir='ltr'><strong>esse</strong></span> <span class='ocrx_word' id='word_1_589' title='bbox 2656 3828 2968 3895; x_wconf 80' lang='lat' dir='ltr'><strong>crederent,</strong></span> <span class='ocrx_word' id='word_1_590' title='bbox 3029 3831 3100 3885; x_wconf 89' lang='lat' dir='ltr'><strong>ad</strong></span> <span class='ocrx_word' id='word_1_591' title='bbox 3144 3848 3337 3889; x_wconf 88' lang='lat' dir='ltr'><strong>cruces</strong></span> <span class='ocrx_word' id='word_1_592' title='bbox 3392 3842 3595 3891; x_wconf 85' lang='lat' dir='ltr'><strong>morari</strong></span> 
     </span>
    </p>
   </div>
   <div class='ocr_carea' id='block_1_87' title="bbox 2033 3912 3600 4000">
    <p class='ocr_par' dir='ltr' id='par_1_87' title="bbox 2033 3912 3600 4000">
     <span class='ocr_line' id='line_1_87' title="bbox 2033 3912 3600 4000; baseline 0.013 -35"><span class='ocrx_word' id='word_1_593' title='bbox 2033 3912 2302 3978; x_wconf 86' lang='lat' dir='ltr'><strong>virorum,</strong></span> <span class='ocrx_word' id='word_1_594' title='bbox 2336 3916 2430 3985; x_wconf 90' lang='lat' dir='ltr'><strong>qui</strong></span> <span class='ocrx_word' id='word_1_595' title='bbox 2466 3931 2566 3986; x_wconf 89' lang='lat' dir='ltr'><strong>per</strong></span> <span class='ocrx_word' id='word_1_596' title='bbox 2595 3920 2703 3974; x_wconf 88' lang='lat' dir='ltr'><strong>vim</strong></span> <span class='ocrx_word' id='word_1_597' title='bbox 2734 3920 2943 3976; x_wconf 86' lang='lat' dir='ltr'><strong>illatam</strong></span> <span class='ocrx_word' id='word_1_598' title='bbox 2978 3926 3177 3980; x_wconf 86' lang='lat' dir='ltr'><strong>mortui</strong></span> <span class='ocrx_word' id='word_1_599' title='bbox 3203 3938 3429 3984; x_wconf 84' lang='lat' dir='ltr'><strong>essent:</strong></span> <span class='ocrx_word' id='word_1_600' title='bbox 3463 3947 3600 4000; x_wconf 83' lang='lat' dir='ltr'><strong>qua-</strong></span> 
     </span>
    </p>
   </div>
   <div class='ocr_carea' id='block_1_88' title="bbox 2030 4007 3599 4087">
    <p class='ocr_par' dir='ltr' id='par_1_88' title="bbox 2030 4007 3599 4087">
     <span class='ocr_line' id='line_1_88' title="bbox 2030 4007 3599 4087; baseline 0.013 -30"><span class='ocrx_word' id='word_1_601' title='bbox 2030 4012 2258 4075; x_wconf 89' lang='lat' dir='ltr'><strong>propter</strong></span> <span class='ocrx_word' id='word_1_602' title='bbox 2305 4007 2415 4061; x_wconf 89' lang='lat' dir='ltr'><strong>alia</strong></span> <span class='ocrx_word' id='word_1_603' title='bbox 2453 4008 2563 4064; x_wconf 87' lang='lat' dir='ltr'><strong>alio</strong></span> <span class='ocrx_word' id='word_1_604' title='bbox 2596 4012 2860 4081; x_wconf 73' lang='lat' dir='ltr'><strong>projects.</strong></span> <span class='ocrx_word' id='word_1_605' title='bbox 2900 4013 3038 4069; x_wconf 86' lang='lat' dir='ltr'><strong>Cum</strong></span> <span class='ocrx_word' id='word_1_606' title='bbox 3072 4031 3204 4087; x_wconf 84' lang='lat' dir='ltr'><strong>ergo</strong></span> <span class='ocrx_word' id='word_1_607' title='bbox 3254 4020 3465 4076; x_wconf 87' lang='lat' dir='ltr'><strong>incerta</strong></span> <span class='ocrx_word' id='word_1_608' title='bbox 3513 4026 3599 4077; x_wconf 79' lang='lat' dir='ltr'><strong>in-</strong></span> 
     </span>
    </p>
   </div>
   <div class='ocr_carea' id='block_1_89' title="bbox 2031 4097 3600 4178">
    <p class='ocr_par' dir='ltr' id='par_1_89' title="bbox 2031 4097 3600 4178">
     <span class='ocr_line' id='line_1_89' title="bbox 2031 4097 3600 4178; baseline 0.013 -30"><span class='ocrx_word' id='word_1_609' title='bbox 2031 4097 2261 4165; x_wconf 83' lang='lat' dir='ltr'><strong>quisitio</strong></span> <span class='ocrx_word' id='word_1_610' title='bbox 2323 4107 2505 4165; x_wconf 81' lang='lat' dir='ltr'><strong>esset,</strong></span> <span class='ocrx_word' id='word_1_611' title='bbox 2567 4102 2735 4159; x_wconf 83' lang='lat' dir='ltr'><strong>dubia</strong></span> <span class='ocrx_word' id='word_1_612' title='bbox 2785 4105 2957 4159; x_wconf 85' lang='lat' dir='ltr'><strong>animi</strong></span> <span class='ocrx_word' id='word_1_613' title='bbox 3018 4106 3367 4178; x_wconf 84' lang='lat' dir='ltr'><strong>imperatoris</strong></span> <span class='ocrx_word' id='word_1_614' title='bbox 3424 4127 3600 4169; x_wconf 83' lang='lat' dir='ltr'><strong>mater</strong></span> 
     </span>
    </p>
   </div>
   <div class='ocr_carea' id='block_1_90' title="bbox 2030 4188 3599 4274">
    <p class='ocr_par' dir='ltr' id='par_1_90' title="bbox 2030 4188 3599 4274">
     <span class='ocr_line' id='line_1_90' title="bbox 2030 4188 3599 4274; baseline 0.012 -31"><span class='ocrx_word' id='word_1_615' title='bbox 2030 4188 2205 4244; x_wconf 85' lang='lat' dir='ltr'><strong>Deum</strong></span> <span class='ocrx_word' id='word_1_616' title='bbox 2234 4190 2547 4248; x_wconf 83' lang='lat' dir='ltr'><strong>obsecravit</strong></span> <span class='ocrx_word' id='word_1_617' title='bbox 2594 4204 2656 4249; x_wconf 82' lang='lat' dir='ltr'><strong>ut</strong></span> <span class='ocrx_word' id='word_1_618' title='bbox 2697 4195 2750 4251; x_wconf 88' lang='lat' dir='ltr'><strong>ei</strong></span> <span class='ocrx_word' id='word_1_619' title='bbox 2782 4196 3045 4252; x_wconf 88' lang='lat' dir='ltr'><strong>indicium</strong></span> <span class='ocrx_word' id='word_1_620' title='bbox 3079 4200 3253 4256; x_wconf 82' lang='lat' dir='ltr'><strong>ﬁeret.</strong></span> <span class='ocrx_word' id='word_1_621' title='bbox 3285 4203 3464 4274; x_wconf 82' lang='lat' dir='ltr'><strong>Atque</strong></span> <span class='ocrx_word' id='word_1_622' title='bbox 3507 4207 3599 4262; x_wconf 89' lang='lat' dir='ltr'><strong>ille</strong></span> 
     </span>
    </p>
   </div>
   <div class='ocr_carea' id='block_1_91' title="bbox 2030 4282 3617 4367">
    <p class='ocr_par' dir='ltr' id='par_1_91' title="bbox 2030 4282 3617 4367">
     <span class='ocr_line' id='line_1_91' title="bbox 2030 4282 3617 4367; baseline 0.011 -32"><span class='ocrx_word' id='word_1_623' title='bbox 2030 4282 2448 4353; x_wconf 75' lang='lat' dir='ltr'><strong>ambiguitatem</strong></span> <span class='ocrx_word' id='word_1_624' title='bbox 2510 4287 2747 4358; x_wconf 88' lang='lat' dir='ltr'><strong>quodam</strong></span> <span class='ocrx_word' id='word_1_625' title='bbox 2803 4288 3058 4346; x_wconf 84' lang='lat' dir='ltr'><strong>dissolvit</strong></span> <span class='ocrx_word' id='word_1_626' title='bbox 3124 4295 3323 4360; x_wconf 93' lang='lat' dir='ltr'><strong>modo,</strong></span> <span class='ocrx_word' id='word_1_627' title='bbox 3382 4297 3617 4367; x_wconf 75' lang='lat' dir='ltr'><strong>lignum,</strong></span> 
     </span>
    </p>
   </div>
   <div class='ocr_carea' id='block_1_92' title="bbox 2030 4373 3603 4460">
    <p class='ocr_par' dir='ltr' id='par_1_92' title="bbox 2030 4373 3603 4460">
     <span class='ocr_line' id='line_1_92' title="bbox 2030 4373 3603 4460; baseline 0.01 -30"><span class='ocrx_word' id='word_1_628' title='bbox 2030 4373 2420 4433; x_wconf 70' lang='lat' dir='ltr'><strong>demonstrans</strong></span> <span class='ocrx_word' id='word_1_629' title='bbox 2459 4378 2527 4433; x_wconf 90' lang='lat' dir='ltr'><strong>ad</strong></span> <span class='ocrx_word' id='word_1_630' title='bbox 2572 4380 2719 4448; x_wconf 90' lang='lat' dir='ltr'><strong>quod</strong></span> <span class='ocrx_word' id='word_1_631' title='bbox 2750 4379 3093 4441; x_wconf 86' lang='lat' dir='ltr'><strong>Dominicum</strong></span> <span class='ocrx_word' id='word_1_632' title='bbox 3140 4385 3366 4441; x_wconf 80' lang='lat' dir='ltr'><strong>atlixum</strong></span> <span class='ocrx_word' id='word_1_633' title='bbox 3398 4404 3603 4460; x_wconf 78' lang='lat' dir='ltr'><strong>corpus</strong></span> 
     </span>
    </p>
   </div>
   <div class='ocr_carea' id='block_1_93' title="bbox 361 4465 1933 4563">
    <p class='ocr_par' dir='ltr' id='par_1_93' title="bbox 361 4474 1931 4563">
     <span class='ocr_line' id='line_1_93' title="bbox 361 4474 1931 4563; baseline 0.007 -34"><span class='ocrx_word' id='word_1_634' title='bbox 361 4477 498 4545; x_wconf 75' lang='grc' dir='ltr'>ἀμφ’</span> <span class='ocrx_word' id='word_1_635' title='bbox 528 4477 693 4531; x_wconf 78' lang='grc' dir='ltr'>αὑτὸν</span> <span class='ocrx_word' id='word_1_636' title='bbox 719 4474 844 4551; x_wconf 84' lang='grc' dir='ltr'>ἦκε·</span> <span class='ocrx_word' id='word_1_637' title='bbox 872 4479 1141 4549; x_wconf 78' lang='grc' dir='ltr'>σύμϐολόν</span> <span class='ocrx_word' id='word_1_638' title='bbox 1173 4498 1229 4534; x_wconf 88' lang='grc' dir='ltr'><strong>τε</strong></span> <span class='ocrx_word' id='word_1_639' title='bbox 1260 4481 1454 4549; x_wconf 72' lang='grc' dir='ltr'>ἐδίδου,</span> <span class='ocrx_word' id='word_1_640' title='bbox 1479 4483 1537 4548; x_wconf 82' lang='grc' dir='ltr'>ὃς</span> <span class='ocrx_word' id='word_1_641' title='bbox 1566 4484 1635 4538; x_wconf 78' lang='grc' dir='ltr'>ἂν</span> <span class='ocrx_word' id='word_1_642' title='bbox 1655 4486 1931 4563; x_wconf 70' lang='grc' dir='ltr'>ἐπιτεθεὶς</span> 
     </span>
    </p>
   </div>
   <div class='ocr_carea' id='block_1_94' title="bbox 2032 4465 3605 4563">
    <p class='ocr_par' dir='ltr' id='par_1_94' title="bbox 2033 4465 3605 4545">
     <span class='ocr_line' id='line_1_94' title="bbox 2033 4465 3605 4545; baseline 0.011 -25"><span class='ocrx_word' id='word_1_643' title='bbox 2033 4465 2237 4532; x_wconf 78' lang='lat' dir='ltr'><strong>fuerat,</strong></span> <span class='ocrx_word' id='word_1_644' title='bbox 2280 4474 2339 4524; x_wconf 90' lang='lat' dir='ltr'><strong>et</strong></span> <span class='ocrx_word' id='word_1_645' title='bbox 2369 4469 2519 4540; x_wconf 89' lang='lat' dir='ltr'><strong>quod</strong></span> <span class='ocrx_word' id='word_1_646' title='bbox 2561 4470 2736 4526; x_wconf 87' lang='lat' dir='ltr'><strong>divini</strong></span> <span class='ocrx_word' id='word_1_647' title='bbox 2783 4474 3071 4545; x_wconf 76' lang='lat' dir='ltr'><strong>sanguinis</strong></span> <span class='ocrx_word' id='word_1_648' title='bbox 3114 4477 3317 4533; x_wconf 78' lang='lat' dir='ltr'><strong>Stillam</strong></span> <span class='ocrx_word' id='word_1_649' title='bbox 3356 4480 3605 4537; x_wconf 80' lang='lat' dir='ltr'><strong>deﬂuen-</strong></span> 
     </span>
    </p>
   </div>
   <div class='ocr_carea' id='block_1_95' title="bbox 359 4573 1925 4650">
    <p class='ocr_par' dir='ltr' id='par_1_95' title="bbox 359 4573 1925 4650">
     <span class='ocr_line' id='line_1_95' title="bbox 359 4573 1925 4650; baseline 0.008 -28"><span class='ocrx_word' id='word_1_650' title='bbox 359 4573 468 4622; x_wconf 83' lang='grc' dir='ltr'><strong>τῶν</strong></span> <span class='ocrx_word' id='word_1_651' title='bbox 496 4573 753 4642; x_wconf 82' lang='grc' dir='ltr'>σταυρῶν</span> <span class='ocrx_word' id='word_1_652' title='bbox 789 4574 889 4643; x_wconf 79' lang='grc' dir='ltr'>τὴν</span> <span class='ocrx_word' id='word_1_653' title='bbox 936 4574 1252 4644; x_wconf 78' lang='grc' dir='ltr'>κάμνουσαν</span> <span class='ocrx_word' id='word_1_654' title='bbox 1308 4577 1671 4632; x_wconf 80' lang='grc' dir='ltr'>ἀπαλλάττειν</span> <span class='ocrx_word' id='word_1_655' title='bbox 1726 4580 1925 4650; x_wconf 80' lang='grc' dir='ltr'>ἀθρόον</span> 
     </span>
    </p>
   </div>
   <div class='ocr_carea' id='block_1_96' title="bbox 359 4659 1927 4745">
    <p class='ocr_par' dir='ltr' id='par_1_96' title="bbox 359 4659 1927 4745">
     <span class='ocr_line' id='line_1_96' title="bbox 359 4659 1927 4745; baseline 0.006 -28"><span class='ocrx_word' id='word_1_656' title='bbox 359 4663 495 4734; x_wconf 75' lang='grc' dir='ltr'>ἔχοι,</span> <span class='ocrx_word' id='word_1_657' title='bbox 529 4665 722 4717; x_wconf 88' lang='grc' dir='ltr'>τοῦτον</span> <span class='ocrx_word' id='word_1_658' title='bbox 753 4659 893 4719; x_wconf 80' lang='grc' dir='ltr'>εἶναι</span> <span class='ocrx_word' id='word_1_659' title='bbox 925 4667 1015 4720; x_wconf 83' lang='grc' dir='ltr'>τὸν</span> <span class='ocrx_word' id='word_1_660' title='bbox 1052 4666 1144 4720; x_wconf 81' lang='grc' dir='ltr'>τοῦ</span> <span class='ocrx_word' id='word_1_661' title='bbox 1189 4668 1391 4738; x_wconf 72' lang='grc' dir='ltr'>Κυρίου</span> <span class='ocrx_word' id='word_1_662' title='bbox 1421 4670 1676 4739; x_wconf 86' lang='grc' dir='ltr'>σταυρόν.</span> <span class='ocrx_word' id='word_1_663' title='bbox 1712 4672 1822 4726; x_wconf 78' lang='grc' dir='ltr'><strong>Καὶ</strong></span> <span class='ocrx_word' id='word_1_664' title='bbox 1860 4673 1927 4745; x_wconf 85' lang='grc' dir='ltr'>δὴ</span> 
     </span>
    </p>
   </div>
   <div class='ocr_carea' id='block_1_97' title="bbox 361 4758 1928 4833">
    <p class='ocr_par' dir='ltr' id='par_1_97' title="bbox 361 4758 1928 4833">
     <span class='ocr_line' id='line_1_97' title="bbox 361 4758 1928 4833; baseline 0.008 -25"><span class='ocrx_word' id='word_1_665' title='bbox 361 4759 677 4826; x_wconf 74' lang='grc' dir='ltr'>εὐχόμενος,</span> <span class='ocrx_word' id='word_1_666' title='bbox 718 4759 859 4810; x_wconf 83' lang='grc' dir='ltr'><strong>κατά</strong></span> <span class='ocrx_word' id='word_1_667' title='bbox 890 4758 985 4812; x_wconf 75' lang='grc' dir='ltr'>ἕνα</span> <span class='ocrx_word' id='word_1_668' title='bbox 1030 4759 1139 4811; x_wconf 88' lang='grc' dir='ltr'><strong>τῶν</strong></span> <span class='ocrx_word' id='word_1_669' title='bbox 1173 4761 1423 4831; x_wconf 83' lang='grc' dir='ltr'>σταυρῶν</span> <span class='ocrx_word' id='word_1_670' title='bbox 1452 4765 1733 4833; x_wconf 78' lang='grc' dir='ltr'>προσῆγεν</span> <span class='ocrx_word' id='word_1_671' title='bbox 1757 4763 1928 4833; x_wconf 64' lang='grc' dir='ltr'><strong>ἀρξάν-</strong></span> 
     </span>
    </p>
   </div>
   <div class='ocr_carea' id='block_1_98' title="bbox 366 4846 1927 4921">
    <p class='ocr_par' dir='ltr' id='par_1_98' title="bbox 366 4846 1927 4921">
     <span class='ocr_line' id='line_1_98' title="bbox 366 4846 1927 4921; baseline 0.005 -24"><span class='ocrx_word' id='word_1_672' title='bbox 366 4865 546 4917; x_wconf 74' lang='grc' dir='ltr'>μενος.</span> <span class='ocrx_word' id='word_1_673' title='bbox 603 4848 726 4917; x_wconf 80' lang='grc' dir='ltr'>Τῶν</span> <span class='ocrx_word' id='word_1_674' title='bbox 750 4847 929 4901; x_wconf 82' lang='grc' dir='ltr'>τοίνυν</span> <span class='ocrx_word' id='word_1_675' title='bbox 974 4848 1069 4902; x_wconf 91' lang='grc' dir='ltr'><strong>δύο</strong></span> <span class='ocrx_word' id='word_1_676' title='bbox 1113 4850 1381 4903; x_wconf 77' lang='grc' dir='ltr'>τεθέντων</span> <span class='ocrx_word' id='word_1_677' title='bbox 1411 4851 1584 4905; x_wconf 79' lang='grc' dir='ltr'>,οὐδὲν</span> <span class='ocrx_word' id='word_1_678' title='bbox 1617 4846 1779 4921; x_wconf 83' lang='grc' dir='ltr'>ἦττον</span> <span class='ocrx_word' id='word_1_679' title='bbox 1817 4854 1927 4916; x_wconf 84' lang='grc' dir='ltr'>τοῖς</span> 
     </span>
    </p>
   </div>
   <div class='ocr_carea' id='block_1_99' title="bbox 367 4935 1926 5011">
    <p class='ocr_par' dir='ltr' id='par_1_99' title="bbox 367 4935 1926 5011">
     <span class='ocr_line' id='line_1_99' title="bbox 367 4935 1926 5011; baseline 0.004 -22"><span class='ocrx_word' id='word_1_680' title='bbox 367 4938 500 4999; x_wconf 74' lang='grc' dir='ltr'>ἴσοις</span> <span class='ocrx_word' id='word_1_681' title='bbox 529 4935 594 5008; x_wconf 78' lang='grc' dir='ltr'>ἦν</span> <span class='ocrx_word' id='word_1_682' title='bbox 622 4941 654 5009; x_wconf 82' lang='grc' dir='ltr'>ἡ</span> <span class='ocrx_word' id='word_1_683' title='bbox 687 4938 848 5009; x_wconf 84' lang='grc' dir='ltr'>γυνὴ,</span> <span class='ocrx_word' id='word_1_684' title='bbox 876 4939 1252 5010; x_wconf 83' lang='grc' dir='ltr'>ἀπολεγομένη</span> <span class='ocrx_word' id='word_1_685' title='bbox 1280 4939 1381 5010; x_wconf 71' lang='grc' dir='ltr'>ἤδη</span> <span class='ocrx_word' id='word_1_686' title='bbox 1412 4940 1473 4993; x_wconf 77' lang='grc' dir='ltr'>τὸ</span> <span class='ocrx_word' id='word_1_687' title='bbox 1500 4940 1621 5011; x_wconf 58' lang='lat' dir='ltr'><strong>Civ:</strong></span> <span class='ocrx_word' id='word_1_688' title='bbox 1670 4941 1758 5004; x_wconf 83' lang='grc' dir='ltr'>Ὣς</span> <span class='ocrx_word' id='word_1_689' title='bbox 1777 4942 1834 4995; x_wconf 73' lang='grc' dir='ltr'>δὲ</span> <span class='ocrx_word' id='word_1_690' title='bbox 1865 4943 1926 4996; x_wconf 82' lang='grc' dir='ltr'>τὸ</span> 
     </span>
    </p>
   </div>
   <div class='ocr_carea' id='block_1_100' title="bbox 363 5031 1921 5105">
    <p class='ocr_par' dir='ltr' id='par_1_100' title="bbox 363 5031 1921 5105">
     <span class='ocr_line' id='line_1_100' title="bbox 363 5031 1921 5105; baseline 0.002 -20"><span class='ocrx_word' id='word_1_691' title='bbox 363 5036 586 5103; x_wconf 79' lang='grc' dir='ltr'>γνήσιον</span> <span class='ocrx_word' id='word_1_692' title='bbox 652 5031 1029 5104; x_wconf 82' lang='grc' dir='ltr'>προσεπέλασε</span> <span class='ocrx_word' id='word_1_693' title='bbox 1082 5033 1273 5099; x_wconf 81' lang='grc' dir='ltr'>ξύλον,</span> <span class='ocrx_word' id='word_1_694' title='bbox 1326 5033 1587 5103; x_wconf 80' lang='grc' dir='ltr'>ἐξαπίνης</span> <span class='ocrx_word' id='word_1_695' title='bbox 1612 5034 1875 5105; x_wconf 79' lang='grc' dir='ltr'>ἀνέϐλεψε</span> <span class='ocrx_word' id='word_1_696' title='bbox 1905 5050 1921 5065; x_wconf 74' lang='grc' dir='ltr'><strong>ο</strong></span> 
     </span>
    </p>
   </div>
   <div class='ocr_carea' id='block_1_101' title="bbox 363 5125 1924 5198">
    <p class='ocr_par' dir='ltr' id='par_1_101' title="bbox 363 5125 1924 5198">
     <span class='ocr_line' id='line_1_101' title="bbox 363 5125 1924 5198; baseline 0.003 -19"><span class='ocrx_word' id='word_1_697' title='bbox 363 5126 458 5179; x_wconf 78' lang='grc' dir='ltr'>καὶ</span> <span class='ocrx_word' id='word_1_698' title='bbox 526 5126 624 5189; x_wconf 76' lang='grc' dir='ltr'>τὰς</span> <span class='ocrx_word' id='word_1_699' title='bbox 683 5126 944 5193; x_wconf 78' lang='grc' dir='ltr'>δυνάμεις</span> <span class='ocrx_word' id='word_1_700' title='bbox 994 5126 1322 5197; x_wconf 77' lang='grc' dir='ltr'>ὲρῤωμένως</span> <span class='ocrx_word' id='word_1_701' title='bbox 1367 5125 1690 5195; x_wconf 84' lang='grc' dir='ltr'>ἀθροίσασα,</span> <span class='ocrx_word' id='word_1_702' title='bbox 1746 5142 1924 5198; x_wconf 65' lang='grc' dir='ltr'>παραδ</span> 
     </span>
    </p>
   </div>
   <div class='ocr_carea' id='block_1_102' title="bbox 363 5217 1926 5288">
    <p class='ocr_par' dir='ltr' id='par_1_102' title="bbox 363 5217 1926 5288">
     <span class='ocr_line' id='line_1_102' title="bbox 363 5217 1926 5288; baseline 0.003 -20"><span class='ocrx_word' id='word_1_703' title='bbox 363 5217 550 5287; x_wconf 80' lang='grc' dir='ltr'>χρῆμα</span> <span class='ocrx_word' id='word_1_704' title='bbox 577 5217 674 5285; x_wconf 90' lang='grc' dir='ltr'><strong>τῆς</strong></span> <span class='ocrx_word' id='word_1_705' title='bbox 710 5217 1002 5287; x_wconf 78' lang='grc' dir='ltr'>στρωμνῆς</span> <span class='ocrx_word' id='word_1_706' title='bbox 1033 5218 1376 5288; x_wconf 75' lang='grc' dir='ltr'>ἀπεπήδησε.</span> <span class='ocrx_word' id='word_1_707' title='bbox 1403 5219 1637 5286; x_wconf 77' lang='grc' dir='ltr'>Λέγεται</span> <span class='ocrx_word' id='word_1_708' title='bbox 1657 5219 1702 5271; x_wconf 80' lang='grc' dir='ltr'>δ’</span> <span class='ocrx_word' id='word_1_709' title='bbox 1733 5220 1926 5273; x_wconf 76' lang='grc' dir='ltr'>ἔπειτα</span> 
     </span>
    </p>
   </div>
   <div class='ocr_carea' id='block_1_103' title="bbox 361 5310 1926 5380">
    <p class='ocr_par' dir='ltr' id='par_1_103' title="bbox 361 5310 1926 5380">
     <span class='ocr_line' id='line_1_103' title="bbox 361 5310 1926 5380; baseline 0.003 -19"><span class='ocrx_word' id='word_1_710' title='bbox 361 5312 457 5361; x_wconf 78' lang='grc' dir='ltr'>καὶ</span> <span class='ocrx_word' id='word_1_711' title='bbox 481 5311 661 5380; x_wconf 82' lang='grc' dir='ltr'>νεκρῷ</span> <span class='ocrx_word' id='word_1_712' title='bbox 694 5311 1039 5364; x_wconf 74' lang='grc' dir='ltr'>παντάπασιν</span> <span class='ocrx_word' id='word_1_713' title='bbox 1081 5310 1401 5364; x_wconf 67' lang='grc' dir='ltr'>ἐπιτεθέντα</span> <span class='ocrx_word' id='word_1_714' title='bbox 1451 5312 1544 5363; x_wconf 79' lang='grc' dir='ltr'>τὸν</span> <span class='ocrx_word' id='word_1_715' title='bbox 1582 5312 1724 5364; x_wconf 80' lang='grc' dir='ltr'>θεῖον</span> <span class='ocrx_word' id='word_1_716' title='bbox 1762 5328 1926 5364; x_wconf 85' lang='grc' dir='ltr'>σταυ-</span> 
     </span>
    </p>
   </div>
   <div class='ocr_carea' id='block_1_104' title="bbox 363 5402 1925 5479">
    <p class='ocr_par' dir='ltr' id='par_1_104' title="bbox 363 5402 1925 5479">
     <span class='ocr_line' id='line_1_104' title="bbox 363 5402 1925 5479; baseline 0.001 -24"><span class='ocrx_word' id='word_1_717' title='bbox 363 5403 454 5474; x_wconf 72' lang='grc' dir='ltr'>ρὸν</span> <span class='ocrx_word' id='word_1_718' title='bbox 482 5403 781 5458; x_wconf 73' lang='grc' dir='ltr'>ἀναϐιῶναι</span> <span class='ocrx_word' id='word_1_719' title='bbox 810 5404 874 5456; x_wconf 83' lang='grc' dir='ltr'>ὲκ</span> <span class='ocrx_word' id='word_1_720' title='bbox 923 5402 1018 5457; x_wconf 84' lang='grc' dir='ltr'><strong>τοῦ</strong></span> <span class='ocrx_word' id='word_1_721' title='bbox 1053 5404 1274 5458; x_wconf 80' lang='grc' dir='ltr'>αὐτίκα.</span> <span class='ocrx_word' id='word_1_722' title='bbox 1308 5404 1417 5456; x_wconf 78' lang='grc' dir='ltr'><strong>Καὶ</strong></span> <span class='ocrx_word' id='word_1_723' title='bbox 1459 5402 1649 5479; x_wconf 82' lang='grc' dir='ltr'>τοῦτον</span> <span class='ocrx_word' id='word_1_724' title='bbox 1694 5408 1795 5475; x_wconf 74' lang='grc' dir='ltr'>μὲν</span> <span class='ocrx_word' id='word_1_725' title='bbox 1834 5406 1925 5457; x_wconf 69' lang='grc' dir='ltr'><strong>τὸν</strong></span> 
     </span>
    </p>
   </div>
   <div class='ocr_carea' id='block_1_105' title="bbox 2033 4561 3599 4641">
    <p class='ocr_par' dir='ltr' id='par_1_105' title="bbox 2033 4561 3599 4641">
     <span class='ocr_line' id='line_1_105' title="bbox 2033 4561 3599 4641; baseline 0.011 -31"><span class='ocrx_word' id='word_1_726' title='bbox 2033 4563 2145 4611; x_wconf 89' lang='lat' dir='ltr'><strong>tem</strong></span> <span class='ocrx_word' id='word_1_727' title='bbox 2177 4569 2494 4628; x_wconf 81' lang='lat' dir='ltr'><strong>exceperat.</strong></span> <span class='ocrx_word' id='word_1_728' title='bbox 2520 4561 2717 4617; x_wconf 75' lang='lat' dir='ltr'><strong>Mulier</strong></span> <span class='ocrx_word' id='word_1_729' title='bbox 2749 4564 3002 4634; x_wconf 73' lang='lat' dir='ltr'><strong>quaedam</strong></span> <span class='ocrx_word' id='word_1_730' title='bbox 3028 4566 3264 4626; x_wconf 87' lang='lat' dir='ltr'><strong>honesto</strong></span> <span class='ocrx_word' id='word_1_731' title='bbox 3295 4570 3420 4626; x_wconf 91' lang='lat' dir='ltr'><strong>loco</strong></span> <span class='ocrx_word' id='word_1_732' title='bbox 3446 4585 3599 4641; x_wconf 84' lang='lat' dir='ltr'><strong>nata,</strong></span> 
     </span>
    </p>
   </div>
   <div class='ocr_carea' id='block_1_106' title="bbox 2031 4648 3602 4734">
    <p class='ocr_par' dir='ltr' id='par_1_106' title="bbox 2031 4648 3602 4734">
     <span class='ocr_line' id='line_1_106' title="bbox 2031 4648 3602 4734; baseline 0.011 -31"><span class='ocrx_word' id='word_1_733' title='bbox 2031 4648 2184 4719; x_wconf 88' lang='lat' dir='ltr'><strong>gravi</strong></span> <span class='ocrx_word' id='word_1_734' title='bbox 2212 4664 2480 4722; x_wconf 84' lang='lat' dir='ltr'><strong>oppressa</strong></span> <span class='ocrx_word' id='word_1_735' title='bbox 2515 4656 2733 4723; x_wconf 88' lang='lat' dir='ltr'><strong>morbo,</strong></span> <span class='ocrx_word' id='word_1_736' title='bbox 2765 4665 3015 4717; x_wconf 82' lang='lat' dir='ltr'><strong>extremo</strong></span> <span class='ocrx_word' id='word_1_737' title='bbox 3060 4660 3346 4717; x_wconf 88' lang='lat' dir='ltr'><strong>laborabat</strong></span> <span class='ocrx_word' id='word_1_738' title='bbox 3375 4665 3602 4734; x_wconf 87' lang='lat' dir='ltr'><strong>pericu-</strong></span> 
     </span>
    </p>
   </div>
   <div class='ocr_carea' id='block_1_107' title="bbox 2032 4741 3595 4812">
    <p class='ocr_par' dir='ltr' id='par_1_107' title="bbox 2032 4741 3595 4812">
     <span class='ocr_line' id='line_1_107' title="bbox 2032 4741 3595 4812; baseline 0.009 -15"><span class='ocrx_word' id='word_1_739' title='bbox 2032 4741 2087 4798; x_wconf 91' lang='lat' dir='ltr'><strong>lo</strong></span> <span class='ocrx_word' id='word_1_740' title='bbox 2112 4761 2129 4799; x_wconf 87' lang='lat'><strong>:</strong></span> <span class='ocrx_word' id='word_1_741' title='bbox 2154 4745 2223 4799; x_wconf 89' lang='lat' dir='ltr'><strong>ad</strong></span> <span class='ocrx_word' id='word_1_742' title='bbox 2255 4743 2401 4800; x_wconf 88' lang='lat' dir='ltr'><strong>hanc</strong></span> <span class='ocrx_word' id='word_1_743' title='bbox 2433 4746 2703 4804; x_wconf 81' lang='lat' dir='ltr'><strong>Macarius</strong></span> <span class='ocrx_word' id='word_1_744' title='bbox 2735 4763 2845 4805; x_wconf 88' lang='lat' dir='ltr'><strong>una</strong></span> <span class='ocrx_word' id='word_1_745' title='bbox 2877 4767 3003 4806; x_wconf 89' lang='lat' dir='ltr'><strong>cum</strong></span> <span class='ocrx_word' id='word_1_746' title='bbox 3037 4751 3244 4810; x_wconf 75' lang='lat' dir='ltr'><strong>Helena</strong></span> <span class='ocrx_word' id='word_1_747' title='bbox 3274 4758 3595 4812; x_wconf 86' lang='lat' dir='ltr'><strong>comitibus-</strong></span> 
     </span>
    </p>
   </div>
   <div class='ocr_carea' id='block_1_108' title="bbox 2032 4836 3606 4918">
    <p class='ocr_par' dir='ltr' id='par_1_108' title="bbox 2032 4836 3606 4918">
     <span class='ocr_line' id='line_1_108' title="bbox 2032 4836 3606 4918; baseline 0.011 -28"><span class='ocrx_word' id='word_1_748' title='bbox 2032 4852 2142 4907; x_wconf 87' lang='lat' dir='ltr'><strong>que</strong></span> <span class='ocrx_word' id='word_1_749' title='bbox 2176 4836 2299 4908; x_wconf 81' lang='lat' dir='ltr'><strong>ejus</strong></span> <span class='ocrx_word' id='word_1_750' title='bbox 2326 4840 2497 4906; x_wconf 88' lang='lat' dir='ltr'><strong>venit,</strong></span> <span class='ocrx_word' id='word_1_751' title='bbox 2534 4851 2592 4897; x_wconf 92' lang='lat' dir='ltr'><strong>et</strong></span> <span class='ocrx_word' id='word_1_752' title='bbox 2635 4843 2853 4913; x_wconf 84' lang='lat' dir='ltr'><strong>signum</strong></span> <span class='ocrx_word' id='word_1_753' title='bbox 2883 4846 2979 4900; x_wconf 86' lang='lat' dir='ltr'><strong>ille</strong></span> <span class='ocrx_word' id='word_1_754' title='bbox 3009 4846 3188 4913; x_wconf 85' lang='lat' dir='ltr'><strong>dedit,</strong></span> <span class='ocrx_word' id='word_1_755' title='bbox 3223 4865 3343 4918; x_wconf 86' lang='lat' dir='ltr'><strong>quae</strong></span> <span class='ocrx_word' id='word_1_756' title='bbox 3368 4867 3433 4904; x_wconf 81' lang='lat' dir='ltr'><strong>ex</strong></span> <span class='ocrx_word' id='word_1_757' title='bbox 3473 4867 3606 4907; x_wconf 89' lang='lat' dir='ltr'><strong>cru-</strong></span> 
     </span>
    </p>
   </div>
   <div class='ocr_carea' id='block_1_109' title="bbox 2033 4930 3600 5010">
    <p class='ocr_par' dir='ltr' id='par_1_109' title="bbox 2033 4930 3600 5010">
     <span class='ocr_line' id='line_1_109' title="bbox 2033 4930 3600 5010; baseline 0.007 -24"><span class='ocrx_word' id='word_1_758' title='bbox 2033 4930 2191 4987; x_wconf 89' lang='lat' dir='ltr'><strong>cibus</strong></span> <span class='ocrx_word' id='word_1_759' title='bbox 2248 4931 2372 4988; x_wconf 86' lang='lat' dir='ltr'><strong>istis</strong></span> <span class='ocrx_word' id='word_1_760' title='bbox 2420 4934 2641 4991; x_wconf 70' lang='lat' dir='ltr'><strong>feminae</strong></span> <span class='ocrx_word' id='word_1_761' title='bbox 2685 4946 2908 5008; x_wconf 72' lang='lat' dir='ltr'><strong>aegrota:</strong></span> <span class='ocrx_word' id='word_1_762' title='bbox 2959 4937 3218 5009; x_wconf 77' lang='lat' dir='ltr'><strong>imposita</strong></span> <span class='ocrx_word' id='word_1_763' title='bbox 3285 4940 3600 5010; x_wconf 81' lang='lat' dir='ltr'><strong>periculum</strong></span> 
     </span>
    </p>
   </div>
   <div class='ocr_carea' id='block_1_110' title="bbox 2032 5029 3602 5105">
    <p class='ocr_par' dir='ltr' id='par_1_110' title="bbox 2032 5029 3602 5105">
     <span class='ocr_line' id='line_1_110' title="bbox 2032 5029 3602 5105; baseline 0.006 -24"><span class='ocrx_word' id='word_1_764' title='bbox 2032 5030 2262 5082; x_wconf 90' lang='lat' dir='ltr'><strong>omnino</strong></span> <span class='ocrx_word' id='word_1_765' title='bbox 2288 5029 2608 5097; x_wconf 90' lang='lat' dir='ltr'><strong>discuteret,</strong></span> <span class='ocrx_word' id='word_1_766' title='bbox 2629 5047 2751 5087; x_wconf 90' lang='lat' dir='ltr'><strong>eam</strong></span> <span class='ocrx_word' id='word_1_767' title='bbox 2773 5033 2980 5089; x_wconf 78' lang='lat' dir='ltr'><strong>ChriSti</strong></span> <span class='ocrx_word' id='word_1_768' title='bbox 3008 5050 3230 5089; x_wconf 87' lang='lat' dir='ltr'><strong>crucem</strong></span> <span class='ocrx_word' id='word_1_769' title='bbox 3251 5050 3395 5090; x_wconf 89' lang='lat' dir='ltr'><strong>esse.</strong></span> <span class='ocrx_word' id='word_1_770' title='bbox 3420 5036 3602 5105; x_wconf 79' lang='lat' dir='ltr'><strong>Atque</strong></span> 
     </span>
    </p>
   </div>
   <div class='ocr_carea' id='block_1_111' title="bbox 2033 5120 3603 5194">
    <p class='ocr_par' dir='ltr' id='par_1_111' title="bbox 2033 5120 3603 5194">
     <span class='ocr_line' id='line_1_111' title="bbox 2033 5120 3603 5194; baseline 0.008 -22"><span class='ocrx_word' id='word_1_771' title='bbox 2033 5120 2353 5189; x_wconf 88' lang='lat' dir='ltr'><strong>precatione</strong></span> <span class='ocrx_word' id='word_1_772' title='bbox 2400 5122 2541 5178; x_wconf 81' lang='lat' dir='ltr'><strong>facta</strong></span> <span class='ocrx_word' id='word_1_773' title='bbox 2568 5162 2585 5187; x_wconf 89' lang='lat'><strong>,</strong></span> <span class='ocrx_word' id='word_1_774' title='bbox 2634 5140 2855 5182; x_wconf 89' lang='lat' dir='ltr'><strong>crucem</strong></span> <span class='ocrx_word' id='word_1_775' title='bbox 2892 5126 3202 5194; x_wconf 87' lang='lat' dir='ltr'><strong>quamlibet</strong></span> <span class='ocrx_word' id='word_1_776' title='bbox 3242 5127 3472 5182; x_wconf 91' lang='lat' dir='ltr'><strong>seorsim</strong></span> <span class='ocrx_word' id='word_1_777' title='bbox 3510 5130 3603 5184; x_wconf 90' lang='lat' dir='ltr'><strong>ille</strong></span> 
     </span>
    </p>
   </div>
   <div class='ocr_carea' id='block_1_112' title="bbox 2039 5212 3604 5286">
    <p class='ocr_par' dir='ltr' id='par_1_112' title="bbox 2039 5212 3604 5286">
     <span class='ocr_line' id='line_1_112' title="bbox 2039 5212 3604 5286; baseline 0.008 -22"><span class='ocrx_word' id='word_1_778' title='bbox 2039 5212 2316 5267; x_wconf 89' lang='lat' dir='ltr'><strong>adhibuit.</strong></span> <span class='ocrx_word' id='word_1_779' title='bbox 2341 5215 2406 5269; x_wconf 85' lang='lat' dir='ltr'><strong>Et</strong></span> <span class='ocrx_word' id='word_1_780' title='bbox 2429 5216 2646 5270; x_wconf 88' lang='lat' dir='ltr'><strong>duabus</strong></span> <span class='ocrx_word' id='word_1_781' title='bbox 2672 5217 2908 5273; x_wconf 86' lang='lat' dir='ltr'><strong>admotis</strong></span> <span class='ocrx_word' id='word_1_782' title='bbox 2939 5220 3039 5286; x_wconf 81' lang='lat' dir='ltr'><strong>(l),</strong></span> <span class='ocrx_word' id='word_1_783' title='bbox 3078 5222 3132 5273; x_wconf 91' lang='lat' dir='ltr'><strong>in</strong></span> <span class='ocrx_word' id='word_1_784' title='bbox 3167 5220 3361 5275; x_wconf 90' lang='lat' dir='ltr'><strong>eodem</strong></span> <span class='ocrx_word' id='word_1_785' title='bbox 3400 5222 3604 5278; x_wconf 83' lang='lat' dir='ltr'><strong>nihilo-</strong></span> 
     </span>
    </p>
   </div>
   <div class='ocr_carea' id='block_1_113' title="bbox 2034 5302 3603 5382">
    <p class='ocr_par' dir='ltr' id='par_1_113' title="bbox 2034 5302 3603 5382">
     <span class='ocr_line' id='line_1_113' title="bbox 2034 5302 3603 5382; baseline 0.008 -27"><span class='ocrx_word' id='word_1_786' title='bbox 2034 5302 2219 5359; x_wconf 89' lang='lat' dir='ltr'><strong>minus</strong></span> <span class='ocrx_word' id='word_1_787' title='bbox 2253 5305 2449 5358; x_wconf 86' lang='lat' dir='ltr'><strong>mulier</strong></span> <span class='ocrx_word' id='word_1_788' title='bbox 2481 5307 2804 5375; x_wconf 80' lang='lat' dir='ltr'><strong>discrimine</strong></span> <span class='ocrx_word' id='word_1_789' title='bbox 2837 5310 3063 5371; x_wconf 86' lang='lat' dir='ltr'><strong>mansit,</strong></span> <span class='ocrx_word' id='word_1_790' title='bbox 3103 5310 3230 5371; x_wconf 59' lang='lat' dir='ltr'><strong>vitae</strong></span> <span class='ocrx_word' id='word_1_791' title='bbox 3254 5312 3366 5380; x_wconf 86' lang='lat' dir='ltr'><strong>jam</strong></span> <span class='ocrx_word' id='word_1_792' title='bbox 3406 5312 3603 5382; x_wconf 75' lang='lat' dir='ltr'><strong>despe-</strong></span> 
     </span>
    </p>
   </div>
   <div class='ocr_carea' id='block_1_114' title="bbox 2035 5393 3601 5472">
    <p class='ocr_par' dir='ltr' id='par_1_114' title="bbox 2035 5393 3601 5472">
     <span class='ocr_line' id='line_1_114' title="bbox 2035 5393 3601 5472; baseline 0.007 -25"><span class='ocrx_word' id='word_1_793' title='bbox 2035 5405 2196 5460; x_wconf 69' lang='lat' dir='ltr'><strong>ratae;</strong></span> <span class='ocrx_word' id='word_1_794' title='bbox 2235 5393 2311 5450; x_wconf 60' lang='lat' dir='ltr'><strong>&#39;ut</strong></span> <span class='ocrx_word' id='word_1_795' title='bbox 2359 5407 2542 5451; x_wconf 87' lang='lat' dir='ltr'><strong>autem</strong></span> <span class='ocrx_word' id='word_1_796' title='bbox 2591 5413 2782 5454; x_wconf 87' lang='lat' dir='ltr'><strong>verum</strong></span> <span class='ocrx_word' id='word_1_797' title='bbox 2816 5400 2866 5453; x_wconf 88' lang='lat' dir='ltr'><strong>ei</strong></span> <span class='ocrx_word' id='word_1_798' title='bbox 2914 5402 3179 5471; x_wconf 87' lang='lat' dir='ltr'><strong>imposuit</strong></span> <span class='ocrx_word' id='word_1_799' title='bbox 3213 5403 3422 5472; x_wconf 81' lang='lat' dir='ltr'><strong>lignum</strong></span> <span class='ocrx_word' id='word_1_800' title='bbox 3451 5446 3466 5465; x_wconf 87' lang='lat'><strong>.</strong></span> <span class='ocrx_word' id='word_1_801' title='bbox 3505 5421 3601 5458; x_wconf 83' lang='lat' dir='ltr'><strong>su-</strong></span> 
     </span>
    </p>
   </div>
   <div class='ocr_carea' id='block_1_115' title="bbox 357 5486 1933 5567">
    <p class='ocr_par' dir='ltr' id='par_1_115' title="bbox 357 5495 1928 5567">
     <span class='ocr_line' id='line_1_115' title="bbox 357 5495 1928 5567; baseline 0.001 -18"><span class='ocrx_word' id='word_1_802' title='bbox 357 5499 559 5567; x_wconf 84' lang='grc' dir='ltr'>τρόπον</span> <span class='ocrx_word' id='word_1_803' title='bbox 608 5497 670 5550; x_wconf 81' lang='grc' dir='ltr'>τὸ</span> <span class='ocrx_word' id='word_1_804' title='bbox 721 5496 1012 5549; x_wconf 81' lang='grc' dir='ltr'>θεσπέσιον</span> <span class='ocrx_word' id='word_1_805' title='bbox 1078 5495 1322 5566; x_wconf 70' lang='grc' dir='ltr'>ἐμφανὲς</span> <span class='ocrx_word' id='word_1_806' title='bbox 1383 5495 1712 5567; x_wconf 82' lang='grc' dir='ltr'>γεγενῆσθαι</span> <span class='ocrx_word' id='word_1_807' title='bbox 1768 5495 1928 5562; x_wconf 83' lang='grc' dir='ltr'>ξύλον</span> 
     </span>
    </p>
   </div>
   <div class='ocr_carea' id='block_1_116' title="bbox 2032 5486 3597 5567">
    <p class='ocr_par' dir='ltr' id='par_1_116' title="bbox 2034 5486 3597 5563">
     <span class='ocr_line' id='line_1_116' title="bbox 2034 5486 3597 5563; baseline 0.006 -22"><span class='ocrx_word' id='word_1_808' title='bbox 2034 5486 2152 5542; x_wconf 91' lang='lat' dir='ltr'><strong>bito</strong></span> <span class='ocrx_word' id='word_1_809' title='bbox 2214 5489 2309 5545; x_wconf 88' lang='lat' dir='ltr'><strong>illa</strong></span> <span class='ocrx_word' id='word_1_810' title='bbox 2363 5491 2627 5561; x_wconf 81' lang='lat' dir='ltr'><strong>respexit,</strong></span> <span class='ocrx_word' id='word_1_811' title='bbox 2673 5493 2996 5563; x_wconf 89' lang='lat' dir='ltr'><strong>viribusque</strong></span> <span class='ocrx_word' id='word_1_812' title='bbox 3048 5496 3280 5552; x_wconf 84' lang='lat' dir='ltr'><strong>ﬁrmiter</strong></span> <span class='ocrx_word' id='word_1_813' title='bbox 3327 5497 3597 5558; x_wconf 81' lang='lat' dir='ltr'><strong>collectis,</strong></span> 
     </span>
    </p>
   </div>
   <div class='ocr_carea' id='block_1_117' title="bbox 362 5583 1927 5660">
    <p class='ocr_par' dir='ltr' id='par_1_117' title="bbox 362 5583 1927 5660">
     <span class='ocr_line' id='line_1_117' title="bbox 362 5583 1927 5660; baseline 0 -20"><span class='ocrx_word' id='word_1_814' title='bbox 362 5591 665 5660; x_wconf 78' lang='grc' dir='ltr'>ἱστόρηται.</span> <span class='ocrx_word' id='word_1_815' title='bbox 704 5583 778 5643; x_wconf 75' lang='grc' dir='ltr'>Οὖ</span> <span class='ocrx_word' id='word_1_816' title='bbox 817 5588 982 5660; x_wconf 88' lang='grc' dir='ltr'>μέρος</span> <span class='ocrx_word' id='word_1_817' title='bbox 1010 5588 1069 5641; x_wconf 76' lang='grc' dir='ltr'>τὸ</span> <span class='ocrx_word' id='word_1_818' title='bbox 1100 5590 1348 5641; x_wconf 81' lang='grc' dir='ltr'>πλεῖστον</span> <span class='ocrx_word' id='word_1_819' title='bbox 1378 5592 1408 5658; x_wconf 78' lang='grc' dir='ltr'><strong>ἡ</strong></span> <span class='ocrx_word' id='word_1_820' title='bbox 1440 5589 1557 5641; x_wconf 87' lang='grc' dir='ltr'>θεία</span> <span class='ocrx_word' id='word_1_821' title='bbox 1598 5586 1788 5658; x_wconf 84' lang='grc' dir='ltr'>Ἑλένη</span> <span class='ocrx_word' id='word_1_822' title='bbox 1825 5589 1927 5658; x_wconf 85' lang='grc' dir='ltr'><strong>ἁρ-</strong></span> 
     </span>
    </p>
   </div>
   <div class='ocr_carea' id='block_1_118' title="bbox 360 5680 1925 5751">
    <p class='ocr_par' dir='ltr' id='par_1_118' title="bbox 360 5680 1925 5751">
     <span class='ocr_line' id='line_1_118' title="bbox 360 5680 1925 5751; baseline -0.002 -18"><span class='ocrx_word' id='word_1_823' title='bbox 360 5684 502 5751; x_wconf 77' lang='grc' dir='ltr'><strong>γυμᾴ</strong></span> <span class='ocrx_word' id='word_1_824' title='bbox 536 5681 929 5749; x_wconf 76' lang='grc' dir='ltr'>περικλείσασα</span> <span class='ocrx_word' id='word_1_825' title='bbox 957 5681 1122 5751; x_wconf 76' lang='grc' dir='ltr'>θήκῃ,</span> <span class='ocrx_word' id='word_1_826' title='bbox 1162 5680 1237 5750; x_wconf 84' lang='grc' dir='ltr'>τῷ</span> <span class='ocrx_word' id='word_1_827' title='bbox 1270 5680 1558 5748; x_wconf 76' lang='grc' dir='ltr'>ὲπισκόπῳ</span> <span class='ocrx_word' id='word_1_828' title='bbox 1589 5682 1669 5741; x_wconf 82' lang='grc' dir='ltr'><strong>είς</strong></span> <span class='ocrx_word' id='word_1_829' title='bbox 1703 5680 1925 5749; x_wconf 82' lang='grc' dir='ltr'>μνήμην</span> 
     </span>
    </p>
   </div>
   <div class='ocr_carea' id='block_1_119' title="bbox 427 5791 1780 5863">
    <p class='ocr_par' dir='ltr' id='par_1_119' title="bbox 427 5791 1780 5863">
     <span class='ocr_line' id='line_1_119' title="bbox 427 5791 1780 5863; baseline -0.001 -16"><span class='ocrx_word' id='word_1_830' title='bbox 427 5798 502 5859; x_wconf 81' lang='grc' dir='ltr'><strong>(ι)</strong></span> <span class='ocrx_word' id='word_1_831' title='bbox 543 5792 770 5849; x_wconf 76' lang='lat' dir='ltr'><strong>Ruﬁnus</strong></span> <span class='ocrx_word' id='word_1_832' title='bbox 804 5794 860 5849; x_wconf 87' lang='lat' dir='ltr'><strong>in</strong></span> <span class='ocrx_word' id='word_1_833' title='bbox 901 5793 1098 5850; x_wconf 77' lang='lat' dir='ltr'><strong>Eccles.</strong></span> <span class='ocrx_word' id='word_1_834' title='bbox 1138 5795 1377 5859; x_wconf 72' lang='lat' dir='ltr'><strong>historia,</strong></span> <span class='ocrx_word' id='word_1_835' title='bbox 1419 5808 1538 5863; x_wconf 85' lang='lat' dir='ltr'><strong>cap.</strong></span> <span class='ocrx_word' id='word_1_836' title='bbox 1578 5792 1609 5845; x_wconf 88' lang='lat'><strong>7</strong></span> <span class='ocrx_word' id='word_1_837' title='bbox 1639 5803 1695 5846; x_wconf 84' lang='lat' dir='ltr'><strong>et</strong></span> <span class='ocrx_word' id='word_1_838' title='bbox 1726 5791 1780 5846; x_wconf 87' lang='lat'><strong>8.</strong></span> 
     </span>
    </p>
   </div>
   <div class='ocr_carea' id='block_1_120' title="bbox 2035 5581 3603 5659">
    <p class='ocr_par' dir='ltr' id='par_1_120' title="bbox 2035 5581 3603 5659">
     <span class='ocr_line' id='line_1_120' title="bbox 2035 5581 3603 5659; baseline 0.004 -25"><span class='ocrx_word' id='word_1_839' title='bbox 2035 5581 2177 5636; x_wconf 89' lang='lat' dir='ltr'><strong>lecto</strong></span> <span class='ocrx_word' id='word_1_840' title='bbox 2210 5581 2396 5636; x_wconf 85' lang='lat' dir='ltr'><strong>statim</strong></span> <span class='ocrx_word' id='word_1_841' title='bbox 2427 5583 2672 5637; x_wconf 80' lang='lat' dir='ltr'><strong>exsiluit.</strong></span> <span class='ocrx_word' id='word_1_842' title='bbox 2710 5586 2910 5640; x_wconf 84' lang='lat' dir='ltr'><strong>Dicunt</strong></span> <span class='ocrx_word' id='word_1_843' title='bbox 2939 5603 3183 5658; x_wconf 85' lang='lat' dir='ltr'><strong>quoque,</strong></span> <span class='ocrx_word' id='word_1_844' title='bbox 3233 5598 3422 5659; x_wconf 88' lang='lat' dir='ltr'><strong>postea</strong></span> <span class='ocrx_word' id='word_1_845' title='bbox 3454 5604 3603 5645; x_wconf 82' lang='lat' dir='ltr'><strong>mur-</strong></span> 
     </span>
    </p>
   </div>
   <div class='ocr_carea' id='block_1_121' title="bbox 2035 5677 3597 5747">
    <p class='ocr_par' dir='ltr' id='par_1_121' title="bbox 2035 5677 3597 5747">
     <span class='ocr_line' id='line_1_121' title="bbox 2035 5677 3597 5747; baseline 0.003 -21"><span class='ocrx_word' id='word_1_846' title='bbox 2035 5681 2130 5727; x_wconf 88' lang='lat' dir='ltr'><strong>tuo</strong></span> <span class='ocrx_word' id='word_1_847' title='bbox 2183 5686 2413 5743; x_wconf 86' lang='lat' dir='ltr'><strong>prorsus</strong></span> <span class='ocrx_word' id='word_1_848' title='bbox 2461 5689 2682 5731; x_wconf 88' lang='lat' dir='ltr'><strong>crucem</strong></span> <span class='ocrx_word' id='word_1_849' title='bbox 2735 5677 3071 5747; x_wconf 84' lang='lat' dir='ltr'><strong>impositam,</strong></span> <span class='ocrx_word' id='word_1_850' title='bbox 3112 5682 3167 5735; x_wconf 90' lang='lat' dir='ltr'><strong>in</strong></span> <span class='ocrx_word' id='word_1_851' title='bbox 3224 5682 3392 5736; x_wconf 84' lang='lat' dir='ltr'><strong>vitam</strong></span> <span class='ocrx_word' id='word_1_852' title='bbox 3444 5679 3597 5735; x_wconf 82' lang='lat' dir='ltr'><strong>illum</strong></span> 
     </span>
    </p>
   </div>
  </div>
