  <div class='ocr_page' id='page_1' title='image "/cluster/home/n/w/nwhite01/storage/ocr_20150623/146/hvd.32044019208347/064.png"; bbox 0 0 4062 6552; ppageno 0'>
   <div class='ocr_carea' id='block_1_1' title="bbox 285 513 430 628">
    <p class='ocr_par' dir='ltr' id='par_1_1' title="bbox 285 513 430 628">
     <span class='ocr_line' id='line_1_1' title="bbox 285 513 430 628; baseline 0.014 -3"><span class='ocrx_word' id='word_1_1' title='bbox 285 513 430 628; x_wconf 68' lang='grc' dir='ltr'><strong>ιιι</strong></span> 
     </span>
    </p>
   </div>
   <div class='ocr_carea' id='block_1_2' title="bbox 1176 561 2589 627">
    <p class='ocr_par' dir='ltr' id='par_1_2' title="bbox 1176 561 2589 627">
     <span class='ocr_line' id='line_1_2' title="bbox 1176 561 2589 627; baseline 0.001 -3"><span class='ocrx_word' id='word_1_2' title='bbox 1176 561 1779 624; x_wconf 60' lang='lat' dir='ltr'><strong>ECCLESIASTICJS</strong></span> <span class='ocrx_word' id='word_1_3' title='bbox 1819 563 2204 624; x_wconf 71' lang='lat' dir='ltr'><strong>HISTORLE</strong></span> <span class='ocrx_word' id='word_1_4' title='bbox 2244 565 2386 627; x_wconf 85' lang='lat' dir='ltr'><strong>LIB.</strong></span> <span class='ocrx_word' id='word_1_5' title='bbox 2422 563 2589 626; x_wconf 83' lang='lat' dir='ltr'><strong>VIII.</strong></span> 
     </span>
    </p>
   </div>
   <div class='ocr_carea' id='block_1_3' title="bbox 3451 554 3547 616">
    <p class='ocr_par' dir='ltr' id='par_1_3' title="bbox 3451 554 3547 616">
     <span class='ocr_line' id='line_1_3' title="bbox 3451 554 3547 616; baseline -0.042 0"><span class='ocrx_word' id='word_1_6' title='bbox 3451 554 3547 616; x_wconf 74' lang='lat' dir='ltr'><strong>Il&#39;t</strong></span> 
     </span>
    </p>
   </div>
   <div class='ocr_carea' id='block_1_4' title="bbox 287 675 1865 754">
    <p class='ocr_par' dir='ltr' id='par_1_4' title="bbox 287 675 1865 754">
     <span class='ocr_line' id='line_1_4' title="bbox 287 675 1865 754; baseline -0.001 -20"><span class='ocrx_word' id='word_1_7' title='bbox 287 683 491 753; x_wconf 87' lang='grc' dir='ltr'><strong>μιλίοις</strong></span> <span class='ocrx_word' id='word_1_8' title='bbox 521 681 692 752; x_wconf 82' lang='grc' dir='ltr'><strong>διέχει</strong></span> <span class='ocrx_word' id='word_1_9' title='bbox 722 683 821 754; x_wconf 81' lang='grc' dir='ltr'><strong>τῆς</strong></span> <span class='ocrx_word' id='word_1_10' title='bbox 887 679 1115 746; x_wconf 82' lang='grc' dir='ltr'><strong>πόλεως,</strong></span> <span class='ocrx_word' id='word_1_11' title='bbox 1167 683 1225 734; x_wconf 85' lang='grc' dir='ltr'><strong>ὲν</strong></span> <span class='ocrx_word' id='word_1_12' title='bbox 1275 675 1318 749; x_wconf 83' lang='grc' dir='ltr'>ᾧ</span> <span class='ocrx_word' id='word_1_13' title='bbox 1346 679 1441 735; x_wconf 77' lang='grc' dir='ltr'><strong>τοῦ</strong></span> <span class='ocrx_word' id='word_1_14' title='bbox 1475 681 1865 750; x_wconf 75' lang='grc' dir='ltr'><strong>θυσιαστηρίου</strong></span> 
     </span>
    </p>
   </div>
   <div class='ocr_carea' id='block_1_5' title="bbox 1969 675 3544 754">
    <p class='ocr_par' dir='ltr' id='par_1_5' title="bbox 1972 679 3544 753">
     <span class='ocr_line' id='line_1_5' title="bbox 1972 679 3544 753; baseline -0.005 -17"><span class='ocrx_word' id='word_1_15' title='bbox 1972 683 2039 736; x_wconf 88' lang='lat' dir='ltr'><strong>ad</strong></span> <span class='ocrx_word' id='word_1_16' title='bbox 2092 698 2213 738; x_wconf 90' lang='lat' dir='ltr'><strong>eam</strong></span> <span class='ocrx_word' id='word_1_17' title='bbox 2260 683 2318 737; x_wconf 93' lang='lat' dir='ltr'><strong>in</strong></span> <span class='ocrx_word' id='word_1_18' title='bbox 2375 700 2485 753; x_wconf 89' lang='lat' dir='ltr'><strong>qua</strong></span> <span class='ocrx_word' id='word_1_19' title='bbox 2546 682 2802 738; x_wconf 89' lang='lat' dir='ltr'><strong>Christus</strong></span> <span class='ocrx_word' id='word_1_20' title='bbox 2853 689 3016 734; x_wconf 85' lang='lat' dir='ltr'><strong>natus</strong></span> <span class='ocrx_word' id='word_1_21' title='bbox 3069 691 3154 735; x_wconf 92' lang='lat' dir='ltr'><strong>est</strong></span> <span class='ocrx_word' id='word_1_22' title='bbox 3204 679 3544 749; x_wconf 86' lang='lat' dir='ltr'><strong>speluncam,</strong></span> 
     </span>
    </p>
   </div>
   <div class='ocr_carea' id='block_1_6' title="bbox 283 769 1864 847">
    <p class='ocr_par' dir='ltr' id='par_1_6' title="bbox 283 769 1864 847">
     <span class='ocr_line' id='line_1_6' title="bbox 283 769 1864 847; baseline -0.003 -22"><span class='ocrx_word' id='word_1_23' title='bbox 283 772 464 844; x_wconf 79' lang='grc' dir='ltr'><strong>χαμαὶ</strong></span> <span class='ocrx_word' id='word_1_24' title='bbox 498 772 602 840; x_wconf 75' lang='grc' dir='ltr'><strong>τὴν</strong></span> <span class='ocrx_word' id='word_1_25' title='bbox 634 773 843 843; x_wconf 84' lang='grc' dir='ltr'><strong>φάτνην</strong></span> <span class='ocrx_word' id='word_1_26' title='bbox 867 772 962 826; x_wconf 79' lang='grc' dir='ltr'><strong>καὶ</strong></span> <span class='ocrx_word' id='word_1_27' title='bbox 989 771 1046 824; x_wconf 80' lang='grc' dir='ltr'><strong>τὸ</strong></span> <span class='ocrx_word' id='word_1_28' title='bbox 1078 771 1218 824; x_wconf 85' lang='grc' dir='ltr'><strong>θεῖον</strong></span> <span class='ocrx_word' id='word_1_29' title='bbox 1245 770 1511 840; x_wconf 86' lang='grc' dir='ltr'><strong>σπήλαιον</strong></span> <span class='ocrx_word' id='word_1_30' title='bbox 1552 769 1864 847; x_wconf 70' lang='grc' dir='ltr'><strong>περιέσχεν*</strong></span> 
     </span>
    </p>
   </div>
   <div class='ocr_carea' id='block_1_7' title="bbox 283 857 1865 934">
    <p class='ocr_par' dir='ltr' id='par_1_7' title="bbox 283 857 1865 934">
     <span class='ocr_line' id='line_1_7' title="bbox 283 857 1865 934; baseline -0.004 -17"><span class='ocrx_word' id='word_1_31' title='bbox 283 865 478 933; x_wconf 80' lang='grc' dir='ltr'><strong>ἑτέραν</strong></span> <span class='ocrx_word' id='word_1_32' title='bbox 499 864 547 917; x_wconf 89' lang='grc' dir='ltr'><strong>δ’</strong></span> <span class='ocrx_word' id='word_1_33' title='bbox 573 866 630 917; x_wconf 78' lang='grc' dir='ltr'><strong>ἐν</strong></span> <span class='ocrx_word' id='word_1_34' title='bbox 652 865 731 934; x_wconf 83' lang='grc' dir='ltr'><strong>τῷ</strong></span> <span class='ocrx_word' id='word_1_35' title='bbox 758 864 865 916; x_wconf 83' lang='grc' dir='ltr'><strong>τῶν</strong></span> <span class='ocrx_word' id='word_1_36' title='bbox 898 857 1123 916; x_wconf 81' lang='grc' dir='ltr'>Ἐλαιῶν</span> <span class='ocrx_word' id='word_1_37' title='bbox 1146 863 1263 934; x_wconf 75' lang='grc' dir='ltr'><strong>ὄρει</strong></span> <span class='ocrx_word' id='word_1_38' title='bbox 1294 861 1429 932; x_wconf 83' lang='grc' dir='ltr'><strong>πρὸς</strong></span> <span class='ocrx_word' id='word_1_39' title='bbox 1463 863 1528 932; x_wconf 80' lang='grc' dir='ltr'><strong>τῇ</strong></span> <span class='ocrx_word' id='word_1_40' title='bbox 1562 860 1865 930; x_wconf 80' lang='grc' dir='ltr'><strong>άκρωρείᾳ,</strong></span> 
     </span>
    </p>
   </div>
   <div class='ocr_carea' id='block_1_8' title="bbox 283 951 1868 1029">
    <p class='ocr_par' dir='ltr' id='par_1_8' title="bbox 283 951 1868 1029">
     <span class='ocr_line' id='line_1_8' title="bbox 283 951 1868 1029; baseline -0.006 -17"><span class='ocrx_word' id='word_1_41' title='bbox 283 959 418 1012; x_wconf 73' lang='grc' dir='ltr'><strong>ὅπου</strong></span> <span class='ocrx_word' id='word_1_42' title='bbox 445 957 512 1029; x_wconf 76' lang='grc' dir='ltr'><strong>δὴ</strong></span> <span class='ocrx_word' id='word_1_43' title='bbox 547 957 725 1008; x_wconf 84' lang='grc' dir='ltr'><strong>λιπὼν</strong></span> <span class='ocrx_word' id='word_1_44' title='bbox 763 956 886 1018; x_wconf 77' lang='grc' dir='ltr'><strong>τοὺς</strong></span> <span class='ocrx_word' id='word_1_45' title='bbox 919 953 1171 1022; x_wconf 84' lang='grc' dir='ltr'><strong>μαθητὰς</strong></span> <span class='ocrx_word' id='word_1_46' title='bbox 1202 955 1229 1006; x_wconf 98' lang='lat'><strong>6</strong></span> <span class='ocrx_word' id='word_1_47' title='bbox 1277 951 1541 1024; x_wconf 84' lang='grc' dir='ltr'><strong>Χριστὸς,</strong></span> <span class='ocrx_word' id='word_1_48' title='bbox 1593 953 1730 1022; x_wconf 72' lang='grc' dir='ltr'><strong>πρὸς</strong></span> <span class='ocrx_word' id='word_1_49' title='bbox 1775 954 1868 1004; x_wconf 84' lang='grc' dir='ltr'><strong>οὐ-</strong></span> 
     </span>
    </p>
   </div>
   <div class='ocr_carea' id='block_1_9' title="bbox 287 1033 1868 1120">
    <p class='ocr_par' dir='ltr' id='par_1_9' title="bbox 287 1033 1868 1120">
     <span class='ocr_line' id='line_1_9' title="bbox 287 1033 1868 1120; baseline -0.004 -17"><span class='ocrx_word' id='word_1_50' title='bbox 287 1049 486 1120; x_wconf 79' lang='grc' dir='ltr'><strong>ρανοὺς</strong></span> <span class='ocrx_word' id='word_1_51' title='bbox 517 1043 826 1119; x_wconf 75' lang='grc' dir='ltr'><strong>ἀνελήφθη.</strong></span> <span class='ocrx_word' id='word_1_52' title='bbox 883 1041 1169 1117; x_wconf 76' lang='grc' dir='ltr'><strong>’Υπερφυῆ</strong></span> <span class='ocrx_word' id='word_1_53' title='bbox 1215 1044 1274 1099; x_wconf 85' lang='grc' dir='ltr'><strong>δέ</strong></span> <span class='ocrx_word' id='word_1_54' title='bbox 1306 1061 1428 1098; x_wconf 86' lang='grc' dir='ltr'><strong>τινα</strong></span> <span class='ocrx_word' id='word_1_55' title='bbox 1464 1043 1655 1108; x_wconf 68' lang='grc' dir='ltr'><strong>ἕτερον</strong></span> <span class='ocrx_word' id='word_1_56' title='bbox 1686 1033 1744 1096; x_wconf 74' lang='grc' dir='ltr'><strong>ἐν</strong></span> <span class='ocrx_word' id='word_1_57' title='bbox 1787 1043 1868 1114; x_wconf 82' lang='grc' dir='ltr'><strong>τῷ</strong></span> 
     </span>
    </p>
   </div>
   <div class='ocr_carea' id='block_1_10' title="bbox 283 1131 1866 1214">
    <p class='ocr_par' dir='ltr' id='par_1_10' title="bbox 283 1131 1866 1214">
     <span class='ocr_line' id='line_1_10' title="bbox 283 1131 1866 1214; baseline -0.005 -20"><span class='ocrx_word' id='word_1_58' title='bbox 283 1142 467 1214; x_wconf 81' lang='grc' dir='ltr'><strong>χωρίῳ</strong></span> <span class='ocrx_word' id='word_1_59' title='bbox 521 1137 834 1211; x_wconf 79' lang='grc' dir='ltr'><strong>Γεθσιμανῆ</strong></span> <span class='ocrx_word' id='word_1_60' title='bbox 865 1139 1001 1191; x_wconf 88' lang='grc' dir='ltr'><strong>νεὼν</strong></span> <span class='ocrx_word' id='word_1_61' title='bbox 1032 1140 1098 1208; x_wconf 79' lang='grc' dir='ltr'><strong>τῇ</strong></span> <span class='ocrx_word' id='word_1_62' title='bbox 1140 1136 1390 1206; x_wconf 82' lang='grc' dir='ltr'><strong>Θεοτόκῳ</strong></span> <span class='ocrx_word' id='word_1_63' title='bbox 1438 1131 1644 1205; x_wconf 77' lang='grc' dir='ltr'><strong>ιγείρει</strong></span> <span class='ocrx_word' id='word_1_64' title='bbox 1668 1177 1682 1201; x_wconf 89' lang='grc'><strong>,</strong></span> <span class='ocrx_word' id='word_1_65' title='bbox 1717 1134 1866 1187; x_wconf 75' lang='grc' dir='ltr'><strong>ἔνδον</strong></span> 
     </span>
    </p>
   </div>
   <div class='ocr_carea' id='block_1_11' title="bbox 284 1225 1867 1302">
    <p class='ocr_par' dir='ltr' id='par_1_11' title="bbox 284 1225 1867 1302">
     <span class='ocr_line' id='line_1_11' title="bbox 284 1225 1867 1302; baseline -0.008 -14"><span class='ocrx_word' id='word_1_66' title='bbox 284 1235 375 1288; x_wconf 90' lang='grc' dir='ltr'><strong>τοῦ</strong></span> <span class='ocrx_word' id='word_1_67' title='bbox 428 1231 829 1302; x_wconf 75' lang='grc' dir='ltr'><strong>θυσιαστηρίου</strong></span> <span class='ocrx_word' id='word_1_68' title='bbox 889 1229 982 1284; x_wconf 80' lang='grc' dir='ltr'><strong>τὸν</strong></span> <span class='ocrx_word' id='word_1_69' title='bbox 1053 1228 1338 1299; x_wconf 71' lang='grc' dir='ltr'><strong>ζωηφόρον</strong></span> <span class='ocrx_word' id='word_1_70' title='bbox 1420 1225 1639 1296; x_wconf 69' lang='grc' dir='ltr'><strong>ἐκείνης</strong></span> <span class='ocrx_word' id='word_1_71' title='bbox 1690 1226 1867 1294; x_wconf 83' lang='grc' dir='ltr'>τάφον</span> 
     </span>
    </p>
   </div>
   <div class='ocr_carea' id='block_1_12' title="bbox 285 1305 1866 1397">
    <p class='ocr_par' dir='ltr' id='par_1_12' title="bbox 285 1305 1866 1397">
     <span class='ocr_line' id='line_1_12' title="bbox 285 1305 1866 1397; baseline -0.008 -15"><span class='ocrx_word' id='word_1_72' title='bbox 285 1327 551 1397; x_wconf 76' lang='grc' dir='ltr'><strong>ἀσφαλῶς</strong></span> <span class='ocrx_word' id='word_1_73' title='bbox 597 1323 1029 1396; x_wconf 83' lang='grc' dir='ltr'><strong>περιστείλασα.</strong></span> <span class='ocrx_word' id='word_1_74' title='bbox 1081 1305 1445 1392; x_wconf 80' lang='grc' dir='ltr'><strong>Καταφεροῦς</strong></span> <span class='ocrx_word' id='word_1_75' title='bbox 1490 1312 1536 1373; x_wconf 71' lang='grc' dir='ltr'><strong>δ⁶</strong></span> <span class='ocrx_word' id='word_1_76' title='bbox 1583 1319 1736 1380; x_wconf 71' lang='grc' dir='ltr'><strong>ῦντός</strong></span> <span class='ocrx_word' id='word_1_77' title='bbox 1771 1317 1866 1370; x_wconf 90' lang='grc' dir='ltr'><strong>τοῦ</strong></span> 
     </span>
    </p>
   </div>
   <div class='ocr_carea' id='block_1_13' title="bbox 284 1411 1867 1486">
    <p class='ocr_par' dir='ltr' id='par_1_13' title="bbox 284 1411 1867 1486">
     <span class='ocr_line' id='line_1_13' title="bbox 284 1411 1867 1486; baseline -0.006 -14"><span class='ocrx_word' id='word_1_78' title='bbox 284 1423 474 1486; x_wconf 86' lang='grc' dir='ltr'><strong>τόπου,</strong></span> <span class='ocrx_word' id='word_1_79' title='bbox 526 1419 884 1486; x_wconf 70' lang='grc' dir='ltr'><strong>ἀναϐαθμούς</strong></span> <span class='ocrx_word' id='word_1_80' title='bbox 914 1420 978 1471; x_wconf 83' lang='grc' dir='ltr'><strong>ὲκ</strong></span> <span class='ocrx_word' id='word_1_81' title='bbox 1019 1415 1335 1486; x_wconf 85' lang='grc' dir='ltr'><strong>μαρμάρων</strong></span> <span class='ocrx_word' id='word_1_82' title='bbox 1376 1411 1747 1482; x_wconf 78' lang='grc' dir='ltr'><strong>ποιησαμένη,</strong></span> <span class='ocrx_word' id='word_1_83' title='bbox 1775 1415 1867 1464; x_wconf 79' lang='grc' dir='ltr'><strong>τὸν</strong></span> 
     </span>
    </p>
   </div>
   <div class='ocr_carea' id='block_1_14' title="bbox 286 1501 1866 1583">
    <p class='ocr_par' dir='ltr' id='par_1_14' title="bbox 286 1501 1866 1583">
     <span class='ocr_line' id='line_1_14' title="bbox 286 1501 1866 1583; baseline -0.009 -16"><span class='ocrx_word' id='word_1_84' title='bbox 286 1513 618 1583; x_wconf 85' lang='grc' dir='ltr'><strong>βουλόμενον</strong></span> <span class='ocrx_word' id='word_1_85' title='bbox 666 1511 730 1563; x_wconf 86' lang='grc' dir='ltr'><strong>ὲκ</strong></span> <span class='ocrx_word' id='word_1_86' title='bbox 792 1514 891 1579; x_wconf 76' lang='grc' dir='ltr'><strong>τῆς</strong></span> <span class='ocrx_word' id='word_1_87' title='bbox 941 1508 1105 1577; x_wconf 82' lang='grc' dir='ltr'>ἁγίας</span> <span class='ocrx_word' id='word_1_88' title='bbox 1159 1507 1366 1567; x_wconf 84' lang='grc' dir='ltr'><strong>πόλεως</strong></span> <span class='ocrx_word' id='word_1_89' title='bbox 1413 1504 1550 1573; x_wconf 76' lang='grc' dir='ltr'><strong>πρὸς</strong></span> <span class='ocrx_word' id='word_1_90' title='bbox 1599 1501 1866 1566; x_wconf 80' lang='grc' dir='ltr'><strong>ἀνατολὰς</strong></span> 
     </span>
    </p>
   </div>
   <div class='ocr_carea' id='block_1_15' title="bbox 286 1594 1868 1673">
    <p class='ocr_par' dir='ltr' id='par_1_15' title="bbox 286 1594 1868 1673">
     <span class='ocr_line' id='line_1_15' title="bbox 286 1594 1868 1673; baseline -0.008 -14"><span class='ocrx_word' id='word_1_91' title='bbox 286 1607 546 1673; x_wconf 79' lang='grc' dir='ltr'><strong>κατάγει,</strong></span> <span class='ocrx_word' id='word_1_92' title='bbox 564 1606 798 1670; x_wconf 78' lang='grc' dir='ltr'><strong>Λέγεται</strong></span> <span class='ocrx_word' id='word_1_93' title='bbox 817 1603 923 1672; x_wconf 84' lang='grc' dir='ltr'><strong>γάρ</strong></span> <span class='ocrx_word' id='word_1_94' title='bbox 947 1618 1027 1654; x_wconf 90' lang='grc' dir='ltr'><strong>τοι</strong></span> <span class='ocrx_word' id='word_1_95' title='bbox 1051 1601 1145 1654; x_wconf 73' lang='grc' dir='ltr'><strong>καὶ</strong></span> <span class='ocrx_word' id='word_1_96' title='bbox 1166 1599 1400 1668; x_wconf 77' lang='grc' dir='ltr'><strong>στόμασι</strong></span> <span class='ocrx_word' id='word_1_97' title='bbox 1429 1594 1644 1648; x_wconf 81' lang='grc' dir='ltr'>πολλῶν</span> <span class='ocrx_word' id='word_1_98' title='bbox 1674 1594 1868 1663; x_wconf 75' lang='grc' dir='ltr'><strong>περιά-</strong></span> 
     </span>
    </p>
   </div>
   <div class='ocr_carea' id='block_1_16' title="bbox 284 1685 1868 1766">
    <p class='ocr_par' dir='ltr' id='par_1_16' title="bbox 284 1685 1868 1766">
     <span class='ocr_line' id='line_1_16' title="bbox 284 1685 1868 1766; baseline -0.008 -17"><span class='ocrx_word' id='word_1_99' title='bbox 284 1714 460 1766; x_wconf 80' lang='grc' dir='ltr'><strong>γεται,</strong></span> <span class='ocrx_word' id='word_1_100' title='bbox 487 1695 566 1758; x_wconf 82' lang='grc' dir='ltr'><strong>ὡς</strong></span> <span class='ocrx_word' id='word_1_101' title='bbox 599 1697 655 1758; x_wconf 85' lang='grc' dir='ltr'><strong>ἐς</strong></span> <span class='ocrx_word' id='word_1_102' title='bbox 682 1697 741 1747; x_wconf 76' lang='grc' dir='ltr'><strong>τὸ</strong></span> <span class='ocrx_word' id='word_1_103' title='bbox 761 1696 1029 1756; x_wconf 80' lang='grc' dir='ltr'><strong>κάταντες</strong></span> <span class='ocrx_word' id='word_1_104' title='bbox 1057 1691 1149 1744; x_wconf 86' lang='grc' dir='ltr'><strong>ίὼν</strong></span> <span class='ocrx_word' id='word_1_105' title='bbox 1176 1691 1204 1743; x_wconf 90' lang='lat'><strong>6</strong></span> <span class='ocrx_word' id='word_1_106' title='bbox 1230 1690 1414 1754; x_wconf 83' lang='grc' dir='ltr'><strong>τόπος,</strong></span> <span class='ocrx_word' id='word_1_107' title='bbox 1441 1686 1626 1749; x_wconf 75' lang='grc' dir='ltr'><strong>κοιλὰς</strong></span> <span class='ocrx_word' id='word_1_108' title='bbox 1653 1685 1868 1739; x_wconf 80' lang='grc' dir='ltr'><strong>Κλαυθ-</strong></span> 
     </span>
    </p>
   </div>
   <div class='ocr_carea' id='block_1_17' title="bbox 287 1777 1869 1861">
    <p class='ocr_par' dir='ltr' id='par_1_17' title="bbox 287 1777 1869 1861">
     <span class='ocr_line' id='line_1_17' title="bbox 287 1777 1869 1861; baseline -0.009 -18"><span class='ocrx_word' id='word_1_109' title='bbox 287 1791 465 1861; x_wconf 82' lang='grc' dir='ltr'><strong>μῶνος</strong></span> <span class='ocrx_word' id='word_1_110' title='bbox 497 1787 790 1840; x_wconf 82' lang='grc' dir='ltr'><strong>καλεῖσθαι</strong></span> <span class='ocrx_word' id='word_1_111' title='bbox 815 1803 829 1816; x_wconf 85' lang='grc'>·</span> <span class='ocrx_word' id='word_1_112' title='bbox 871 1785 1207 1856; x_wconf 73' lang='grc' dir='ltr'><strong>χειμάρρους</strong></span> <span class='ocrx_word' id='word_1_113' title='bbox 1261 1797 1320 1833; x_wconf 89' lang='grc' dir='ltr'><strong>τε</strong></span> <span class='ocrx_word' id='word_1_114' title='bbox 1373 1779 1484 1834; x_wconf 82' lang='grc' dir='ltr'><strong>τῶν</strong></span> <span class='ocrx_word' id='word_1_115' title='bbox 1526 1778 1750 1850; x_wconf 81' lang='grc' dir='ltr'><strong>Κέδρων</strong></span> <span class='ocrx_word' id='word_1_116' title='bbox 1775 1777 1869 1831; x_wconf 76' lang='grc' dir='ltr'><strong>καὶ</strong></span> 
     </span>
    </p>
   </div>
   <div class='ocr_carea' id='block_1_18' title="bbox 285 1871 1868 1947">
    <p class='ocr_par' dir='ltr' id='par_1_18' title="bbox 285 1871 1868 1947">
     <span class='ocr_line' id='line_1_18' title="bbox 285 1871 1868 1947; baseline -0.004 -14"><span class='ocrx_word' id='word_1_117' title='bbox 285 1883 470 1943; x_wconf 82' lang='grc' dir='ltr'><strong>κοιλὰς</strong></span> <span class='ocrx_word' id='word_1_118' title='bbox 494 1881 591 1933; x_wconf 81' lang='grc' dir='ltr'><strong>τοῦ</strong></span> <span class='ocrx_word' id='word_1_119' title='bbox 629 1878 916 1946; x_wconf 77' lang='grc' dir='ltr'><strong>Ἰωσαφάτ·</strong></span> <span class='ocrx_word' id='word_1_120' title='bbox 948 1877 1184 1947; x_wconf 77' lang='grc' dir='ltr'><strong>ἄγχιστα</strong></span> <span class='ocrx_word' id='word_1_121' title='bbox 1211 1871 1256 1928; x_wconf 83' lang='grc' dir='ltr'><strong>δ’</strong></span> <span class='ocrx_word' id='word_1_122' title='bbox 1279 1871 1415 1928; x_wconf 81' lang='grc' dir='ltr'><strong>εἶναι</strong></span> <span class='ocrx_word' id='word_1_123' title='bbox 1449 1875 1543 1926; x_wconf 80' lang='grc' dir='ltr'><strong>καὶ</strong></span> <span class='ocrx_word' id='word_1_124' title='bbox 1572 1875 1664 1926; x_wconf 80' lang='grc' dir='ltr'><strong>τὸν</strong></span> <span class='ocrx_word' id='word_1_125' title='bbox 1693 1873 1868 1943; x_wconf 85' lang='grc' dir='ltr'><strong>κῆπον</strong></span> 
     </span>
    </p>
   </div>
   <div class='ocr_carea' id='block_1_19' title="bbox 282 1963 1864 2039">
    <p class='ocr_par' dir='ltr' id='par_1_19' title="bbox 282 1963 1864 2039">
     <span class='ocr_line' id='line_1_19' title="bbox 282 1963 1864 2039; baseline -0.003 -17"><span class='ocrx_word' id='word_1_126' title='bbox 282 1964 326 2037; x_wconf 84' lang='grc' dir='ltr'>ᾧ</span> <span class='ocrx_word' id='word_1_127' title='bbox 359 1967 639 2039; x_wconf 67' lang='grc' dir='ltr'><strong>παρεδόθη</strong></span> <span class='ocrx_word' id='word_1_128' title='bbox 667 1963 921 2038; x_wconf 82' lang='grc' dir='ltr'><strong>Χριστὸς,</strong></span> <span class='ocrx_word' id='word_1_129' title='bbox 953 1963 1162 2028; x_wconf 82' lang='grc' dir='ltr'><strong>εἰωθὼς</strong></span> <span class='ocrx_word' id='word_1_130' title='bbox 1188 1964 1262 2019; x_wconf 86' lang='grc' dir='ltr'><strong>ὣν</strong></span> <span class='ocrx_word' id='word_1_131' title='bbox 1297 1966 1412 2018; x_wconf 78' lang='grc' dir='ltr'><strong>ἐκεῖ</strong></span> <span class='ocrx_word' id='word_1_132' title='bbox 1441 1963 1864 2034; x_wconf 79' lang='grc' dir='ltr'><strong>προσεύχεσθαι.</strong></span> 
     </span>
    </p>
   </div>
   <div class='ocr_carea' id='block_1_20' title="bbox 1973 769 3550 846">
    <p class='ocr_par' dir='ltr' id='par_1_20' title="bbox 1973 769 3550 846">
     <span class='ocr_line' id='line_1_20' title="bbox 1973 769 3550 846; baseline -0.008 -16"><span class='ocrx_word' id='word_1_133' title='bbox 1973 777 2156 830; x_wconf 78' lang='lat' dir='ltr'><strong>sexies</strong></span> <span class='ocrx_word' id='word_1_134' title='bbox 2189 776 2339 830; x_wconf 90' lang='lat' dir='ltr'><strong>mille</strong></span> <span class='ocrx_word' id='word_1_135' title='bbox 2368 775 2624 846; x_wconf 79' lang='lat' dir='ltr'><strong>passibus</strong></span> <span class='ocrx_word' id='word_1_136' title='bbox 2656 776 2725 830; x_wconf 91' lang='lat' dir='ltr'><strong>ab</strong></span> <span class='ocrx_word' id='word_1_137' title='bbox 2755 775 2890 829; x_wconf 90' lang='lat' dir='ltr'><strong>urbe</strong></span> <span class='ocrx_word' id='word_1_138' title='bbox 2923 772 3218 828; x_wconf 87' lang='lat' dir='ltr'><strong>distantem</strong></span> <span class='ocrx_word' id='word_1_139' title='bbox 3251 787 3266 826; x_wconf 87' lang='lat'>:</span> <span class='ocrx_word' id='word_1_140' title='bbox 3304 770 3355 822; x_wconf 91' lang='lat' dir='ltr'><strong>in</strong></span> <span class='ocrx_word' id='word_1_141' title='bbox 3391 769 3550 838; x_wconf 83' lang='lat' dir='ltr'><strong>cujus</strong></span> 
     </span>
    </p>
   </div>
   <div class='ocr_carea' id='block_1_21' title="bbox 1976 863 3546 935">
    <p class='ocr_par' dir='ltr' id='par_1_21' title="bbox 1976 863 3546 935">
     <span class='ocr_line' id='line_1_21' title="bbox 1976 863 3546 935; baseline -0.008 -13"><span class='ocrx_word' id='word_1_142' title='bbox 1976 869 2253 922; x_wconf 89' lang='lat' dir='ltr'><strong>sanctiore</strong></span> <span class='ocrx_word' id='word_1_143' title='bbox 2286 868 2532 923; x_wconf 89' lang='lat' dir='ltr'><strong>sacrario</strong></span> <span class='ocrx_word' id='word_1_144' title='bbox 2561 867 2714 922; x_wconf 89' lang='lat' dir='ltr'><strong>lmmi</strong></span> <span class='ocrx_word' id='word_1_145' title='bbox 2746 876 2804 920; x_wconf 92' lang='lat' dir='ltr'><strong>et</strong></span> <span class='ocrx_word' id='word_1_146' title='bbox 2853 880 3120 935; x_wconf 75' lang='lat' dir='ltr'><strong>praesepe,</strong></span> <span class='ocrx_word' id='word_1_147' title='bbox 3147 875 3200 917; x_wconf 90' lang='lat' dir='ltr'><strong>et</strong></span> <span class='ocrx_word' id='word_1_148' title='bbox 3227 863 3546 932; x_wconf 81' lang='lat' dir='ltr'><strong>speluncam</strong></span> 
     </span>
    </p>
   </div>
   <div class='ocr_carea' id='block_1_22' title="bbox 1975 954 3547 1029">
    <p class='ocr_par' dir='ltr' id='par_1_22' title="bbox 1975 954 3547 1029">
     <span class='ocr_line' id='line_1_22' title="bbox 1975 954 3547 1029; baseline -0.008 -15"><span class='ocrx_word' id='word_1_149' title='bbox 1975 975 2190 1016; x_wconf 83' lang='lat' dir='ltr'><strong>sacram</strong></span> <span class='ocrx_word' id='word_1_150' title='bbox 2229 969 2314 1016; x_wconf 90' lang='lat' dir='ltr'><strong>est</strong></span> <span class='ocrx_word' id='word_1_151' title='bbox 2349 960 2670 1029; x_wconf 83' lang='lat' dir='ltr'><strong>complexa;</strong></span> <span class='ocrx_word' id='word_1_152' title='bbox 2709 959 2942 1014; x_wconf 79' lang='lat' dir='ltr'><strong>alteram</strong></span> <span class='ocrx_word' id='word_1_153' title='bbox 2978 971 3112 1012; x_wconf 84' lang='lat' dir='ltr'><strong>vero</strong></span> <span class='ocrx_word' id='word_1_154' title='bbox 3163 957 3215 1022; x_wconf 85' lang='lat' dir='ltr'><strong>in</strong></span> <span class='ocrx_word' id='word_1_155' title='bbox 3266 954 3547 1009; x_wconf 81' lang='lat' dir='ltr'><strong>Olivaruni</strong></span> 
     </span>
    </p>
   </div>
   <div class='ocr_carea' id='block_1_23' title="bbox 1975 1043 3552 1122">
    <p class='ocr_par' dir='ltr' id='par_1_23' title="bbox 1975 1043 3552 1122">
     <span class='ocr_line' id='line_1_23' title="bbox 1975 1043 3552 1122; baseline -0.006 -17"><span class='ocrx_word' id='word_1_156' title='bbox 1975 1061 2192 1118; x_wconf 87' lang='lat' dir='ltr'><strong>monte,</strong></span> <span class='ocrx_word' id='word_1_157' title='bbox 2222 1053 2292 1106; x_wconf 86' lang='lat' dir='ltr'><strong>ad</strong></span> <span class='ocrx_word' id='word_1_158' title='bbox 2327 1053 2596 1108; x_wconf 81' lang='lat' dir='ltr'><strong>verticem</strong></span> <span class='ocrx_word' id='word_1_159' title='bbox 2634 1051 2840 1122; x_wconf 90' lang='lat' dir='ltr'><strong>ipsum,</strong></span> <span class='ocrx_word' id='word_1_160' title='bbox 2890 1050 2982 1108; x_wconf 86' lang='lat' dir='ltr'><strong>ubi</strong></span> <span class='ocrx_word' id='word_1_161' title='bbox 3018 1048 3228 1104; x_wconf 78' lang='lat' dir='ltr'><strong>relictis</strong></span> <span class='ocrx_word' id='word_1_162' title='bbox 3261 1043 3552 1113; x_wconf 77' lang='lat' dir='ltr'><strong>discipulis</strong></span> 
     </span>
    </p>
   </div>
   <div class='ocr_carea' id='block_1_24' title="bbox 1975 1139 3551 1212">
    <p class='ocr_par' dir='ltr' id='par_1_24' title="bbox 1975 1139 3551 1212">
     <span class='ocr_line' id='line_1_24' title="bbox 1975 1139 3551 1212; baseline -0.007 -13"><span class='ocrx_word' id='word_1_163' title='bbox 1975 1143 2233 1199; x_wconf 81' lang='lat' dir='ltr'><strong>Christus</strong></span> <span class='ocrx_word' id='word_1_164' title='bbox 2262 1143 2317 1198; x_wconf 93' lang='lat' dir='ltr'><strong>in</strong></span> <span class='ocrx_word' id='word_1_165' title='bbox 2348 1143 2521 1199; x_wconf 56' lang='lat' dir='ltr'><strong>caelos</strong></span> <span class='ocrx_word' id='word_1_166' title='bbox 2543 1151 2631 1198; x_wconf 87' lang='lat' dir='ltr'><strong>est</strong></span> <span class='ocrx_word' id='word_1_167' title='bbox 2660 1152 2999 1212; x_wconf 76' lang='lat' dir='ltr'><strong>assumptus.</strong></span> <span class='ocrx_word' id='word_1_168' title='bbox 3033 1139 3305 1196; x_wconf 80' lang='lat' dir='ltr'><strong>Excitavit</strong></span> <span class='ocrx_word' id='word_1_169' title='bbox 3329 1151 3551 1208; x_wconf 79' lang='lat' dir='ltr'><strong>quoque</strong></span> 
     </span>
    </p>
   </div>
   <div class='ocr_carea' id='block_1_25' title="bbox 1977 1219 3550 1304">
    <p class='ocr_par' dir='ltr' id='par_1_25' title="bbox 1977 1219 3550 1304">
     <span class='ocr_line' id='line_1_25' title="bbox 1977 1219 3550 1304; baseline -0.006 -15"><span class='ocrx_word' id='word_1_170' title='bbox 1977 1233 2273 1289; x_wconf 77' lang='lat' dir='ltr'><strong>miriﬁcum</strong></span> <span class='ocrx_word' id='word_1_171' title='bbox 2321 1233 2471 1290; x_wconf 87' lang='lat' dir='ltr'><strong>aliud</strong></span> <span class='ocrx_word' id='word_1_172' title='bbox 2519 1219 2786 1304; x_wconf 80' lang='lat' dir='ltr'><strong>templum</strong></span> <span class='ocrx_word' id='word_1_173' title='bbox 2836 1235 2892 1288; x_wconf 85' lang='lat' dir='ltr'><strong>in</strong></span> <span class='ocrx_word' id='word_1_174' title='bbox 2941 1231 3299 1288; x_wconf 82' lang='lat' dir='ltr'><strong>Gethsemani</strong></span> <span class='ocrx_word' id='word_1_175' title='bbox 3343 1230 3550 1298; x_wconf 57' lang='lat' dir='ltr'><strong>pra‘dio</strong></span> 
     </span>
    </p>
   </div>
   <div class='ocr_carea' id='block_1_26' title="bbox 1975 1322 3548 1397">
    <p class='ocr_par' dir='ltr' id='par_1_26' title="bbox 1975 1322 3548 1397">
     <span class='ocr_line' id='line_1_26' title="bbox 1975 1322 3548 1397; baseline -0.006 -15"><span class='ocrx_word' id='word_1_176' title='bbox 1975 1325 2245 1382; x_wconf 87' lang='lat' dir='ltr'><strong>Genitrici</strong></span> <span class='ocrx_word' id='word_1_177' title='bbox 2298 1326 2417 1392; x_wconf 86' lang='lat' dir='ltr'><strong>Dei,</strong></span> <span class='ocrx_word' id='word_1_178' title='bbox 2461 1337 2629 1397; x_wconf 84' lang='lat' dir='ltr'><strong>atque</strong></span> <span class='ocrx_word' id='word_1_179' title='bbox 2684 1326 2740 1381; x_wconf 88' lang='lat' dir='ltr'><strong>in</strong></span> <span class='ocrx_word' id='word_1_180' title='bbox 2797 1326 3042 1381; x_wconf 82' lang='lat' dir='ltr'><strong>sacrario</strong></span> <span class='ocrx_word' id='word_1_181' title='bbox 3095 1325 3218 1394; x_wconf 86' lang='lat' dir='ltr'><strong>ipso</strong></span> <span class='ocrx_word' id='word_1_182' title='bbox 3266 1322 3548 1376; x_wconf 74' lang='lat' dir='ltr'><strong>viviﬁcuni</strong></span> 
     </span>
    </p>
   </div>
   <div class='ocr_carea' id='block_1_27' title="bbox 1974 1413 3553 1490">
    <p class='ocr_par' dir='ltr' id='par_1_27' title="bbox 1974 1413 3553 1490">
     <span class='ocr_line' id='line_1_27' title="bbox 1974 1413 3553 1490; baseline -0.004 -17"><span class='ocrx_word' id='word_1_183' title='bbox 1974 1419 2098 1490; x_wconf 78' lang='lat' dir='ltr'><strong>eius</strong></span> <span class='ocrx_word' id='word_1_184' title='bbox 2152 1417 2468 1487; x_wconf 80' lang='lat' dir='ltr'><strong>sepulcrum</strong></span> <span class='ocrx_word' id='word_1_185' title='bbox 2529 1417 2769 1473; x_wconf 83' lang='lat' dir='ltr'><strong>ilrmiter</strong></span> <span class='ocrx_word' id='word_1_186' title='bbox 2817 1417 3062 1472; x_wconf 88' lang='lat' dir='ltr'><strong>inclusit.</strong></span> <span class='ocrx_word' id='word_1_187' title='bbox 3098 1415 3236 1470; x_wconf 90' lang='lat' dir='ltr'><strong>Cum</strong></span> <span class='ocrx_word' id='word_1_188' title='bbox 3290 1429 3421 1468; x_wconf 82' lang='lat' dir='ltr'><strong>vero</strong></span> <span class='ocrx_word' id='word_1_189' title='bbox 3456 1413 3553 1468; x_wconf 79' lang='lat' dir='ltr'><strong>de-</strong></span> 
     </span>
    </p>
   </div>
   <div class='ocr_carea' id='block_1_28' title="bbox 1976 1508 3548 1582">
    <p class='ocr_par' dir='ltr' id='par_1_28' title="bbox 1976 1508 3548 1582">
     <span class='ocr_line' id='line_1_28' title="bbox 1976 1508 3548 1582; baseline -0.004 -17"><span class='ocrx_word' id='word_1_190' title='bbox 1976 1510 2136 1566; x_wconf 86' lang='lat' dir='ltr'><strong>clivis</strong></span> <span class='ocrx_word' id='word_1_191' title='bbox 2160 1509 2207 1566; x_wconf 88' lang='lat' dir='ltr'><strong>is</strong></span> <span class='ocrx_word' id='word_1_192' title='bbox 2237 1510 2312 1566; x_wconf 87' lang='lat' dir='ltr'><strong>sit</strong></span> <span class='ocrx_word' id='word_1_193' title='bbox 2344 1510 2748 1582; x_wconf 78' lang='lat' dir='ltr'><strong>locus,gradus</strong></span> <span class='ocrx_word' id='word_1_194' title='bbox 2779 1524 3124 1564; x_wconf 80' lang='lat' dir='ltr'><strong>marmoreus</strong></span> <span class='ocrx_word' id='word_1_195' title='bbox 3154 1508 3272 1563; x_wconf 81' lang='lat' dir='ltr'><strong>lteri</strong></span> <span class='ocrx_word' id='word_1_196' title='bbox 3309 1508 3548 1566; x_wconf 84' lang='lat' dir='ltr'><strong>curavit,</strong></span> 
     </span>
    </p>
   </div>
   <div class='ocr_carea' id='block_1_29' title="bbox 1974 1593 3553 1669">
    <p class='ocr_par' dir='ltr' id='par_1_29' title="bbox 1974 1593 3553 1669">
     <span class='ocr_line' id='line_1_29' title="bbox 1974 1593 3553 1669; baseline -0.001 -17"><span class='ocrx_word' id='word_1_197' title='bbox 1974 1603 2218 1657; x_wconf 83' lang='lat' dir='ltr'><strong>viatores</strong></span> <span class='ocrx_word' id='word_1_198' title='bbox 2250 1593 2320 1656; x_wconf 64' lang='lat' dir='ltr'><strong>ei</strong></span> <span class='ocrx_word' id='word_1_199' title='bbox 2354 1614 2545 1657; x_wconf 87' lang='lat' dir='ltr'><strong>sancta</strong></span> <span class='ocrx_word' id='word_1_200' title='bbox 2575 1603 2712 1657; x_wconf 85' lang='lat' dir='ltr'><strong>urbe</strong></span> <span class='ocrx_word' id='word_1_201' title='bbox 2741 1601 3071 1657; x_wconf 89' lang='lat' dir='ltr'><strong>orientalem</strong></span> <span class='ocrx_word' id='word_1_202' title='bbox 3110 1601 3322 1669; x_wconf 78' lang='lat' dir='ltr'><strong>plagam</strong></span> <span class='ocrx_word' id='word_1_203' title='bbox 3361 1614 3553 1652; x_wconf 85' lang='lat' dir='ltr'><strong>versus</strong></span> 
     </span>
    </p>
   </div>
   <div class='ocr_carea' id='block_1_30' title="bbox 1973 1692 3553 1766">
    <p class='ocr_par' dir='ltr' id='par_1_30' title="bbox 1973 1692 3553 1766">
     <span class='ocr_line' id='line_1_30' title="bbox 1973 1692 3553 1766; baseline -0.003 -20"><span class='ocrx_word' id='word_1_204' title='bbox 1973 1694 2239 1749; x_wconf 80' lang='lat' dir='ltr'><strong>ferentes.</strong></span> <span class='ocrx_word' id='word_1_205' title='bbox 2306 1693 2471 1766; x_wconf 77' lang='lat'><strong>596</strong></span> <span class='ocrx_word' id='word_1_206' title='bbox 2540 1694 2838 1748; x_wconf 83' lang='lat' dir='ltr'><strong>Multorum</strong></span> <span class='ocrx_word' id='word_1_207' title='bbox 2905 1709 3128 1762; x_wconf 85' lang='lat' dir='ltr'><strong>quoque</strong></span> <span class='ocrx_word' id='word_1_208' title='bbox 3199 1692 3553 1746; x_wconf 74' lang='lat' dir='ltr'><strong>sermonibus</strong></span> 
     </span>
    </p>
   </div>
   <div class='ocr_carea' id='block_1_31' title="bbox 1974 1784 3549 1852">
    <p class='ocr_par' dir='ltr' id='par_1_31' title="bbox 1974 1784 3549 1852">
     <span class='ocr_line' id='line_1_31' title="bbox 1974 1784 3549 1852; baseline -0.003 -12"><span class='ocrx_word' id='word_1_209' title='bbox 1974 1787 2386 1852; x_wconf 81' lang='lat' dir='ltr'><strong>circumfertur,</strong></span> <span class='ocrx_word' id='word_1_210' title='bbox 2458 1787 2819 1844; x_wconf 81' lang='lat' dir='ltr'><strong>decliviorem</strong></span> <span class='ocrx_word' id='word_1_211' title='bbox 2894 1802 3022 1842; x_wconf 87' lang='lat' dir='ltr'><strong>eum</strong></span> <span class='ocrx_word' id='word_1_212' title='bbox 3096 1786 3278 1840; x_wconf 88' lang='lat' dir='ltr'><strong>locum</strong></span> <span class='ocrx_word' id='word_1_213' title='bbox 3344 1784 3549 1839; x_wconf 78' lang='lat' dir='ltr'><strong>V&#39;allent</strong></span> 
     </span>
    </p>
   </div>
   <div class='ocr_carea' id='block_1_32' title="bbox 1975 1878 3552 1947">
    <p class='ocr_par' dir='ltr' id='par_1_32' title="bbox 1975 1878 3552 1947">
     <span class='ocr_line' id='line_1_32' title="bbox 1975 1878 3552 1947; baseline -0.003 -15"><span class='ocrx_word' id='word_1_214' title='bbox 1975 1878 2162 1944; x_wconf 83' lang='lat' dir='ltr'><strong>ﬂetus,</strong></span> <span class='ocrx_word' id='word_1_215' title='bbox 2209 1887 2263 1932; x_wconf 82' lang='lat' dir='ltr'><strong>et</strong></span> <span class='ocrx_word' id='word_1_216' title='bbox 2302 1889 2605 1933; x_wconf 88' lang='lat' dir='ltr'><strong>torrentem</strong></span> <span class='ocrx_word' id='word_1_217' title='bbox 2653 1878 2900 1941; x_wconf 82' lang='lat' dir='ltr'><strong>Cedrou,</strong></span> <span class='ocrx_word' id='word_1_218' title='bbox 2932 1889 3100 1947; x_wconf 86' lang='lat' dir='ltr'><strong>atque</strong></span> <span class='ocrx_word' id='word_1_219' title='bbox 3143 1882 3310 1933; x_wconf 86' lang='lat' dir='ltr'><strong>etiam</strong></span> <span class='ocrx_word' id='word_1_220' title='bbox 3354 1879 3552 1931; x_wconf 89' lang='lat' dir='ltr'><strong>vallem</strong></span> 
     </span>
    </p>
   </div>
   <div class='ocr_carea' id='block_1_33' title="bbox 1974 1968 3552 2039">
    <p class='ocr_par' dir='ltr' id='par_1_33' title="bbox 1974 1968 3552 2039">
     <span class='ocr_line' id='line_1_33' title="bbox 1974 1968 3552 2039; baseline -0.004 -15"><span class='ocrx_word' id='word_1_221' title='bbox 1974 1968 2241 2038; x_wconf 81' lang='lat' dir='ltr'><strong>Josapliat</strong></span> <span class='ocrx_word' id='word_1_222' title='bbox 2287 1968 2416 2024; x_wconf 89' lang='lat' dir='ltr'><strong>dici.</strong></span> <span class='ocrx_word' id='word_1_223' title='bbox 2471 1968 2526 2022; x_wconf 91' lang='lat' dir='ltr'><strong>ln</strong></span> <span class='ocrx_word' id='word_1_224' title='bbox 2573 1970 2890 2039; x_wconf 88' lang='lat' dir='ltr'><strong>propinquo</strong></span> <span class='ocrx_word' id='word_1_225' title='bbox 2936 1970 3102 2024; x_wconf 88' lang='lat' dir='ltr'><strong>etiam</strong></span> <span class='ocrx_word' id='word_1_226' title='bbox 3159 1985 3282 2023; x_wconf 88' lang='lat' dir='ltr'><strong>esse</strong></span> <span class='ocrx_word' id='word_1_227' title='bbox 3333 1969 3552 2020; x_wconf 82' lang='lat' dir='ltr'><strong>hortum</strong></span> 
     </span>
    </p>
   </div>
   <div class='ocr_carea' id='block_1_34' title="bbox 285 2045 1865 2130">
    <p class='ocr_par' dir='ltr' id='par_1_34' title="bbox 285 2057 1865 2128">
     <span class='ocr_line' id='line_1_34' title="bbox 285 2057 1865 2128; baseline -0.006 -11"><span class='ocrx_word' id='word_1_228' title='bbox 285 2065 391 2117; x_wconf 75' lang='grc' dir='ltr'><strong>Καὶ</strong></span> <span class='ocrx_word' id='word_1_229' title='bbox 417 2067 532 2126; x_wconf 85' lang='grc' dir='ltr'><strong>τοῖς</strong></span> <span class='ocrx_word' id='word_1_230' title='bbox 555 2061 723 2124; x_wconf 82' lang='grc' dir='ltr'><strong>θείοις</strong></span> <span class='ocrx_word' id='word_1_231' title='bbox 752 2061 807 2114; x_wconf 77' lang='grc' dir='ltr'><strong>δὲ</strong></span> <span class='ocrx_word' id='word_1_232' title='bbox 851 2061 1086 2128; x_wconf 78' lang='grc' dir='ltr'><strong>νηπίοις,</strong></span> <span class='ocrx_word' id='word_1_233' title='bbox 1114 2059 1208 2113; x_wconf 74' lang='grc' dir='ltr'><strong>καί</strong></span> <span class='ocrx_word' id='word_1_234' title='bbox 1239 2061 1374 2112; x_wconf 70' lang='grc' dir='ltr'><strong>ὅπου</strong></span> <span class='ocrx_word' id='word_1_235' title='bbox 1406 2058 1462 2110; x_wconf 81' lang='grc' dir='ltr'><strong>δὲ</strong></span> <span class='ocrx_word' id='word_1_236' title='bbox 1496 2057 1726 2125; x_wconf 79' lang='grc' dir='ltr'><strong>ἄγγελος</strong></span> <span class='ocrx_word' id='word_1_237' title='bbox 1757 2058 1865 2120; x_wconf 82' lang='grc' dir='ltr'><strong>τοῖς</strong></span> 
     </span>
    </p>
   </div>
   <div class='ocr_carea' id='block_1_35' title="bbox 1969 2045 3554 2130">
    <p class='ocr_par' dir='ltr' id='par_1_35' title="bbox 1978 2059 3554 2130">
     <span class='ocr_line' id='line_1_35' title="bbox 1978 2059 3554 2130; baseline -0.002 -15"><span class='ocrx_word' id='word_1_238' title='bbox 1978 2062 2132 2115; x_wconf 91' lang='lat' dir='ltr'><strong>illum</strong></span> <span class='ocrx_word' id='word_1_239' title='bbox 2162 2060 2218 2114; x_wconf 81' lang='lat' dir='ltr'><strong>in</strong></span> <span class='ocrx_word' id='word_1_240' title='bbox 2247 2070 2357 2130; x_wconf 79' lang='grc' dir='ltr'><strong>ιιιιο</strong></span> <span class='ocrx_word' id='word_1_241' title='bbox 2387 2060 2638 2130; x_wconf 83' lang='lat' dir='ltr'><strong>proditus</strong></span> <span class='ocrx_word' id='word_1_242' title='bbox 2666 2072 2751 2116; x_wconf 88' lang='lat' dir='ltr'><strong>est</strong></span> <span class='ocrx_word' id='word_1_243' title='bbox 2773 2059 3054 2124; x_wconf 86' lang='lat' dir='ltr'><strong>Christus,</strong></span> <span class='ocrx_word' id='word_1_244' title='bbox 3085 2069 3141 2116; x_wconf 86' lang='lat' dir='ltr'><strong>et</strong></span> <span class='ocrx_word' id='word_1_245' title='bbox 3172 2061 3231 2114; x_wconf 83' lang='lat' dir='ltr'><strong>in</strong></span> <span class='ocrx_word' id='word_1_246' title='bbox 3259 2077 3369 2129; x_wconf 80' lang='lat' dir='ltr'><strong>quo</strong></span> <span class='ocrx_word' id='word_1_247' title='bbox 3396 2075 3554 2112; x_wconf 87' lang='lat' dir='ltr'><strong>orare</strong></span> 
     </span>
    </p>
   </div>
   <div class='ocr_carea' id='block_1_36' title="bbox 285 2150 1869 2224">
    <p class='ocr_par' dir='ltr' id='par_1_36' title="bbox 285 2150 1869 2224">
     <span class='ocr_line' id='line_1_36' title="bbox 285 2150 1869 2224; baseline -0.003 -18"><span class='ocrx_word' id='word_1_248' title='bbox 285 2160 543 2224; x_wconf 78' lang='grc' dir='ltr'><strong>ποιμέσιν</strong></span> <span class='ocrx_word' id='word_1_249' title='bbox 571 2153 986 2224; x_wconf 75' lang='grc' dir='ltr'><strong>εὐηγγελίζετο,</strong></span> <span class='ocrx_word' id='word_1_250' title='bbox 1021 2151 1378 2222; x_wconf 80' lang='grc' dir='ltr'><strong>ἐδημιούργει</strong></span> <span class='ocrx_word' id='word_1_251' title='bbox 1417 2150 1627 2213; x_wconf 80' lang='grc' dir='ltr'><strong>τούτοις</strong></span> <span class='ocrx_word' id='word_1_252' title='bbox 1655 2151 1720 2220; x_wconf 82' lang='grc' dir='ltr'><strong>δὴ</strong></span> <span class='ocrx_word' id='word_1_253' title='bbox 1759 2151 1869 2212; x_wconf 85' lang='grc' dir='ltr'><strong>τοῖς</strong></span> 
     </span>
    </p>
   </div>
   <div class='ocr_carea' id='block_1_37' title="bbox 284 2242 1870 2318">
    <p class='ocr_par' dir='ltr' id='par_1_37' title="bbox 284 2242 1870 2318">
     <span class='ocr_line' id='line_1_37' title="bbox 284 2242 1870 2318; baseline -0.005 -16"><span class='ocrx_word' id='word_1_254' title='bbox 284 2252 497 2318; x_wconf 77' lang='grc' dir='ltr'><strong>ἀντροις</strong></span> <span class='ocrx_word' id='word_1_255' title='bbox 533 2250 660 2317; x_wconf 66' lang='grc' dir='ltr'><strong>ἱερά</strong></span> <span class='ocrx_word' id='word_1_256' title='bbox 704 2249 1137 2318; x_wconf 83' lang='grc' dir='ltr'><strong>φροντιστήρια·</strong></span> <span class='ocrx_word' id='word_1_257' title='bbox 1183 2245 1364 2307; x_wconf 79' lang='grc' dir='ltr'><strong>αὐτοῖς</strong></span> <span class='ocrx_word' id='word_1_258' title='bbox 1387 2261 1446 2297; x_wconf 84' lang='grc' dir='ltr'><strong>τε</strong></span> <span class='ocrx_word' id='word_1_259' title='bbox 1475 2243 1724 2314; x_wconf 74' lang='grc' dir='ltr'><strong>βρέφεσι,</strong></span> <span class='ocrx_word' id='word_1_260' title='bbox 1776 2242 1870 2294; x_wconf 77' lang='grc' dir='ltr'><strong>καὶ</strong></span> 
     </span>
    </p>
   </div>
   <div class='ocr_carea' id='block_1_38' title="bbox 287 2333 1867 2410">
    <p class='ocr_par' dir='ltr' id='par_1_38' title="bbox 287 2333 1867 2410">
     <span class='ocr_line' id='line_1_38' title="bbox 287 2333 1867 2410; baseline -0.011 -16"><span class='ocrx_word' id='word_1_261' title='bbox 287 2344 348 2410; x_wconf 77' lang='grc' dir='ltr'><strong>τῇ</strong></span> <span class='ocrx_word' id='word_1_262' title='bbox 383 2339 476 2394; x_wconf 82' lang='grc' dir='ltr'><strong>τοῦ</strong></span> <span class='ocrx_word' id='word_1_263' title='bbox 509 2342 691 2409; x_wconf 81' lang='grc' dir='ltr'><strong>Λόγου</strong></span> <span class='ocrx_word' id='word_1_264' title='bbox 728 2339 1056 2408; x_wconf 66' lang='grc' dir='ltr'><strong>λοχευτρίᾳ,</strong></span> <span class='ocrx_word' id='word_1_265' title='bbox 1094 2339 1192 2389; x_wconf 66' lang='grc' dir='ltr'><strong>καὶ</strong></span> <span class='ocrx_word' id='word_1_266' title='bbox 1241 2336 1318 2406; x_wconf 83' lang='grc' dir='ltr'><strong>τῷ</strong></span> <span class='ocrx_word' id='word_1_267' title='bbox 1357 2338 1627 2407; x_wconf 76' lang='grc' dir='ltr'><strong>μνήστορι</strong></span> <span class='ocrx_word' id='word_1_268' title='bbox 1666 2333 1867 2405; x_wconf 69' lang='grc' dir='ltr'><strong>Ἰωσὴφ</strong></span> 
     </span>
    </p>
   </div>
   <div class='ocr_carea' id='block_1_39' title="bbox 285 2426 1867 2502">
    <p class='ocr_par' dir='ltr' id='par_1_39' title="bbox 285 2426 1867 2502">
     <span class='ocr_line' id='line_1_39' title="bbox 285 2426 1867 2502; baseline -0.006 -18"><span class='ocrx_word' id='word_1_269' title='bbox 285 2433 472 2502; x_wconf 76' lang='grc' dir='ltr'><strong>ἕτερον</strong></span> <span class='ocrx_word' id='word_1_270' title='bbox 496 2470 512 2484; x_wconf 92' lang='grc'>.</span> <span class='ocrx_word' id='word_1_271' title='bbox 575 2432 818 2484; x_wconf 83' lang='grc' dir='ltr'><strong>Ἐκεῖθεν</strong></span> <span class='ocrx_word' id='word_1_272' title='bbox 847 2432 927 2494; x_wconf 84' lang='grc' dir='ltr'><strong>εἰς</strong></span> <span class='ocrx_word' id='word_1_273' title='bbox 977 2430 1253 2499; x_wconf 67' lang='grc' dir='ltr'><strong>Βηθανιαν</strong></span> <span class='ocrx_word' id='word_1_274' title='bbox 1287 2428 1464 2492; x_wconf 81' lang='grc' dir='ltr'><strong>ἰοῦσα,</strong></span> <span class='ocrx_word' id='word_1_275' title='bbox 1515 2428 1756 2497; x_wconf 77' lang='grc' dir='ltr'><strong>Λαζάρῳ</strong></span> <span class='ocrx_word' id='word_1_276' title='bbox 1791 2426 1867 2496; x_wconf 75' lang='grc' dir='ltr'><strong>τῷ</strong></span> 
     </span>
    </p>
   </div>
   <div class='ocr_carea' id='block_1_40' title="bbox 287 2521 1866 2594">
    <p class='ocr_par' dir='ltr' id='par_1_40' title="bbox 287 2521 1866 2594">
     <span class='ocr_line' id='line_1_40' title="bbox 287 2521 1866 2594; baseline -0.002 -20"><span class='ocrx_word' id='word_1_277' title='bbox 287 2525 418 2592; x_wconf 73' lang='grc' dir='ltr'><strong>φίλῳ</strong></span> <span class='ocrx_word' id='word_1_278' title='bbox 449 2523 694 2594; x_wconf 84' lang='grc' dir='ltr'><strong>Χριστοῦ</strong></span> <span class='ocrx_word' id='word_1_279' title='bbox 725 2525 859 2576; x_wconf 78' lang='grc' dir='ltr'><strong>νεὼν</strong></span> <span class='ocrx_word' id='word_1_280' title='bbox 897 2525 1025 2592; x_wconf 78' lang='grc' dir='ltr'><strong>περὶ</strong></span> <span class='ocrx_word' id='word_1_281' title='bbox 1070 2523 1161 2575; x_wconf 82' lang='grc' dir='ltr'><strong>τὸν</strong></span> <span class='ocrx_word' id='word_1_282' title='bbox 1193 2523 1366 2592; x_wconf 92' lang='grc' dir='ltr'><strong>τάφον</strong></span> <span class='ocrx_word' id='word_1_283' title='bbox 1397 2521 1717 2591; x_wconf 78' lang='grc' dir='ltr'><strong>περιφανῶς</strong></span> <span class='ocrx_word' id='word_1_284' title='bbox 1746 2521 1866 2572; x_wconf 66' lang='grc' dir='ltr'><strong>άνιυ</strong></span> 
     </span>
    </p>
   </div>
   <div class='ocr_carea' id='block_1_41' title="bbox 288 2611 1868 2685">
    <p class='ocr_par' dir='ltr' id='par_1_41' title="bbox 288 2611 1868 2685">
     <span class='ocr_line' id='line_1_41' title="bbox 288 2611 1868 2685; baseline -0.002 -21"><span class='ocrx_word' id='word_1_285' title='bbox 288 2615 412 2685; x_wconf 73' lang='grc' dir='ltr'><strong>στᾷ’</strong></span> <span class='ocrx_word' id='word_1_286' title='bbox 433 2615 606 2683; x_wconf 80' lang='grc' dir='ltr'><strong>διέχει</strong></span> <span class='ocrx_word' id='word_1_287' title='bbox 629 2613 683 2666; x_wconf 83' lang='grc' dir='ltr'><strong>δὲ</strong></span> <span class='ocrx_word' id='word_1_288' title='bbox 721 2613 1114 2684; x_wconf 84' lang='grc' dir='ltr'><strong>Ἰεροσολύμων</strong></span> <span class='ocrx_word' id='word_1_289' title='bbox 1137 2611 1271 2664; x_wconf 81' lang='grc' dir='ltr'><strong>ὡσεὶ</strong></span> <span class='ocrx_word' id='word_1_290' title='bbox 1302 2612 1458 2680; x_wconf 88' lang='grc' dir='ltr'><strong>μίλια</strong></span> <span class='ocrx_word' id='word_1_291' title='bbox 1489 2612 1604 2663; x_wconf 83' lang='grc' dir='ltr'><strong>δύο.</strong></span> <span class='ocrx_word' id='word_1_292' title='bbox 1631 2612 1868 2662; x_wconf 76' lang='grc' dir='ltr'><strong>Ἔπειτα</strong></span> 
     </span>
    </p>
   </div>
   <div class='ocr_carea' id='block_1_42' title="bbox 285 2705 1867 2778">
    <p class='ocr_par' dir='ltr' id='par_1_42' title="bbox 285 2705 1867 2778">
     <span class='ocr_line' id='line_1_42' title="bbox 285 2705 1867 2778; baseline -0.004 -19"><span class='ocrx_word' id='word_1_293' title='bbox 285 2708 358 2776; x_wconf 75' lang='grc' dir='ltr'><strong>τῷ</strong></span> <span class='ocrx_word' id='word_1_294' title='bbox 393 2709 520 2776; x_wconf 80' lang='grc' dir='ltr'><strong>θείῳ</strong></span> <span class='ocrx_word' id='word_1_295' title='bbox 575 2707 812 2778; x_wconf 77' lang='grc' dir='ltr'><strong>Ἰορδάνῃ</strong></span> <span class='ocrx_word' id='word_1_296' title='bbox 845 2705 1198 2776; x_wconf 75' lang='grc' dir='ltr'><strong>προσῦάλλειο</strong></span> <span class='ocrx_word' id='word_1_297' title='bbox 1228 2707 1323 2758; x_wconf 85' lang='grc' dir='ltr'><strong>καὶ</strong></span> <span class='ocrx_word' id='word_1_298' title='bbox 1351 2705 1497 2774; x_wconf 78' lang='grc' dir='ltr'><strong>ἀμφὶ</strong></span> <span class='ocrx_word' id='word_1_299' title='bbox 1517 2705 1595 2774; x_wconf 76' lang='grc' dir='ltr'><strong>τῷ</strong></span> <span class='ocrx_word' id='word_1_300' title='bbox 1619 2705 1867 2774; x_wconf 76' lang='grc' dir='ltr'><strong>σπηλαίῳ</strong></span> 
     </span>
    </p>
   </div>
   <div class='ocr_carea' id='block_1_43' title="bbox 286 2793 1867 2872">
    <p class='ocr_par' dir='ltr' id='par_1_43' title="bbox 286 2793 1867 2872">
     <span class='ocr_line' id='line_1_43' title="bbox 286 2793 1867 2872; baseline -0.001 -22"><span class='ocrx_word' id='word_1_301' title='bbox 286 2793 327 2867; x_wconf 79' lang='grc' dir='ltr'>ᾧ</span> <span class='ocrx_word' id='word_1_302' title='bbox 359 2803 527 2854; x_wconf 75' lang='grc' dir='ltr'><strong>πάλαι</strong></span> <span class='ocrx_word' id='word_1_303' title='bbox 583 2805 682 2870; x_wconf 80' lang='grc' dir='ltr'><strong>την</strong></span> <span class='ocrx_word' id='word_1_304' title='bbox 729 2801 1053 2872; x_wconf 82' lang='grc' dir='ltr'><strong>κατοίκησιν</strong></span> <span class='ocrx_word' id='word_1_305' title='bbox 1097 2795 1244 2870; x_wconf 73' lang='grc' dir='ltr'><strong>εἶχεν</strong></span> <span class='ocrx_word' id='word_1_306' title='bbox 1274 2801 1303 2851; x_wconf 90' lang='lat'><strong>6</strong></span> <span class='ocrx_word' id='word_1_307' title='bbox 1353 2797 1688 2867; x_wconf 78' lang='grc' dir='ltr'><strong>Βαπτιστὴς,</strong></span> <span class='ocrx_word' id='word_1_308' title='bbox 1717 2794 1867 2848; x_wconf 77' lang='grc' dir='ltr'><strong>οἷκον</strong></span> 
     </span>
    </p>
   </div>
   <div class='ocr_carea' id='block_1_44' title="bbox 289 2892 1868 2963">
    <p class='ocr_par' dir='ltr' id='par_1_44' title="bbox 289 2892 1868 2963">
     <span class='ocr_line' id='line_1_44' title="bbox 289 2892 1868 2963; baseline -0.002 -18"><span class='ocrx_word' id='word_1_309' title='bbox 289 2894 434 2962; x_wconf 78' lang='grc' dir='ltr'><strong>αὐτῷ</strong></span> <span class='ocrx_word' id='word_1_310' title='bbox 477 2892 794 2963; x_wconf 80' lang='grc' dir='ltr'><strong>περικαλλῆ</strong></span> <span class='ocrx_word' id='word_1_311' title='bbox 843 2893 1160 2962; x_wconf 76' lang='grc' dir='ltr'><strong>ἀνεγείρειο</strong></span> <span class='ocrx_word' id='word_1_312' title='bbox 1209 2894 1306 2947; x_wconf 74' lang='lat' dir='ltr'><strong>xei.</strong></span> <span class='ocrx_word' id='word_1_313' title='bbox 1354 2893 1511 2946; x_wconf 77' lang='grc' dir='ltr'><strong>ἄλλον</strong></span> <span class='ocrx_word' id='word_1_314' title='bbox 1557 2893 1614 2944; x_wconf 81' lang='grc' dir='ltr'><strong>δὲ</strong></span> <span class='ocrx_word' id='word_1_315' title='bbox 1645 2894 1782 2963; x_wconf 77' lang='grc' dir='ltr'><strong>πρὸς</strong></span> <span class='ocrx_word' id='word_1_316' title='bbox 1808 2892 1868 2943; x_wconf 84' lang='grc' dir='ltr'><strong>τὸ</strong></span> 
     </span>
    </p>
   </div>
   <div class='ocr_carea' id='block_1_45' title="bbox 288 2982 1864 3058">
    <p class='ocr_par' dir='ltr' id='par_1_45' title="bbox 288 2982 1864 3058">
     <span class='ocr_line' id='line_1_45' title="bbox 288 2982 1864 3058; baseline 0.002 -23"><span class='ocrx_word' id='word_1_317' title='bbox 288 2982 512 3045; x_wconf 73' lang='grc' dir='ltr'><strong>ἄναντες</strong></span> <span class='ocrx_word' id='word_1_318' title='bbox 550 2982 644 3036; x_wconf 86' lang='grc' dir='ltr'><strong>τοῦ</strong></span> <span class='ocrx_word' id='word_1_319' title='bbox 698 2984 861 3053; x_wconf 77' lang='grc' dir='ltr'><strong>ὅρους</strong></span> <span class='ocrx_word' id='word_1_320' title='bbox 911 2984 1095 3037; x_wconf 72' lang='grc' dir='ltr'><strong>Ἠλιοῦ</strong></span> <span class='ocrx_word' id='word_1_321' title='bbox 1135 2983 1210 3054; x_wconf 81' lang='grc' dir='ltr'><strong>τῷ</strong></span> <span class='ocrx_word' id='word_1_322' title='bbox 1253 2984 1491 3058; x_wconf 75' lang='grc' dir='ltr'><strong>Θεσϐίτῃ</strong></span> <span class='ocrx_word' id='word_1_323' title='bbox 1540 2985 1864 3054; x_wconf 78' lang='grc' dir='ltr'><strong>ὲγκαθιστᾷ.</strong></span> 
     </span>
    </p>
   </div>
   <div class='ocr_carea' id='block_1_46' title="bbox 296 3077 1868 3148">
    <p class='ocr_par' dir='ltr' id='par_1_46' title="bbox 296 3077 1868 3148">
     <span class='ocr_line' id='line_1_46' title="bbox 296 3077 1868 3148; baseline 0.011 -20"><span class='ocrx_word' id='word_1_324' title='bbox 296 3077 444 3130; x_wconf 63' lang='grc' dir='ltr'><strong>Ὀδον</strong></span> <span class='ocrx_word' id='word_1_325' title='bbox 470 3077 513 3130; x_wconf 83' lang='grc' dir='ltr'><strong>δ’</strong></span> <span class='ocrx_word' id='word_1_326' title='bbox 543 3077 758 3130; x_wconf 80' lang='grc' dir='ltr'><strong>ἐκεῖθεν</strong></span> <span class='ocrx_word' id='word_1_327' title='bbox 800 3079 1083 3148; x_wconf 83' lang='grc' dir='ltr'><strong>τεσσάρων</strong></span> <span class='ocrx_word' id='word_1_328' title='bbox 1116 3077 1363 3132; x_wconf 78' lang='grc' dir='ltr'><strong>ἀνύσασα</strong></span> <span class='ocrx_word' id='word_1_329' title='bbox 1393 3078 1640 3148; x_wconf 72' lang='grc' dir='ltr'><strong>ἡμερῶν.</strong></span> <span class='ocrx_word' id='word_1_330' title='bbox 1670 3081 1750 3138; x_wconf 70' lang='grc' dir='ltr'><strong>εἰς</strong></span> <span class='ocrx_word' id='word_1_331' title='bbox 1774 3078 1868 3131; x_wconf 75' lang='grc' dir='ltr'><strong>Τι’</strong></span> 
     </span>
    </p>
   </div>
   <div class='ocr_carea' id='block_1_47' title="bbox 289 3169 1865 3242">
    <p class='ocr_par' dir='ltr' id='par_1_47' title="bbox 289 3169 1865 3242">
     <span class='ocr_line' id='line_1_47' title="bbox 289 3169 1865 3242; baseline 0.001 -21"><span class='ocrx_word' id='word_1_332' title='bbox 289 3170 508 3242; x_wconf 76' lang='grc' dir='ltr'><strong>ὄεριάδα</strong></span> <span class='ocrx_word' id='word_1_333' title='bbox 546 3171 699 3241; x_wconf 77' lang='grc' dir='ltr'><strong>ἥκει,</strong></span> <span class='ocrx_word' id='word_1_334' title='bbox 733 3169 863 3223; x_wconf 76' lang='grc' dir='ltr'><strong>ἔνθα.</strong></span> <span class='ocrx_word' id='word_1_335' title='bbox 901 3177 960 3224; x_wconf 77' lang='grc' dir='ltr'><strong>τὸ</strong></span> <span class='ocrx_word' id='word_1_336' title='bbox 1009 3171 1426 3242; x_wconf 79' lang='grc' dir='ltr'><strong>Δωδεκάθρονον</strong></span> <span class='ocrx_word' id='word_1_337' title='bbox 1457 3172 1697 3242; x_wconf 78' lang='grc' dir='ltr'><strong>ἵστησιν,</strong></span> <span class='ocrx_word' id='word_1_338' title='bbox 1730 3173 1865 3225; x_wconf 83' lang='grc' dir='ltr'><strong>ὅπου</strong></span> 
     </span>
    </p>
   </div>
   <div class='ocr_carea' id='block_1_48' title="bbox 288 3262 1868 3336">
    <p class='ocr_par' dir='ltr' id='par_1_48' title="bbox 288 3262 1868 3336">
     <span class='ocr_line' id='line_1_48' title="bbox 288 3262 1868 3336; baseline -0.003 -18"><span class='ocrx_word' id='word_1_339' title='bbox 288 3265 521 3336; x_wconf 77' lang='grc' dir='ltr'><strong>Χριστὸς</strong></span> <span class='ocrx_word' id='word_1_340' title='bbox 560 3266 657 3318; x_wconf 74' lang='grc' dir='ltr'><strong>καὶ</strong></span> <span class='ocrx_word' id='word_1_341' title='bbox 684 3263 812 3326; x_wconf 80' lang='grc' dir='ltr'><strong>τοὺς</strong></span> <span class='ocrx_word' id='word_1_342' title='bbox 845 3263 1324 3335; x_wconf 78' lang='grc' dir='ltr'><strong>τετρακισχιλίους</strong></span> <span class='ocrx_word' id='word_1_343' title='bbox 1350 3262 1604 3334; x_wconf 77' lang='grc' dir='ltr'><strong>δι-έθρεψε</strong></span> <span class='ocrx_word' id='word_1_344' title='bbox 1633 3278 1645 3292; x_wconf 83' lang='grc'><em>’</em></span> <span class='ocrx_word' id='word_1_345' title='bbox 1685 3265 1779 3316; x_wconf 75' lang='grc' dir='ltr'><strong>καὶ</strong></span> <span class='ocrx_word' id='word_1_346' title='bbox 1807 3265 1868 3314; x_wconf 65' lang='grc' dir='ltr'><strong>τὸ</strong></span> 
     </span>
    </p>
   </div>
   <div class='ocr_carea' id='block_1_49' title="bbox 1971 2151 3548 2216">
    <p class='ocr_par' dir='ltr' id='par_1_49' title="bbox 1971 2151 3548 2216">
     <span class='ocr_line' id='line_1_49' title="bbox 1971 2151 3548 2216; baseline -0.003 -8"><span class='ocrx_word' id='word_1_347' title='bbox 1971 2154 2172 2208; x_wconf 89' lang='lat' dir='ltr'><strong>solitus</strong></span> <span class='ocrx_word' id='word_1_348' title='bbox 2227 2152 2432 2208; x_wconf 75' lang='lat' dir='ltr'><strong>fuerat.</strong></span> <span class='ocrx_word' id='word_1_349' title='bbox 2481 2153 2701 2208; x_wconf 84' lang='lat' dir='ltr'><strong>Sanctis</strong></span> <span class='ocrx_word' id='word_1_350' title='bbox 2746 2153 2938 2208; x_wconf 87' lang='lat' dir='ltr'><strong>itidem</strong></span> <span class='ocrx_word' id='word_1_351' title='bbox 2978 2153 3304 2216; x_wconf 79' lang='lat' dir='ltr'><strong>infantibus,</strong></span> <span class='ocrx_word' id='word_1_352' title='bbox 3347 2159 3404 2205; x_wconf 86' lang='lat' dir='ltr'><strong>ct.</strong></span> <span class='ocrx_word' id='word_1_353' title='bbox 3455 2151 3548 2206; x_wconf 86' lang='lat' dir='ltr'><strong>ubi</strong></span> 
     </span>
    </p>
   </div>
   <div class='ocr_carea' id='block_1_50' title="bbox 1970 2244 3552 2316">
    <p class='ocr_par' dir='ltr' id='par_1_50' title="bbox 1970 2244 3552 2316">
     <span class='ocr_line' id='line_1_50' title="bbox 1970 2244 3552 2316; baseline -0.001 -16"><span class='ocrx_word' id='word_1_354' title='bbox 1970 2245 2198 2316; x_wconf 76' lang='lat' dir='ltr'><strong>angelus</strong></span> <span class='ocrx_word' id='word_1_355' title='bbox 2238 2245 2554 2314; x_wconf 84' lang='lat' dir='ltr'><strong>pastoribus</strong></span> <span class='ocrx_word' id='word_1_356' title='bbox 2600 2246 2786 2300; x_wconf 61' lang='lat' dir='ltr'><strong>l-zetum</strong></span> <span class='ocrx_word' id='word_1_357' title='bbox 2833 2246 3020 2300; x_wconf 87' lang='lat' dir='ltr'><strong>attulit</strong></span> <span class='ocrx_word' id='word_1_358' title='bbox 3055 2246 3338 2307; x_wconf 88' lang='lat' dir='ltr'><strong>nuntium,</strong></span> <span class='ocrx_word' id='word_1_359' title='bbox 3377 2246 3432 2296; x_wconf 89' lang='lat' dir='ltr'><strong>in</strong></span> <span class='ocrx_word' id='word_1_360' title='bbox 3469 2244 3552 2298; x_wconf 88' lang='lat' dir='ltr'><strong>eis</strong></span> 
     </span>
    </p>
   </div>
   <div class='ocr_carea' id='block_1_51' title="bbox 1972 2337 3553 2408">
    <p class='ocr_par' dir='ltr' id='par_1_51' title="bbox 1972 2337 3553 2408">
     <span class='ocr_line' id='line_1_51' title="bbox 1972 2337 3553 2408; baseline -0.003 -14"><span class='ocrx_word' id='word_1_361' title='bbox 1972 2339 2110 2408; x_wconf 86' lang='lat' dir='ltr'><strong>ipsis</strong></span> <span class='ocrx_word' id='word_1_362' title='bbox 2139 2339 2277 2393; x_wconf 88' lang='lat' dir='ltr'><strong>locis</strong></span> <span class='ocrx_word' id='word_1_363' title='bbox 2305 2353 2494 2394; x_wconf 87' lang='lat' dir='ltr'><strong>sacras</strong></span> <span class='ocrx_word' id='word_1_364' title='bbox 2525 2341 2800 2393; x_wconf 77' lang='lat' dir='ltr'><strong>exstruxit</strong></span> <span class='ocrx_word' id='word_1_365' title='bbox 2824 2337 2973 2392; x_wconf 72' lang='lat' dir='ltr'><strong>mdes</strong></span> <span class='ocrx_word' id='word_1_366' title='bbox 3003 2357 3017 2392; x_wconf 90' lang='lat'>:</span> <span class='ocrx_word' id='word_1_367' title='bbox 3050 2337 3356 2391; x_wconf 74' lang='lat' dir='ltr'><strong>infantibus</strong></span> <span class='ocrx_word' id='word_1_368' title='bbox 3395 2338 3518 2390; x_wconf 89' lang='lat' dir='ltr'><strong>vide</strong></span> <span class='ocrx_word' id='word_1_369' title='bbox 3543 2366 3553 2376; x_wconf 92' lang='lat'><strong>-</strong></span> 
     </span>
    </p>
   </div>
   <div class='ocr_carea' id='block_1_52' title="bbox 1969 2431 3552 2502">
    <p class='ocr_par' dir='ltr' id='par_1_52' title="bbox 1969 2431 3552 2502">
     <span class='ocr_line' id='line_1_52' title="bbox 1969 2431 3552 2502; baseline -0.005 -14"><span class='ocrx_word' id='word_1_370' title='bbox 1969 2433 2103 2488; x_wconf 87' lang='lat' dir='ltr'><strong>licet</strong></span> <span class='ocrx_word' id='word_1_371' title='bbox 2135 2433 2290 2502; x_wconf 82' lang='lat' dir='ltr'><strong>ipsis,</strong></span> <span class='ocrx_word' id='word_1_372' title='bbox 2319 2443 2378 2488; x_wconf 87' lang='lat' dir='ltr'><strong>et</strong></span> <span class='ocrx_word' id='word_1_373' title='bbox 2409 2432 2574 2488; x_wconf 84' lang='lat' dir='ltr'><strong>Verbi</strong></span> <span class='ocrx_word' id='word_1_374' title='bbox 2609 2446 2917 2502; x_wconf 56' lang='lat' dir='ltr'><strong>puerperi»,</strong></span> <span class='ocrx_word' id='word_1_375' title='bbox 2954 2447 3056 2486; x_wconf 87' lang='lat' dir='ltr'><strong>nec</strong></span> <span class='ocrx_word' id='word_1_376' title='bbox 3080 2449 3188 2485; x_wconf 87' lang='lat' dir='ltr'><strong>non</strong></span> <span class='ocrx_word' id='word_1_377' title='bbox 3224 2431 3385 2484; x_wconf 88' lang='lat' dir='ltr'><strong>aliam</strong></span> <span class='ocrx_word' id='word_1_378' title='bbox 3421 2446 3552 2498; x_wconf 88' lang='lat' dir='ltr'><strong>quu-</strong></span> 
     </span>
    </p>
   </div>
   <div class='ocr_carea' id='block_1_53' title="bbox 1971 2523 3554 2596">
    <p class='ocr_par' dir='ltr' id='par_1_53' title="bbox 1971 2523 3554 2596">
     <span class='ocr_line' id='line_1_53' title="bbox 1971 2523 3554 2596; baseline -0.003 -18"><span class='ocrx_word' id='word_1_379' title='bbox 1971 2541 2080 2594; x_wconf 85' lang='lat' dir='ltr'><strong>que</strong></span> <span class='ocrx_word' id='word_1_380' title='bbox 2121 2541 2326 2596; x_wconf 78' lang='lat' dir='ltr'><strong>sponso</strong></span> <span class='ocrx_word' id='word_1_381' title='bbox 2367 2525 2610 2595; x_wconf 83' lang='lat' dir='ltr'><strong>Josepho</strong></span> <span class='ocrx_word' id='word_1_382' title='bbox 2643 2525 2842 2580; x_wconf 66' lang='lat' dir='ltr'><strong>aedem.</strong></span> <span class='ocrx_word' id='word_1_383' title='bbox 2879 2524 3007 2578; x_wconf 91' lang='lat' dir='ltr'><strong>Inde</strong></span> <span class='ocrx_word' id='word_1_384' title='bbox 3058 2523 3387 2578; x_wconf 84' lang='lat' dir='ltr'><strong>Bethaniam</strong></span> <span class='ocrx_word' id='word_1_385' title='bbox 3435 2535 3554 2590; x_wconf 87' lang='lat' dir='ltr'><strong>pro-</strong></span> 
     </span>
    </p>
   </div>
   <div class='ocr_carea' id='block_1_54' title="bbox 1970 2614 3552 2686">
    <p class='ocr_par' dir='ltr' id='par_1_54' title="bbox 1970 2614 3552 2686">
     <span class='ocr_line' id='line_1_54' title="bbox 1970 2614 3552 2686; baseline -0.002 -15"><span class='ocrx_word' id='word_1_386' title='bbox 1970 2634 2159 2686; x_wconf 70' lang='lat' dir='ltr'><strong>gressa</strong></span> <span class='ocrx_word' id='word_1_387' title='bbox 2222 2617 2434 2672; x_wconf 81' lang='lat' dir='ltr'><strong>Lazaro</strong></span> <span class='ocrx_word' id='word_1_388' title='bbox 2487 2616 2694 2672; x_wconf 84' lang='lat' dir='ltr'><strong>Christi</strong></span> <span class='ocrx_word' id='word_1_389' title='bbox 2749 2616 2930 2670; x_wconf 87' lang='lat' dir='ltr'><strong>amico</strong></span> <span class='ocrx_word' id='word_1_390' title='bbox 2991 2617 3210 2684; x_wconf 78' lang='lat' dir='ltr'><strong>insigne</strong></span> <span class='ocrx_word' id='word_1_391' title='bbox 3257 2614 3552 2668; x_wconf 65' lang='lat' dir='ltr'><strong>miliiit&#39;uvil</strong></span> 
     </span>
    </p>
   </div>
   <div class='ocr_carea' id='block_1_55' title="bbox 1971 2707 3554 2777">
    <p class='ocr_par' dir='ltr' id='par_1_55' title="bbox 1971 2707 3554 2777">
     <span class='ocr_line' id='line_1_55' title="bbox 1971 2707 3554 2777; baseline -0.004 -12"><span class='ocrx_word' id='word_1_392' title='bbox 1971 2709 2264 2765; x_wconf 89' lang='lat' dir='ltr'><strong>delubrum</strong></span> <span class='ocrx_word' id='word_1_393' title='bbox 2299 2729 2311 2763; x_wconf 92' lang='lat'>:</span> <span class='ocrx_word' id='word_1_394' title='bbox 2351 2710 2512 2764; x_wconf 86' lang='lat' dir='ltr'><strong>abest</strong></span> <span class='ocrx_word' id='word_1_395' title='bbox 2549 2710 2600 2763; x_wconf 93' lang='lat' dir='ltr'><strong>id</strong></span> <span class='ocrx_word' id='word_1_396' title='bbox 2644 2709 3042 2777; x_wconf 85' lang='lat' dir='ltr'><strong>Hierosolymis</strong></span> <span class='ocrx_word' id='word_1_397' title='bbox 3079 2723 3342 2775; x_wconf 60' lang='lat' dir='ltr'><strong>passuum</strong></span> <span class='ocrx_word' id='word_1_398' title='bbox 3391 2707 3554 2759; x_wconf 88' lang='lat' dir='ltr'><strong>milli-</strong></span> 
     </span>
    </p>
   </div>
   <div class='ocr_carea' id='block_1_56' title="bbox 1973 2801 3553 2860">
    <p class='ocr_par' dir='ltr' id='par_1_56' title="bbox 1973 2801 3553 2860">
     <span class='ocr_line' id='line_1_56' title="bbox 1973 2801 3553 2860; baseline -0.002 -4"><span class='ocrx_word' id='word_1_399' title='bbox 1973 2803 2077 2857; x_wconf 88' lang='lat' dir='ltr'><strong>bus</strong></span> <span class='ocrx_word' id='word_1_400' title='bbox 2102 2801 2347 2856; x_wconf 84' lang='lat' dir='ltr'><strong>duobus.</strong></span> <span class='ocrx_word' id='word_1_401' title='bbox 2373 2802 2580 2856; x_wconf 77' lang='lat' dir='ltr'><strong>Deinde</strong></span> <span class='ocrx_word' id='word_1_402' title='bbox 2603 2801 2670 2854; x_wconf 90' lang='lat' dir='ltr'><strong>ad</strong></span> <span class='ocrx_word' id='word_1_403' title='bbox 2697 2816 2911 2855; x_wconf 87' lang='lat' dir='ltr'><strong>sacrum</strong></span> <span class='ocrx_word' id='word_1_404' title='bbox 2937 2801 3234 2855; x_wconf 75' lang='lat' dir='ltr'><strong>Jordanem</strong></span> <span class='ocrx_word' id='word_1_405' title='bbox 3253 2815 3553 2860; x_wconf 75' lang='lat' dir='ltr'><strong>eun-versa,</strong></span> 
     </span>
    </p>
   </div>
   <div class='ocr_carea' id='block_1_57' title="bbox 1971 2892 3550 2963">
    <p class='ocr_par' dir='ltr' id='par_1_57' title="bbox 1971 2892 3550 2963">
     <span class='ocr_line' id='line_1_57' title="bbox 1971 2892 3550 2963; baseline -0.003 -13"><span class='ocrx_word' id='word_1_406' title='bbox 1971 2897 2117 2950; x_wconf 87' lang='lat' dir='ltr'><strong>circa</strong></span> <span class='ocrx_word' id='word_1_407' title='bbox 2179 2895 2502 2963; x_wconf 82' lang='lat' dir='ltr'><strong>speluncam</strong></span> <span class='ocrx_word' id='word_1_408' title='bbox 2555 2895 2646 2948; x_wconf 83' lang='lat' dir='ltr'><strong>tibi</strong></span> <span class='ocrx_word' id='word_1_409' title='bbox 2703 2895 2840 2946; x_wconf 78' lang='lat' dir='ltr'><strong>oliin</strong></span> <span class='ocrx_word' id='word_1_410' title='bbox 2893 2893 3240 2946; x_wconf 84' lang='lat' dir='ltr'><strong>domicilium</strong></span> <span class='ocrx_word' id='word_1_411' title='bbox 3305 2892 3550 2963; x_wconf 68' lang='lat' dir='ltr'><strong>Baptista</strong></span> 
     </span>
    </p>
   </div>
   <div class='ocr_carea' id='block_1_58' title="bbox 1971 2955 3551 3055">
    <p class='ocr_par' dir='ltr' id='par_1_58' title="bbox 1971 2955 3551 3055">
     <span class='ocr_line' id='line_1_58' title="bbox 1971 2955 3551 3055; baseline -0.003 -13"><span class='ocrx_word' id='word_1_412' title='bbox 1971 2955 2627 3055; x_wconf 47' lang='lat' dir='ltr'><strong>haliuit,-perpulcltratii</strong></span> <span class='ocrx_word' id='word_1_413' title='bbox 2669 2986 2841 3040; x_wconf 69' lang='lat' dir='ltr'><strong>aedem</strong></span> <span class='ocrx_word' id='word_1_414' title='bbox 2892 2984 2969 3042; x_wconf 83' lang='lat' dir='ltr'><strong>illi</strong></span> <span class='ocrx_word' id='word_1_415' title='bbox 3021 2985 3221 3048; x_wconf 78' lang='lat' dir='ltr'><strong>erexit,</strong></span> <span class='ocrx_word' id='word_1_416' title='bbox 3274 2955 3551 3053; x_wconf 55' lang='lat' dir='ltr'><strong>aliamque</strong></span> 
     </span>
    </p>
   </div>
   <div class='ocr_carea' id='block_1_59' title="bbox 1969 3076 3551 3146">
    <p class='ocr_par' dir='ltr' id='par_1_59' title="bbox 1969 3076 3551 3146">
     <span class='ocr_line' id='line_1_59' title="bbox 1969 3076 3551 3146; baseline -0.002 -11"><span class='ocrx_word' id='word_1_417' title='bbox 1969 3077 2039 3136; x_wconf 87' lang='lat' dir='ltr'><strong>ad</strong></span> <span class='ocrx_word' id='word_1_418' title='bbox 2069 3077 2444 3132; x_wconf 79' lang='lat' dir='ltr'><strong>acclivitatem-</strong></span> <span class='ocrx_word' id='word_1_419' title='bbox 2467 3078 2693 3142; x_wconf 89' lang='lat' dir='ltr'><strong>montis,</strong></span> <span class='ocrx_word' id='word_1_420' title='bbox 2723 3076 2854 3132; x_wconf 71' lang='lat' dir='ltr'><strong>Elia:</strong></span> <span class='ocrx_word' id='word_1_421' title='bbox 2878 3076 3179 3132; x_wconf 80' lang='lat' dir='ltr'><strong>Thesbitie.</strong></span> <span class='ocrx_word' id='word_1_422' title='bbox 3205 3079 3386 3146; x_wconf 76' lang='lat' dir='ltr'><strong>Atque</strong></span> <span class='ocrx_word' id='word_1_423' title='bbox 3422 3078 3551 3132; x_wconf 84' lang='lat' dir='ltr'><strong>inde</strong></span> 
     </span>
    </p>
   </div>
   <div class='ocr_carea' id='block_1_60' title="bbox 1969 3170 3550 3242">
    <p class='ocr_par' dir='ltr' id='par_1_60' title="bbox 1969 3170 3550 3242">
     <span class='ocr_line' id='line_1_60' title="bbox 1969 3170 3550 3242; baseline -0.003 -17"><span class='ocrx_word' id='word_1_424' title='bbox 1969 3180 2208 3242; x_wconf 85' lang='lat' dir='ltr'><strong>quatuor</strong></span> <span class='ocrx_word' id='word_1_425' title='bbox 2231 3171 2445 3224; x_wconf 86' lang='lat' dir='ltr'><strong>dierum</strong></span> <span class='ocrx_word' id='word_1_426' title='bbox 2481 3171 2682 3224; x_wconf 88' lang='lat' dir='ltr'><strong>itinere</strong></span> <span class='ocrx_word' id='word_1_427' title='bbox 2709 3183 2961 3233; x_wconf 85' lang='lat' dir='ltr'><strong>emenso,</strong></span> <span class='ocrx_word' id='word_1_428' title='bbox 2993 3170 3346 3224; x_wconf 86' lang='lat' dir='ltr'><strong>Tiberiadem</strong></span> <span class='ocrx_word' id='word_1_429' title='bbox 3377 3171 3550 3236; x_wconf 73' lang='lat' dir='ltr'><strong>Venit,</strong></span> 
     </span>
    </p>
   </div>
   <div class='ocr_carea' id='block_1_61' title="bbox 1973 3264 3546 3332">
    <p class='ocr_par' dir='ltr' id='par_1_61' title="bbox 1973 3264 3546 3332">
     <span class='ocr_line' id='line_1_61' title="bbox 1973 3264 3546 3332; baseline -0.002 -12"><span class='ocrx_word' id='word_1_430' title='bbox 1973 3267 2066 3320; x_wconf 87' lang='lat' dir='ltr'><strong>tibi</strong></span> <span class='ocrx_word' id='word_1_431' title='bbox 2100 3266 2159 3317; x_wconf 78' lang='grc' dir='ltr'><strong>τὸ</strong></span> <span class='ocrx_word' id='word_1_432' title='bbox 2195 3264 2638 3332; x_wconf 86' lang='grc' dir='ltr'><strong>Δωδεκάθρονον,</strong></span> <span class='ocrx_word' id='word_1_433' title='bbox 2673 3264 2777 3318; x_wconf 81' lang='lat' dir='ltr'><strong>lio&#39;c</strong></span> <span class='ocrx_word' id='word_1_434' title='bbox 2809 3275 2919 3326; x_wconf 80' lang='lat' dir='ltr'><strong>est,</strong></span> <span class='ocrx_word' id='word_1_435' title='bbox 2950 3264 3252 3318; x_wconf 81' lang='lat' dir='ltr'><strong>Duodecim</strong></span> <span class='ocrx_word' id='word_1_436' title='bbox 3277 3264 3546 3318; x_wconf 76' lang='lat' dir='ltr'><strong>.Thruno-</strong></span> 
     </span>
    </p>
   </div>
   <div class='ocr_carea' id='block_1_62' title="bbox 289 3353 1865 3442">
    <p class='ocr_par' dir='ltr' id='par_1_62' title="bbox 289 3353 1865 3429">
     <span class='ocr_line' id='line_1_62' title="bbox 289 3353 1865 3429; baseline -0.001 -19"><span class='ocrx_word' id='word_1_437' title='bbox 289 3361 482 3429; x_wconf 80' lang='grc' dir='ltr'><strong>χωρίον</strong></span> <span class='ocrx_word' id='word_1_438' title='bbox 530 3358 684 3412; x_wconf 75' lang='grc' dir='ltr'><strong>ἐστιν</strong></span> <span class='ocrx_word' id='word_1_439' title='bbox 711 3361 746 3428; x_wconf 75' lang='grc' dir='ltr'><strong>ἠ</strong></span> <span class='ocrx_word' id='word_1_440' title='bbox 776 3353 1148 3429; x_wconf 82' lang='grc' dir='ltr'><strong>Καπερναοὺμ</strong></span> <span class='ocrx_word' id='word_1_441' title='bbox 1171 3399 1186 3422; x_wconf 91' lang='grc'><strong>,</strong></span> <span class='ocrx_word' id='word_1_442' title='bbox 1219 3359 1348 3411; x_wconf 75' lang='grc' dir='ltr'><strong>ἔνθα</strong></span> <span class='ocrx_word' id='word_1_443' title='bbox 1387 3358 1451 3428; x_wconf 83' lang='grc' dir='ltr'><strong>δὴ</strong></span> <span class='ocrx_word' id='word_1_444' title='bbox 1485 3360 1580 3412; x_wconf 79' lang='grc' dir='ltr'><strong>καὶ</strong></span> <span class='ocrx_word' id='word_1_445' title='bbox 1624 3357 1692 3410; x_wconf 81' lang='grc' dir='ltr'><strong>τὰ</strong></span> <span class='ocrx_word' id='word_1_446' title='bbox 1725 3358 1865 3409; x_wconf 75' lang='grc' dir='ltr'><strong>κατὰ</strong></span> 
     </span>
    </p>
   </div>
   <div class='ocr_carea' id='block_1_63' title="bbox 1969 3353 3550 3442">
    <p class='ocr_par' dir='ltr' id='par_1_63' title="bbox 1976 3358 3550 3428">
     <span class='ocr_line' id='line_1_63' title="bbox 1976 3358 3550 3428; baseline -0.001 -16"><span class='ocrx_word' id='word_1_447' title='bbox 1976 3374 2096 3413; x_wconf 89' lang='lat' dir='ltr'><strong>rum</strong></span> <span class='ocrx_word' id='word_1_448' title='bbox 2132 3359 2396 3428; x_wconf 76' lang='lat' dir='ltr'><strong>templum</strong></span> <span class='ocrx_word' id='word_1_449' title='bbox 2443 3358 2659 3420; x_wconf 83' lang='lat' dir='ltr'><strong>statuit,</strong></span> <span class='ocrx_word' id='word_1_450' title='bbox 2702 3374 2814 3427; x_wconf 76' lang='lat' dir='ltr'><strong>quo</strong></span> <span class='ocrx_word' id='word_1_451' title='bbox 2860 3359 2982 3412; x_wconf 90' lang='lat' dir='ltr'><strong>loco</strong></span> <span class='ocrx_word' id='word_1_452' title='bbox 3019 3359 3276 3412; x_wconf 84' lang='lat' dir='ltr'><strong>Christ-us</strong></span> <span class='ocrx_word' id='word_1_453' title='bbox 3309 3368 3550 3426; x_wconf 86' lang='lat' dir='ltr'><strong>quatuor</strong></span> 
     </span>
    </p>
   </div>
   <div class='ocr_carea' id='block_1_64' title="bbox 289 3451 1867 3532">
    <p class='ocr_par' dir='ltr' id='par_1_64' title="bbox 289 3451 1867 3532">
     <span class='ocr_line' id='line_1_64' title="bbox 289 3451 1867 3532; baseline -0.004 -24"><span class='ocrx_word' id='word_1_454' title='bbox 289 3456 374 3508; x_wconf 68' lang='grc' dir='ltr'><strong>τὸν</strong></span> <span class='ocrx_word' id='word_1_455' title='bbox 404 3455 810 3532; x_wconf 54' lang='grc' dir='ltr'><strong>ἑκατονταρχῶν</strong></span> <span class='ocrx_word' id='word_1_456' title='bbox 856 3453 1140 3522; x_wconf 78' lang='grc' dir='ltr'><strong>ἐτελέσθη,</strong></span> <span class='ocrx_word' id='word_1_457' title='bbox 1188 3457 1282 3506; x_wconf 78' lang='grc' dir='ltr'><strong>καὶ</strong></span> <span class='ocrx_word' id='word_1_458' title='bbox 1313 3454 1341 3505; x_wconf 90' lang='lat'><strong>6</strong></span> <span class='ocrx_word' id='word_1_459' title='bbox 1384 3451 1475 3505; x_wconf 80' lang='grc' dir='ltr'><strong>διὰ</strong></span> <span class='ocrx_word' id='word_1_460' title='bbox 1529 3453 1628 3520; x_wconf 79' lang='grc' dir='ltr'><strong>τῆς</strong></span> <span class='ocrx_word' id='word_1_461' title='bbox 1667 3451 1867 3520; x_wconf 81' lang='grc' dir='ltr'><strong>στέγης</strong></span> 
     </span>
    </p>
   </div>
   <div class='ocr_carea' id='block_1_65' title="bbox 290 3547 1864 3620">
    <p class='ocr_par' dir='ltr' id='par_1_65' title="bbox 290 3547 1864 3620">
     <span class='ocr_line' id='line_1_65' title="bbox 290 3547 1864 3620; baseline -0.003 -15"><span class='ocrx_word' id='word_1_462' title='bbox 290 3551 584 3620; x_wconf 74' lang='grc' dir='ltr'><strong>χαλασθεὶς</strong></span> <span class='ocrx_word' id='word_1_463' title='bbox 633 3549 1010 3618; x_wconf 80' lang='grc' dir='ltr'><strong>παραλυτικὸς</strong></span> <span class='ocrx_word' id='word_1_464' title='bbox 1069 3548 1272 3602; x_wconf 80' lang='grc' dir='ltr'><strong>αὐτίκα</strong></span> <span class='ocrx_word' id='word_1_465' title='bbox 1318 3547 1443 3617; x_wconf 78' lang='grc' dir='ltr'><strong>εὗρε</strong></span> <span class='ocrx_word' id='word_1_466' title='bbox 1505 3548 1604 3618; x_wconf 84' lang='grc' dir='ltr'><strong>τὴν</strong></span> <span class='ocrx_word' id='word_1_467' title='bbox 1672 3548 1817 3601; x_wconf 85' lang='grc' dir='ltr'><strong>ίασιν</strong></span> <span class='ocrx_word' id='word_1_468' title='bbox 1849 3586 1864 3600; x_wconf 91' lang='grc'><strong>.</strong></span> 
     </span>
    </p>
   </div>
   <div class='ocr_carea' id='block_1_66' title="bbox 292 3627 1862 3714">
    <p class='ocr_par' dir='ltr' id='par_1_66' title="bbox 292 3627 1862 3714">
     <span class='ocr_line' id='line_1_66' title="bbox 292 3627 1862 3714; baseline -0.003 -18"><span class='ocrx_word' id='word_1_469' title='bbox 292 3642 418 3697; x_wconf 76' lang='grc' dir='ltr'><strong>Εἶτα</strong></span> <span class='ocrx_word' id='word_1_470' title='bbox 441 3648 498 3697; x_wconf 83' lang='grc' dir='ltr'><strong>ὲν</strong></span> <span class='ocrx_word' id='word_1_471' title='bbox 523 3638 575 3712; x_wconf 77' lang='grc' dir='ltr'>ᾧ</span> <span class='ocrx_word' id='word_1_472' title='bbox 602 3643 698 3714; x_wconf 80' lang='grc' dir='ltr'><strong>τὴν</strong></span> <span class='ocrx_word' id='word_1_473' title='bbox 723 3642 819 3695; x_wconf 87' lang='grc' dir='ltr'><strong>τοῦ</strong></span> <span class='ocrx_word' id='word_1_474' title='bbox 839 3644 1072 3712; x_wconf 83' lang='grc' dir='ltr'><strong>αἵματος</strong></span> <span class='ocrx_word' id='word_1_475' title='bbox 1105 3643 1294 3696; x_wconf 83' lang='grc' dir='ltr'><strong>στάσιν</strong></span> <span class='ocrx_word' id='word_1_476' title='bbox 1323 3644 1357 3713; x_wconf 80' lang='grc' dir='ltr'><strong>η</strong></span> <span class='ocrx_word' id='word_1_477' title='bbox 1385 3627 1684 3714; x_wconf 74' lang='grc' dir='ltr'><strong>αἱμόρρους</strong></span> <span class='ocrx_word' id='word_1_478' title='bbox 1713 3641 1862 3710; x_wconf 79' lang='grc' dir='ltr'><strong>εὗρε·</strong></span> 
     </span>
    </p>
   </div>
   <div class='ocr_carea' id='block_1_67' title="bbox 291 3737 1868 3810">
    <p class='ocr_par' dir='ltr' id='par_1_67' title="bbox 291 3737 1868 3810">
     <span class='ocr_line' id='line_1_67' title="bbox 291 3737 1868 3810; baseline -0.002 -18"><span class='ocrx_word' id='word_1_479' title='bbox 291 3743 387 3794; x_wconf 78' lang='grc' dir='ltr'><strong>κάν</strong></span> <span class='ocrx_word' id='word_1_480' title='bbox 417 3741 496 3810; x_wconf 80' lang='grc' dir='ltr'><strong>τῷ</strong></span> <span class='ocrx_word' id='word_1_481' title='bbox 557 3739 900 3808; x_wconf 79' lang='grc' dir='ltr'><strong>Ἐπταπήγῳ</strong></span> <span class='ocrx_word' id='word_1_482' title='bbox 941 3737 1217 3808; x_wconf 82' lang='grc' dir='ltr'><strong>λεγομένῳ</strong></span> <span class='ocrx_word' id='word_1_483' title='bbox 1255 3739 1584 3804; x_wconf 71' lang='grc' dir='ltr'><strong>ἐφίσταται,</strong></span> <span class='ocrx_word' id='word_1_484' title='bbox 1640 3738 1776 3789; x_wconf 78' lang='grc' dir='ltr'><strong>ὅπου</strong></span> <span class='ocrx_word' id='word_1_485' title='bbox 1806 3738 1868 3789; x_wconf 82' lang='grc' dir='ltr'><strong>τὸ</strong></span> 
     </span>
    </p>
   </div>
   <div class='ocr_carea' id='block_1_68' title="bbox 293 3829 1868 3904">
    <p class='ocr_par' dir='ltr' id='par_1_68' title="bbox 293 3829 1868 3904">
     <span class='ocr_line' id='line_1_68' title="bbox 293 3829 1868 3904; baseline -0.003 -18"><span class='ocrx_word' id='word_1_486' title='bbox 293 3835 396 3887; x_wconf 80' lang='grc' dir='ltr'><strong>τῶν</strong></span> <span class='ocrx_word' id='word_1_487' title='bbox 425 3835 572 3886; x_wconf 74' lang='grc' dir='ltr'><strong>ἑπτὰ</strong></span> <span class='ocrx_word' id='word_1_488' title='bbox 597 3834 778 3904; x_wconf 78' lang='grc' dir='ltr'><strong>ἄρτων</strong></span> <span class='ocrx_word' id='word_1_489' title='bbox 824 3832 917 3884; x_wconf 85' lang='grc' dir='ltr'><strong>καὶ</strong></span> <span class='ocrx_word' id='word_1_490' title='bbox 963 3830 1073 3883; x_wconf 85' lang='grc' dir='ltr'><strong>τῶν</strong></span> <span class='ocrx_word' id='word_1_491' title='bbox 1111 3829 1205 3884; x_wconf 76' lang='grc' dir='ltr'><strong>δύο</strong></span> <span class='ocrx_word' id='word_1_492' title='bbox 1247 3830 1448 3900; x_wconf 85' lang='grc' dir='ltr'><strong>ίχθύων</strong></span> <span class='ocrx_word' id='word_1_493' title='bbox 1493 3829 1680 3894; x_wconf 82' lang='grc' dir='ltr'><strong>θαῦμα</strong></span> <span class='ocrx_word' id='word_1_494' title='bbox 1710 3831 1868 3894; x_wconf 68' lang='grc' dir='ltr'><strong>ξένον</strong></span> 
     </span>
    </p>
   </div>
   <div class='ocr_carea' id='block_1_69' title="bbox 293 3921 1870 3996">
    <p class='ocr_par' dir='ltr' id='par_1_69' title="bbox 293 3921 1870 3996">
     <span class='ocr_line' id='line_1_69' title="bbox 293 3921 1870 3996; baseline -0.004 -18"><span class='ocrx_word' id='word_1_495' title='bbox 293 3929 607 3996; x_wconf 81' lang='grc' dir='ltr'><strong>είργάσατο.</strong></span> <span class='ocrx_word' id='word_1_496' title='bbox 643 3925 761 3976; x_wconf 79' lang='grc' dir='ltr'><strong>Κάν</strong></span> <span class='ocrx_word' id='word_1_497' title='bbox 802 3927 868 3995; x_wconf 83' lang='grc' dir='ltr'><strong>τῇ</strong></span> <span class='ocrx_word' id='word_1_498' title='bbox 913 3923 1073 3992; x_wconf 81' lang='grc' dir='ltr'><strong>ἁλείᾳ.</strong></span> <span class='ocrx_word' id='word_1_499' title='bbox 1105 3921 1162 3975; x_wconf 85' lang='grc' dir='ltr'><strong>δὲ</strong></span> <span class='ocrx_word' id='word_1_500' title='bbox 1206 3923 1306 3992; x_wconf 87' lang='grc' dir='ltr'><strong>τῆς</strong></span> <span class='ocrx_word' id='word_1_501' title='bbox 1346 3922 1669 3988; x_wconf 77' lang='grc' dir='ltr'><strong>Τιϐεριάδος</strong></span> <span class='ocrx_word' id='word_1_502' title='bbox 1707 3938 1870 3988; x_wconf 84' lang='grc' dir='ltr'><strong>γεγε-</strong></span> 
     </span>
    </p>
   </div>
   <div class='ocr_carea' id='block_1_70' title="bbox 293 4013 1869 4086">
    <p class='ocr_par' dir='ltr' id='par_1_70' title="bbox 293 4013 1869 4086">
     <span class='ocr_line' id='line_1_70' title="bbox 293 4013 1869 4086; baseline -0.002 -16"><span class='ocrx_word' id='word_1_503' title='bbox 293 4018 516 4086; x_wconf 79' lang='grc' dir='ltr'><strong>νημένη,</strong></span> <span class='ocrx_word' id='word_1_504' title='bbox 553 4019 648 4068; x_wconf 76' lang='grc' dir='ltr'><strong>καὶ</strong></span> <span class='ocrx_word' id='word_1_505' title='bbox 687 4017 820 4068; x_wconf 84' lang='grc' dir='ltr'><strong>ὃπου</strong></span> <span class='ocrx_word' id='word_1_506' title='bbox 869 4015 1054 4084; x_wconf 79' lang='grc' dir='ltr'><strong>δὲτὴν</strong></span> <span class='ocrx_word' id='word_1_507' title='bbox 1092 4013 1468 4084; x_wconf 78' lang='grc' dir='ltr'><strong>Μαγδαληνὴν</strong></span> <span class='ocrx_word' id='word_1_508' title='bbox 1505 4017 1644 4078; x_wconf 79' lang='grc' dir='ltr'><strong>ίᾶτο,</strong></span> <span class='ocrx_word' id='word_1_509' title='bbox 1681 4014 1869 4082; x_wconf 63' lang='grc' dir='ltr'><strong>διαφύσ-</strong></span> 
     </span>
    </p>
   </div>
   <div class='ocr_carea' id='block_1_71' title="bbox 299 4106 1866 4174">
    <p class='ocr_par' dir='ltr' id='par_1_71' title="bbox 299 4106 1866 4174">
     <span class='ocr_line' id='line_1_71' title="bbox 299 4106 1866 4174; baseline 0.001 -16"><span class='ocrx_word' id='word_1_510' title='bbox 299 4123 415 4174; x_wconf 69' lang='lat' dir='ltr'><strong>pou;</strong></span> <span class='ocrx_word' id='word_1_511' title='bbox 456 4107 584 4161; x_wconf 74' lang='grc' dir='ltr'><strong>καθ’</strong></span> <span class='ocrx_word' id='word_1_512' title='bbox 635 4106 870 4159; x_wconf 72' lang='grc' dir='ltr'><strong>ἕκαστον</strong></span> <span class='ocrx_word' id='word_1_513' title='bbox 916 4106 1124 4158; x_wconf 87' lang='grc' dir='ltr'><strong>τούτων</strong></span> <span class='ocrx_word' id='word_1_514' title='bbox 1150 4107 1267 4167; x_wconf 83' lang='grc' dir='ltr'><strong>τοῖς</strong></span> <span class='ocrx_word' id='word_1_515' title='bbox 1311 4107 1636 4168; x_wconf 80' lang='grc' dir='ltr'><strong>ἀποστόλοις</strong></span> <span class='ocrx_word' id='word_1_516' title='bbox 1669 4107 1866 4159; x_wconf 82' lang='grc' dir='ltr'><strong>ἀνίστα</strong></span> 
     </span>
    </p>
   </div>
   <div class='ocr_carea' id='block_1_72' title="bbox 294 4196 1867 4268">
    <p class='ocr_par' dir='ltr' id='par_1_72' title="bbox 294 4196 1867 4268">
     <span class='ocr_line' id='line_1_72' title="bbox 294 4196 1867 4268; baseline 0.002 -21"><span class='ocrx_word' id='word_1_517' title='bbox 294 4199 445 4260; x_wconf 85' lang='grc' dir='ltr'><strong>νεώς.</strong></span> <span class='ocrx_word' id='word_1_518' title='bbox 480 4198 676 4250; x_wconf 86' lang='grc' dir='ltr'><strong>Ἐνδον</strong></span> <span class='ocrx_word' id='word_1_519' title='bbox 707 4198 764 4250; x_wconf 79' lang='grc' dir='ltr'><strong>δὲ</strong></span> <span class='ocrx_word' id='word_1_520' title='bbox 794 4198 895 4268; x_wconf 81' lang='grc' dir='ltr'><strong>τῆς</strong></span> <span class='ocrx_word' id='word_1_521' title='bbox 935 4197 1147 4258; x_wconf 79' lang='grc' dir='ltr'><strong>πόλεως</strong></span> <span class='ocrx_word' id='word_1_522' title='bbox 1186 4196 1514 4266; x_wconf 77' lang='grc' dir='ltr'><strong>Τιϐεριάδος</strong></span> <span class='ocrx_word' id='word_1_523' title='bbox 1543 4199 1642 4266; x_wconf 82' lang='grc' dir='ltr'><strong>τὴν</strong></span> <span class='ocrx_word' id='word_1_524' title='bbox 1684 4198 1867 4251; x_wconf 84' lang='grc' dir='ltr'><strong>οίκίαν</strong></span> 
     </span>
    </p>
   </div>
   <div class='ocr_carea' id='block_1_73' title="bbox 293 4285 1865 4358">
    <p class='ocr_par' dir='ltr' id='par_1_73' title="bbox 293 4285 1865 4358">
     <span class='ocr_line' id='line_1_73' title="bbox 293 4285 1865 4358; baseline -0.003 -16"><span class='ocrx_word' id='word_1_525' title='bbox 293 4291 384 4357; x_wconf 76' lang='grc' dir='ltr'><strong>τῆς</strong></span> <span class='ocrx_word' id='word_1_526' title='bbox 411 4289 684 4358; x_wconf 80' lang='grc' dir='ltr'><strong>πενθερᾶς</strong></span> <span class='ocrx_word' id='word_1_527' title='bbox 721 4289 930 4358; x_wconf 79' lang='grc' dir='ltr'><strong>Πέτρου</strong></span> <span class='ocrx_word' id='word_1_528' title='bbox 957 4285 1198 4356; x_wconf 82' lang='grc' dir='ltr'><strong>εὑροῦσα</strong></span> <span class='ocrx_word' id='word_1_529' title='bbox 1230 4287 1422 4357; x_wconf 81' lang='grc' dir='ltr'><strong>Πέτρῳ</strong></span> <span class='ocrx_word' id='word_1_530' title='bbox 1451 4288 1530 4356; x_wconf 73' lang='grc' dir='ltr'><strong>τῷ</strong></span> <span class='ocrx_word' id='word_1_531' title='bbox 1580 4287 1711 4356; x_wconf 80' lang='grc' dir='ltr'><strong>θείῳ</strong></span> <span class='ocrx_word' id='word_1_532' title='bbox 1743 4305 1865 4339; x_wconf 83' lang='grc' dir='ltr'><strong>ποι-</strong></span> 
     </span>
    </p>
   </div>
   <div class='ocr_carea' id='block_1_74' title="bbox 295 4379 1863 4452">
    <p class='ocr_par' dir='ltr' id='par_1_74' title="bbox 295 4379 1863 4452">
     <span class='ocr_line' id='line_1_74' title="bbox 295 4379 1863 4452; baseline -0.002 -18"><span class='ocrx_word' id='word_1_533' title='bbox 295 4384 433 4435; x_wconf 83' lang='grc' dir='ltr'><strong>κίλον</strong></span> <span class='ocrx_word' id='word_1_534' title='bbox 459 4382 737 4452; x_wconf 79' lang='grc' dir='ltr'><strong>ᾠκοδόμει</strong></span> <span class='ocrx_word' id='word_1_535' title='bbox 779 4379 936 4436; x_wconf 84' lang='grc' dir='ltr'><strong>νεών.</strong></span> <span class='ocrx_word' id='word_1_536' title='bbox 987 4383 1103 4434; x_wconf 76' lang='grc' dir='ltr'><strong>Κάν</strong></span> <span class='ocrx_word' id='word_1_537' title='bbox 1145 4379 1226 4450; x_wconf 80' lang='grc' dir='ltr'><strong>τῷ</strong></span> <span class='ocrx_word' id='word_1_538' title='bbox 1273 4379 1544 4449; x_wconf 79' lang='grc' dir='ltr'><strong>Θαὸωρίῳ</strong></span> <span class='ocrx_word' id='word_1_539' title='bbox 1583 4380 1642 4432; x_wconf 79' lang='grc' dir='ltr'><strong>δὲ</strong></span> <span class='ocrx_word' id='word_1_540' title='bbox 1669 4381 1738 4431; x_wconf 68' lang='grc' dir='ltr'><strong>τά</strong></span> <span class='ocrx_word' id='word_1_541' title='bbox 1773 4380 1863 4431; x_wconf 70' lang='lat' dir='ltr'><strong>in</strong></span> 
     </span>
    </p>
   </div>
   <div class='ocr_carea' id='block_1_75' title="bbox 293 4471 1863 4543">
    <p class='ocr_par' dir='ltr' id='par_1_75' title="bbox 293 4471 1863 4543">
     <span class='ocr_line' id='line_1_75' title="bbox 293 4471 1863 4543; baseline -0.002 -15"><span class='ocrx_word' id='word_1_542' title='bbox 293 4473 666 4543; x_wconf 71' lang='grc' dir='ltr'><strong>διεπράττετοο</strong></span> <span class='ocrx_word' id='word_1_543' title='bbox 699 4473 828 4524; x_wconf 71' lang='lat' dir='ltr'><strong>Evilat</strong></span> <span class='ocrx_word' id='word_1_544' title='bbox 858 4472 923 4540; x_wconf 88' lang='grc' dir='ltr'><strong>δὴ</strong></span> <span class='ocrx_word' id='word_1_545' title='bbox 968 4472 1190 4540; x_wconf 81' lang='grc' dir='ltr'><strong>λέγεται</strong></span> <span class='ocrx_word' id='word_1_546' title='bbox 1244 4475 1339 4525; x_wconf 76' lang='grc' dir='ltr'><strong>καὶ</strong></span> <span class='ocrx_word' id='word_1_547' title='bbox 1373 4471 1464 4524; x_wconf 75' lang='grc' dir='ltr'><strong>τὸν</strong></span> <span class='ocrx_word' id='word_1_548' title='bbox 1521 4472 1863 4541; x_wconf 76' lang='grc' dir='ltr'><strong>Μελχισεδὲκ</strong></span> 
     </span>
    </p>
   </div>
   <div class='ocr_carea' id='block_1_76' title="bbox 293 4563 1864 4634">
    <p class='ocr_par' dir='ltr' id='par_1_76' title="bbox 293 4563 1864 4634">
     <span class='ocr_line' id='line_1_76' title="bbox 293 4563 1864 4634; baseline -0.001 -18"><span class='ocrx_word' id='word_1_549' title='bbox 293 4565 535 4632; x_wconf 71' lang='grc' dir='ltr'><strong>εὐλογίας</strong></span> <span class='ocrx_word' id='word_1_550' title='bbox 567 4565 901 4629; x_wconf 76' lang='grc' dir='ltr'><strong>καταξιῶσαι</strong></span> <span class='ocrx_word' id='word_1_551' title='bbox 922 4564 1016 4617; x_wconf 80' lang='grc' dir='ltr'><strong>τὸν</strong></span> <span class='ocrx_word' id='word_1_552' title='bbox 1057 4564 1335 4634; x_wconf 73' lang='grc' dir='ltr'><strong>Ἀϐραάμ.</strong></span> <span class='ocrx_word' id='word_1_553' title='bbox 1365 4563 1454 4632; x_wconf 84' lang='grc' dir='ltr'><strong>Τῷ</strong></span> <span class='ocrx_word' id='word_1_554' title='bbox 1477 4563 1534 4616; x_wconf 70' lang='grc' dir='ltr'><strong>δὲ</strong></span> <span class='ocrx_word' id='word_1_555' title='bbox 1557 4566 1656 4632; x_wconf 81' lang='grc' dir='ltr'><strong>τῆς</strong></span> <span class='ocrx_word' id='word_1_556' title='bbox 1680 4564 1864 4616; x_wconf 82' lang='grc' dir='ltr'><strong>Μετα-</strong></span> 
     </span>
    </p>
   </div>
   <div class='ocr_carea' id='block_1_77' title="bbox 297 4656 1862 4728">
    <p class='ocr_par' dir='ltr' id='par_1_77' title="bbox 297 4656 1862 4728">
     <span class='ocr_line' id='line_1_77' title="bbox 297 4656 1862 4728; baseline -0.001 -18"><span class='ocrx_word' id='word_1_557' title='bbox 297 4659 626 4728; x_wconf 78' lang='grc' dir='ltr'><strong>μορφώσεως</strong></span> <span class='ocrx_word' id='word_1_558' title='bbox 655 4660 806 4726; x_wconf 81' lang='grc' dir='ltr'><strong>τόπῳ</strong></span> <span class='ocrx_word' id='word_1_559' title='bbox 850 4659 964 4718; x_wconf 83' lang='grc' dir='ltr'><strong>τοῖς</strong></span> <span class='ocrx_word' id='word_1_560' title='bbox 985 4656 1085 4726; x_wconf 79' lang='grc' dir='ltr'><strong>τὴν</strong></span> <span class='ocrx_word' id='word_1_561' title='bbox 1127 4656 1381 4724; x_wconf 80' lang='grc' dir='ltr'><strong>ὑπερφυᾶ</strong></span> <span class='ocrx_word' id='word_1_562' title='bbox 1427 4657 1736 4709; x_wconf 83' lang='grc' dir='ltr'><strong>κατιδοῦσιν</strong></span> <span class='ocrx_word' id='word_1_563' title='bbox 1775 4657 1862 4708; x_wconf 85' lang='grc' dir='ltr'><strong>αί-</strong></span> 
     </span>
    </p>
   </div>
   <div class='ocr_carea' id='block_1_78' title="bbox 1971 3447 3553 3520">
    <p class='ocr_par' dir='ltr' id='par_1_78' title="bbox 1971 3447 3553 3520">
     <span class='ocr_line' id='line_1_78' title="bbox 1971 3447 3553 3520; baseline -0.002 -15"><span class='ocrx_word' id='word_1_564' title='bbox 1971 3451 2258 3509; x_wconf 81' lang='lat' dir='ltr'><strong>huniinum</strong></span> <span class='ocrx_word' id='word_1_565' title='bbox 2295 3449 2468 3503; x_wconf 86' lang='lat' dir='ltr'><strong>millia</strong></span> <span class='ocrx_word' id='word_1_566' title='bbox 2512 3452 2683 3518; x_wconf 88' lang='lat' dir='ltr'><strong>pavit.</strong></span> <span class='ocrx_word' id='word_1_567' title='bbox 2735 3452 2791 3502; x_wconf 90' lang='lat' dir='ltr'><strong>lu</strong></span> <span class='ocrx_word' id='word_1_568' title='bbox 2835 3465 2898 3504; x_wconf 88' lang='lat' dir='ltr'><strong>ea</strong></span> <span class='ocrx_word' id='word_1_569' title='bbox 2950 3449 3179 3520; x_wconf 80' lang='lat' dir='ltr'><strong>regione</strong></span> <span class='ocrx_word' id='word_1_570' title='bbox 3223 3458 3311 3502; x_wconf 80' lang='lat' dir='ltr'><strong>est</strong></span> <span class='ocrx_word' id='word_1_571' title='bbox 3350 3447 3553 3518; x_wconf 84' lang='lat' dir='ltr'><strong>Caper-</strong></span> 
     </span>
    </p>
   </div>
   <div class='ocr_carea' id='block_1_79' title="bbox 1972 3544 3551 3609">
    <p class='ocr_par' dir='ltr' id='par_1_79' title="bbox 1972 3544 3551 3609">
     <span class='ocr_line' id='line_1_79' title="bbox 1972 3544 3551 3609; baseline 0.004 -12"><span class='ocrx_word' id='word_1_572' title='bbox 1972 3558 2160 3609; x_wconf 88' lang='lat' dir='ltr'><strong>naum,</strong></span> <span class='ocrx_word' id='word_1_573' title='bbox 2197 3544 2288 3597; x_wconf 92' lang='lat' dir='ltr'><strong>ubi</strong></span> <span class='ocrx_word' id='word_1_574' title='bbox 2325 3545 2654 3598; x_wconf 89' lang='lat' dir='ltr'><strong>miraculum</strong></span> <span class='ocrx_word' id='word_1_575' title='bbox 2687 3544 2818 3598; x_wconf 89' lang='lat' dir='ltr'><strong>illud</strong></span> <span class='ocrx_word' id='word_1_576' title='bbox 2856 3545 2909 3598; x_wconf 85' lang='lat' dir='ltr'><strong>in</strong></span> <span class='ocrx_word' id='word_1_577' title='bbox 2955 3545 3284 3600; x_wconf 87' lang='lat' dir='ltr'><strong>centurione</strong></span> <span class='ocrx_word' id='word_1_578' title='bbox 3315 3547 3551 3604; x_wconf 87' lang='lat' dir='ltr'><strong>editum.</strong></span> 
     </span>
    </p>
   </div>
   <div class='ocr_carea' id='block_1_80' title="bbox 1969 3638 3548 3707">
    <p class='ocr_par' dir='ltr' id='par_1_80' title="bbox 1969 3638 3548 3707">
     <span class='ocr_line' id='line_1_80' title="bbox 1969 3638 3548 3707; baseline -0.001 -14"><span class='ocrx_word' id='word_1_579' title='bbox 1969 3648 2024 3693; x_wconf 84' lang='lat' dir='ltr'><strong>et</strong></span> <span class='ocrx_word' id='word_1_580' title='bbox 2062 3639 2116 3692; x_wconf 88' lang='lat' dir='ltr'><strong>in</strong></span> <span class='ocrx_word' id='word_1_581' title='bbox 2152 3638 2477 3707; x_wconf 83' lang='lat' dir='ltr'><strong>paralytieo,</strong></span> <span class='ocrx_word' id='word_1_582' title='bbox 2509 3638 2601 3707; x_wconf 81' lang='lat' dir='ltr'><strong>qui</strong></span> <span class='ocrx_word' id='word_1_583' title='bbox 2643 3653 2740 3706; x_wconf 83' lang='lat' dir='ltr'><strong>per</strong></span> <span class='ocrx_word' id='word_1_584' title='bbox 2787 3647 2990 3691; x_wconf 83' lang='lat' dir='ltr'><strong>tectum</strong></span> <span class='ocrx_word' id='word_1_585' title='bbox 3028 3640 3324 3703; x_wconf 82' lang='lat' dir='ltr'><strong>demissus,</strong></span> <span class='ocrx_word' id='word_1_586' title='bbox 3361 3641 3548 3695; x_wconf 84' lang='lat' dir='ltr'><strong>statim</strong></span> 
     </span>
    </p>
   </div>
   <div class='ocr_carea' id='block_1_81' title="bbox 1971 3729 3551 3802">
    <p class='ocr_par' dir='ltr' id='par_1_81' title="bbox 1971 3729 3551 3802">
     <span class='ocr_line' id='line_1_81' title="bbox 1971 3729 3551 3802; baseline 0 -18"><span class='ocrx_word' id='word_1_587' title='bbox 1971 3731 2207 3785; x_wconf 89' lang='lat' dir='ltr'><strong>salutem</strong></span> <span class='ocrx_word' id='word_1_588' title='bbox 2263 3731 2521 3796; x_wconf 81' lang='lat' dir='ltr'><strong>invenit;</strong></span> <span class='ocrx_word' id='word_1_589' title='bbox 2587 3729 2790 3784; x_wconf 83' lang='lat' dir='ltr'><strong>deinde</strong></span> <span class='ocrx_word' id='word_1_590' title='bbox 2850 3730 2941 3784; x_wconf 84' lang='lat' dir='ltr'><strong>ubi</strong></span> <span class='ocrx_word' id='word_1_591' title='bbox 3003 3732 3206 3784; x_wconf 81' lang='lat' dir='ltr'><strong>mulier</strong></span> <span class='ocrx_word' id='word_1_592' title='bbox 3261 3732 3551 3802; x_wconf 83' lang='lat' dir='ltr'><strong>sanguinis</strong></span> 
     </span>
    </p>
   </div>
   <div class='ocr_carea' id='block_1_82' title="bbox 1969 3821 3552 3878">
    <p class='ocr_par' dir='ltr' id='par_1_82' title="bbox 1969 3821 3552 3878">
     <span class='ocr_line' id='line_1_82' title="bbox 1969 3821 3552 3878; baseline 0 -3"><span class='ocrx_word' id='word_1_593' title='bbox 1969 3821 2119 3875; x_wconf 80' lang='lat' dir='ltr'><strong>ﬂuxu</strong></span> <span class='ocrx_word' id='word_1_594' title='bbox 2165 3822 2424 3875; x_wconf 88' lang='lat' dir='ltr'><strong>laborans</strong></span> <span class='ocrx_word' id='word_1_595' title='bbox 2464 3821 2719 3875; x_wconf 72' lang='lat' dir='ltr'><strong>restituta</strong></span> <span class='ocrx_word' id='word_1_596' title='bbox 2756 3830 2864 3876; x_wconf 86' lang='lat' dir='ltr'><strong>est.</strong></span> <span class='ocrx_word' id='word_1_597' title='bbox 2890 3822 3122 3876; x_wconf 83' lang='lat' dir='ltr'><strong>Sistitnr</strong></span> <span class='ocrx_word' id='word_1_598' title='bbox 3149 3823 3394 3877; x_wconf 78' lang='lat' dir='ltr'><strong>etiamin</strong></span> <span class='ocrx_word' id='word_1_599' title='bbox 3432 3826 3552 3878; x_wconf 88' lang='lat' dir='ltr'><strong>loeu</strong></span> 
     </span>
    </p>
   </div>
   <div class='ocr_carea' id='block_1_83' title="bbox 1969 3913 3553 3983">
    <p class='ocr_par' dir='ltr' id='par_1_83' title="bbox 1969 3913 3553 3983">
     <span class='ocr_line' id='line_1_83' title="bbox 1969 3913 3553 3983; baseline 0.001 -17"><span class='ocrx_word' id='word_1_600' title='bbox 1969 3913 2065 3983; x_wconf 87' lang='lat' dir='ltr'><strong>qui</strong></span> <span class='ocrx_word' id='word_1_601' title='bbox 2105 3915 2312 3968; x_wconf 80' lang='lat' dir='ltr'><strong>dicitur</strong></span> <span class='ocrx_word' id='word_1_602' title='bbox 2357 3914 2738 3982; x_wconf 78' lang='grc' dir='ltr'><strong>Ἑπτάπηγος,</strong></span> <span class='ocrx_word' id='word_1_603' title='bbox 2773 3914 2878 3968; x_wconf 83' lang='lat' dir='ltr'><strong>hoc</strong></span> <span class='ocrx_word' id='word_1_604' title='bbox 2909 3925 3014 3977; x_wconf 85' lang='lat' dir='ltr'><strong>est,</strong></span> <span class='ocrx_word' id='word_1_605' title='bbox 3058 3916 3137 3968; x_wconf 80' lang='lat' dir='ltr'><strong>Ad</strong></span> <span class='ocrx_word' id='word_1_606' title='bbox 3185 3928 3395 3983; x_wconf 80' lang='lat' dir='ltr'><strong>septem</strong></span> <span class='ocrx_word' id='word_1_607' title='bbox 3433 3919 3553 3968; x_wconf 81' lang='lat' dir='ltr'><strong>fon-</strong></span> 
     </span>
    </p>
   </div>
   <div class='ocr_carea' id='block_1_84' title="bbox 1971 4004 3551 4078">
    <p class='ocr_par' dir='ltr' id='par_1_84' title="bbox 1971 4004 3551 4078">
     <span class='ocr_line' id='line_1_84' title="bbox 1971 4004 3551 4078; baseline 0.004 -23"><span class='ocrx_word' id='word_1_608' title='bbox 1971 4012 2076 4068; x_wconf 87' lang='lat' dir='ltr'><strong>tes,</strong></span> <span class='ocrx_word' id='word_1_609' title='bbox 2098 4004 2192 4058; x_wconf 75' lang='grc' dir='ltr'><strong>ιιιιί</strong></span> <span class='ocrx_word' id='word_1_610' title='bbox 2220 4005 2412 4074; x_wconf 77' lang='lat' dir='ltr'><strong>ingens</strong></span> <span class='ocrx_word' id='word_1_611' title='bbox 2442 4005 2575 4058; x_wconf 91' lang='lat' dir='ltr'><strong>illud</strong></span> <span class='ocrx_word' id='word_1_612' title='bbox 2609 4006 2940 4060; x_wconf 88' lang='lat' dir='ltr'><strong>miraculum</strong></span> <span class='ocrx_word' id='word_1_613' title='bbox 2965 4007 3034 4060; x_wconf 90' lang='lat' dir='ltr'><strong>de</strong></span> <span class='ocrx_word' id='word_1_614' title='bbox 3066 4017 3277 4076; x_wconf 76' lang='lat' dir='ltr'><strong>septem</strong></span> <span class='ocrx_word' id='word_1_615' title='bbox 3314 4010 3551 4078; x_wconf 78' lang='lat' dir='ltr'><strong>panibus</strong></span> 
     </span>
    </p>
   </div>
   <div class='ocr_carea' id='block_1_85' title="bbox 1969 4096 3550 4170">
    <p class='ocr_par' dir='ltr' id='par_1_85' title="bbox 1969 4096 3550 4170">
     <span class='ocr_line' id='line_1_85' title="bbox 1969 4096 3550 4170; baseline 0.003 -20"><span class='ocrx_word' id='word_1_616' title='bbox 1969 4105 2024 4150; x_wconf 90' lang='lat' dir='ltr'><strong>et</strong></span> <span class='ocrx_word' id='word_1_617' title='bbox 2062 4096 2254 4166; x_wconf 82' lang='lat' dir='ltr'><strong>paucis</strong></span> <span class='ocrx_word' id='word_1_618' title='bbox 2281 4098 2525 4164; x_wconf 83' lang='lat' dir='ltr'><strong>piscibus</strong></span> <span class='ocrx_word' id='word_1_619' title='bbox 2554 4098 2822 4166; x_wconf 85' lang='lat' dir='ltr'><strong>Dominus</strong></span> <span class='ocrx_word' id='word_1_620' title='bbox 2858 4100 3008 4152; x_wconf 78' lang='lat' dir='ltr'><strong>fecit.</strong></span> <span class='ocrx_word' id='word_1_621' title='bbox 3044 4099 3294 4153; x_wconf 82' lang='lat' dir='ltr'><strong>Accessit</strong></span> <span class='ocrx_word' id='word_1_622' title='bbox 3323 4117 3550 4170; x_wconf 72' lang='lat' dir='ltr'><strong>quoque</strong></span> 
     </span>
    </p>
   </div>
   <div class='ocr_carea' id='block_1_86' title="bbox 1969 4188 3552 4261">
    <p class='ocr_par' dir='ltr' id='par_1_86' title="bbox 1969 4188 3552 4261">
     <span class='ocr_line' id='line_1_86' title="bbox 1969 4188 3552 4261; baseline 0.002 -18"><span class='ocrx_word' id='word_1_623' title='bbox 1969 4190 2038 4243; x_wconf 89' lang='lat' dir='ltr'><strong>ad</strong></span> <span class='ocrx_word' id='word_1_624' title='bbox 2079 4188 2392 4244; x_wconf 85' lang='lat' dir='ltr'><strong>Tiberiad-is</strong></span> <span class='ocrx_word' id='word_1_625' title='bbox 2430 4190 2722 4257; x_wconf 78' lang='lat' dir='ltr'><strong>piscatum,</strong></span> <span class='ocrx_word' id='word_1_626' title='bbox 2767 4201 2824 4243; x_wconf 89' lang='lat' dir='ltr'><strong>et</strong></span> <span class='ocrx_word' id='word_1_627' title='bbox 2875 4193 2925 4243; x_wconf 92' lang='lat' dir='ltr'><strong>in</strong></span> <span class='ocrx_word' id='word_1_628' title='bbox 2975 4191 3158 4245; x_wconf 76' lang='lat' dir='ltr'><strong>locum</strong></span> <span class='ocrx_word' id='word_1_629' title='bbox 3203 4193 3294 4246; x_wconf 80' lang='lat' dir='ltr'><strong>ulli</strong></span> <span class='ocrx_word' id='word_1_630' title='bbox 3333 4193 3552 4261; x_wconf 74' lang='lat' dir='ltr'><strong>Magda-</strong></span> 
     </span>
    </p>
   </div>
   <div class='ocr_carea' id='block_1_87' title="bbox 1967 4283 3552 4354">
    <p class='ocr_par' dir='ltr' id='par_1_87' title="bbox 1967 4283 3552 4354">
     <span class='ocr_line' id='line_1_87' title="bbox 1967 4283 3552 4354; baseline 0.002 -17"><span class='ocrx_word' id='word_1_631' title='bbox 1967 4285 2092 4338; x_wconf 88' lang='lat' dir='ltr'><strong>lena</strong></span> <span class='ocrx_word' id='word_1_632' title='bbox 2124 4289 2320 4336; x_wconf 62' lang='lat' dir='ltr'><strong>sanata</strong></span> <span class='ocrx_word' id='word_1_633' title='bbox 2343 4292 2533 4348; x_wconf 62' lang='lat' dir='ltr'><strong>est-,et</strong></span> <span class='ocrx_word' id='word_1_634' title='bbox 2567 4285 2622 4337; x_wconf 90' lang='lat' dir='ltr'><strong>in</strong></span> <span class='ocrx_word' id='word_1_635' title='bbox 2653 4283 2890 4354; x_wconf 68' lang='lat' dir='ltr'><strong>singulis</strong></span> <span class='ocrx_word' id='word_1_636' title='bbox 2913 4285 3052 4338; x_wconf 87' lang='lat' dir='ltr'><strong>locis</strong></span> <span class='ocrx_word' id='word_1_637' title='bbox 3078 4287 3295 4339; x_wconf 70' lang='lat' dir='ltr'><strong>d‘iveriia</strong></span> <span class='ocrx_word' id='word_1_638' title='bbox 3327 4297 3552 4354; x_wconf 82' lang='lat' dir='ltr'><strong>aposto-</strong></span> 
     </span>
    </p>
   </div>
   <div class='ocr_carea' id='block_1_88' title="bbox 1968 4377 3545 4446">
    <p class='ocr_par' dir='ltr' id='par_1_88' title="bbox 1968 4377 3545 4446">
     <span class='ocr_line' id='line_1_88' title="bbox 1968 4377 3545 4446; baseline 0 -16"><span class='ocrx_word' id='word_1_639' title='bbox 1968 4377 2038 4431; x_wconf 85' lang='lat' dir='ltr'><strong>lis</strong></span> <span class='ocrx_word' id='word_1_640' title='bbox 2086 4377 2396 4431; x_wconf 74' lang='lat' dir='ltr'><strong>construxit</strong></span> <span class='ocrx_word' id='word_1_641' title='bbox 2448 4377 2672 4446; x_wconf 81' lang='lat' dir='ltr'><strong>tem-pla.</strong></span> <span class='ocrx_word' id='word_1_642' title='bbox 2724 4377 2872 4431; x_wconf 72' lang='lat' dir='ltr'><strong>intra</strong></span> <span class='ocrx_word' id='word_1_643' title='bbox 2922 4379 3128 4432; x_wconf 82' lang='lat' dir='ltr'><strong>urbem</strong></span> <span class='ocrx_word' id='word_1_644' title='bbox 3171 4377 3545 4442; x_wconf 83' lang='lat' dir='ltr'><strong>&#39;I&#39;iberiadem,</strong></span> 
     </span>
    </p>
   </div>
   <div class='ocr_carea' id='block_1_89' title="bbox 1967 4470 3544 4540">
    <p class='ocr_par' dir='ltr' id='par_1_89' title="bbox 1967 4470 3544 4540">
     <span class='ocr_line' id='line_1_89' title="bbox 1967 4470 3544 4540; baseline 0.001 -17"><span class='ocrx_word' id='word_1_645' title='bbox 1967 4477 2173 4524; x_wconf 71' lang='lat' dir='ltr'><strong>socrus</strong></span> <span class='ocrx_word' id='word_1_646' title='bbox 2197 4470 2344 4524; x_wconf 83' lang='lat' dir='ltr'><strong>Pet-ri</strong></span> <span class='ocrx_word' id='word_1_647' title='bbox 2385 4470 2550 4524; x_wconf 75' lang='lat' dir='ltr'><strong>domo</strong></span> <span class='ocrx_word' id='word_1_648' title='bbox 2581 4481 2824 4539; x_wconf 80' lang='lat' dir='ltr'><strong>reperta.</strong></span> <span class='ocrx_word' id='word_1_649' title='bbox 2859 4472 2989 4524; x_wconf 91' lang='lat' dir='ltr'><strong>divo</strong></span> <span class='ocrx_word' id='word_1_650' title='bbox 3038 4472 3210 4525; x_wconf 77' lang='lat' dir='ltr'><strong>Petro</strong></span> <span class='ocrx_word' id='word_1_651' title='bbox 3250 4473 3544 4540; x_wconf 62' lang='lat' dir='ltr'><strong>puli-hrum</strong></span> 
     </span>
    </p>
   </div>
   <div class='ocr_carea' id='block_1_90' title="bbox 1966 4561 3550 4632">
    <p class='ocr_par' dir='ltr' id='par_1_90' title="bbox 1966 4561 3550 4632">
     <span class='ocr_line' id='line_1_90' title="bbox 1966 4561 3550 4632; baseline 0.001 -16"><span class='ocrx_word' id='word_1_652' title='bbox 1966 4561 2258 4616; x_wconf 79' lang='lat' dir='ltr'><strong>constituit</strong></span> <span class='ocrx_word' id='word_1_653' title='bbox 2287 4561 2612 4616; x_wconf 76' lang='lat' dir='ltr'><strong>delubrum.</strong></span> <span class='ocrx_word' id='word_1_654' title='bbox 2656 4563 2856 4616; x_wconf 72' lang='lat' dir='ltr'><strong>Itidem</strong></span> <span class='ocrx_word' id='word_1_655' title='bbox 2879 4567 3056 4632; x_wconf 76' lang='lat' dir='ltr'><strong>porro&#39;</strong></span> <span class='ocrx_word' id='word_1_656' title='bbox 3087 4565 3150 4616; x_wconf 82' lang='lat' dir='ltr'><strong>in&#39;</strong></span> <span class='ocrx_word' id='word_1_657' title='bbox 3177 4574 3363 4616; x_wconf 88' lang='lat' dir='ltr'><strong>monte</strong></span> <span class='ocrx_word' id='word_1_658' title='bbox 3400 4564 3550 4617; x_wconf 54' lang='lat' dir='ltr'><strong>&#39;l‘ha-</strong></span> 
     </span>
    </p>
   </div>
   <div class='ocr_carea' id='block_1_91' title="bbox 1965 4655 3547 4725">
    <p class='ocr_par' dir='ltr' id='par_1_91' title="bbox 1965 4655 3547 4725">
     <span class='ocr_line' id='line_1_91' title="bbox 1965 4655 3547 4725; baseline 0.001 -17"><span class='ocrx_word' id='word_1_659' title='bbox 1965 4656 2068 4708; x_wconf 80' lang='lat' dir='ltr'><strong>hor</strong></span> <span class='ocrx_word' id='word_1_660' title='bbox 2093 4655 2246 4716; x_wconf 81' lang='lat' dir='ltr'><strong>fecit,</strong></span> <span class='ocrx_word' id='word_1_661' title='bbox 2281 4655 2471 4725; x_wconf 80' lang='lat' dir='ltr'><strong>inquo</strong></span> <span class='ocrx_word' id='word_1_662' title='bbox 2508 4655 2923 4711; x_wconf 77' lang='lat' dir='ltr'><strong>Melchisedech</strong></span> <span class='ocrx_word' id='word_1_663' title='bbox 2947 4658 3320 4712; x_wconf 80' lang='lat' dir='ltr'><strong>Abrahamum</strong></span> <span class='ocrx_word' id='word_1_664' title='bbox 3345 4658 3547 4711; x_wconf 79' lang='lat' dir='ltr'><strong>dicitur</strong></span> 
     </span>
    </p>
   </div>
   <div class='ocr_carea' id='block_1_92' title="bbox 294 4730 1865 4818">
    <p class='ocr_par' dir='ltr' id='par_1_92' title="bbox 294 4745 1860 4818">
     <span class='ocr_line' id='line_1_92' title="bbox 294 4745 1860 4818; baseline 0.002 -20"><span class='ocrx_word' id='word_1_665' title='bbox 294 4749 420 4817; x_wconf 83' lang='grc' dir='ltr'><strong>γλην</strong></span> <span class='ocrx_word' id='word_1_666' title='bbox 448 4749 666 4818; x_wconf 84' lang='grc' dir='ltr'><strong>ἐκείνην</strong></span> <span class='ocrx_word' id='word_1_667' title='bbox 692 4749 873 4816; x_wconf 78' lang='grc' dir='ltr'><strong>τρισὶν</strong></span> <span class='ocrx_word' id='word_1_668' title='bbox 905 4747 1226 4809; x_wconf 76' lang='grc' dir='ltr'><strong>ἀποστόλοις</strong></span> <span class='ocrx_word' id='word_1_669' title='bbox 1255 4748 1560 4817; x_wconf 86' lang='grc' dir='ltr'><strong>περικαλλῆ</strong></span> <span class='ocrx_word' id='word_1_670' title='bbox 1591 4747 1684 4802; x_wconf 85' lang='grc' dir='ltr'><strong>τὸν</strong></span> <span class='ocrx_word' id='word_1_671' title='bbox 1713 4745 1860 4801; x_wconf 77' lang='grc' dir='ltr'><strong>οἷκον</strong></span> 
     </span>
    </p>
   </div>
   <div class='ocr_carea' id='block_1_93' title="bbox 1969 4730 3542 4818">
    <p class='ocr_par' dir='ltr' id='par_1_93' title="bbox 1969 4746 3542 4818">
     <span class='ocr_line' id='line_1_93' title="bbox 1969 4746 3542 4818; baseline 0.002 -19"><span class='ocrx_word' id='word_1_672' title='bbox 1969 4746 2361 4800; x_wconf 72' lang='lat' dir='ltr'><strong>benedictione</strong></span> <span class='ocrx_word' id='word_1_673' title='bbox 2427 4759 2768 4814; x_wconf 80' lang='lat' dir='ltr'><strong>prosecutus</strong></span> <span class='ocrx_word' id='word_1_674' title='bbox 2818 4763 2963 4803; x_wconf 81' lang='lat' dir='ltr'><strong>esse.</strong></span> <span class='ocrx_word' id='word_1_675' title='bbox 3035 4750 3093 4802; x_wconf 89' lang='lat' dir='ltr'><strong>ln</strong></span> <span class='ocrx_word' id='word_1_676' title='bbox 3169 4749 3291 4818; x_wconf 80' lang='lat' dir='ltr'><strong>ipso</strong></span> <span class='ocrx_word' id='word_1_677' title='bbox 3359 4763 3542 4803; x_wconf 87' lang='lat' dir='ltr'><strong>autem</strong></span> 
     </span>
    </p>
   </div>
   <div class='ocr_carea' id='block_1_94' title="bbox 295 4837 1864 4908">
    <p class='ocr_par' dir='ltr' id='par_1_94' title="bbox 295 4837 1864 4908">
     <span class='ocr_line' id='line_1_94' title="bbox 295 4837 1864 4908; baseline 0.003 -22"><span class='ocrx_word' id='word_1_678' title='bbox 295 4838 558 4906; x_wconf 65' lang='grc' dir='ltr'><strong>ὲόείματοσ</strong></span> <span class='ocrx_word' id='word_1_679' title='bbox 587 4840 682 4891; x_wconf 66' lang='grc' dir='ltr'><strong>καὶ</strong></span> <span class='ocrx_word' id='word_1_680' title='bbox 707 4838 876 4891; x_wconf 85' lang='grc' dir='ltr'><strong>πολ·λὰ</strong></span> <span class='ocrx_word' id='word_1_681' title='bbox 906 4837 984 4908; x_wconf 84' lang='grc' dir='ltr'><strong>τῷ</strong></span> <span class='ocrx_word' id='word_1_682' title='bbox 1010 4839 1155 4905; x_wconf 71' lang='grc' dir='ltr'><strong>τόπῳ</strong></span> <span class='ocrx_word' id='word_1_683' title='bbox 1179 4838 1546 4891; x_wconf 74' lang='grc' dir='ltr'><strong>κατεϐάλλετο</strong></span> <span class='ocrx_word' id='word_1_684' title='bbox 1575 4841 1864 4908; x_wconf 68' lang='grc' dir='ltr'><strong>χρήματα,</strong></span> 
     </span>
    </p>
   </div>
   <div class='ocr_carea' id='block_1_95' title="bbox 294 4928 1860 5002">
    <p class='ocr_par' dir='ltr' id='par_1_95' title="bbox 294 4928 1860 5002">
     <span class='ocr_line' id='line_1_95' title="bbox 294 4928 1860 5002; baseline 0.003 -22"><span class='ocrx_word' id='word_1_685' title='bbox 294 4930 355 4980; x_wconf 83' lang='grc' dir='ltr'><strong>ἵν’</strong></span> <span class='ocrx_word' id='word_1_686' title='bbox 394 4928 503 4984; x_wconf 80' lang='grc' dir='ltr'><strong>εἷεν</strong></span> <span class='ocrx_word' id='word_1_687' title='bbox 540 4934 650 4992; x_wconf 84' lang='grc' dir='ltr'><strong>τοῖς</strong></span> <span class='ocrx_word' id='word_1_688' title='bbox 693 4932 870 4983; x_wconf 83' lang='grc' dir='ltr'><strong>ἐκεῖσε</strong></span> <span class='ocrx_word' id='word_1_689' title='bbox 921 4933 1330 5000; x_wconf 72' lang='grc' dir='ltr'><strong>παραμένουσι,</strong></span> <span class='ocrx_word' id='word_1_690' title='bbox 1380 4932 1473 4984; x_wconf 75' lang='grc' dir='ltr'><strong>καὶ</strong></span> <span class='ocrx_word' id='word_1_691' title='bbox 1531 4931 1622 4984; x_wconf 85' lang='grc' dir='ltr'><strong>τὸν</strong></span> <span class='ocrx_word' id='word_1_692' title='bbox 1678 4932 1860 5002; x_wconf 80' lang='grc' dir='ltr'><strong>χῶρον</strong></span> 
     </span>
    </p>
   </div>
   <div class='ocr_carea' id='block_1_96' title="bbox 294 5023 1863 5092">
    <p class='ocr_par' dir='ltr' id='par_1_96' title="bbox 294 5023 1863 5092">
     <span class='ocr_line' id='line_1_96' title="bbox 294 5023 1863 5092; baseline 0.001 -20"><span class='ocrx_word' id='word_1_693' title='bbox 294 5027 534 5092; x_wconf 52' lang='grc' dir='ltr'><strong>ειπρεπῇ</strong></span> <span class='ocrx_word' id='word_1_694' title='bbox 561 5023 900 5079; x_wconf 77' lang='grc' dir='ltr'><strong>καθιστῶσιν</strong></span> <span class='ocrx_word' id='word_1_695' title='bbox 935 5026 1014 5084; x_wconf 76' lang='grc' dir='ltr'><strong>εἰς</strong></span> <span class='ocrx_word' id='word_1_696' title='bbox 1059 5023 1270 5090; x_wconf 71' lang='grc' dir='ltr'><strong>ὄνησιν.</strong></span> <span class='ocrx_word' id='word_1_697' title='bbox 1329 5023 1573 5074; x_wconf 78' lang='grc' dir='ltr'><strong>Ἐκεῖθεν</strong></span> <span class='ocrx_word' id='word_1_698' title='bbox 1615 5024 1673 5074; x_wconf 77' lang='grc' dir='ltr'><strong>δὲ</strong></span> <span class='ocrx_word' id='word_1_699' title='bbox 1723 5025 1863 5092; x_wconf 73' lang='grc' dir='ltr'><strong>πρὸς</strong></span> 
     </span>
    </p>
   </div>
   <div class='ocr_carea' id='block_1_97' title="bbox 294 5115 1860 5184">
    <p class='ocr_par' dir='ltr' id='par_1_97' title="bbox 294 5115 1860 5184">
     <span class='ocr_line' id='line_1_97' title="bbox 294 5115 1860 5184; baseline 0.001 -18"><span class='ocrx_word' id='word_1_700' title='bbox 294 5117 542 5177; x_wconf 68' lang='grc' dir='ltr'><strong>ἀνατολὰς</strong></span> <span class='ocrx_word' id='word_1_701' title='bbox 576 5115 972 5179; x_wconf 83' lang='grc' dir='ltr'><strong>κατιοῦσα,-είς</strong></span> <span class='ocrx_word' id='word_1_702' title='bbox 1018 5115 1272 5184; x_wconf 69' lang='grc' dir='ltr'><strong>Ναζαρὲτ</strong></span> <span class='ocrx_word' id='word_1_703' title='bbox 1321 5116 1532 5181; x_wconf 77' lang='grc' dir='ltr'><strong>γίνεται</strong></span> <span class='ocrx_word' id='word_1_704' title='bbox 1561 5153 1577 5168; x_wconf 93' lang='grc'><strong>.</strong></span> <span class='ocrx_word' id='word_1_705' title='bbox 1611 5116 1722 5168; x_wconf 79' lang='grc' dir='ltr'><strong>Καὶ</strong></span> <span class='ocrx_word' id='word_1_706' title='bbox 1762 5116 1860 5167; x_wconf 82' lang='grc' dir='ltr'><strong>τὸν</strong></span> 
     </span>
    </p>
   </div>
   <div class='ocr_carea' id='block_1_98' title="bbox 293 5203 1858 5279">
    <p class='ocr_par' dir='ltr' id='par_1_98' title="bbox 293 5203 1858 5279">
     <span class='ocr_line' id='line_1_98' title="bbox 293 5203 1858 5279; baseline 0.003 -23"><span class='ocrx_word' id='word_1_707' title='bbox 293 5207 380 5258; x_wconf 83' lang='grc' dir='ltr'><strong>τοῦ</strong></span> <span class='ocrx_word' id='word_1_708' title='bbox 418 5205 774 5278; x_wconf 87' lang='grc' dir='ltr'><strong>χαιρετισμοῦ</strong></span> <span class='ocrx_word' id='word_1_709' title='bbox 818 5203 969 5260; x_wconf 86' lang='grc' dir='ltr'><strong>οίκον</strong></span> <span class='ocrx_word' id='word_1_710' title='bbox 1007 5205 1267 5276; x_wconf 80' lang='grc' dir='ltr'><strong>εὑροῦσα,</strong></span> <span class='ocrx_word' id='word_1_711' title='bbox 1319 5209 1446 5260; x_wconf 77' lang='grc' dir='ltr'><strong>ναὸν</strong></span> <span class='ocrx_word' id='word_1_712' title='bbox 1493 5209 1754 5277; x_wconf 84' lang='grc' dir='ltr'><strong>χαρίεντα</strong></span> <span class='ocrx_word' id='word_1_713' title='bbox 1786 5209 1858 5279; x_wconf 65' lang='grc' dir='ltr'><strong>τῇ</strong></span> 
     </span>
    </p>
   </div>
   <div class='ocr_carea' id='block_1_99' title="bbox 295 5297 1850 5372">
    <p class='ocr_par' dir='ltr' id='par_1_99' title="bbox 295 5297 1850 5372">
     <span class='ocr_line' id='line_1_99' title="bbox 295 5297 1850 5372; baseline 0.003 -24"><span class='ocrx_word' id='word_1_714' title='bbox 295 5299 529 5372; x_wconf 81' lang='grc' dir='ltr'><strong>Θεοτοκῳ</strong></span> <span class='ocrx_word' id='word_1_715' title='bbox 557 5301 751 5354; x_wconf 82' lang='grc' dir='ltr'><strong>ἀνίστα</strong></span> <span class='ocrx_word' id='word_1_716' title='bbox 792 5300 902 5372; x_wconf 78' lang='grc' dir='ltr'><strong>[άλ.</strong></span> <span class='ocrx_word' id='word_1_717' title='bbox 940 5297 1184 5370; x_wconf 47' lang='lat' dir='ltr'><strong>divina];</strong></span> <span class='ocrx_word' id='word_1_718' title='bbox 1222 5299 1340 5354; x_wconf 73' lang='grc' dir='ltr'><strong>Κάν</strong></span> <span class='ocrx_word' id='word_1_719' title='bbox 1385 5304 1451 5369; x_wconf 77' lang='grc' dir='ltr'><strong>τῇ</strong></span> <span class='ocrx_word' id='word_1_720' title='bbox 1499 5302 1651 5370; x_wconf 76' lang='grc' dir='ltr'><strong>Κανᾷ</strong></span> <span class='ocrx_word' id='word_1_721' title='bbox 1673 5300 1728 5352; x_wconf 79' lang='grc' dir='ltr'><strong>δὲ</strong></span> <span class='ocrx_word' id='word_1_722' title='bbox 1751 5301 1850 5368; x_wconf 64' lang='grc' dir='ltr'><strong>τῆς</strong></span> 
     </span>
    </p>
   </div>
   <div class='ocr_carea' id='block_1_100' title="bbox 299 5391 1864 5463">
    <p class='ocr_par' dir='ltr' id='par_1_100' title="bbox 299 5391 1864 5463">
     <span class='ocr_line' id='line_1_100' title="bbox 299 5391 1864 5463; baseline 0.001 -21"><span class='ocrx_word' id='word_1_723' title='bbox 299 5391 593 5458; x_wconf 56' lang='grc' dir='ltr'><strong>Γαλιλαίας,</strong></span> <span class='ocrx_word' id='word_1_724' title='bbox 631 5393 762 5446; x_wconf 74' lang='grc' dir='ltr'><strong>ἔνθα</strong></span> <span class='ocrx_word' id='word_1_725' title='bbox 818 5398 846 5445; x_wconf 83' lang='grc' dir='ltr'>ὀ</span> <span class='ocrx_word' id='word_1_726' title='bbox 879 5393 974 5446; x_wconf 87' lang='grc' dir='ltr'><strong>τοῦ</strong></span> <span class='ocrx_word' id='word_1_727' title='bbox 1035 5394 1343 5447; x_wconf 76' lang='grc' dir='ltr'><strong>Κανανίτου</strong></span> <span class='ocrx_word' id='word_1_728' title='bbox 1387 5391 1630 5463; x_wconf 86' lang='grc' dir='ltr'><strong>Σίμωνος</strong></span> <span class='ocrx_word' id='word_1_729' title='bbox 1677 5393 1864 5462; x_wconf 83' lang='grc' dir='ltr'><strong>γάμος-</strong></span> 
     </span>
    </p>
   </div>
   <div class='ocr_carea' id='block_1_101' title="bbox 265 5471 1856 5556">
    <p class='ocr_par' dir='ltr' id='par_1_101' title="bbox 265 5471 1856 5556">
     <span class='ocr_line' id='line_1_101' title="bbox 265 5471 1856 5556; baseline 0.002 -22"><span class='ocrx_word' id='word_1_730' title='bbox 265 5471 523 5549; x_wconf 66' lang='grc' dir='ltr'><strong>’ὲγένετο,</strong></span> <span class='ocrx_word' id='word_1_731' title='bbox 572 5487 667 5538; x_wconf 80' lang='grc' dir='ltr'><strong>καὶ</strong></span> <span class='ocrx_word' id='word_1_732' title='bbox 694 5485 750 5551; x_wconf 72' lang='grc' dir='ltr'><strong>ἐξ</strong></span> <span class='ocrx_word' id='word_1_733' title='bbox 781 5475 994 5554; x_wconf 75' lang='grc' dir='ltr'><strong>ἀδήλων</strong></span> <span class='ocrx_word' id='word_1_734' title='bbox 1057 5484 1300 5554; x_wconf 84' lang='grc' dir='ltr'><strong>βοτρύων</strong></span> <span class='ocrx_word' id='word_1_735' title='bbox 1348 5481 1489 5548; x_wconf 78' lang='grc' dir='ltr'><strong>οἶνος</strong></span> <span class='ocrx_word' id='word_1_736' title='bbox 1528 5486 1856 5556; x_wconf 73' lang='grc' dir='ltr'><strong>ὲπηγάζετο,</strong></span> 
     </span>
    </p>
   </div>
   <div class='ocr_carea' id='block_1_102' title="bbox 300 5571 1211 5650">
    <p class='ocr_par' dir='ltr' id='par_1_102' title="bbox 300 5571 1211 5650">
     <span class='ocr_line' id='line_1_102' title="bbox 300 5571 1211 5650; baseline 0.007 -24"><span class='ocrx_word' id='word_1_737' title='bbox 300 5571 439 5630; x_wconf 82' lang='grc' dir='ltr'><strong>οἷκον</strong></span> <span class='ocrx_word' id='word_1_738' title='bbox 498 5577 644 5649; x_wconf 86' lang='grc' dir='ltr'><strong>ίερὸν</strong></span> <span class='ocrx_word' id='word_1_739' title='bbox 696 5577 949 5650; x_wconf 71' lang='grc' dir='ltr'><strong>ἐδείματο</strong></span> <span class='ocrx_word' id='word_1_740' title='bbox 1005 5577 1211 5650; x_wconf 70' lang='grc' dir='ltr'><strong>ἕτερον.</strong></span> 
     </span>
    </p>
   </div>
   <div class='ocr_carea' id='block_1_103' title="bbox 1967 4837 3542 4909">
    <p class='ocr_par' dir='ltr' id='par_1_103' title="bbox 1967 4837 3542 4909">
     <span class='ocr_line' id='line_1_103' title="bbox 1967 4837 3542 4909; baseline 0.003 -19"><span class='ocrx_word' id='word_1_741' title='bbox 1967 4837 2501 4892; x_wconf 71' lang='grc' dir='ltr'><strong>Τιίιιιςίοτιιιιιιίοιιίσ</strong></span> <span class='ocrx_word' id='word_1_742' title='bbox 2533 4839 2677 4905; x_wconf 73' lang='lat' dir='ltr'><strong>loco,</strong></span> <span class='ocrx_word' id='word_1_743' title='bbox 2709 4841 2802 4908; x_wconf 81' lang='lat' dir='ltr'><strong>qui</strong></span> <span class='ocrx_word' id='word_1_744' title='bbox 2850 4841 3202 4909; x_wconf 84' lang='lat' dir='ltr'><strong>splendorem</strong></span> <span class='ocrx_word' id='word_1_745' title='bbox 3244 4841 3396 4894; x_wconf 74' lang='lat' dir='ltr'><strong>illum</strong></span> <span class='ocrx_word' id='word_1_746' title='bbox 3437 4844 3542 4894; x_wconf 88' lang='lat' dir='ltr'><strong>mi-</strong></span> 
     </span>
    </p>
   </div>
   <div class='ocr_carea' id='block_1_104' title="bbox 1963 4928 3540 5003">
    <p class='ocr_par' dir='ltr' id='par_1_104' title="bbox 1963 4928 3540 5003">
     <span class='ocr_line' id='line_1_104' title="bbox 1963 4928 3540 5003; baseline 0.005 -23"><span class='ocrx_word' id='word_1_747' title='bbox 1963 4928 2180 4983; x_wconf 72' lang='lat' dir='ltr'><strong>riﬁcum</strong></span> <span class='ocrx_word' id='word_1_748' title='bbox 2217 4933 2874 5000; x_wconf 70' lang='lat' dir='ltr'><strong>Compexere,.apus‘tolis</strong></span> <span class='ocrx_word' id='word_1_749' title='bbox 2895 4934 3080 4986; x_wconf 70' lang='lat' dir='ltr'><strong>tribus</strong></span> <span class='ocrx_word' id='word_1_750' title='bbox 3108 4935 3540 5003; x_wconf 75' lang='lat' dir='ltr'><strong>pulcherrimam</strong></span> 
     </span>
    </p>
   </div>
   <div class='ocr_carea' id='block_1_105' title="bbox 1959 5023 3544 5090">
    <p class='ocr_par' dir='ltr' id='par_1_105' title="bbox 1959 5023 3544 5090">
     <span class='ocr_line' id='line_1_105' title="bbox 1959 5023 3544 5090; baseline 0.002 -15"><span class='ocrx_word' id='word_1_751' title='bbox 1959 5023 2238 5076; x_wconf 77' lang='lat' dir='ltr'><strong>exstruxit</strong></span> <span class='ocrx_word' id='word_1_752' title='bbox 2266 5023 2580 5078; x_wconf 75' lang='lat' dir='ltr'><strong>ecclesiam.</strong></span> <span class='ocrx_word' id='word_1_753' title='bbox 2616 5025 2737 5090; x_wconf 77' lang='lat' dir='ltr'><strong>Quo</strong></span> <span class='ocrx_word' id='word_1_754' title='bbox 2771 5025 2895 5079; x_wconf 82' lang='lat' dir='ltr'><strong>loco</strong></span> <span class='ocrx_word' id='word_1_755' title='bbox 2929 5028 3157 5080; x_wconf 67' lang='lat' dir='ltr'><strong>multam</strong></span> <span class='ocrx_word' id='word_1_756' title='bbox 3205 5029 3370 5080; x_wconf 81' lang='lat' dir='ltr'><strong>etiam</strong></span> <span class='ocrx_word' id='word_1_757' title='bbox 3418 5030 3544 5080; x_wconf 61' lang='lat' dir='ltr'><strong>reli-</strong></span> 
     </span>
    </p>
   </div>
   <div class='ocr_carea' id='block_1_106' title="bbox 1960 5112 3537 5184">
    <p class='ocr_par' dir='ltr' id='par_1_106' title="bbox 1960 5112 3537 5184">
     <span class='ocr_line' id='line_1_106' title="bbox 1960 5112 3537 5184; baseline 0.004 -19"><span class='ocrx_word' id='word_1_758' title='bbox 1960 5112 2082 5181; x_wconf 77' lang='lat' dir='ltr'><strong>quit</strong></span> <span class='ocrx_word' id='word_1_759' title='bbox 2115 5114 2427 5182; x_wconf 73' lang='lat' dir='ltr'><strong>pecuniam,</strong></span> <span class='ocrx_word' id='word_1_760' title='bbox 2461 5115 2516 5168; x_wconf 92' lang='lat' dir='ltr'><strong>in</strong></span> <span class='ocrx_word' id='word_1_761' title='bbox 2540 5117 2853 5170; x_wconf 83' lang='lat' dir='ltr'><strong>subsidium</strong></span> <span class='ocrx_word' id='word_1_762' title='bbox 2880 5119 2966 5171; x_wconf 75' lang='lat' dir='ltr'><strong>eis</strong></span> <span class='ocrx_word' id='word_1_763' title='bbox 2989 5118 3083 5184; x_wconf 83' lang='lat' dir='ltr'><strong>qui</strong></span> <span class='ocrx_word' id='word_1_764' title='bbox 3116 5119 3190 5171; x_wconf 80' lang='lat' dir='ltr'><strong>ibi</strong></span> <span class='ocrx_word' id='word_1_765' title='bbox 3228 5127 3537 5182; x_wconf 75' lang='lat' dir='ltr'><strong>manerent,</strong></span> 
     </span>
    </p>
   </div>
   <div class='ocr_carea' id='block_1_107' title="bbox 1961 5203 3540 5273">
    <p class='ocr_par' dir='ltr' id='par_1_107' title="bbox 1961 5203 3540 5273">
     <span class='ocr_line' id='line_1_107' title="bbox 1961 5203 3540 5273; baseline 0.005 -18"><span class='ocrx_word' id='word_1_766' title='bbox 1961 5203 2255 5271; x_wconf 83' lang='lat' dir='ltr'><strong>locumque</strong></span> <span class='ocrx_word' id='word_1_767' title='bbox 2282 5206 2471 5273; x_wconf 81' lang='lat' dir='ltr'><strong>ipsum&#39;</strong></span> <span class='ocrx_word' id='word_1_768' title='bbox 2491 5209 2832 5262; x_wconf 74' lang='lat' dir='ltr'><strong>excolerent.</strong></span> <span class='ocrx_word' id='word_1_769' title='bbox 2877 5208 3007 5262; x_wconf 85' lang='lat' dir='ltr'><strong>lude</strong></span> <span class='ocrx_word' id='word_1_770' title='bbox 3037 5209 3320 5262; x_wconf 76' lang='lat' dir='ltr'><strong>orientem</strong></span> <span class='ocrx_word' id='word_1_771' title='bbox 3347 5224 3540 5264; x_wconf 78' lang='lat' dir='ltr'><strong>versus</strong></span> 
     </span>
    </p>
   </div>
   <div class='ocr_carea' id='block_1_108' title="bbox 1960 5293 3540 5368">
    <p class='ocr_par' dir='ltr' id='par_1_108' title="bbox 1960 5293 3540 5368">
     <span class='ocr_line' id='line_1_108' title="bbox 1960 5293 3540 5368; baseline 0.008 -23"><span class='ocrx_word' id='word_1_772' title='bbox 1960 5293 2332 5358; x_wconf 80' lang='lat' dir='ltr'><strong>descendens,</strong></span> <span class='ocrx_word' id='word_1_773' title='bbox 2401 5295 2671 5352; x_wconf 77' lang='lat' dir='ltr'><strong>NaZar&#39;eth</strong></span> <span class='ocrx_word' id='word_1_774' title='bbox 2735 5301 3010 5368; x_wconf 80' lang='lat' dir='ltr'><strong>pervenit,</strong></span> <span class='ocrx_word' id='word_1_775' title='bbox 3066 5311 3122 5353; x_wconf 91' lang='lat' dir='ltr'><strong>et</strong></span> <span class='ocrx_word' id='word_1_776' title='bbox 3188 5303 3540 5358; x_wconf 81' lang='lat' dir='ltr'><strong>salutationis</strong></span> 
     </span>
    </p>
   </div>
   <div class='ocr_carea' id='block_1_109' title="bbox 1961 5387 3535 5462">
    <p class='ocr_par' dir='ltr' id='par_1_109' title="bbox 1961 5387 3535 5462">
     <span class='ocr_line' id='line_1_109' title="bbox 1961 5387 3535 5462; baseline 0.006 -23"><span class='ocrx_word' id='word_1_777' title='bbox 1961 5387 2225 5457; x_wconf 65' lang='lat' dir='ltr'><strong>angelicae</strong></span> <span class='ocrx_word' id='word_1_778' title='bbox 2252 5390 2420 5444; x_wconf 87' lang='lat' dir='ltr'><strong>domo</strong></span> <span class='ocrx_word' id='word_1_779' title='bbox 2450 5400 2694 5460; x_wconf 80' lang='lat' dir='ltr'><strong>reperta,</strong></span> <span class='ocrx_word' id='word_1_780' title='bbox 2725 5390 2818 5446; x_wconf 87' lang='lat' dir='ltr'><strong>Dei</strong></span> <span class='ocrx_word' id='word_1_781' title='bbox 2851 5391 3120 5447; x_wconf 80' lang='lat' dir='ltr'><strong>Genitrici</strong></span> <span class='ocrx_word' id='word_1_782' title='bbox 3155 5409 3535 5462; x_wconf 67' lang='lat' dir='ltr'><strong>pet-alumnum</strong></span> 
     </span>
    </p>
   </div>
   <div class='ocr_carea' id='block_1_110' title="bbox 1962 5479 3540 5551">
    <p class='ocr_par' dir='ltr' id='par_1_110' title="bbox 1962 5479 3540 5551">
     <span class='ocr_line' id='line_1_110' title="bbox 1962 5479 3540 5551; baseline 0.006 -20"><span class='ocrx_word' id='word_1_783' title='bbox 1962 5479 2227 5534; x_wconf 80' lang='lat' dir='ltr'><strong>excitavit</strong></span> <span class='ocrx_word' id='word_1_784' title='bbox 2253 5483 2540 5551; x_wconf 88' lang='lat' dir='ltr'><strong>templum.</strong></span> <span class='ocrx_word' id='word_1_785' title='bbox 2578 5483 2648 5537; x_wconf 87' lang='lat' dir='ltr'><strong>Et</strong></span> <span class='ocrx_word' id='word_1_786' title='bbox 2679 5485 2732 5537; x_wconf 91' lang='lat' dir='ltr'><strong>in</strong></span> <span class='ocrx_word' id='word_1_787' title='bbox 2769 5485 2917 5538; x_wconf 81' lang='lat' dir='ltr'><strong>Catia</strong></span> <span class='ocrx_word' id='word_1_788' title='bbox 2947 5486 3206 5549; x_wconf 71' lang='lat' dir='ltr'><strong>Galilaeie,</strong></span> <span class='ocrx_word' id='word_1_789' title='bbox 3235 5489 3326 5540; x_wconf 89' lang='lat' dir='ltr'><strong>ubi</strong></span> <span class='ocrx_word' id='word_1_790' title='bbox 3361 5487 3540 5540; x_wconf 84' lang='lat' dir='ltr'><strong>Simo-</strong></span> 
     </span>
    </p>
   </div>
   <div class='ocr_carea' id='block_1_111' title="bbox 1961 5569 3537 5641">
    <p class='ocr_par' dir='ltr' id='par_1_111' title="bbox 1961 5569 3537 5641">
     <span class='ocr_line' id='line_1_111' title="bbox 1961 5569 3537 5641; baseline 0.008 -19"><span class='ocrx_word' id='word_1_791' title='bbox 1961 5569 2050 5624; x_wconf 89' lang='lat' dir='ltr'><strong>nis</strong></span> <span class='ocrx_word' id='word_1_792' title='bbox 2073 5571 2370 5627; x_wconf 71' lang='lat' dir='ltr'><strong>Chananaéi</strong></span> <span class='ocrx_word' id='word_1_793' title='bbox 2402 5573 2608 5641; x_wconf 63' lang='lat' dir='ltr'><strong>nuptiae</strong></span> <span class='ocrx_word' id='word_1_794' title='bbox 2637 5575 2952 5641; x_wconf 65' lang='lat' dir='ltr'><strong>celebratae,</strong></span> <span class='ocrx_word' id='word_1_795' title='bbox 2987 5587 3043 5631; x_wconf 86' lang='lat' dir='ltr'><strong>et</strong></span> <span class='ocrx_word' id='word_1_796' title='bbox 3077 5595 3144 5632; x_wconf 77' lang='lat' dir='ltr'><strong>ex</strong></span> <span class='ocrx_word' id='word_1_797' title='bbox 3184 5580 3418 5635; x_wconf 86' lang='lat' dir='ltr'><strong>occultis</strong></span> <span class='ocrx_word' id='word_1_798' title='bbox 3451 5581 3537 5634; x_wconf 91' lang='lat' dir='ltr'><strong>in-</strong></span> 
     </span>
    </p>
   </div>
   <div class='ocr_carea' id='block_1_112' title="bbox 1960 5665 3536 5743">
    <p class='ocr_par' dir='ltr' id='par_1_112' title="bbox 1960 5665 3536 5743">
     <span class='ocr_line' id='line_1_112' title="bbox 1960 5665 3536 5743; baseline 0.008 -27"><span class='ocrx_word' id='word_1_799' title='bbox 1960 5667 2243 5732; x_wconf 83' lang='lat' dir='ltr'><strong>certisque</strong></span> <span class='ocrx_word' id='word_1_800' title='bbox 2273 5665 2448 5720; x_wconf 85' lang='lat' dir='ltr'><strong>botris</strong></span> <span class='ocrx_word' id='word_1_801' title='bbox 2492 5669 2683 5722; x_wconf 88' lang='lat' dir='ltr'><strong>vinum</strong></span> <span class='ocrx_word' id='word_1_802' title='bbox 2729 5669 2956 5733; x_wconf 78' lang='lat' dir='ltr'><strong>factum,</strong></span> <span class='ocrx_word' id='word_1_803' title='bbox 2988 5673 3151 5728; x_wconf 82' lang='lat' dir='ltr'><strong>aliam</strong></span> <span class='ocrx_word' id='word_1_804' title='bbox 3186 5688 3407 5743; x_wconf 88' lang='lat' dir='ltr'><strong>uuoque</strong></span> <span class='ocrx_word' id='word_1_805' title='bbox 3449 5690 3536 5729; x_wconf 83' lang='lat' dir='ltr'><strong>sa-</strong></span> 
     </span>
    </p>
   </div>
   <div class='ocr_carea' id='block_1_113' title="bbox 1961 5757 2664 5816">
    <p class='ocr_par' dir='ltr' id='par_1_113' title="bbox 1961 5757 2664 5816">
     <span class='ocr_line' id='line_1_113' title="bbox 1961 5757 2664 5816; baseline 0.01 -7"><span class='ocrx_word' id='word_1_806' title='bbox 1961 5772 2110 5810; x_wconf 88' lang='lat' dir='ltr'><strong>cram</strong></span> <span class='ocrx_word' id='word_1_807' title='bbox 2143 5757 2314 5812; x_wconf 67' lang='lat' dir='ltr'><strong>aedem</strong></span> <span class='ocrx_word' id='word_1_808' title='bbox 2354 5757 2664 5816; x_wconf 67' lang='lat' dir='ltr'><strong>aediﬁcavit.</strong></span> 
     </span>
    </p>
   </div>
  </div>
