  <div class='ocr_page' id='page_1' title='image "/cluster/home/n/w/nwhite01/storage/ocr_20150623/146/hvd.32044019208347/065.png"; bbox 0 0 4062 6552; ppageno 0'>
   <div class='ocr_carea' id='block_1_1' title="bbox 425 490 523 556">
    <p class='ocr_par' dir='ltr' id='par_1_1' title="bbox 425 490 523 556">
     <span class='ocr_line' id='line_1_1' title="bbox 425 490 523 556; baseline -0.01 -1"><span class='ocrx_word' id='word_1_1' title='bbox 425 490 523 556; x_wconf 76' lang='lat'><strong>115</strong></span> 
     </span>
    </p>
   </div>
   <div class='ocr_carea' id='block_1_2' title="bbox 1638 488 2437 551">
    <p class='ocr_par' dir='ltr' id='par_1_2' title="bbox 1638 488 2437 551">
     <span class='ocr_line' id='line_1_2' title="bbox 1638 488 2437 551; baseline -0.005 -1"><span class='ocrx_word' id='word_1_2' title='bbox 1638 489 2055 551; x_wconf 82' lang='lat' dir='ltr'><strong>NICEPHORI</strong></span> <span class='ocrx_word' id='word_1_3' title='bbox 2094 488 2437 549; x_wconf 78' lang='lat' dir='ltr'><strong>CALLISTI</strong></span> 
     </span>
    </p>
   </div>
   <div class='ocr_carea' id='block_1_3' title="bbox 3572 470 3677 539">
    <p class='ocr_par' dir='ltr' id='par_1_3' title="bbox 3572 470 3677 539">
     <span class='ocr_line' id='line_1_3' title="bbox 3572 470 3677 539; baseline -0.038 -2"><span class='ocrx_word' id='word_1_4' title='bbox 3572 470 3677 539; x_wconf 72' lang='grc'><strong>116</strong></span> 
     </span>
    </p>
   </div>
   <div class='ocr_carea' id='block_1_4' title="bbox 492 593 2033 681">
    <p class='ocr_par' dir='ltr' id='par_1_4' title="bbox 492 606 2033 681">
     <span class='ocr_line' id='line_1_4' title="bbox 492 606 2033 681; baseline -0.001 -16"><span class='ocrx_word' id='word_1_5' title='bbox 492 609 653 681; x_wconf 78' lang='lat'><strong>597</strong></span> <span class='ocrx_word' id='word_1_6' title='bbox 672 607 941 665; x_wconf 67' lang='lat' dir='ltr'><strong>Caeterum</strong></span> <span class='ocrx_word' id='word_1_7' title='bbox 961 608 1016 663; x_wconf 92' lang='lat' dir='ltr'><strong>in</strong></span> <span class='ocrx_word' id='word_1_8' title='bbox 1043 607 1235 662; x_wconf 83' lang='lat' dir='ltr'><strong>urbem</strong></span> <span class='ocrx_word' id='word_1_9' title='bbox 1259 617 1503 663; x_wconf 84' lang='lat' dir='ltr'><strong>sanctam</strong></span> <span class='ocrx_word' id='word_1_10' title='bbox 1520 622 1760 672; x_wconf 83' lang='lat' dir='ltr'><strong>reversa.</strong></span> <span class='ocrx_word' id='word_1_11' title='bbox 1786 610 1839 663; x_wconf 90' lang='lat' dir='ltr'><strong>in</strong></span> <span class='ocrx_word' id='word_1_12' title='bbox 1866 606 1998 664; x_wconf 87' lang='lat' dir='ltr'><strong>Sion</strong></span> <span class='ocrx_word' id='word_1_13' title='bbox 2030 656 2033 672; x_wconf 77' lang='grc'><strong>,</strong></span> 
     </span>
    </p>
   </div>
   <div class='ocr_carea' id='block_1_5' title="bbox 2132 593 3679 681">
    <p class='ocr_par' dir='ltr' id='par_1_5' title="bbox 2173 593 3679 673">
     <span class='ocr_line' id='line_1_5' title="bbox 2173 593 3679 673; baseline -0.011 -15"><span class='ocrx_word' id='word_1_14' title='bbox 2173 605 2344 659; x_wconf 81' lang='grc' dir='ltr'><strong>Πάλιν</strong></span> <span class='ocrx_word' id='word_1_15' title='bbox 2372 603 2427 657; x_wconf 77' lang='grc' dir='ltr'><strong>δέ</strong></span> <span class='ocrx_word' id='word_1_16' title='bbox 2457 599 2595 673; x_wconf 73' lang='grc' dir='ltr'><strong>πρὸς</strong></span> <span class='ocrx_word' id='word_1_17' title='bbox 2646 598 2746 670; x_wconf 80' lang='grc' dir='ltr'><strong>τὴν</strong></span> <span class='ocrx_word' id='word_1_18' title='bbox 2774 597 2941 668; x_wconf 87' lang='grc' dir='ltr'><strong>ἀγίαν</strong></span> <span class='ocrx_word' id='word_1_19' title='bbox 2984 594 3373 667; x_wconf 77' lang='grc' dir='ltr'><strong>ύποστρέψασα</strong></span> <span class='ocrx_word' id='word_1_20' title='bbox 3414 593 3589 657; x_wconf 82' lang='grc' dir='ltr'><strong>πόλιν,</strong></span> <span class='ocrx_word' id='word_1_21' title='bbox 3618 593 3679 643; x_wconf 80' lang='grc' dir='ltr'><strong>ἐν</strong></span> 
     </span>
    </p>
   </div>
   <div class='ocr_carea' id='block_1_6' title="bbox 424 698 1991 771">
    <p class='ocr_par' dir='ltr' id='par_1_6' title="bbox 424 698 1991 771">
     <span class='ocr_line' id='line_1_6' title="bbox 424 698 1991 771; baseline -0.001 -18"><span class='ocrx_word' id='word_1_22' title='bbox 424 700 827 771; x_wconf 84' lang='lat' dir='ltr'><strong>amplissimum</strong></span> <span class='ocrx_word' id='word_1_23' title='bbox 868 700 1030 769; x_wconf 78' lang='lat' dir='ltr'><strong>longe</strong></span> <span class='ocrx_word' id='word_1_24' title='bbox 1076 699 1294 769; x_wconf 92' lang='lat' dir='ltr'><strong>lateque</strong></span> <span class='ocrx_word' id='word_1_25' title='bbox 1334 698 1645 754; x_wconf 76' lang='lat' dir='ltr'><strong>construxit</strong></span> <span class='ocrx_word' id='word_1_26' title='bbox 1686 700 1991 769; x_wconf 88' lang='lat' dir='ltr'><strong>templum,</strong></span> 
     </span>
    </p>
   </div>
   <div class='ocr_carea' id='block_1_7' title="bbox 424 790 1995 862">
    <p class='ocr_par' dir='ltr' id='par_1_7' title="bbox 424 790 1995 862">
     <span class='ocr_line' id='line_1_7' title="bbox 424 790 1995 862; baseline -0.001 -17"><span class='ocrx_word' id='word_1_27' title='bbox 424 792 480 845; x_wconf 91' lang='lat' dir='ltr'><strong>in</strong></span> <span class='ocrx_word' id='word_1_28' title='bbox 506 793 665 862; x_wconf 78' lang='lat' dir='ltr'><strong>cujus</strong></span> <span class='ocrx_word' id='word_1_29' title='bbox 694 793 904 862; x_wconf 88' lang='lat' dir='ltr'><strong>postico</strong></span> <span class='ocrx_word' id='word_1_30' title='bbox 926 791 1151 845; x_wconf 90' lang='lat' dir='ltr'><strong>domum</strong></span> <span class='ocrx_word' id='word_1_31' title='bbox 1180 791 1577 855; x_wconf 86' lang='lat' dir='ltr'><strong>circumclusit,</strong></span> <span class='ocrx_word' id='word_1_32' title='bbox 1609 790 1663 844; x_wconf 93' lang='lat' dir='ltr'><strong>in</strong></span> <span class='ocrx_word' id='word_1_33' title='bbox 1700 804 1830 859; x_wconf 88' lang='lat' dir='ltr'><strong>qua,</strong></span> <span class='ocrx_word' id='word_1_34' title='bbox 1862 790 1995 845; x_wconf 88' lang='lat' dir='ltr'><strong>fori-</strong></span> 
     </span>
    </p>
   </div>
   <div class='ocr_carea' id='block_1_8' title="bbox 427 880 1993 953">
    <p class='ocr_par' dir='ltr' id='par_1_8' title="bbox 427 880 1993 953">
     <span class='ocr_line' id='line_1_8' title="bbox 427 880 1993 953; baseline -0.002 -15"><span class='ocrx_word' id='word_1_35' title='bbox 427 886 529 938; x_wconf 85' lang='lat' dir='ltr'><strong>bus</strong></span> <span class='ocrx_word' id='word_1_36' title='bbox 559 885 782 950; x_wconf 80' lang='lat' dir='ltr'><strong>clausis,</strong></span> <span class='ocrx_word' id='word_1_37' title='bbox 819 892 1041 953; x_wconf 75' lang='lat' dir='ltr'><strong>propter</strong></span> <span class='ocrx_word' id='word_1_38' title='bbox 1074 892 1280 937; x_wconf 91' lang='lat' dir='ltr'><strong>metum</strong></span> <span class='ocrx_word' id='word_1_39' title='bbox 1339 882 1677 948; x_wconf 69' lang='lat' dir='ltr'><strong>Judaaorum,</strong></span> <span class='ocrx_word' id='word_1_40' title='bbox 1739 880 1993 952; x_wconf 82' lang='lat' dir='ltr'><strong>discipuli</strong></span> 
     </span>
    </p>
   </div>
   <div class='ocr_carea' id='block_1_9' title="bbox 426 974 1996 1046">
    <p class='ocr_par' dir='ltr' id='par_1_9' title="bbox 426 974 1996 1046">
     <span class='ocr_line' id='line_1_9' title="bbox 426 974 1996 1046; baseline -0.002 -17"><span class='ocrx_word' id='word_1_41' title='bbox 426 975 645 1031; x_wconf 81' lang='lat' dir='ltr'><strong>fuerant</strong></span> <span class='ocrx_word' id='word_1_42' title='bbox 672 974 1023 1046; x_wconf 69' lang='lat' dir='ltr'><strong>congregati:</strong></span> <span class='ocrx_word' id='word_1_43' title='bbox 1059 974 1113 1028; x_wconf 94' lang='lat' dir='ltr'><strong>in</strong></span> <span class='ocrx_word' id='word_1_44' title='bbox 1150 989 1257 1042; x_wconf 84' lang='lat' dir='ltr'><strong>qua</strong></span> <span class='ocrx_word' id='word_1_45' title='bbox 1284 974 1448 1028; x_wconf 84' lang='lat' dir='ltr'><strong>etiam</strong></span> <span class='ocrx_word' id='word_1_46' title='bbox 1475 987 1629 1029; x_wconf 87' lang='lat' dir='ltr'><strong>sacra</strong></span> <span class='ocrx_word' id='word_1_47' title='bbox 1679 988 1838 1029; x_wconf 76' lang='lat' dir='ltr'><strong>cmna</strong></span> <span class='ocrx_word' id='word_1_48' title='bbox 1869 988 1996 1042; x_wconf 90' lang='lat' dir='ltr'><strong>per-</strong></span> 
     </span>
    </p>
   </div>
   <div class='ocr_carea' id='block_1_10' title="bbox 426 1062 1998 1136">
    <p class='ocr_par' dir='ltr' id='par_1_10' title="bbox 426 1062 1998 1136">
     <span class='ocr_line' id='line_1_10' title="bbox 426 1062 1998 1136; baseline -0.001 -16"><span class='ocrx_word' id='word_1_49' title='bbox 426 1079 569 1129; x_wconf 89' lang='lat' dir='ltr'><strong>acta,</strong></span> <span class='ocrx_word' id='word_1_50' title='bbox 589 1081 853 1136; x_wconf 85' lang='lat' dir='ltr'><strong>sacraque</strong></span> <span class='ocrx_word' id='word_1_51' title='bbox 885 1066 1086 1136; x_wconf 86' lang='lat' dir='ltr'><strong>pedum</strong></span> <span class='ocrx_word' id='word_1_52' title='bbox 1108 1065 1267 1129; x_wconf 83' lang='lat' dir='ltr'><strong>lotio,</strong></span> <span class='ocrx_word' id='word_1_53' title='bbox 1286 1078 1391 1122; x_wconf 87' lang='lat' dir='ltr'><strong>nec</strong></span> <span class='ocrx_word' id='word_1_54' title='bbox 1417 1076 1531 1120; x_wconf 87' lang='lat' dir='ltr'><strong>non</strong></span> <span class='ocrx_word' id='word_1_55' title='bbox 1555 1062 1795 1135; x_wconf 83' lang='lat' dir='ltr'><strong>Spiritus</strong></span> <span class='ocrx_word' id='word_1_56' title='bbox 1823 1063 1998 1119; x_wconf 79' lang='lat' dir='ltr'><strong>sancti</strong></span> 
     </span>
    </p>
   </div>
   <div class='ocr_carea' id='block_1_11' title="bbox 430 1154 1998 1226">
    <p class='ocr_par' dir='ltr' id='par_1_11' title="bbox 430 1154 1998 1226">
     <span class='ocr_line' id='line_1_11' title="bbox 430 1154 1998 1226; baseline -0.002 -14"><span class='ocrx_word' id='word_1_57' title='bbox 430 1160 483 1212; x_wconf 91' lang='lat' dir='ltr'><strong>in</strong></span> <span class='ocrx_word' id='word_1_58' title='bbox 514 1158 802 1213; x_wconf 80' lang='lat' dir='ltr'><strong>caenaculo</strong></span> <span class='ocrx_word' id='word_1_59' title='bbox 829 1158 1119 1222; x_wconf 78' lang='lat' dir='ltr'><strong>adventus,</strong></span> <span class='ocrx_word' id='word_1_60' title='bbox 1161 1156 1214 1210; x_wconf 92' lang='lat' dir='ltr'><strong>in</strong></span> <span class='ocrx_word' id='word_1_61' title='bbox 1238 1170 1345 1223; x_wconf 90' lang='lat' dir='ltr'><strong>qua</strong></span> <span class='ocrx_word' id='word_1_62' title='bbox 1367 1156 1582 1225; x_wconf 90' lang='lat' dir='ltr'><strong>primus</strong></span> <span class='ocrx_word' id='word_1_63' title='bbox 1632 1169 1851 1226; x_wconf 91' lang='lat' dir='ltr'><strong>quoque</strong></span> <span class='ocrx_word' id='word_1_64' title='bbox 1877 1154 1998 1210; x_wconf 87' lang='lat' dir='ltr'><strong>hie-</strong></span> 
     </span>
    </p>
   </div>
   <div class='ocr_carea' id='block_1_12' title="bbox 431 1248 2001 1318">
    <p class='ocr_par' dir='ltr' id='par_1_12' title="bbox 431 1248 2001 1318">
     <span class='ocr_line' id='line_1_12' title="bbox 431 1248 2001 1318; baseline -0.001 -14"><span class='ocrx_word' id='word_1_65' title='bbox 431 1250 627 1305; x_wconf 84' lang='lat' dir='ltr'><strong>rarcha</strong></span> <span class='ocrx_word' id='word_1_66' title='bbox 663 1259 717 1303; x_wconf 87' lang='lat' dir='ltr'><strong>et</strong></span> <span class='ocrx_word' id='word_1_67' title='bbox 751 1254 1045 1318; x_wconf 88' lang='lat' dir='ltr'><strong>episcopus</strong></span> <span class='ocrx_word' id='word_1_68' title='bbox 1069 1248 1310 1304; x_wconf 75' lang='lat' dir='ltr'><strong>Jacohus</strong></span> <span class='ocrx_word' id='word_1_69' title='bbox 1327 1248 1679 1304; x_wconf 84' lang='lat' dir='ltr'><strong>renuntiatus</strong></span> <span class='ocrx_word' id='word_1_70' title='bbox 1707 1258 1814 1304; x_wconf 85' lang='lat' dir='ltr'><strong>est.</strong></span> <span class='ocrx_word' id='word_1_71' title='bbox 1848 1248 1911 1303; x_wconf 89' lang='lat' dir='ltr'><strong>ln</strong></span> <span class='ocrx_word' id='word_1_72' title='bbox 1934 1263 2001 1303; x_wconf 87' lang='lat' dir='ltr'><strong>eo</strong></span> 
     </span>
    </p>
   </div>
   <div class='ocr_carea' id='block_1_13' title="bbox 431 1325 2001 1409">
    <p class='ocr_par' dir='ltr' id='par_1_13' title="bbox 431 1325 2001 1409">
     <span class='ocr_line' id='line_1_13' title="bbox 431 1325 2001 1409; baseline 0 -19"><span class='ocrx_word' id='word_1_73' title='bbox 431 1343 637 1409; x_wconf 75' lang='lat' dir='ltr'><strong>templo</strong></span> <span class='ocrx_word' id='word_1_74' title='bbox 661 1354 964 1396; x_wconf 88' lang='lat' dir='ltr'><strong>marmorea</strong></span> <span class='ocrx_word' id='word_1_75' title='bbox 1003 1353 1225 1408; x_wconf 91' lang='lat' dir='ltr'><strong>quoque</strong></span> <span class='ocrx_word' id='word_1_76' title='bbox 1250 1337 1352 1391; x_wconf 88' lang='lat' dir='ltr'><strong>fuit</strong></span> <span class='ocrx_word' id='word_1_77' title='bbox 1406 1325 1683 1400; x_wconf 89' lang='lat' dir='ltr'><strong>columna,</strong></span> <span class='ocrx_word' id='word_1_78' title='bbox 1717 1337 1786 1392; x_wconf 86' lang='lat' dir='ltr'><strong>ad</strong></span> <span class='ocrx_word' id='word_1_79' title='bbox 1835 1352 2001 1407; x_wconf 90' lang='lat' dir='ltr'><strong>quam</strong></span> 
     </span>
    </p>
   </div>
   <div class='ocr_carea' id='block_1_14' title="bbox 432 1422 2003 1501">
    <p class='ocr_par' dir='ltr' id='par_1_14' title="bbox 432 1422 2003 1501">
     <span class='ocr_line' id='line_1_14' title="bbox 432 1422 2003 1501; baseline -0.003 -16"><span class='ocrx_word' id='word_1_80' title='bbox 432 1432 823 1501; x_wconf 74' lang='lat' dir='ltr'><strong>eum-flagellis</strong></span> <span class='ocrx_word' id='word_1_81' title='bbox 855 1430 1185 1496; x_wconf 75' lang='lat' dir='ltr'><strong>caederetur,</strong></span> <span class='ocrx_word' id='word_1_82' title='bbox 1239 1430 1494 1501; x_wconf 79' lang='lat' dir='ltr'><strong>alligatus</strong></span> <span class='ocrx_word' id='word_1_83' title='bbox 1523 1438 1609 1484; x_wconf 87' lang='lat' dir='ltr'><strong>est</strong></span> <span class='ocrx_word' id='word_1_84' title='bbox 1635 1422 1908 1483; x_wconf 78' lang='lat' dir='ltr'><strong>Salvator.</strong></span> <span class='ocrx_word' id='word_1_85' title='bbox 1944 1427 2003 1481; x_wconf 91' lang='lat' dir='ltr'><strong>lu</strong></span> 
     </span>
    </p>
   </div>
   <div class='ocr_carea' id='block_1_15' title="bbox 431 1518 2005 1593">
    <p class='ocr_par' dir='ltr' id='par_1_15' title="bbox 431 1518 2005 1593">
     <span class='ocr_line' id='line_1_15' title="bbox 431 1518 2005 1593; baseline -0.003 -15"><span class='ocrx_word' id='word_1_86' title='bbox 431 1526 590 1593; x_wconf 82' lang='lat' dir='ltr'><strong>cujus</strong></span> <span class='ocrx_word' id='word_1_87' title='bbox 621 1533 772 1593; x_wconf 88' lang='lat' dir='ltr'><strong>parte</strong></span> <span class='ocrx_word' id='word_1_88' title='bbox 804 1523 1052 1585; x_wconf 86' lang='lat' dir='ltr'><strong>sinistra,</strong></span> <span class='ocrx_word' id='word_1_89' title='bbox 1080 1521 1195 1576; x_wconf 83' lang='lat' dir='ltr'><strong>divi</strong></span> <span class='ocrx_word' id='word_1_90' title='bbox 1231 1521 1514 1591; x_wconf 66' lang='lat' dir='ltr'><strong>propheta:</strong></span> <span class='ocrx_word' id='word_1_91' title='bbox 1566 1520 1790 1575; x_wconf 80' lang='lat' dir='ltr'><strong>Davidis</strong></span> <span class='ocrx_word' id='word_1_92' title='bbox 1821 1518 2005 1588; x_wconf 86' lang='lat' dir='ltr'><strong>sepul-</strong></span> 
     </span>
    </p>
   </div>
   <div class='ocr_carea' id='block_1_16' title="bbox 434 1609 2003 1684">
    <p class='ocr_par' dir='ltr' id='par_1_16' title="bbox 434 1609 2003 1684">
     <span class='ocr_line' id='line_1_16' title="bbox 434 1609 2003 1684; baseline -0.002 -17"><span class='ocrx_word' id='word_1_93' title='bbox 434 1613 890 1684; x_wconf 75' lang='lat' dir='ltr'><strong>rrnmmagniﬁce</strong></span> <span class='ocrx_word' id='word_1_94' title='bbox 917 1614 972 1668; x_wconf 93' lang='lat' dir='ltr'><strong>in</strong></span> <span class='ocrx_word' id='word_1_95' title='bbox 1002 1612 1228 1668; x_wconf 82' lang='lat' dir='ltr'><strong>sublimi</strong></span> <span class='ocrx_word' id='word_1_96' title='bbox 1253 1611 1748 1667; x_wconf 86' lang='lat' dir='ltr'><strong>collocatum.Sion</strong></span> <span class='ocrx_word' id='word_1_97' title='bbox 1787 1612 1904 1679; x_wconf 85' lang='lat' dir='ltr'><strong>ipsa</strong></span> <span class='ocrx_word' id='word_1_98' title='bbox 1937 1609 2003 1664; x_wconf 89' lang='lat' dir='ltr'><strong>ad</strong></span> 
     </span>
    </p>
   </div>
   <div class='ocr_carea' id='block_1_17' title="bbox 434 1702 2007 1775">
    <p class='ocr_par' dir='ltr' id='par_1_17' title="bbox 434 1702 2007 1775">
     <span class='ocr_line' id='line_1_17' title="bbox 434 1702 2007 1775; baseline -0.003 -14"><span class='ocrx_word' id='word_1_99' title='bbox 434 1708 728 1761; x_wconf 78' lang='lat' dir='ltr'><strong>australem</strong></span> <span class='ocrx_word' id='word_1_100' title='bbox 763 1706 920 1761; x_wconf 82' lang='lat' dir='ltr'><strong>urbis</strong></span> <span class='ocrx_word' id='word_1_101' title='bbox 967 1715 1054 1761; x_wconf 85' lang='lat' dir='ltr'><strong>cst</strong></span> <span class='ocrx_word' id='word_1_102' title='bbox 1087 1706 1192 1761; x_wconf 88' lang='lat' dir='ltr'><strong>sita</strong></span> <span class='ocrx_word' id='word_1_103' title='bbox 1232 1713 1466 1775; x_wconf 87' lang='lat' dir='ltr'><strong>partem.</strong></span> <span class='ocrx_word' id='word_1_104' title='bbox 1503 1706 1847 1773; x_wconf 78' lang='lat' dir='ltr'><strong>superiorem</strong></span> <span class='ocrx_word' id='word_1_105' title='bbox 1886 1702 2007 1771; x_wconf 85' lang='lat' dir='ltr'><strong>ejus</strong></span> 
     </span>
    </p>
   </div>
   <div class='ocr_carea' id='block_1_18' title="bbox 433 1793 2005 1868">
    <p class='ocr_par' dir='ltr' id='par_1_18' title="bbox 433 1793 2005 1868">
     <span class='ocr_line' id='line_1_18' title="bbox 433 1793 2005 1868; baseline -0.004 -15"><span class='ocrx_word' id='word_1_106' title='bbox 433 1799 627 1853; x_wconf 84' lang='lat' dir='ltr'><strong>sortita</strong></span> <span class='ocrx_word' id='word_1_107' title='bbox 655 1799 960 1868; x_wconf 76' lang='lat' dir='ltr'><strong>regionem,</strong></span> <span class='ocrx_word' id='word_1_108' title='bbox 979 1796 1345 1865; x_wconf 81' lang='lat' dir='ltr'><strong>passibusque</strong></span> <span class='ocrx_word' id='word_1_109' title='bbox 1371 1795 1519 1849; x_wconf 89' lang='lat' dir='ltr'><strong>mille</strong></span> <span class='ocrx_word' id='word_1_110' title='bbox 1538 1809 1567 1848; x_wconf 91' lang='lat' dir='ltr'><strong>a</strong></span> <span class='ocrx_word' id='word_1_111' title='bbox 1588 1793 1793 1849; x_wconf 84' lang='lat' dir='ltr'><strong>Christi</strong></span> <span class='ocrx_word' id='word_1_112' title='bbox 1824 1807 2005 1847; x_wconf 85' lang='lat' dir='ltr'><strong>resur-</strong></span> 
     </span>
    </p>
   </div>
   <div class='ocr_carea' id='block_1_19' title="bbox 436 1885 2009 1957">
    <p class='ocr_par' dir='ltr' id='par_1_19' title="bbox 436 1885 2009 1957">
     <span class='ocr_line' id='line_1_19' title="bbox 436 1885 2009 1957; baseline -0.001 -14"><span class='ocrx_word' id='word_1_113' title='bbox 436 1890 700 1943; x_wconf 81' lang='lat' dir='ltr'><strong>rectionis</strong></span> <span class='ocrx_word' id='word_1_114' title='bbox 728 1891 848 1943; x_wconf 90' lang='lat' dir='ltr'><strong>loco</strong></span> <span class='ocrx_word' id='word_1_115' title='bbox 889 1888 1079 1943; x_wconf 85' lang='lat' dir='ltr'><strong>distat.</strong></span> <span class='ocrx_word' id='word_1_116' title='bbox 1109 1888 1176 1942; x_wconf 86' lang='lat' dir='ltr'><strong>Et</strong></span> <span class='ocrx_word' id='word_1_117' title='bbox 1210 1887 1264 1941; x_wconf 91' lang='lat' dir='ltr'><strong>in</strong></span> <span class='ocrx_word' id='word_1_118' title='bbox 1296 1887 1502 1957; x_wconf 86' lang='lat' dir='ltr'><strong>palatio</strong></span> <span class='ocrx_word' id='word_1_119' title='bbox 1547 1886 1790 1955; x_wconf 69' lang='lat' dir='ltr'><strong>Caiphae,</strong></span> <span class='ocrx_word' id='word_1_120' title='bbox 1844 1885 2009 1942; x_wconf 84' lang='lat' dir='ltr'><strong>Petro</strong></span> 
     </span>
    </p>
   </div>
   <div class='ocr_carea' id='block_1_20' title="bbox 2102 685 3677 768">
    <p class='ocr_par' dir='ltr' id='par_1_20' title="bbox 2102 685 3677 768">
     <span class='ocr_line' id='line_1_20' title="bbox 2102 685 3677 768; baseline -0.009 -18"><span class='ocrx_word' id='word_1_121' title='bbox 2102 701 2169 768; x_wconf 75' lang='grc' dir='ltr'><strong>τῇ</strong></span> <span class='ocrx_word' id='word_1_122' title='bbox 2205 697 2341 749; x_wconf 84' lang='grc' dir='ltr'><strong>Σιὼν</strong></span> <span class='ocrx_word' id='word_1_123' title='bbox 2373 697 2635 766; x_wconf 83' lang='grc' dir='ltr'><strong>μέγιστον</strong></span> <span class='ocrx_word' id='word_1_124' title='bbox 2657 695 2738 757; x_wconf 83' lang='grc' dir='ltr'><strong>είς</strong></span> <span class='ocrx_word' id='word_1_125' title='bbox 2771 694 2946 763; x_wconf 89' lang='grc' dir='ltr'><strong>μῆκος</strong></span> <span class='ocrx_word' id='word_1_126' title='bbox 2977 690 3075 744; x_wconf 75' lang='grc' dir='ltr'><strong>καὶ</strong></span> <span class='ocrx_word' id='word_1_127' title='bbox 3114 689 3317 747; x_wconf 77' lang='grc' dir='ltr'><strong>πλάτος</strong></span> <span class='ocrx_word' id='word_1_128' title='bbox 3344 685 3677 758; x_wconf 76' lang='grc' dir='ltr'><strong>ἐκτρέχοντα</strong></span> 
     </span>
    </p>
   </div>
   <div class='ocr_carea' id='block_1_21' title="bbox 2102 777 3683 861">
    <p class='ocr_par' dir='ltr' id='par_1_21' title="bbox 2102 777 3683 861">
     <span class='ocr_line' id='line_1_21' title="bbox 2102 777 3683 861; baseline -0.01 -18"><span class='ocrx_word' id='word_1_129' title='bbox 2102 784 2253 843; x_wconf 77' lang='grc' dir='ltr'><strong>οἷκον</strong></span> <span class='ocrx_word' id='word_1_130' title='bbox 2282 789 2501 861; x_wconf 72' lang='grc' dir='ltr'><strong>ἀνίστηο</strong></span> <span class='ocrx_word' id='word_1_131' title='bbox 2535 786 2595 840; x_wconf 82' lang='grc' dir='ltr'><strong>οὗ</strong></span> <span class='ocrx_word' id='word_1_132' title='bbox 2627 788 2685 839; x_wconf 79' lang='grc' dir='ltr'><strong>ἐν</strong></span> <span class='ocrx_word' id='word_1_133' title='bbox 2717 784 2816 855; x_wconf 81' lang='grc' dir='ltr'><strong>μὲν</strong></span> <span class='ocrx_word' id='word_1_134' title='bbox 2853 784 2969 846; x_wconf 87' lang='grc' dir='ltr'><strong>τοῖς</strong></span> <span class='ocrx_word' id='word_1_135' title='bbox 3012 782 3235 835; x_wconf 83' lang='grc' dir='ltr'><strong>δτιισθεν</strong></span> <span class='ocrx_word' id='word_1_136' title='bbox 3283 780 3474 850; x_wconf 83' lang='grc' dir='ltr'><strong>μέρεσι</strong></span> <span class='ocrx_word' id='word_1_137' title='bbox 3503 778 3565 830; x_wconf 78' lang='grc' dir='ltr'><strong>τὸ</strong></span> <span class='ocrx_word' id='word_1_138' title='bbox 3592 777 3683 828; x_wconf 57' lang='grc' dir='ltr'><strong>οτι</strong></span> 
     </span>
    </p>
   </div>
   <div class='ocr_carea' id='block_1_22' title="bbox 2101 866 3680 951">
    <p class='ocr_par' dir='ltr' id='par_1_22' title="bbox 2101 866 3680 951">
     <span class='ocr_line' id='line_1_22' title="bbox 2101 866 3680 951; baseline -0.011 -16"><span class='ocrx_word' id='word_1_139' title='bbox 2101 897 2257 950; x_wconf 85' lang='grc' dir='ltr'><strong>κημα</strong></span> <span class='ocrx_word' id='word_1_140' title='bbox 2287 879 2686 951; x_wconf 75' lang='grc' dir='ltr'><strong>περιέκλεισεν,</strong></span> <span class='ocrx_word' id='word_1_141' title='bbox 2720 876 2849 930; x_wconf 68' lang='grc' dir='ltr'><strong>ἔνθα</strong></span> <span class='ocrx_word' id='word_1_142' title='bbox 2876 870 3019 949; x_wconf 84' lang='grc' dir='ltr'><strong>ἦσαν</strong></span> <span class='ocrx_word' id='word_1_143' title='bbox 3048 871 3383 942; x_wconf 83' lang='grc' dir='ltr'><strong>συνηγμένοι</strong></span> <span class='ocrx_word' id='word_1_144' title='bbox 3429 870 3538 922; x_wconf 82' lang='grc' dir='ltr'><strong>τῶν</strong></span> <span class='ocrx_word' id='word_1_145' title='bbox 3585 866 3680 919; x_wconf 88' lang='grc' dir='ltr'><strong>θυ-</strong></span> 
     </span>
    </p>
   </div>
   <div class='ocr_carea' id='block_1_23' title="bbox 2104 958 3681 1045">
    <p class='ocr_par' dir='ltr' id='par_1_23' title="bbox 2104 958 3681 1045">
     <span class='ocr_line' id='line_1_23' title="bbox 2104 958 3681 1045; baseline -0.011 -20"><span class='ocrx_word' id='word_1_146' title='bbox 2104 972 2215 1045; x_wconf 83' lang='grc' dir='ltr'><strong>ρῶν</strong></span> <span class='ocrx_word' id='word_1_147' title='bbox 2243 971 2653 1040; x_wconf 76' lang='grc' dir='ltr'><strong>κεκλεισμένων</strong></span> <span class='ocrx_word' id='word_1_148' title='bbox 2681 967 2771 1024; x_wconf 81' lang='grc' dir='ltr'><strong>διὰ</strong></span> <span class='ocrx_word' id='word_1_149' title='bbox 2816 967 2910 1021; x_wconf 87' lang='grc' dir='ltr'><strong>τδν</strong></span> <span class='ocrx_word' id='word_1_150' title='bbox 2934 966 3044 1020; x_wconf 86' lang='grc' dir='ltr'><strong>τῶν</strong></span> <span class='ocrx_word' id='word_1_151' title='bbox 3108 962 3383 1018; x_wconf 76' lang='grc' dir='ltr'><strong>Ἰουδαίων</strong></span> <span class='ocrx_word' id='word_1_152' title='bbox 3435 959 3600 1029; x_wconf 78' lang='grc' dir='ltr'><strong>φόϐον</strong></span> <span class='ocrx_word' id='word_1_153' title='bbox 3629 958 3681 1009; x_wconf 87' lang='lat' dir='ltr'><strong>oi.</strong></span> 
     </span>
    </p>
   </div>
   <div class='ocr_carea' id='block_1_24' title="bbox 2106 1050 3680 1135">
    <p class='ocr_par' dir='ltr' id='par_1_24' title="bbox 2106 1050 3680 1135">
     <span class='ocr_line' id='line_1_24' title="bbox 2106 1050 3680 1135; baseline -0.011 -17"><span class='ocrx_word' id='word_1_154' title='bbox 2106 1062 2371 1135; x_wconf 74' lang='grc' dir='ltr'><strong>μαθηταὶ,</strong></span> <span class='ocrx_word' id='word_1_155' title='bbox 2398 1063 2455 1117; x_wconf 84' lang='grc' dir='ltr'><strong>ἐν</strong></span> <span class='ocrx_word' id='word_1_156' title='bbox 2478 1055 2522 1130; x_wconf 77' lang='grc' dir='ltr'>ᾧ</span> <span class='ocrx_word' id='word_1_157' title='bbox 2544 1059 2637 1114; x_wconf 82' lang='grc' dir='ltr'><strong>καὶ</strong></span> <span class='ocrx_word' id='word_1_158' title='bbox 2663 1062 2691 1115; x_wconf 88' lang='grc' dir='ltr'><strong>ό</strong></span> <span class='ocrx_word' id='word_1_159' title='bbox 2709 1059 2852 1122; x_wconf 85' lang='grc' dir='ltr'><strong>θεῖος</strong></span> <span class='ocrx_word' id='word_1_160' title='bbox 2875 1058 3090 1120; x_wconf 86' lang='grc' dir='ltr'><strong>δεῖπνος</strong></span> <span class='ocrx_word' id='word_1_161' title='bbox 3118 1054 3356 1125; x_wconf 80' lang='grc' dir='ltr'><strong>ἐγένετο,</strong></span> <span class='ocrx_word' id='word_1_162' title='bbox 3388 1052 3416 1106; x_wconf 82' lang='grc' dir='ltr'><strong>ὃ</strong></span> <span class='ocrx_word' id='word_1_163' title='bbox 3442 1068 3499 1105; x_wconf 87' lang='grc' dir='ltr'><strong>τε</strong></span> <span class='ocrx_word' id='word_1_164' title='bbox 3533 1050 3680 1107; x_wconf 86' lang='grc' dir='ltr'><strong>θεῖος</strong></span> 
     </span>
    </p>
   </div>
   <div class='ocr_carea' id='block_1_25' title="bbox 2103 1140 3678 1226">
    <p class='ocr_par' dir='ltr' id='par_1_25' title="bbox 2103 1140 3678 1226">
     <span class='ocr_line' id='line_1_25' title="bbox 2103 1140 3678 1226; baseline -0.013 -16"><span class='ocrx_word' id='word_1_165' title='bbox 2103 1155 2325 1226; x_wconf 79' lang='grc' dir='ltr'><strong>νιπτὴρ,</strong></span> <span class='ocrx_word' id='word_1_166' title='bbox 2354 1154 2449 1209; x_wconf 72' lang='grc' dir='ltr'><strong>καὶ</strong></span> <span class='ocrx_word' id='word_1_167' title='bbox 2481 1154 2515 1223; x_wconf 79' lang='grc' dir='ltr'>ἡ</span> <span class='ocrx_word' id='word_1_168' title='bbox 2548 1150 2643 1205; x_wconf 86' lang='grc' dir='ltr'><strong>τοῦ</strong></span> <span class='ocrx_word' id='word_1_169' title='bbox 2680 1151 2840 1220; x_wconf 88' lang='grc' dir='ltr'><strong>ἀγίου</strong></span> <span class='ocrx_word' id='word_1_170' title='bbox 2894 1147 3211 1218; x_wconf 85' lang='grc' dir='ltr'><strong>Πνεύματος</strong></span> <span class='ocrx_word' id='word_1_171' title='bbox 3241 1141 3468 1205; x_wconf 81' lang='grc' dir='ltr'><strong>κάθοδος</strong></span> <span class='ocrx_word' id='word_1_172' title='bbox 3508 1142 3569 1194; x_wconf 87' lang='grc' dir='ltr'><strong>ἐν</strong></span> <span class='ocrx_word' id='word_1_173' title='bbox 3597 1140 3678 1210; x_wconf 81' lang='grc' dir='ltr'><strong>τῷ</strong></span> 
     </span>
    </p>
   </div>
   <div class='ocr_carea' id='block_1_26' title="bbox 2105 1234 3681 1319">
    <p class='ocr_par' dir='ltr' id='par_1_26' title="bbox 2105 1234 3681 1319">
     <span class='ocr_line' id='line_1_26' title="bbox 2105 1234 3681 1319; baseline -0.011 -18"><span class='ocrx_word' id='word_1_174' title='bbox 2105 1248 2363 1319; x_wconf 74' lang='grc' dir='ltr'><strong>ὑπερῴῳο</strong></span> <span class='ocrx_word' id='word_1_175' title='bbox 2402 1244 2497 1300; x_wconf 79' lang='grc' dir='ltr'><strong>καὶ</strong></span> <span class='ocrx_word' id='word_1_176' title='bbox 2529 1243 2747 1314; x_wconf 83' lang='grc' dir='ltr'><strong>πρῶτος</strong></span> <span class='ocrx_word' id='word_1_177' title='bbox 2779 1242 3043 1313; x_wconf 85' lang='grc' dir='ltr'><strong>ίεράρχης</strong></span> <span class='ocrx_word' id='word_1_178' title='bbox 3093 1235 3444 1306; x_wconf 86' lang='grc' dir='ltr'><strong>ἀνεκηρύχθη</strong></span> <span class='ocrx_word' id='word_1_179' title='bbox 3487 1234 3681 1287; x_wconf 81' lang='grc' dir='ltr'><strong>Ἰάκω-</strong></span> 
     </span>
    </p>
   </div>
   <div class='ocr_carea' id='block_1_27' title="bbox 2105 1326 3680 1405">
    <p class='ocr_par' dir='ltr' id='par_1_27' title="bbox 2105 1326 3680 1405">
     <span class='ocr_line' id='line_1_27' title="bbox 2105 1326 3680 1405; baseline -0.01 -13"><span class='ocrx_word' id='word_1_180' title='bbox 2105 1337 2221 1402; x_wconf 72' lang='grc' dir='ltr'><strong>ϐοςο</strong></span> <span class='ocrx_word' id='word_1_181' title='bbox 2251 1339 2386 1391; x_wconf 83' lang='grc' dir='ltr'><strong>ὅπου</strong></span> <span class='ocrx_word' id='word_1_182' title='bbox 2409 1337 2474 1405; x_wconf 77' lang='grc' dir='ltr'><strong>δὴ</strong></span> <span class='ocrx_word' id='word_1_183' title='bbox 2503 1337 2598 1389; x_wconf 82' lang='grc' dir='ltr'><strong>καὶ</strong></span> <span class='ocrx_word' id='word_1_184' title='bbox 2620 1337 2648 1389; x_wconf 86' lang='grc' dir='ltr'><strong>ό</strong></span> <span class='ocrx_word' id='word_1_185' title='bbox 2678 1331 2991 1404; x_wconf 79' lang='grc' dir='ltr'><strong>πορφυροῦς</strong></span> <span class='ocrx_word' id='word_1_186' title='bbox 3015 1326 3084 1402; x_wconf 80' lang='grc' dir='ltr'><strong>ῆν</strong></span> <span class='ocrx_word' id='word_1_187' title='bbox 3117 1328 3283 1390; x_wconf 85' lang='grc' dir='ltr'><strong>κίων,</strong></span> <span class='ocrx_word' id='word_1_188' title='bbox 3312 1326 3439 1380; x_wconf 71' lang='grc' dir='ltr'><strong>ἔνθα</strong></span> <span class='ocrx_word' id='word_1_189' title='bbox 3473 1342 3680 1396; x_wconf 80' lang='grc' dir='ltr'><strong>προσε-</strong></span> 
     </span>
    </p>
   </div>
   <div class='ocr_carea' id='block_1_28' title="bbox 2108 1414 3680 1497">
    <p class='ocr_par' dir='ltr' id='par_1_28' title="bbox 2108 1414 3680 1497">
     <span class='ocr_line' id='line_1_28' title="bbox 2108 1414 3680 1497; baseline -0.01 -16"><span class='ocrx_word' id='word_1_190' title='bbox 2108 1429 2234 1497; x_wconf 66' lang='grc' dir='ltr'><strong>δέθη</strong></span> <span class='ocrx_word' id='word_1_191' title='bbox 2294 1426 2710 1497; x_wconf 72' lang='grc' dir='ltr'><strong>φραγγελωθεὶς</strong></span> <span class='ocrx_word' id='word_1_192' title='bbox 2752 1429 2780 1478; x_wconf 86' lang='grc' dir='ltr'><strong>ό</strong></span> <span class='ocrx_word' id='word_1_193' title='bbox 2836 1424 3048 1494; x_wconf 74' lang='grc' dir='ltr'><strong>Σωτήρ.</strong></span> <span class='ocrx_word' id='word_1_194' title='bbox 3095 1414 3171 1474; x_wconf 67' lang='lat' dir='ltr'><strong>Ob</strong></span> <span class='ocrx_word' id='word_1_195' title='bbox 3220 1422 3332 1480; x_wconf 87' lang='grc' dir='ltr'><strong>τοῖς</strong></span> <span class='ocrx_word' id='word_1_196' title='bbox 3376 1416 3680 1483; x_wconf 78' lang='grc' dir='ltr'><strong>εὐωνύμοις</strong></span> 
     </span>
    </p>
   </div>
   <div class='ocr_carea' id='block_1_29' title="bbox 2110 1508 3685 1592">
    <p class='ocr_par' dir='ltr' id='par_1_29' title="bbox 2110 1508 3685 1592">
     <span class='ocr_line' id='line_1_29' title="bbox 2110 1508 3685 1592; baseline -0.01 -19"><span class='ocrx_word' id='word_1_197' title='bbox 2110 1520 2302 1592; x_wconf 79' lang='grc' dir='ltr'><strong>μέρεσι</strong></span> <span class='ocrx_word' id='word_1_198' title='bbox 2328 1519 2418 1572; x_wconf 87' lang='grc' dir='ltr'><strong>τοῦ</strong></span> <span class='ocrx_word' id='word_1_199' title='bbox 2455 1517 2585 1571; x_wconf 85' lang='grc' dir='ltr'><strong>ναοῦ</strong></span> <span class='ocrx_word' id='word_1_200' title='bbox 2622 1518 2650 1569; x_wconf 90' lang='grc' dir='ltr'><strong>ό</strong></span> <span class='ocrx_word' id='word_1_201' title='bbox 2676 1516 2770 1570; x_wconf 89' lang='grc' dir='ltr'><strong>τοῦ</strong></span> <span class='ocrx_word' id='word_1_202' title='bbox 2803 1514 2946 1568; x_wconf 83' lang='grc' dir='ltr'><strong>θείου</strong></span> <span class='ocrx_word' id='word_1_203' title='bbox 2995 1514 3279 1582; x_wconf 80' lang='grc' dir='ltr'><strong>προφήτου</strong></span> <span class='ocrx_word' id='word_1_204' title='bbox 3309 1508 3471 1561; x_wconf 77' lang='grc' dir='ltr'><strong>Δαυῒδ</strong></span> <span class='ocrx_word' id='word_1_205' title='bbox 3513 1508 3685 1573; x_wconf 77' lang='grc' dir='ltr'><strong>τάφος</strong></span> 
     </span>
    </p>
   </div>
   <div class='ocr_carea' id='block_1_30' title="bbox 2112 1599 3688 1683">
    <p class='ocr_par' dir='ltr' id='par_1_30' title="bbox 2112 1599 3688 1683">
     <span class='ocr_line' id='line_1_30' title="bbox 2112 1599 3688 1683; baseline -0.01 -18"><span class='ocrx_word' id='word_1_206' title='bbox 2112 1610 2549 1683; x_wconf 80' lang='grc' dir='ltr'>μεγαλοπρεπῶς</span> <span class='ocrx_word' id='word_1_207' title='bbox 2586 1608 2799 1679; x_wconf 86' lang='grc' dir='ltr'><strong>ῖδρυται</strong></span> <span class='ocrx_word' id='word_1_208' title='bbox 2849 1609 2914 1677; x_wconf 80' lang='grc' dir='ltr'><strong>τῇ</strong></span> <span class='ocrx_word' id='word_1_209' title='bbox 2953 1604 3296 1675; x_wconf 77' lang='grc' dir='ltr'><strong>προσκομιδῇ</strong></span> <span class='ocrx_word' id='word_1_210' title='bbox 3332 1600 3435 1669; x_wconf 86' lang='grc' dir='ltr'><strong>τῆς</strong></span> <span class='ocrx_word' id='word_1_211' title='bbox 3480 1599 3688 1666; x_wconf 89' lang='grc' dir='ltr'><strong>ἀναφο-</strong></span> 
     </span>
    </p>
   </div>
   <div class='ocr_carea' id='block_1_31' title="bbox 2110 1686 3688 1775">
    <p class='ocr_par' dir='ltr' id='par_1_31' title="bbox 2110 1686 3688 1775">
     <span class='ocr_line' id='line_1_31' title="bbox 2110 1686 3688 1775; baseline -0.011 -20"><span class='ocrx_word' id='word_1_212' title='bbox 2110 1705 2231 1775; x_wconf 79' lang='grc' dir='ltr'><strong>ρᾶς,</strong></span> <span class='ocrx_word' id='word_1_213' title='bbox 2273 1702 2340 1754; x_wconf 84' lang='grc' dir='ltr'><strong>Ἦ</strong></span> <span class='ocrx_word' id='word_1_214' title='bbox 2370 1700 2427 1753; x_wconf 80' lang='grc' dir='ltr'><strong>δὲ</strong></span> <span class='ocrx_word' id='word_1_215' title='bbox 2461 1700 2601 1752; x_wconf 88' lang='grc' dir='ltr'><strong>Σιὼν</strong></span> <span class='ocrx_word' id='word_1_216' title='bbox 2638 1699 2774 1768; x_wconf 74' lang='grc' dir='ltr'><strong>πρὸς</strong></span> <span class='ocrx_word' id='word_1_217' title='bbox 2808 1696 2965 1751; x_wconf 83' lang='grc' dir='ltr'><strong>νότον</strong></span> <span class='ocrx_word' id='word_1_218' title='bbox 3016 1694 3134 1747; x_wconf 80' lang='grc' dir='ltr'><strong>ἐστὶ</strong></span> <span class='ocrx_word' id='word_1_219' title='bbox 3175 1694 3273 1762; x_wconf 81' lang='grc' dir='ltr'><strong>τῆς</strong></span> <span class='ocrx_word' id='word_1_220' title='bbox 3323 1691 3556 1752; x_wconf 84' lang='grc' dir='ltr'><strong>πόλεως,</strong></span> <span class='ocrx_word' id='word_1_221' title='bbox 3592 1686 3688 1739; x_wconf 76' lang='grc' dir='ltr'><strong>τὸν</strong></span> 
     </span>
    </p>
   </div>
   <div class='ocr_carea' id='block_1_32' title="bbox 2110 1776 3691 1865">
    <p class='ocr_par' dir='ltr' id='par_1_32' title="bbox 2110 1776 3691 1865">
     <span class='ocr_line' id='line_1_32' title="bbox 2110 1776 3691 1865; baseline -0.011 -16"><span class='ocrx_word' id='word_1_222' title='bbox 2110 1792 2604 1865; x_wconf 75' lang='grc' dir='ltr'><strong>ὑπερανεστηκότα</strong></span> <span class='ocrx_word' id='word_1_223' title='bbox 2651 1790 2834 1862; x_wconf 86' lang='grc' dir='ltr'><strong>χῶρον</strong></span> <span class='ocrx_word' id='word_1_224' title='bbox 2876 1786 3083 1857; x_wconf 84' lang='grc' dir='ltr'><strong>ταύτης</strong></span> <span class='ocrx_word' id='word_1_225' title='bbox 3105 1783 3370 1854; x_wconf 87' lang='grc' dir='ltr'><strong>λαχοῦσα.</strong></span> <span class='ocrx_word' id='word_1_226' title='bbox 3420 1779 3612 1836; x_wconf 78' lang='grc' dir='ltr'><strong>Μίλιον</strong></span> <span class='ocrx_word' id='word_1_227' title='bbox 3642 1776 3691 1831; x_wconf 80' lang='grc' dir='ltr'><strong>δ’</strong></span> 
     </span>
    </p>
   </div>
   <div class='ocr_carea' id='block_1_33' title="bbox 2111 1875 3693 1959">
    <p class='ocr_par' dir='ltr' id='par_1_33' title="bbox 2111 1875 3693 1959">
     <span class='ocr_line' id='line_1_33' title="bbox 2111 1875 3693 1959; baseline -0.009 -16"><span class='ocrx_word' id='word_1_228' title='bbox 2111 1890 2170 1943; x_wconf 73' lang='grc' dir='ltr'><strong>ἓν</strong></span> <span class='ocrx_word' id='word_1_229' title='bbox 2199 1889 2366 1959; x_wconf 83' lang='grc' dir='ltr'><strong>διέχει</strong></span> <span class='ocrx_word' id='word_1_230' title='bbox 2397 1886 2536 1940; x_wconf 82' lang='grc' dir='ltr'><strong>Σιὼν</strong></span> <span class='ocrx_word' id='word_1_231' title='bbox 2581 1885 2682 1955; x_wconf 83' lang='grc' dir='ltr'><strong>τῆς</strong></span> <span class='ocrx_word' id='word_1_232' title='bbox 2724 1884 2820 1942; x_wconf 89' lang='grc' dir='ltr'><strong>τοῦ</strong></span> <span class='ocrx_word' id='word_1_233' title='bbox 2864 1879 3101 1953; x_wconf 76' lang='grc' dir='ltr'><strong>Χριστοῦ</strong></span> <span class='ocrx_word' id='word_1_234' title='bbox 3154 1879 3529 1940; x_wconf 81' lang='grc' dir='ltr'><strong>ἀναστάσεως.</strong></span> <span class='ocrx_word' id='word_1_235' title='bbox 3571 1875 3693 1929; x_wconf 80' lang='grc' dir='ltr'><strong>Κάν</strong></span> 
     </span>
    </p>
   </div>
   <div class='ocr_carea' id='block_1_34' title="bbox 435 1965 2033 2052">
    <p class='ocr_par' dir='ltr' id='par_1_34' title="bbox 435 1976 2011 2050">
     <span class='ocr_line' id='line_1_34' title="bbox 435 1976 2011 2050; baseline -0.001 -16"><span class='ocrx_word' id='word_1_236' title='bbox 435 1981 811 2050; x_wconf 78' lang='lat' dir='ltr'><strong>apostolorum</strong></span> <span class='ocrx_word' id='word_1_237' title='bbox 874 1979 1107 2048; x_wconf 69' lang='lat' dir='ltr'><strong>principi</strong></span> <span class='ocrx_word' id='word_1_238' title='bbox 1169 1980 1434 2049; x_wconf 83' lang='lat' dir='ltr'><strong>templum</strong></span> <span class='ocrx_word' id='word_1_239' title='bbox 1503 1978 1653 2033; x_wconf 86' lang='lat' dir='ltr'><strong>aliud</strong></span> <span class='ocrx_word' id='word_1_240' title='bbox 1701 1976 2011 2047; x_wconf 86' lang='lat' dir='ltr'><strong>constituit.</strong></span> 
     </span>
    </p>
   </div>
   <div class='ocr_carea' id='block_1_35' title="bbox 2132 1965 3695 2052">
    <p class='ocr_par' dir='ltr' id='par_1_35' title="bbox 2132 1965 3695 2052">
     <span class='ocr_line' id='line_1_35' title="bbox 2132 1965 3695 2052; baseline -0.01 -19"><span class='ocrx_word' id='word_1_241' title='bbox 2132 1984 2179 2052; x_wconf 67' lang='grc' dir='ltr'><strong>τῇ</strong></span> <span class='ocrx_word' id='word_1_242' title='bbox 2210 1979 2345 2049; x_wconf 79' lang='grc' dir='ltr'><strong>αὐλῇ</strong></span> <span class='ocrx_word' id='word_1_243' title='bbox 2375 1979 2429 2033; x_wconf 78' lang='grc' dir='ltr'><strong>δέ</strong></span> <span class='ocrx_word' id='word_1_244' title='bbox 2461 1977 2553 2031; x_wconf 90' lang='grc' dir='ltr'><strong>τοῦ</strong></span> <span class='ocrx_word' id='word_1_245' title='bbox 2608 1975 2835 2045; x_wconf 77' lang='grc' dir='ltr'><strong>Καῖάφα</strong></span> <span class='ocrx_word' id='word_1_246' title='bbox 2888 1974 3084 2043; x_wconf 80' lang='grc' dir='ltr'><strong>Πέτρῳ</strong></span> <span class='ocrx_word' id='word_1_247' title='bbox 3132 1970 3211 2039; x_wconf 83' lang='grc' dir='ltr'><strong>τῷ</strong></span> <span class='ocrx_word' id='word_1_248' title='bbox 3246 1966 3529 2038; x_wconf 75' lang='grc' dir='ltr'><strong>κορυφαίῳ</strong></span> <span class='ocrx_word' id='word_1_249' title='bbox 3580 1965 3695 2020; x_wconf 83' lang='grc' dir='ltr'><strong>τῶν</strong></span> 
     </span>
    </p>
   </div>
   <div class='ocr_carea' id='block_1_36' title="bbox 436 2070 2014 2143">
    <p class='ocr_par' dir='ltr' id='par_1_36' title="bbox 436 2070 2014 2143">
     <span class='ocr_line' id='line_1_36' title="bbox 436 2070 2014 2143; baseline -0.001 -16"><span class='ocrx_word' id='word_1_250' title='bbox 436 2076 616 2143; x_wconf 82' lang='lat' dir='ltr'><strong>Atque</strong></span> <span class='ocrx_word' id='word_1_251' title='bbox 640 2075 695 2127; x_wconf 92' lang='lat' dir='ltr'><strong>iu</strong></span> <span class='ocrx_word' id='word_1_252' title='bbox 723 2074 877 2127; x_wconf 87' lang='lat' dir='ltr'><strong>fovea</strong></span> <span class='ocrx_word' id='word_1_253' title='bbox 911 2072 1186 2137; x_wconf 61' lang='lat' dir='ltr'><strong>Jcremiao,</strong></span> <span class='ocrx_word' id='word_1_254' title='bbox 1212 2082 1269 2127; x_wconf 86' lang='lat' dir='ltr'><strong>et</strong></span> <span class='ocrx_word' id='word_1_255' title='bbox 1295 2072 1362 2126; x_wconf 88' lang='lat' dir='ltr'><strong>ad</strong></span> <span class='ocrx_word' id='word_1_256' title='bbox 1397 2072 1602 2126; x_wconf 84' lang='lat' dir='ltr'><strong>fontem</strong></span> <span class='ocrx_word' id='word_1_257' title='bbox 1624 2071 1719 2141; x_wconf 87' lang='lat' dir='ltr'><strong>qui</strong></span> <span class='ocrx_word' id='word_1_258' title='bbox 1752 2071 1899 2126; x_wconf 89' lang='lat' dir='ltr'><strong>Siloe</strong></span> <span class='ocrx_word' id='word_1_259' title='bbox 1926 2070 2014 2125; x_wconf 88' lang='lat' dir='ltr'><strong>di-</strong></span> 
     </span>
    </p>
   </div>
   <div class='ocr_carea' id='block_1_37' title="bbox 438 2164 2013 2234">
    <p class='ocr_par' dir='ltr' id='par_1_37' title="bbox 438 2164 2013 2234">
     <span class='ocr_line' id='line_1_37' title="bbox 438 2164 2013 2234; baseline -0.003 -14"><span class='ocrx_word' id='word_1_260' title='bbox 438 2166 608 2232; x_wconf 89' lang='lat' dir='ltr'><strong>citur,</strong></span> <span class='ocrx_word' id='word_1_261' title='bbox 628 2167 858 2220; x_wconf 85' lang='lat' dir='ltr'><strong>miriﬁca</strong></span> <span class='ocrx_word' id='word_1_262' title='bbox 879 2166 1189 2220; x_wconf 77' lang='lat' dir='ltr'><strong>construxit</strong></span> <span class='ocrx_word' id='word_1_263' title='bbox 1219 2179 1408 2234; x_wconf 82' lang='lat' dir='ltr'><strong>Opera.</strong></span> <span class='ocrx_word' id='word_1_264' title='bbox 1439 2164 1725 2219; x_wconf 88' lang='lat' dir='ltr'><strong>Postremo</strong></span> <span class='ocrx_word' id='word_1_265' title='bbox 1742 2172 1798 2218; x_wconf 91' lang='lat' dir='ltr'><strong>et</strong></span> <span class='ocrx_word' id='word_1_266' title='bbox 1825 2177 2013 2231; x_wconf 72' lang='lat' dir='ltr'><strong>agrum</strong></span> 
     </span>
    </p>
   </div>
   <div class='ocr_carea' id='block_1_38' title="bbox 442 2252 2017 2326">
    <p class='ocr_par' dir='ltr' id='par_1_38' title="bbox 442 2252 2017 2326">
     <span class='ocr_line' id='line_1_38' title="bbox 442 2252 2017 2326; baseline -0.003 -18"><span class='ocrx_word' id='word_1_267' title='bbox 442 2256 589 2326; x_wconf 76' lang='lat' dir='ltr'><strong>ﬁguli</strong></span> <span class='ocrx_word' id='word_1_268' title='bbox 631 2256 884 2322; x_wconf 90' lang='lat' dir='ltr'><strong>apparari</strong></span> <span class='ocrx_word' id='word_1_269' title='bbox 918 2255 1157 2317; x_wconf 84' lang='lat' dir='ltr'><strong>curavit,</strong></span> <span class='ocrx_word' id='word_1_270' title='bbox 1197 2257 1250 2308; x_wconf 91' lang='lat' dir='ltr'><strong>in</strong></span> <span class='ocrx_word' id='word_1_271' title='bbox 1305 2255 1643 2308; x_wconf 82' lang='lat' dir='ltr'><strong>advenarum</strong></span> <span class='ocrx_word' id='word_1_272' title='bbox 1698 2252 1907 2308; x_wconf 87' lang='lat' dir='ltr'><strong>scilicet</strong></span> <span class='ocrx_word' id='word_1_273' title='bbox 1961 2259 2017 2305; x_wconf 85' lang='lat' dir='ltr'><strong>et</strong></span> 
     </span>
    </p>
   </div>
   <div class='ocr_carea' id='block_1_39' title="bbox 442 2340 2016 2422">
    <p class='ocr_par' dir='ltr' id='par_1_39' title="bbox 442 2340 2016 2422">
     <span class='ocr_line' id='line_1_39' title="bbox 442 2340 2016 2422; baseline -0.006 -18"><span class='ocrx_word' id='word_1_274' title='bbox 442 2351 857 2422; x_wconf 79' lang='lat' dir='ltr'><strong>peregrinorum</strong></span> <span class='ocrx_word' id='word_1_275' title='bbox 889 2351 1246 2419; x_wconf 81' lang='lat' dir='ltr'><strong>sepulturam.</strong></span> <span class='ocrx_word' id='word_1_276' title='bbox 1299 2346 1406 2402; x_wconf 86' lang='lat' dir='ltr'><strong>Sed</strong></span> <span class='ocrx_word' id='word_1_277' title='bbox 1437 2356 1492 2401; x_wconf 92' lang='lat' dir='ltr'><strong>et</strong></span> <span class='ocrx_word' id='word_1_278' title='bbox 1548 2343 1645 2400; x_wconf 80' lang='lat' dir='ltr'><strong>filii</strong></span> <span class='ocrx_word' id='word_1_279' title='bbox 1673 2340 2016 2399; x_wconf 83' lang='lat' dir='ltr'><strong>Constantini</strong></span> 
     </span>
    </p>
   </div>
   <div class='ocr_carea' id='block_1_40' title="bbox 446 2434 2019 2511">
    <p class='ocr_par' dir='ltr' id='par_1_40' title="bbox 446 2434 2019 2511">
     <span class='ocr_line' id='line_1_40' title="bbox 446 2434 2019 2511; baseline -0.008 -11"><span class='ocrx_word' id='word_1_280' title='bbox 446 2446 740 2502; x_wconf 87' lang='lat' dir='ltr'><strong>instinctu.</strong></span> <span class='ocrx_word' id='word_1_281' title='bbox 763 2445 829 2497; x_wconf 88' lang='lat' dir='ltr'><strong>ad</strong></span> <span class='ocrx_word' id='word_1_282' title='bbox 853 2445 1110 2500; x_wconf 84' lang='lat' dir='ltr'><strong>arborem</strong></span> <span class='ocrx_word' id='word_1_283' title='bbox 1138 2443 1404 2507; x_wconf 83' lang='lat' dir='ltr'><strong>Mambre,</strong></span> <span class='ocrx_word' id='word_1_284' title='bbox 1424 2456 1548 2511; x_wconf 71' lang='lat' dir='ltr'><strong>qua:</strong></span> <span class='ocrx_word' id='word_1_285' title='bbox 1576 2454 1724 2493; x_wconf 91' lang='lat' dir='ltr'><strong>nunc</strong></span> <span class='ocrx_word' id='word_1_286' title='bbox 1751 2434 2019 2492; x_wconf 80' lang='lat' dir='ltr'><strong>Terebin-</strong></span> 
     </span>
    </p>
   </div>
   <div class='ocr_carea' id='block_1_41' title="bbox 447 2532 2021 2607">
    <p class='ocr_par' dir='ltr' id='par_1_41' title="bbox 447 2532 2021 2607">
     <span class='ocr_line' id='line_1_41' title="bbox 447 2532 2021 2607; baseline -0.005 -18"><span class='ocrx_word' id='word_1_287' title='bbox 447 2539 574 2593; x_wconf 89' lang='lat' dir='ltr'><strong>thus</strong></span> <span class='ocrx_word' id='word_1_288' title='bbox 603 2539 829 2602; x_wconf 88' lang='lat' dir='ltr'><strong>dicitur,</strong></span> <span class='ocrx_word' id='word_1_289' title='bbox 860 2536 1176 2607; x_wconf 84' lang='lat' dir='ltr'><strong>quindecim</strong></span> <span class='ocrx_word' id='word_1_290' title='bbox 1229 2535 1423 2589; x_wconf 84' lang='lat' dir='ltr'><strong>stadiis</strong></span> <span class='ocrx_word' id='word_1_291' title='bbox 1484 2532 1773 2587; x_wconf 88' lang='lat' dir='ltr'><strong>meridiem</strong></span> <span class='ocrx_word' id='word_1_292' title='bbox 1824 2542 2021 2584; x_wconf 74' lang='lat' dir='ltr'><strong>versus</strong></span> 
     </span>
    </p>
   </div>
   <div class='ocr_carea' id='block_1_42' title="bbox 442 2620 2022 2696">
    <p class='ocr_par' dir='ltr' id='par_1_42' title="bbox 442 2620 2022 2696">
     <span class='ocr_line' id='line_1_42' title="bbox 442 2620 2022 2696; baseline -0.008 -11"><span class='ocrx_word' id='word_1_293' title='bbox 442 2630 681 2685; x_wconf 81' lang='lat' dir='ltr'><strong>vicinam</strong></span> <span class='ocrx_word' id='word_1_294' title='bbox 724 2630 932 2684; x_wconf 86' lang='lat' dir='ltr'><strong>habens</strong></span> <span class='ocrx_word' id='word_1_295' title='bbox 958 2629 1200 2693; x_wconf 77' lang='lat' dir='ltr'><strong>llebron,</strong></span> <span class='ocrx_word' id='word_1_296' title='bbox 1228 2624 1624 2696; x_wconf 80' lang='lat' dir='ltr'><strong>Hierosolymis</strong></span> <span class='ocrx_word' id='word_1_297' title='bbox 1648 2633 1831 2678; x_wconf 88' lang='lat' dir='ltr'><strong>autem</strong></span> <span class='ocrx_word' id='word_1_298' title='bbox 1862 2620 2022 2676; x_wconf 86' lang='lat' dir='ltr'><strong>circi-</strong></span> 
     </span>
    </p>
   </div>
   <div class='ocr_carea' id='block_1_43' title="bbox 449 2710 2020 2788">
    <p class='ocr_par' dir='ltr' id='par_1_43' title="bbox 449 2710 2020 2788">
     <span class='ocr_line' id='line_1_43' title="bbox 449 2710 2020 2788; baseline -0.008 -12"><span class='ocrx_word' id='word_1_299' title='bbox 449 2735 535 2779; x_wconf 84' lang='lat' dir='ltr'><strong>ter</strong></span> <span class='ocrx_word' id='word_1_300' title='bbox 564 2722 804 2774; x_wconf 82' lang='lat' dir='ltr'><strong>ducenta</strong></span> <span class='ocrx_word' id='word_1_301' title='bbox 844 2729 898 2772; x_wconf 81' lang='lat' dir='ltr'><strong>et</strong></span> <span class='ocrx_word' id='word_1_302' title='bbox 925 2718 1322 2788; x_wconf 80' lang='lat' dir='ltr'><strong>quinquaginta</strong></span> <span class='ocrx_word' id='word_1_303' title='bbox 1355 2713 1530 2769; x_wconf 86' lang='lat' dir='ltr'><strong>stadia</strong></span> <span class='ocrx_word' id='word_1_304' title='bbox 1562 2712 1743 2778; x_wconf 84' lang='lat' dir='ltr'><strong>abest,</strong></span> <span class='ocrx_word' id='word_1_305' title='bbox 1770 2710 1867 2765; x_wconf 88' lang='lat' dir='ltr'><strong>ubi</strong></span> <span class='ocrx_word' id='word_1_306' title='bbox 1890 2724 2020 2764; x_wconf 90' lang='lat' dir='ltr'><strong>vera</strong></span> 
     </span>
    </p>
   </div>
   <div class='ocr_carea' id='block_1_44' title="bbox 444 2802 2021 2883">
    <p class='ocr_par' dir='ltr' id='par_1_44' title="bbox 444 2802 2021 2883">
     <span class='ocr_line' id='line_1_44' title="bbox 444 2802 2021 2883; baseline -0.008 -14"><span class='ocrx_word' id='word_1_307' title='bbox 444 2826 708 2883; x_wconf 82' lang='lat' dir='ltr'><strong>certaque</strong></span> <span class='ocrx_word' id='word_1_308' title='bbox 726 2811 871 2867; x_wconf 84' lang='lat' dir='ltr'><strong>fama</strong></span> <span class='ocrx_word' id='word_1_309' title='bbox 889 2819 994 2874; x_wconf 83' lang='lat' dir='ltr'><strong>est,</strong></span> <span class='ocrx_word' id='word_1_310' title='bbox 1016 2825 1124 2864; x_wconf 90' lang='lat' dir='ltr'><strong>una</strong></span> <span class='ocrx_word' id='word_1_311' title='bbox 1141 2824 1268 2865; x_wconf 89' lang='lat' dir='ltr'><strong>cum</strong></span> <span class='ocrx_word' id='word_1_312' title='bbox 1293 2806 1501 2877; x_wconf 78' lang='lat' dir='ltr'><strong>angelis</strong></span> <span class='ocrx_word' id='word_1_313' title='bbox 1517 2814 1708 2860; x_wconf 89' lang='lat' dir='ltr'><strong>contra</strong></span> <span class='ocrx_word' id='word_1_314' title='bbox 1726 2802 2021 2861; x_wconf 83' lang='lat' dir='ltr'><strong>Sodomam</strong></span> 
     </span>
    </p>
   </div>
   <div class='ocr_carea' id='block_1_45' title="bbox 448 2900 2023 2969">
    <p class='ocr_par' dir='ltr' id='par_1_45' title="bbox 448 2900 2023 2969">
     <span class='ocr_line' id='line_1_45' title="bbox 448 2900 2023 2969; baseline -0.008 -7"><span class='ocrx_word' id='word_1_315' title='bbox 448 2906 729 2968; x_wconf 83' lang='lat' dir='ltr'><strong>euntibus,</strong></span> <span class='ocrx_word' id='word_1_316' title='bbox 760 2915 819 2960; x_wconf 88' lang='lat' dir='ltr'><strong>et</strong></span> <span class='ocrx_word' id='word_1_317' title='bbox 840 2901 1041 2960; x_wconf 76' lang='lat' dir='ltr'><strong>Filium</strong></span> <span class='ocrx_word' id='word_1_318' title='bbox 1065 2900 1163 2957; x_wconf 87' lang='lat' dir='ltr'><strong>Dei</strong></span> <span class='ocrx_word' id='word_1_319' title='bbox 1200 2900 1551 2969; x_wconf 83' lang='lat' dir='ltr'><strong>hospitaliter</strong></span> <span class='ocrx_word' id='word_1_320' title='bbox 1575 2905 1860 2966; x_wconf 73' lang='lat' dir='ltr'><strong>acceptum</strong></span> <span class='ocrx_word' id='word_1_321' title='bbox 1899 2909 2023 2950; x_wconf 83' lang='lat' dir='ltr'><strong>esse</strong></span> 
     </span>
    </p>
   </div>
   <div class='ocr_carea' id='block_1_46' title="bbox 452 2991 2026 3066">
    <p class='ocr_par' dir='ltr' id='par_1_46' title="bbox 452 2991 2026 3066">
     <span class='ocr_line' id='line_1_46' title="bbox 452 2991 2026 3066; baseline -0.01 -9"><span class='ocrx_word' id='word_1_322' title='bbox 452 3000 525 3057; x_wconf 86' lang='lat' dir='ltr'><strong>ab</strong></span> <span class='ocrx_word' id='word_1_323' title='bbox 546 2998 842 3063; x_wconf 83' lang='lat' dir='ltr'><strong>Abraham,</strong></span> <span class='ocrx_word' id='word_1_324' title='bbox 862 2996 933 3051; x_wconf 89' lang='lat' dir='ltr'><strong>ab</strong></span> <span class='ocrx_word' id='word_1_325' title='bbox 953 3011 1133 3066; x_wconf 89' lang='lat' dir='ltr'><strong>eoque</strong></span> <span class='ocrx_word' id='word_1_326' title='bbox 1156 2993 1323 3050; x_wconf 86' lang='lat' dir='ltr'><strong>Isaaei</strong></span> <span class='ocrx_word' id='word_1_327' title='bbox 1349 2991 1789 3063; x_wconf 87' lang='lat' dir='ltr'><strong>procreationem</strong></span> <span class='ocrx_word' id='word_1_328' title='bbox 1810 3002 2026 3043; x_wconf 86' lang='lat' dir='ltr'><strong>annun-</strong></span> 
     </span>
    </p>
   </div>
   <div class='ocr_carea' id='block_1_47' title="bbox 450 3077 2023 3158">
    <p class='ocr_par' dir='ltr' id='par_1_47' title="bbox 450 3077 2023 3158">
     <span class='ocr_line' id='line_1_47' title="bbox 450 3077 2023 3158; baseline -0.007 -11"><span class='ocrx_word' id='word_1_329' title='bbox 450 3093 662 3158; x_wconf 88' lang='lat' dir='ltr'><strong>tiatam,</strong></span> <span class='ocrx_word' id='word_1_330' title='bbox 680 3094 980 3146; x_wconf 78' lang='lat' dir='ltr'><strong>maximum</strong></span> <span class='ocrx_word' id='word_1_331' title='bbox 1001 3086 1527 3155; x_wconf 84' lang='lat' dir='ltr'><strong>ornatissimumque</strong></span> <span class='ocrx_word' id='word_1_332' title='bbox 1544 3081 1807 3151; x_wconf 86' lang='lat' dir='ltr'><strong>templum</strong></span> <span class='ocrx_word' id='word_1_333' title='bbox 1828 3077 2023 3136; x_wconf 81' lang='lat' dir='ltr'><strong>erexit.</strong></span> 
     </span>
    </p>
   </div>
   <div class='ocr_carea' id='block_1_48' title="bbox 449 3167 2020 3243">
    <p class='ocr_par' dir='ltr' id='par_1_48' title="bbox 449 3167 2020 3243">
     <span class='ocr_line' id='line_1_48' title="bbox 449 3167 2020 3243; baseline -0.01 0"><span class='ocrx_word' id='word_1_334' title='bbox 449 3185 801 3243; x_wconf 80' lang='lat' dir='ltr'><strong>lntellexerat</strong></span> <span class='ocrx_word' id='word_1_335' title='bbox 844 3181 995 3238; x_wconf 88' lang='lat' dir='ltr'><strong>enim</strong></span> <span class='ocrx_word' id='word_1_336' title='bbox 1046 3179 1442 3236; x_wconf 84' lang='lat' dir='ltr'><strong>Constantinus</strong></span> <span class='ocrx_word' id='word_1_337' title='bbox 1498 3175 1602 3231; x_wconf 85' lang='lat' dir='ltr'><strong>sub</strong></span> <span class='ocrx_word' id='word_1_338' title='bbox 1656 3188 1722 3229; x_wconf 87' lang='lat' dir='ltr'><strong>ea</strong></span> <span class='ocrx_word' id='word_1_339' title='bbox 1775 3167 1972 3228; x_wconf 89' lang='lat' dir='ltr'><strong>arbore</strong></span> <span class='ocrx_word' id='word_1_340' title='bbox 2002 3210 2020 3238; x_wconf 91' lang='lat'><strong>,</strong></span> 
     </span>
    </p>
   </div>
   <div class='ocr_carea' id='block_1_49' title="bbox 2120 2052 3695 2139">
    <p class='ocr_par' dir='ltr' id='par_1_49' title="bbox 2120 2052 3695 2139">
     <span class='ocr_line' id='line_1_49' title="bbox 2120 2052 3695 2139; baseline -0.01 -18"><span class='ocrx_word' id='word_1_341' title='bbox 2120 2067 2377 2139; x_wconf 82' lang='grc' dir='ltr'><strong>μαθητῶν</strong></span> <span class='ocrx_word' id='word_1_342' title='bbox 2426 2066 2556 2119; x_wconf 78' lang='grc' dir='ltr'><strong>ναὸν</strong></span> <span class='ocrx_word' id='word_1_343' title='bbox 2599 2064 2790 2133; x_wconf 75' lang='grc' dir='ltr'><strong>ἕτερον</strong></span> <span class='ocrx_word' id='word_1_344' title='bbox 2834 2060 3082 2133; x_wconf 80' lang='grc' dir='ltr'><strong>ῆγειρεν.</strong></span> <span class='ocrx_word' id='word_1_345' title='bbox 3132 2058 3232 2110; x_wconf 85' lang='grc' dir='ltr'><strong>Ἐν</strong></span> <span class='ocrx_word' id='word_1_346' title='bbox 3261 2073 3320 2108; x_wconf 82' lang='grc' dir='ltr'><strong>τε</strong></span> <span class='ocrx_word' id='word_1_347' title='bbox 3375 2053 3454 2125; x_wconf 80' lang='grc' dir='ltr'><strong>τῷ</strong></span> <span class='ocrx_word' id='word_1_348' title='bbox 3498 2052 3695 2123; x_wconf 82' lang='grc' dir='ltr'><strong>λάκκῳ</strong></span> 
     </span>
    </p>
   </div>
   <div class='ocr_carea' id='block_1_50' title="bbox 2128 2145 3694 2231">
    <p class='ocr_par' dir='ltr' id='par_1_50' title="bbox 2128 2145 3694 2231">
     <span class='ocr_line' id='line_1_50' title="bbox 2128 2145 3694 2231; baseline -0.012 -15"><span class='ocrx_word' id='word_1_349' title='bbox 2128 2160 2397 2231; x_wconf 82' lang='grc' dir='ltr'><strong>Ἰερεμίου</strong></span> <span class='ocrx_word' id='word_1_350' title='bbox 2445 2158 2540 2211; x_wconf 79' lang='grc' dir='ltr'><strong>καὶ</strong></span> <span class='ocrx_word' id='word_1_351' title='bbox 2586 2158 2645 2211; x_wconf 75' lang='grc' dir='ltr'><strong>ἐν</strong></span> <span class='ocrx_word' id='word_1_352' title='bbox 2671 2157 2738 2225; x_wconf 73' lang='grc' dir='ltr'><strong>τῇ</strong></span> <span class='ocrx_word' id='word_1_353' title='bbox 2770 2155 2924 2223; x_wconf 84' lang='grc' dir='ltr'><strong>πηγῇ</strong></span> <span class='ocrx_word' id='word_1_354' title='bbox 2968 2152 3003 2223; x_wconf 75' lang='grc' dir='ltr'><strong>ἡ</strong></span> <span class='ocrx_word' id='word_1_355' title='bbox 3046 2148 3138 2203; x_wconf 86' lang='grc' dir='ltr'><strong>τοῦ</strong></span> <span class='ocrx_word' id='word_1_356' title='bbox 3195 2148 3416 2217; x_wconf 73' lang='grc' dir='ltr'><strong>Σιλωὰμ</strong></span> <span class='ocrx_word' id='word_1_357' title='bbox 3450 2145 3694 2215; x_wconf 71' lang='grc' dir='ltr'><strong>εἴρηται,</strong></span> 
     </span>
    </p>
   </div>
   <div class='ocr_carea' id='block_1_51' title="bbox 2118 2237 3701 2321">
    <p class='ocr_par' dir='ltr' id='par_1_51' title="bbox 2118 2237 3701 2321">
     <span class='ocr_line' id='line_1_51' title="bbox 2118 2237 3701 2321; baseline -0.012 -14"><span class='ocrx_word' id='word_1_358' title='bbox 2118 2252 2395 2321; x_wconf 82' lang='grc' dir='ltr'><strong>πολυτελῆ</strong></span> <span class='ocrx_word' id='word_1_359' title='bbox 2422 2251 2490 2304; x_wconf 88' lang='grc' dir='ltr'><strong>τά</strong></span> <span class='ocrx_word' id='word_1_360' title='bbox 2522 2249 2661 2321; x_wconf 75' lang='grc' dir='ltr'><strong>ἔργα</strong></span> <span class='ocrx_word' id='word_1_361' title='bbox 2709 2246 2918 2301; x_wconf 83' lang='grc' dir='ltr'><strong>ἐποίει.</strong></span> <span class='ocrx_word' id='word_1_362' title='bbox 2955 2244 3123 2305; x_wconf 80' lang='grc' dir='ltr'><strong>Τέλος</strong></span> <span class='ocrx_word' id='word_1_363' title='bbox 3167 2242 3222 2294; x_wconf 80' lang='grc' dir='ltr'><strong>δὲ</strong></span> <span class='ocrx_word' id='word_1_364' title='bbox 3254 2241 3353 2295; x_wconf 81' lang='grc' dir='ltr'><strong>καὶ</strong></span> <span class='ocrx_word' id='word_1_365' title='bbox 3402 2238 3496 2291; x_wconf 85' lang='grc' dir='ltr'><strong>τδν</strong></span> <span class='ocrx_word' id='word_1_366' title='bbox 3524 2237 3701 2305; x_wconf 78' lang='grc' dir='ltr'><strong>ἀγρὸν</strong></span> 
     </span>
    </p>
   </div>
   <div class='ocr_carea' id='block_1_52' title="bbox 2118 2330 3698 2416">
    <p class='ocr_par' dir='ltr' id='par_1_52' title="bbox 2118 2330 3698 2416">
     <span class='ocr_line' id='line_1_52' title="bbox 2118 2330 3698 2416; baseline -0.012 -17"><span class='ocrx_word' id='word_1_367' title='bbox 2118 2345 2213 2399; x_wconf 85' lang='grc' dir='ltr'><strong>τοῦ</strong></span> <span class='ocrx_word' id='word_1_368' title='bbox 2244 2344 2538 2416; x_wconf 84' lang='grc' dir='ltr'><strong>κεραμέως</strong></span> <span class='ocrx_word' id='word_1_369' title='bbox 2562 2339 3042 2412; x_wconf 84' lang='grc' dir='ltr'><strong>μετασκευάσασα,</strong></span> <span class='ocrx_word' id='word_1_370' title='bbox 3072 2334 3428 2402; x_wconf 82' lang='grc' dir='ltr'><strong>πολυάνδριον</strong></span> <span class='ocrx_word' id='word_1_371' title='bbox 3453 2330 3698 2398; x_wconf 67' lang='grc' dir='ltr'><strong>ἔπραττε</strong></span> 
     </span>
    </p>
   </div>
   <div class='ocr_carea' id='block_1_53' title="bbox 2119 2423 3703 2508">
    <p class='ocr_par' dir='ltr' id='par_1_53' title="bbox 2119 2423 3703 2508">
     <span class='ocr_line' id='line_1_53' title="bbox 2119 2423 3703 2508; baseline -0.013 -13"><span class='ocrx_word' id='word_1_372' title='bbox 2119 2443 2234 2504; x_wconf 80' lang='grc' dir='ltr'><strong>τοῖς</strong></span> <span class='ocrx_word' id='word_1_373' title='bbox 2264 2438 2435 2504; x_wconf 79' lang='grc' dir='ltr'><strong>ξένοις</strong></span> <span class='ocrx_word' id='word_1_374' title='bbox 2466 2436 2715 2508; x_wconf 77' lang='grc' dir='ltr'><strong>δηλονότι</strong></span> <span class='ocrx_word' id='word_1_375' title='bbox 2750 2434 2952 2503; x_wconf 83' lang='grc' dir='ltr'><strong>ταφήν.</strong></span> <span class='ocrx_word' id='word_1_376' title='bbox 2980 2431 3245 2492; x_wconf 83' lang='grc' dir='ltr'><strong>Σπουδαῖς</strong></span> <span class='ocrx_word' id='word_1_377' title='bbox 3282 2428 3341 2482; x_wconf 75' lang='grc' dir='ltr'><strong>δι</strong></span> <span class='ocrx_word' id='word_1_378' title='bbox 3385 2424 3478 2481; x_wconf 85' lang='grc' dir='ltr'><strong>τοῦ</strong></span> <span class='ocrx_word' id='word_1_379' title='bbox 3504 2423 3703 2486; x_wconf 79' lang='grc' dir='ltr'><strong>παιδὸς</strong></span> 
     </span>
    </p>
   </div>
   <div class='ocr_carea' id='block_1_54' title="bbox 2121 2513 3704 2594">
    <p class='ocr_par' dir='ltr' id='par_1_54' title="bbox 2121 2513 3704 2594">
     <span class='ocr_line' id='line_1_54' title="bbox 2121 2513 3704 2594; baseline -0.013 -9"><span class='ocrx_word' id='word_1_380' title='bbox 2121 2529 2536 2585; x_wconf 83' lang='grc' dir='ltr'><strong>Κωνσταντίνου</strong></span> <span class='ocrx_word' id='word_1_381' title='bbox 2589 2526 2693 2579; x_wconf 89' lang='grc' dir='ltr'><strong>κάν</strong></span> <span class='ocrx_word' id='word_1_382' title='bbox 2743 2527 2810 2594; x_wconf 76' lang='grc' dir='ltr'><strong>τῇ</strong></span> <span class='ocrx_word' id='word_1_383' title='bbox 2862 2521 2989 2592; x_wconf 73' lang='grc' dir='ltr'><strong>δρυῒ</strong></span> <span class='ocrx_word' id='word_1_384' title='bbox 3020 2525 3087 2593; x_wconf 77' lang='grc' dir='ltr'><strong>τῇ</strong></span> <span class='ocrx_word' id='word_1_385' title='bbox 3136 2519 3366 2591; x_wconf 84' lang='grc' dir='ltr'><strong>Μαυρῆ,</strong></span> <span class='ocrx_word' id='word_1_386' title='bbox 3423 2518 3544 2589; x_wconf 81' lang='grc' dir='ltr'><strong>ῆτις</strong></span> <span class='ocrx_word' id='word_1_387' title='bbox 3600 2513 3704 2566; x_wconf 85' lang='grc' dir='ltr'><strong>νῦν</strong></span> 
     </span>
    </p>
   </div>
   <div class='ocr_carea' id='block_1_55' title="bbox 2122 2606 3705 2692">
    <p class='ocr_par' dir='ltr' id='par_1_55' title="bbox 2122 2606 3705 2692">
     <span class='ocr_line' id='line_1_55' title="bbox 2122 2606 3705 2692; baseline -0.013 -16"><span class='ocrx_word' id='word_1_388' title='bbox 2122 2621 2447 2692; x_wconf 81' lang='grc' dir='ltr'><strong>Τερέσινθος</strong></span> <span class='ocrx_word' id='word_1_389' title='bbox 2472 2619 2713 2687; x_wconf 74' lang='grc' dir='ltr'><strong>λέγεται,</strong></span> <span class='ocrx_word' id='word_1_390' title='bbox 2736 2615 2847 2669; x_wconf 84' lang='grc' dir='ltr'><strong>ἀπὸ</strong></span> <span class='ocrx_word' id='word_1_391' title='bbox 2873 2613 2932 2668; x_wconf 84' lang='grc' dir='ltr'><strong>ιε’</strong></span> <span class='ocrx_word' id='word_1_392' title='bbox 2964 2614 3065 2685; x_wconf 78' lang='grc' dir='ltr'><strong>μὲν</strong></span> <span class='ocrx_word' id='word_1_393' title='bbox 3100 2612 3328 2666; x_wconf 78' lang='grc' dir='ltr'><strong>σταδίων</strong></span> <span class='ocrx_word' id='word_1_394' title='bbox 3358 2609 3576 2679; x_wconf 79' lang='grc' dir='ltr'><strong>γείτονα</strong></span> <span class='ocrx_word' id='word_1_395' title='bbox 3599 2606 3705 2672; x_wconf 81' lang='grc' dir='ltr'><strong>τὴν</strong></span> 
     </span>
    </p>
   </div>
   <div class='ocr_carea' id='block_1_56' title="bbox 2122 2699 3706 2784">
    <p class='ocr_par' dir='ltr' id='par_1_56' title="bbox 2122 2699 3706 2784">
     <span class='ocr_line' id='line_1_56' title="bbox 2122 2699 3706 2784; baseline -0.012 -16"><span class='ocrx_word' id='word_1_396' title='bbox 2122 2714 2352 2784; x_wconf 80' lang='grc' dir='ltr'><strong>Χεσρὼν</strong></span> <span class='ocrx_word' id='word_1_397' title='bbox 2382 2712 2579 2783; x_wconf 74' lang='grc' dir='ltr'><strong>ἔχουσα</strong></span> <span class='ocrx_word' id='word_1_398' title='bbox 2615 2710 2751 2781; x_wconf 77' lang='grc' dir='ltr'><strong>πρὸς</strong></span> <span class='ocrx_word' id='word_1_399' title='bbox 2790 2706 3167 2778; x_wconf 80' lang='grc' dir='ltr'><strong>μεσημϐρίαν,</strong></span> <span class='ocrx_word' id='word_1_400' title='bbox 3208 2699 3603 2772; x_wconf 86' lang='grc' dir='ltr'><strong>Ἰεροσολύμων</strong></span> <span class='ocrx_word' id='word_1_401' title='bbox 3634 2699 3706 2768; x_wconf 81' lang='grc' dir='ltr'><strong>δὴ</strong></span> 
     </span>
    </p>
   </div>
   <div class='ocr_carea' id='block_1_57' title="bbox 2122 2790 3704 2874">
    <p class='ocr_par' dir='ltr' id='par_1_57' title="bbox 2122 2790 3704 2874">
     <span class='ocr_line' id='line_1_57' title="bbox 2122 2790 3704 2874; baseline -0.014 -11"><span class='ocrx_word' id='word_1_402' title='bbox 2122 2806 2390 2863; x_wconf 82' lang='grc' dir='ltr'><strong>διεστῶτα</strong></span> <span class='ocrx_word' id='word_1_403' title='bbox 2471 2804 2617 2874; x_wconf 61' lang='grc' dir='ltr'><strong>ἀμφὶ⁵</strong></span> <span class='ocrx_word' id='word_1_404' title='bbox 2667 2802 2916 2857; x_wconf 86' lang='grc' dir='ltr'><strong>διακόσια</strong></span> <span class='ocrx_word' id='word_1_405' title='bbox 2966 2799 3061 2853; x_wconf 69' lang='grc' dir='ltr'><strong>καὶ</strong></span> <span class='ocrx_word' id='word_1_406' title='bbox 3109 2797 3448 2866; x_wconf 76' lang='grc' dir='ltr'><strong>πεντήκοντα</strong></span> <span class='ocrx_word' id='word_1_407' title='bbox 3488 2790 3704 2851; x_wconf 83' lang='grc' dir='ltr'><strong>στάδια,</strong></span> 
     </span>
    </p>
   </div>
   <div class='ocr_carea' id='block_1_58' title="bbox 2124 2884 3708 2966">
    <p class='ocr_par' dir='ltr' id='par_1_58' title="bbox 2124 2884 3708 2966">
     <span class='ocr_line' id='line_1_58' title="bbox 2124 2884 3708 2966; baseline -0.013 -12"><span class='ocrx_word' id='word_1_408' title='bbox 2124 2899 2254 2953; x_wconf 74' lang='grc' dir='ltr'><strong>ἔνθα</strong></span> <span class='ocrx_word' id='word_1_409' title='bbox 2289 2899 2447 2966; x_wconf 80' lang='grc' dir='ltr'><strong>λόγος</strong></span> <span class='ocrx_word' id='word_1_410' title='bbox 2476 2896 2624 2950; x_wconf 75' lang='grc' dir='ltr'><strong>ἐστὶν</strong></span> <span class='ocrx_word' id='word_1_411' title='bbox 2674 2893 2880 2965; x_wconf 73' lang='grc' dir='ltr'><strong>ἀληθὴς</strong></span> <span class='ocrx_word' id='word_1_412' title='bbox 2914 2891 3132 2960; x_wconf 89' lang='grc' dir='ltr'><strong>σύναμα</strong></span> <span class='ocrx_word' id='word_1_413' title='bbox 3164 2890 3276 2947; x_wconf 84' lang='grc' dir='ltr'><strong>τοῖς</strong></span> <span class='ocrx_word' id='word_1_414' title='bbox 3304 2885 3445 2941; x_wconf 87' lang='grc' dir='ltr'><strong>κατά</strong></span> <span class='ocrx_word' id='word_1_415' title='bbox 3474 2884 3708 2953; x_wconf 79' lang='grc' dir='ltr'><strong>Σοδομι-</strong></span> 
     </span>
    </p>
   </div>
   <div class='ocr_carea' id='block_1_59' title="bbox 2124 2975 3706 3059">
    <p class='ocr_par' dir='ltr' id='par_1_59' title="bbox 2124 2975 3706 3059">
     <span class='ocr_line' id='line_1_59' title="bbox 2124 2975 3706 3059; baseline -0.013 -13"><span class='ocrx_word' id='word_1_416' title='bbox 2124 2992 2237 3046; x_wconf 81' lang='grc' dir='ltr'><strong>τῶν</strong></span> <span class='ocrx_word' id='word_1_417' title='bbox 2271 2988 2441 3045; x_wconf 83' lang='grc' dir='ltr'><strong>ίοῦσιν</strong></span> <span class='ocrx_word' id='word_1_418' title='bbox 2476 2988 2731 3057; x_wconf 80' lang='grc' dir='ltr'><strong>ἀγγέλοις</strong></span> <span class='ocrx_word' id='word_1_419' title='bbox 2762 2986 2857 3059; x_wconf 78' lang='grc' dir='ltr'><strong>καὶ</strong></span> <span class='ocrx_word' id='word_1_420' title='bbox 2887 2985 2978 3038; x_wconf 79' lang='grc' dir='ltr'><strong>τὸν</strong></span> <span class='ocrx_word' id='word_1_421' title='bbox 3004 2983 3131 3036; x_wconf 76' lang='grc' dir='ltr'><strong>Υίδν</strong></span> <span class='ocrx_word' id='word_1_422' title='bbox 3161 2980 3255 3035; x_wconf 87' lang='grc' dir='ltr'><strong>τοῦ</strong></span> <span class='ocrx_word' id='word_1_423' title='bbox 3276 2978 3413 3054; x_wconf 73' lang='grc' dir='ltr'><strong>Θεοῦ</strong></span> <span class='ocrx_word' id='word_1_424' title='bbox 3438 2975 3706 3040; x_wconf 75' lang='grc' dir='ltr'><strong>ἐπιξενω-</strong></span> 
     </span>
    </p>
   </div>
   <div class='ocr_carea' id='block_1_60' title="bbox 2126 3071 3710 3154">
    <p class='ocr_par' dir='ltr' id='par_1_60' title="bbox 2126 3071 3710 3154">
     <span class='ocr_line' id='line_1_60' title="bbox 2126 3071 3710 3154; baseline -0.011 -18"><span class='ocrx_word' id='word_1_425' title='bbox 2126 3082 2288 3154; x_wconf 89' lang='grc' dir='ltr'><strong>θῆναι</strong></span> <span class='ocrx_word' id='word_1_426' title='bbox 2336 3079 2415 3152; x_wconf 82' lang='grc' dir='ltr'><strong>τῷ</strong></span> <span class='ocrx_word' id='word_1_427' title='bbox 2468 3078 2745 3150; x_wconf 73' lang='grc' dir='ltr'><strong>Ἀϐραάμ,</strong></span> <span class='ocrx_word' id='word_1_428' title='bbox 2802 3076 2897 3132; x_wconf 78' lang='grc' dir='ltr'><strong>καὶ</strong></span> <span class='ocrx_word' id='word_1_429' title='bbox 2942 3076 3044 3144; x_wconf 73' lang='grc' dir='ltr'><strong>τὴν</strong></span> <span class='ocrx_word' id='word_1_430' title='bbox 3074 3072 3172 3127; x_wconf 86' lang='grc' dir='ltr'><strong>τοῦ</strong></span> <span class='ocrx_word' id='word_1_431' title='bbox 3214 3071 3399 3125; x_wconf 81' lang='grc' dir='ltr'><strong>Ἰσαάκ</strong></span> <span class='ocrx_word' id='word_1_432' title='bbox 3446 3071 3710 3138; x_wconf 76' lang='grc' dir='ltr'><strong>γέννησιν</strong></span> 
     </span>
    </p>
   </div>
   <div class='ocr_carea' id='block_1_61' title="bbox 2127 3158 3708 3241">
    <p class='ocr_par' dir='ltr' id='par_1_61' title="bbox 2127 3158 3708 3241">
     <span class='ocr_line' id='line_1_61' title="bbox 2127 3158 3708 3241; baseline -0.01 -16"><span class='ocrx_word' id='word_1_433' title='bbox 2127 3168 2584 3241; x_wconf 76' lang='grc' dir='ltr'><strong>ἐπαγγείλασθαι.</strong></span> <span class='ocrx_word' id='word_1_434' title='bbox 2615 3170 2743 3221; x_wconf 71' lang='grc' dir='ltr'><strong>ναὸν</strong></span> <span class='ocrx_word' id='word_1_435' title='bbox 2779 3167 3038 3235; x_wconf 86' lang='grc' dir='ltr'><strong>μέγιστον</strong></span> <span class='ocrx_word' id='word_1_436' title='bbox 3073 3161 3167 3216; x_wconf 73' lang='grc' dir='ltr'><strong>καὶ</strong></span> <span class='ocrx_word' id='word_1_437' title='bbox 3209 3158 3708 3232; x_wconf 79' lang='grc' dir='ltr'><strong>περικαλλέστατον</strong></span> 
     </span>
    </p>
   </div>
   <div class='ocr_carea' id='block_1_62' title="bbox 450 3246 2033 3366">
    <p class='ocr_par' dir='ltr' id='par_1_62' title="bbox 450 3264 2023 3350">
     <span class='ocr_line' id='line_1_62' title="bbox 450 3264 2023 3350; baseline -0.008 -22"><span class='ocrx_word' id='word_1_438' title='bbox 450 3285 672 3331; x_wconf 80' lang='lat' dir='ltr'><strong>veteres</strong></span> <span class='ocrx_word' id='word_1_439' title='bbox 713 3272 917 3330; x_wconf 66' lang='lat' dir='ltr'><strong>Graeca</strong></span> <span class='ocrx_word' id='word_1_440' title='bbox 944 3269 1383 3350; x_wconf 39' lang='lat' dir='ltr'><strong>.superstitionis</strong></span> <span class='ocrx_word' id='word_1_441' title='bbox 1430 3283 1558 3323; x_wconf 85' lang='lat' dir='ltr'><strong>aras</strong></span> <span class='ocrx_word' id='word_1_442' title='bbox 1612 3264 2023 3330; x_wconf 84' lang='lat' dir='ltr'><strong>eonstruxisse,</strong></span> 
     </span>
    </p>
   </div>
   <div class='ocr_carea' id='block_1_63' title="bbox 2132 3246 3712 3366">
    <p class='ocr_par' dir='ltr' id='par_1_63' title="bbox 2132 3246 3712 3366">
     <span class='ocr_line' id='line_1_63' title="bbox 2132 3246 3712 3333; baseline -0.011 -15"><span class='ocrx_word' id='word_1_443' title='bbox 2132 3263 2475 3333; x_wconf 80' lang='grc' dir='ltr'><strong>ἀνεδείματο·</strong></span> <span class='ocrx_word' id='word_1_444' title='bbox 2514 3262 2611 3316; x_wconf 71' lang='grc' dir='ltr'><strong>καὶ</strong></span> <span class='ocrx_word' id='word_1_445' title='bbox 2643 3261 2755 3330; x_wconf 80' lang='grc' dir='ltr'><strong>γὰρ</strong></span> <span class='ocrx_word' id='word_1_446' title='bbox 2804 3255 2993 3329; x_wconf 86' lang='grc' dir='ltr'><strong>μαθὼν</strong></span> <span class='ocrx_word' id='word_1_447' title='bbox 3036 3251 3107 3327; x_wconf 81' lang='grc' dir='ltr'><strong>ἧν</strong></span> <span class='ocrx_word' id='word_1_448' title='bbox 3159 3253 3565 3314; x_wconf 85' lang='grc' dir='ltr'><strong>Κωνσταντῖνος</strong></span> <span class='ocrx_word' id='word_1_449' title='bbox 3599 3246 3712 3302; x_wconf 83' lang='grc' dir='ltr'><strong>ύπδ</strong></span> 
     </span>
     <span class='ocr_line' id='line_1_64' title="bbox 2165 3340 3679 3366; baseline 0 0"><span class='ocrx_word' id='word_1_450' title='bbox 2165 3356 2243 3366; x_wconf 77' lang='lat'><strong>_-</strong></span> <span class='ocrx_word' id='word_1_451' title='bbox 2312 3355 2336 3366; x_wconf 70' lang='lat'><strong>-</strong></span> <span class='ocrx_word' id='word_1_452' title='bbox 2386 3354 2410 3366; x_wconf 63' lang='grc' dir='ltr'>η</span> <span class='ocrx_word' id='word_1_453' title='bbox 2541 3353 2552 3366; x_wconf 86' lang='grc'><strong>.</strong></span> <span class='ocrx_word' id='word_1_454' title='bbox 2633 3351 2742 3366; x_wconf 69' lang='grc' dir='ltr'><strong>η...</strong></span> <span class='ocrx_word' id='word_1_455' title='bbox 2921 3351 2932 3365; x_wconf 87' lang='grc'><strong>.</strong></span> <span class='ocrx_word' id='word_1_456' title='bbox 3121 3363 3134 3366; x_wconf 84' lang='lat'>_</span> <span class='ocrx_word' id='word_1_457' title='bbox 3170 3340 3679 3366; x_wconf 48' lang='grc' dir='ltr'><strong>,μμημμηοη</strong></span> 
     </span>
    </p>
   </div>
   <div class='ocr_carea' id='block_1_64' title="bbox 455 3340 2033 3437">
    <p class='ocr_par' dir='ltr' id='par_1_64' title="bbox 455 3360 2025 3437">
     <span class='ocr_line' id='line_1_65' title="bbox 455 3360 2025 3437; baseline -0.008 -10"><span class='ocrx_word' id='word_1_458' title='bbox 455 3370 663 3427; x_wconf 71' lang='lat' dir='ltr'><strong>Graecis</strong></span> <span class='ocrx_word' id='word_1_459' title='bbox 689 3368 978 3425; x_wconf 85' lang='lat' dir='ltr'><strong>sacriﬁciis</strong></span> <span class='ocrx_word' id='word_1_460' title='bbox 1000 3368 1127 3423; x_wconf 85' lang='lat' dir='ltr'><strong>istic</strong></span> <span class='ocrx_word' id='word_1_461' title='bbox 1148 3377 1402 3437; x_wconf 85' lang='lat' dir='ltr'><strong>operatos</strong></span> <span class='ocrx_word' id='word_1_462' title='bbox 1430 3378 1580 3425; x_wconf 87' lang='lat' dir='ltr'><strong>esse,</strong></span> <span class='ocrx_word' id='word_1_463' title='bbox 1600 3363 1785 3417; x_wconf 80' lang='lat' dir='ltr'><strong>vinum</strong></span> <span class='ocrx_word' id='word_1_464' title='bbox 1805 3360 2025 3421; x_wconf 82' lang='lat' dir='ltr'><strong>libasse.</strong></span> 
     </span>
    </p>
   </div>
   <div class='ocr_carea' id='block_1_65' title="bbox 2132 3340 3709 3437">
    <p class='ocr_par' dir='ltr' id='par_1_65' title="bbox 2132 3340 3709 3428">
     <span class='ocr_line' id='line_1_66' title="bbox 2132 3340 3709 3428; baseline -0.012 -18"><span class='ocrx_word' id='word_1_465' title='bbox 2132 3358 2196 3428; x_wconf 75' lang='grc' dir='ltr'><strong>τῇ</strong></span> <span class='ocrx_word' id='word_1_466' title='bbox 2215 3355 2358 3427; x_wconf 72' lang='grc' dir='ltr'><strong>δρυῒ,</strong></span> <span class='ocrx_word' id='word_1_467' title='bbox 2384 3353 2602 3424; x_wconf 77' lang='grc' dir='ltr'><strong>βωμοὺς</strong></span> <span class='ocrx_word' id='word_1_468' title='bbox 2633 3351 2982 3421; x_wconf 60' lang='grc' dir='ltr'><strong>Ἑλληνικῶς</strong></span> <span class='ocrx_word' id='word_1_469' title='bbox 3006 3349 3136 3410; x_wconf 76' lang='grc' dir='ltr'><strong>τοὺς</strong></span> <span class='ocrx_word' id='word_1_470' title='bbox 3165 3344 3335 3398; x_wconf 88' lang='grc' dir='ltr'><strong>πάλαι</strong></span> <span class='ocrx_word' id='word_1_471' title='bbox 3355 3340 3709 3413; x_wconf 86' lang='grc' dir='ltr'><strong>ίδρύσασθαι,</strong></span> 
     </span>
    </p>
   </div>
   <div class='ocr_carea' id='block_1_66' title="bbox 458 3453 2029 3526">
    <p class='ocr_par' dir='ltr' id='par_1_66' title="bbox 458 3453 2029 3526">
     <span class='ocr_line' id='line_1_67' title="bbox 458 3453 2029 3526; baseline -0.008 -9"><span class='ocrx_word' id='word_1_472' title='bbox 458 3465 622 3518; x_wconf 86' lang='lat' dir='ltr'><strong>thura</strong></span> <span class='ocrx_word' id='word_1_473' title='bbox 658 3462 986 3526; x_wconf 85' lang='lat' dir='ltr'><strong>adolevisse,</strong></span> <span class='ocrx_word' id='word_1_474' title='bbox 1020 3459 1240 3523; x_wconf 85' lang='lat' dir='ltr'><strong>bovem,</strong></span> <span class='ocrx_word' id='word_1_475' title='bbox 1272 3458 1488 3513; x_wconf 82' lang='lat' dir='ltr'><strong>hircum</strong></span> <span class='ocrx_word' id='word_1_476' title='bbox 1519 3465 1576 3511; x_wconf 88' lang='lat' dir='ltr'><strong>et</strong></span> <span class='ocrx_word' id='word_1_477' title='bbox 1613 3455 1815 3526; x_wconf 78' lang='lat' dir='ltr'><strong>gallum</strong></span> <span class='ocrx_word' id='word_1_478' title='bbox 1859 3453 2029 3507; x_wconf 82' lang='lat' dir='ltr'><strong>sacri-</strong></span> 
     </span>
    </p>
   </div>
   <div class='ocr_carea' id='block_1_67' title="bbox 462 3544 2026 3620">
    <p class='ocr_par' dir='ltr' id='par_1_67' title="bbox 462 3544 2026 3620">
     <span class='ocr_line' id='line_1_68' title="bbox 462 3544 2026 3620; baseline -0.006 -10"><span class='ocrx_word' id='word_1_479' title='bbox 462 3556 677 3620; x_wconf 78' lang='lat' dir='ltr'><strong>ficasse,</strong></span> <span class='ocrx_word' id='word_1_480' title='bbox 708 3556 963 3610; x_wconf 86' lang='lat' dir='ltr'><strong>lucernas</strong></span> <span class='ocrx_word' id='word_1_481' title='bbox 996 3565 1257 3607; x_wconf 86' lang='lat' dir='ltr'><strong>accensas</strong></span> <span class='ocrx_word' id='word_1_482' title='bbox 1284 3552 1408 3605; x_wconf 88' lang='lat' dir='ltr'><strong>oleo</strong></span> <span class='ocrx_word' id='word_1_483' title='bbox 1454 3546 1640 3602; x_wconf 88' lang='lat' dir='ltr'><strong>infuso</strong></span> <span class='ocrx_word' id='word_1_484' title='bbox 1676 3544 2026 3617; x_wconf 85' lang='lat' dir='ltr'><strong>apposuisse.</strong></span> 
     </span>
    </p>
   </div>
   <div class='ocr_carea' id='block_1_68' title="bbox 463 3640 2034 3717">
    <p class='ocr_par' dir='ltr' id='par_1_68' title="bbox 463 3640 2034 3717">
     <span class='ocr_line' id='line_1_69' title="bbox 463 3640 2034 3717; baseline -0.011 -13"><span class='ocrx_word' id='word_1_485' title='bbox 463 3651 741 3717; x_wconf 86' lang='lat' dir='ltr'><strong>placentas</strong></span> <span class='ocrx_word' id='word_1_486' title='bbox 775 3645 1078 3700; x_wconf 87' lang='lat' dir='ltr'><strong>obtulisse:</strong></span> <span class='ocrx_word' id='word_1_487' title='bbox 1129 3642 1395 3713; x_wconf 87' lang='lat' dir='ltr'><strong>quosdam</strong></span> <span class='ocrx_word' id='word_1_488' title='bbox 1460 3640 1624 3695; x_wconf 81' lang='lat' dir='ltr'><strong>etiam</strong></span> <span class='ocrx_word' id='word_1_489' title='bbox 1683 3649 1943 3693; x_wconf 88' lang='lat' dir='ltr'><strong>nummos</strong></span> <span class='ocrx_word' id='word_1_490' title='bbox 1977 3640 2034 3687; x_wconf 89' lang='lat' dir='ltr'><strong>et</strong></span> 
     </span>
    </p>
   </div>
   <div class='ocr_carea' id='block_1_69' title="bbox 463 3726 2036 3808">
    <p class='ocr_par' dir='ltr' id='par_1_69' title="bbox 463 3726 2036 3808">
     <span class='ocr_line' id='line_1_70' title="bbox 463 3726 2036 3808; baseline -0.01 -14"><span class='ocrx_word' id='word_1_491' title='bbox 463 3742 603 3796; x_wconf 83' lang='lat' dir='ltr'><strong>varii</strong></span> <span class='ocrx_word' id='word_1_492' title='bbox 656 3740 874 3807; x_wconf 76' lang='lat' dir='ltr'><strong>generis</strong></span> <span class='ocrx_word' id='word_1_493' title='bbox 906 3746 1184 3808; x_wconf 78' lang='lat' dir='ltr'><strong>unguenta</strong></span> <span class='ocrx_word' id='word_1_494' title='bbox 1226 3737 1279 3788; x_wconf 91' lang='lat' dir='ltr'><strong>in</strong></span> <span class='ocrx_word' id='word_1_495' title='bbox 1312 3733 1554 3788; x_wconf 87' lang='lat' dir='ltr'><strong>vicinum</strong></span> <span class='ocrx_word' id='word_1_496' title='bbox 1587 3739 1811 3800; x_wconf 84' lang='lat' dir='ltr'><strong>puteum</strong></span> <span class='ocrx_word' id='word_1_497' title='bbox 1847 3726 2036 3794; x_wconf 83' lang='lat' dir='ltr'><strong>conje-</strong></span> 
     </span>
    </p>
   </div>
   <div class='ocr_carea' id='block_1_70' title="bbox 463 3821 2035 3897">
    <p class='ocr_par' dir='ltr' id='par_1_70' title="bbox 463 3821 2035 3897">
     <span class='ocr_line' id='line_1_71' title="bbox 463 3821 2035 3897; baseline -0.011 -9"><span class='ocrx_word' id='word_1_498' title='bbox 463 3835 629 3896; x_wconf 84' lang='lat' dir='ltr'><strong>cisse,</strong></span> <span class='ocrx_word' id='word_1_499' title='bbox 659 3835 733 3887; x_wconf 90' lang='lat' dir='ltr'><strong>ita</strong></span> <span class='ocrx_word' id='word_1_500' title='bbox 758 3840 819 3885; x_wconf 89' lang='lat' dir='ltr'><strong>ut</strong></span> <span class='ocrx_word' id='word_1_501' title='bbox 841 3846 1026 3885; x_wconf 87' lang='lat' dir='ltr'><strong>rerum</strong></span> <span class='ocrx_word' id='word_1_502' title='bbox 1050 3829 1425 3897; x_wconf 80' lang='lat' dir='ltr'><strong>conjectarum</strong></span> <span class='ocrx_word' id='word_1_503' title='bbox 1461 3822 1667 3894; x_wconf 76' lang='lat' dir='ltr'><strong>ingenti</strong></span> <span class='ocrx_word' id='word_1_504' title='bbox 1696 3821 1856 3889; x_wconf 91' lang='lat' dir='ltr'><strong>copia</strong></span> <span class='ocrx_word' id='word_1_505' title='bbox 1891 3832 2035 3887; x_wconf 88' lang='lat' dir='ltr'><strong>aqua</strong></span> 
     </span>
    </p>
   </div>
   <div class='ocr_carea' id='block_1_71' title="bbox 466 3910 2037 3986">
    <p class='ocr_par' dir='ltr' id='par_1_71' title="bbox 466 3910 2037 3986">
     <span class='ocr_line' id='line_1_72' title="bbox 466 3910 2037 3986; baseline -0.01 -8"><span class='ocrx_word' id='word_1_506' title='bbox 466 3924 682 3980; x_wconf 88' lang='lat' dir='ltr'><strong>inutilis</strong></span> <span class='ocrx_word' id='word_1_507' title='bbox 736 3922 810 3978; x_wconf 90' lang='lat' dir='ltr'><strong>sit</strong></span> <span class='ocrx_word' id='word_1_508' title='bbox 839 3921 1076 3975; x_wconf 89' lang='lat' dir='ltr'><strong>reddita.</strong></span> <span class='ocrx_word' id='word_1_509' title='bbox 1111 3918 1267 3986; x_wconf 83' lang='lat' dir='ltr'><strong>Quod</strong></span> <span class='ocrx_word' id='word_1_510' title='bbox 1301 3932 1431 3973; x_wconf 88' lang='lat' dir='ltr'><strong>sane</strong></span> <span class='ocrx_word' id='word_1_511' title='bbox 1468 3912 1818 3971; x_wconf 86' lang='lat' dir='ltr'><strong>Constantini</strong></span> <span class='ocrx_word' id='word_1_512' title='bbox 1847 3910 2037 3966; x_wconf 81' lang='lat' dir='ltr'><strong>uxoris</strong></span> 
     </span>
    </p>
   </div>
   <div class='ocr_carea' id='block_1_72' title="bbox 468 4002 2041 4079">
    <p class='ocr_par' dir='ltr' id='par_1_72' title="bbox 468 4002 2041 4079">
     <span class='ocr_line' id='line_1_73' title="bbox 468 4002 2041 4079; baseline -0.01 -10"><span class='ocrx_word' id='word_1_513' title='bbox 468 4024 666 4079; x_wconf 89' lang='lat' dir='ltr'><strong>mater,</strong></span> <span class='ocrx_word' id='word_1_514' title='bbox 700 4030 823 4069; x_wconf 92' lang='lat' dir='ltr'><strong>cum</strong></span> <span class='ocrx_word' id='word_1_515' title='bbox 858 4012 994 4068; x_wconf 87' lang='lat' dir='ltr'><strong>istac</strong></span> <span class='ocrx_word' id='word_1_516' title='bbox 1019 4010 1299 4074; x_wconf 85' lang='lat' dir='ltr'><strong>transiret,</strong></span> <span class='ocrx_word' id='word_1_517' title='bbox 1328 4007 1532 4071; x_wconf 80' lang='lat' dir='ltr'><strong>visum,</strong></span> <span class='ocrx_word' id='word_1_518' title='bbox 1562 4019 1769 4077; x_wconf 79' lang='lat' dir='ltr'><strong>genero</strong></span> <span class='ocrx_word' id='word_1_519' title='bbox 1823 4002 1926 4074; x_wconf 87' lang='lat' dir='ltr'><strong>ipsi</strong></span> <span class='ocrx_word' id='word_1_520' title='bbox 1956 4017 2041 4055; x_wconf 84' lang='lat' dir='ltr'><strong>re-</strong></span> 
     </span>
    </p>
   </div>
   <div class='ocr_carea' id='block_1_73' title="bbox 473 4098 2041 4165">
    <p class='ocr_par' dir='ltr' id='par_1_73' title="bbox 473 4098 2041 4165">
     <span class='ocr_line' id='line_1_74' title="bbox 473 4098 2041 4165; baseline -0.01 -1"><span class='ocrx_word' id='word_1_521' title='bbox 473 4107 770 4164; x_wconf 85' lang='lat' dir='ltr'><strong>nuntiavit.</strong></span> <span class='ocrx_word' id='word_1_522' title='bbox 803 4104 1281 4160; x_wconf 83' lang='lat' dir='ltr'><strong>Animadverterat</strong></span> <span class='ocrx_word' id='word_1_523' title='bbox 1325 4100 1474 4155; x_wconf 89' lang='lat' dir='ltr'><strong>enim</strong></span> <span class='ocrx_word' id='word_1_524' title='bbox 1527 4098 1718 4153; x_wconf 66' lang='lat' dir='ltr'><strong>aestivo</strong></span> <span class='ocrx_word' id='word_1_525' title='bbox 1773 4107 2041 4165; x_wconf 86' lang='lat' dir='ltr'><strong>tempore,</strong></span> 
     </span>
    </p>
   </div>
   <div class='ocr_carea' id='block_1_74' title="bbox 470 4185 2046 4267">
    <p class='ocr_par' dir='ltr' id='par_1_74' title="bbox 470 4185 2046 4267">
     <span class='ocr_line' id='line_1_75' title="bbox 470 4185 2046 4267; baseline -0.011 -10"><span class='ocrx_word' id='word_1_526' title='bbox 470 4202 577 4257; x_wconf 84' lang='lat' dir='ltr'><strong>luci</strong></span> <span class='ocrx_word' id='word_1_527' title='bbox 614 4198 847 4261; x_wconf 90' lang='lat' dir='ltr'><strong>incolas,</strong></span> <span class='ocrx_word' id='word_1_528' title='bbox 881 4194 1291 4267; x_wconf 75' lang='lat' dir='ltr'><strong>longinquiores</strong></span> <span class='ocrx_word' id='word_1_529' title='bbox 1306 4192 1473 4248; x_wconf 85' lang='lat' dir='ltr'><strong>etiam</strong></span> <span class='ocrx_word' id='word_1_530' title='bbox 1509 4186 1856 4252; x_wconf 67' lang='lat' dir='ltr'><strong>Palaestinos,</strong></span> <span class='ocrx_word' id='word_1_531' title='bbox 1882 4185 2046 4240; x_wconf 70' lang='lat' dir='ltr'><strong>Plite-</strong></span> 
     </span>
    </p>
   </div>
   <div class='ocr_carea' id='block_1_75' title="bbox 479 4275 2049 4352">
    <p class='ocr_par' dir='ltr' id='par_1_75' title="bbox 479 4275 2049 4352">
     <span class='ocr_line' id='line_1_76' title="bbox 479 4275 2049 4352; baseline -0.013 -5"><span class='ocrx_word' id='word_1_532' title='bbox 479 4293 632 4347; x_wconf 83' lang='lat' dir='ltr'><strong>uices</strong></span> <span class='ocrx_word' id='word_1_533' title='bbox 652 4299 710 4346; x_wconf 86' lang='lat' dir='ltr'><strong>et</strong></span> <span class='ocrx_word' id='word_1_534' title='bbox 739 4288 973 4352; x_wconf 82' lang='lat' dir='ltr'><strong>Arabes,</strong></span> <span class='ocrx_word' id='word_1_535' title='bbox 1008 4300 1226 4342; x_wconf 87' lang='lat' dir='ltr'><strong>annuas</strong></span> <span class='ocrx_word' id='word_1_536' title='bbox 1249 4283 1418 4338; x_wconf 86' lang='lat' dir='ltr'><strong>lerias</strong></span> <span class='ocrx_word' id='word_1_537' title='bbox 1447 4280 1502 4335; x_wconf 92' lang='lat' dir='ltr'><strong>in</strong></span> <span class='ocrx_word' id='word_1_538' title='bbox 1532 4293 1600 4335; x_wconf 86' lang='lat' dir='ltr'><strong>ea</strong></span> <span class='ocrx_word' id='word_1_539' title='bbox 1630 4275 1855 4347; x_wconf 74' lang='lat' dir='ltr'><strong>regione</strong></span> <span class='ocrx_word' id='word_1_540' title='bbox 1890 4290 2049 4346; x_wconf 83' lang='lat' dir='ltr'><strong>pera-</strong></span> 
     </span>
    </p>
   </div>
   <div class='ocr_carea' id='block_1_76' title="bbox 478 4368 2051 4452">
    <p class='ocr_par' dir='ltr' id='par_1_76' title="bbox 478 4368 2051 4452">
     <span class='ocr_line' id='line_1_77' title="bbox 478 4368 2051 4452; baseline -0.011 -15"><span class='ocrx_word' id='word_1_541' title='bbox 478 4399 629 4452; x_wconf 74' lang='lat' dir='ltr'><strong>gere.</strong></span> <span class='ocrx_word' id='word_1_542' title='bbox 658 4382 727 4437; x_wconf 85' lang='lat' dir='ltr'><strong>Et</strong></span> <span class='ocrx_word' id='word_1_543' title='bbox 751 4382 831 4451; x_wconf 84' lang='lat' dir='ltr'><strong>(l)</strong></span> <span class='ocrx_word' id='word_1_544' title='bbox 850 4389 1157 4436; x_wconf 86' lang='lat' dir='ltr'><strong>conventus</strong></span> <span class='ocrx_word' id='word_1_545' title='bbox 1179 4374 1581 4444; x_wconf 78' lang='lat' dir='ltr'><strong>celebritasque</strong></span> <span class='ocrx_word' id='word_1_546' title='bbox 1602 4386 1668 4428; x_wconf 80' lang='lat' dir='ltr'><strong>ea</strong></span> <span class='ocrx_word' id='word_1_547' title='bbox 1693 4377 1851 4441; x_wconf 74' lang='lat' dir='ltr'><strong>grata</strong></span> <span class='ocrx_word' id='word_1_548' title='bbox 1872 4368 2051 4422; x_wconf 79' lang='lat' dir='ltr'><strong>fuerat</strong></span> 
     </span>
    </p>
   </div>
   <div class='ocr_carea' id='block_1_77' title="bbox 479 4459 2054 4546">
    <p class='ocr_par' dir='ltr' id='par_1_77' title="bbox 479 4459 2054 4546">
     <span class='ocr_line' id='line_1_78' title="bbox 479 4459 2054 4546; baseline -0.011 -16"><span class='ocrx_word' id='word_1_549' title='bbox 479 4476 645 4546; x_wconf 75' lang='lat'><strong>598</strong></span> <span class='ocrx_word' id='word_1_550' title='bbox 673 4472 933 4528; x_wconf 84' lang='lat' dir='ltr'><strong>omnibus</strong></span> <span class='ocrx_word' id='word_1_551' title='bbox 954 4489 970 4531; x_wconf 85' lang='lat'><strong>:</strong></span> <span class='ocrx_word' id='word_1_552' title='bbox 995 4471 1196 4528; x_wconf 66' lang='lat' dir='ltr'><strong>Judaeis</strong></span> <span class='ocrx_word' id='word_1_553' title='bbox 1224 4468 1449 4540; x_wconf 88' lang='lat' dir='ltr'><strong>quidem</strong></span> <span class='ocrx_word' id='word_1_554' title='bbox 1479 4462 1629 4537; x_wconf 85' lang='lat' dir='ltr'><strong>quod</strong></span> <span class='ocrx_word' id='word_1_555' title='bbox 1681 4459 2054 4533; x_wconf 83' lang='lat' dir='ltr'><strong>patriarcham</strong></span> 
     </span>
    </p>
   </div>
   <div class='ocr_carea' id='block_1_78' title="bbox 478 4552 2053 4639">
    <p class='ocr_par' dir='ltr' id='par_1_78' title="bbox 478 4552 2053 4639">
     <span class='ocr_line' id='line_1_79' title="bbox 478 4552 2053 4639; baseline -0.011 -17"><span class='ocrx_word' id='word_1_556' title='bbox 478 4567 810 4639; x_wconf 77' lang='lat' dir='ltr'><strong>generisque</strong></span> <span class='ocrx_word' id='word_1_557' title='bbox 837 4564 922 4623; x_wconf 82' lang='lat' dir='ltr'><strong>sui</strong></span> <span class='ocrx_word' id='word_1_558' title='bbox 961 4562 1263 4633; x_wconf 88' lang='lat' dir='ltr'><strong>principem</strong></span> <span class='ocrx_word' id='word_1_559' title='bbox 1312 4559 1592 4632; x_wconf 67' lang='lat' dir='ltr'><strong>iactarent</strong></span> <span class='ocrx_word' id='word_1_560' title='bbox 1634 4552 2053 4617; x_wconf 75' lang='lat' dir='ltr'><strong>Abrahamum;</strong></span> 
     </span>
    </p>
   </div>
   <div class='ocr_carea' id='block_1_79' title="bbox 2130 3434 3712 3515">
    <p class='ocr_par' dir='ltr' id='par_1_79' title="bbox 2130 3434 3712 3515">
     <span class='ocr_line' id='line_1_80' title="bbox 2130 3434 3712 3515; baseline -0.013 -12"><span class='ocrx_word' id='word_1_561' title='bbox 2130 3449 2227 3503; x_wconf 81' lang='grc' dir='ltr'><strong>καὶ</strong></span> <span class='ocrx_word' id='word_1_562' title='bbox 2260 3447 2455 3510; x_wconf 79' lang='grc' dir='ltr'><strong>θυσίας</strong></span> <span class='ocrx_word' id='word_1_563' title='bbox 2493 3443 2818 3515; x_wconf 82' lang='grc' dir='ltr'><strong>Ἑλληνικάς</strong></span> <span class='ocrx_word' id='word_1_564' title='bbox 2856 3443 3036 3495; x_wconf 76' lang='grc' dir='ltr'><strong>ἐκεῖσε</strong></span> <span class='ocrx_word' id='word_1_565' title='bbox 3085 3436 3380 3503; x_wconf 81' lang='grc' dir='ltr'><strong>τελεῖσθαι,</strong></span> <span class='ocrx_word' id='word_1_566' title='bbox 3424 3434 3603 3497; x_wconf 83' lang='grc' dir='ltr'><strong>οἴνους</strong></span> <span class='ocrx_word' id='word_1_567' title='bbox 3648 3448 3712 3484; x_wconf 72' lang='grc' dir='ltr'><strong>τε</strong></span> 
     </span>
    </p>
   </div>
   <div class='ocr_carea' id='block_1_80' title="bbox 2132 3523 3716 3600">
    <p class='ocr_par' dir='ltr' id='par_1_80' title="bbox 2132 3523 3716 3600">
     <span class='ocr_line' id='line_1_81' title="bbox 2132 3523 3716 3600; baseline -0.013 -7"><span class='ocrx_word' id='word_1_568' title='bbox 2132 3539 2405 3600; x_wconf 82' lang='grc' dir='ltr'><strong>σπένδειν,</strong></span> <span class='ocrx_word' id='word_1_569' title='bbox 2429 3527 2528 3590; x_wconf 71' lang='grc' dir='ltr'><strong>καὶ</strong></span> <span class='ocrx_word' id='word_1_570' title='bbox 2561 3535 2813 3596; x_wconf 82' lang='grc' dir='ltr'><strong>λιὸάνους</strong></span> <span class='ocrx_word' id='word_1_571' title='bbox 2863 3530 3130 3592; x_wconf 73' lang='grc' dir='ltr'><strong>ἐπιθύειν,</strong></span> <span class='ocrx_word' id='word_1_572' title='bbox 3165 3528 3260 3582; x_wconf 74' lang='grc' dir='ltr'><strong>καὶ</strong></span> <span class='ocrx_word' id='word_1_573' title='bbox 3290 3525 3418 3595; x_wconf 85' lang='grc' dir='ltr'><strong>βοῦν</strong></span> <span class='ocrx_word' id='word_1_574' title='bbox 3452 3525 3547 3577; x_wconf 69' lang='grc' dir='ltr'><strong>καὶ</strong></span> <span class='ocrx_word' id='word_1_575' title='bbox 3574 3523 3716 3593; x_wconf 75' lang='grc' dir='ltr'><strong>τρά-</strong></span> 
     </span>
    </p>
   </div>
   <div class='ocr_carea' id='block_1_81' title="bbox 2129 3615 3716 3700">
    <p class='ocr_par' dir='ltr' id='par_1_81' title="bbox 2129 3615 3716 3700">
     <span class='ocr_line' id='line_1_82' title="bbox 2129 3615 3716 3700; baseline -0.012 -15"><span class='ocrx_word' id='word_1_576' title='bbox 2129 3648 2227 3700; x_wconf 81' lang='grc' dir='ltr'><strong>γον</strong></span> <span class='ocrx_word' id='word_1_577' title='bbox 2253 3633 2351 3683; x_wconf 78' lang='grc' dir='ltr'><strong>καὶ</strong></span> <span class='ocrx_word' id='word_1_578' title='bbox 2385 3627 2725 3699; x_wconf 81' lang='grc' dir='ltr'><strong>ἀλεκτρυόνα</strong></span> <span class='ocrx_word' id='word_1_579' title='bbox 2747 3640 2761 3655; x_wconf 83' lang='lat'><strong>&#39;</strong></span> <span class='ocrx_word' id='word_1_580' title='bbox 2800 3625 3028 3693; x_wconf 86' lang='grc' dir='ltr'><strong>λύχνους</strong></span> <span class='ocrx_word' id='word_1_581' title='bbox 3070 3638 3131 3672; x_wconf 84' lang='grc' dir='ltr'><strong>τε</strong></span> <span class='ocrx_word' id='word_1_582' title='bbox 3164 3618 3376 3672; x_wconf 80' lang='grc' dir='ltr'><strong>ἐτίθουν</strong></span> <span class='ocrx_word' id='word_1_583' title='bbox 3423 3615 3716 3687; x_wconf 74' lang='grc' dir='ltr'><strong>ἡμμένους</strong></span> 
     </span>
    </p>
   </div>
   <div class='ocr_carea' id='block_1_82' title="bbox 2133 3701 3717 3792">
    <p class='ocr_par' dir='ltr' id='par_1_82' title="bbox 2133 3701 3717 3792">
     <span class='ocr_line' id='line_1_83' title="bbox 2133 3701 3717 3792; baseline -0.009 -18"><span class='ocrx_word' id='word_1_584' title='bbox 2133 3723 2447 3792; x_wconf 85' lang='grc' dir='ltr'><strong>ἐπιχέοντες</strong></span> <span class='ocrx_word' id='word_1_585' title='bbox 2476 3718 2677 3783; x_wconf 70' lang='grc' dir='ltr'><strong>ἔλαιον,</strong></span> <span class='ocrx_word' id='word_1_586' title='bbox 2722 3715 2820 3769; x_wconf 72' lang='grc' dir='ltr'><strong>καὶ</strong></span> <span class='ocrx_word' id='word_1_587' title='bbox 2856 3717 3076 3768; x_wconf 81' lang='grc' dir='ltr'><strong>πόπανα</strong></span> <span class='ocrx_word' id='word_1_588' title='bbox 3127 3709 3406 3780; x_wconf 84' lang='grc' dir='ltr'><strong>προσῆγον</strong></span> <span class='ocrx_word' id='word_1_589' title='bbox 3430 3723 3443 3737; x_wconf 88' lang='grc'><strong>·</strong></span> <span class='ocrx_word' id='word_1_590' title='bbox 3484 3701 3628 3775; x_wconf 77' lang='grc' dir='ltr'><strong>ἦσαν</strong></span> <span class='ocrx_word' id='word_1_591' title='bbox 3652 3703 3717 3759; x_wconf 71' lang='grc' dir='ltr'><strong>δδ</strong></span> 
     </span>
    </p>
   </div>
   <div class='ocr_carea' id='block_1_83' title="bbox 2132 3795 3715 3879">
    <p class='ocr_par' dir='ltr' id='par_1_83' title="bbox 2132 3795 3715 3879">
     <span class='ocr_line' id='line_1_84' title="bbox 2132 3795 3715 3879; baseline -0.013 -12"><span class='ocrx_word' id='word_1_592' title='bbox 2132 3813 2183 3867; x_wconf 77' lang='grc' dir='ltr'><strong>οἱ</strong></span> <span class='ocrx_word' id='word_1_593' title='bbox 2216 3814 2307 3866; x_wconf 71' lang='grc' dir='ltr'><strong>καὶ</strong></span> <span class='ocrx_word' id='word_1_594' title='bbox 2338 3812 2652 3879; x_wconf 84' lang='grc' dir='ltr'><strong>νομίσματα</strong></span> <span class='ocrx_word' id='word_1_595' title='bbox 2682 3806 2779 3861; x_wconf 75' lang='grc' dir='ltr'><strong>καὶ</strong></span> <span class='ocrx_word' id='word_1_596' title='bbox 2801 3806 2952 3876; x_wconf 84' lang='grc' dir='ltr'><strong>μύρα</strong></span> <span class='ocrx_word' id='word_1_597' title='bbox 2979 3805 3211 3872; x_wconf 84' lang='grc' dir='ltr'><strong>διάφορα</strong></span> <span class='ocrx_word' id='word_1_598' title='bbox 3234 3800 3379 3853; x_wconf 82' lang='grc' dir='ltr'><strong>κατὰ</strong></span> <span class='ocrx_word' id='word_1_599' title='bbox 3401 3795 3497 3850; x_wconf 91' lang='grc' dir='ltr'><strong>τοῦ</strong></span> <span class='ocrx_word' id='word_1_600' title='bbox 3525 3798 3715 3850; x_wconf 86' lang='grc' dir='ltr'><strong>ἐκεῖσε</strong></span> 
     </span>
    </p>
   </div>
   <div class='ocr_carea' id='block_1_84' title="bbox 2138 3887 3715 3974">
    <p class='ocr_par' dir='ltr' id='par_1_84' title="bbox 2138 3887 3715 3974">
     <span class='ocr_line' id='line_1_85' title="bbox 2138 3887 3715 3974; baseline -0.015 -12"><span class='ocrx_word' id='word_1_601' title='bbox 2138 3905 2369 3974; x_wconf 81' lang='grc' dir='ltr'><strong>φρέατος</strong></span> <span class='ocrx_word' id='word_1_602' title='bbox 2401 3901 2645 3965; x_wconf 73' lang='grc' dir='ltr'><strong>ἐθαλλον,</strong></span> <span class='ocrx_word' id='word_1_603' title='bbox 2682 3899 2757 3962; x_wconf 84' lang='grc' dir='ltr'><strong>ὡς</strong></span> <span class='ocrx_word' id='word_1_604' title='bbox 2794 3895 3046 3950; x_wconf 79' lang='grc' dir='ltr'><strong>ἐντεῦθεν</strong></span> <span class='ocrx_word' id='word_1_605' title='bbox 3089 3895 3309 3964; x_wconf 79' lang='grc' dir='ltr'><strong>ἀχρεῖον</strong></span> <span class='ocrx_word' id='word_1_606' title='bbox 3345 3891 3409 3944; x_wconf 82' lang='grc' dir='ltr'><strong>τὸ</strong></span> <span class='ocrx_word' id='word_1_607' title='bbox 3444 3887 3587 3959; x_wconf 79' lang='grc' dir='ltr'><strong>ὕδωρ</strong></span> <span class='ocrx_word' id='word_1_608' title='bbox 3618 3889 3715 3956; x_wconf 82' lang='grc' dir='ltr'><strong>γί-</strong></span> 
     </span>
    </p>
   </div>
   <div class='ocr_carea' id='block_1_85' title="bbox 2138 3976 3721 4062">
    <p class='ocr_par' dir='ltr' id='par_1_85' title="bbox 2138 3976 3721 4062">
     <span class='ocr_line' id='line_1_86' title="bbox 2138 3976 3721 4062; baseline -0.012 -13"><span class='ocrx_word' id='word_1_609' title='bbox 2138 3994 2327 4049; x_wconf 87' lang='grc' dir='ltr'><strong>νεσθαι</strong></span> <span class='ocrx_word' id='word_1_610' title='bbox 2354 3994 2420 4062; x_wconf 77' lang='grc' dir='ltr'><strong>τῇ</strong></span> <span class='ocrx_word' id='word_1_611' title='bbox 2450 3989 2674 4061; x_wconf 71' lang='grc' dir='ltr'><strong>ποικίλῃ</strong></span> <span class='ocrx_word' id='word_1_612' title='bbox 2725 3985 2990 4059; x_wconf 64' lang='grc' dir='ltr'><strong>μετουσίᾳ</strong></span> <span class='ocrx_word' id='word_1_613' title='bbox 3038 3984 3146 4037; x_wconf 84' lang='grc' dir='ltr'><strong>τῶν</strong></span> <span class='ocrx_word' id='word_1_614' title='bbox 3194 3980 3597 4051; x_wconf 75' lang='grc' dir='ltr'><strong>ῥιπτουμένων.</strong></span> <span class='ocrx_word' id='word_1_615' title='bbox 3648 3976 3721 4031; x_wconf 77' lang='grc' dir='ltr'><strong>Ἠ</strong></span> 
     </span>
    </p>
   </div>
   <div class='ocr_carea' id='block_1_86' title="bbox 2139 4066 3727 4156">
    <p class='ocr_par' dir='ltr' id='par_1_86' title="bbox 2139 4066 3727 4156">
     <span class='ocr_line' id='line_1_87' title="bbox 2139 4066 3727 4156; baseline -0.015 -16"><span class='ocrx_word' id='word_1_616' title='bbox 2139 4087 2238 4156; x_wconf 88' lang='grc' dir='ltr'><strong>τῆς</strong></span> <span class='ocrx_word' id='word_1_617' title='bbox 2266 4082 2679 4137; x_wconf 80' lang='grc' dir='ltr'><strong>Κωνσταντίνου</strong></span> <span class='ocrx_word' id='word_1_618' title='bbox 2716 4078 2774 4135; x_wconf 77' lang='grc' dir='ltr'><strong>δέ</strong></span> <span class='ocrx_word' id='word_1_619' title='bbox 2802 4076 3051 4147; x_wconf 78' lang='grc' dir='ltr'><strong>γαμετῆς</strong></span> <span class='ocrx_word' id='word_1_620' title='bbox 3099 4076 3284 4143; x_wconf 78' lang='grc' dir='ltr'><strong>μήτηρ</strong></span> <span class='ocrx_word' id='word_1_621' title='bbox 3311 4073 3377 4123; x_wconf 77' lang='grc' dir='ltr'><strong>έκ</strong></span> <span class='ocrx_word' id='word_1_622' title='bbox 3406 4068 3502 4121; x_wconf 89' lang='grc' dir='ltr'><strong>τοῦ</strong></span> <span class='ocrx_word' id='word_1_623' title='bbox 3531 4066 3685 4137; x_wconf 83' lang='grc' dir='ltr'><strong>παρή</strong></span> <span class='ocrx_word' id='word_1_624' title='bbox 3709 4095 3727 4109; x_wconf 74' lang='grc' dir='ltr'><strong><em>ο</em></strong></span> 
     </span>
    </p>
   </div>
   <div class='ocr_carea' id='block_1_87' title="bbox 2146 4156 3728 4241">
    <p class='ocr_par' dir='ltr' id='par_1_87' title="bbox 2146 4156 3728 4241">
     <span class='ocr_line' id='line_1_88' title="bbox 2146 4156 3728 4241; baseline -0.015 -11"><span class='ocrx_word' id='word_1_625' title='bbox 2146 4192 2356 4240; x_wconf 86' lang='grc' dir='ltr'><strong>κοντος,</strong></span> <span class='ocrx_word' id='word_1_626' title='bbox 2386 4171 2721 4241; x_wconf 79' lang='grc' dir='ltr'><strong>θεασαμένη,</strong></span> <span class='ocrx_word' id='word_1_627' title='bbox 2751 4167 2831 4238; x_wconf 82' lang='grc' dir='ltr'><strong>τῷ</strong></span> <span class='ocrx_word' id='word_1_628' title='bbox 2853 4164 3092 4235; x_wconf 75' lang='grc' dir='ltr'><strong>γαμϐρῷ</strong></span> <span class='ocrx_word' id='word_1_629' title='bbox 3114 4164 3174 4217; x_wconf 79' lang='grc' dir='ltr'><strong>τὸ</strong></span> <span class='ocrx_word' id='word_1_630' title='bbox 3202 4161 3479 4232; x_wconf 77' lang='grc' dir='ltr'><strong>δρώμενον</strong></span> <span class='ocrx_word' id='word_1_631' title='bbox 3519 4156 3728 4228; x_wconf 70' lang='grc' dir='ltr'><strong>ἠγγελ-</strong></span> 
     </span>
    </p>
   </div>
   <div class='ocr_carea' id='block_1_88' title="bbox 2144 4250 3730 4338">
    <p class='ocr_par' dir='ltr' id='par_1_88' title="bbox 2144 4250 3730 4338">
     <span class='ocr_line' id='line_1_89' title="bbox 2144 4250 3730 4338; baseline -0.014 -16"><span class='ocrx_word' id='word_1_632' title='bbox 2144 4271 2257 4335; x_wconf 83' lang='grc' dir='ltr'><strong>λεν,</strong></span> <span class='ocrx_word' id='word_1_633' title='bbox 2288 4267 2408 4338; x_wconf 80' lang='grc' dir='ltr'><strong>ὥρᾳ</strong></span> <span class='ocrx_word' id='word_1_634' title='bbox 2440 4265 2636 4335; x_wconf 85' lang='grc' dir='ltr'><strong>θέρους</strong></span> <span class='ocrx_word' id='word_1_635' title='bbox 2681 4263 2807 4324; x_wconf 74' lang='grc' dir='ltr'><strong>τοὺς</strong></span> <span class='ocrx_word' id='word_1_636' title='bbox 2855 4259 3185 4329; x_wconf 80' lang='grc' dir='ltr'><strong>ἐπιχωρίους</strong></span> <span class='ocrx_word' id='word_1_637' title='bbox 3239 4254 3426 4307; x_wconf 87' lang='grc' dir='ltr'><strong>ῑδοῦσα</strong></span> <span class='ocrx_word' id='word_1_638' title='bbox 3473 4250 3730 4312; x_wconf 73' lang='grc' dir='ltr'><strong>καὶτοὺς</strong></span> 
     </span>
    </p>
   </div>
   <div class='ocr_carea' id='block_1_89' title="bbox 2148 4341 3725 4433">
    <p class='ocr_par' dir='ltr' id='par_1_89' title="bbox 2148 4341 3725 4433">
     <span class='ocr_line' id='line_1_90' title="bbox 2148 4341 3725 4433; baseline -0.013 -20"><span class='ocrx_word' id='word_1_639' title='bbox 2148 4360 2482 4433; x_wconf 74' lang='grc' dir='ltr'><strong>προσωτέρω</strong></span> <span class='ocrx_word' id='word_1_640' title='bbox 2498 4353 2912 4414; x_wconf 79' lang='grc' dir='ltr'><strong>Παλαιστινοὺς,</strong></span> <span class='ocrx_word' id='word_1_641' title='bbox 2928 4348 3180 4433; x_wconf 70' lang='grc' dir='ltr'><strong>Φοίνικάς</strong></span> <span class='ocrx_word' id='word_1_642' title='bbox 3197 4362 3258 4398; x_wconf 89' lang='grc' dir='ltr'><strong>τε</strong></span> <span class='ocrx_word' id='word_1_643' title='bbox 3284 4345 3380 4398; x_wconf 74' lang='grc' dir='ltr'><strong>καὶ</strong></span> <span class='ocrx_word' id='word_1_644' title='bbox 3408 4345 3465 4396; x_wconf 75' lang='grc' dir='ltr'>Ἀ</span> <span class='ocrx_word' id='word_1_645' title='bbox 3475 4341 3725 4417; x_wconf 81' lang='grc' dir='ltr'><strong>ραὸίους,</strong></span> 
     </span>
    </p>
   </div>
   <div class='ocr_carea' id='block_1_90' title="bbox 2149 4431 3731 4526">
    <p class='ocr_par' dir='ltr' id='par_1_90' title="bbox 2149 4431 3731 4526">
     <span class='ocr_line' id='line_1_91' title="bbox 2149 4431 3731 4526; baseline -0.015 -18"><span class='ocrx_word' id='word_1_646' title='bbox 2149 4431 2253 4526; x_wconf 77' lang='grc' dir='ltr'><strong>τῆν</strong></span> <span class='ocrx_word' id='word_1_647' title='bbox 2298 4452 2516 4523; x_wconf 73' lang='grc' dir='ltr'><strong>ἐτήσιον</strong></span> <span class='ocrx_word' id='word_1_648' title='bbox 2559 4446 2639 4518; x_wconf 76' lang='grc' dir='ltr'><strong>τῷ</strong></span> <span class='ocrx_word' id='word_1_649' title='bbox 2683 4445 2849 4515; x_wconf 67' lang='grc' dir='ltr'><strong>χώρῳ</strong></span> <span class='ocrx_word' id='word_1_650' title='bbox 2894 4431 3128 4512; x_wconf 80' lang='grc' dir='ltr'><strong>ἀγοντας</strong></span> <span class='ocrx_word' id='word_1_651' title='bbox 3168 4437 3388 4509; x_wconf 68' lang='grc' dir='ltr'><strong>ἑορτήν.</strong></span> <span class='ocrx_word' id='word_1_652' title='bbox 3429 4436 3565 4489; x_wconf 72' lang='lat' dir='ltr'><strong>nam</strong></span> <span class='ocrx_word' id='word_1_653' title='bbox 3615 4434 3731 4502; x_wconf 80' lang='grc' dir='ltr'><strong>γὰρ</strong></span> 
     </span>
    </p>
   </div>
   <div class='ocr_carea' id='block_1_91' title="bbox 2157 4527 3734 4615">
    <p class='ocr_par' dir='ltr' id='par_1_91' title="bbox 2157 4527 3734 4615">
     <span class='ocr_line' id='line_1_92' title="bbox 2157 4527 3734 4615; baseline -0.016 -15"><span class='ocrx_word' id='word_1_654' title='bbox 2157 4546 2459 4615; x_wconf 72' lang='grc' dir='ltr'><strong>ἐπέραστος</strong></span> <span class='ocrx_word' id='word_1_655' title='bbox 2488 4535 2559 4611; x_wconf 78' lang='grc' dir='ltr'><strong>ἦν</strong></span> <span class='ocrx_word' id='word_1_656' title='bbox 2583 4541 2617 4607; x_wconf 74' lang='grc' dir='ltr'><strong>η</strong></span> <span class='ocrx_word' id='word_1_657' title='bbox 2649 4537 2980 4605; x_wconf 73' lang='grc' dir='ltr'><strong>πανήγυριςο</strong></span> <span class='ocrx_word' id='word_1_658' title='bbox 3021 4529 3298 4592; x_wconf 83' lang='grc' dir='ltr'><strong>Ἰουδαίοις</strong></span> <span class='ocrx_word' id='word_1_659' title='bbox 3336 4528 3456 4599; x_wconf 67' lang='grc' dir='ltr'><strong>μὲν,</strong></span> <span class='ocrx_word' id='word_1_660' title='bbox 3486 4527 3587 4615; x_wconf 83' lang='grc' dir='ltr'><strong>δτι</strong></span> <span class='ocrx_word' id='word_1_661' title='bbox 3622 4541 3734 4576; x_wconf 82' lang='grc' dir='ltr'><strong>πα-</strong></span> 
     </span>
    </p>
   </div>
   <div class='ocr_carea' id='block_1_92' title="bbox 479 4613 2033 4728">
    <p class='ocr_par' dir='ltr' id='par_1_92' title="bbox 479 4613 2033 4728">
     <span class='ocr_line' id='line_1_93' title="bbox 479 4613 1396 4639; baseline -0.008 -1"><span class='ocrx_word' id='word_1_662' title='bbox 479 4613 809 4639; x_wconf 68' lang='lat' dir='ltr'><strong>D&quot;&quot;&quot;&quot;&#39;I&quot;&#39;</strong></span> <span class='ocrx_word' id='word_1_663' title='bbox 838 4613 922 4623; x_wconf 67' lang='grc'><strong>*⁷⁷</strong></span> <span class='ocrx_word' id='word_1_664' title='bbox 963 4613 1262 4633; x_wconf 71' lang='lat' dir='ltr'><strong>I&#39;&quot;&quot;“r&#39;—&#39;</strong></span> <span class='ocrx_word' id='word_1_665' title='bbox 1312 4613 1366 4632; x_wconf 37' lang='grc' dir='ltr'><em>’ν</em></span> <span class='ocrx_word' id='word_1_666' title='bbox 1387 4613 1396 4615; x_wconf 83' lang='lat'>&#39;</span> 
     </span>
     <span class='ocr_line' id='line_1_94' title="bbox 479 4642 2033 4728; baseline -0.014 -10"><span class='ocrx_word' id='word_1_667' title='bbox 479 4661 685 4718; x_wconf 77' lang='lat' dir='ltr'><strong>Graecis</strong></span> <span class='ocrx_word' id='word_1_668' title='bbox 709 4673 860 4722; x_wconf 86' lang='lat' dir='ltr'><strong>vero,</strong></span> <span class='ocrx_word' id='word_1_669' title='bbox 886 4666 1110 4728; x_wconf 81' lang='lat' dir='ltr'><strong>propter</strong></span> <span class='ocrx_word' id='word_1_670' title='bbox 1142 4653 1459 4723; x_wconf 74' lang='lat' dir='ltr'><strong>angelorum</strong></span> <span class='ocrx_word' id='word_1_671' title='bbox 1490 4650 1548 4704; x_wconf 91' lang='lat' dir='ltr'><strong>in</strong></span> <span class='ocrx_word' id='word_1_672' title='bbox 1580 4661 1707 4709; x_wconf 88' lang='lat' dir='ltr'><strong>eum</strong></span> <span class='ocrx_word' id='word_1_673' title='bbox 1747 4646 1928 4700; x_wconf 88' lang='lat' dir='ltr'><strong>locum</strong></span> <span class='ocrx_word' id='word_1_674' title='bbox 1956 4642 2033 4698; x_wconf 84' lang='lat' dir='ltr'><strong>ad</strong></span> 
     </span>
    </p>
   </div>
   <div class='ocr_carea' id='block_1_93' title="bbox 2132 4613 3736 4728">
    <p class='ocr_par' dir='ltr' id='par_1_93' title="bbox 2158 4613 3736 4709">
     <span class='ocr_line' id='line_1_95' title="bbox 2158 4613 3736 4709; baseline -0.016 -19"><span class='ocrx_word' id='word_1_675' title='bbox 2158 4613 2425 4709; x_wconf 82' lang='grc' dir='ltr'><strong>τριάρχην</strong></span> <span class='ocrx_word' id='word_1_676' title='bbox 2453 4630 2661 4700; x_wconf 80' lang='grc' dir='ltr'><strong>ηῦχουν</strong></span> <span class='ocrx_word' id='word_1_677' title='bbox 2687 4628 2782 4682; x_wconf 78' lang='grc' dir='ltr'><strong>τὸν</strong></span> <span class='ocrx_word' id='word_1_678' title='bbox 2820 4623 3091 4694; x_wconf 77' lang='grc' dir='ltr'><strong>Ἀδραάμ,</strong></span> <span class='ocrx_word' id='word_1_679' title='bbox 3122 4620 3351 4689; x_wconf 82' lang='grc' dir='ltr'><strong>Ἕλλησι</strong></span> <span class='ocrx_word' id='word_1_680' title='bbox 3396 4618 3450 4671; x_wconf 79' lang='grc' dir='ltr'><strong>δέ</strong></span> <span class='ocrx_word' id='word_1_681' title='bbox 3473 4655 3488 4679; x_wconf 92' lang='grc'><strong>,</strong></span> <span class='ocrx_word' id='word_1_682' title='bbox 3517 4614 3607 4668; x_wconf 81' lang='grc' dir='ltr'><strong>διά</strong></span> <span class='ocrx_word' id='word_1_683' title='bbox 3634 4613 3736 4682; x_wconf 83' lang='grc' dir='ltr'><strong>τὴν</strong></span> 
     </span>
    </p>
   </div>
   <div class='ocr_carea' id='block_1_94' title="bbox 483 4732 2053 4816">
    <p class='ocr_par' dir='ltr' id='par_1_94' title="bbox 483 4732 2053 4816">
     <span class='ocr_line' id='line_1_96' title="bbox 483 4732 2053 4816; baseline -0.011 -11"><span class='ocrx_word' id='word_1_684' title='bbox 483 4761 740 4809; x_wconf 80' lang='lat' dir='ltr'><strong>ventum:</strong></span> <span class='ocrx_word' id='word_1_685' title='bbox 767 4746 1099 4809; x_wconf 78' lang='lat' dir='ltr'><strong>Christianis</strong></span> <span class='ocrx_word' id='word_1_686' title='bbox 1137 4758 1324 4816; x_wconf 86' lang='lat' dir='ltr'><strong>porro,</strong></span> <span class='ocrx_word' id='word_1_687' title='bbox 1346 4741 1491 4811; x_wconf 91' lang='lat' dir='ltr'><strong>quod</strong></span> <span class='ocrx_word' id='word_1_688' title='bbox 1523 4739 1636 4796; x_wconf 86' lang='lat' dir='ltr'><strong>Deo</strong></span> <span class='ocrx_word' id='word_1_689' title='bbox 1664 4737 1872 4795; x_wconf 86' lang='lat' dir='ltr'><strong>dilecto</strong></span> <span class='ocrx_word' id='word_1_690' title='bbox 1901 4733 1980 4789; x_wconf 89' lang='lat' dir='ltr'><strong>illi</strong></span> <span class='ocrx_word' id='word_1_691' title='bbox 1998 4732 2053 4787; x_wconf 90' lang='lat' dir='ltr'><strong>id</strong></span> 
     </span>
    </p>
   </div>
   <div class='ocr_carea' id='block_1_95' title="bbox 483 4825 2057 4917">
    <p class='ocr_par' dir='ltr' id='par_1_95' title="bbox 483 4825 2057 4917">
     <span class='ocr_line' id='line_1_97' title="bbox 483 4825 2057 4917; baseline -0.015 -14"><span class='ocrx_word' id='word_1_692' title='bbox 483 4847 806 4917; x_wconf 64' lang='lat' dir='ltr'><strong>praedictum</strong></span> <span class='ocrx_word' id='word_1_693' title='bbox 836 4842 1035 4906; x_wconf 85' lang='lat' dir='ltr'><strong>fuerat,</strong></span> <span class='ocrx_word' id='word_1_694' title='bbox 1077 4837 1222 4909; x_wconf 91' lang='lat' dir='ltr'><strong>quod</strong></span> <span class='ocrx_word' id='word_1_695' title='bbox 1280 4834 1468 4890; x_wconf 88' lang='lat' dir='ltr'><strong>multis</strong></span> <span class='ocrx_word' id='word_1_696' title='bbox 1494 4840 1684 4903; x_wconf 85' lang='lat' dir='ltr'><strong>postea</strong></span> <span class='ocrx_word' id='word_1_697' title='bbox 1726 4828 1944 4885; x_wconf 65' lang='lat' dir='ltr'><strong>seculis</strong></span> <span class='ocrx_word' id='word_1_698' title='bbox 1990 4825 2057 4880; x_wconf 89' lang='lat' dir='ltr'><strong>de</strong></span> 
     </span>
    </p>
   </div>
   <div class='ocr_carea' id='block_1_96' title="bbox 491 4920 2057 5009">
    <p class='ocr_par' dir='ltr' id='par_1_96' title="bbox 491 4920 2057 5009">
     <span class='ocr_line' id='line_1_98' title="bbox 491 4920 2057 5009; baseline -0.013 -17"><span class='ocrx_word' id='word_1_699' title='bbox 491 4938 709 5009; x_wconf 75' lang='lat' dir='ltr'><strong>Virgine</strong></span> <span class='ocrx_word' id='word_1_700' title='bbox 738 4936 990 4992; x_wconf 89' lang='lat' dir='ltr'><strong>futurum</strong></span> <span class='ocrx_word' id='word_1_701' title='bbox 1028 4932 1232 4988; x_wconf 78' lang='lat' dir='ltr'><strong>fuerat.</strong></span> <span class='ocrx_word' id='word_1_702' title='bbox 1258 4927 1380 4995; x_wconf 82' lang='lat' dir='ltr'><strong>Qua</strong></span> <span class='ocrx_word' id='word_1_703' title='bbox 1431 4939 1493 4979; x_wconf 89' lang='lat' dir='ltr'><strong>re</strong></span> <span class='ocrx_word' id='word_1_704' title='bbox 1512 4920 1913 4978; x_wconf 86' lang='lat' dir='ltr'><strong>Constantinus</strong></span> <span class='ocrx_word' id='word_1_705' title='bbox 1956 4932 2057 5009; x_wconf 80' lang='lat' dir='ltr'><strong>co-</strong></span> 
     </span>
    </p>
   </div>
   <div class='ocr_carea' id='block_1_97' title="bbox 484 5007 2060 5100">
    <p class='ocr_par' dir='ltr' id='par_1_97' title="bbox 484 5007 2060 5100">
     <span class='ocr_line' id='line_1_99' title="bbox 484 5007 2060 5100; baseline -0.015 -15"><span class='ocrx_word' id='word_1_706' title='bbox 484 5007 635 5100; x_wconf 66' lang='lat' dir='ltr'><strong>gnita</strong></span> <span class='ocrx_word' id='word_1_707' title='bbox 656 5066 672 5092; x_wconf 83' lang='grc'><strong>,</strong></span> <span class='ocrx_word' id='word_1_708' title='bbox 727 5024 1007 5096; x_wconf 85' lang='lat' dir='ltr'><strong>episcopis</strong></span> <span class='ocrx_word' id='word_1_709' title='bbox 1035 5020 1342 5083; x_wconf 54' lang='lat' dir='ltr'><strong>Palatinis</strong></span> <span class='ocrx_word' id='word_1_710' title='bbox 1369 5017 1504 5074; x_wconf 80' lang='lat' dir='ltr'><strong>vitio</strong></span> <span class='ocrx_word' id='word_1_711' title='bbox 1549 5012 1823 5076; x_wconf 81' lang='lat' dir='ltr'><strong>vertebat,</strong></span> <span class='ocrx_word' id='word_1_712' title='bbox 1855 5011 1910 5064; x_wconf 83' lang='lat' dir='ltr'><strong>in</strong></span> <span class='ocrx_word' id='word_1_713' title='bbox 1946 5007 2060 5078; x_wconf 87' lang='lat' dir='ltr'><strong>pri-</strong></span> 
     </span>
    </p>
   </div>
   <div class='ocr_carea' id='block_1_98' title="bbox 488 5099 2059 5191">
    <p class='ocr_par' dir='ltr' id='par_1_98' title="bbox 488 5099 2059 5191">
     <span class='ocr_line' id='line_1_100' title="bbox 488 5099 2059 5191; baseline -0.013 -16"><span class='ocrx_word' id='word_1_714' title='bbox 488 5099 701 5191; x_wconf 80' lang='lat' dir='ltr'><strong>misque</strong></span> <span class='ocrx_word' id='word_1_715' title='bbox 733 5117 1028 5174; x_wconf 85' lang='lat' dir='ltr'><strong>Eusebium</strong></span> <span class='ocrx_word' id='word_1_716' title='bbox 1055 5112 1325 5183; x_wconf 86' lang='lat' dir='ltr'><strong>Pamphili</strong></span> <span class='ocrx_word' id='word_1_717' title='bbox 1354 5106 1776 5181; x_wconf 76' lang='lat' dir='ltr'><strong>perstringebat,</strong></span> <span class='ocrx_word' id='word_1_718' title='bbox 1798 5102 1944 5174; x_wconf 90' lang='lat' dir='ltr'><strong>quod</strong></span> <span class='ocrx_word' id='word_1_719' title='bbox 1976 5099 2059 5156; x_wconf 79' lang='lat' dir='ltr'><strong>sic</strong></span> 
     </span>
    </p>
   </div>
   <div class='ocr_carea' id='block_1_99' title="bbox 490 5195 2061 5274">
    <p class='ocr_par' dir='ltr' id='par_1_99' title="bbox 490 5195 2061 5274">
     <span class='ocr_line' id='line_1_101' title="bbox 490 5195 2061 5274; baseline -0.015 -2"><span class='ocrx_word' id='word_1_720' title='bbox 490 5227 599 5272; x_wconf 88' lang='lat' dir='ltr'><strong>tam</strong></span> <span class='ocrx_word' id='word_1_721' title='bbox 625 5220 874 5269; x_wconf 87' lang='lat' dir='ltr'><strong>sanctum</strong></span> <span class='ocrx_word' id='word_1_722' title='bbox 894 5210 1079 5264; x_wconf 88' lang='lat' dir='ltr'><strong>locum</strong></span> <span class='ocrx_word' id='word_1_723' title='bbox 1109 5204 1505 5274; x_wconf 80' lang='lat' dir='ltr'><strong>despexissent.</strong></span> <span class='ocrx_word' id='word_1_724' title='bbox 1558 5199 1744 5268; x_wconf 87' lang='lat' dir='ltr'><strong>Itaque</strong></span> <span class='ocrx_word' id='word_1_725' title='bbox 1783 5195 2061 5267; x_wconf 85' lang='lat' dir='ltr'><strong>episcopis</strong></span> 
     </span>
    </p>
   </div>
   <div class='ocr_carea' id='block_1_100' title="bbox 490 5288 2064 5365">
    <p class='ocr_par' dir='ltr' id='par_1_100' title="bbox 490 5288 2064 5365">
     <span class='ocr_line' id='line_1_102' title="bbox 490 5288 2064 5365; baseline -0.015 -3"><span class='ocrx_word' id='word_1_726' title='bbox 490 5304 786 5365; x_wconf 71' lang='lat' dir='ltr'><strong>l‘hmuiciae</strong></span> <span class='ocrx_word' id='word_1_727' title='bbox 809 5298 1089 5356; x_wconf 86' lang='lat' dir='ltr'><strong>mandavit</strong></span> <span class='ocrx_word' id='word_1_728' title='bbox 1124 5305 1185 5352; x_wconf 89' lang='lat' dir='ltr'><strong>ut</strong></span> <span class='ocrx_word' id='word_1_729' title='bbox 1233 5311 1301 5355; x_wconf 79' lang='lat' dir='ltr'><strong>ex</strong></span> <span class='ocrx_word' id='word_1_730' title='bbox 1360 5293 1494 5364; x_wconf 85' lang='lat' dir='ltr'><strong>ipsis</strong></span> <span class='ocrx_word' id='word_1_731' title='bbox 1543 5288 1917 5347; x_wconf 88' lang='lat' dir='ltr'><strong>fundamentis</strong></span> <span class='ocrx_word' id='word_1_732' title='bbox 1957 5301 2064 5340; x_wconf 64' lang='lat' dir='ltr'><strong>arae</strong></span> 
     </span>
    </p>
   </div>
   <div class='ocr_carea' id='block_1_101' title="bbox 488 5374 2064 5453">
    <p class='ocr_par' dir='ltr' id='par_1_101' title="bbox 488 5374 2064 5453">
     <span class='ocr_line' id='line_1_103' title="bbox 488 5374 2064 5453; baseline -0.011 -7"><span class='ocrx_word' id='word_1_733' title='bbox 488 5396 898 5452; x_wconf 81' lang='lat' dir='ltr'><strong>everterentur,</strong></span> <span class='ocrx_word' id='word_1_734' title='bbox 955 5374 1250 5444; x_wconf 68' lang='lat' dir='ltr'><strong>simulacra</strong></span> <span class='ocrx_word' id='word_1_735' title='bbox 1282 5385 1407 5453; x_wconf 80' lang='lat' dir='ltr'><strong>igne</strong></span> <span class='ocrx_word' id='word_1_736' title='bbox 1456 5382 1938 5443; x_wconf 87' lang='lat' dir='ltr'><strong>comburerentur,</strong></span> <span class='ocrx_word' id='word_1_737' title='bbox 1998 5391 2064 5430; x_wconf 88' lang='lat' dir='ltr'><strong>ac</strong></span> 
     </span>
    </p>
   </div>
   <div class='ocr_carea' id='block_1_102' title="bbox 494 5471 2066 5554">
    <p class='ocr_par' dir='ltr' id='par_1_102' title="bbox 494 5471 2066 5554">
     <span class='ocr_line' id='line_1_104' title="bbox 494 5471 2066 5554; baseline -0.01 -16"><span class='ocrx_word' id='word_1_738' title='bbox 494 5486 759 5554; x_wconf 85' lang='lat' dir='ltr'><strong>templum</strong></span> <span class='ocrx_word' id='word_1_739' title='bbox 794 5482 870 5541; x_wconf 87' lang='lat' dir='ltr'><strong>ibi</strong></span> <span class='ocrx_word' id='word_1_740' title='bbox 890 5491 1056 5541; x_wconf 65' lang='lat' dir='ltr'><strong>tanta:</strong></span> <span class='ocrx_word' id='word_1_741' title='bbox 1085 5478 1431 5548; x_wconf 85' lang='lat' dir='ltr'><strong>antiquitatis</strong></span> <span class='ocrx_word' id='word_1_742' title='bbox 1481 5474 1696 5531; x_wconf 88' lang='lat' dir='ltr'><strong>nomini</strong></span> <span class='ocrx_word' id='word_1_743' title='bbox 1729 5471 2066 5528; x_wconf 86' lang='lat' dir='ltr'><strong>conveniens</strong></span> 
     </span>
    </p>
   </div>
   <div class='ocr_carea' id='block_1_103' title="bbox 494 5564 2062 5641">
    <p class='ocr_par' dir='ltr' id='par_1_103' title="bbox 494 5564 2062 5641">
     <span class='ocr_line' id='line_1_105' title="bbox 494 5564 2062 5641; baseline -0.011 -8"><span class='ocrx_word' id='word_1_744' title='bbox 494 5582 898 5633; x_wconf 77' lang='lat' dir='ltr'><strong>exstrueretur.</strong></span> <span class='ocrx_word' id='word_1_745' title='bbox 926 5573 980 5626; x_wconf 87' lang='lat' dir='ltr'><strong>in</strong></span> <span class='ocrx_word' id='word_1_746' title='bbox 1026 5587 1137 5641; x_wconf 84' lang='lat' dir='ltr'><strong>quo</strong></span> <span class='ocrx_word' id='word_1_747' title='bbox 1166 5571 1414 5625; x_wconf 85' lang='lat' dir='ltr'><strong>divinum</strong></span> <span class='ocrx_word' id='word_1_748' title='bbox 1446 5583 1651 5627; x_wconf 81' lang='lat' dir='ltr'><strong>numen</strong></span> <span class='ocrx_word' id='word_1_749' title='bbox 1679 5564 1943 5619; x_wconf 58' lang='lat' dir='ltr'><strong>Ecclesia;</strong></span> <span class='ocrx_word' id='word_1_750' title='bbox 1972 5578 2062 5615; x_wconf 87' lang='lat' dir='ltr'><strong>re-</strong></span> 
     </span>
    </p>
   </div>
   <div class='ocr_carea' id='block_1_104' title="bbox 499 5648 2066 5738">
    <p class='ocr_par' dir='ltr' id='par_1_104' title="bbox 499 5648 2066 5738">
     <span class='ocr_line' id='line_1_106' title="bbox 499 5648 2066 5738; baseline -0.01 -18"><span class='ocrx_word' id='word_1_751' title='bbox 499 5678 661 5738; x_wconf 61' lang='lat' dir='ltr'><strong>cepto</strong></span> <span class='ocrx_word' id='word_1_752' title='bbox 690 5667 743 5719; x_wconf 88' lang='lat' dir='ltr'><strong>in</strong></span> <span class='ocrx_word' id='word_1_753' title='bbox 764 5666 874 5720; x_wconf 88' lang='lat' dir='ltr'><strong>ritu</strong></span> <span class='ocrx_word' id='word_1_754' title='bbox 903 5663 1201 5727; x_wconf 86' lang='lat' dir='ltr'><strong>coleretur.</strong></span> <span class='ocrx_word' id='word_1_755' title='bbox 1226 5662 1489 5730; x_wconf 84' lang='lat' dir='ltr'><strong>locusque</strong></span> <span class='ocrx_word' id='word_1_756' title='bbox 1516 5648 1591 5715; x_wconf 82' lang='lat' dir='ltr'><strong>de</strong></span> <span class='ocrx_word' id='word_1_757' title='bbox 1623 5666 1824 5713; x_wconf 69' lang='lat' dir='ltr'><strong>caetero</strong></span> <span class='ocrx_word' id='word_1_758' title='bbox 1864 5671 1896 5707; x_wconf 74' lang='grc' dir='ltr'><strong>ιι</strong></span> <span class='ocrx_word' id='word_1_759' title='bbox 1933 5668 2066 5708; x_wconf 90' lang='lat' dir='ltr'><strong>cou-</strong></span> 
     </span>
    </p>
   </div>
   <div class='ocr_carea' id='block_1_105' title="bbox 502 5745 2067 5821">
    <p class='ocr_par' dir='ltr' id='par_1_105' title="bbox 502 5745 2067 5821">
     <span class='ocr_line' id='line_1_107' title="bbox 502 5745 2067 5821; baseline -0.01 -9"><span class='ocrx_word' id='word_1_760' title='bbox 502 5759 866 5821; x_wconf 77' lang='lat' dir='ltr'><strong>tantitmtiuuc</strong></span> <span class='ocrx_word' id='word_1_761' title='bbox 889 5755 1039 5811; x_wconf 87' lang='lat' dir='ltr'><strong>omni</strong></span> <span class='ocrx_word' id='word_1_762' title='bbox 1071 5754 1210 5809; x_wconf 90' lang='lat' dir='ltr'><strong>liber</strong></span> <span class='ocrx_word' id='word_1_763' title='bbox 1250 5762 1415 5809; x_wconf 90' lang='lat' dir='ltr'><strong>esset.</strong></span> <span class='ocrx_word' id='word_1_764' title='bbox 1449 5750 1606 5818; x_wconf 83' lang='lat' dir='ltr'><strong>Quod</strong></span> <span class='ocrx_word' id='word_1_765' title='bbox 1661 5748 1707 5805; x_wconf 91' lang='lat' dir='ltr'><strong>si</strong></span> <span class='ocrx_word' id='word_1_766' title='bbox 1761 5746 1886 5819; x_wconf 89' lang='lat' dir='ltr'><strong>quis</strong></span> <span class='ocrx_word' id='word_1_767' title='bbox 1911 5745 2067 5799; x_wconf 85' lang='lat' dir='ltr'><strong>dein-</strong></span> 
     </span>
    </p>
   </div>
   <div class='ocr_carea' id='block_1_106' title="bbox 2161 4707 3732 4798">
    <p class='ocr_par' dir='ltr' id='par_1_106' title="bbox 2161 4707 3732 4798">
     <span class='ocr_line' id='line_1_108' title="bbox 2161 4707 3732 4798; baseline -0.017 -15"><span class='ocrx_word' id='word_1_768' title='bbox 2161 4707 2272 4784; x_wconf 68' lang='grc' dir='ltr'><strong>τῶν</strong></span> <span class='ocrx_word' id='word_1_769' title='bbox 2296 4726 2548 4796; x_wconf 83' lang='grc' dir='ltr'><strong>ἀγγέλων</strong></span> <span class='ocrx_word' id='word_1_770' title='bbox 2587 4721 2666 4791; x_wconf 82' lang='grc' dir='ltr'><strong>τῷ</strong></span> <span class='ocrx_word' id='word_1_771' title='bbox 2697 4719 2865 4790; x_wconf 82' lang='grc' dir='ltr'><strong>χώρῳ</strong></span> <span class='ocrx_word' id='word_1_772' title='bbox 2898 4714 3192 4785; x_wconf 75' lang='grc' dir='ltr'><strong>ἐπιδημίαν</strong></span> <span class='ocrx_word' id='word_1_773' title='bbox 3212 4728 3229 4746; x_wconf 87' lang='grc'><strong>·</strong></span> <span class='ocrx_word' id='word_1_774' title='bbox 3270 4709 3619 4781; x_wconf 80' lang='grc' dir='ltr'><strong>Χριστιανοῖς</strong></span> <span class='ocrx_word' id='word_1_775' title='bbox 3646 4707 3732 4798; x_wconf 71' lang='grc' dir='ltr'><strong>δέ,</strong></span> 
     </span>
    </p>
   </div>
   <div class='ocr_carea' id='block_1_107' title="bbox 2161 4801 3737 4893">
    <p class='ocr_par' dir='ltr' id='par_1_107' title="bbox 2161 4801 3737 4893">
     <span class='ocr_line' id='line_1_109' title="bbox 2161 4801 3737 4893; baseline -0.018 -12"><span class='ocrx_word' id='word_1_776' title='bbox 2161 4827 2357 4893; x_wconf 80' lang='grc' dir='ltr'><strong>ὅτιπερ</strong></span> <span class='ocrx_word' id='word_1_777' title='bbox 2386 4822 2467 4891; x_wconf 81' lang='grc' dir='ltr'><strong>τῷ</strong></span> <span class='ocrx_word' id='word_1_778' title='bbox 2512 4815 2754 4887; x_wconf 74' lang='grc' dir='ltr'><strong>θεοφιλεῖ</strong></span> <span class='ocrx_word' id='word_1_779' title='bbox 2793 4812 2989 4879; x_wconf 82' lang='grc' dir='ltr'><strong>ἐκείνῳ</strong></span> <span class='ocrx_word' id='word_1_780' title='bbox 3014 4809 3419 4880; x_wconf 74' lang='grc' dir='ltr'><strong>προεμήνυοεν,</strong></span> <span class='ocrx_word' id='word_1_781' title='bbox 3448 4805 3476 4857; x_wconf 81' lang='grc' dir='ltr'><strong>ὃ</strong></span> <span class='ocrx_word' id='word_1_782' title='bbox 3510 4801 3737 4863; x_wconf 86' lang='grc' dir='ltr'><strong>πολλοῖς</strong></span> 
     </span>
    </p>
   </div>
   <div class='ocr_carea' id='block_1_108' title="bbox 2164 4893 3738 4990">
    <p class='ocr_par' dir='ltr' id='par_1_108' title="bbox 2164 4893 3738 4990">
     <span class='ocr_line' id='line_1_110' title="bbox 2164 4893 3738 4990; baseline -0.018 -19"><span class='ocrx_word' id='word_1_783' title='bbox 2164 4917 2378 4990; x_wconf 80' lang='grc' dir='ltr'><strong>χρόνοις</strong></span> <span class='ocrx_word' id='word_1_784' title='bbox 2422 4916 2479 4977; x_wconf 76' lang='grc' dir='ltr'><strong>ἐς</strong></span> <span class='ocrx_word' id='word_1_785' title='bbox 2509 4908 2740 4980; x_wconf 70' lang='grc' dir='ltr'><strong>ὕστερον</strong></span> <span class='ocrx_word' id='word_1_786' title='bbox 2771 4907 2836 4960; x_wconf 79' lang='grc' dir='ltr'><strong>ἐκ</strong></span> <span class='ocrx_word' id='word_1_787' title='bbox 2881 4901 3154 4972; x_wconf 83' lang='grc' dir='ltr'><strong>παρθένου</strong></span> <span class='ocrx_word' id='word_1_788' title='bbox 3176 4900 3352 4953; x_wconf 82' lang='grc' dir='ltr'><strong>ποιεῖν</strong></span> <span class='ocrx_word' id='word_1_789' title='bbox 3381 4893 3738 4990; x_wconf 38' lang='grc' dir='ltr'><strong>εμε.&gt;.λεν..⁶Δ</strong></span> 
     </span>
    </p>
   </div>
   <div class='ocr_carea' id='block_1_109' title="bbox 2164 4978 3731 5078">
    <p class='ocr_par' dir='ltr' id='par_1_109' title="bbox 2164 4978 3731 5078">
     <span class='ocr_line' id='line_1_111' title="bbox 2164 4978 3731 5078; baseline -0.02 -19"><span class='ocrx_word' id='word_1_790' title='bbox 2282 5002 2584 5071; x_wconf 81' lang='grc' dir='ltr'><strong>πυθόμενος</strong></span> <span class='ocrx_word' id='word_1_791' title='bbox 2630 4978 3065 5053; x_wconf 72' lang='grc' dir='ltr'><strong>Κωνσταντῖνος.</strong></span> <span class='ocrx_word' id='word_1_792' title='bbox 3113 4988 3224 5042; x_wconf 80' lang='grc' dir='ltr'><strong>τῶν</strong></span> <span class='ocrx_word' id='word_1_793' title='bbox 3273 4987 3368 5078; x_wconf 46' lang='lat' dir='ltr'><strong>tu“</strong></span> <span class='ocrx_word' id='word_1_794' title='bbox 3389 4978 3731 5078; x_wconf 65' lang='grc' dir='ltr'><strong>Παλαιστίνη</strong></span> 
     </span>
    </p>
   </div>
   <div class='ocr_carea' id='block_1_110' title="bbox 2164 5064 3741 5158">
    <p class='ocr_par' dir='ltr' id='par_1_110' title="bbox 2164 5064 3741 5158">
     <span class='ocr_line' id='line_1_112' title="bbox 2164 5064 3741 5158; baseline -0.022 -9"><span class='ocrx_word' id='word_1_795' title='bbox 2164 5064 2482 5150; x_wconf 76' lang='grc' dir='ltr'><strong>ἐπισκόπων</strong></span> <span class='ocrx_word' id='word_1_796' title='bbox 2522 5084 2860 5158; x_wconf 75' lang='grc' dir='ltr'><strong>κατῃτιᾶτοο</strong></span> <span class='ocrx_word' id='word_1_797' title='bbox 2913 5080 3012 5133; x_wconf 75' lang='grc' dir='ltr'><strong>καὶ</strong></span> <span class='ocrx_word' id='word_1_798' title='bbox 3071 5076 3273 5147; x_wconf 78' lang='grc' dir='ltr'><strong>μᾶλλον</strong></span> <span class='ocrx_word' id='word_1_799' title='bbox 3330 5069 3592 5125; x_wconf 76' lang='grc' dir='ltr'><strong>Εὑσεὸίου</strong></span> <span class='ocrx_word' id='word_1_800' title='bbox 3639 5064 3741 5117; x_wconf 86' lang='grc' dir='ltr'><strong>τοῦ</strong></span> 
     </span>
    </p>
   </div>
   <div class='ocr_carea' id='block_1_111' title="bbox 2168 5158 3747 5252">
    <p class='ocr_par' dir='ltr' id='par_1_111' title="bbox 2168 5158 3747 5252">
     <span class='ocr_line' id='line_1_113' title="bbox 2168 5158 3747 5252; baseline -0.019 -15"><span class='ocrx_word' id='word_1_801' title='bbox 2168 5181 2456 5252; x_wconf 83' lang='grc' dir='ltr'><strong>Παμφίλου</strong></span> <span class='ocrx_word' id='word_1_802' title='bbox 2479 5176 2816 5246; x_wconf 66' lang='grc' dir='ltr'><strong>καθήπτετο,</strong></span> <span class='ocrx_word' id='word_1_803' title='bbox 2838 5168 2984 5226; x_wconf 71' lang='grc' dir='ltr'><strong>οὕτω</strong></span> <span class='ocrx_word' id='word_1_804' title='bbox 3011 5169 3085 5220; x_wconf 77' lang='grc' dir='ltr'><strong>τὰ</strong></span> <span class='ocrx_word' id='word_1_805' title='bbox 3113 5166 3243 5234; x_wconf 82' lang='grc' dir='ltr'><strong>περὶ</strong></span> <span class='ocrx_word' id='word_1_806' title='bbox 3271 5163 3366 5215; x_wconf 73' lang='grc' dir='ltr'><strong>τὸν</strong></span> <span class='ocrx_word' id='word_1_807' title='bbox 3388 5160 3457 5227; x_wconf 78' lang='grc' dir='ltr'><strong>ᾶγ</strong></span> <span class='ocrx_word' id='word_1_808' title='bbox 3469 5176 3544 5212; x_wconf 82' lang='grc' dir='ltr'><strong>ιον</strong></span> <span class='ocrx_word' id='word_1_809' title='bbox 3569 5158 3747 5224; x_wconf 85' lang='grc' dir='ltr'><strong>ὑπερ-</strong></span> 
     </span>
    </p>
   </div>
   <div class='ocr_carea' id='block_1_112' title="bbox 2169 5247 3741 5333">
    <p class='ocr_par' dir='ltr' id='par_1_112' title="bbox 2169 5247 3741 5333">
     <span class='ocr_line' id='line_1_114' title="bbox 2169 5247 3741 5333; baseline -0.011 -6"><span class='ocrx_word' id='word_1_810' title='bbox 2169 5247 2380 5333; x_wconf 73' lang='grc' dir='ltr'><strong>ιδόντας</strong></span> <span class='ocrx_word' id='word_1_811' title='bbox 2429 5269 2618 5328; x_wconf 84' lang='grc' dir='ltr'><strong>τόπον.</strong></span> <span class='ocrx_word' id='word_1_812' title='bbox 2679 5262 2789 5318; x_wconf 76' lang='grc' dir='ltr'><strong>Καί</strong></span> <span class='ocrx_word' id='word_1_813' title='bbox 2817 5260 2870 5329; x_wconf 84' lang='grc' dir='ltr'><strong>γ’</strong></span> <span class='ocrx_word' id='word_1_814' title='bbox 2905 5259 3126 5317; x_wconf 71' lang='grc' dir='ltr'><strong>ἐκέλευε</strong></span> <span class='ocrx_word' id='word_1_815' title='bbox 3187 5256 3300 5317; x_wconf 85' lang='grc' dir='ltr'><strong>τοῖς</strong></span> <span class='ocrx_word' id='word_1_816' title='bbox 3350 5253 3446 5320; x_wconf 72' lang='grc' dir='ltr'><strong>τῆς</strong></span> <span class='ocrx_word' id='word_1_817' title='bbox 3477 5247 3741 5316; x_wconf 66' lang='grc' dir='ltr'><strong>Φυινίκης</strong></span> 
     </span>
    </p>
   </div>
   <div class='ocr_carea' id='block_1_113' title="bbox 2169 5343 3742 5428">
    <p class='ocr_par' dir='ltr' id='par_1_113' title="bbox 2169 5343 3742 5428">
     <span class='ocr_line' id='line_1_115' title="bbox 2169 5343 3742 5428; baseline -0.017 -10"><span class='ocrx_word' id='word_1_818' title='bbox 2169 5363 2495 5425; x_wconf 69' lang='grc' dir='ltr'><strong>ἐπισκόποις</strong></span> <span class='ocrx_word' id='word_1_819' title='bbox 2526 5362 2589 5414; x_wconf 72' lang='grc' dir='ltr'><strong>ὲκ</strong></span> <span class='ocrx_word' id='word_1_820' title='bbox 2618 5356 2836 5428; x_wconf 79' lang='grc' dir='ltr'><strong>βάθρων</strong></span> <span class='ocrx_word' id='word_1_821' title='bbox 2875 5352 2975 5424; x_wconf 80' lang='grc' dir='ltr'><strong>μὲν</strong></span> <span class='ocrx_word' id='word_1_822' title='bbox 3014 5349 3301 5418; x_wconf 86' lang='grc' dir='ltr'><strong>καθαιρεῖν</strong></span> <span class='ocrx_word' id='word_1_823' title='bbox 3333 5347 3458 5406; x_wconf 76' lang='grc' dir='ltr'><strong>τους</strong></span> <span class='ocrx_word' id='word_1_824' title='bbox 3496 5343 3742 5411; x_wconf 69' lang='grc' dir='ltr'><strong>βωμοὺς,</strong></span> 
     </span>
    </p>
   </div>
   <div class='ocr_carea' id='block_1_114' title="bbox 2169 5431 3746 5528">
    <p class='ocr_par' dir='ltr' id='par_1_114' title="bbox 2169 5431 3746 5528">
     <span class='ocr_line' id='line_1_116' title="bbox 2169 5431 3746 5528; baseline -0.021 -14"><span class='ocrx_word' id='word_1_825' title='bbox 2169 5459 2307 5528; x_wconf 73' lang='grc' dir='ltr'><strong>πυρὶ</strong></span> <span class='ocrx_word' id='word_1_826' title='bbox 2336 5456 2392 5510; x_wconf 82' lang='grc' dir='ltr'><strong>δὲ</strong></span> <span class='ocrx_word' id='word_1_827' title='bbox 2424 5456 2492 5509; x_wconf 82' lang='grc' dir='ltr'><strong>τὰ</strong></span> <span class='ocrx_word' id='word_1_828' title='bbox 2550 5452 2714 5520; x_wconf 74' lang='grc' dir='ltr'><strong>ξόανα</strong></span> <span class='ocrx_word' id='word_1_829' title='bbox 2768 5446 3020 5515; x_wconf 76' lang='grc' dir='ltr'><strong>δαπανᾷν</strong></span> <span class='ocrx_word' id='word_1_830' title='bbox 3042 5458 3055 5471; x_wconf 90' lang='grc'><strong>·</strong></span> <span class='ocrx_word' id='word_1_831' title='bbox 3103 5442 3257 5508; x_wconf 79' lang='grc' dir='ltr'><strong>ἄξιον</strong></span> <span class='ocrx_word' id='word_1_832' title='bbox 3290 5438 3347 5497; x_wconf 80' lang='grc' dir='ltr'><strong>δὲ</strong></span> <span class='ocrx_word' id='word_1_833' title='bbox 3405 5439 3631 5503; x_wconf 65' lang='grc' dir='ltr'><strong>τέμενος</strong></span> <span class='ocrx_word' id='word_1_834' title='bbox 3665 5431 3746 5502; x_wconf 79' lang='grc' dir='ltr'><strong>τῷ</strong></span> 
     </span>
    </p>
   </div>
   <div class='ocr_carea' id='block_1_115' title="bbox 2173 5526 3746 5623">
    <p class='ocr_par' dir='ltr' id='par_1_115' title="bbox 2173 5526 3746 5623">
     <span class='ocr_line' id='line_1_117' title="bbox 2173 5526 3746 5623; baseline -0.02 -17"><span class='ocrx_word' id='word_1_835' title='bbox 2173 5526 2511 5623; x_wconf 82' lang='grc' dir='ltr'><strong>περιωνύμῳ</strong></span> <span class='ocrx_word' id='word_1_836' title='bbox 2563 5545 2665 5614; x_wconf 86' lang='grc' dir='ltr'><strong>τῆς</strong></span> <span class='ocrx_word' id='word_1_837' title='bbox 2713 5541 2808 5594; x_wconf 87' lang='grc' dir='ltr'><strong>τοῦ</strong></span> <span class='ocrx_word' id='word_1_838' title='bbox 2857 5540 3025 5593; x_wconf 86' lang='grc' dir='ltr'><strong>τόπου</strong></span> <span class='ocrx_word' id='word_1_839' title='bbox 3049 5533 3411 5605; x_wconf 80' lang='grc' dir='ltr'><strong>ἀρχαιότητος</strong></span> <span class='ocrx_word' id='word_1_840' title='bbox 3453 5526 3746 5594; x_wconf 69' lang='grc' dir='ltr'><strong>καθιστᾷν,</strong></span> 
     </span>
    </p>
   </div>
   <div class='ocr_carea' id='block_1_116' title="bbox 2174 5619 3748 5701">
    <p class='ocr_par' dir='ltr' id='par_1_116' title="bbox 2174 5619 3748 5701">
     <span class='ocr_line' id='line_1_118' title="bbox 2174 5619 3748 5701; baseline -0.022 -1"><span class='ocrx_word' id='word_1_841' title='bbox 2174 5647 2273 5701; x_wconf 73' lang='grc' dir='ltr'><strong>καὶ</strong></span> <span class='ocrx_word' id='word_1_842' title='bbox 2319 5644 2379 5695; x_wconf 79' lang='grc' dir='ltr'><strong>τὸ</strong></span> <span class='ocrx_word' id='word_1_843' title='bbox 2439 5642 2582 5692; x_wconf 85' lang='grc' dir='ltr'><strong>θεῖον</strong></span> <span class='ocrx_word' id='word_1_844' title='bbox 2613 5637 2793 5688; x_wconf 78' lang='grc' dir='ltr'><strong>ἐκεῖσε</strong></span> <span class='ocrx_word' id='word_1_845' title='bbox 2826 5633 2967 5685; x_wconf 69' lang='grc' dir='ltr'><strong>κατὰ</strong></span> <span class='ocrx_word' id='word_1_846' title='bbox 3000 5629 3063 5682; x_wconf 82' lang='grc' dir='ltr'><strong>τὸ</strong></span> <span class='ocrx_word' id='word_1_847' title='bbox 3092 5628 3193 5696; x_wconf 80' lang='grc' dir='ltr'><strong>τῆς</strong></span> <span class='ocrx_word' id='word_1_848' title='bbox 3246 5622 3578 5689; x_wconf 78' lang='grc' dir='ltr'><strong>Ἐκκλησὲας</strong></span> <span class='ocrx_word' id='word_1_849' title='bbox 3620 5619 3748 5683; x_wconf 67' lang='grc' dir='ltr'><strong>ἔθος</strong></span> 
     </span>
    </p>
   </div>
   <div class='ocr_carea' id='block_1_117' title="bbox 2178 5704 3748 5811">
    <p class='ocr_par' dir='ltr' id='par_1_117' title="bbox 2178 5704 3748 5811">
     <span class='ocr_line' id='line_1_119' title="bbox 2178 5704 3748 5811; baseline -0.022 -18"><span class='ocrx_word' id='word_1_850' title='bbox 2178 5734 2531 5811; x_wconf 83' lang='grc' dir='ltr'><strong>θρησκεύειν,</strong></span> <span class='ocrx_word' id='word_1_851' title='bbox 2582 5730 2676 5784; x_wconf 71' lang='grc' dir='ltr'><strong>καὶ</strong></span> <span class='ocrx_word' id='word_1_852' title='bbox 2728 5725 2824 5780; x_wconf 86' lang='grc' dir='ltr'><strong>τοῦ</strong></span> <span class='ocrx_word' id='word_1_853' title='bbox 2881 5724 3070 5778; x_wconf 83' lang='grc' dir='ltr'><strong>λοιποῦ</strong></span> <span class='ocrx_word' id='word_1_854' title='bbox 3125 5720 3405 5790; x_wconf 66' lang='grc' dir='ltr'><strong>ἐλεύθερον</strong></span> <span class='ocrx_word' id='word_1_855' title='bbox 3450 5715 3540 5767; x_wconf 72' lang='grc' dir='ltr'><strong>τόν</strong></span> <span class='ocrx_word' id='word_1_856' title='bbox 3578 5704 3748 5764; x_wconf 77' lang='grc' dir='ltr'><strong>τόπον</strong></span> 
     </span>
    </p>
   </div>
   <div class='ocr_carea' id='block_1_118' title="bbox 577 5917 2261 6019">
    <p class='ocr_par' dir='ltr' id='par_1_118' title="bbox 577 5917 2261 6019">
     <span class='ocr_line' id='line_1_120' title="bbox 577 5917 2261 6019; baseline -0.019 -17"><span class='ocrx_word' id='word_1_857' title='bbox 577 5944 655 6019; x_wconf 80' lang='grc'><strong>(1)</strong></span> <span class='ocrx_word' id='word_1_858' title='bbox 705 5942 1042 5999; x_wconf 56' lang='lat' dir='ltr'><strong>Solonis-nus</strong></span> <span class='ocrx_word' id='word_1_859' title='bbox 1098 5935 1297 5990; x_wconf 78' lang='lat' dir='ltr'><strong>Eccles.</strong></span> <span class='ocrx_word' id='word_1_860' title='bbox 1356 5934 1551 5987; x_wconf 68' lang='grc' dir='ltr'><strong>Πίερον.</strong></span> <span class='ocrx_word' id='word_1_861' title='bbox 1612 5929 1707 5984; x_wconf 89' lang='lat' dir='ltr'><strong>lib.</strong></span> <span class='ocrx_word' id='word_1_862' title='bbox 1762 5944 1819 5991; x_wconf 84' lang='grc' dir='ltr'><strong>ιι,</strong></span> <span class='ocrx_word' id='word_1_863' title='bbox 1874 5939 1994 5995; x_wconf 88' lang='lat' dir='ltr'><strong>cap.</strong></span> <span class='ocrx_word' id='word_1_864' title='bbox 2053 5921 2086 5975; x_wconf 78' lang='grc' dir='ltr'><strong>ι</strong></span> <span class='ocrx_word' id='word_1_865' title='bbox 2123 5927 2179 5974; x_wconf 86' lang='lat' dir='ltr'><strong>et</strong></span> <span class='ocrx_word' id='word_1_866' title='bbox 2212 5917 2261 5977; x_wconf 83' lang='lat'><strong>5,</strong></span> 
     </span>
    </p>
   </div>
  </div>
