4034 6572
1041 536 1267 597 CAPUT
1310 540 1550 599 XXXlll.

509 624 575 682 Ut
629 626 1013 685 Constantinus
1054 630 1518 708 Christianismum
1566 637 1761 708 ubique
1817 648 2084 697 terrarum

822 718 827 721 ί
994 704 1282 774 prooagart'
1302 709 1584 763 curaverit.

579 808 683 875 Qui
716 826 899 866 rerum
936 817 1185 872 omnium
1213 820 1347 875 illud
1380 837 1544 889 quam
1578 825 1816 881 maxime
1846 827 2082 895 studuit,

508 913 567 954 ιιι
600 904 795 974 religio
826 908 1094 974 ampliora
1127 924 1353 981 caperet
1395 916 1758 974 incrementa.
1799 920 1989 987 Neque
2023 936 2084 976 se

504 994 795 1049 continere
826 1010 888 1051 ea
924 998 979 1052 in
1027 1015 1086 1054 re
1118 1003 1320 1071 potuit.
1360 1004 1666 1063 Universos
1707 1024 1945 1079 namque
1984 1012 2084 1066 ho-

506 1088 705 1150 mines,
734 1101 1010 1158 quantum
1032 1094 1096 1161 in
1123 1098 1440 1167 manuejus
1466 1098 1519 1153 id
1554 1099 1679 1168 fuit,
1712 1102 1780 1158 ad
1802 1102 2081 1160 Christum

481 1179 773 1236 adductos
834 1196 1000 1251 atque
1066 1200 1377 1257 pertractos
1436 1193 1660 1259 voluit,
1720 1199 2081 1266 apostolicam

504 1286 735 1339 prorsus
763 1275 1051 1332 declarans
1078 1290 1317 1334 mentem
1351 1289 1408 1336 et
1431 1283 1700 1341 studium.
1727 1286 2084 1357 Quandoqui-

504 1361 628 1416 dem
660 1375 841 1418 autem
870 1367 1122 1433 homines
1144 1368 1395 1427 Romano
1422 1375 1630 1429 subditi
1663 1377 1913 1447 imperio,
1945 1395 2084 1450 pra:-

502 1462 589 1507 ter
616 1457 886 1510 rationem
905 1474 1145 1524 onmem,
1173 1475 1381 1518 metum
1404 1476 1571 1536 atque
1597 1470 2077 1539 superstitionem,

500 1557 730 1615 propter
756 1556 1083 1620 οιιηρθριιιιιι
1117 1555 1184 1607 de
1223 1558 1536 1615 simulacris
1581 1563 1902 1631 opinionem
1941 1568 2081 1621 reti—

502 1638 731 1704 ncbant,
769 1642 908 1698 ritus
944 1650 1154 1713 patrios
1183 1651 1719 1721 complectebantur,
1748 1666 1806 1711 et
1835 1674 1903 1712 ex
1932 1662 2081 1716 anti-

500 1732 732 1801 quitatis
777 1737 1114 1795 auctoritate
1146 1742 1501 1811 pendebant,
1546 1746 1918 1804 inducendam
1956 1769 2079 1810 esse

498 1825 687 1879 cultus
717 1827 840 1897 eius
869 1831 1010 1899 apud
1045 1831 1195 1903 ipsos
1223 1835 1557 1893 oblivionem
1586 1842 1822 1910 putavit.
1856 1843 1912 1898 Id
1945 1860 2077 1900 vero

500 1928 606 1969 nec
634 1915 796 1971 aliter
826 1934 926 1975 nec
963 1926 1118 1991 prius
1149 1924 1268 1980 fieri
1296 1928 1500 1997 potuit,
1537 1946 1701 2001 quam
1737 1934 1815 1989 illi
1851 1939 2073 2007 templa,

497 2017 551 2060 et
578 2023 700 2078 qua:
732 2011 786 2065 in
821 2013 902 2067 eis
942 2027 1075 2071 sunt
1113 2028 1327 2076 statuas
1356 2023 1701 2095 negligerent
1739 2037 1905 2098 atque
1941 2045 2075 2085 con-

500 2107 834 2160 temne-rent.
882 2106 1303 2181 Consiliumque
1346 2114 1401 2169 id
1438 2117 1505 2171 ad
1537 2120 1743 2174 exitum
1788 2123 2071 2191 perduxit.

500 2193 706 2250 Edictis
729 2199 875 2252 enim
908 2200 1274 2269 imperatoriis
1302 2209 1504 2276 passim
1534 2212 1851 2281 publicatis,
1882 2218 2073 2286 populi

495 2294 807 2343 metuentes
842 2306 910 2345 ne
937 2293 1005 2347 de
1048 2296 1214 2351 rebus
1244 2298 1347 2351 sibi
1385 2300 1730 2358 charissimis
1759 2305 1814 2359 in
1847 2308 2072 2376 pericu-

496 2378 609 2434 lum
630 2376 906 2449 venirent,
934 2387 985 2439 in
1017 2388 1194 2444 otlicio
1226 2391 1399 2449 fuere.
1430 2394 1499 2448 Et
1527 2398 1854 2467 templorum
1884 2411 2071 2457 custo-

496 2474 596 2528 des
630 2479 1088 2549 sacerdotesque,
1135 2498 1259 2537 cum
1306 2488 1448 2555 quod
1481 2501 1713 2557 agerent
1758 2508 1866 2549 non
1905 2496 2073 2552 hahe-

496 2579 644 2631 rent,
682 2586 768 2625 res
795 2588 917 2642 quae
956 2584 1117 2630 antea
1143 2579 1285 2647 apud
1319 2571 1417 2636 eos
1449 2583 1503 2637 in
1528 2584 1796 2641 honorem
1829 2591 2068 2659 fuerant,

497 2656 799 2727 despexere
829 2678 843 2716 :
875 2675 930 2717 et
968 2680 1090 2733 quae
1119 2667 1328 2723 dudum
1373 2670 1427 2724 in
1467 2672 1724 2729 abstruso
1771 2677 2000 2734 latentia
2038 2656 2069 2736 a

494 2752 716 2808 nemine
760 2767 1053 2825 conspecta
1096 2758 1348 2828 fuerant,
1395 2780 1464 2819 ex
1511 2766 1692 2837 adytis
1738 2773 2069 2841 arcanisque

491 2842 632 2899 locis
660 2854 977 2915 pertraxere
1003 2867 1017 2906 :
1049 2866 1283 2923 quaeque
1307 2856 1442 2911 solis
1473 2858 1607 2927 ipsis
1636 2862 1854 2930 cognita
1881 2875 2065 2928 erant,

490 2943 739 2998 omnium
805 2944 979 2999 oculis
1035 2961 1360 3015 exposuere.
1426 2950 1863 3009 Simulaerorum
1912 2973 2063 3022 vero

494 3031 755 3096 materia,
795 3047 918 3102 qua:
956 3036 1178 3104 quidem
1226 3038 1465 3107 ingentis
1508 3053 1657 3097 esset
1699 3045 1863 3113 pretii
1890 3086 1904 3109 ,
1954 3047 2067 3118 igni

492 3124 825 3194 adiudicata,
859 3136 915 3182 et
942 3128 997 3182 in
1031 3129 1239 3184 minuta
1274 3131 1451 3213 frusta
1478 3136 1743 3190 concisa:
1773 3152 1896 3206 qua:
1933 3155 2065 3195 vero

1725 429 2155 494 NlCEPHOllI
2197 434 2539 495 CALLISTI

3658 434 3760 500 124

2774 549 3025 606 κεψΑΑ.
3058 551 3201 621 Arni

2191 642 2396 707 Ὅπως
2433 644 2894 715 Kay-grantiqu
2920 644 3025 699 τὸν
3072 645 3543 715 Χριστιανισμὸν
3573 647 3767 703 ἀπαν-

2292 715 2480 783 ταχοῦ
2519 712 2632 780 τῆς
2665 714 2777 785 rm";-
2805 715 3154 785 διαδραμεῖν
3174 712 3624 784 παρεσκεύασε.

2257 827 2446 895 ῐΙὰσης
2478 826 2525 879 δ’
2576 821 2650 898 ἦν
2687 827 2886 898 εκείνῳ
2936 826 3177 893 σπουδῆς
3232 827 3537 900 ὑπέρτερον
3584 831 3618 900 ἠ
3661 831 3763 901 τῆς

2184 919 2490 987 θρησκείας
2528 920 2790 981 ἐπίδοσις.
2824 920 3095 990 Κατὲχειν
3122 920 3172 974 δ’
3210 920 3313 974 οὐκ
3341 917 3491 990 εἶχεν
3522 922 3719 976 ἑαυτόν
3741 937 3757 952 ⁸

2183 1007 2381 1078 ἁθρόον
2409 1009 2542 1079 γάρ,
2584 1010 2639 1062 εί
2659 1010 2711 1077 γ’
2736 1008 2867 1080 ἐνῆν
2909 1009 3080 1082 αὐτῷ,
3134 1012 3345 1075 πάντας
3389 1011 3586 1083 ἢθελεν
3639 1013 3761 1066 ἐπι-

2184 1098 2433 1153 σπᾶσθαι
2476 1102 2570 1154 καὶ
2612 1101 2915 1173 προσάγειν
2953 1102 3198 1172 Χριστῷ,
3233 1103 3601 1175 άποστολικὴν
3643 1106 3763 1157 ἑπι-

2182 1192 2534 1262 δεικνύμενος
2562 1194 2662 1266 τὴν
2690 1196 2949 1267 σπουδήν.
2995 1196 3151 1251 Ἐπεὶ
3172 1196 3235 1248 δὲ
3263 1196 3324 1248 τὸ
3357 1196 3463 1250 ἀνὰ
3486 1196 3587 1261 τὴν
3629 1195 3762 1250 Ῥω-

2186 1283 2365 1351 μαίων
2400 1284 2644 1353 ὑπήκοον
2671 1286 2832 1355 δεῖμα
2861 1284 2958 1339 καὶ
2993 1285 3156 1347 σέϐας
3183 1284 3379 1353 ἄλογον
3403 1282 3505 1354 τῆς
3532 1285 3664 1356 περὶ
3691 1284 3760 1337 τά

2183 1374 2346 1440 ξόανα
2402 1377 2704 1445 φαντασίας
2753 1371 2923 1447 εἶχον,
2981 1376 3088 1448 ἢθη
3120 1393 3180 1429 τε
3232 1377 3437 1446 πάτρια
3471 1357 3761 1443 κατησπά-

2183 1467 2360 1532 ζοντο,
2394 1470 2488 1521 καὶ
2530 1468 2894 1540 ἀρχαιότητος
2921 1469 3130 1541 εἴχοντο
3153 1486 3171 1501 ο
3210 1468 3320 1521 δεῖν
3362 1468 3541 1521 ἐδόκει
3584 1467 3760 1538 λήθην

2182 1555 2368 1620 αὐτοῖς
2400 1558 2501 1624 τῆς
2535 1556 2839 1629 θρησκείας
2882 1560 3148 1629 εἰσάγειν.
3183 1557 3355 1612 Τοῦτο
3386 1558 3433 1611 δ’
3456 1558 3558 1611 οὐκ
3582 1557 3757 1618 ἄλλως

2181 1645 2251 1721 ἦν
2276 1651 2576 1722 ἐγχωροῦν,
2619 1653 2750 1723 πρὶν
2796 1652 2863 1707 ἂν
2897 1653 3008 1707 τῶν
3034 1652 3176 1707 νεῶν
3216 1653 3313 1705 καὶ.
3343 1651 3454 1705 τῶν
3482 1652 3541 1703 ὲν
3573 1652 3759 1712 αὐτοῖς

2179 1741 2515 1814 ἀμελήσειαν
2562 1744 2921 1816 ἀγαλμάτων.
2950 1746 3057 1800 Καὶ
3085 1747 3149 1800 τὸ
3191 1748 3433 1817 ἐννόημα
3471 1745 3550 1807 είς
3594 1743 3761 1815 ἔργον

2182 1836 2347 1906 ήγετο
2375 1853 2391 1869 ο
2450 1838 2798 1908 γραμμάτων
2850 1839 2960 1908 γὰρ
3018 1838 3398 1909 φοιτησάντων
3457 1837 3759 1908 βασιλικῶν

2180 1928 2461 1991 δείσαντες
2495 1931 2544 1982 οἱ
2575 1929 2739 1999 δῆμοι
2769 1931 2845 2000 μή
2879 1947 2934 1982 τι
2969 1931 3104 2002 περὶ
3131 1932 3202 1984 τά
3233 1931 3468 1999 φίλτατα
3508 1930 3756 1994 πάθοιεν,

2180 2024 2304 2078 καθ’
2333 2024 2559 2087 ἑαυτοὺς
2604 2020 2766 2096 ἦσαν.
2801 2024 2871 2079 Οἵ
2904 2042 2969 2091 γε
3021 2024 3129 2095 μὴν
3158 2023 3419 2094 νεωκόροι
3449 2024 3544 2075 καὶ¹
3589 2023 3759 2094 ίερεῐς

2183 2119 2256 2186 μή
2288 2133 2342 2169 τι
2382 2115 2513 2188 δρᾷν
2543 2115 2781 2187 ἔχοντες,
2814 2117 2881 2169 τὰ
2909 2115 3042 2187 παρ’
3076 2100 3256 2179 αῦτοϊς
3288 2118 3447 2184 τίμια
3483 2116 3759 2184 κατεφρό-

2177 2226 2302 2262 νουν
2322 2224 2337 2239 ·
2366 2212 2463 2263 καὶ
2488 2209 2557 2262 τὰ
2579 2210 2639 2263 ὲν
2666 2210 2821 2280 μυχῷ
2848 2208 3015 2263 πάλαι
3045 2207 3249 2261 ἀθέατα
3268 2207 3378 2260 τῶν
3392 2207 3602 2260 ἀδύτων
3630 2207 3758 2276 ἑξῆ-

2176 2317 2273 2369 γον
2303 2317 2318 2333 ο
2355 2302 2490 2354 πᾶσι
2512 2300 2569 2354 δὲ
2600 2299 2737 2371 δῆλα
2774 2300 2841 2353 τὰ
2866 2299 2997 2370 πρὶν
3036 2298 3223 2363 αὐτοῖς
3258 2314 3322 2368 γε
3354 2298 3536 2367 μόνοις
3576 2300 3755 2365 ἐγνω-

2179 2394 2355 2463 σμένα
2384 2393 2703 2448 καθίστατο.
2746 2392 2810 2446 Ἦ
2857 2393 2915 2446 δὲ
2949 2393 3061 2445 τῶν
3107 2391 3316 2457 ξοάνων
3352 2390 3479 2459 ὕλη,
3512 2391 3611 2461 ὅση
3653 2388 3756 2460 μὲν
3843 2422 3856 2439 .

2177 2486 2511 2557 διαφέρουσα
2539 2482 2628 2558 ἦν,
2677 2486 2815 2557 πυρὶ
2848 2485 3241 2555 διακρινομένη
3292 2486 3371 2546 είς
3404 2484 3586 2554 κέρμα
3630 2485 3757 2536 ἑκό-

2181 2597 2350 2634 πτετο
2369 2595 2384 2612 ο
2414 2581 2517 2651 ὅση
2551 2579 2596 2632 δ’
2624 2580 2683 2632 ὲν
2712 2579 2902 2651 χαλκῷ
2927 2578 3008 2641 εἰς
3046 2577 3245 2639 κάλλος
3285 2576 3630 2644 ἐξείργαστο,
3657 2574 3754 2627 κό-

2178 2687 2319 2739 σμου
2373 2670 2535 2741 χάριν
2593 2671 2675 2733 είς
2712 2669 2815 2740 τὴν
2871 2668 3000 2721 νέαν
3057 2666 3154 2721 τοῦ
3199 2665 3539 2737 κρατοῦντος
3594 2664 3753 2716 πόλιν

2175 2764 2340 2833 ἤγετο
2363 2780 2377 2795 ’
2412 2764 2509 2818 καὶ
2540 2762 2647 2817 ἀνὰ
2674 2761 2774 2825 τὰς
2805 2761 3031 2831 ἀγυιὰς,
3059 2760 3151 2814 τόν
3174 2764 3233 2813 τε
3272 2757 3634 2825 Ἰππόδρομον
3657 2758 3752 2807 καὶ

2176 2854 2491 2925 ἁπανταχοῦ
2521 2854 2874 2926 καθιδρύετο.
2911 2854 3117 2922 Ἥγετο
3145 2851 3240 2905 οὖν
3282 2850 3559 2905 Ἀπόλλων
3591 2865 3651 2902 τε
3685 2849 3753 2901 ἑκ

2177 2946 2404 3011 Πυθίας,
2453 2948 2549 3000 καὶ
2577 2947 2636 3011 ἐξ
2674 2946 2967 3010 Ἑλικῶνος
2999 2947 3056 3000 at
3102 2944 3343 3010 Μοῦσαι,
3371 2944 3466 2997 καὶ
3490 2945 3519 2999 ό
3552 2940 3752 3011 σεμνὸς

2175 3042 2236 3093 ἐκ
2266 3038 2487 3108 Δελφῶν
2523 3040 2774 3112 τρίπους,
2809 3041 2903 3094 καὶ
2944 3043 2974 3095 ὁ
3001 3040 3286 3110 διαϐόητος
3320 3039 3464 3102 Πάν,
3488 3038 3552 3091 ὃν
3606 3040 3753 3092 Παυ-

2176 3133 2365 3198 σανίας
2400 3135 2538 3205 μετὰ
2589 3135 2683 3188 τὸν
2731 3135 2979 3203 Μηδικὸν
3022 3135 3245 3188 ἀνέθετο
3292 3133 3549 3201 πόλεμον.
3599 3133 3662 3185 Oi
3691 3131 3749 3184 δὲ

492 3233 560 3271 ex
593 3233 699 3273 acre
732 3220 1035 3276 artificioso
1066 3239 1233 3292 opere
1270 3224 1569 3282 fabrefacta
1615 3238 1795 3293 esset,
1837 3242 2066 3301 propter

2173 3226 2298 3298 νεῲ,
2336 3229 2610 3290 παντοίως
2634 3227 3024 3298 άμεληθέντες,
3055 3228 3132 3290 είς
3165 3229 3385 3298 ἐρείπια
3416 3223 3580 3297 ἦσαν.
3612 3227 3751 3279 [latv-

491 3310 966 3379 pulchritudinem
1003 3324 1058 3370 et
1106 3320 1509 3385 praestantiam,
1552 3320 1607 3374 in
1651 3337 1846 3396 novam
1889 3323 2063 3396 impe-

490 3405 693 3459 ratoris
754 3406 945 3463 urbem
992 3420 1334 3479 comportata
1392 3421 1529 3468 est:
1598 3392 1767 3484 atque
1830 3415 1909 3471 ibi
1964 3392 2066 3487 per

490 3493 746 3563 regiones
792 3507 1004 3559 certas,
1048 3492 1212 3569 atque
1249 3501 1303 3555 in
1353 3502 1730 3571 Hippodromo
1778 3522 1875 3561 seu
1914 3508 2065 3565 circo

491 3589 757 3654 equestri,
782 3599 842 3642 et
870 3590 999 3645 alibi
1033 3593 1234 3661 passim
1269 3582 1557 3671 collocata.
1586 3596 1872 3656 Abductus
1902 3601 2067 3671 igitur

489 3688 573 3732 est
611 3696 674 3734 ex
725 3681 906 3751 Pythii
955 3684 1165 3738 oraculi
1212 3685 1345 3740 sede
1398 3667 1629 3757 Apollo,
1674 3704 1741 3744 ex
1797 3667 2062 3748 Helicone

488 3774 676 3841 Musae,
704 3786 761 3830 et
797 3776 1020 3846 Delphis
1052 3792 1212 3833 sacer
1244 3781 1418 3849 tripos
1450 3799 1465 3835 :
1497 3790 1663 3850 atque
1699 3783 1940 3840 celebris
1971 3787 2064 3843 ille

489 3868 628 3934 Pan,
660 3886 823 3939 quem
862 3870 1160 3926 Pausanias
1191 3880 1312 3940 post
1353 3871 1623 3928 Medicum
1659 3876 1862 3931 bellum
1903 3878 2057 3932 dica-

488 3972 659 4017 verat.
706 3962 931 4030 Templa
967 3978 1131 4032 porro
1171 3966 1446 4035 neglecta,
1499 3981 1727 4035 prorsus
1756 3970 1822 4023 ad
1869 3970 2059 4025 ruinas

487 4065 623 4109 sunt
671 4055 913 4108 redacta.
961 4055 1124 4125 603
1171 4053 1405 4109 Omnino
1448 4056 1613 4110 etiam
1665 4067 1778 4112 tum
1820 4069 1878 4114 et
1918 4060 2060 4129 apud

488 4144 656 4215 JEgas
686 4144 988 4214 IEsculapii
1022 4146 1077 4199 in
1103 4138 1293 4199 Cilicia
1329 4147 1426 4216 (l),
1458 4150 1675 4216 etapud
1705 4149 1956 4218 Aphacos
1983 4148 2061 4220 (2)

489 4237 558 4290 ad
590 4235 860 4292 Libanum
892 4245 1135 4290 montem
1172 4236 1401 4291 Veneris
1435 4237 1724 4293 delubrum
1759 4240 2059 4295 sublatum.

486 4332 796 4400 Utrumque
840 4343 1022 4386 autem
1055 4332 1336 4386 veteribus
1366 4341 1422 4387 et
1458 4332 1680 4387 celebre
1710 4343 1766 4387 et
1795 4349 2065 4387 veneran-

489 4425 621 4480 dum
656 4423 926 4478 habitum.
958 4422 1089 4489 Quae
1120 4439 1288 4492 quum
1322 4423 1396 4479 ita
1435 4423 1652 4488 ﬁerent,
1688 4439 1756 4479 ex
1784 4428 2060 4481 sententia

489 4516 841 4586 imperatoris
870 4530 956 4569 res
979 4515 1332 4583 procedebat.
1357 4515 1423 4568 Et
1449 4515 1545 4581 qui
1578 4516 1780 4585 templa
1805 4517 2059 4581 deorum,

420 4611 430 4619 ’
487 4627 610 4677 qua:
645 4609 796 4677 prius
830 4608 1144 4669 colueraut,
1178 4610 1362 4676 jacere
1386 4647 1402 4671 ,
1443 4608 1756 4676 stipulaquc
1788 4618 1844 4664 et
1872 4621 2057 4666 storea
2088 4581 2140 4643 θ

486 4700 758 4770 completa
814 4716 937 4756 esse
992 4699 1290 4764 videbant,
1335 4700 1389 4752 in
1437 4711 1815 4769 contemptum
1858 4718 2052 4756 eorum

486 4792 820 4856 veniebant,
860 4791 1240 4860 maiorumque
1265 4804 1511 4846 errorem
1550 4790 2057 4859 reprehendebant.

486 4884 722 4949 Quidam
755 4898 857 4938 nos
889 4891 1020 4938 sunt
1044 4881 1312 4937 aemulati.
1347 4879 1455 4934 Alii
1500 4879 1853 4952 imperatoris
1884 4881 2060 4949 ipsius

490 4976 661 5045 gratia
711 4984 971 5044 oportere
1023 4985 1083 5027 se
1138 4970 1405 5040 principis
1466 4984 1649 5025 mores
1702 4979 1761 5025 et
1809 4971 2058 5027 instituta

487 5069 673 5122 colere
714 5064 1126 5121 existimabant.
1173 5059 1434 5115 Nonnulli
1487 5073 1655 5125 porro
1702 5060 1780 5130 (5)
1829 5061 1899 5116 ab
1938 5061 2087 5130 epi-~

487 5163 669 5231 scopis
712 5169 767 5215 et
813 5157 1132 5219 monachis,
1180 5154 1234 5208 in
1277 5167 1420 5222 quos
1468 5153 1676 5208 divinis
1720 5155 2055 5224 quibusdam

436 5282 439 5283 ν
484 5252 710 5306 indiciis
737 5249 1065 5311 inciderant,
1092 5244 1297 5307 edocti,
1324 5243 1498 5298 satius
1530 5256 1653 5299 esse
1683 5244 2057 5300 Christianam

486 5344 768 5413 suscipere
811 5342 1130 5409 religionem
1183 5343 1539 5390 censuerunt.
1582 5334 1818 5391 Proinde
1859 5334 2051 5406 populi

487 5439 643 5491 multi
677 5446 731 5492 ct
761 5436 930 5489 urbes
963 5442 1088 5487 latae
1114 5432 1181 5485 ad
1207 5431 1689 5487 Christianismum
1717 5445 1776 5484 se
1806 5429 2055 5484 contere-

561 5600 637 5668 (l)
677 5595 920 5658 Rectius,
953 5601 1026 5668 ut_
1068 5606 1234 5668 supra
1281 5590 1514 5668 cap.__'50
1545 5588 1669 5643 eod.
1729 5588 1786 5668 in
1840 5586 2057 5668 Cilicia.

489 5657 663 5723 Sicuti
698 5670 861 5721 etiam
889 5657 1028 5733 apud
1067 5657 1363 5716 Soiomeui
1385 5662 1481 5715 lib.
1508 5677 1569 5725 ιι,
1594 5675 1715 5728 cap.
1751 5657 1805 5720 5,
1837 5658 2056 5727 legitur.

488 5739 769 5859 [mandit
803 5815 1048 5861 extrema:
1079 5812 1326 5858 resonant
1364 5803 1645 5860 navalibus
1670 5801 1838 5872 .ng.

562 5879 641 5950 (εὶ)
693 5876 792 5932 Hic
846 5881 912 5933 de
975 5884 1123 5931 certo
1180 5874 1244 5927 ad
1301 5876 1699 5930 intueatiunem
1761 5886 1813 5927 et
1863 5888 2058 5942 preces

2166 3310 2375 3372 τάπασι
2410 3318 2467 3371 δὲ
2505 3318 2764 3388 τηνικάδε
2797 3318 2826 3371 ὅ
2849 3334 2907 3370 τε
2939 3320 2997 3370 ὲν
3044 3318 3237 3386 Αίγαῐς
3266 3317 3361 3370 τοῦ
3408 3314 3744 3385 Ἀσκληπιοῦ

2169 3408 2228 3460 ὲν
2257 3407 2451 3479 Συρίᾳ,
2504 3408 2601 3460 καὶ
2630 3409 2658 3460 ό
2688 3408 2749 3459 ὲν
2789 3406 3052 3475 Ἀφάκοις
3096 3406 3197 3475 τῆς
3240 3404 3563 3475 Ἀφροδίτης
3616 3408 3748 3473 περὶ

2165 3499 2227 3552 τὸ
2259 3498 2353 3552 τοῦ
2396 3499 2636 3554 Λιϐάνου
2666 3498 2792 3569 ὅρος
2836 3500 3122 3569 ἠφάνιστο.
3160 3499 3267 3551 Καὶ
3302 3500 3473 3568 ἄμφω
3509 3498 3567 3551 δὲ
3595 3492 3746 3550 οῦτοι

2167 3592 2425 3663 ὲπισήμω
2475 3588 2618 3664 ἦσαν
2648 3593 2744 3645 καὶ
2780 3590 3073 3663 σεϐασμίω
3129 3594 3245 3655 τοῖς
3289 3593 3481 3647 πάλαι.
3512 3586 3616 3646 Ὧν
3660 3608 3749 3661 γι-

2167 3684 2431 3755 νομένων,
2482 3670 2624 3739 κατὰ
2679 3684 2885 3738 σκοπὸν
2928 3686 3007 3756 τῷ
3069 3686 3281 3757 βασιλεί
3326 3685 3641 3758 προύχώρει
3689 3686 3750 3737 τὸ

2168 3778 2404 3847 πρᾶγμα
2431 3792 2448 3809 ⁸
2477 3778 2530 3831 οἱ
2565 3779 2665 3848 μὲν
2698 3779 2808 3849 γάρ
2841 3779 2908 3832 τὰ
2951 3781 3083 3850 πρὶν
3117 3780 3184 3834 δι’
3216 3780 3404 3844 αἰδοῦς
3433 3780 3619 3841 αὐτοῖς
3658 3780 3752 3849 ερ-

2167 3871 2412 3940 ριμμένα
2446 3873 2702 3942 ὁρῶντες,
2738 3873 2995 3943 καλάμης
3018 3890 3078 3927 τε
3106 3875 3201 3927 καὶ
3237 3872 3475 3945 φορυτοῦ
3506 3874 3746 3943 ἔμπλεα,

2167 3968 2249 4030 είς
2274 3966 2692 4037 καταφρόνησιν
2721 3961 2858 4039 ἦκον
2894 3965 3140 4027 ἐκείνων,
3177 3968 3272 4019 καὶ
3302 3969 3412 4029 τοῖς
3457 3965 3750 4036 προγόνοις

2165 4058 2270 4129 τῆς
2321 4059 2532 4129 πλάνης
2570 4058 2888 4128 ἐμέμφοντο
2911 4074 2927 4091 ο
2960 4060 3010 4110 oi
3040 4058 3095 4111 δὲ
3126 4053 3274 4128 ζήλῳ
3304 4056 3414 4112 τῶν
3460 4058 3749 4130 ἡμετέρων

2166 4149 2262 4199 καὶ
2291 4146 2390 4217 τῆς
2438 4148 2532 4200 τοῦ
2569 4147 2835 4217 βασιλέως
2864 4146 3026 4218 χάριν
3056 4150 3224 4218 τιμῆς
3269 4149 3381 4202 δεῖν
3421 4148 3653 4219 ἡγοῦντο
3676 4152 3748 4202 τά

2166 4238 2263 4291 τοῦ
2294 4239 2626 4310 κρατοῦντος
2652 4238 2760 4311 ἢθη
2784 4240 2953 4310 τιμᾷν
2980 4256 2995 4272 ο
3023 4239 3179 4294 ἄλλοι
3208 4241 3265 4292 δὲ
3299 4243 3393 4293 καὶ
3420 4241 3748 4311 θεοσημίαις

2167 4334 2332 4397 τισὶν,
2381 4331 2705 4393 ἐπισκόποις
2750 4349 2810 4384 τε
2843 4333 2939 4384 καὶ
2992 4334 3251 4402 μοναχοϊς
3298 4334 3746 4403 ἐντετυχηκότες.

2166 4424 2394 4491 ἄμεινον
2425 4422 2566 4474 εἶναι
2589 4422 2998 4491 Χριστιανίζειν
3038 4422 3288 4493 ᾑροῦντο.
3317 4422 3512 4475 Ἔνθεν
3539 4440 3620 4475 τοι
3648 4425 3747 4476 καὶ

2168 4513 2357 4566 πολλοὶ
2402 4511 2563 4582 δῆμοι
2601 4516 2695 4565 καὶ
2734 4512 2917 4575 πόλεις
2951 4514 3071 4566 ὅλαι
3100 4513 3599 4583 μετερῤυθμίζοντο
3623 4530 3639 4545 ο
3667 4514 3744 4576 ὡς

2165 4603 2231 4675 δὴ
2261 4607 2356 4659 καὶ
2387 4604 2448 4657 τὸ
2478 4604 2728 4669 Γαζαίων
2776 4604 3035 4669 ἐπίνειον,
3066 4603 3095 4656 δ
3130 4605 3428 4672 Μαιουμᾶς
3466 4605 3741 4670 καλεῖται,

2165 4696 2612 4766 δυσειδαιμονοῦν
2646 4699 2715 4749 τὰ
2748 4698 2985 4767 μάλιστα
3021 4698 3307 4768 πρότερον,
3342 4698 3540 4769 ἀθρόον
3579 4702 3743 4768 μετέ-

2167 4789 2299 4842 ϐαλε
2328 4791 2465 4860 πρὸς
2494 4791 2644 4859 ἡμᾶς
2668 4805 2684 4820 ·
2710 4789 2738 4842 ὃ
2766 4789 2859 4843 καὶ
2889 4788 2988 4857 τῆς
3015 4790 3219 4859 ἁθρόας
3249 4793 3552 4861 μεταϐολῆς
3581 4794 3743 4860 ἀμει-

2167 4883 2422 4952 ϐόμενος,
2457 4883 2660 4950 πολλῆς
2688 4881 2846 4952 ἠξίου
2894 4883 3060 4952 τιμῆς
3080 4897 3095 4912 ⁸
3122 4885 3213 4935 καὶ
3241 4884 3393 4936 πόλιν
3440 4879 3580 4936 εἶναι
3613 4885 3743 4955 ἐκή-

2170 4989 2355 5042 ρυττε,
2395 4972 2786 5025 Κωνσταντίαν
2819 4970 3230 5038 κατονομάζων.
3266 4972 3348 5023 ἐν),
3389 4971 3501 5022 τῶν
3531 4972 3740 5024 παίδων

2164 5066 2256 5118 τὸν
2288 5065 2465 5136 χῶρον
2509 5064 2687 5132 τιμῶν
2713 5067 2779 5133 τῇ
2818 5064 3107 5135 θρησκείᾳ.
3157 5063 3268 5135 Τὴν
3311 5065 3435 5132 ῐσην
3473 5064 3518 5116 δ’
3551 5064 3739 5135 εἴληχε

2165 5158 2319 5221 τάξιν
2345 5158 2441 5211 καὶ
2474 5160 2507 5228 η
2533 5156 2685 5226 παρὰ
2710 5156 2911 5218 Φοίνιξι
2941 5158 3327 5209 Κωνσταντίνα
3356 5158 3737 5224 ἑπικληθείσα.

2166 5245 2256 5300 διά
2296 5250 2355 5301 τὸ
2384 5248 2550 5311 σέϐας
2582 5249 2681 5317 τὴν
2714 5247 2812 5299 τοῦ
2844 5246 3105 5316 βασιλέως
3132 5245 3566 5317 ἐπιγραψαμένη
3592 5250 3739 5301 ἐπω-

2167 5341 2387 5411 νυμίαν.
2423 5340 2621 5392 ῐιολλαὶ
2654 5340 2711 5392 δὲ
2742 5340 2837 5393 καὶ
2867 5339 3023 5394 ἄλλαι
3057 5339 3165 5391 τῶν
3203 5339 3404 5392 πόλεων
3436 5340 3737 5407 αὐτόματοι

2170 5436 2306 5507 πρὸς
2333 5434 2394 5486 τὸ
2433 5434 2762 5503 θρησκεύειν
2811 5432 3107 5501 ἠπείγοντο
3142 5438 3208 5483 τὰ
3244 5433 3489 5500 ἡμέτερα
3513 5449 3528 5465 ·
3580 5431 3734 5484 ἑκόν-

2164 5590 2427 5660 quasdam
2462 5606 2529 5643 ex
2564 5604 2779 5642 summo
2831 5588 3271 5642 Libani'montis
3314 5589 3446 5655 jugo
3490 5591 3738 5645 errricans

2166 5663 2328 5729 ignis,
2366 5661 2593 5728 perinde
2632 5671 2796 5728 atque
2847 5660 3001 5712 stella
3046 5660 3097 5710 in
3143 5660 3605 5729 vicinoitlumine,
3643 5661 3735 5727 qui

2167 5728 2369 5785 Adonis
2426 5740 2673 5788 vocatur,
2731 5729 3188 5797 submergebatur
3239 5744 3252 5778 :
3313 5728 3574 5781 Venerem
3622 5747 3734 5784 cev-

2165 5801 2359 5855 lcstcnt
2400 5800 2547 5853 Cives
2598 5813 2719 5853 esse
2746 5797 2957 5851 dixere.
2994 5799 3237 5867 (Soloni.
3273 5797 3371 5850 lib.
3409 5813 3467 5863 ιι,
3502 5816 3615 5868 υίιίι.
3655 5800 3733 5868 5.)

2239 5869 2312 5939 (5)
2339 5869 2397 5922 C.
2438 5870 2508 5923 lib
2568 5884 2624 5930 ιι,
2657 5870 2738 5922 lit.
2776 5868 2860 5922 45.
