4062 6634
305 501 412 566 125
1211 498 1809 560 ECCLESIASTlC/E
1850 500 1898 560 II

2001 498 2241 561 FORI/E
2280 500 2427 579 1,113.
2471 501 2637 566 vm.
3460 488 3559 554 126

298 633 401 682 τες
426 635 490 672 τε
527 618 598 673 τά
641 615 809 683 ξόανα
858 613 951 667 καὶ
996 612 1061 666 τὰ
1114 613 1248 682 παρ’
1296 614 1482 679 αὐτοῖς
1515 612 1888 685 κατέστρεφον

2001 614 2143 668 bant.
2207 613 2678 681 Quemadmodum
2742 611 3059 667 Gaworum
3128 609 3341 673 navale.
3408 611 3556 678 quod

308 712 472 775 ιερὰ,
502 711 600 764 καὶ
636 709 719 770 είς
751 705 1050 776 ἐκκλησίας
1076 705 1211 758 Θεοῦ
1240 704 1700 776 μετερρύθμιζον.
1733 705 1891 759 Οὕτω

2001 707 2237 777 Majoma
2267 707 2473 761 dictum
2501 714 2657 769 erat,
2700 704 3045 779 maximeque
3079 703 3311 758 antehae
3351 701 3557 756 damo-

300 803 362 853 δὲ
396 802 501 864 τῆς
546 798 874 869 Ἐκκλησίας
922 796 1289 866 ὲπιδιδούσης,
1329 798 1513 851 πᾶσαν
1551 796 1888 867 διελάμϐανε

2001 817 2134 855 num
2163 798 2332 855 cultui
2365 799 2644 854 addictum
2680 798 2884 859 fuerat.
2914 805 3088 852 totum
3120 811 3180 851 se
3201 795 3269 850 ad
3300 810 3400 850 nos
3426 809 3561 850 eon-

305 894 414 962 τὴν
448 895 778 962 οἰκουμένην
828 891 925 945 καὶ
963 890 1051 943 διὰ
1098 890 1206 942 τῶν
1239 889 1537 960 βαρϐάρων
1573 889 1827 959 χωροῦσα
1857 892 1890 960 ἡ

2003 895 2149 948 tulit.
2177 893 2350 963 Cujus
2392 902 2452 948 ut
2473 906 2817 945 communem
2840 898 2898 945 et
2925 889 3240 944 universam
3270 889 3559 944 transitio-

307 984 521 1045 πίστις.
558 984 632 1036 Ού
659 983 767 1052 γάρ
801 999 882 1034 τοι
916 981 983 1033 τὰ
1016 981 1145 1050 περὶ
1171 980 1263 1032 τὸν
1286 980 1533 1048 ποταμὸν
1576 978 1766 1049 Ῥῆνον
1795 980 1894 1050 μό-

2001 1003 2125 1043 nem
2155 995 2623 1047 remuneraretur,
2664 997 2919 1052 magnum
2946 981 3024 1036 illi
3052 980 3243 1035 habuit
3269 980 3557 1034 honorem.

306 1092 407 1125 νον
432 1077 499 1128 τά
530 1075 876 1141 Χρ·στιανῶν
899 1070 1229 1144 ἠσπάζοντο.
1256 1071 1391 1126 me
1421 1073 1512 1125 ml.
1538 1072 1773 1126 Γαλάται
1800 1074 1893 1125 καὶ

309 1168 537 1231 Κελτοὶ,
577 1168 627 1219 οἳ
674 1168 975 1219 τελευταῖοι
1014 1166 1107 1219 τὸν
1150 1165 1408 1219 Ὠκεανὸν
1457 1165 1848 1234 προσοικοῦσιν
1875 1183 1889 1197 ο

309 1258 379 1310 οὐ
414 1261 525 1328 μὴν
556 1258 613 1311 δὲ
659 1258 797 1312 ἀλλὰ
827 1259 922 1311 καὶ
968 1258 1159 1310 Γότθοι
1200 1261 1299 1310 καὶ
1329 1258 1430 1311 ὅσα
1469 1258 1648 1328 ὅμορα
1680 1257 1892 1319 τούτοις

308 1351 464 1419 ἀμφὶ
491 1350 584 1404 τὸν
628 1352 841 1422 Ἵστρον
871 1350 1071 1422 ᾤκουν,
1103 1352 1166 1404 ού
1199 1351 1367 1402 πάλαι
1399 1351 1500 1419 τὴν
1541 1352 1620 1413 είς
1651 1353 1891 1417 Χριστὸν

307 1440 611 1509 δεξάμενοι
644 1443 847 1505 πίστιν,
882 1442 943 1507 ἐξ
973 1443 1170 1511 ἀγρίου
1217 1444 1431 1511 διαίτης
1477 1445 1614 1512 πρὸς
1650 1444 1710 1496 τὸ
1743 1444 1894 1510 λογι-

308 1533 419 1586 κόν
453 1551 513 1587 τε
548 1536 643 1588 καὶ
687 1535 905 1606 ἥμερον
933 1534 1366 1607 μεθηρμόζοντο.
1417 1535 1506 1598 Ὠς
1545 1535 1601 1588 δὲ
1628 1535 1786 1602 λόγος
1819 1537 1896 1587 εί-

310 1628 468 1694 πεῐν,
517 1627 820 1698 βαρϐάροις
871 1628 1045 1682 ἅπασι
1103 1629 1373 1700 πρόφασις
1425 1630 1522 1699 μία
1567 1631 1784 1696 ἐγένετο
1822 1632 1893 1684 τά

309 1721 669 1791 Χριστιανῶν
706 1721 949 1787 ἑλέσθαι,
983 1723 1034 1775 οί
1069 1724 1275 1793 μεταξὺ
1321 1722 1607 1792 Ῥωμαίων
1652 1722 1747 1776 καὶ
1795 1722 1892 1776 ἀλ-

309 1812 574 1880 λοφύλων
628 1815 914 1882 γενόμενοι
966 1814 1199 1883 πόλεμοι
1247 1814 1341 1868 ἐπί
1380 1832 1441 1868 τε
1490 1816 1590 1883 τῆς
1626 1815 1892 1886 Γαλιήνου

321 1904 635 1973 βασιλείας,
664 1906 758 1959 καὶ
790 1905 1025 1975 καθεξῆς
1048 1921 1063 1936 ⁸
1098 1905 1300 1974 πλῆθος
1322 1907 1433 1977 γὰρ
1457 1905 1770 1976 σύμμικτον
1797 1907 1895 1976 τὴν

318 1994 406 2048 ἒω
442 1996 769 2065 περαιωθὲν,
822 2001 898 2067 «τὰ
953 2000 1142 2070 ἐκείνῃ
1182 1998 1559 2068 κατέδραμον’
1608 1999 1704 2051 καὶ
1741 1997 1893 2053 ἄλλοι

317 2089 541 2157 ἀλλαχῆ
589 2089 703 2143 τῶν
750 2089 1047 2161 βαρϐάρων
1093 2090 1292 2144 ταυτὸν
1353 2091 1730 2162 εἰργασμένοι,
1783 2093 1894 2153 τοῖς

316 2180 652 2252 ἁγχιθύροις
691 2182 985 2255 Ῥωμαίοις
1012 2184 1345 2253 ἐπέστησαν.
1371 2182 1539 2239 Λείαν
1580 2183 1638 2237 δὲ
1667 2199 1901 2254 πεποιη-

321 2277 482 2343 μένοι
518 2275 803 2346 πλείστην.
849 2277 1081 2341 πολλοὺς
1110 2279 1206 2332 καὶ
1231 2280 1342 2332 τῶν
1374 2279 1572 2349 ίερέων
1612 2277 1897 2351 αἰχμαλώ-

317 2383 455 2429 τους
513 2368 820 2437 ἠγάγοντο·
852 2363 927 2422 ῶν
997 2369 1245 2439 ἰωμένων
1291 2374 1390 2434 τὰς
1451 2373 1510 2424 ὲν
1559 2373 1672 2436 τοῖς
1721 2371 1896 2425 ἔθνεσι

318 2458 541 2523 νόσους,
598 2460 693 2513 καὶ
739 2452 1006 2528 δαίμονας
1066 2461 1425 2528 ἐλαυνόντων,
1486 2464 1553 2534 τῇ
1612 2462 1897 2534 ἐπικλήσει

320 2552 472 2623 μόνῃ
518 2552 782 2624 Χριστοῦ,
838 2553 1021 2624 βιοτήν
1057 2572 1119 2607 τε
1177 2556 1470 2624 φιλόσοφον
1526 2559 1623 2610 καὶ
1666 2557 1898 2628 ἄμωμον

317 2643 814 2712 ἐπιδεικνυμένων,
856 2646 909 2696 οί
961 2646 1104 2699 κατὰ
1148 2647 1333 2717 χώρας
1378 2647 1669 2719 βάρϐαροι,
1696 2649 1798 2718 τῆς
1836 2664 1898 2703 τε

326 2735 538 2804 ἀρετῆς
567 2737 661 2789 καὶ
693 2736 804 2790 τῶν
831 2739 1153 2808 παραδόξων
1179 2738 1358 2808 ἔργων
1383 2724 1509 2802 τοὺς
1541 2740 1743 2811 ἄνδρας
1769 2744 1897 2796 θαυο

327 2826 628 2893 μάσαντες,
670 2831 912 2883 συνεῖδον
942 2830 1004 2883 τὸ
1051 2829 1200 2883 δέονο
1243 2830 1340 2883 καὶ
1373 2829 1507 2884 Θεὸν
1543 2832 1897 2903 ίλεωσάμενοι

321 2916 402 2970 δι’
432 2918 635 2985 αὐτῶν,
664 2921 729 2972 τὸ
759 2923 1005 2990 κρεῖττον
1039 2920 1248 2975 εἴλοντο
1280 2921 1623 2991 θεραπεύειν.
1658 2922 1762 2975 Καὶ
1783 2924 1898 2993 δῆτ’

321 3010 561 3075 ἐκείνοις
588 3014 649 3065 τὸ
680 3014 956 3083 πρακτέον
993 3016 1411 3085 είσηγουμένοις
1446 3016 1726 3070 ἐπείθοντο
1750 3033 1765 3048 ο
1803 3015 1902 3084 βα·

324 3099 654 3170 πτιζόμενοί
697 3121 780 3168 τε,
828 3104 928 3176 τὴν
987 3108 1262 3177 ἀκραιφνῆ
1317 3108 1671 3162 διδασκαλίαν
1719 3111 1900 3180 ἠσπά-

322 3191 506 3258 ζοντο,
530 3195 626 3248 καὶ
648 3194 797 3258 τέλος
826 3196 1126 3266 έκκλησίας
1155 3198 1559 3268 ἀνῳκοδόμουν.

1998 1081 2201 1137 Urbem
2252 1080 2407 1134 enim
2457 1069 2583 1133 esse
2630 1074 3031 1146 promulgavit,-
3071 1072 3561 1141 Constantiamque

2000 1171 2453 1240 cognominavit,
2513 1177 2738 1239 propter
2789 1166 3150 1235 religionem,
3201 1164 3382 1219 locum
3430 1178 3558 1218 eum

2000 1266 2166 1318 unius
2211 1279 2277 1316 ex
2324 1262 2516 1316 liberis
2559 1260 2675 1315 suis
2718 1259 2940 1313 nomine
2974 1257 3366 1312 cohonestans.
3413 1253 3561 1310 Idem

1995 1363 2298 1410 consecuta
2333 1364 2418 1409 est
2442 1369 2565 1423 quae
2592 1350 2738 1421 apud
2766 1351 3056 1405 Phoenices
3084 1348 3446 1403 Constantina
3478 1353 3565 1401 est

1997 1459 2187 1503 Vocata
2232 1467 2249 1502 :
2302 1461 2424 1501 nam
2484 1445 2733 1500 eamdem
2794 1443 2867 1498 ob
2931 1456 3151 1497 causam
3211 1438 3564 1508 imperatoris

1996 1543 2174 1611 ipsius
2220 1540 2270 1595 ei
2321 1541 2555 1594 inditum
2600 1548 2685 1593 est
2731 1551 2954 1592 nomen.
3008 1535 3189 1589 Multae
3233 1546 3456 1603 quoque
3506 1540 3564 1586 et

1996 1638 2115 1691 aliae
2166 1635 2329 1690 urbes
2377 1648 2475 1687 sua
2519 1640 2716 1701 sponte
2766 1631 2833 1683 ad
2885 1644 3039 1684 sacra
3091 1637 3278 1682 nostra
3330 1623 3562 1680 colenda

1996 1736 2130 1784 sunt
2155 1729 2427 1789 adductae,
2451 1739 2575 1795 qua:
2605 1732 2661 1777 et
2688 1721 2982 1778 simulacra
3010 1735 3108 1775 sua
3141 1719 3378 1774 libentes
3404 1732 3566 1771 ever-

1999 1829 2221 1883 terunt,
2264 1829 2320 1874 et
2362 1817 2564 1887 templa
2598 1816 2653 1870 in
2692 1810 2959 1870 ecclesias
3001 1812 3092 1867 Dei
3127 1817 3562 1866 commutarunt.

1999 1912 2224 1967 Talibus
2255 1910 2616 1967 incrementis
2643 1924 2770 1964 cum
2810 1906 3054 1962 Ecclesia
3086 1913 3403 1975 augeretur,
3439 1915 3565 1971 pro-

1999 2003 2168 2060 fessio
2191 2003 2315 2059 fidei
2341 2003 2506 2058 etiam
2540 2017 2639 2071 per
2666 2001 2929 2056 barbaras
2964 2000 3216 2053 nationes
3242 2011 3566 2061 peragrans.

1998 2111 2220 2151 omnem
2248 2094 2536 2166 occupavit
2557 2094 2770 2149 orbem.
2801 2095 2923 2147 Non
2956 2103 3167 2147 tantum
3193 2092 3340 2145 enim
3370 2092 3464 2161 qni
3496 2091 3565 2146 ad

1999 2204 2219 2245 amnem
2255 2186 2508 2245 Rhenum
2541 2198 2674 2245 sunt
2704 2190 2912 2259 populi,
2941 2188 3310 2242 Christianam
3344 2189 3564 2259 religio-

1999 2296 2124 2337 nem
2167 2290 2564 2350 susceperunt,
2602 2281 2697 2337 sed
2742 2281 2907 2335 etiam
2950 2280 3089 2336 Galli
3128 2289 3184 2335 et
3223 2280 3424 2342 Celtm,
3472 2281 3565 2349 qui

2000 2364 2209 2430 ultimi-
2234 2374 2304 2430 ad
2350 2372 2628 2429 Oceanum
2678 2374 2965 2438 habitant;
3009 2372 3199 2429 Gotthi
3245 2388 3465 2442 quoque
3512 2382 3570 2426 et

2003 2468 2250 2523 finitima:
2281 2468 2363 2524 eis
2392 2466 2768 2533 nationes,ad
2799 2466 3000 2522 Istrum
3040 2470 3309 2531 colentes,
3342 2483 3449 2520 non
3491 2466 3565 2520 ita

2000 2559 2213 2628 pridem
2268 2558 2433 2615 fidem
2493 2559 2547 2613 in
2611 2559 2889 2613 Christum
2947 2558 3279 2627 complexa),
3336 2570 3402 2610 ex
3454 2557 3566 2610 vita

1999 2651 2200 2718 agresti
2264 2649 2333 2705 ad
2389 2651 2786 2705 humanitatem
2845 2661 2901 2705 et
2964 2648 3445 2717 mansuetudinem
3507 2662 3568 2704 se

1999 2751 2451 2811 composuerunt.
2502 2745 2680 2811 Atque
2728 2752 2789 2797 ut
2825 2758 3013 2796 verum
3059 2742 3264 2803 dicam,
3306 2741 3570 2795 Barbarie

1999 2836 2279 2901 omnibus,
2309 2845 2369 2889 ut
2393 2833 2876 2891 Christianismum
2900 2835 3428 2904 complecterentur,
3459 2847 3568 2887 una

2000 2928 2222 2981 occasio
2263 2926 2410 2981 fuit:
2460 2926 2606 2980 inter
2650 2927 2929 2980 Ilomanos
2968 2936 3025 2980 et
3071 2932 3290 2979 exteros
3332 2924 3571 2994 populos

2000 3017 2207 3072 bellum
2251 3018 2492 3073 subinde
2527 3027 2741 3087 gestum
2766 3057 2781 3082 ,
2820 3015 2929 3071 sub
2971 3015 3188 3071 Galieni
3235 3015 3470 3084 imperio
3512 3023 3571 3068 et

2000 3110 2289 3181 deinceps.
2333 3110 2634 3166 Multitudo
2679 3111 2954 3180 siquidem
2999 3109 3157 3164 varia
3198 3108 3463 3179 permista
3509 3108 3568 3162 in

1999 3202 2284 3259 Orientem
2343 3204 2653 3267 transiens,
2702 3216 2822 3256 eam
2877 3200 3032 3255 orbis
3082 3210 3293 3270 partem
3356 3198 3569 3269 praeda-

318 3283 513 3341 bunda
540 3289 1090 3359 peragravit:atque
1116 3290 1211 3346 alii
1239 3290 1464 3346 aliunde
1527 3291 1750 3348 Barbari
1819 3293 1964 3349 idem
2004 3294 2317 3362 facientes,
2379 3297 2436 3351 iu
2499 3295 2767 3352 finitimos
2822 3303 3191 3350 excurrerant
3250 3294 3567 3347 Romanos:

316 3380 489 3453 604
518 3392 685 3452 atque
711 3385 786 3438 ibi
815 3386 1104 3456 plurimam
1139 3387 1381 3456 praedam
1406 3398 1657 3458 agentes,
1722 3390 1927 3445 multos
1962 3405 2187 3463 quoque
2219 3407 2288 3447 ex
2321 3393 2708 3448 sacerdotibus
2737 3394 2988 3460 captivos
3050 3390 3429 3443 abduxerunt.
3465 3384 3570 3451 Qui

322 3472 473 3542 apud
508 3488 603 3528 cas
635 3474 911 3540 nationes,
947 3489 1075 3529 cum
1102 3476 1329 3531 morbos
1367 3485 1656 3541 curarent,
1720 3477 2110 3551 daemonesque
2177 3483 2296 3537 sola
2323 3482 2533 3543 Christi
2600 3482 2948 3541 invocatione
2974 3482 3281 3550 exigerent,
3345 3486 3403 3531 et
3433 3476 3573 3531 inte-

323 3580 462 3636 gros
505 3581 737 3636 prorsus
770 3573 936 3634 atque
974 3565 1499 3635 irreprehensihiles
1541 3569 1669 3624 vita:
1707 3586 1891 3627 mores
1928 3572 2280 3640 exhiberem,
2321 3574 2550 3630 Barbari
2619 3576 2819 3647 passim
2857 3577 3003 3629 viros
3027 3589 3124 3629 eos
3162 3580 3389 3642 pr0pter
3452 3569 3569 3622 vir-

326 3669 501 3712 tutem
564 3668 620 3712 et
679 3656 1004 3712 admiranda
1065 3672 1235 3727 opera
1288 3660 1647 3715 veneratione
1704 3672 2140 3733 prosequentes,
2214 3665 2348 3734 quid
2420 3681 2517 3722 eos
2560 3666 2742 3723 facere
2784 3668 3044 3730 deceret,
3115 3666 3184 3719 ab
3217 3664 3300 3718 eis
3365 3678 3570 3730 cogno-

324 3762 572 3806 verunt:
624 3752 848 3821 Deoque
897 3768 998 3822 per
1042 3752 1169 3808 illos
1212 3754 1510 3809 conciliato
1579 3758 1683 3827 (l),
1735 3759 1947 3813 cultum
2015 3760 2271 3817 Numinis
2321 3763 2607 3819 meliorem
2687 3764 2895 3828 secuti,
2940 3763 3322 3832 sinceramque
3365 3744 3591 3818 doctri-I

324 3864 454 3904 nam
486 3849 761 3920 complexi
797 3860 949 3916 sunt,
979 3864 1043 3904 ac
1075 3859 1357 3921 postremo
1389 3854 1656 3910 ecclesias
1681 3871 1904 3927 quoque
1943 3866 2403 3916 construxerunt.

916 3983 1172 4042 ΚΕΦΑΛ.
1202 3987 1320 4043 AA’.

326 4078 466 4154 Περὶ
491 4075 614 4132 τῶν
646 4076 919 4147 Ἰϐήρων,
971 4078 1132 4143 ὅπως
1170 4080 1259 4145 εις
1284 4079 1401 4147 τὴν
1426 4079 1657 4148 εὐσεϐῆ
1690 4080 1902 4136 πίστιν

865 4170 1372 4241 ἐφωδηγήθησαν.

410 4309 619 4380 Ὠσπερ
647 4309 705 4363 δὲ
745 4310 838 4365 καὶ
873 4310 1093 4381 Ἴϐηρες
1113 4327 1129 4342 ο
1161 4311 1313 4376 ιέθνος
1344 4312 1401 4365 δὲ
1429 4315 1579 4367 τουτὶ
1625 4313 1904 4385 βάρϐαρόν

327 4421 388 4457 τε
417 4407 516 4460 καὶ
540 4401 952 4474 μαχιμώτατον,
974 4405 1041 4457 τά
1069 4404 1420 4474 Χριστιανῶν
1452 4408 1898 4477 κατησπάσαντο,

330 4497 749 4551 Κωνοταντίνου
791 4495 891 4567 τὴν
931 4480 1647 4567 αὐτοκράτοραῬωμαίοις
1691 4500 1906 4552 διέπον-

330 4608 446 4656 τος.
473 4591 632 4648 Olus!
656 4590 714 4644 δὲ
763 4591 826 4644 τὺ
854 4590 1010 4652 ἔθνος
1039 4590 1199 4645 τοῦτο
1232 4591 1302 4643 τά
1345 4590 1597 4661 ὲνδότερα
1638 4592 1739 4661 τῆς
1781 4592 1906 4662 ’Δρ-

338 4686 531 4753 μενίας
576 4684 718 4755 πρὸς
760 4684 997 4753 ’Ἄρκτον
1040 4683 1138 4736 καὶ
1166 4683 1305 4752 πρὸς
1350 4684 1442 4736 τὸν
1484 4680 1734 4750 Εῠξεινον
1757 4687 1901 4739 άπο-

335 4776 567 4829 νεύοντα
631 4776 834 4837 τόπον,
885 4778 1108 4833 ἄποικοι
1164 4774 1321 4838 ὅντες
1371 4774 1480 4828 τῶν
1537 4778 1597 4828 ἐν
1657 4774 1906 4845 Ὶσπανίᾳ

300 4867 598 4938 ’Ἰϐήρων.
638 4868 920 4936 Ἦγήσατο
961 4867 1017 4924 δὲ
1051 4866 1154 4936 τῆς
1206 4866 1505 4939 θρησκείας
1555 4868 1738 4931 αὐτοῖς
1767 4868 1902 4937 γυνή

330 4976 411 5021 τις
461 4958 848 5029 αἰχμάλωτος·
885 4958 920 5030 ἢ
970 4961 1038 5013 τά
1068 4975 1128 5011 τε
1158 4957 1296 5014 ἄλλα
1339 4958 1435 5011 καὶ
1470 4956 1705 5028 σώφρων
1745 4953 1903 5022 οὖσα,

331 5049 439 5101 οὔδ’
485 5050 545 5102 ὲν
600 5050 953 5119 αἰχμαλωσίᾳ
1013 5044 1303 5116 καθυφῆκέ
1344 5063 1397 5100 τι
1452 5049 1553 5115 τῆς
1606 5046 1903 5115 φιλοσόφου

332 5142 560 5210 διαίτης,
593 5145 690 5194 καὶ
733 5140 832 5209 τῆς
871 5138 1161 5200 θεοσεϐοῦς
1192 5138 1487 5200 πολιτείας.
1516 5136 1753 5208 Νύκτωρ
1794 5136 1906 5208 γάρ

336 5236 429 5286 καὶ
465 5231 588 5303 μεθ’
617 5231 833 5300 ἡμέραν
864 5229 1067 5300 πολλήν
1097 5246 1220 5283 τινα
1255 5228 1491 5299 ἄσκησιν
1525 5229 1902 5282 ἐπεδείκνυτο·

1924 3976 1971 4039 C

2531 3994 2757 4053 CAPUT
2802 3994 3044 4053 XXXIV.

2004 4088 2079 4145 De
2103 4087 2285 4154 lberis,
2312 4087 2676 4181 utiiaipiam
2702 4089 3019 4145 Christiana:
3042 4087 3168 4157 ﬁdei
3198 4086 3573 4160 professionem

2597 4183 2705 4236 sint
2742 4183 2975 4238 adducti.

2078 4319 2254 4374 Sicuti
2302 4325 2357 4373 et
2402 4316 2543 4372 Iberi
2591 4317 2695 4387 (2),
2751 4329 2882 4385 gens
2924 4312 3155 4369 barbara
3186 4320 3242 4367 et
3294 4311 3572 4374 bellicosa,

2006 4410 2302 4467 Christiani
2339 4410 2463 4465 facti
2495 4418 2643 4472 sunt,
2682 4407 3045 4463 Constantino
3069 4406 3372 4459 Romanum
3403 4403 3577 4472 impe-

2006 4504 2147 4555 rium
2185 4502 2624 4556 administrante.
2680 4496 2901 4552 Habitat
2941 4507 3121 4551 autem
3153 4496 3269 4549 hanc
3295 4493 3446 4547 natio
3490 4492 3576 4546 in-

2007 4595 2211 4648 teriore
2238 4594 2507 4647 Armeniae
2538 4601 2715 4662 parte,
2768 4596 2834 4644 ad
2867 4586 3296 4658 septentrionem
3325 4595 3380 4640 et
3410 4583 3576 4639 Euxi-

2005 4701 2137 4740 num
2174 4700 2383 4740 versus.
2440 4685 2582 4737 Sunt
2626 4691 2809 4737 autem
2864 4680 3147 4736 Iberorum
3204 4679 3262 4731 in
3314 4675 3575 4746 Ilispauia

2006 4756 2454 4831 eolonifPraaiit
2510 4772 2593 4828 eis
2641 4773 2697 4828 in
2759 4771 3022 4841 religione
3085 4767 3314 4825 colenda
3358 4766 3574 4835 captiva

2006 4867 2256 4938 quaedam
2316 4869 2558 4922 mulier:
2621 4881 2743 4935 quae
2770 4880 2895 4920 cum
2940 4864 3074 4918 alias
3118 4876 3334 4931 semper
3379 4857 3578 4929 pudice

2006 4971 2267 5031 casteque
2305 4960 2537 5023 vixerat,
2604 4967 2717 5012 tum
2776 4959 2986 5027 captiva
3051 4968 3270 5024 quoque
3323 4951 3458 5005 nihil
3509 4949 3577 5003 de

2007 5055 2209 5124 pietate
2263 5052 2649 5118 sanctioreque
2702 5048 2953 5102 instituto
2994 5047 3241 5101 remisit;
3274 5044 3409 5098 Nam
3478 5041 3576 5097 diu

2009 5155 2283 5216 noctuque
2300 5144 2520 5215 pietatis
2540 5142 2800 5198 exercitia
2827 5139 3145 5203 exhibebat,
3161 5136 3382 5208 jejuniis
3400 5136 3579 5205 pluri-

2008 5251 2157 5290 mum
2185 5236 2435 5300 vacabat,
2456 5234 2819 5301 continueque
2849 5228 3575 5300 precationibusinsistebat.

339 5326 527 5397 paeda
560 5342 622 5377 τε
661 5324 857 5394 συνέζη
894 5322 1137 5393 νηστείᾳ,
1175 5322 1271 5375 καὶ
1309 5321 1585 5384 συντόνοις
1636 5321 1898 5391 ἐκέχρητο

2011 5325 2199 5396 Itaque
2231 5326 2451 5380 Barbari
2481 5340 2624 5378 novo
2650 5324 2773 5376 vitae
2806 5321 3058 5375 instituto
3088 5320 3225 5386 viso,
3255 5334 3377 5373 eam
3406 5319 3610 5373 adrui--

339 5418 688 5486 προσευχαῖς.
736 5416 800 5468 Ol
847 5415 905 5468 δὲ
940 5413 1209 5484 βάρϐαροι
1249 5414 1313 5465 τὸ
1368 5412 1519 5476 ξένον
1546 5413 1643 5483 τῆς
1690 5415 1906 5484 διαίτης

2014 5412 2148 5480 rat'i,
2169 5424 2226 5470 et
2244 5430 2478 5484 quanam
2499 5414 2566 5467 de
2594 5428 2753 5465 causa
2774 5412 2878 5464 hoc
2903 5410 2981 5464 sic
2998 5411 3222 5475 faceret,
3242 5411 3576 5480 percontari.

338 5509 574 5577 ὁρῶντες
598 5505 911 5576 ἐθαύμαζον
933 5507 1004 5559 τά
1047 5506 1417 5575 πραττόμενα.
1441 5506 1535 5557 καὶ
1574 5502 1701 5556 ὅτου
1741 5507 1898 5574 χάριν

2010 5507 2106 5561 Illa
2145 5521 2312 5576 porro
2361 5505 2593 5560 candide
2632 5512 2687 5557 et
2713 5500 3035 5572 simpliciter
3069 5499 3145 5571 (3)
3188 5502 3269 5557 sic
3297 5501 3578 5557 Christum

340 5598 544 5652 τοιαῦθ’
564 5599 807 5669 αἱρεῖται
837 5597 1275 5652 διεπυνθάνοντο.
1306 5595 1373 5648 Ἦ
1394 5595 1441 5650 δ’
1473 5594 1687 5664 ἀφελῶς
1704 5597 1898 5650 οὑτωσὶ

2013 5599 2212 5654 Filiqu
2244 5598 2337 5652 Dei
2372 5598 2474 5652 coli
2507 5604 2760 5665 oportere
2786 5635 2800 5659 ,
2829 5593 3067 5648 dicebat.
3097 5593 3237 5648 Tum
3269 5593 3499 5647 Barbari
3522 5601 3582 5648 et

338 5694 428 5747 aut
453 5692 641 5754 ἁπλῶς
666 5691 812 5744 οὔτω
834 5690 1032 5760 χρῆναι
1057 5689 1236 5743 σέϐειν
1260 5689 1498 5759 Χριστὸν
1528 5689 1619 5742 τὸν
1648 5689 1743 5743 τοῦ
1768 5690 1898 5743 Θεοῦ

2010 5692 2232 5747 nomine
2276 5700 2331 5743 et
2362 5688 2627 5759 religione
2655 5686 2774 5757 ejus
2806 5685 2900 5756 qui
2936 5686 3016 5743 sic
3052 5688 3327 5742 coleretur
3367 5683 3578 5751 audito,

404 5846 480 5916 (l)
513 5847 729 5903 Socrat.
760 5847 856 5901 lib.
889 5864 928 5907 ι.
959 5862 1081 5915 cap.
1110 5846 1200 5900 20.

412 5846 480 5916 II)
513 5847 729 5903 Socrat.
760 5847 856 5901 lib.
889 5864 928 5907 ι.
959 5862 1081 5915 cap.
1110 5846 1200 5900 20.

412 5920 487 5987 (2)
527 5920 598 5971 Dc
628 5918 879 5973 lel‘lbUS
908 5917 1047 5972 Plin.
1068 5917 1166 5972 lib.
1189 5934 1261 5985 γι,
1292 5932 1412 5983 cap.
1442 5916 1471 5970 ι
1499 5927 1552 5972 et
1586 5915 1666 5971 l0.

2082 5848 2161 5921 (5)
2202 5847 2420 5904 Solum.
2455 5845 2548 5900 lib.
2583 5862 2641 5911 ιι,
2669 5860 2786 5915 cap.
2821 5846 2854 5900 6
2884 5855 2939 5903 et
2972 5854 3222 5914 sequent.
