4062 6542
203 324 292 389 12]

1076 322 1676 383 ΕεαιΕδιΑδτιοΑῑ
1716 322 2103 384 HISTORLE
2144 324 2287 387 LIB.
2336 320 2498 386 VIII.

3341 317 3442 387 130

198 440 310 493 νοῦν
340 436 676 507 βαλλομένῳ,
709 436 771 490 τδ
805 435 905 506 μὲν
940 436 1130 501 σκότος
1161 436 1327 499 εὐθὺς
1360 436 1547 489 ἐλύετο
1573 450 1587 465 ⁸
1620 436 1757 506 λαμ-

1860 433 2035 502 caligo
2061 434 2242 489 statim
2274 416 2529 497 solviiur,
2562 438 2615 487 et
2650 430 2924 487 serenitas
2951 432 3128 507 inuida
3172 429 3342 487 radiis
3384 432 3442 486 in

200 531 302 602 τρὶ
332 530 376 583 δ’
414 530 604 601 αίθρία
634 529 949 600 μετέϐαλλε,
982 529 1087 599 τῆς
1118 530 1337 592 ἀκτῖνος
1381 528 1757 600 προσόαλλού-

204 641 288 690 an;
328 624 391 691 τῇ
422 620 547 692 ὐλῃ.
602 621 705 675 Καὶ
739 622 948 692 χαίρων
979 622 1077 675 ἐπὶ
1124 621 1217 675 τδν
1252 617 1401 675 οἷκον
1452 620 1646 683 ἐλθὼν,
1690 622 1756 690 τῇ

203 713 411 782 γυναικὶ
436 714 499 765 τὸ
535 714 756 782 συμϐὰν
784 714 957 782 ἡδέως
991 714 1275 779 κατέλεγε.
1319 714 1426 767 Καὶ
1468 714 1669 767 αὐτίκα
1698 712 1759 766 τὸ

206 806 408 870 γύναιον
444 804 864 874 μετεστέλλετο·
899 804 993 858 καὶ
1022 805 1145 859 τίνα
1191 808 1393 878 τρόπον
1431 804 1761 876 θρησκεύειν

204 895 517 964 (θερμότερον
548 894 667 965 ᾔτει
699 896 1067 953 διδάσκεσθαι.
1105 896 1219 967 Τῆς
1247 895 1296 949 δ’
1334 899 1757 966 είσηγουμένης,

203 989 293 1040 ὅσα
320 1004 376 1053 γε
410 983 476 1047 ἦν
525 987 673 1050 είκδς
707 988 909 1057 λέγειν,
961 990 1087 1052 τούς
1138 988 1231 1042 ὑπ’
1261 990 1426 1043 αὐτλν
1474 988 1760 1058 ἁθροίσας,

205 1082 285 1132 ἐπὶ
339 1077 519 1131 κοινοῦ
571 1079 651 1149 τῷ
708 1080 905 1149 πλήθει
953 1080 1319 1153 δημηγορῶν.
1369 1081 1470 1143 τὰς
1525 1081 1612 1134 διὰ
1656 1079 1760 1147 τῆς

206 1172 536 1241 αἰχμαλώτου
568 1173 950 1242 γεγενημένας
984 1175 1062 1246 τῷ
1110 1175 1318 1227 ἐκείνου
1360 1177 1493 1243 οῐκῳ
1537 1174 1761 1243 εὐεργε-

206 1267 313 1325 aia;
341 1264 658 1333 ἐξήγγελλε.
701 1266 883 1335 Μὴπω
906 1267 960 1319 δὲ
992 1268 1222 1337 μυηθεὶς
1245 1269 1313 1321 τὰ
1342 1266 1437 1321 τοῦ
1468 1267 1756 1335 δόγματος,

203 1361 305 1420 τοῖς
333 1358 595 1427 ὑπηκόοις
632 1360 911 1429 μετεδίδου
943 1361 1013 1413 τὰ
1045 1362 1144 1431 τῆς
1183 1361 1412 1432 βουλῆς’
1449 1363 1547 1414 καὶ
1590 1361 1759 1432 ἄρδην

201 1455 281 1503 τὶν
326 1452 564 1521 Χριστὸν
605 1452 741 1523 δμοῦ
783 1452 961 1506 σέϐειν
1004 1455 1307 1523 φιλοτίμως
1353 1456 1602 1527 ᾑροῦντο.
1652 1456 1761 1510 Καὶ

201 1545 347 1610 τάχος
379 1546 503 1596 ὅσον
555 1544 657 1614 τῆς
692 1528 953 1613 γυναικὸς
998 1548 1059 1600 τὸ
1109 1549 1296 1620 σχῆμα
1351 1550 1757 1622 διαγραψάσης,

202 1635 475 1702 ἐκκλησίαν
530 1637 772 1691 ἀνὶστων
808 1642 1121 1712 περιφανῆ.
1153 1644 1423 1708 Κάκεῖνος
1480 1643 1582 1712 μὲν
1632 1645 1758 1705 τοὺς

204 1727 407 1793 ἄνδρας,
437 1729 465 1797 η
502 1729 559 1781 δὲ
589 1730 729 1799 γυνὴ
765 1732 862 1784 σὺν
893 1736 957 1803 τῇ
983 1734 1321 1805 αἰχμαλώτῳ
1350 1737 1449 1800 τὰς
1485 1741 1756 1803 γυναῖκας

1862 526 2055 583 silvam
2113 527 2377 598 conjectis
2434 523 2705 580 succedit.
2756 522 2948 593 Itaque
3006 525 3163 579 laetus
3212 525 3439 580 domum

1861 617 2006 671 redit
2039 619 2260 685 :uxori,
2308 620 2456 688 quod
2508 618 2810 680 acciderat,
2844 617 3090 673 suaviter
3138 629 3436 672 recenset:

1861 710 2240 764 mulierculam
2267 711 2414 765 illam
2450 710 2618 765 acciri
2648 710 2834 765 statim
2857 710 3033 780 jubet,
3060 723 3229 778 seque
3273 709 3341 762 ab
3375 724 3439 762 ea

1861 801 1930 855 de
1966 801 2149 855 cultus
2177 803 2295 872 ejus
2321 804 2533 857 ratione
2557 802 2739 857 doceri
2775 803 3064 857 ardentius
3083 803 3240 871 petit.
3260 801 3439 869 Atque

1863 891 1976 958 illa,
1999 908 2122 948 cum
2146 910 2266 963 qua:
2283 910 2384 965 par
2402 910 2653 965 opusque
2677 895 2855 950 fuerat
2880 895 3438 960 dixisset,.confestim

1863 985 1980 1053 ipse
2011 1002 2144 1040 suos
2167 980 2434 1042 convocat
2463 1005 2477 1041 :
2511 997 2568 1042 et
2600 989 2912 1043 orationem
2945 1003 3046 1059 pro
3073 986 3341 1043 concione
3373 986 3441 1040 ad

1862 1094 1960 1132 cos
2010 1079 2241 1142 habens,
2283 1080 2548 1134 beneﬁcia
2597 1096 2719 1150 quae
2746 1082 2961 1149 captiva
3008 1081 3101 1135 illa
3137 1080 3442 1133 indomum

1865 1172 1982 1239 ejus
2011 1172 2354 1236 contulisset,
2380 1181 2810 1226 commemorat:
2832 1181 2890 1227 et
2913 1172 3165 1242 quamvis
3195 1172 3441 1226 nondum

1863 1262 2118 1333 dogmate
2170 1274 2360 1318 nostro
2412 1263 2684 1328 initiatus,
2716 1265 2932 1334 populis
2962 1273 3147 1318 tamen
3178 1266 3295 1319 suis
3354 1281 3446 1315 vo-

1864 1354 2131 1425 luntatem
2161 1370 2314 1409 suam
2354 1356 2603 1425 exponit.
2638 1356 2705 1411 Et
2729 1356 2805 1410 illi
2840 1355 3084 1411 universi
3117 1356 3282 1411 simul
3323 1356 3443 1410 cul-

1865 1424 1978 1500 tum
2004 1424 2208 1504 Christi
2244 1424 2535 1504 ambitiosa
2567 1448 2848 1504 alacritate
2870 1449 3314 1518 complectuntur
3340 1452 3439 1517 (Ι).

1864 1540 1940 1595 Ac
1979 1541 2157 1610 primo
2204 1557 2424 1613 quoque
2460 1552 2707 1613 tempore
2737 1543 3112 1613 descriptione
3142 1559 3172 1597 a
3209 1543 3443 1598 muliere

1862 1633 2023 1699 facta,
2042 1634 2333 1689 ecclesiam
2357 1649 2489 1690 sane
2517 1650 2681 1704 quam
2709 1635 2982 1691 celebrem
3007 1635 3243 1705 erigunt.
3263 1636 3443 1704 Atque

1862 1725 1980 1796 ipse
2019 1724 2243 1795 quidem
2288 1726 2457 1792 viros,
2510 1728 2714 1797 conjux
2752 1742 2885 1784 vero
2917 1742 3023 1782 una
3069 1742 3194 1782 cum
3227 1731 3444 1795 captiva

205 1820 491 1883 σπουδαίως
523 1822 619 1873 ἐπὶ
645 1823 747 1893 τὴν
770 1824 1072 1894 θρησκείαν
1102 1828 1315 1898 ἐνῆγον.
1345 1828 1668 1900 Περικύκλῳ
1697 1830 1754 1885 δέ

1864 1820 2122 1875 mulieres
2149 1835 2348 1890 magno
2396 1819 2582 1875 studio
2611 1822 2676 1874 ad
2713 1821 3035 1892 religionem
3067 1822 3443 1877 adducebant.

207 1914 285 1964 καὶ
305 1914 589 1982 περίϐολον
610 1916 1017 1972 Malam-15ml
1036 1920 1091 1973 δὲ
1119 1924 1213 1975 καὶ
1235 1922 1362 1983 τοὺς
1391 1924 1580 1985 κίονας
1609 1941 1758 1995 σχοι-

205 2002 323 2066 νίοις
340 2004 399 2073 δή
419 2021 563 2059 τισιν
591 2009 900 2078 ἀνιμῶντες
927 2014 1045 2074 ταῖς
1073 2011 1301 2079 βάσεσιν
1324 2013 1579 2084 ἥδραζον,
1606 2015 1634 2068 δ
1658 2014 1759 2084 μὲν

205 2101 399 2169 πρῶτος
430 2102 524 2154 καὶ
550 2101 963 2173 δεύτεροςικίων
988 2105 1233 2167 εὐπετῶς
1261 2107 1405 2161 κατὰ
1426 2108 1609 2178 χώραν
1638 2108 1758 2175 ἐγέ-

203 2205 333 2241 νετο·
364 2190 441 2259 τῷ
471 2191 527 2243 δὲ
558 2192 736 2262 τρίτῳ
763 2194 1033 2264 δυσχερὴς
1061 2191 1129 2263 ἧν
1162 2198 1257 2250 καὶ
1295 2198 1539 2268 ἐργώδης
1568 2199 1600 2268 ή
1632 2199 1758 2250 στά-

205 2301 294 2347 σις.
320 2282 451 2337 Οὐτε
488 2288 601 2354 γὲρ
637 2287 870 2356 ἐπήρκει
908 2290 1074 2359 τέχνη
1103 2290 1182 2360 τῷ
1216 2292 1595 2363 μηχανήματι,
1633 2289 1758 2345 οὐτε

205 2378 297 2447 μὴν
326 2381 385 2448 τῇ
417 2379 508 2449 βίᾳ
546 2380 663 2434 τῶν
716 2381 985 2436 ἑλκόντων
1022 2382 1260 2450 ὑπήκοος
1299 2379 1392 2454 ἦν,
1439 2385 1538 2438 καὶ
1583 2384 1759 2438 ταῦτα

205 2471 391 2523 πολλῶν
427 2472 819 2541 ἐφελκομένων
847 2478 957 2539 τοῖς
990 2477 1404 2546 μηχανήμασιν.
1447 2478 1532 2540 Ὠς
1558 2476 1604 2530 δ’
1632 2480 1760 2530 ἐπε-

204 2565 372 2634 γένετο
422 2567 541 2635 νὺξ,
593 2569 648 2621 oi
691 2568 790 2636 μὲν
842 2569 992 2623 ἄλλοι
1041 2572 1245 2635 πάντες
1302 2572 1487 2627 οἴκαδε
1543 2574 1755 2645 ᾕεσανο

209 2667 326 2733 μόνη
352 2661 410 2741 7δέ
439 2665 470 2733 ἡ
499 2663 856 2741 αἰχμάλωτος
887 2663 965 2733 τῷ
993 2663 1158 2735 χώρῳ
1207 2665 1540 2735 παρέμενεν,
1572 2667 1758 2737 εὐχαῖς

205 2740 468 2827 ίλεουμένη
522 2740 585 2808 εδ
641 2756 810 2821 θεῖον,
875 2756 951 2824 ὡς
988 2758 1054 2811 ἂν
1089 2759 1322 2829 εὐχερὴς
1370 2762 1401 2829 ἡ
1461 2761 1649 2824 στάσις
1678 2762 1758 2831 τῷ

204 2846 325 2900 κίονι
343 2847 572 2916 γένοιτο.
596 2850 766 2919 Ἀχρι
791 2850 902 2921 γὰρ
925 2849 1021 2904 τοῦ
1046 2853 1214 2920 μέσου
1237 2851 1525 2922 ὀρθωθεὶς,
1553 2854 1759 2925 ἐγκάρ-

206 2958 305 3004 σιος
331 2941 510 3012 ἔμενε,
546 2944 652 3014 τῆς
700 2943 866 3014 ἄλλης
901 2944 1077 3017 ἀρχῆς
1121 2947 1614 3021 προσερεισθείσης
1657 2947 1758 3019 τῆς

204 3030 285 3081 καὶ
310 3031 537 3100 πάμπαν
572 3031 837 3097 ἀκινήτου
884 3033 1175 3101 μενούσης.
1205 3034 1379 3086 Τοῦτο
1407 3035 1463 3087 δὲ
1500 3035 1760 3106 προύχώ-

1861 1914 1929 1968 Ει
1986 1913 2099 1983 jam
2131 1914 2372 1984 parietes
2411 1913 2769 1971 circumcirca
2821 1923 3229 1971 exstruxerant.
3286 1917 3445 1971 Post-

1860 2021 2022 2075 quam
2050 2017 2234 2062 autem
2268 2008 2553 2063 columnas
2596 2025 2818 2081 quoque
2846 2009 3073 2064 funibus
3105 2011 3441 2081 quibusdam

1861 2115 2080 2154 sursum
2118 2100 2418 2168 trahentes,
2446 2102 2585 2157 locis
2611 2104 2729 2158 suis
2774 2103 3138 2168 collocabant,
3166 2120 3274 2159 una
3314 2104 3442 2174 qui-

1862 2193 1983 2246 dem
2043 2203 2100 2248 et
2159 2194 2331 2248 altera
2365 2196 2620 2251 columna
2672 2197 2833 2252 facile
2867 2199 3051 2253 sedem
3081 2213 3233 2254 suam
3294 2199 3445 2254 obti-

1863 2298 2056 2339 nuere.
2082 2284 2141 2339 in
2169 2287 2330 2341 tertia
2356 2300 2488 2343 vero
2504 2286 2747 2343 dimcilis
2766 2289 3065 2345 admodum
3088 2301 3144 2346 et
3164 2290 3439 2346 laboriosa

1858 2378 1966 2434 fuit
1995 2378 2319 2445 collocatio;
2351 2395 2533 2451 neque
2562 2381 2710 2436 enim
2735 2398 2826 2438 ars
2863 2384 3081 2439 conatui
3114 2383 3443 2449 sufficiebat,

1860 2486 2040 2540 neque
2066 2473 2234 2527 robur
2260 2472 2600 2529 trahentium
2639 2475 2943 2545 quidquam
2975 2477 3303 2547 proﬁciebat
3339 2494 3355 2533 :
3384 2488 3447 2534 et

1859 2565 2117 2635 permulti
2158 2574 2355 2632 erant,
2390 2566 2484 2647 qui
2545 2567 2693 2623 illam
2749 2571 3023 2625 machinis
3071 2573 3440 2629 attrahereut.

1862 2658 2196 2729 Supervenit
2247 2676 2377 2726 nox,
2427 2670 2484 2717 et
2540 2661 2633 2716 alii
2690 2677 2887 2718 omnes
2934 2662 3156 2719 domum
3206 2666 3445 2736 quisque

1861 2752 2116 2820 petiere:
2176 2752 2291 2807 sola
2338 2763 2521 2808 autem
2573 2755 2788 2823 captiva
2837 2754 3039 2810 mulier
3091 2756 3147 2810 in
3191 2771 3258 2812 eo
3317 2757 3446 2812 loco

1861 2844 2189 2912 permansit,
2222 2845 2481 2916 precibus
2509 2846 2681 2901 Deum
2710 2846 3033 2917 implorans,
3055 2856 3115 2903 ut
3144 2848 3321 2905 facilis
3345 2865 3444 2906 ce-

1860 2936 2062 2992 lumnze
2100 2937 2158 2991 in
2195 2938 2314 2993 basi
2347 2954 2443 2993 sua
2472 2938 2796 2994 redderetur
2840 2940 3130 3011 repositio.
3180 2942 3320 2998 Nam
3349 2943 3443 2998 illa

1860 3030 1927 3083 ad
1976 3031 2223 3084 medium
2279 3046 2456 3099 usque
2509 3040 2720 3096 erecta,
2782 3033 3008 3103 obliqua
3069 3036 3438 3103 consistebat,

207 3139 297 3190 ρει,
339 3123 405 3175 ῐν’
431 3119 465 3199 ᾖ
496 3127 614 3189 τοῖς
653 3124 873 3195 Ἴϐηρσι
912 3125 980 3179 τὰ
1023 3126 1267 3197 πρότερα
1317 3127 1510 3196 βέϐαια
1556 3131 1650 3182 καὶ
1688 3130 1755 3183 τὰ

1863 3132 2017 3191 parte
2044 3123 2215 3178 altera
2238 3124 2475 3190 sublata,
2503 3124 2773 3179 immobili
2805 3140 3032 3195 prorsus
3071 3138 3441 3197 permanente

208 3214 317 3283 περὶ
351 3217 410 3270 τὸ
443 3218 592 3272 θετον
626 3218 832 3286 μᾶλλον
879 3220 938 3273 ἐν
980 3220 1215 3288 ἀσφαλεῖ
1246 3223 1578 3295 κατασταίη.
1617 3225 1755 3294 Περὶ

206 3311 296 3379 γὰρ
323 3309 414 3379 τὴν
443 3309 518 3361 ’ἐω
569 3310 653 3375 είς
696 3309 797 3377 τὴν
850 3309 1151 3377 ἐκκλησίαν
1199 3310 1392 3374 ἰόντες,
1444 3309 1755 3380 Θαυμάσιον

204 3399 299 3455 οἷον
327 3404 415 3455 καὶ
450 3402 657 3473 ὀνείρῳ
685 3404 1006 3471 προσεοικὸς
1039 3403 1297 3469 ἄντικρυς
1331 3403 1650 3474 καθεώρων.
1695 3406 1755 3458 Ὀ

206 3496 297 3565 γὰρ
328 3498 449 3571 πρὶν
491 3478 759 3565 ἀκίνητος
796 3495 932 3548 κίων
970 3495 1130 3565 ὀρθὸς
1159 3491 1228 3566 ἦν
1282 3496 1503 3567 σμικρῷ
1533 3496 1756 3565 διαστή-

209 3603 343 3654 ματι,
368 3587 630 3659 ὑπεράνω
659 3587 757 3657 τῆς
811 3587 948 3651 ίδίας
982 3587 1194 3658 βάσεως
1226 3591 1623 3662 αἰωρούμενος.
1666 3592 1756 3645 Ἐν

208 3681 443 3750 ἐκπλήξει
476 3682 533 3736 δὲ
560 3682 788 3735 πάντων
818 3684 1232 3756 γεγενημένων,
1264 3686 1358 3737 καὶ
1384 3685 1479 3737 τὸν
1520 3685 1755 3757 Χριστὸν

211 3775 351 3844 μένον
376 3774 634 3844 ἀληθινὸν
654 3774 1069 3844 ὁμολογούντων
1096 3776 1255 3843 Θεὸν,
1278 3776 1365 3832 ἐπ’
1387 3777 1507 3847 ὄψει
1536 3779 1755 3835 πάντων

207 3866 371 3936 ἡρέμα
402 3867 754 3933 διολισθήσας
782 3868 1114 3938 αὐτόματος,
1148 3870 1244 3923 καὶ
1276 3874 1526 3942 κρεῖττον
1555 3873 1756 3944 τέχνης

210 3957 578 4028 προσηρμόσθη
645 3959 712 4029 τῇ
748 3957 926 4027 βάσει.
967 3959 1198 4014 Ἔπειτα
1250 3960 1305 4013 δὲ
1338 3962 1432 4019 καὶ
1476 3962 1525 4014 oi
1574 3962 1758 4016 λοιποὶ

206 4049 361 4112 κίονες
391 4050 635 4121 εὐχερῶς
667 4050 1043 4121 ἐστηρίζοντο.
1075 4055 1137 4106 Ui
1162 4052 1208 4105 δ’
1240 4054 1459 4124 Ἴϐηρες
1507 4053 1760 4107 ἐντεῦθεν

208 4142 385 4212 σπουδῇ
418 4145 482 4212 τῇ
514 4144 673 4215 πάσῃ
703 4143 763 4197 τὸ
806 4143 967 4213 ἔργον
1000 4145 1242 4201 ἐτέλουν.
1286 4145 1668 4216 Ὕποτιθείσης
1697 4146 1756 4202 δὲ

205 4235 290 4302 τῆς
316 4235 666 4309 αἰχμαλώτου
691 4236 954 4307 πρέσϐεις
984 4238 1301 4309 πέμποντες
1329 4239 1751 4311 Κωνσταντίνῳ,

209 4320 415 4385 σπονδὰς
446 4321 636 4392 ᾔτουν,
672 4324 768 4376 καὶ
802 4327 1120 4395 συμμαχεῖν
1160 4325 1388 4397 ᾑροῦντο
1431 4326 1752 4397 Ῥωμαίοις.

1862 3212 2055 3266 altera.
2091 3212 2318 3268 Factum
2348 3214 2427 3277 id,
2463 3224 2526 3270 ut
2571 3214 2827 3270 lberibus
2855 3219 3041 3287 priora
3076 3218 3294 3288 incepta
3345 3218 3443 3272 fir-

1862 3307 2056 3373 miora,
2086 3316 2141 3362 et
2178 3322 2301 3377 qua:
2345 3307 2607 3379 deinceps
2644 3310 2713 3365 de
2747 3310 3005 3368 Numinis
3032 3314 3442 3373 cultustatue-

1859 3408 2004 3462 rent,
2041 3401 2276 3455 certiora
2304 3410 2510 3457 essent.
2543 3403 2794 3460 Diluculo
2828 3420 3070 3475 namque
3095 3409 3341 3476 proximo
3373 3410 3441 3465 ad

1858 3493 2150 3547 ecclesiam
2175 3495 2497 3561 venientes,
2527 3497 2698 3552 veluti
2741 3499 3072 3555 miraculum
3111 3512 3169 3557 ct
3217 3506 3445 3558 somnio

1859 3600 2090 3654 prorsus
2140 3587 2320 3642 simile
2388 3588 2651 3658 quiddam
2706 3590 2984 3647 viderunt.
3045 3595 3181 3661 Quae
3228 3598 3445 3651 etenim

1859 3681 2015 3749 prius
2044 3682 2344 3736 immobilis
2371 3680 2478 3737 fuit
2505 3684 2783 3749 columna,
2816 3685 3029 3741 directa
3063 3703 3237 3757 parvo
3264 3689 3440 3744 inter-

1858 3772 2000 3825 vallo
2051 3788 2216 3842 supra
2261 3773 2436 3828 basim
2471 3790 2623 3829 suam
2659 3790 2927 3846 suspensa
2964 3781 3319 3849 persismbat.
3374 3782 3443 3838 Et

1857 3863 1950 3918 illa
1972 3866 2342 3920 consternatis
2364 3867 2644 3935 omnibus,
2661 3877 2718 3924 et
2743 3868 3026 3926 Christum
3053 3874 3232 3929 solum
3247 3890 3447 3930 verum

1856 3957 2030 4012 Deum
2069 3960 2481 4029 proﬁtentibus,
2531 3960 2587 4015 in
2641 3971 2942 4034 conspectu
2972 3967 3221 4022 omnium
3248 3969 3447 4038 paula-

1824 4072 1829 4077 ·
1861 4049 1955 4104 tim
1989 4065 2087 4105 sua
2112 4061 2308 4122 sponte
2352 4068 2413 4108 se
2435 4054 2753 4121 demittens,
2793 4058 2992 4113 melius
3016 4075 3179 4128 quam
3205 4077 3299 4116 ars
3329 4062 3443 4118 ulla

1856 4142 2071 4200 efficere
2096 4152 2284 4215 queat.
2333 4147 2455 4202 loco
2491 4162 2591 4202 suo
2620 4156 2706 4203 est
2742 4149 3023 4220 adaptata.
3048 4153 3213 4224 607
3244 4155 3441 4211 Postea

1859 4251 1989 4292 vero
2017 4246 2075 4292 et
2103 4238 2329 4310 reliqua:
2361 4239 2634 4295 columna:
2657 4241 2820 4298 facile
2850 4243 3132 4301 collocatae
3162 4257 3327 4317 atque
3351 4248 3443 4303 llr-

1858 4336 2019 4382 mataa
2047 4338 2196 4384 sunt.
2227 4329 2410 4401 Atque
2443 4330 2628 4387 lberes
2664 4332 2865 4389 deinde
2899 4337 3085 4390 studio
3113 4339 3264 4392 omni
3298 4355 3441 4409 opus

216 4410 340 4464 'Avii’
389 4409 462 4468 ὧν
513 4418 702 4487 ίερέας
752 4418 846 4469 καί
902 4418 1038 4471 Θεοῦ
1081 4417 1436 4491 λειτουργοὺς
1493 4421 1572 4490 τῷ
1610 4421 1757 4476 ἔθνει

1864 4416 1920 4470 id
1942 4418 2293 4474 absolverunt
2323 4436 2343 4475 :
2378 4423 2713 4479 cohortante
2747 4426 2916 4481 etiam
2958 4442 3024 4482 ea
3055 4429 3173 4499 ipsa
3201 4434 3435 4501 captiva,

206 4504 390 4559 ἐδέοντο
434 4509 731 4580 καθιστᾷν.
765 4508 888 4564 Τῶν
925 4509 984 4563 δέ
1019 4510 1304 4582 πρέσόεων
1347 4513 1440 4567 ἐπὶ
1474 4514 1655 4568 κοινοῦ
1687 4517 1757 4570 τὰ

1860 4511 2071 4581 legatos
2101 4513 2169 4567 ad
2216 4511 2639 4571 Constantinum
2681 4518 2907 4586 misere,
2954 4523 3051 4592 qui
3083 4498 3281 4581 [cedas
3311 4543 3436 4583 cum

207 4597 322 4667 παρ’
353 4600 576 4665 ἐκείνοις
626 4600 899 4671 γενόμενα
929 4601 1268 4671 διελθόντων,
1300 4606 1397 4658 καὶ
1440 4606 1516 4670 ὡς
1546 4606 1756 4677 ἕτοιμοι

205 4681 300 4740 εἶεν
325 4692 591 4762 πανδημεὶ
626 4692 809 4746 σέϐειν
843 4694 1083 4764 Χριστὸν
1123 4695 1186 4748 τὸ
1221 4697 1333 4750 πᾶν
1373 4696 1549 4762 ἔθνος,
1587 4699 1759 4772 ὐπερ-

208 4782 337 4846 φυῶς
367 4785 521 4855 ἥδετο
571 4784 830 4857 βασιλεύς
855 4802 869 4818 ·
902 4788 998 4842 καὶ
1044 4787 1212 4856 τάχος
1241 4789 1364 4842 ὅσον
1409 4789 1586 4843 ὀπίσω
1630 4791 1758 4845 ἀνέ-

207 4887 372 4941 πεμπε
427 4879 553 4939 τοὺς
611 4877 874 4949 πρέσδεις
921 4879 993 4934 τὰ
1042 4880 1188 4934 κατὰ
1233 4881 1465 4954 γνώμην
1522 4884 1758 4948 ἐκεινοις

211 4961 399 5019 ἅπαντα
451 4969 960 5041 διαπεπραγμένος.
1003 4971 1115 5025 Καὶ
1169 4972 1362 5027 τοῦτον
1399 4975 1491 5029 τὸν
1547 4955 1774 5046 τρόπον’

211 5055 404 5125 Ἴϐηρες
437 5062 495 5113 τὸ
524 5065 672 5115 κατὰ
698 5063 932 5132 Χριστὸν
972 5064 1292 5133 ἠσπάσαντο
1319 5067 1585 5135 κήρυγμα
1606 5084 1621 5100 ο
1655 5070 1751 5121 καὶ

210 5149 357 5203 εἰσέτι
388 5151 478 5203 νῦν
526 5154 775 5223 προῖόντι
815 5154 993 5225 χρόνῳ
1023 5156 1304 5225 ἐπιμελῶς
1350 5158 1631 5227 ὲξέχονται
1656 5159 1750 5212 τοῦ

210 5240 547 5311 σεϐάσματος.

1860 4621 1928 4658 eo
1959 4607 2387 4674 paciscerentur,
2407 4609 2840 4681 societatemque
2864 4614 2991 4669 belli
3018 4632 3141 4672 cum
3173 4619 3441 4678 Romanis

1861 4694 2131 4763 facerent,
2165 4714 2230 4754 ac
2261 4713 2360 4769 pro
2384 4703 2467 4757 eis
2487 4709 2652 4759 rebus
2680 4703 2829 4775 genti
2849 4708 2899 4762 ei
2928 4711 3242 4768 sacerdotes
3274 4728 3439 4786 atque

1861 4786 1958 4841 Dei
1993 4790 2276 4846 ministros
2309 4792 2427 4848 dari
2456 4808 2701 4853 orarent.
2730 4798 2835 4867 Qui
2878 4816 3004 4856 cum
3053 4807 3271 4874 publice
3314 4824 3439 4878 qua:

1859 4881 2007 4952 apud
2047 4898 2143 4939 eos
2206 4896 2325 4941 acta
2375 4887 2632 4955 fuerant,
2697 4902 2753 4947 et
2808 4910 2974 4964 quam
3033 4910 3259 4970 paratus
3292 4913 3440 4957 esset

1861 4976 2096 5045 populus
2122 4976 2169 5032 is
2196 4980 2488 5036 universus
2517 4984 2586 5038 ad
2613 4983 2892 5042 Christum
2936 4990 3231 5045 colendum
3263 5009 3436 5063 expo-

1862 5080 2081 5133 nerent,
2115 5073 2426 5127 mirandum
2468 5076 2521 5128 in
2547 5077 2769 5132 modum
2804 5095 2866 5135 ea
2893 5081 3164 5152 legatione
3194 5087 3437 5144 delecta-

1864 5166 1949 5212 tus
1977 5170 2061 5214 est
2092 5162 2408 5231 imperator.
2443 5166 2510 5220 Et
2543 5183 2705 5237 quam
2737 5173 3238 5242 potuitcelerrime,
3271 5158 3439 5234 rebus

1863 5267 2000 5320 quas
2029 5255 2309 5323 petierant
2359 5260 2619 5314 omnibus
2659 5278 2727 5316 ex
2760 5280 2955 5318 eorum
2985 5268 3272 5325 voluntate
3304 5287 3441 5326 con-

207 5327 365 5401 iectis,
395 5350 643 5396 oratores
688 5341 837 5412 ipsos
867 5341 1091 5398 domum
1176 5342 1410 5399 remisit.
1460 5341 1576 5398 Hoc
1630 5342 2023 5401 modolberes
2076 5347 2523 5417 praedicationem
2553 5353 2757 5410 Christi
2801 5371 3206 5430 susceperunt,
3273 5376 3328 5421 et
3358 5374 3441 5442 to;

208 5438 449 5484 annorum
491 5433 648 5504 lapsu
681 5450 828 5490 nunc
850 5437 1014 5491 etiam
1059 5451 1257 5507 magno
1297 5435 1482 5491 studio
1510 5436 1567 5490 in
1627 5435 1915 5505 religionis
1944 5440 2092 5493 cultu
2126 5441 2504 5510 acquiescant.

267 5591 337 5662 (ί)
366 5596 588 5672 «βοείᾳ
625 5599 692 5654 ad
732 5601 1043 5672 exemplum
1091 5609 1240 5656 totus
1270 5601 1626 5672 componitur
1653 5616 1746 5656 or-

212 5657 297 5715 bis.
319 5657 347 5716 ⁷»
384 5657 711 5743 (Claudiam)
746 5691 767 5724 ι
807 5657 926 5729 Vita
960 5673 1229 5743 principis
1252 5657 1489 5741 censura
1517 5681 1623 5738 est,
1650 5687 1744 5728 ea-

1848 5606 2402 5685 que-perpetuaLAd
2436 5609 2590 5685 _hanc
2636 5609 2956 5685 dirigimur,
3001 5620 3068 5675 ad
3122 5621 3265 5680 hanc
3297 5640 3437 5682 con-

1849 5678 2138 5731 vertimur.
2174 5694 2194 5728 ι
2230 5678 2397 5749 (Plin.
2427 5678 2585 5752 Jun.)
