4062 6552
257 305 352 369 3η3ἳ

1144 304 1749 367 ECCLESlASTlC.E
1787 305 2172 366 HISTORIA?
2214 306 2361 369 LIB.
2397 308 2571 372 VIII.

3396 306 3497 378 Ῑνι

254 419 494 494 μύνα,ἢ
546 419 913 490 Ῥωμαῖοιτῷ
963 398 1601 492 πλῷέπιχωριάζοπες.
1656 422 1814 489 Εὑρί-

1928 437 2108 475 rerum
2135 434 2255 477 erat
2282 443 2293 478 :
2316 425 2432 493 qui,
2469 437 2528 480 ut
2557 426 2812 497 equidem
2847 435 3000 497 puto,
3041 427 3332 498 instiga!th
3359 430 3491 488 Deo.

254 529 392 568 σκων
417 512 497 577 δέ,
544 510 888 581 φιλοφρόνως
919 529 978 565 τε
1032 513 1325 583 ὑπεδέχετο
1350 529 1365 545 ·
1404 514 1498 566 καὶ
1551 511 1813 575 ἱδιάζουσι

253 603 449 661 τόποις.
485 596 519 674 ᾖ
557 602 679 665 ἔθος
727 596 1097 672 Χριστιανοῖς,
1149 604 1472 676 συνηύχετο.
1536 604 1597 658 '0
1627 603 1672 658 δ’
1708 597 1811 661 ὦδε

255 692 471 760 προῖὼν,
494 694 789 759 εύκτήριον
822 690 971 747 οἷκον
1002 694 1359 765 ἀνῳκοδόμει.
1388 696 1496 749 Καί
1530 713 1683 758 τινας
1707 697 1816 750 τῶν

266 781 435 834 Ἰνδῶν
479 783 780 853 κατηχὼν,
824 784 993 853 εύκάς
1023 785 1200 837 τελεῖν
1246 786 1667 857 παρεσκεύαζε,
1721 787 1818 839 καὶ

258 877 573 946 πρεσεεύειν
611 878 679 931 τὰ
728 880 848 931 θεῖα
901 879 1305 950 προύτρέπετο.
1354 880 1497 950 Ἤδη
1541 878 1817 950 δ’ἐφήόου

257 965 343 1017 τοῦ
372 965 642 1035 βασιλέως
692 968 991 1037 γενομένου
1016 970 1235 1034 παιδὸς,
1264 969 1455 1024 τοῦτόν
1499 988 1559 1024 τε
1591 972 1687 1024 καὶ
1715 974 1818 1041 τὴν

260 1060 415 1112 αὑτοῦ
464 1061 681 1129 μητέρα
726 1063 1232 1132 παραιτησάμενοι,
1278 1064 1371 1116 ἐπὶ
1414 1062 1515 1134 τὴν
1546 1052 1837 1133 σφετέραν

259 1152 404 1205 πόλιν
431 1153 733 1218 ἀπέπλεον,
766 1154 968 1218 καίπερ
1019 1155 1203 1224 μένειν
1233 1155 1309 1219 ὡς
1339 1156 1594 1212 πλεῖστον
1624 1157 1819 1209 ἐκδια-

258 1246 484 1312 ζόμενοι.
517 1246 631 1298 Καὶ
673 1246 702 1297 ὁ
740 1247 841 1315 μὲν
884 1247 1135 1311 Αῖδέσιος
1181 1249 1265 1311 είς
1310 1247 1486 1320 Τύρον
1514 1250 1687 1321 ἥκων,
1725 1252 1819 1305 καὶ

257 1338 372 1396 τοὺς
410 1339 794 1406 προσήκοντας
846 1338 1112 1401 κατιδὼν,
1167 1332 1520 1394 κατάταῧτα
1567 1343 1668 1410 τῆς
1720 1342 1816 1394 τοῦ

258 1429 517 1497 πρεσϐυτε
527 1431 648 1496 ρίου
683 1429 952 1501 καθέδρας
982 1430 1209 1501 ἠξίωτοο
1235 1434 1604 1503 Φρουμέντιος
1633 1435 1689 1487 δέ
1718 1436 1818 1503 τὴν

259 1517 346 1567 ἐπὶ
388 1518 643 1581 Φοίνικας
688 1521 952 1590 παριδὼν,
986 1523 1066 1584 είς
1094 1519 1509 1594 Ἀλεξάνδρειαν
1539 1519 1642 1596 ἧκε
1664 1540 1681 1556 ⁸
1721 1526 1819 1579 καὶ

270 1608 561 1681 ’Δθανασίῳ
596 1611 861 1682 ἐντυχὼν,
896 1613 1022 1682 άρτι
1050 1614 1160 1667 τῶν
1196 1616 1358 1687 ἱερῶν
1400 1618 1606 1671 οίάκων
1639 1618 1815 1689 ὑπερ-

258 1699 554 1764 ωθὶσαντι,
584 1704 658 1757 τά
706 1703 830 1759 κατ’
883 1705 1078 1770 Ἰνδοὺς
1123 1707 1438 1778 διηγεῖταιο
1491 1711 1585 1762 καὶ
1632 1711 1709 1773 ὡς
1759 1714 1816 1764 ἐν

1928 1691 2202 1748 Phoenicia
2261 1695 2471 1760 relicta,
2518 1699 2901 1755 Alexandriam
2947 1719 3005 1759 se
3034 1707 3503 1778 contulit:609
3613 1748 3617 1751 τ

1917 512 1962 567 si
1995 513 2125 581 quid
2156 516 2296 583 apud
2330 514 2491 571 ludos
2525 515 2847 593 Christiani,
2895 527 2988 571 aut
3032 525 3123 588 qui
3166 520 3400 575 navibus
3430 537 3498 575 eo

1919 598 2339 670 frequentarent
2389 605 2619 661 Romani
2654 618 2858 671 essent,
2895 609 3187 678 diligenter
3238 627 3497 680 perscru-

1921 691 2162 745 tabatur.
2187 693 2294 747 Eos
2340 698 2592 751 inventos
2628 700 3043 766 perhumaniter
3071 703 3305 771 accepit,
3332 704 3497 759 locis-

1916 796 2044 850 que,
2090 782 2534 839 Christianorum
2577 803 2769 851 more,
2817 791 2935 845 suis
2992 805 3116 844 cuin
3160 794 3242 845 eis
3292 795 3496 848 oravit.

1918 870 2096 939 Atque
2145 886 2213 926 ea
2263 888 2588 944 progressus
2637 881 2745 942 via,
2781 880 3052 934 orationis
3081 881 3305 936 domum
3364 900 3500 938 con-

1917 967 2115 1020 struxit
2150 984 2164 1020 :
2198 978 2253 1022 et
2278 971 2543 1038 quosdam
2575 990 2638 1026 ex
2688 973 2846 1031 Indis
2878 977 3053 1032 sacris
3089 980 3296 1036 nostris
3332 979 3496 1035 insti-

1920 1060 2101 1119 tuens,
2127 1060 2536 1125 precationibus
2565 1066 2782 1132 cperari
2822 1066 3010 1122 docuit
3037 1108 3052 1130 ,
3084 1079 3143 1121 et
3174 1070 3496 1139 religionem

1918 1146 2163 1214 proﬁteri
2216 1149 2461 1205 hortatus
2491 1164 2594 1207 est.
2628 1155 2693 1209 Et
2726 1155 2871 1211 illius
2912 1160 3055 1226 regis
3080 1161 3189 1231 jam
3250 1164 3498 1232 ephebus

1917 1249 2053 1290 erat.
2086 1239 2264 1308 Atque
2315 1241 2392 1296 illi
2423 1246 2703 1311 quamvis,
2746 1258 2802 1301 ut
2835 1265 3120 1305 manerent
3146 1292 3159 1313 .
3194 1253 3493 1323 plurimum

1918 1337 2265 1396 cogerentur,
2307 1341 2542 1387 attamen
2591 1344 2648 1387 et
2698 1351 2822 1390 cum
2866 1341 3007 1409 regis
3040 1351 3095 1395 et
3134 1358 3258 1395 cum
3307 1346 3498 1399 matris

1919 1418 2040 1487 ejus
2064 1420 2204 1476 bona
2232 1426 2389 1478 venia
2424 1426 2475 1479 in
2522 1430 2751 1495 patriam
2782 1447 2932 1486 suam
2975 1434 3206 1489 rediere.
3235 1436 3301 1491 Et
3329 1436 3497 1491 [Ede—

1921 1511 2040 1565 sius
2068 1514 2287 1581 quidem
2315 1516 2461 1588 Tyri,
2495 1530 2719 1590 propter
2751 1525 3088 1595 propinquos
3122 1541 3272 1590 suos,
3307 1538 3495 1598 postea

1921 1602 2246 1672 presbyterii
2273 1609 2572 1675 assumpsit
2591 1610 2933 1679 dignitatem.
2967 1614 3317 1671 Frumentius
3340 1633 3496 1681 vero,

256 1791 444 1861 ἑτοίμῳ
468 1793 582 1847 είσὶ
605 1795 698 1849 τὸν
728 1797 1156 1868 Χριστιανισμὸν
1185 1776 1600 1871 παραδέξασθαι
1637 1802 1813 1872 ἐλεγε,

1928 1790 2085 1853 atque
2115 1784 2182 1838 ad
2215 1784 2570 1843 Athanasium
2607 1806 2731 1845 cum
2772 1794 3027 1861 venisset,
3071 1799 3163 1866 qui
3207 1776 3381 1868 nuper
3404 1776 3501 1852 ad-

260 1884 443 1954 καὶμὴ
466 1889 736 1957 περιορᾷν
780 1889 882 1957 τὴν
923 1890 1101 1960 Θήραν
1148 1894 1549 1964 καττψτιὸόλειο
1583 1895 1816 1967 ἱερέα,δέ

258 1977 371 2029 ὅσον
401 1979 561 2047 τάχος
586 1981 687 2033 καὶ
719 1982 922 2053 κλῆρον
950 1986 1136 2049 αὐτοῖς
1181 1988 1542 2059 ἐπιπέμπειν.
1590 1989 1819 2044 Ἀθανά-

262 2082 365 2130 σιος
390 2068 446 2121 δὲ
470 2070 552 2132 είς
596 2071 811 2126 ἔννοιαν
865 2073 1091 2143 θέμενος
1122 2075 1182 2128 τὸ
1232 2077 1416 2148 ῥηθὲν,
1469 2080 1596 2142 τοὺς
1626 2080 1819 2149 ἐπιδη-

262 2160 487 2229 μοῦντας
513 2163 625 2216 τῶν
656 2164 971 2220 ἐπισκόπων
994 2167 1279 2239 ἀθροίσας,
1310 2171 1410 2225 οὐκ
1433 2171 1597 2227 ἄλλον
1629 2174 1820 2241 ἐπιτή-

260 2252 389 2306 δειόν
417 2269 475 2308 τε
528 2257 624 2308 καὶ
690 2256 1022 2312 ἱκανώτατον
1076 2259 1175 2332 τὴν
1227 2262 1525 2334 θρησκείαν
1580 2266 1818 2335 αὐξῆσαι

262 2344 522 2416 έκρινενῆ
561 2348 730 2401 αὐτὸν
764 2351 971 2405 ἐκεῖνον
1017 2340 1078 2416 δ’ξ·
1130 2354 1350 2424 πρῶτος
1388 2359 1678 2429 σπέρματα
1718 2359 1819 2425 τῆς

262 2436 363 2489 τῶν
410 2438 760 2510 Χριστιανῶν
823 2444 1115 2513 μετουσίας
1166 2449 1351 2511 αὐτοῖς
1414 2451 1816 2507 κατεῦἀλλετο.

242 2529 364 2586 ,Καὶ
386 2533 415 2583 ό
446 2531 545 2599 μέν
578 2534 844 2598 πεισθεὶς,
879 2536 1221 2607 ἀνελάμϐανε
1247 2540 1348 2610 τὴν
1373 2543 1696 2613 ἱερωσύνην·
1728 2549 1820 2601 καὶ

266 2618 406 2685 αὖθις
436 2625 527 2678 ἐπὶ
553 2626 659 2698 τὴν
699 2628 877 2685 Ἰνδῶν
911 2632 1214 2703 ἀνέστρεφε
1256 2635 1463 2705 χώραν’
1494 2637 1587 2689 καὶ
1641 2638 1820 2709 κῆρυξ

267 2715 352 2768 τοῦ
384 2716 718 2788 Εὐαγγε).ίου
738 2724 850 2787 τοῖς
879 2724 1056 2778 ἐκεῖσε
1083 2724 1261 2780 ἅπασι
1288 2730 1517 2795 γίνεται.
1552 2730 1819 2786 Τοσοῦτον

265 2804 306 2856 δ’
332 2807 688 2879 ἐπαινεθῆναι
713 2811 903 2867 τοῦτόν
936 2832 1099 2883 φασιν
1118 2858 1134 2882 ,
1164 2818 1240 2881 ὡς
1283 2818 1397 2873 ῖσον
1422 2822 1483 2874 τὸ
1512 2823 1683 2892 γέρας
1707 2828 1820 2890 τοῖς

267 2894 569 2961 ἀποστόλοις
592 2900 901 2970 κτήσασθαι
924 2918 939 2935 ι
962 2904 1085 2956 ἐπεί
1102 2906 1184 2958 τοί
1206 2923 1269 2973 γε
1292 2908 1385 2960 καὶ
1412 2908 1820 2981 ἐπισημότατον

268 2987 294 3037 ὁ
325 2986 449 3051 Θεὸς
486 2991 655 3044 αὐτὸν
701 2994 971 3065 ἀπέφηνε,
1001 2997 1194 3067 τέρασι
1239 3000 1334 3052 καὶ
1378 3005 1623 3071 σημείοις
1677 3007 1822 3074 ἐξαι-

271 3078 395 3144 σίοις
418 3084 815 3152 κατακοσμῶνο
842 3087 1100 3151 πλουσίας
1121 3089 1229 3159 γὰρ
1261 3093 1358 3163 τῆς
1382 3094 1606 3163 χάριτος
1635 3099 1823 3167 εὐμοι-

1922 1875 2145 1930 modum
2170 1876 2236 1930 ad
2264 1893 2419 1933 sacra
2453 1881 2708 1937 Ecclesia;
2742 1885 3106 1953 gubernacula
3148 1898 3498 1957 pervenerat,

1925 1980 2013 2021 res
2042 1967 2294 2024 Indorum
2322 1971 2371 2025 ei
2403 1976 2677 2042 exposuit.
2716 1984 2773 2028 et
2804 1985 2863 2029 ut
2912 1979 3179 2046 proclives
3210 1980 3497 2049 paratique

1924 2059 1991 2113 ad
2025 2060 2501 2118 Christianismum
2552 2052 3189 2134 suscipiendumessent
3233 2074 3495 2129 ostendit.

1923 2151 1991 2206 Et
2021 2152 2263 2223 insuper,
2301 2171 2410 2209 non
2445 2157 2849 2226 deSpiciendam
2901 2177 3021 2216 esse
3057 2175 3160 2216 tam
3188 2175 3498 2233 opportune

1924 2243 2160 2299 oblatam
2196 2248 2535 2303 venationem
2557 2289 2571 2315 ,
2601 2251 2697 2305 sed
2731 2254 3049 2322 episcopum
3090 2268 3157 2308 eo
3191 2263 3252 2310 et
3290 2254 3499 2311 clerum

1926 2335 2035 2391 illis
2098 2341 2501 2408 quamprimum
2570 2344 2897 2399 mittendum
2954 2364 3074 2402 esse
3144 2350 3494 2419 supplicavit.

1925 2426 2256 2485 Athanasius
2286 2447 2448 2500 porro
2474 2435 2659 2490 verbis
2687 2438 2770 2491 eis
2815 2442 2868 2492 in
2902 2441 3089 2495 animo
3124 2458 3223 2495 suo
3260 2458 3499 2512 perpen-

1925 2518 2025 2581 sis,
2059 2521 2355 2591 episcOpis,
2400 2525 2497 2593 qui
2534 2536 2646 2580 tum
2670 2526 3010 2584 Alexandriae
3045 2532 3294 2597 aderant,
3330 2533 3499 2587 advo-

1925 2611 2085 2675 catis,
2137 2628 2244 2669 non
2288 2617 2454 2672 alium
2489 2622 2751 2689 aptiorem
2798 2625 3083 2695 magisque
3116 2627 3371 2681 idoneum
3429 2627 3497 2680 ad
3534 2680 3541 2687 .

1926 2705 2134 2760 cultum
2176 2708 2421 2764 divinum
2473 2712 2543 2766 ibi
2600 2708 2978 2785 adaugendum
3027 2704 3294 2787 judicavit
3354 2735 3496 2786 esse,

1927 2812 2089 2866 quain
2118 2814 2243 2852 eum
2267 2800 2461 2870 ipsum,
2482 2805 2572 2873 qui
2603 2808 2811 2876 primus
2832 2808 3039 2862 semina
3062 2809 3498 2867 Christianorum

1928 2891 2331 2945 communionis
2361 2896 2502 2962 apud
2537 2910 2632 2950 eos
2668 2897 2913 2964 jecisset.
2945 2899 3121 2968 Atque
3153 2903 3240 2955 ille
3274 2919 3501 2972 persuaa

1929 2995 2041 3044 sus,
2070 2982 2436 3052 episcopatum
2467 2991 2743 3057 suscepit;
2772 2997 2827 3042 et
2856 2989 2911 3042 in
2940 2992 3210 3059 regionem
3236 2993 3499 3049 ludorum

1930 3087 2204 3135 reversus.
2243 3092 2418 3145 prieco
2449 3078 2723 3151 Evangelii
2756 3082 2879 3136 istic
2909 3084 3165 3138 omnibus
3193 3085 3366 3139 lactus
3391 3099 3496 3143 est.

274 3170 450 3239 ρὴσας,
475 3143 681 3239 οἴκους.
706 3175 827 3247 Θεῷ
858 3143 1144 3244 πλείστους
1176 3143 1509 3254 ιῖιίνίιγᾩὲέιὶ⁷
1525 3143 1744 3260 ὀιξιτρδζ
1767 3191 1824 3244 δὲ

1934 3163 2239 3235 Tantopere
2271 3184 2399 3223 νντο
2442 3188 2564 3225 eum
2597 3174 2875 3227 laudatum
2907 3191 3027 3230 esse
3061 3176 3244 3253 ferunt
3269 3219 3283 3243 ,
3316 3190 3373 3233 ut
3407 3197 3504 3249 pa-

272 3262 354 3314 u‘.
388 3266 507 3318 κατ’
556 3267 729 3336 ἄμφω
782 3268 972 3340 ψυχῶν
1025 3274 1121 3326 καὶ
1167 3277 1437 3345 σωμάτων
1482 3280 1823 3349 ἀνηκέστων,

273 3353 556 3423 ἐθεράπευε
581 3363 778 3429 χρόνια
804 3364 1112 3435 τραύματα.
1146 3367 1334 3421 Ταῦτα
1374 3369 1658 3440 Ῥουφῖνος
1689 3375 1828 3429 ἱστόο

273 3459 447 3510 ρησεν,
473 3448 709 3520 Δίδεσίῳ
727 3450 831 3504 ἀνά
852 3452 950 3523 τὴν
978 3454 1155 3527 Τύρον
1182 3460 1514 3531 περιτυχὼν,
1535 3461 1610 3526 ὥς
1639 3482 1826 3534 φησιν.

282 3532 414 3587 Ἀλλ’
438 3536 582 3590 οὕτω
620 3539 721 3608 μὲν
757 3543 853 3593 καὶ
883 3545 916 3613 ἡ
959 3544 1095 3615 παρ’
1142 3547 1323 3612 Ἰνδοῖς
1372 3532 1831 3623 ἱερωσύνη-συνέ-

274 3642 385 3696 στηο
419 3629 681 3682 κάκεῖθεν
714 3633 914 3704 ἐφεξῆς
947 3636 1011 3689 τὸ
1056 3637 1199 3693 θεῖον
1230 3639 1408 3712 δόγμα
1443 3643 1534 3698 διὰ
1564 3646 1674 3700 τῶν
1699 3650 1832 3718 ὀμό-

275 3734 375 3784 ρων
402 3721 577 3793 διέῦη.
610 3724 735 3787 Τοῖς
756 3726 801 3778 δ’
833 3728 1015 3792 αὐτοῖς
1036 3730 1093 3784 δὲ
1115 3733 1355 3803 χρόνοις,
1381 3736 1476 3789 καὶ
1510 3738 1829 3811 ’Δρμενίους

275 3812 539 3885 ἐπυθόμην
566 3818 641 3870 τά
679 3819 1026 3889 Χριστιανῶν
1079 3824 1319 3883 ἑλέσθαι.
1362 3828 1669 3904 Γρηγορίου
1720 3834 1831 3905 γὰρ

273 3910 468 3965 ἐκείνου
496 3913 596 3968 τοῦ
643 3913 975 3986 Θαυμαστοῦ
1003 3919 1174 3973 πολλά
1218 3921 1357 3992 πρὸς
1388 3922 1699 3995 Τηριδάτου
1728 3948 1832 3983 πα-

276 4002 444 4069 θόντος
460 4006 549 4061 διά
567 4006 618 4062 Χ
625 4010 834 4079 ριστὸν,
854 4011 951 4065 καὶ
976 4014 1111 4082 μετά
1135 4014 1335 4087 πολλὴν
1350 4017 1442 4070 καὶ
1461 4019 1717 4091 ποικίλην
1739 4038 1834 4076 κα·-

276 4097 379 4149 κῶν
409 4098 574 4166 ἰδέαν,
599 4101 693 4153 ἐπὶ
727 4104 1235 4173 τεσσαρεσκαίδεκα
1265 4106 1359 4178 έτη
1403 4108 1594 4182 λάκκῳ
1638 4112 1832 4185 βορϐο-

277 4188 425 4253 ρώὃει
452 4196 548 4247 καὶ
580 4195 815 4262 ἀφεγγεῖ
840 4197 1313 4264 συγκλεισθέντος,
1347 4202 1662 4272 Τηριδάτης
1687 4209 1715 4259 ό
1738 4205 1831 4259 τοῦ

276 4280 448 4345 ἔθνους
475 4285 782 4355 ἡγούμενος
827 4289 1123 4356 θεομηνίας
1152 4292 1378 4345 πανοικὶ
1400 4295 1662 4365 πειρᾶται
1709 4295 1835 4349 σύν-

277 4385 383 4439 αμα
427 4377 536 4438 τοῖς
572 4376 900 4445 ὑπερέχουσι
926 4414 942 4430 .
991 4379 1241 4451 Χοιρὼδη
1281 4383 1389 4459 γὰρ
1444 4386 1538 4438 καὶ
1591 4385 1706 4454 βίον
1737 4388 1832 4440 καὶ

276 4461 388 4531 ὄψιν
408 4466 801 4537 ἀμειψάμενοι,
827 4468 1014 4539 διῆγον
1041 4473 1180 4539 σφᾶς
1208 4474 1408 4537 αὐτοὺς
1426 4476 1827 4538 κατεσθίοντες.
1864 4497 1908 4551 ο

288 4553 417 4608 Ἀλλ’
447 4559 657 4613 ἐκεῖθεν
681 4561 969 4631 ἀνιμηθεὶς
993 4565 1022 4616 ό
1049 4564 1192 4627 θεῖος
1239 4565 1563 4637 Γρηγόριος,
1614 4568 1705 4636 ὑφ’
1754 4570 1834 4621 ἐνὶ

281 4646 569 4719 συνθήματι
608 4652 816 4714 πάντας
852 4652 1182 4726 θρησκεύειν
1213 4656 1447 4723 Χριστὸν
1490 4657 1706 4711 ἔπειθεν
1730 4672 1746 4690 ο
1772 4660 1835 4711 ἐκ

279 4737 367 4805 τῆς
409 4743 654 4812 χοιρείας
704 4743 754 4795 τ’
812 4745 1028 4815 ἐκείνης
1083 4748 1173 4799 καί
1218 4752 1436 4819 μορφῆς
1483 4751 1579 4801 καὶ
1624 4750 1835 4821 διαίτης

250 4823 645 4900 ’ἀπαλλάττων,
690 4838 788 4906 τὴν
818 4837 958 4891 κατά
1002 4838 1241 4908 Χριστὸν
1276 4838 1625 4904 ἀσπάζεσθαι
1681 4843 1837 4896 πολι-

283 4922 420 4977 τείαν
446 4927 693 4997 ἠρέθισε·
723 4928 861 4991 νεώς
892 4945 951 4981 τε
985 4929 1175 4992 αὐτοῖς
1206 4931 1492 5000 ἀνήγειρε,
1524 4932 1621 4985 καὶ
1644 4932 1712 4985 τὰ
1734 4933 1837 5002 τῆς

290 5020 541 5088 μυστικῆς
567 5022 742 5074 ἐτέλει
766 5022 979 5086 τούτοις
1011 5021 1224 5084 θυσίας.
1256 5024 1479 5086 Καινοῖς
1505 5023 1562 5077 δὲ
1592 5023 1837 5094 θαύμασι

285 5109 402 5168 τοὺς
431 5111 672 5175 ἐνοίκους
702 5112 963 5182 δαίμονας
995 5112 1279 5178 ἀπελάσας
1304 5114 1404 5184 τῆς
1436 5114 1643 5186 χώρας,
1676 5117 1838 5169 αὐτόν

184 5208 191 5211 ‘
286 5215 339 5251 τε
384 5202 419 5254 Γ
425 5204 678 5275 ρηγορίον
729 5205 949 5273 σύναμα
982 5206 1263 5277 Τηριδάτῃ
1318 5208 1469 5275 παρὰ
1522 5207 1615 5259 τὸν
1665 5206 1840 5275 μέγαν

292 5292 500 5361 βασιλέα
526 5299 942 5350 Κωνσταντῖνον
970 5298 1246 5365 γενέσθαι*
1283 5298 1377 5351 τὸν
1418 5299 1473 5351 δέ
1512 5297 1840 5366 συνήδεσθαι

290 5384 352 5436 τά
375 5389 647 5458 παράδοξα
702 5388 1044 5444 ὃιακούοντα.
1094 5390 1428 5443 Ἐπίσκοπον
1477 5389 1533 5442 δὲ
1578 5390 1676 5459 τῆς
1711 5390 1842 5460 ὅλης

292 5475 460 5545 χώρας
489 5481 838 5550 καταστήσας
873 5480 1179 5550 Γρηγόριον
1208 5481 1456 5550 ἔπεμπεν
1482 5520 1499 5536 .
1542 5479 1681 5534 Ὑπὸ
1707 5481 1839 5550 γοῦν

354 5610 426 5681 (l)
452 5615 625 5669 Alium
662 5618 808 5673 hunc
835 5616 1159 5687 Gregorium
1197 5616 1488 5673 Miriﬂcum
1539 5617 1707 5673 fuisse
1739 5618 1841 5673 ali-

297 5688 407 5747 quis
439 5697 585 5752 puiet
613 5687 682 5741 ab
710 5703 777 5740 eo
808 5686 969 5756 queni
1004 5702 1169 5756 supra
1195 5686 1446 5756 Origenis
1479 5689 1838 5757 discipulum,

298 5760 346 5803 ct
379 5769 686 5825 episcopum
728 5756 1229 5812 Neocaesariensem
1278 5759 1330 5811 in
1369 5756 1544 5813 Ponto
1593 5756 1841 5814 extitisse

1930 3271 2041 3309 rem
2100 3272 2223 3312 cum
2276 3264 2536 3330 apostolis
2582 3265 2798 3319 laudem
2854 3277 2908 3321 et
2966 3268 3229 3323 honorem
3289 3271 3499 3327 tulerit.

1929 3348 2307 3405 Clarissiiiium
2335 3357 2481 3407 enim
2516 3371 2641 3410 eum
2674 3357 2819 3413 Deus
2852 3360 3111 3424 reddidit,
3150 3363 3412 3430 prodigiis
3445 3376 3504 3421 et

1930 3441 2210 3497 miraculis
2292 3446 2601 3517 insignibus
2670 3464 2962 3506 exornans.
3040 3453 3109 3507 Et
3174 3455 3502 3524 locupletem

1930 3547 2125 3589 nactus
2166 3540 2416 3606 gratiam,
2475 3542 2705 3609 plurima
2776 3544 2883 3597 lleo
2938 3546 3223 3600 constituit
3277 3549 3502 3617 templa,

1932 3627 2285 3697 medicosque
2317 3630 2621 3686 animarum
2645 3633 2798 3703 juxta
2822 3645 2877 3689 et
2903 3628 3191 3706 corporum
3232 3640 3506 3693 incurabi-

1931 3718 2066 3773 lium
2101 3719 2361 3777 diuturna
2393 3725 2608 3780 sanavit
2647 3726 2892 3781 vulnera.
2940 3728 3066 3783 Hzec
3119 3729 3351 3785 Rullnus
3395 3747 3507 3787 ine-

1932 3818 2121 3872 moriaa
2155 3816 2417 3888 prodidit,
2453 3818 2547 3886 qui
2579 3831 2638 3872 se
2680 3816 2962 3873 IEdesium
3016 3818 3145 3891 Tyri
3181 3824 3508 3878 convenisse

1931 3907 2120 3964 refert.
2172 3909 2239 3963 Et
2283 3908 2351 3962 ad
2402 3908 2550 3963 hunc
2587 3909 2809 3979 quidem
2862 3912 3084 3965 modum
3147 3914 3508 3970 sacerdotalis

1932 3998 2171 4068 dignitas
2198 4008 2253 4053 et
2282 3997 2685 4053 administratio
2731 4001 2871 4069 apud
2900 4000 3061 4056 Indos
3094 4013 3177 4056 est
3203 4004 3455 4059 instituta
3488 4020 3504 4058 :

1933 4098 2078 4148 unde
2127 4093 2385 4164 deinceps
2439 4093 2926 4163 divinuinIdogma
2976 4095 3234 4151 ﬁnitimas
3289 4114 3509 4168 quoque

1935 4186 2182 4257 regiones
2225 4187 2483 4257 pervasit.
2524 4187 2743 4241 Eisdem
2795 4188 2911 4243 lere
2948 4191 3289 4257 temporibus
3318 4192 3508 4245 Arinc-

1934 4279 2053 4331 nios
2087 4278 2276 4332 itidem
2310 4276 2674 4333 Christianam
2706 4278 3019 4348 religionem
3045 4284 3360 4350 complexos
3386 4298 3510 4339 esse

1934 4369 2141 4423 audivi.
2163 4370 2299 4423 Cum
2330 4369 2476 4424 enim
2500 4369 2797 4440 Gregorius
2839 4371 2931 4426 ille
2959 4371 3058 4441 (l),
3103 4372 3199 4442 qui
3230 4376 3509 4431 miraculis

1934 4461 2163 4515 edendis
2227 4462 2408 4515 clarus
2473 4461 2603 4524 fuit,
2666 4462 2834 4517 multa
2888 4479 2919 4518 a
2986 4464 3228 4518 Tiridate
3291 4476 3510 4533 propter

1934 4551 2212 4607 Christum
2246 4569 2456 4622 passus,
2484 4565 2679 4624 etpost
2702 4556 2900 4609 multas
2924 4558 3211 4623 variasque
3240 4560 3506 4613 malorum

1935 4644 2145 4712 species
2173 4644 2239 4698 ad
2270 4644 2685 4713 quatuordecim
2730 4662 2905 4701 annos
2965 4648 3136 4719 fovea:
3183 4664 3414 4706 caenosa:
3452 4661 3511 4706 et

1937 4734 2245 4805 CaligilI03IB
2290 4738 2534 4793 inclusus
2570 4750 2734 4801 esset,
2774 4739 3048 4794 Tiridates
3078 4741 3196 4810 ipse
3226 4746 3341 4813 ejus
3371 4760 3507 4812 gen-

1940 4828 2009 4882 tis
2038 4830 2312 4898 princeps,
2342 4846 2466 4885 cum
2500 4834 2661 4886 domo
2684 4847 2781 4886 sua
2826 4842 2959 4893 tota,
2995 4845 3193 4888 etcum
3229 4837 3510 4904 eptimati-

1939 4919 2062 4985 bus,
2089 4919 2287 4975 divinae
2333 4921 2427 4977 irae
2463 4922 2760 4978 vindictam
2794 4933 2877 4977 est
2908 4936 3185 4993 expertus.
3231 4928 3310 4980 Ad
3343 4929 3511 4983 vitam

1939 5015 2085 5069 enim
2119 5016 2281 5071 simul
2319 5026 2377 5072 et
2424 5018 2653 5073 formam
2687 5036 2978 5088 porcorum
3012 5021 3217 5075 redacti
3247 5062 3261 5085 ,
3301 5024 3513 5093 seipsos

1939 5108 2297 5165 devorabam.
2336 5109 2593 5165 Sedenim
2617 5128 2683 5166 ex
2722 5116 2877 5168 fovea
2913 5114 3000 5167 illa
3040 5124 3316 5169 extractus
3349 5117 3513 5173 divus

1942 5199 2257 5272 Gregorius,
2314 5220 2421 5258 uno
2464 5205 2622 5275 signo
2685 5207 2941 5259 omnibus
3002 5206 3281 5262 Christum
3329 5210 3513 5266 colere

1942 5295 2251 5362 persuasit:
2302 5306 2357 5351 et
2402 5296 2557 5350 suilla
2610 5297 2780 5350 forma
2844 5308 3005 5366 atque
3068 5299 3176 5353 vita
3230 5300 3509 5366 liberatus,

1944 5386 2253 5441 institutum
2303 5399 2544 5442 nostrum
2594 5391 2882 5458 complecti
2916 5392 3132 5460 coegit,
3177 5392 3401 5448 delubra
3435 5413 3515 5449 eis

1944 5482 2271 5541 construxit,
2307 5495 2457 5534 sacra
2494 5483 2675 5534 arcani
2722 5493 2777 5535 et
2828 5483 3038 5553 iiiniici
3083 5486 3335 5538 sacriﬁcii
3369 5488 3515 5539 υιιξο-

1945 5611 2197 5689 legimus.
2216 5612 2333 5689 _$_eil
2365 5630 2508 5668 unus
2541 5623 2599 5689 et
2632 5616 2776 5689 idem
2807 5628 2912 5684 est,
2944 5618 3102 5673 sicuti
3135 5620 3391 5689 colligere
3431 5627 3517 5673 cst

1947 5683 2089 5738 infra
2120 5700 2184 5739 ex
2212 5684 2310 5739 lib.
2350 5702 2407 5752 ιι,
2434 5701 2552 5755 cap.
2588 5686 2669 5739 l9.
2900 5683 2905 5684 “
3267 5683 3299 5706 '-
