4062 6554
479 355 585 417 135
1697 350 2123 412 NICEPHORI
2161 348 2507 413 CALLISTI
3146 404 3155 413 .
3628 350 3739 407 136

465 476 667 541 bravit,
704 486 757 530 et
785 475 943 530 novis
998 470 1283 529 miraculis
1332 472 1544 529 incolas
1573 470 1850 527 daemones
1896 486 1963 527 ex
1992 486 2042 526 ea

2162 470 2444 541 Τηριὸάτῃ
2489 466 2791 539 Γρηγόριος
2838 464 3341 537 συγκροτούμενος,
3378 461 3447 518 τά
3492 478 3553 516 τε
3600 463 3740 531 παρ’

465 570 686 640 regione
716 567 1052 623 exturbavit.
1086 565 1226 621 Sunt
1272 565 1367 641 qui
1420 563 1755 636 Gregorium
1786 578 1893 617 una
1923 578 2042 618 cum

2157 565 2393 625 ἐκείνοις
2454 562 2703 616 είδωλετα
2752 561 3128 630 κατέστρεφε,
3186 560 3280 613 καὶ⁵
3334 555 3557 629 Χριστῷ
3614 556 3741 609 θεῖα

464 660 719 714 Teridatc
758 659 825 713 ad
891 660 1277 729 Imperatorem
1330 672 1584 728 magnum
1623 655 2042 712 Constantinum

2155 655 2362 723 τεμένη
2413 652 2698 722 ἀνήγειρε.
2749 650 3002 719 Θαύμασι
3049 649 3095 701 δ’
3142 648 3405 715 ἐξαισίοις
3462 648 3646 698 πίστει
3673 648 3741 696 τὸ

465 756 683 812 venisse
713 755 959 818 tradunt,
990 767 1229 822 eumque
1261 761 1371 807 tam
1407 750 1649 805 miranda
1675 758 1730 805 et
1767 749 2042 817 inopinata

2154 746 2385 815 σύμπαν
2414 745 2826 817 χειρωσάμενος
2851 743 3004 807 ἔθνος
3024 783 3040 807 ,
3075 739 3363 807 ἐϐάπτιζε,
3397 746 3495 794 καὶ
3518 739 3596 812 τῷ
3620 755 3739 793 σω-

464 848 780 902 audientem
808 859 1137 915 niagquere
1163 844 1404 898 lzetatum
1437 857 1560 897 esse
1585 880 1600 901 .
1629 854 1686 897 et
1720 840 2042 909 Gregorium

2153 839 2279 908 τῆρι
2316 841 2563 908 προσῆγε
2610 835 2854 906 Χριστῷ.

469 945 648 1011 ipsum
681 940 851 994 totius
893 939 1013 1010 ejus
1053 935 1291 1007 regionis
1338 936 1655 1004 episcopum
1703 934 2114 998 ordinatum,eo
2145 931 2385 985 misisse.
2412 929 2579 1003 610
2610 928 2911 998 Gregorius
2934 926 3103 999 igitur
3154 922 3429 981 Teridatis
3468 921 3739 992 suﬂragio

466 1037 880 1107 comprobatus,
922 1050 1048 1088 cum
1083 1032 1356 1087 idolorum
1400 1031 1524 1085 fana
1566 1031 1639 1085 ibi
1675 1032 1898 1096 evertit,
1924 1040 2039 1085 tum
2067 1027 2291 1084 Christo
2324 1041 2485 1083 sacra
2532 1026 2731 1096 templa
2771 1026 2980 1087 erexit,
3011 1032 3068 1077 et
3118 1021 3400 1107 miraculis
3439 1018 3739 1090 praecipuis

469 1134 779 1187 universam
811 1138 1026 1200 gentem
1052 1127 1118 1181 ad
1149 1126 1307 1180 fidem
1342 1136 1584 1181 nostram
1624 1125 1905 1182 redactam
1931 1125 2249 1193 baptizavit,
2285 1135 2452 1194 atque
2477 1122 2545 1178 ad
2575 1122 2921 1178 Servatoretu
2941 1117 3218 1175 Christum
3236 1116 3484 1173 adduxit.

983 1239 1212 1296 CAPUT
1261 1239 1506 1296 XXXVI.

465 1338 606 1403 Quid
634 1336 828 1405 Sapori
868 1336 977 1405 regi
1025 1334 1314 1388 Persarum
1341 1335 1633 1387 acciderit:
1686 1334 1752 1387 de
1803 1332 2043 1405 episcopo

541 1404 815 1489 ngepne,
868 1404 1034 1475 deque
1085 1405 1147 1457 iis
1203 1410 1294 1474 qui
1343 1420 1463 1457 cum
1510 1420 1572 1458 eo
1613 1404 1870 1473 martyrio
1918 1409 2045 1456 sunt

541 1488 736 1531 aﬂectt.

539 1480 844 1638 gif‘l'dnge
872 1577 992 1637 post
1044 1582 1142 1637 per
1178 1564 1440 1619 finitimos
1493 1564 1725 1635 populos
1756 1562 1825 1619 ad
1871 1564 2047 1635 pluri-

469 1678 589 1715 mos
641 1661 837 1729 dogma
885 1669 1138 1714 nostrum
1192 1658 1442 1728 pervenit
1483 1673 1497 1708 :
1539 1671 1568 1709 a
1622 1656 1823 1725 quibus
1860 1664 1919 1713 et
1967 1654 2043 1711 ad

412 1744 418 1807 ί
468 1750 661 1809 Persas
710 1753 1015 1808 doctrinam
1059 1760 1172 1806 tum
1220 1751 1507 1822 pertigisse
1558 1749 1837 1804 existimo.
1892 1750 2044 1805 Non—

2716 1234 2972 1289 ΚΕΦΔΔ.
3019 1234 3164 1299 Aq'.

2149 1329 2287 1396 Περὶ
2325 1328 2444 1382 τῶν
2478 1328 2550 1382 ἐν
2596 1328 2843 1395 Περσίδι
2894 1324 3317 1395 γεγενημένων
3366 1323 3611 1396 Σασῴρῃ
3649 1323 3738 1389 τῷ

2214 1394 2471 1467 βασιλεῖ
2493 1418 2506 1430 ·
2533 1399 2631 1452 καί
2650 1394 2797 1467 περὶ
2833 1394 2941 1451 τοῦ
2971 1394 3310 1467 ἐπισκόπου
3338 1394 3607 1464 Συμεὼν,
3630 1398 3739 1448 καὶ

2219 1468 2338 1521 τῶν
2358 1472 2483 1523 σὺν
2511 1466 2674 1533 αὐτῷ
2689 1465 3235 1539 μαρτυρησάντων.

2218 1562 2293 1614 Ού
2325 1559 2508 1631 πολλῷ
2536 1560 2592 1613 δὲ
2623 1559 2854 1629 ὕστερον
2879 1558 2969 1612 διὰ
2995 1558 3103 1612 τῶν
3151 1558 3370 1629 ὁμόρων
3418 1558 3498 1619 είς
3526 1555 3735 1627 πλῆθος

2149 1653 2211 1707 τδ
2235 1653 2413 1723 δόγμα
2444 1653 2759 1707 ἐπέδωκεν*
2780 1651 2840 1718 ἐξ
2894 1645 2970 1705 ὧν
2996 1650 3241 1723 ἡγοῦμαι
3307 1650 3402 1705 καὶ
3431 1652 3484 1714 ἐς
3520 1649 3740 1719 Πέρσας

2148 1746 2406 1817 διαϐῆναι
2434 1745 2739 1816 τηνικαῦτα
2769 1744 2831 1797 τὸ
2860 1745 3147 1816 κήρυγμα.
3185 1743 3345 1810 Τινὲς
3369 1746 3477 1814 γάρ
3518 1743 3738 1797 ἐκεῖθεν

466 1847 599 1900 nulli
634 1845 838 1901 etenim
873 1861 939 1898 ex
979 1844 1195 1909 Persis,
1227 1859 1349 1896 cum
1386 1842 1648 1898 Osroenis
1682 1851 1740 1896 et
1769 1842 2042 1895 Armeniis

2159 1840 2473 1910 Ὀσροηνοῖς
2510 1842 2602 1892 καὶ
2643 1836 2957 1910 Ἀρμενίοις
2987 1836 3439 1908 ἐπιμιγνύμενοι,
3469 1838 3639 1900 θείοις
3670 1837 3738 1889 τι

462 1938 790 1995 familiarius
813 1944 1056 2006 agentes.
1087 1945 1143 1989 et
1173 1949 1296 1988 eum
1330 1935 1535 1989 sanctis
1560 1932 1890 2004 quibusdam
1913 1933 2046 1987 viris

464 2030 630 2085 verba
663 2029 1012 2084 conferentes
1035 2068 1050 2089 ,
1094 2026 1356 2098 paulatim
1387 2027 1649 2082 virtutem
1696 2027 1916 2081 illorum
1951 2040 2047 2078 ex-

466 2116 629 2185 perti,
658 2115 724 2169 ad
762 2116 888 2168 vitae
919 2129 1112 2169 eorum
1145 2113 1549 2168 aemulationem
1593 2115 1756 2170 tacite
1799 2114 1957 2175 ferri,
1989 2124 2047 2168 et

464 2207 944 2262 Christianismum
995 2207 1251 2277 amplecti
1299 2220 1540 2276 coepere.
1573 2206 1677 2263 Ubi
1708 2215 1889 2262 autem
1919 2223 2045 2262 cum

471 2309 720 2367 tempore
751 2313 1016 2352 numerus
1044 2311 1235 2352 eorum
1285 2308 1369 2352 est
1399 2306 1617 2361 auctus,
1636 2300 1885 2354 ecclesia:
1911 2313 2046 2352 con-

467 2399 711 2454 structae,
746 2388 1092 2442 sacerdotum
1141 2388 1279 2447 ordo
1315 2388 1878 2465 institutuskaliaqne
1926 2404 2047 2457 qure

471 2493 784 2535 nostrorum
820 2490 950 2534 sunt
977 2495 1262 2537 sacrorum
1297 2490 1541 2551 peracta.
1571 2497 1679 2535 non
1710 2482 2047 2537 mediocrem

464 2589 530 2625 ea
565 2587 652 2625 res
702 2572 874 2641 magis
927 2572 1115 2626 attulit
1173 2576 1407 2642 plagam.
1450 2573 1492 2627 li
1527 2573 1672 2629 enim
1713 2572 2045 2642 antiquitus,

465 2663 635 2717 vrtuti
663 2662 865 2717 familia
905 2664 1155 2733 quaedam
1192 2665 1256 2717 ad
1302 2680 1467 2735 quam
1499 2665 1868 2721 sacerdotium
1916 2682 2047 2737 per-

464 2766 655 2815 tineat,
684 2771 794 2809 rem
831 2755 1072 2810 divinam
1104 2756 1246 2826 apud
1291 2772 1386 2811 eos
1419 2767 1738 2828 procurant.
1793 2758 1936 2825 Quin
1986 2768 2043 2814 et

460 2845 669 2898 Judaais
708 2845 801 2913 qui
843 2844 918 2898 ibi
972 2854 1123 2907 sunt,
1181 2830 1339 2916 αιςιὲ
1380 2846 1508 2909 fuit,
1538 2846 1865 2917 jamdudum
1917 2846 2047 2903 odio

463 2946 629 3004 atque
661 2936 866 2990 invidia
903 2937 1168 2991 adversus
1204 2936 1524 3006 religionem
1575 2947 1814 2993 nostram
1838 2977 1856 3003 ,
1888 2939 2048 2993 nobis

465 3027 719 3081 infensis.
747 3026 785 3080 li
815 3026 1216 3097 Saporem,qui
1247 3037 1363 3082 tum
1388 3045 1618 3098 regnum
1651 3031 1704 3084 in
1732 3046 1798 3085 ea
1825 3031 2047 3102 regione

463 3115 771 3182 obtinebat,
835 3116 1099 3171 adeunt:
1171 3129 1228 3171 et
1284 3119 1610 3188 Symconem
1675 3120 1940 3175 Seleuciae
1990 3128 2047 3174 et

462 3207 861 3273 Ctesiphontis,
893 3210 1277 3278 primariarum
1314 3214 1368 3262 in
1401 3211 1623 3264 Perside
1660 3212 1900 3273 urbium,
1933 3210 2047 3281 epi—
2068 3177 2114 3239 ϐ

464 3314 719 3367 scopum,
753 3315 849 3368 per
890 3299 1223 3353 calumniam
1255 3301 1536 3367 deferunt,
1572 3302 1742 3355 veluti
1772 3302 2047 3357 Romano-

467 3402 587 3437 rum
618 3387 937 3453 imperatori
970 3388 1228 3449 amicum,
1265 3387 1537 3457 rebusque
1587 3389 1875 3445 Persarum
1910 3389 2047 3446 inie~

464 3488 630 3530 stum.
678 3479 739 3530 Et
767 3494 857 3531 rex
896 3478 1004 3532 fide
1039 3479 1144 3532 illis
1183 3480 1389 3541 habita,
1427 3481 1666 3550 primum
1693 3482 2042 3537 Christianos

465 3570 823 3624 vehementer
888 3572 1119 3635 vexavit,
1173 3574 1465 3642 pratfectos
1517 3575 1628 3629 illis
1668 3577 1816 3631 viros
1870 3594 2045 3632 saevos

463 3663 827 3727 constituens,
864 3674 920 3717 et
961 3665 1164 3719 tributa
1192 3667 1377 3734 gravia
1411 3666 1720 3737 imponens,
1744 3680 1804 3722 ut
1833 3670 2046 3725 scilicet

462 3764 707 3819 egestate
733 3764 790 3807 et
839 3766 1158 3810 exacturum
1208 3757 1534 3813 crudelitate
1565 3762 1885 3830 expugnati,
1915 3764 2047 3817 reli-

462 3847 680 3911 gionem
716 3846 1110 3914 repudiarent:
1148 3848 1198 3902 id
1233 3852 1379 3920 quod
1404 3852 1455 3905 ei
1499 3866 1827 3922 magnopere
1860 3853 2044 3909 studio

462 3937 585 3990 fuit.
625 3938 832 3992 Deinde
872 3941 1190 3995 sacerdotes
1217 3952 1381 4011 atque
1412 3942 1723 4014 episcopos,
1779 3954 2040 4016 tanquam

460 4043 655 4082 eorum
693 4031 976 4098 praefectos
994 4033 1271 4103 jugulare,
1292 4034 1560 4090 ecclesias
1582 4036 1864 4103 demoliri,
1885 4053 2042 4094 sacra

460 4121 689 4175 donaria
745 4124 1048 4192 publicare,
1104 4139 1160 4181 et
1216 4127 1542 4196 Symeonem
1597 4129 1828 4198 perinde
1877 4140 2042 4201 atque

462 4214 711 4284 religioni
781 4214 943 4270 simul
1006 4224 1061 4272 et
1118 4233 1287 4286 regno
1333 4219 1625 4274 Persarum
1686 4220 2041 4276 insidiantem

459 4305 661 4373 corripi
710 4305 898 4375 jussit.
930 4305 1123 4377 itaque
1171 4311 1340 4381 magi,
1395 4310 1597 4365 Iudaeis
1629 4310 2040 4381 adjuvantibus,

455 4398 719 4452 ecclesias
752 4400 934 4453 statim
966 4401 1084 4453 solo
1114 4412 1337 4469 mquant
1374 4418 1388 4454 :
1421 4413 1476 4456 et
1509 4404 1810 4473 Symeones
1842 4405 2039 4457 ferreis

2148 1948 2290 1984 τισιν
2326 1930 2555 2003 ἀνδράσι
2605 1929 3054 2000 διομιλούμενοι,
3088 1930 3183 1983 καὶ
3226 1930 3407 1999 ἡσυχῆ
3458 1930 3556 1998 τῆς
3585 1928 3741 1980 ὲκεί-

2147 2041 2255 2077 νων
2277 2022 2613 2094 πειρώμενοι
2640 2020 2865 2093 ἀρετῆς,
2897 2022 2980 2086 είς
3010 2022 3177 2091 ζῆλον
3215 2026 3315 2092 τῆς
3346 2021 3571 2074 ἐκείνων
3590 2020 3740 2074 διαί-

2143 2129 2249 2185 της
2292 2114 2423 2166 κατ’
2466 2113 2648 2183 ὀλίγον
2692 2108 2850 2185 ἧκον,
2883 2113 2980 2168 καὶ
3022 2114 3433 2184 Χριστιανίζειν
3478 2115 3735 2184 ἧρχοντο.

2159 2207 2249 2270 Ὠς
2299 2206 2358 2261 δὲ
2406 2207 2586 2279 χρόνῳ
2646 2206 2899 2261 πλεῖστοι
2963 2208 3255 2277 γενόμενοι
3315 2206 3618 2277 ἐκκλησίας
3669 2224 3736 2260 τε

2146 2298 2546 2363 ἐπεσκεύαζον,
2578 2300 2673 2352 καὶ
2707 2298 3014 2370 ἱερωσύνην
3052 2300 3394 2364 συνίσταντο,
3434 2301 3529 2352 καὶ
3559 2298 3737 2352 τᾶλλα

2148 2390 2247 2461 τῆς
2275 2391 2397 2445 καθ’
2425 2391 2573 2463 ἡμᾶς
2596 2390 2925 2462 ἐπετήδευον
2948 2389 3198 2460 τελετῆς·
3220 2393 3281 2444 ού
3315 2391 3545 2460 μετρίαν
3564 2389 3735 2459 ἐνῆκε

2148 2484 2310 2535 τοῦτο
2342 2484 2460 2546 τοῖς
2496 2482 2698 2553 μάγοις
2733 2468 2976 2553 πληγήν.
3032 2475 3196 2536 Οὗτοι
3252 2483 3361 2553 γὰρ
3393 2481 3453 2547 ἐξ
3493 2482 3734 2551 ἀρχαίου

2145 2568 2238 2626 οἷά
2262 2591 2314 2626 τι
2348 2574 2504 2641 γένος
2535 2576 2601 2645 τῇ
2654 2571 2780 2627 καθ’
2836 2574 3035 2638 αὐτοὺς
3091 2572 3376 2648 ἱερωσύνῃ
3426 2574 3731 2644 προσῆκον,

2146 2669 2251 2734 τὴν
2276 2668 2457 2721 αὐτῶν
2499 2666 2803 2736 θρησκείαν
2850 2666 3335 2737 ἐπιτροπεύουσιν.
3380 2667 3458 2720 Οὐ
3514 2668 3626 2738 μὴν
3673 2667 3735 2721 δε

2147 2759 2288 2814 ἀλλὰ
2305 2761 2397 2813 καὶ
2414 2760 2465 2812 oi
2496 2760 2625 2829 παρ’
2651 2759 2839 2822 αὐτοῖς
2883 2758 3128 2813 Ἰουδαῖοι
3154 2759 3212 2811 ἐν
3235 2759 3395 2830 δεινῴ
3417 2758 3732 2825 ἐποιοῦντο,

2148 2852 2361 2906 ἄνωθεν
2390 2852 2664 2923 βασκανία
2693 2852 2760 2921 τῇ
2790 2852 2920 2921 περὶ
2958 2851 3020 2904 τὸ
3047 2852 3319 2922 ἡμέτερον
3360 2852 3539 2921 δόγμα
3562 2854 3733 2907 ἐκπε-

2151 2944 2566 3014 πολεμωμένοι.
2599 2945 2711 2997 Καὶ
2756 2943 2989 3014 Σαόώρῃ
3035 2944 3381 3015 προσιόντες,
3428 2938 3589 3007 οὗτος
3621 2944 3731 3016 γὰρ

2149 3038 2337 3106 ἠγεῖτο
2380 3035 2687 3104 τηνικαῦτα
2738 3037 2833 3088 τοῦ
2887 3036 3102 3100 ἔθνους,
3151 3036 3242 3088 τὸν
3290 3038 3595 3091 ἐπίσκοπον
3623 3036 3730 3089 Συ-

2150 3127 2370 3198 μεώνην
2413 3126 2737 3191 Σελευκείας
2772 3114 2885 3181 ’καὶ
2939 3129 3352 3199 Κτησιφῶντος,
3386 3123 3549 3183 αὗται
3593 3128 3639 3181 δ’
3671 3131 3731 3180 ἐν

2148 3219 2376 3290 Περσίδι
2404 3219 2513 3275 τῶν
2558 3221 2770 3273 πόλεων
2826 3219 3211 3290 βασιλεύουσι,
3264 3219 3514 3274 διέϐαλον
3545 3221 3623 3283 ὡς
3653 3222 3731 3291 τῷ

2158 3310 2447 3383 Ῥωμαίων
2499 3311 2725 3384 βασιλεῖ’
2773 3313 2955 3381 φίλον,
3006 3315 3102 3366 καὶ
3154 3313 3590 3384 δυσμεναίνοντα
3616 3318 3730 3379 τοῖς

2148 3404 2377 3477 Περσῶν
2404 3406 2753 3476 πράγμασιν⁸
2802 3399 2884 3468 οἷς
2938 3406 3223 3471 πεισθεὶς,
3275 3407 3345 3461 τὰ
3398 3409 3498 3478 μὲν
3534 3409 3732 3479 πρῶτα

2147 3498 2403 3569 χαλεπῶς
2452 3497 2715 3567 ἐπέτριδε
2764 3500 2892 3561 τοὺς
2940 3499 3328 3577 Χριστιανοὺς,
3378 3503 3731 3565 ἐπιστασίαις

2146 3588 2359 3659 ἀνδρῶν
2390 3588 2618 3658 ἁπηνῶν
2670 3590 2767 3643 καὶ
2800 3590 3082 3661 δριμείαις
3115 3591 3297 3661 φόρων
3339 3592 3726 3660 είσπράξεσιν,

2144 3678 2221 3742 ὡς
2249 3680 2317 3733 ἂν
2345 3683 2414 3752 τῇ
2457 3679 2636 3752 ἐνδείᾳ
2687 3682 2783 3734 καὶ
2815 3682 3055 3755 ἁπηνείᾳ
3078 3683 3187 3738 τῶν
3223 3685 3612 3740 ἀπαιτούντων
3635 3686 3731 3740 ht-

2147 3772 2522 3843 ϐεϐιασμένοι,
2555 3772 2866 3827 ἀπόθωνται
2887 3774 2986 3844 τὴν
3010 3773 3336 3846 θρησκείαν,
3369 3775 3398 3830 δ
3436 3776 3528 3830 διὰ
3559 3794 3730 3831 σπου-

2145 3864 2244 3934 δῆς
2261 3863 2506 3936 μεγάλης
2522 3863 2674 3935 αύτῷ
2694 3859 2783 3936 ἦν*
2805 3866 3000 3919 ἔπειτα
3016 3868 3144 3928 τοὺς
3170 3867 3374 3938 ἱερέας,
3402 3870 3496 3923 καὶ
3524 3868 3732 3922 ὡσανεὶ

2148 3960 2465 4025 προστάτας
2491 3954 2670 4010 αὐτῶν
2705 3956 2945 4011 κτείνειν
2977 3959 3232 4013 ἐκέλευεν
3255 3976 3271 3993 ο
3304 3962 3386 4023 είς
3414 3962 3640 4032 ἐρείπια
3673 3962 3731 4015 δι

2146 4046 2512 4101 καθίστασθαι
2561 4050 2687 4115 τοὺς
2741 4052 2900 4116 νεὼς,
2941 4051 3132 4105 καὶτὰ
3160 4052 3281 4123 ἱερὰ
3335 4053 3608 4122 κειμήλια
3652 4054 3731 4124 τῷ

2144 4139 2303 4213 δήμῳ
2349 4141 2614 4210 ἀνεῖσθαι,
2662 4142 2759 4196 καὶ
2813 4144 2906 4198 τὸν
2957 4145 3277 4217 Συμεώνην,
3316 4148 3733 4212 ὼςηέπίὸουλον

2145 4234 2243 4285 καὶ
2304 4233 2402 4304 τῆς
2454 4233 2755 4304 θρησκείας
2803 4237 2901 4289 καὶ
2955 4239 3055 4308 τῆς
3110 4237 3390 4309 βασιλείας
3446 4242 3680 4313 Περσῶν
3712 4282 3730 4311 ,

2146 4324 2429 4396 σύρεσθαι.
2469 4326 2649 4395 Μάγοι
2688 4326 2927 4401 μὲνοῦν,
2990 4330 3263 4388 Ἰουδαίων
3312 4339 3731 4407 συναιρομένων

2143 4419 2362 4481 αὐτοῖς,
2427 4417 2526 4481 τὰς
2583 4419 2881 4491 ἐκκλησίας
2939 4423 3134 4479 θᾶττον
3178 4425 3523 4496 ἐρρίπτουν·
3589 4428 3619 4478 ό
3672 4426 3731 4479 δὲ

457 4490 816 4558 compedibus
870 4491 1113 4556 vinctus,
1168 4493 1312 4562 apud
1377 4508 1561 4565 regem
1611 4494 1861 4561 ,sistitur.
1928 4494 2032 4551 Ubi

2145 4508 2436 4581 Συμεώνης
2486 4490 2749 4583 πεδηθεὶς
2826 4514 3104 4584 σιδήροις,
3294 4518 3511 4587 βασιλεί
3559 4520 3732 4589 παρί-

459 4593 592 4632 saue
628 4581 800 4633 virum
830 4595 889 4635 se
916 4587 1207 4637 honestum
1235 4594 1291 4638 et
1329 4586 1531 4639 bonum
1566 4589 1838 4656 praestitit.
1869 4587 2030 4660 6],],

459 4665 588 4720 Post
615 4667 784 4720 multa
823 4684 1059 4739 namque
1095 4672 1328 4728 verbera
1376 4675 1750 4742 introductus,
1776 4693 1884 4733 non
1920 4694 2038 4734 ani-

461 4757 628 4826 plius,
691 4759 767 4812 uti
801 4764 1144 4817 consuetudo
1188 4764 1307 4834 ejus
1353 4764 1558 4833 fuerat,
1606 4767 1838 4824 adorare
1883 4770 2033 4825 illum

456 4851 741 4906 sustinuit.
774 4851 1119 4923 Quapropter
1158 4855 1240 4909 ira
1287 4857 1534 4927 percitus
1580 4868 1866 4931 tyrannus,
1902 4863 2033 4933 quid

457 4944 513 4997 id
542 4944 761 5000 tandem
788 4954 954 5010 esset,
985 4948 1131 5018 quod
1163 4965 1310 5006 nunc
1341 4950 1559 5006 demum
1596 4962 1793 5022 praeter
1826 4970 2033 5012 morem

456 5035 682 5102 faceret,
736 5035 1066 5108 interrogat.
1120 5041 1300 5110 Atque
1352 5041 1496 5096 ille:
1544 5042 1701 5109 Quod
1751 5061 2032 5117 nunquam

454 5140 641 5189 antea,
675 5128 876 5197 inquit,
912 5130 1075 5185 sicuti
1105 5148 1274 5193 nunc,
1306 5134 1609 5202 productus
1639 5152 1782 5203 sum,
1810 5139 1861 5194 vi
1898 5142 2033 5196 mihi

458 5222 605 5275 illata
641 5232 701 5275 ut
732 5238 920 5279 verum
964 5225 1134 5278 Deum
1170 5227 1421 5296 prodam.
1445 5228 1580 5283 Cum
1606 5230 1835 5300 quidem
1880 5235 2032 5289 nulla

459 5320 602 5368 inter
633 5331 734 5369 nos
766 5326 911 5370 esset
934 5317 1208 5372 dissensio
1229 5359 1243 5385 ,
1289 5335 1409 5389 quae
1440 5323 1608 5377 moris
1645 5310 1852 5379 Persici
1903 5338 2034 5382 sunt

455 5408 599 5473 feci;
636 5423 783 5461 nunc
809 5419 990 5463 autem
1033 5412 1187 5465 nefas
1221 5412 1275 5466 id
1316 5427 1437 5467 esse
1465 5414 1626 5470 duco.
1674 5417 1749 5471 De
1801 5421 2034 5475 veritate

456 5517 693 5572 namque
730 5513 788 5557 et
829 5503 937 5557 fide
967 5504 1128 5560 nobis
1153 5514 1237 5560 est
1268 5516 1569 5562 certamen.
1599 5510 1771 5564 Porro
1796 5511 2032 5583 Sapores

456 5594 559 5658 illi,
590 5606 649 5649 nt
673 5596 843 5650 solem
879 5597 1153 5662 adoraret,
1190 5602 2033 5676 necessitatemimponitzquod

379 5681 389 5695 ‘
453 5686 560 5740 nisi
582 5686 811 5754 faceret,
834 5704 943 5743 non
973 5691 1146 5758 ipsum
1181 5694 1368 5763 modo,
1400 5711 1588 5751 verum
1611 5697 1778 5754 etiam
1811 5714 2030 5754 omnem

452 5793 575 5848 quae
603 5779 676 5835 ibi
709 5790 857 5837 esset
894 5780 1335 5841 Christianorum
1382 5796 1600 5857 gentem
1622 5829 1639 5853 ,
1679 5788 2031 5845 interituram

2138 4618 2321 4659 στατο.
2353 4602 2523 4658 Ἔνθα
2560 4604 2624 4675 δὴ
2658 4605 2802 4676 ἀνὴρ
2827 4606 2989 4672 καλός
3013 4625 3072 4661 τε
3101 4608 3199 4665 καὶ
3228 4611 3431 4675 ἀγαθὸς
3469 4612 3729 4683 διεφάνη.

2135 4692 2293 4746 Μετὰ
2318 4694 2425 4765 γὰρ
2453 4694 2656 4761 πολλὴν
2683 4694 2916 4765 βάσανον
2940 4697 3218 4768 εἰσαχθεὶς
3237 4739 3255 4764 ,
3284 4701 3470 4754 οὐκέτι
3496 4702 3575 4763 ὡς
3605 4703 3733 4767 ἔθος

2136 4783 2286 4856 αὐτῷ
2314 4785 2695 4857 προσκυνῆσαι
2724 4788 2986 4857 ἠνέσχετο
3007 4806 3021 4820 ο
3052 4788 3137 4859 ἐφ’
3157 4783 3201 4861 ᾧ
3230 4790 3552 4864 χαλεπήνας
3578 4796 3611 4847 ὁ
3635 4796 3736 4849 τύ·

2136 4895 2365 4951 ραννος,
2399 4878 2455 4931 τί
2495 4878 2560 4949 δή
2602 4896 2735 4933 ποτε
2774 4884 2927 4951 παρὰ
2959 4883 3021 4936 τὸ
3058 4884 3250 4947 εἰωθὸς
3286 4885 3414 4957 ἄρτι
3449 4889 3731 4957 πράττοι,

2134 4971 2543 5027 διεπυνθάνετο.
2574 4970 2833 5042 Ὀτιπερ,
2860 4973 3071 5042 ἔλεγεν.
3099 4977 3313 5031 οὐδέπω
3339 4975 3416 5041 ὡς
3444 4979 3542 5034 νῦν
3567 4984 3731 5055 είσηο

2134 5060 2295 5133 χθην,
2345 5060 2643 5132 προδοῦναι
2688 5062 2782 5115 τὸν
2828 5063 3008 5135 ἀληθῆ
3053 5066 3189 5123 Θεὸν
3241 5067 3593 5139 βιαζόμενος.
3633 5072 3731 5136 Ὠς

2134 5149 2266 5218 γοῦν
2285 5152 2556 5221 μηδεμιᾶς
2572 5151 2799 5222 ἐνούσης
2817 5154 3104 5227 διαφορᾶς,
3121 5160 3190 5211 τά
3217 5163 3451 5215 εἰωθότα
3469 5165 3727 5219 ὲποίουνο

2134 5243 2231 5297 νῦν
2279 5245 2326 5298 δ’
2353 5245 2412 5297 οὐ
2454 5246 2614 5314 θέμις
2654 5242 2796 5299 εἶναι
2840 5249 3048 5319 νομίζω
3074 5267 3087 5280 ·
3128 5253 3268 5325 ὑπὲρ
3309 5256 3419 5326 γὰρ
3460 5257 3730 5326 ἀληθείας

2135 5335 2230 5388 καὶ
2274 5337 2372 5403 τῆς
2419 5338 2657 5401 πίστεως
2704 5340 2733 5392 ό
2788 5340 2960 5407 ἀγών.
3021 5344 3283 5415 Σαϐώρης
3322 5347 3381 5400 δὲ
3428 5351 3533 5413 τον,
3571 5353 3730 5423 ἥλιον

2136 5431 2467 5494 προσκυνεῖν
2503 5430 2913 5497 κατηνάγκαζε.
2947 5435 3039 5504 Μὴ
3076 5442 3250 5491 ποιεῖν
3282 5439 3328 5492 δ’
3354 5443 3729 5515 αίρούμενον,

2134 5520 2195 5569 ού
2232 5519 2393 5586 μόνον
2427 5520 2589 5572 αὐτὸν
2619 5520 2882 5577 διολέσειν
2910 5526 3127 5595 ἠπείλει
3150 5568 3165 5592 ,
3199 5514 3338 5584 ἀλλὰ
3368 5535 3467 5587 καὶ
3497 5536 3733 5607 σύμπαν

2136 5609 2303 5678 φῦλον
2336 5610 2445 5663 τῶν
2480 5613 2656 5666 ἐκεῖσε
2694 5616 3057 5686 Χριστιανῶν.
3098 5619 3251 5674 Ἐπεὶ
3284 5623 3342 5677 δὲ
3374 5624 3504 5679 οὔτε
3540 5628 3733 5699 λόγοις

2133 5701 2325 5754 τοῦτον
2358 5706 2751 5771 κατακτυπῶν,
2783 5706 2895 5761 οὔτ’
2919 5711 3277 5780 ἐπαγγελίαις
3311 5718 3555 5787 χαυνῶν,
3591 5739 3737 5794 προ-

2133 5792 2317 5844 δοῦναι
2352 5793 2411 5846 τὸ
2450 5794 2634 5863 σέϐας,
2668 5798 2756 5849 καὶ
2791 5798 2881 5854 τὸν
2906 5801 3096 5855 Ἥλιον
3135 5805 3347 5876 μήποτε
3389 5792 3734 5880 προσκυνεῖν
