4062 6542
325 366 425 435 I37

1192 370 1797 431 ECCI.ESIASTIC:E
1838 371 2226 430 HISTORH".
2273 373 2409 430 LIB.
2456 372 2622 430 VIII.

3469 365 3568 430 i329

319 490 515 555 ἤλπισε
547 504 560 518 ·
599 489 658 541 τό
699 502 758 554 τε
803 482 896 536 νῦν
930 484 1216 554 δεσμώτην
1249 483 1568 552 ἀνέπεμπον
1603 487 1682 545 είς
1725 500 1890 552 φρου-

2001 498 2124 536 esse
2195 485 2452 537 tninatur.
2505 484 2608 536 Sed
2658 484 2804 536 enim
2848 493 2972 536 eum
3028 498 3203 552 neque
3260 482 3422 536 minis
3501 483 3566 535 il-
3614 550 3622 559 _

318 581 438 647 ραν.
480 579 858 648 ’Δπαγόμενον
891 576 1021 640 οὐν,
1054 575 1413 645 υύσθαξάνης
1449 574 1763 645 πρεσϐύτης
1799 577 1889 626 εὐ-

325 671 526 739 δοῦχος,
559 671 907 738 παιδαγωγδς
937 669 1285 738 χρηματίσας
1318 667 1568 739 Σασὼρη,
1601 667 1672 718 τὰ
1699 666 1892 736 πρῶτα

317 762 362 814 δ’
387 764 446 813 ἐν
469 765 581 822 τοῖς
615 759 912 831 βασιλείοις
938 758 1150 811 ἐκείνου
1179 757 1510 826 φερόμενος,
1538 754 1777 818 ἀναστὰς
1804 755 1894 806 τὶν

323 856 578 923 μάρτυρα
621 853 952 922 προσεκύνει
981 865 994 880 ο
1031 851 1188 918 ἔτυχε
1225 850 1335 920 γὰρ
1376 849 1483 919 πρὸ
1520 849 1630 900 τῶν
1663 847 1894 900 αὐλείων

318 946 491 997 οὐὸὦν
523 943 836 1014 καθήμενος
858 959 874 974 ο
921 941 1219 1010 Συμεὼνης
1256 940 1319 993 δὲ
1359 940 1480 993 οὐδὲ
1515 937 1676 1006 λόγου
1725 953 1892 1006 μετα·

317 1035 441 1096 δοὺς
471 1034 622 1102 αὐτῷ
642 1075 656 1097 ,
688 1032 1038 1103 ὐόριοπαθῶν
1070 1031 1384 1102 παρήμειϐε
1404 1069 1420 1094 ,
1454 1027 1858 1098 μυσαττόμενος
1878 1065 1894 1088 ,

319 1124 400 1185 οἷς
428 1128 490 1178 οὐ
518 1128 626 1197 προ
648 1126 846 1180 πολλοῦ
873 1125 1117 1196 βιασθεὶς
1151 1125 1320 1195 Ἡλίῳ
1344 1124 1676 1194 προσκυνεῖν
1699 1121 1894 1174 silete.

320 1221 581 1288 Δακρύων
625 1219 681 1272 δὲ
730 1219 945 1288 πλήσας
991 1219 1119 1279 τοὺς
1169 1216 1484 1286 ὀφθαλμοὺς
1531 1217 1559 1268 δ
1604 1215 1894 1283 εὐνοῦχος,

317 1311 514 1380 ᾤμωξε
535 1329 550 1343 ·
584 1312 680 1364 καὶ
709 1310 774 1380 δὴ
803 1311 903 1381 τὴν
929 1309 1192 1380 λαμπρὰν
1221 1309 1423 1376 ἐσθῆτα
1457 1309 1652 1381 ῥίψας,
1687 1324 1898 1376 μετημο

317 1402 508 1467 φίεστο
540 1401 798 1471 μέλαιναν
821 1417 836 1433 °
869 1401 963 1454 καὶ
999 1403 1104 1469 πρὸ
1129 1400 1230 1470 τῆς
1257 1401 1438 1464 οἰκίας
1468 1397 1702 1469 ἐκάθητο
1723 1440 1738 1462 ,
1770 1401 1898 1452 πέν-

317 1496 409 1556 θος
441 1495 582 1563 ἐχων
611 1496 879 1563 οἰμωγαῖς
910 1493 1004 1545 καὶ
1034 1492 1270 1562 δάκρυσι
1305 1493 1643 1563 σύμμικτον,
1675 1491 1900 1545 τοιαῦτα

319 1585 626 1654 ὐποφωνῶν
651 1600 667 1618 ·
699 1587 861 1654 Οίμοι
889 1585 1000 1652 ἐγὼ
1027 1581 1039 1639 ι
1075 1585 1160 1647 τίς
1189 1585 1246 1637 δέ
1278 1587 1386 1653 ἀρα
1414 1585 1569 1638 ἔσται
1603 1583 1736 1653 περὶ
1765 1585 1895 1652 ἐμὲ.

315 1679 375 1730 ὃν
411 1678 690 1740 ἀσιάττως
732 1679 1065 1750 ἡρνησάμην
1098 1678 1367 1747 Χριστόνε
1404 1679 1538 1731 ὅπου
1571 1688 1635 1745 γε
1673 1675 1898 1745 Συμεὼν

316 1762 577 1827 οὔτοςδιὰ
598 1764 790 1830 ταῦτα,
825 1765 1054 1828 παλαιός
1083 1764 1136 1833 γ’
1161 1764 1283 1834 ἐμοὶ
1314 1764 1555 1836 συνήθης
1584 1764 1691 1828 ὣν,
1725 1765 1898 1834 παρέ-

315 1857 525 1927 δραμεν
550 1856 673 1910 οὐδέ
706 1858 1170 1929 προσσλέμματος
1197 1858 1466 1924 ἀξιώσαςς
1497 1859 1682 1911 Ταῦτα
1711 1856 1898 1910 Σαδώ-

318 1969 424 2017 ρην
455 1935 737 2020 ’ἀγνοῆσαι
787 1953 886 2006 οὐκ
941 1949 1050 2023 ἦν·
1107 1954 1203 2006 καὶ
1260 1952 1755 2022 μεταστελλόμενος
1805 1953 1896 2003 τὸν

317 2043 594 2113 εὐνοῦχον,
624 2047 676 2097 εί
697 2062 804 2098 τινι
833 2045 955 2100 κατ’
974 2044 1125 2099 οἶκον
1151 2047 1426 2118 ἐχρήσατο
1452 2046 1711 2116 συμφορᾷ
1737 2044 1896 2096 ἐπυν·

315 2138 534 2190 θάνετο.
568 2138 628 2191 ’0
656 2138 712 2192 δὲ
747 2139 823 2209 μὴ
853 2139 974 2192 κατ’
999 2135 1149 2193 οἶκον
1178 2139 1334 2206 ἔλεγε
1359 2139 1646 2208 δυστυχεῖν
1671 2155 1685 2170 ·
1720 2134 1755 2206 ἦ
1788 2137 1898 2206 γὰρ

315 2232 382 2280 ἂν
425 2231 700 2300 μακάριον
731 2229 800 2302 ἦν
834 2233 966 2284 πᾶσι
1001 2234 1111 2294 τοῖς
1148 2232 1272 2284 κατ’
1300 2226 1449 2284 οἷκον
1482 2230 1628 2299 ἔχειν
1661 2232 1846 2293 κακῶς
1877 2247 1894 2263 ο

321 2324 456 2392 ῥᾷον
487 2325 594 2394 γάρ
622 2317 689 2394 ἦν
715 2324 746 2385 ἢ
775 2323 996 2394 τοιαύτῃ
1030 2325 1352 2392 περιπεσεῖν
1380 2324 1660 2392 συμφορᾷ.
1695 2322 1894 2386 Πένθος

317 2416 364 2468 δ’
397 2415 525 2486 ἔχω,
570 2417 756 2486 φησὶν,
801 2417 995 2487 ὅτιπερ
1041 2415 1138 2481 ζῶ,
1185 2417 1282 2470 καὶ
1322 2415 1434 2486 ὁρῶ
1478 2415 1567 2468 τὸν
1610 2415 1784 2486 ἥλιον,
1832 2418 1895 2468 ἐκ

323 2509 523 2562 πολλοῦ
556 2510 810 2565 τεθνάναι
848 2509 1056 2574 δίκαιος
1090 2509 1164 2562 ὣν
1185 2551 1200 2575 ,
1234 2510 1426 2582 ὅτιπερ
1463 2509 1538 2580 μὴ
1574 2511 1716 2564 κατά
1751 2509 1894 2578 γνὼ-

319 2618 449 2668 μην,
468 2603 568 2671 σὴν
603 2606 784 2675 χάριν,
799 2602 888 2658 τδν
911 2604 1101 2660 Ἥλιον
1135 2603 1532 2675 προσεκύνησα.
1569 2605 1706 2657 Κατ’
1727 2605 1896 2674 ἄμφω

309 2690 408 2746 οὖν
440 2711 506 2762 με
537 2697 736 2766 χρῆναι
762 2696 934 2765 κρίνω
959 2698 1171 2750 θανεῖνο
1205 2691 1286 2759 οἷς
1314 2713 1373 2749 τε
1403 2695 1461 2749 δν
1490 2696 1720 2750 ἐπόθουν
1750 2697 1896 2766 μάλα

308 2785 643 2856 ἠρνησάμην
672 2787 934 2857 Χριστὸν,
964 2789 1072 2842 τῶν
1102 2787 1408 2842 καλλίστων
1439 2788 1704 2858 προδότης
1734 2805 1893 2856 γεγε-

307 2879 546 2947 νημένος
574 2919 591 2945 ,
625 2882 718 2932 καὶ
753 2881 883 2951 περὶ
919 2883 977 2934 σὲ
1015 2881 1274 2935 ἀπατεὼν
1305 2882 1676 2952 χρηματίσας.
1709 2881 1891 2936 Ταῦτα

307 2972 487 3036 λέγων
508 3011 524 3036 ,
559 2971 833 3040 διώμνυτο
873 2975 946 3044 μὴ
982 2973 1073 3026 τοῦ
1109 2975 1302 3028 λοιποῦ
1341 2975 1761 3045 μετατεθεῖσθαι
1793 2978 1892 3046 τὴν

304 3064 559 3132 γνώμην.
595 3063 860 3136 Σαὸώρης
900 3066 958 3118 δὲ
989 3066 1053 3137 τῇ
1097 3067 1270 3138 ἀθρόᾳ
1302 3069 1395 3120 τού
1432 3069 1687 3139 εὐνούχου
1726 3087 1893 3139 μετα-

1995 573 2105 626 lunt
2150 575 2424 640 territans,
2460 590 2637 646 neque
2675 575 2957 644 promissis
3013 575 3363 641 demulcens,
3403 575 3572 644 quid:

1993 679 2155 733 quam
2225 665 2557 733 proficeret,
2624 681 2684 720 ac
2742 665 2890 718 nulla
2953 681 3076 734 spes
3137 675 3284 720 esset
3331 666 3568 736 reliqua,

1997 755 2147 809 illum
2179 757 2264 809 vel
2306 771 2460 811 Sacra
2493 772 2588 810 sua
2645 756 3026 824 proditurum,
3082 755 3166 810 vel
3204 756 3374 810 solem
3439 755 3575 809 ado-

1998 855 2286 910 raturttm,
2325 851 2566 902 vinctum
2615 849 2842 902 remittit
2895 847 2947 900 in
2997 847 3324 902 custodiam.
3374 847 3571 914 Quem,

1997 938 2128 992 dum
2179 937 2517 1002 abducitur,
2567 936 2912 993 Ustltazanes
2983 937 3202 991 vetulus
3257 937 3571 1004 eunuchus,

2000 1032 2225 1102 Saporis
2253 1032 2383 1087 olim
2424 1031 2768 1101 pmdagogus,
2792 1031 3026 1097 primam
3055 1030 3110 1084 in
3145 1030 3266 1084 aula
3301 1031 3448 1100 regia
3475 1030 3578 1084 oh.

2001 1124 2181 1179 tinens
2213 1123 2557 1194 dignitatem,
2589 1129 2904 1193 assurgens,
2936 1133 2995 1178 ttt
3023 1133 3318 1194 martyrem
3345 1121 3573 1176 adorat:

2002 1224 2117 1268 tum
2143 1213 2292 1270 enim
2344 1213 2488 1268 forte
2533 1230 2633 1284 pro
2661 1214 2802 1268 aula:
2858 1213 3060 1283 palatio
3102 1203 3446 1268 considebat.
3476 1214 3576 1284 Sy-

2001 1324 2224 1364 meones
2252 1323 2382 1362 vero
2412 1322 2479 1362 ne
2517 1307 2686 1362 verbo
2714 1307 2936 1376 quidem
2969 1321 3092 1362 eum
3116 1307 3396 1376 dignatus,
3417 1309 3575 1378 quasi

2003 1401 2202 1471 injuria
2253 1401 2486 1456 atl‘ectus
2533 1401 2838 1470 praateriit:
2893 1401 3024 1454 illud
3059 1399 3110 1453 in
3148 1415 3216 1454 eo
3274 1400 3577 1461 detestans,

2001 1495 2146 1564 quod
2193 1509 2300 1548 non
2357 1494 2430 1548 ita
2491 1493 2703 1564 pridem
2759 1502 2982 1548 coactus
3013 1493 3184 1547 solent
3233 1491 3574 1546 adorandum

2001 1586 2239 1640 duxerit.
2283 1585 2422 1640 Tum
2473 1585 2761 1639 eunuchus
2803 1585 2992 1640 oculos
3039 1585 3292 1654 lacrymis
3332 1583 3578 1638 suffusus

2003 1678 2331 1748 ingemiscit,
2374 1688 2581 1733 vestem
2615 1677 2960 1749 splendidam
3015 1679 3190 1748 ponit,
3242 1677 3444 1747 pullam
3487 1694 3576 1729 sn-

2005 1771 2123 1834 ntit,
2157 1781 2323 1839 atque
2354 1784 2453 1840 pro
2482 1770 2692 1825 aedibus
2709 1770 3007 1824 consideus
3044 1773 3249 1824 luctum
3286 1769 3489 1839 gemitu
3522 1779 3575 1821 ιιι

2007 1862 2261 1933 lacrymis
2319 1861 2538 1916 mistum
2593 1865 2900 1921 continuat.
2953 1863 3080 1918 talia
3126 1863 3358 1918 subinde
3409 1865 3576 1916 verba

2008 1953 2286 2008 referens:
2309 1953 2353 2008 Ο
2384 1968 2469 2008 me
2494 1953 2777 2019 miserum,
2801 1957 3018 2024 qualem
3047 1971 3176 2026 erga
3208 1973 3294 2011 tne
3329 1956 3574 2010 futurutn

2005 2059 2242 2112 sperem,
2270 2047 2362 2115 qui
2399 2061 2428 2100 a
2459 2062 2543 2100 me
2573 2048 2718 2100 nulla
2757 2048 3000 2102 adhibita
3038 2050 3090 2103 vi
3132 2060 3466 2120 pernegatus
3494 2061 3580 2104 cst

2003 2137 2280 2192 Christum
2303 2179 2318 2204 ,
2344 2138 2565 2207 quando
2596 2139 2892 2210 Symeones
2944 2140 3047 2196 istc
3075 2143 3246 2196 veleri
3279 2153 3578 2198 consuetu-

2004 2230 2134 2284 dine
2157 2229 2288 2283 mihi
2320 2230 2669 2301 conjunctus,
2699 2247 2762 2283 ea
2798 2232 2866 2285 de
2897 2247 3059 2286 causa
3108 2248 3176 2286 ne
3203 2245 3426 2302 aspectu
3459 2234 3580 2303 qui-

2003 2321 2126 2375 dem
2173 2335 2258 2374 me
2285 2322 2562 2390 dignatus.
2589 2323 2891 2391 prateriit?
2934 2323 3056 2378 Ilaac
3097 2323 3357 2394 Saporem
3403 2327 3576 2380 latere

2006 2428 2112 2490 non
2141 2422 2457 2482 potuerunt.
2496 2414 2684 2484 Itaque
2731 2415 2908 2470 accito
2953 2417 3245 2479 eunucho,
3278 2433 3408 2470 num
3442 2420 3574 2486 quid

2004 2507 2150 2560 domi
2179 2522 2289 2560 sua:
2309 2508 2358 2562 ei
2391 2508 2604 2563 adversi
2636 2509 3104 2581 aceidcrit,rog:tt.
3135 2511 3229 2564 lllt-
3255 2511 3389 2564 nihil
3410 2512 3580 2565 infor-

2005 2600 2143 2652 tuttii
2180 2599 2326 2655 domi
2363 2615 2484 2656 esse
2529 2601 2698 2667 dicit;
2743 2603 3026 2657 fclicitatis
3063 2605 3265 2674 quippe
3309 2605 3359 2660 id
3407 2617 3574 2668 esset,

2003 2689 2204 2758 siquid
2242 2690 2390 2743 domi
2435 2701 2581 2744 65:81
2613 2692 2773 2755 mali;
2811 2692 3030 2748 facilius
3074 2709 3312 2762 namque
3344 2693 3395 2746 id
3431 2693 3578 2747 fulua

2005 2798 2122 2834 rum
2151 2780 2348 2845 fuerat,
2378 2797 2540 2851 quin
2574 2791 2722 2838 tanta
2760 2784 2996 2852 opprimi
3023 2785 3355 2840 calamitate.
3390 2785 3576 2856 Luget)

2001 2883 2208 2937 autem,
2265 2877 2462 2943 inquit,
2511 2875 2740 2942 quodet
2803 2877 2948 2939 vivo,
3009 2886 3063 2930 et
3114 2878 3282 2932 solent
3344 2880 3571 2948 aspicio,

1997 2964 2320 3036 jamdudum
2357 2964 2448 3034 qni
2485 2975 2730 3018 morerer
2770 2966 2997 3019 meritus
3026 2982 3044 3019 :
3080 2978 3367 3036 propterea
3423 2972 3568 3039 quo.|

2004 3075 2109 3111 non
2149 3074 2214 3113 ex
2266 3059 2432 3113 animi
2481 3060 2774 3121 sententia,
2807 3070 2896 3113 tua
2937 3063 3132 3130 gratia,
3177 3062 3422 3116 divinum
3471 3064 3571 3116 soli

307 3149 442 3219 ϐολῇ
479 3152 796 3218 ἐκπλαγεὶς,
828 3157 937 3216 τοῖς
973 3155 1326 3225 Χριστιανοῖς
1361 3157 1690 3225 ἐχαλέπαινε
1730 3158 1888 3224 μάλι-

2000 3151 2218 3206 exhihui
2253 3152 2541 3208 honorem.
2578 3153 2766 3223 Itaque
2798 3167 3033 3224 utroque
3073 3156 3296 3209 nomine
3321 3170 3406 3208 me
3433 3155 3570 3207 mori

307 3260 441 3307 στα,
488 3245 769 3314 γοητείαις
811 3247 880 3298 τὰ
921 3246 1147 3299 τοιαῦτα
1199 3249 1265 3318 δὴ
1314 3248 1582 3319 πράττειν
1623 3251 1887 3319 οἰόμενος.

305 3336 580 3407 Συνηθείᾳ
623 3338 680 3390 δέ
725 3338 818 3390 καὶ
859 3339 1034 3406 φειδοῖ
1066 3341 1133 3408 τῇ
1172 3342 1302 3409 περὶ
1333 3340 1425 3393 τὸν
1460 3344 1700 3411 τροφέα,
1740 3344 1892 3414 πάσῃ

308 3434 527 3500 μηχανῇ
571 3432 921 3500 μεταπείθειν
955 3434 1248 3504 ἐπειρᾶτο,
1283 3435 1554 3506 πραότητι
1588 3436 1649 3490 τὸ
1685 3437 1892 3505 ἀπηνὲς

302 3523 598 3592 κεραννύς.
637 3523 726 3586 Ὠς
759 3524 817 3576 δέ
853 3527 915 3576 τὸ
947 3524 1082 3594 πρὸς
1121 3525 1319 3595 βουλῆς
1352 3528 1634 3597 περαίνειν
1667 3529 1767 3581 οὐιι
1811 3525 1889 3581 εἷ-

304 3632 421 3684 χεν,
453 3615 810 3679 Οὐσθαζάνου
844 3617 918 3686 μὴ
948 3617 1204 3670 τοσοῦτον
1237 3613 1378 3672 εἶναι
1412 3620 1581 3689 εὐήθη
1612 3619 1888 3688 λέγοντος,

305 3709 381 3770 ὼς
410 3710 532 3761 ἀντὶ
555 3709 651 3761 τοῦ
682 3710 912 3778 ιιοιητοῦ
939 3711 1032 3763 καὶ
1061 3711 1296 3765 κτίστου
1317 3714 1496 3766 σέϐειν
1525 3715 1800 3784 αἱρεῖσθαι
1826 3719 1893 3768 τὰ

309 3803 607 3870 κτίσματα,
635 3804 942 3873 ἐκνικηθεὶς
967 3803 1044 3872 τῷ
1077 3804 1234 3875 θυμῷ
1265 3807 1558 3876 Σαπώρης,
1592 3807 1690 3878 τὴν
1722 3825 1892 3876 κεφα-

309 3894 407 3964 λὴν
437 3896 801 3966 ἀφαιρεῖσθαι
831 3897 1194 3966 προσέταττε.
1228 3900 1338 3952 Καὶ
1368 3900 1483 3964 δῆτ’
1505 3903 1889 3970 ἀπαγόμενος.

310 3989 417 4041 τῶν
449 4005 572 4040 τινα
607 3989 946 4042 πιστοτάτων
982 3989 1059 4059 τῷ
1096 3990 1307 4060 βασιλεῖ
1341 3991 1616 4062 εὐνούχων
1651 3992 1891 4062 Σαπὼρῃ

311 4083 574 4147 πέμπων,
607 4083 874 4148 ἐπέτρεπε
905 4083 1031 4136 τάδε
1061 4085 1241 4135 εἰπεῖν
1263 4100 1276 4112 ·
1309 4084 1412 4135 Ἢν
1443 4085 1541 4153 μὲν
1572 4086 1634 4136 ἐκ
1663 4085 1817 4143 νέου,
1848 4078 1893 4138 ὦ

313 4174 534 4242 βασιλεῦ
557 4215 571 4237 ,
603 4173 816 4225 εὔνοιαν
843 4171 1024 4243 εἶχον,
1059 4175 1140 4227 σοί
1170 4191 1230 4226 τε
1259 4176 1353 4228 καὶ
1381 4175 1549 4243 πατρὶ
1579 4175 1656 4244 τῷ
1689 4175 1766 4245 σῷ
1797 4181 1892 4226 καὶ

313 4267 447 4318 πᾶσι
483 4267 595 4328 τοῖς
634 4264 755 4318 κατ’
779 4263 924 4319 οἷκον
961 4266 1262 4336 προθύμως
1307 4264 1758 4334 διακονούμενος,
1795 4265 1892 4318 οὐκ

311 4356 375 4407 ἀν
421 4370 512 4423 μοι
562 4353 658 4405 νῦν
704 4353 1002 4423 μαρτύρων
1048 4349 1188 4406 εἷναί
1232 4360 1322 4405 ’σοι
1367 4353 1558 4423 χρείαν
1606 4356 1887 4406 πιστεύω·

313 4448 620 4514 ἐπίσταμαι
677 4445 784 4513 γάρ
835 4463 896 4497 σε
951 4446 1129 4498 πάντα
1182 4447 1381 4499 stam;
1412 4461 1426 4474 '
1480 4446 1592 4498 ἀλλ’
1623 4446 1763 4514 ὑπὲρ
1816 4439 1890 4499 ὧν

1999 3245 2199 3300 debere
2240 3245 2450 3314 judico,
2495 3257 2609 3298 tum
2644 3246 2790 3315 quod
2850 3255 3130 3315 tantopere
3176 3245 3570 3310 desideratum,
3622 3233 3634 3243 ’

1999 3351 2181 3393 rerum
2220 3341 2377 3411 longe
2411 3341 2908 3410 pulcherrimarum
2939 3343 3199 3411 ,proditor
3244 3341 3439 3407 factus,
3472 3358 3570 3397 ne-

1996 3431 2235 3500 gaverint
2297 3433 2626 3487 Christum:
2683 3433 2847 3503 612
2898 3442 3011 3486 tutu
3071 3433 3214 3503 qttod
3249 3441 3301 3488 lc
3353 3448 3573 3502 quoque

1999 3526 2174 3592 ipsum
2209 3524 2421 3593 decepi.
2461 3525 2639 3594 Atque
2671 3526 2757 3578 his
2785 3525 2968 3590 dictis,
3003 3527 3239 3594 adjurat.
3283 3526 3572 3594 haudqua-

1997 3631 2156 3684 quam
2206 3630 2264 3669 sc
2307 3616 2535 3685 posthac
2569 3626 2908 3672 mutaturum
2953 3618 3302 3673 sententiam.
3336 3617 3574 3686 Sapores

1995 3707 2061 3758 ad
2118 3716 2320 3760 tantam
2385 3707 2626 3763 eunuchi
2710 3710 3066 3764 mulationem
3139 3719 3570 3771 consternatus.

1993 3796 2322 3850 Christianis
2370 3813 2533 3867 quam
2596 3801 2830 3854 maxime
2887 3813 3196 3867 succenset,
3252 3803 3573 3872 itnposturis

1995 3898 2164 3957 atque
2198 3889 2668 3945 incantationibus
2700 3894 2826 3946 talia
2885 3895 2954 3946 ab
2982 3897 3064 3949 eis
3107 3897 3186 3964 agi
3221 3895 3568 3950 existimans.

1994 3979 2062 4033 Et
2088 3991 2308 4048 propter
2341 3982 2661 4038 familiarem
2717 3988 3172 4040 consuetudinem
3231 3990 3571 4059 gratiamque

1995 4087 2100 4139 qua
2147 4073 2442 4126 nutricium
2493 4091 2652 4128 suum
2691 4079 3144 4145 prosequebatur,
3183 4079 3358 4132 modis
3387 4083 3569 4133 omni-

1996 4167 2138 4216 Itusa
2170 4165 2450 4233 proposito
2481 4167 2631 4219 illum
2658 4160 2936 4222 deducere
2969 4179 3162 4235 tentat,
3184 4171 3566 4228 crudelitatem

1997 4258 2419 4310 mansuetudine
2447 4271 2778 4328 temperans.
2814 4261 2880 4316 Ut
2903 4273 3083 4314 autem
3117 4267 3398 4332 periit-ere,
3422 4270 3566 4335 qttod

1996 4347 2190 4413 voluit,
2223 4364 2328 4401 non
2356 4353 2550 4418 potuit,
2591 4349 2898 4406 Usthazane
2927 4369 3034 4406 non
3067 4364 3173 4407 tam
3205 4370 3262 4409 se.
3287 4373 3408 4412 esse
3435 4359 3567 4412 sim-

1996 4441 2188 4506 plicem
2241 4454 2334 4496 aut
2393 4444 2672 4512 stupidum
2721 4445 2960 4512 dicente,
2994 4458 3054 4500 ιιι
3107 4464 3205 4518 pro
3261 4450 3465 4506 factore
3514 4465 3569 4506 et

314 4541 462 4590 ἐσαεὶ
503 4539 908 4608 κεχαρισμένος
949 4537 1077 4606 ὑμῖν
1109 4539 1428 4604 διαγέγονα,
1469 4540 1598 4604 μίαν
1632 4538 1694 4605 δὴ
1736 4540 1890 4607 χ5·ρ.ν

2002 4530 2263 4585 Creatore
2295 4544 2603 4586 creaturam
2661 4537 2944 4590 colendam
3000 4554 3123 4592 esse
3171 4550 3425 4594 statuat:
3487 4543 3565 4596 ira

315 4631 446 4682 αἰτῶ
470 4670 482 4688 ,
516 4632 585 4700 ἣν
614 4631 936 4692 ἀμείῦεσθαι
970 4630 1178 4691 δίκαιος
1213 4631 1279 4682 ἂν
1311 4631 1430 4698 εῐης
1453 4671 1467 4692 ,
1502 4629 1715 4680 πολλῶν
1751 4632 1890 4682 ἀπο-

314 4723 538 4784 λαύσας.
607 4723 698 4775 Ἐν
742 4723 898 4793 δεινῷ
941 4739 999 4774 τε
1048 4723 1190 4792 μάλα
1233 4722 1453 4790 τίθεμαι
1501 4721 1772 4790 θνήσκων,
1816 4722 1889 4784 ὡς

314 4818 536 4877 ἄπιστος
579 4817 675 4868 καὶ
715 4815 1020 4888 κακοῦργος
1065 4815 1193 4884 περὶ
1236 4817 1328 4866 τὸν
1373 4818 1464 4866 σὸν
1506 4811 1654 4866 οἷκον
1700 4821 1888 4882 φανεὶς

313 4909 510 4961 ἐκτίνω
545 4911 640 4978 τὴν
673 4909 847 4976 δίκην.
887 4909 1119 4978 Κήρυκα
1150 4907 1331 4959 τοίνυν
1366 4907 1557 4959 κέλευε
1598 4908 1888 4975 σημαίνειν

317 5003 502 5060 πᾶσιν.
529 5003 720 5068 ὅτιπερ
749 5000 1098 5068 Οὐσθαζάνης
1135 5000 1356 5067 θανάτῳ
1388 4999 1700 5060 κολάζεται,
1733 4999 1888 5049 οὐδὲν

310 5093 558 5162 οὐδαμῶς
605 5093 876 5162 μοχθηρός
909 5109 990 5154 τις
1037 5091 1165 5159 περὶ
1196 5092 1296 5160 τὴν
1333 5091 1615 5160 βασίλειαν
1650 5094 1841 5157 φανείς
1868 5107 1884 5120 ο

314 5190 375 5238 ἐκ
401 5187 684 5253 προγόνων
711 5186 766 5236 δὲ
795 5187 859 5239 τὰ
888 5184 1233 5259 Χριστιανῷν
1265 5183 1608 5253 πρεσϐεύων,
1639 5185 1733 5237 καὶ
1764 5187 1883 5254 ἤκι-

315 5289 412 5324 στα
453 5271 775 5341 πειθόμενος
821 5271 1072 5340 βασιλεῖ,
1116 5274 1402 5342 ἀρνεῖσθαι
1451 5273 1550 5340 μὲν
1595 5274 1655 5325 ὂν
1697 5277 1882 5325 ἐπόθει

309 5365 468 5427 Θεὸν,
504 5363 673 5432 Ἡλίῳ
708 5364 762 5415 δέ
799 5364 914 5417 ἀντ’
939 5363 1102 5416 αὐτοῦ
1139 5365 1326 5434 νέμειν
1358 5366 1418 5417 τὸ
1457 5366 1649 5428 σέϐας,
1679 5366 1882 5435 ταύτην

309 5458 496 5524 ὑπέχει
525 5455 624 5524 τὴν
652 5456 830 5525 δίκην.
860 5456 968 5508 Καὶ
997 5457 1024 5508 ὁ
1056 5455 1155 5525 μὲν
1183 5457 1409 5510 τοιαῦτα
1441 5458 1662 5527 ἐμήνυε.
1698 5459 1881 5508 Σαδώ-

311 5565 403 5615 ρης
432 5548 490 5601 δέ
508 5548 606 5616 τὴν
633 5551 850 5618 αἴτησιν
878 5550 1198 5618 ἀπεπλήρου
1221 5566 1234 5579 °
1267 5549 1405 5620 ᾤετο
1435 5555 1544 5618 γὰρ
1575 5553 1632 5601 ἐν
1655 5550 1804 5617 καλκξ)
1832 5551 1880 5602 οἱ

307 5642 524 5694 ἔσεσθαι
557 5641 654 5711 τὴν
689 5640 1040 5712 ἀνακήρυξιν.
1076 5644 1137 5696 Εἰ
1170 5645 1279 5714 γὰρ
1313 5649 1452 5696 κατὰ
1486 5643 1611 5695 νοῦν
1640 5646 1748 5705 τοῖς
1788 5647 1880 5696 ἁλ-

306 5732 413 5792 λοις
458 5733 809 5798 Χριστιανοῖς
849 5737 1096 5800 γένοιτο,
1139 5735 1212 5796 ὡς
1259 5735 1470 5798 οὐδενὸς
1517 5734 1667 5786 ἔσται
1711 5735 1878 5800 φειδὺ

307 5823 392 5876 τοῦ
429 5823 652 5886 λοιποῦ,
690 5823 865 5886 οὕτως
905 5826 1062 5877 εὔνου
1107 5828 1198 5878 καί
1244 5829 1482 5896 τροςὲως
1529 5826 1874 5896 ἀνῃρημένη)

501 5921 769 5981 ιήιιοι..
805 5921 920 5981 (in.
959 5921 1192 5980 CXLVI

1997 4622 2175 4676 vietus
2209 4624 2460 4692 Sapores,
2498 4637 2661 4696 eaput
2692 4629 2740 4681 ei
2767 4633 3037 4697 amputari
3071 4633 3248 4700 jubet.
3279 4633 3568 4688 Enimvero

1996 4728 2119 4766 cum
2143 4716 2254 4783 jam
2303 4717 2394 4770 ille
2424 4717 2812 4782 abduceretur.
2867 4722 3241 4777 fidelissimum
3273 4729 3566 4794 quemdam

1994 4821 2058 4858 ex
2093 4809 2366 4863 eunuchis
2395 4809 2461 4862 ad
2501 4826 2682 4877 regem
2719 4813 2964 4875 mittens,
3012 4815 3127 4868 lucc
3159 4818 3462 4872 renuntiari
3517 4838 3567 4872 et

1986 4900 2184 4967 jubet:
2218 4900 2333 4964 Qua
2366 4901 2436 4954 ab
2468 4903 2689 4955 ineunte
2717 4915 2872 4957 tetate
2899 4946 2912 4968 ,
2957 4921 2991 4957 ο
3043 4921 3156 4967 res.
3189 4908 3565 4963 benevolentia

1994 4993 2046 5042 itt
2101 5002 2170 5055 te,
2205 5003 2415 5061 patrem
2453 5003 2628 5059 lllllll’l,
2673 5011 2722 5049 c:
2777 4997 3035 5050 fatn:liatn
3087 5016 3304 5053 onmem
3343 5001 3562 5063 fuerint,

1991 5084 2249 5138 alacriter
2296 5087 2452 5141 vobis
2481 5087 2812 5151 inserviens,
2838 5090 2970 5142 nihil
3007 5091 3140 5143 milii
3174 5091 3404 5144 testibus
3423 5109 3563 5161 opus

1989 5193 2110 5231 esse
2139 5179 2342 5243 credo;
2379 5181 2521 5233 scire
2566 5182 2712 5234 enim
2767 5191 2817 5234 te
2851 5183 3034 5234 omnia
3069 5183 3215 5235 novi.
3265 5182 3369 5237 Sed
3414 5186 3560 5239 enim

1989 5283 2087 5336 pro
2119 5284 2185 5322 eo
2218 5270 2361 5339 quod
2397 5285 2612 5339 semper
2643 5273 2937 5340 gratiﬁcari
2962 5275 3118 5328 vobis
3149 5275 3358 5338 studui,
3395 5293 3559 5330 unam

1989 5361 2128 5414 hanc
2158 5372 2284 5430 peto
2318 5363 2547 5432 gratiam
2577 5379 2591 5414 :
2639 5380 2801 5432 quant
2855 5371 2908 5418 te
2944 5365 3188 5435 quidem,
3221 5368 3314 5436 qui
3359 5370 3558 5423 multas

1986 5454 2282 5522 acceperis,
2311 5455 2543 5509 reddere
2575 5465 2659 5508 est
2689 5472 2928 5525 :equum.
2965 5457 3220 5513 Graviter
3255 5460 3402 5514 enim
3441 5476 3560 5514 mo-

1987 5543 2194 5599 I‘IIUI‘US
2219 5544 2354 5607 fero,
2387 5547 2533 5614 quod
2569 5547 2792 5614 perinde
2834 5558 2998 5618 atque
3035 5551 3254 5615 infidus,
3307 5551 3558 5620 maleque

1985 5637 2050 5688 de
2087 5635 2289 5688 familia
2348 5645 2526 5690 vestra
2580 5645 2849 5703 meritus,
2883 5657 3071 5711 pmnas
3111 5645 3366 5712 pendam.
3415 5642 3563 5709 Qua-

1985 5737 2232 5795 propter-
2270 5743 2578 5796 praconctn
2635 5732 2850 5800 publice
2896 5735 3155 5787 omnibus
3208 5735 3560 5803 promulgari:

1980 5822 2191 5892 jubcto,
2221 5821 2582 5878 Usthazanetu
2621 5840 2794 5883 ntortc
2828 5830 3045 5884 multari
3070 5869 3082 5891 ,
3118 5845 3226 5882 non
3256 5830 3344 5896 qui
3387 5828 3440 5880 itt
3470 5843 3558 5880 re-

3123 5921 3165 5982 5
