4062 6556
483 363 586 432 143

1701 339 2122 403 NICEPHORI
2162 337 2504 401 CALLISTI

3633 334 3734 401 ΗΔ

477 480 778 538 sullantes,
822 466 1150 527 incredibile
1190 464 1339 520 dictu
1385 470 1498 524 est,
1544 469 1746 528 quanta
1785 470 1910 508 cum
1960 453 2056 506 im-

2173 450 2476 520 Ἀκεψιμᾶς
2516 450 2816 514 ἐπίσκοπος
2863 449 3050 521 ἤγετο,
3086 447 3180 502 καὶ
3233 445 3416 500 πολλοὶ
3466 445 3577 499 τῶν
3624 447 3731 500 ὑπὸ

477 568 750 642 probitate
774 563 1050 620 Persidem
1077 567 1454 630 peragrantes,
1473 553 1763 622 episcopos
1785 557 1840 603 et
1865 560 2048 602 sacer-

475 639 634 715 dotes
683 657 1010 714 occiderint.
1066 649 1418 707 Potissimum
1472 653 1652 698 autem
1709 641 1763 694 in
1823 639 2047 709 regione

477 749 890 804 Adiabenorum
930 743 1314 798 crudelitatem
1345 751 1564 791 omnem
1595 731 1916 788 exhibuere.
1954 731 2049 784 Est

477 857 644 912 porro
692 853 757 895 ea
808 837 1026 892 Persica
1067 833 1246 903 regio,
1277 830 1556 887 Christum
1611 835 1722 880 tota
1762 821 2043 894 proﬁtens.

479 931 682 986 Eadem
717 934 1044 996 tempestate
1077 933 1130 978 et
1177 920 1493 992 Acepsimas
1525 917 1818 986 episcopus
1850 913 2050 966 ductus

475 1034 578 1087 est,
609 1032 667 1077 ct
699 1035 823 1076 cum
855 1035 921 1073 eo
949 1033 1014 1074 ex
1045 1016 1166 1085 ejus
1199 1015 1348 1069 clero
1387 1008 1669 1082 permulti.
1703 1007 1880 1075 Atque
1911 1003 2050 1057 alios

476 1110 700 1180 quidem
748 1104 1104 1162 facultatibus
1149 1117 1338 1158 eorum
1381 1099 1613 1168 direptis
1660 1095 1990 1150 dimiserunt
2031 1109 2046 1145 :

476 1202 820 1273 Acepsimam
853 1209 1036 1254 autem
1069 1194 1210 1265 magi
1240 1193 1423 1264 ﬂagris
1452 1191 1644 1245 multis
1672 1188 2045 1250 verberatum,

477 1295 686 1365 ingenti
723 1295 772 1348 vi
815 1293 880 1348 ad
925 1290 1102 1347 Solem
1149 1285 1488 1342 adorandum
1519 1284 1742 1354 adigere
1782 1287 1912 1334 sunt
1952 1293 2047 1332 co-

476 1385 612 1440 nati.
654 1385 854 1438 Verum
891 1382 981 1436 ubi
1021 1379 1160 1436 nihil
1188 1392 1373 1448 egere,
1401 1375 1610 1429 carceri
1645 1388 1772 1428 eum
1807 1370 2048 1424 incluse-

478 1486 626 1532 runt.
662 1478 834 1544 Quem
867 1474 1106 1531 Jacobus
1147 1470 1369 1543 quidam
1413 1469 1682 1539 dignitate
1722 1467 2046 1535 presbyter,

2153 542 2233 612 τῷ
2282 544 2473 614 κλήρῳ
2518 543 2818 597 τελούντων
2866 542 3040 612 αύτῷ.
3089 541 3210 594 Τῶν
3259 541 3360 610 μὲν
3409 535 3504 594 οὖν
3551 539 3731 593 ἄλλων

2155 632 2479 703 ἀφελόμενοι
2528 633 2628 696 τὰς
2676 632 2886 699 οὐσίας,
2929 633 3096 685 εἴων·
3143 631 3449 700 ’Δκιψιμᾶν
3495 631 3539 684 δ’
3569 633 3729 700 ἱμᾶσι

2156 725 2369 790 πολλοῖς
2397 723 2605 798 ῇκιζον,
2625 726 2719 779 καὶ
2743 725 2864 796 βίαν
2891 726 3099 792 ἐπῆγον
3129 723 3179 778 οί
3217 724 3386 793 μάγοι
3425 724 3517 777 τὸν
3537 724 3730 777 ’Ἥλιον

2155 820 2500 888 προσκυνεῖν.
2548 817 2635 879 Ὦς
2686 817 2730 870 δ’
2776 817 2877 870 οὐκ
2921 816 3160 881 ἔπειθον,
3214 816 3578 887 δεσμωτηρίῳ
3598 816 3732 869 καθ·

2155 903 2376 974 εἴρξανο
2415 897 2459 972 ᾧ
2505 904 2648 956 ἐκών
2708 922 2795 968 τις
2840 905 3121 975 ἠκολούθει
3173 904 3450 972 Ἰάκωϐος,
3487 905 3728 976 πρεσϐύτ-

2154 1005 2310 1059 τερος
2337 989 2398 1043 τὸ
2442 988 2681 1060 ἀξίωμα,
2707 992 2893 1062 δέησιν
2923 995 3037 1056 τοῖς
3091 993 3290 1063 μάγοις
3328 995 3726 1064 προσαγαγὼν,

2156 1080 2262 1134 ὑπὸ
2300 1083 2391 1169 τὸν
2439 1082 2606 1136 αὐτὸν
2656 1084 2911 1151 γενέσθαι
2961 1085 3182 1156 δεσμόν.
3228 1086 3463 1158 Γέροντα
3501 1088 3549 1142 δ’
3597 1089 3729 1142 ὄντα

2154 1171 2245 1225 τὸν
2279 1171 2576 1228 ἐπίσκοπον
2629 1175 2967 1245 ἐθεράπευε·
3012 1179 3108 1230 καὶ
3152 1179 3251 1242 τὰς
3295 1181 3584 1249 συμφορὰς
3629 1200 3728 1249 με-

2155 1264 2454 1336 τριωτέρας
2499 1269 2565 1337 τῇ
2612 1267 2880 1339 προθύμῳ
2910 1269 3186 1340 ὑπηρεσίᾳ
3229 1271 3542 1340 εἰργάζετο.
3588 1273 3728 1325 Ὑπὸ

2157 1359 2216 1412 δέ
2245 1358 2306 1410 τὸ
2334 1359 2463 1413 αὐτὸ
2485 1359 2860 1432 δεσμωτήριον
2890 1365 2982 1415 καὶ
3018 1363 3304 1428 ’Λειθαλᾶς
3351 1365 3728 1436 πρεσϐύτερος

2153 1445 2222 1522 ἦν
2247 1451 2489 1522 δέσμιος,
2534 1453 2736 1524 Ἰωσήφ
2781 1471 2839 1507 τε
2888 1456 2984 1508 καὶ
3027 1455 3347 1526 Ἀζαδάνης,
3377 1458 3470 1510 καὶ
3510 1458 3727 1525 ’Δϐδιῃ-

475 1586 572 1624 sua
619 1577 812 1638 sponte
858 1576 1106 1630 secutus,
1149 1578 1339 1635 magos
1378 1561 1577 1623 oravit,
1615 1559 1757 1613 utin
1790 1555 2047 1612 eumdem

2163 1545 2361 1638 σισοῢς,
2390 1545 2651 1638 διάκονοι,
2685 1547 2958 1618 μάστιγας
3019 1547 3277 1612 πλείστας
3320 1549 3408 1602 διὰ
3455 1548 3516 1603 τι
3549 1550 3730 1619 δόγμα

476 1673 605 1714 eum
667 1658 760 1712 illo
822 1673 1100 1713 carcerem
1152 1654 1600 1725 protruderetur.
1654 1649 1732 1704 lbi
1789 1647 2049 1718 episcopo

2163 1637 2660 1707 ὗπομεμενηκότες.
2703 1638 2857 1690 Ἐπεὶ
2884 1637 2942 1691 δέ
2974 1638 3151 1710 χρόνῳ
3184 1639 3408 1710 ὕστερον
3435 1643 3462 1693 6
3490 1642 3730 1711 ἀρχιμά-

474 1752 766 1822 grauida-vo
821 1749 1146 1812 subserviit,
1188 1758 1574 1814 mrumnasque
1610 1742 1728 1811 ejus
1758 1739 2048 1794 sedulitate

2163 1741 2251 1792 γος
2281 1725 2542 1796 Σαπώρου
2579 1727 2981 1796 κοινωσάμενος
3015 1728 3389 1798 περὶτούτων,
3423 1730 3498 1792 ὡς
3535 1732 3728 1800 ἐκείνῳ

478 1845 773 1901 ministerii
817 1845 899 1899 sui
945 1839 1220 1896 allevavit.
1261 1837 1321 1892 In
1354 1835 1562 1892 eisdem
1589 1832 1824 1889 vinculis
1869 1831 2042 1895 fuere,

2163 1817 2470 1889 βουλομένῳ
2519 1813 2589 1888 ἦν
2642 1821 2909 1890 τιμωρεῖν
2958 1821 3165 1883 ἐκεῖνος
3207 1821 3535 1891 ἐπέτρεπεν,
3563 1823 3612 1876 εί
3655 1824 3730 1892 μὴ

476 1933 723 1992 Aithalas
771 1933 1085 2006 presbyter,
1129 1928 1332 1999 Joscph
1367 1928 1467 1998 (l),
1499 1923 1806 1988 Azadaues,
1843 1931 1900 1978 et
1939 1921 2048 1974 Ab-

2165 1910 2334 2006 Ἢλίῳ
2385 1910 2484 2006 τὴν
2532 1912 2906 1984 προσκύνησιν
2964 1915 3343 1984 ἀπονείμειαν,
3395 1917 3567 1986 δήλην
3615 1919 3730 1978 τοῖς

477 2033 681 2094 diosus,
714 2003 954 2089 diaconi,
987 2023 1220 2095 plurima
1253 2020 1462 2090 ﬂagella
1495 2024 1718 2088 propter
1744 2013 2046 2069 doctrinam

2163 2003 2583 2095 καθειργμένοις
2624 2005 2799 2095 ἐποίει
2849 2005 2948 2078 τὴν
2993 2007 3197 2076 ψῆφον.
3263 2007 3522 2072 Ἐκείνοις
3575 2009 3618 2060 δ’
3663 2010 3729 2062 ἐκ

480 2122 750 2194 perpessi.
799 2121 992 2174 Postea
1035 2130 1170 2170 vero
1225 2112 1316 2168 ubi
1367 2110 1754 2178 archimagns,
1796 2120 1855 2160 re
1921 2120 2046 2160 cum

2163 2093 2249 2148 τοῦ
2277 2094 2466 2164 σχεδὸν
2495 2094 2812 2159 ἀπειποῦσι,
2837 2098 2978 2166 μήτε
3004 2097 3240 2168 Χριστόν
3269 2097 3388 2150 ποτ’
3413 2099 3723 2168 ἀρνεῖσθαι,

482 2213 691 2284 Sapore
737 2208 1160 2269 communicata,
1205 2212 1534 2291 potestatem
1585 2201 1654 2254 ab
1697 2215 1764 2254 eo
1809 2199 1862 2252 in
1901 2195 2045 2260 illos,

2163 2189 2354 2291 πολλοῦ
2406 2204 2474 2291 γε
2525 2189 2632 2261 μὴν
2682 2189 2795 2243 δεῖν
2859 2188 3029 2260 Ἡλίῳ
3085 2191 3251 2253 σέϐας
3311 2194 3725 2260 προσενεγκεῖν,

481 2323 578 2376 pro
593 2303 834 2358 arbitrio
855 2316 979 2363 suo,
998 2299 1103 2352 nisi
1126 2297 1236 2352 Soli
1262 2280 1477 2350 divinos
1500 2291 1768 2348 offerrent
1788 2289 2047 2352 honores,

2163 2280 2360 2352 πολλὴν
2391 2280 2558 2351 ὠμῶς
2605 2281 2782 2352 ἐπῆγε
2829 2281 2928 2353 τὴν
2979 2282 3229 2347 βάσανον.
3268 2285 3379 2336 Καὶ
3421 2283 3729 2352 Ἀκεψιμᾶς

480 2373 954 2453 animadvertendi
970 2389 1491 2460 obtinuit,regisque
1506 2384 1833 2440 sententiam
1850 2380 2050 2438 vinctis

2163 2375 2258 2444 μὲν
2295 2373 2588 2443 ἐναγώνιος
2617 2375 2874 2428 ἐτελεύτα
2907 2374 3108 2447 πολλὴν
3134 2377 3234 2446 τὴν
3269 2376 3568 2448 καρτερίαν
3600 2378 3729 2430 ἐπι-

483 2489 807 2552 dcvlaravit,
834 2497 996 2556 atque
1025 2484 1103 2538 illi
1133 2500 1163 2538 e
1188 2481 1416 2552 vestigio
1440 2478 1722 2536 Christum
1755 2477 2046 2544 abnegare,

485 2585 769 2652 multoque
812 2579 981 2648 magis
1012 2575 1124 2630 Soli
1159 2573 1402 2627 divinam
1435 2585 1549 2626 rem
1583 2569 1762 2623 facere
1788 2568 2051 2622 reclama-

487 2684 637 2737 runt,
685 2672 888 2727 multos
935 2665 1239 2722 crudeliter
1289 2663 1371 2718 eis
1419 2659 1607 2715 intulit
1648 2657 1944 2712 cruciatus.
1989 2655 2053 2708 Et

488 2781 602 2825 tum
669 2765 891 2836 quidem
959 2759 1279 2830 Acepsimas
1344 2751 1648 2809 constantis
1709 2747 2052 2804 fortitudinis

484 2858 785 2932 specitnine
838 2853 1035 2918 edito,
1097 2851 1153 2906 in
1215 2845 1468 2918 ﬂagranti
1527 2841 1828 2898 certamine
1884 2839 2050 2892 vitam

488 2931 632 3010 ﬁniit
658 2970 674 3008 :
700 2952 857 3024 cujus
885 2947 1118 3003 cadaver
1144 2940 1388 2998 Armenii
1421 2937 1667 3009 quidam,
1698 2936 1837 2990 clam
1870 2931 2056 2986 subla-

491 3061 629 3111 tum,
675 3042 966 3114 sepeliere.
1021 3035 1238 3105 Reliqui
1277 3048 1433 3096 vero,
1480 3040 1536 3084 et
1579 3027 1801 3098 quidem
1847 3025 2053 3094 plures,

2155 2466 2508 2536 δειξάμενος·
2546 2467 2724 2536 λάθρα
2754 2466 2808 2519 δέ
2857 2484 3001 2530 τινες
3047 2468 3324 2538 Ἀρμένιοι
3373 2471 3432 2523 τδ
3477 2470 3731 2541 λείψανον

2158 2559 2482 2629 ὑφελόμενοι
2527 2559 2862 2615 θάπτουσινο
2901 2561 2949 2612 οί
2994 2560 3052 2614 δὲ
3079 2560 3230 2614 ἄλλοι
3266 2562 3362 2614 καὶ
3407 2562 3578 2617 πλείω
3616 2565 3733 2625 τοῖς

2160 2652 2319 2721 ἱμᾶσι
2355 2653 2801 2718 καταξανθέντες,
2836 2653 3073 2724 ἄτρωτοι
3108 2653 3166 2707 δὲ
3213 2653 3272 2708 τὸ
3309 2653 3472 2720 σέϐας
3513 2656 3730 2727 μείναν-

2158 2761 2271 2809 τες,
2303 2744 2524 2815 δεσμοῖς
2581 2744 2738 2807 αὖθις
2772 2745 3003 2816 εῖχοντο.
3046 2746 3136 2799 Ἐν
3171 2741 3250 2810 οἷς
3282 2743 3350 2818 ἦν
3384 2749 3480 2801 καὶ
3521 2749 3733 2803 Ἀειθα-

2159 2837 2280 2901 λᾶς,
2309 2838 2367 2902 ὃς
2399 2839 2457 2891 ἐν
2499 2837 2580 2907 τῷ
2628 2838 3044 2892 κατατείνεσθαι
3092 2840 3218 2902 τοὺς
3265 2838 3561 2910 βραχίονας
3594 2843 3733 2895 6m-

2163 2930 2380 3000 σπάσθη
2414 2930 2524 2982 τῶν
2555 2929 2751 2999 ὤμωνο
2785 2930 2880 2982 καὶ
2905 2929 2998 2983 τοῦ
3037 2929 3230 2984 λοιποῦ
3275 2933 3500 3002 νεκροὺς
3535 2933 3735 2997 αύτοῦς

2163 3025 2261 3075 καὶ
2291 3023 2470 3094 μάτην
2492 3024 2847 3093 ῂωρημένους
2874 3019 3049 3094 είχεν⁸
3083 3024 3160 3087 ὡς
3189 3025 3310 3095 μηδ’
3339 3027 3555 3089 ἱκανοὺς
3592 3023 3732 3080 εἷναι

486 3139 623 3197 loris
655 3113 882 3205 corpora
917 3127 1208 3189 conscissi,
1242 3126 1445 3194 pietate
1482 3131 1664 3175 tamen
1696 3115 2056 3170 nihilominus

2163 3113 2232 3166 δι’
2270 3114 2449 3166 αὐτῶν
2491 3113 2700 3186 τροφὴν
2733 3115 2809 3184 τῷ
2857 3117 3086 3185 στόματι
3121 3114 3326 3185 φέρειν,
3364 3116 3478 3169 ἀλλ’
3530 3118 3732 3187 ἐτέρων

2165 3202 2400 3228 -.-ζ-Ω...
2454 3203 2588 3228 --λη
2636 3207 2943 3228 .‘_-..--.2....
3003 3203 3242 3228 "-\\_3.-
3292 3205 3344 3228 ΩΧ
3398 3207 3488 3228 ---ἱ
3542 3206 3732 3228 ικςμλ-

489 3227 690 3299 intein
736 3234 794 3281 et
839 3220 996 3283 salvi,
1036 3219 1220 3273 denuo
1269 3216 1324 3269 in
1375 3210 1593 3266 vincula
1635 3217 1763 3263 sunt
1800 3205 2058 3274 coniecti.

491 3325 550 3379 ln
585 3298 674 3383 iis,
704 3315 955 3376 Aitbalae,
984 3311 1114 3367 dum
1147 3317 1324 3364 tortus
1353 3303 1538 3361 nervis
1563 3299 1898 3363 extenditur,
1925 3298 2061 3352 adeo

487 3423 619 3471 sunt
651 3407 876 3467 brachia
910 3406 1118 3467 luxata,
1149 3400 1507 3467 humerisque
1537 3392 1771 3456 divulsa,
1803 3389 1970 3461 616
2004 3399 2062 3444 ut

487 3507 751 3574 deinceps
788 3503 1066 3559 emortua,
1103 3508 1206 3546 usu
1256 3488 1409 3544 nullo
1454 3482 1851 3567 depen‘derent,
1884 3493 2060 3550 neque

485 3601 537 3656 ei
585 3595 654 3652 ad
690 3571 885 3649 vcibum
941 3586 1027 3643 ori
1080 3580 1485 3640 admovendum
1535 3573 1865 3631 sufﬁcerent.
1917 3571 2061 3638 Qua-

487 3699 715 3762 propter
751 3683 986 3738 aliorum
1017 3692 1081 3732 ea
1115 3677 1168 3730 in
1203 3689 1262 3728 re
1292 3686 1418 3726 eum
1445 3668 1753 3724 ministerio
1785 3664 1862 3719 uti
1895 3678 2060 3733 Opor-

491 3758 618 3840 tuit.
653 3777 761 3836 Sed
794 3785 852 3832 et
894 3770 1209 3842 complures
1238 3766 1376 3820 alios
1407 3761 1740 3823 sacerdotes,
1773 3758 2056 3819 diaconos,

493 3872 816 3933 monachos,
851 3880 1037 3923 sacras
1071 3860 1337 3932 virgines,
1365 3856 1610 3926 aliosque
1645 3861 1912 3923 praeterea
1947 3850 2059 3905 sin—

490 3967 668 4040 gulari
703 3966 759 4019 in
791 3957 1101 4016 doctrinam
1145 3951 1512 4008 Christianam
1549 3945 1744 4001 ardore
1777 3943 2055 4015 praeditos,

492 4037 801 4131 magnoque
835 4054 1022 4108 labore
1060 4049 1113 4103 in
1159 4043 1331 4099 sacris
1363 4037 1750 4097 ecclesiasticis
1787 4043 2054 4096 versatos,

489 4145 847 4206 excruciavit.
887 4141 1092 4196 llorum
1141 4147 1434 4190 numerum
1486 4129 1627 4183 inire
1673 4142 1780 4180 non
1831 4124 1952 4178 fuit.
1996 4122 2055 4176 ln

487 4243 693 4312 quibus
738 4239 891 4290 fuere
938 4228 1203 4302 episcopi,
1248 4225 1631 4292 Barbasymes,
1680 4216 1907 4277 Paulus,
1947 4213 2056 4268 Ga-

489 4304 700 4396 diabes,
749 4328 1010 4388 Sabinus,
1059 4322 1291 4382 Mareas,
1339 4315 1565 4376 Mucius,
1611 4309 1874 4372 Joannes,
1921 4304 2060 4358 lior-

489 4429 717 4492 misdas,
766 4422 962 4489 Papas,
1018 4414 1277 4476 Jacobus,
1330 4409 1554 4468 Romas,
1603 4403 1835 4472 Maares,
1893 4399 2055 4469 Agas,

2165 3202 2403 3272 χρῆσθαι
2453 3203 2588 3272 πρὸς
2636 3207 2966 3274 ὑπουργίαν.
3002 3203 3242 3267 Πολλοὺς
3289 3205 3346 3257 δέ
3398 3207 3494 3259 καὶ
3535 3206 3733 3269 ἄλλους

2167 3295 2330 3364 ἱερεῖς
2357 3311 2415 3346 τε
2443 3295 2538 3346 καὶ
2569 3293 2872 3359 διακόνους,
2909 3295 3180 3366 μοναχούς
3206 3312 3266 3349 τε
3304 3295 3400 3350 καὶ
3431 3299 3734 3366 παρθένους

2163 3385 2314 3457 ἱερὰς
2353 3385 2666 3451 ἐκολάσατο,
2705 3388 2800 3439 καί
2843 3405 2992 3448 τινας
3041 3388 3267 3458 ἐτέρους
3321 3388 3560 3458 θερμοὺς
3607 3391 3736 3458 περὶ

2159 3479 2221 3532 τὸ
2250 3479 2428 3550 δόγμα
2461 3480 2553 3533 καὶ
2590 3481 2727 3550 περὶ
2775 3479 2844 3534 τὰ
2890 3479 3010 3550 ίερὰ
3063 3481 3170 3534 τῶν
3201 3482 3511 3552 ἐκκλησιῶν
3543 3483 3736 3536 διαπο-

2161 3574 2459 3643 νουμένους
2484 3616 2500 3642 ,
2539 3575 2614 3638 ὡς
2649 3575 3006 3646 ὑπερϐαίνειν
3035 3573 3105 3627 τὰ
3135 3575 3316 3645 πλήθη
3347 3577 3437 3630 τὸν
3473 3577 3731 3647 ἀριθμόν.

2172 3663 2263 3729 Ἐξ
2291 3657 2367 3720 ὧν
2399 3659 2541 3734 ἦσαν
2589 3665 2885 3718 ἐπίσκοποι
2909 3713 2914 3717 ,
2936 3663 3331 3738 Βαρϐασύμης,
3367 3668 3463 3720 καὶ
3499 3665 3734 3732 Παῦλος,

2160 3756 2258 3810 καὶ
2297 3756 2585 3828 Γαδιάϐης,
2619 3757 2848 3821 Σαϐῖνός
2877 3774 2935 3810 τε
2966 3758 3063 3811 καὶ
3094 3757 3346 3828 Μαρέας,
3371 3759 3466 3812 καὶ
3489 3758 3733 3823 Μὼκιος,

2160 3851 2256 3904 καὶ
2305 3851 2581 3919 Ἰωάννης,
2613 3852 2709 3904 καὶ
2774 3850 3092 3920 Ὀρμίσδας,
3122 3850 3319 3911 Πάπας
3367 3868 3425 3904 τε
3479 3853 3574 3904 καὶ
3634 3853 3737 3904 Ἰά-

2159 3943 2356 4007 κωϐος,
2400 3944 2622 4012 Ῥώμας
2647 3943 2740 3996 καὶ
2771 3944 3029 4013 Μαάρης,
3063 3942 3159 3996 καὶ
3183 3943 3379 4010 ’Δγας,
3416 3943 3509 3996 καὶ
3540 3943 3735 4012 Βόκχο-

2162 4053 2268 4105 ρις,
2303 4037 2394 4088 καὶ
2447 4035 2642 4098 Ἀϐδᾶς
2687 4037 2785 4090 καὶ
2838 4034 3174 4103 Ἀϐδιησοῦς,
3225 4035 3479 4106 Ἰωάννης
3535 4053 3594 4088 τε
3647 4041 3738 4090 καὶ

2171 4123 2490 4193 Ἀϐράμιος,
2524 4125 2616 4177 καὶ
2649 4124 3044 4188 Ἀϐδελᾶς,καὶ
3077 4125 3367 4196 Σαϐὡρης,
3393 4130 3488 4182 καὶ
3517 4130 3738 4210 Ἰσαὰκ⁸

2161 4218 2430 4281 Δαυστᾶς,
2471 4216 2578 4268 ἀπὺ
2634 4217 2836 4286 χωρίου
2889 4215 2990 4271 ὦδε
3042 4223 3618 4290 προσαγορευομένου,
3655 4226 3738 4280 δο-

2163 4305 2441 4375 ρυόιλωτος
2476 4306 2716 4376 Πέρσαις
2768 4306 3079 4375 γενόμενος.
3111 4309 3248 4360 Κατ’
3296 4309 3506 4363 ἐκεῖνον
3552 4311 3608 4366 δὲ
3648 4314 3738 4367 τὸν

2160 4395 2374 4466 χρόνον,
2423 4395 2519 4447 σὺν
2576 4395 2652 4466 τῷ
2707 4396 3109 4466 χωρεπισκόπῳ
3157 4397 3420 4469 Μαρεάδῃ
3474 4402 3565 4454 καὶ
3599 4405 3628 4455 6
3661 4419 3741 4454 νε-

487 4489 785 4576 Bocchoris
840 4512 939 4581 (ἓ),
989 4507 1205 4569 Abdus,
1256 4501 1561 4559 Abdiesus,
1610 4495 1854 4551 Joannes
1899 4493 2056 4556 alter,

2171 4489 2469 4558 κρέγερτος
2513 4489 2991 4559 Μίλλης,.σύναμα
3025 4492 3140 4553 τοῖς
3173 4492 3313 4560 ἀμφ’
3358 4494 3523 4547 αὐτὸν
3552 4495 3741 4566 κληρι-

494 4611 809 4670 Abramius,
842 4602 1101 4666 Abdelas,
1130 4600 1387 4668 Sapores,
1420 4593 1588 4655 isaac,
1620 4599 1675 4642 ct
1709 4586 1938 4647 Dausas,
1971 4583 2063 4654 qui

492 4720 522 4758 a
539 4701 776 4774 quodam
805 4698 950 4760 loco,
974 4693 1068 4764 qui
1091 4691 1356 4745 Zabdaeus
1379 4685 1608 4747 dicitur,
1631 4697 1659 4734 a
1684 4680 1865 4734 Persis
1895 4676 2067 4746 capti-

494 4814 601 4854 vus
649 4793 918 4850 abductus
970 4789 1169 4842 fuerat.
1227 4782 1301 4837 Ea
1362 4785 1724 4848 tempestate,
1777 4788 1883 4826 una
1940 4785 2066 4825 cum

496 4887 895 4958 chorepiscopo
918 4876 1191 4940 Mareade,
1217 4874 1382 4928 etiam
1416 4878 1763 4924 mortuorum
1799 4864 2068 4919 excitator

496 4980 676 5037 hlilles
706 4979 806 5048 (5),
840 4990 962 5030 cum
990 4969 1207 5025 clericis
1245 4963 1500 5020 ducentis
1535 4959 1930 5032 quinquaginta
1960 4973 2068 5011 nu-

495 5093 651 5132 mero
697 5073 802 5129 sibi
856 5067 1118 5130 subditis,
1162 5063 1255 5133 qui
1306 5076 1337 5115 a
1381 5055 1564 5114 Persis
1621 5053 1810 5107 itidem
1864 5048 2067 5120 captivi

492 5167 717 5225 abducti
771 5164 1024 5225 fuerant,
1082 5154 1343 5211 innotuit.
1405 5149 1584 5204 Milles
1633 5159 1766 5199 sane
1818 5143 2070 5198 Persicus

499 5262 658 5317 miles
707 5259 906 5321 (inerat,
951 5261 1275 5316 mutatoque
1313 5241 1535 5298 vivendi
1586 5253 1761 5303 more,
1802 5234 2068 5304 apostoli-

496 5366 622 5408 cum
658 5360 885 5406 secutus
913 5357 999 5401 est
1033 5343 1368 5398 institutum.
1410 5337 1477 5391 Et
1509 5333 1750 5390 civitatis
1782 5329 2067 5400 cujusdam

497 5449 552 5501 in
583 5443 807 5500 Perside
841 5440 1136 5508 episcopus
1166 5434 1362 5492 factus,
1389 5442 1516 5483 cum
1542 5440 1685 5494 saepe
1715 5423 1915 5476 multas
1947 5433 2073 5489 gra-

497 5551 702 5607 vesque
732 5532 1091 5588 sustinuisset
1124 5525 1330 5596 plagas,
1364 5521 1457 5573 ubi
1495 5517 1772 5572 neminem
1805 5510 2070 5564 Christia—

497 5601 627 5688 naui
664 5625 986 5696 religionem
1033 5618 1286 5689 amplecti
1321 5613 1462 5668 velle
1496 5605 1914 5666 animadvertit,
1949 5601 2068 5655 dira

569 5744 646 5810 (Ι)
693 5742 796 5795 Pro
824 5737 1064 5810 losepho
1105 5733 1395 5810 ὅρια-τηου.
1439 5725 1602 5781 habet
1644 5721 1925 5776 Iacobum.

567 5803 642 5884 (τι)
681 5814 896 5866 Solum.
932 5803 1096 5861 habet
1131 5803 1382 5857 Bac/iras.

2172 4585 2307 4645 κοῖς,
2327 4583 2663 4652 πεντήκοντα
2691 4582 2748 4634 δέ
2777 4583 2871 4636 καὶ
2899 4581 3164 4635 διακόσιοι
3196 4579 3338 4653 ἦσαν
3368 4587 3458 4637 τὸν
3487 4587 3743 4658 ἀριθμὸν,

2171 4670 2500 4742 ἐγνωρίζετο
2520 4688 2534 4702 ο
2569 4672 2619 4724 οῖ
2653 4675 2865 4739 καιροῖς
2900 4673 3129 4736 ἐκείνοις
3157 4674 3261 4726 ὑπὸ
3285 4674 3515 4744 Περσῶν
3539 4678 3743 4746 αἰχμά-

2170 4766 2330 4818 λωτοι
2387 4765 2653 4836 ήχθησαν.
2723 4765 2783 4818 Ὀ
2839 4765 2896 4816 δὲ
2962 4765 3171 4836 Μῐλλης
3238 4768 3456 4837 Πέρσης
3525 4766 3626 4837 μέν
3679 4764 3746 4838 ἦν

2173 4856 2547 4926 στρατιώτηςο
2590 4855 2958 4926 μεταθέμενος
2991 4856 3047 4908 δέ
3076 4857 3167 4908 τὸν
3200 4855 3338 4926 βίον,
3374 4857 3473 4927 τὴν
3498 4858 3743 4910 ἀποστο-

2172 4949 2327 5018 λικὴν
2367 4948 2646 5001 πολιτείαν
2695 4949 2911 5001 εἰλετοο
2953 4949 3046 5002 καί
3076 4967 3219 5012 τινος
3264 4949 3374 5002 τῶν
3422 4953 3480 5002 ἐν
3525 4951 3745 5020 Περσίδι

2173 5042 2384 5095 πόλεων
2425 5043 2722 5104 ἐπίσκοπος
2777 5041 3040 5110 γεγονὼς,
3095 5041 3299 5104 πολλὰς
3347 5041 3604 5105 πολλάκις
3655 5047 3747 5095 καὶ

2174 5133 2416 5203 χαλεπὰς
2451 5133 2692 5194 ὑποστὰς
2742 5133 2841 5197 τὰς
2888 5133 3125 5203 πληγὰς,
3159 5134 3235 5196 ὼς
3264 5133 3438 5197 οὐδεὶς
3486 5135 3746 5204 Χριστια-

2172 5227 2340 5291 νίζειν
2370 5228 2575 5298 ᾑρεῖτο,
2610 5228 3034 5297 ἐπαρασάμενος
3066 5229 3178 5290 τοῖς
3206 5227 3451 5287 ἐποίκοις
3480 5227 3745 5297 ἀνεχώρει

2173 5319 2402 5372 ἐκεῖθεν.
2436 5321 2511 5372 Ού
2549 5318 2727 5390 πολλῷ
2759 5319 2806 5373 δ’
2835 5318 3062 5390 ὕστερον
3093 5320 3203 5372 τῶν
3233 5323 3414 5372 ἐκεῖσε
3444 5323 3748 5386 πρωτευόν-

2174 5431 2283 5465 των
2317 5415 2398 5476 είς
2444 5411 2670 5484 βασιλέα
2713 5412 3160 5482 ἐξαμαρτόντων,
3192 5413 3455 5482 στρατιὰν
3488 5411 3692 5482 μυρίαν
3721 5414 3746 5463 6

2175 5508 2394 5577 Πέρσης
2424 5505 2742 5574 ἐπαγαγὼν,
2775 5505 3073 5574 κατήρειψε
3110 5506 3206 5575 τὴν
3242 5505 3418 5568 πόλιν,
3441 5505 3535 5558 καὶ
3563 5504 3746 5574 βουσὶν

2174 5601 2378 5670 ὀρόσας
2432 5599 2790 5668 κατέσπειρε.
2823 5597 3032 5668 Μίλλης
3084 5598 3139 5650 δὲ
3194 5602 3376 5669 πήραν
3431 5597 3603 5668 μόνην
3650 5596 3742 5649 la-

2249 5716 2326 5786 (3)
2361 5715 2464 5769 Alii
2493 5714 2752 5769 Milesium
2787 5723 3002 5769 vocant.
