4034 6600
324 520 402 582 MS
1184 511 1794 573 ΕΕΕΕΕΞΙᾹΞἸῚΟΑΞ
1839 511 1847 568 ]

1948 513 2229 573 ΞΤΟΙίῖβΕ
2265 515 2422 573 LIB.
2460 515 2626 576 VIII.

3412 470 3513 578 ita

317 617 472 698 θὼν,ᾔ
504 621 590 690 τὴν
623 619 778 689 ίερέιν
812 619 920 672 τῶν
949 621 1297 688 Εὖαγγελίων
1331 623 1516 693 βίϐλον
1543 623 1827 694 ἐφρούρει,

1955 615 2134 677 ncolis
2174 623 2509 692 imprecatus
2547 623 2648 693 (l),
2688 621 2814 677 inde
2859 622 3138 680 discessit.
3188 624 3308 681 Non
3354 623 3514 686 longe

315 726 378 783 είς
417 715 742 788 Ἱεροσόλυμα
789 709 924 784 ἧκεν
974 717 1139 785 εύχῆς
1172 716 1339 770 ἕνεκα
1365 733 1381 749 ⁸
1415 716 1592 771 ἔπειτ’
1629 717 1839 770 ἐκεῖθεν

312 815 375 875 είς
404 810 650 876 ⁸ἃίγινιττον
680 808 824 861 κατὰ
868 807 998 861 θέαν
1043 807 1154 860 τῶν
1196 810 1376 862 ἐκεῖσε
1409 808 1662 880 μοναχῶν
1696 809 1840 878 ἀπῆ-

315 921 402 972 ρεν.
432 895 540 960 υἷος
583 896 629 950 δ’
684 899 893 960 ἐκεῖνος
946 899 1061 961 τοῖς
1115 899 1444 968 παραδόξοις
1496 898 1604 953 τῶν
1659 897 1838 970 ἔργων

308 996 488 1063 ἐγένετο
514 991 866 1061 δημιουργὸς,
901 991 975 1054 ὡς
1011 991 1107 1044 καὶ
1149 993 1378 1062 νεκροὺς
1422 993 1668 1066 άνιστᾷν,
1697 1010 1840 1064 μαρ-

308 1086 495 1158 τυρήσει
546 1080 581 1135 ἃ
635 1082 826 1152 Σύρων
859 1085 1050 1148 παῖδες
1103 1083 1208 1156 ἰδίᾳ
1262 1085 1598 1159 παραδόντες
1651 1088 1838 1157 γραφῇ

307 1178 576 1239 κατέλιπον,
629 1176 980 1248 ἀνάγραπτον
1025 1177 1115 1230 τὸν
1168 1178 1284 1248 βίον
1340 1178 1438 1231 καὶ
1483 1177 1580 1240 τὰς
1627 1177 1839 1232 ἐκείνου

308 1271 498 1339 πράξεις
538 1267 875 1335 ποιούμενοι.
918 1268 1076 1336 Ἐμοὶ
1119 1268 1164 1321 δ’
1207 1268 1463 1338 ἀρκέσει,
1495 1270 1566 1323 τὰ
1597 1270 1842 1341 παρόντα

306 1363 420 1432 μόνα
466 1358 584 1428 περὶ
642 1361 810 1414 αὐτοῦ
860 1361 1110 1428 διελθεῖν,
1148 1364 1245 1416 καὶ
1295 1363 1608 1433 μνησθῆναι
1652 1364 1838 1433 μόνον,

302 1455 396 1505 ὅσοι
427 1451 482 1517 δὴ
521 1452 574 1502 ὲν
617 1450 845 1520 Περσίδι
893 1452 999 1504 ὑπὸ
1041 1449 1287 1527 Σαπώρῃ
1331 1454 1426 1507 τὸν
1474 1453 1616 1508 θεῖον
1648 1455 1840 1524 άγῶνα

300 1543 485 1612 διῆλθον
508 1557 522 1572 ·
561 1541 726 1613 σχολῇ
762 1543 871 1613 γὰρ
907 1541 974 1597 άν
1017 1559 1105 1608 τις
1144 1544 1288 1609 τίνες
1317 1562 1379 1599 τε
1408 1541 1553 1618 ἦσαν
1591 1547 1686 1600 καὶ
1717 1547 1841 1601 ὅθεν

303 1631 379 1684 καὶ
403 1632 534 1692 ὅπως
561 1630 658 1683 καὶ
693 1631 846 1695 τίνας
878 1633 1195 1702 ὑπέστησαν
1223 1637 1497 1706 τιμωρίας
1520 1636 1842 1709 ἀπαριθμή-

301 1739 446 1775 σαιτο.
481 1723 824 1777 Παντοδαπολ
867 1725 978 1796 γάρ
1027 1744 1175 1790 τινες
1229 1728 1324 1781 καὶ
1374 1729 1609 1782 ποικίλοι
1651 1731 1702 1782 oi
1732 1731 1841 1785 τῶν

301 1809 543 1862 κολάσεων
583 1810 780 1880 τρόποι
834 1813 1084 1882 Περσῶν,
1118 1815 1224 1868 κάν
1259 1814 1475 1878 τούτοις
1503 1816 1569 1885 δὴ
1605 1817 1841 1887 μάλιστα

297 1901 347 1952 τὸ
371 1900 634 1968 φιλότιμον
665 1902 1140 1973 ἔπιδεδειγμένων.
1191 1906 1279 1968 Ὦς
1325 1907 1383 1960 δὲ
1421 1906 1568 1978 λόγῳ
1614 1908 1842 1980 περιλα-

297 1994 392 2045 ϐεῖν
433 1993 560 2058 ἔστι,
612 1994 830 2063 λέγεται
880 1996 990 2050 τῶν
1047 1997 1306 2068 τηνικάδε
1363 2002 1836 2071 μαρτυρησάντων

295 2088 398 2148 τοὺς
437 2085 600 2156 ὖνομα
635 2089 974 2157 φερομένους
1015 2084 1158 2143 εἶναι
1187 2091 1389 2163 ἄνδρας
1421 2109 1478 2145 τε
1525 2096 1619 2146 καὶ
1651 2095 1838 2163 γυναῖ-

294 2195 400 2244 κας,
430 2178 562 2248 πλὴν
591 2179 696 2248 τῆς
732 2181 886 2245 ὲκτδς
919 2181 1162 2252 πληθύος
1196 2186 1291 2236 καὶ
1319 2182 1560 2256 ἀριθμοῦ
1593 2185 1842 2256 κρείττο-

294 2288 385 2339 νος,
415 2276 502 2326 σιν
541 2273 932 2344 ἑξακισχιλίοις
986 2275 1203 2346 μυρίοις
1229 2290 1246 2308 ο
1280 2269 1358 2330 ὧν
1391 2277 1633 2344 ἐργῶδες
1680 2277 1840 2346 νομί-

292 2379 458 2427 σαντες
490 2366 584 2428 τὰς
633 2366 814 2419 αὐτῶν
855 2368 1228 2439 προσηγορίας
1263 2368 1626 2438 ἀπαριθμεῖν,
1662 2370 1710 2420 οί
1740 2367 1844 2422 ἀνὰ

290 2455 376 2526 τὴν
412 2454 637 2510 Ἐδεσαν
682 2458 900 2528 Πέρσαι,
949 2460 1041 2513 καὶ
1091 2458 1255 2530 Σύροι
1311 2460 1634 2531 Χριστιανοὶ
1684 2460 1842 2514 τοῦτο

291 2548 433 2616 μόνον
462 2550 780 2622 ίστόρησαν.

1942 731 2074 769 vero
2105 725 2247 787 post,
2280 732 2405 771 cum
2441 715 2767 787 primarium
2799 715 2874 770 ibi
2909 717 3290 786 magistratum
3323 733 3517 787 geren-

1943 813 2026 859 tes
2060 807 2394 876 majestatem
2429 807 2633 877 regiam
2669 810 2958 872 laesissent,
2989 807 3230 864 adducto
3254 824 3324 864 eo
3357 825 3518 864 exer-

1941 898 2052 952 citu
2089 898 2251 968 longe
2297 898 2541 953 maximo
2577 897 2744 954 Persa
2775 899 3040 969 oppidum
3080 899 3272 965 diruit,
3305 899 3516 956 locum-

1941 1005 2050 1060 que
2098 991 2219 1061 ejus
2275 990 2455 1046 bobus
2505 1000 2690 1046 aratro
2729 991 2940 1062 junctis
2985 992 3272 1062 proscidit,
3306 1002 3363 1048 et
3395 1003 3520 1048 tan-

1940 1099 2105 1154 quam
2141 1101 2332 1154 agrum
2367 1086 2632 1142 consevit.
2675 1085 2857 1142 Milles
2884 1095 3068 1140 autem
3098 1099 3167 1140 ex
3193 1099 3262 1141 eo
3294 1083 3518 1157 oppido,

1940 1176 2102 1232 sicuti
2156 1178 2292 1243 dixi,
2345 1177 2658 1246 discedens,
2705 1179 2822 1234 sola
2869 1195 2998 1249 pera
3047 1178 3098 1234 in
3146 1194 3254 1249 qua
3300 1194 3518 1234 sacrum

1940 1267 2362 1339 Evangeliorum
2411 1269 2616 1323 librum
2661 1269 2942 1334 servabat,
2980 1280 3227 1339 accepta,
3265 1270 3524 1325 Hieroso-

1940 1360 2084 1431 Iyma
2116 1359 2447 1428 precationis
2479 1375 2612 1430 ergo
2646 1361 2817 1416 venit.
2857 1359 3065 1415 Deinde
3103 1359 3416 1432 Algyptum,
3451 1361 3518 1414 all

1940 1451 2202 1507 visendos
2237 1451 2312 1505 ibi
2345 1453 2675 1521 monachos,
2710 1453 2891 1522 petiit.
2923 1453 3176 1520 Quantus
3209 1465 3392 1522 autem
3436 1455 3523 1507 vir

1940 1542 1988 1598 is
2033 1543 2322 1598 immensis
2370 1544 2655 1600 miraculis
2697 1544 2951 1610 edendis,
2993 1546 3341 1615 mortuisque
3383 1545 3520 1600 adeo

1940 1635 2297 1714 restituendis
2331 1635 2516 1700 fuerit,
2550 1635 2670 1706 Syri
2705 1636 2832 1705 ipsi,
2868 1635 2962 1707 qui
2998 1638 3162 1691 vitam
3197 1648 3254 1691 et
3284 1653 3372 1692 res
3401 1638 3523 1706 ejus

1940 1736 2122 1796 gestas
2157 1727 2210 1782 in
2244 1727 2550 1782 litterarum
2597 1737 2962 1783 monumenta
2996 1729 3326 1793 retulerunt,
3364 1729 3522 1783 libris

1941 1820 2055 1874 suis
2090 1818 2464 1874 testabuntur.
2506 1819 2634 1873 Mihi
2665 1819 2798 1874 satis
2833 1818 3022 1883 fuerit,
3056 1819 3173 1873 haec
3207 1829 3420 1872 tantum
3452 1819 3520 1872 de

1941 1925 2008 1966 eo
2057 1911 2290 1974 dixisse.
2352 1925 2656 1980 eorumque
2705 1911 2976 1966 duntaxat
3025 1910 3379 1976 meminisse,
3426 1912 3519 1979 qui

1944 2003 2088 2072 apud
2125 2003 2318 2059 Persas
2353 2005 2453 2058 sub
2494 2005 2702 2074 Sapore
2747 2004 2996 2059 divinum
3042 2005 3357 2060 sustinuere
3389 2018 3520 2072 ago-

1943 2113 2090 2150 nem.
2135 2095 2302 2165 λάζετο
2349 2096 2495 2151 enim
2537 2100 2826 2167 quisquam
2881 2113 3173 2153 numerum
3216 2097 3424 2162 inierit,
3467 2109 3522 2152 et

1941 2189 2200 2257 quinam,
2239 2199 2296 2243 et
2342 2189 2488 2244 unde
2539 2189 2775 2254 fuerint,
2821 2199 2917 2244 aut
2961 2191 3274 2261 quomodo,
3326 2205 3520 2260 quasve

1941 2280 2216 2334 subierint
2266 2272 2552 2351 supplicia.
2596 2281 2744 2337 Varii
2790 2298 3030 2353 namque
3108 2283 3520 2350 multorumque

1943 2387 2206 2442 generum
2240 2373 2588 2427 cruciatuum
2627 2371 2774 2443 apud
2811 2374 3004 2428 Persas
3034 2382 3164 2428 sunt
3198 2372 3345 2426 modi
3380 2389 3392 2424 :
3425 2371 3520 2441 qui

1944 2466 2000 2519 in
2051 2466 2133 2520 eis
2173 2465 2341 2521 etiam
2391 2481 2516 2520 cum
2569 2465 2873 2520 ambitione
2915 2464 3174 2533 quadam,
3211 2463 3426 2518 laudem
3469 2473 3525 2516 et

1943 2557 2170 2627 gloriam
2215 2556 2454 2612 maxime
2489 2565 2794 2613 ostentant.
2829 2557 2991 2629 617
3031 2555 3306 2621 Quantum
3339 2561 3520 2608 autem

290 2645 476 2696 ratione
505 2645 797 2714 complecti
832 2645 982 2712 licet,
1015 2662 1208 2702 eorum
1240 2647 1335 2719 qui
1402 2656 1516 2702 tum
1587 2646 1663 2702 ibi
1741 2651 2061 2718 martyrium
2108 2651 2483 2717 absolverunt,
2516 2659 2572 2706 et
2609 2649 2844 2722 alicujus
2887 2650 3041 2705 fuere
3087 2647 3347 2710 nominis,
3417 2645 3520 2700 viri

285 2754 329 2794 e:
361 2740 637 2806 mulieres,
673 2755 829 2798 extra
879 2744 1288 2800 multitudinem
1333 2759 1454 2798 eam
1525 2758 1646 2814 qua?
1715 2759 2004 2801 numerum
2055 2747 2296 2811 excedit,
2366 2746 2433 2801 ad
2485 2745 2653 2801 millia
2703 2745 2942 2802 sedecim
3019 2743 3188 2800 fuisse
3235 2742 3526 2798 dicuntur.

287 2832 510 2898 Quorum
558 2838 790 2892 nomina
843 2853 1130 2896 recensere
1176 2853 1472 2909 operosum
1518 2837 1851 2910 iudicantes,
1921 2841 2014 2910 qui
2066 2840 2284 2898 Elessa:
2325 2852 2475 2906 sunt,
2557 2841 2736 2898 Persa:
2785 2849 2840 2896 et
2892 2838 3014 2911 Syri
3051 2837 3372 2904 Christiani,
3420 2838 3524 2894 hoc

285 2928 654 2985 tantummodo
683 2931 967 2985 memoriae
993 2934 1472 2988 commendarunt.

856 3045 1112 3098 ΚΕΦΑΔ.
1144 3045 1268 3100 AH’.

285 3136 380 3192 (lla
401 3140 434 3193 ὀ
445 3138 644 3214 μέγας
662 3137 1123 3214 Κωγστανεζνοε
1152 3136 1306 3214 ὐπξρ
1341 3136 1715 3214 ξριστιιξγῶγ
1736 3138 1850 3190 Σα-

506 3205 670 3279 ϐώρῃ
705 3210 930 3278 ἔγραφε
959 3205 1039 3273 ἷῷ
1065 3206 1316 3276 Περσῶν
1335 3206 1605 3272 βασιλεῖ.

353 3326 502 3380 Ἐπεὶ
545 3325 606 3380 δὲ
644 3323 789 3377 οὕτω
833 3324 1066 3393 πάσχειν
1094 3324 1224 3385 τοὺς
1266 3323 1448 3375 ἐκεῖσε
1495 3321 1586 3374 τὸν
1613 3320 1846 3390 Χριστὸν

279 3402 580 3481 σέϐονταξό
616 3415 978 3486 πανεύφημος
1010 3412 1280 3485 ἐγνώρισε
1311 3412 1590 3484 βασιλεὺς,
1611 3412 1848 3483 ἡσχαλλε

280 3509 518 3577 μεγάλως
556 3511 660 3562 καὶ
689 3507 882 3578 ἠνιᾶτο
905 3522 920 3539 ·
959 3504 1178 3576 βοηθεῖν
1218 3503 1278 3558 δι
1332 3503 1616 3574 πρόθυμος
1660 3502 1757 3566 ὢν,
1790 3505 1849 3556 ὲν

275 3603 454 3674 ἀπόρῳ
488 3604 553 3656 τὸ
585 3602 849 3671 ποιητέον
873 3595 1046 3671 εἶχεν,
1072 3599 1222 3662 ὅπως
1262 3597 1330 3653 ἂν
1359 3599 1456 3651 καὶ
1482 3597 1532 3650 oi
1567 3597 1625 3650 ὲν
1654 3596 1850 3666 ἐκείνῳ

275 3700 496 3769 ἡσυχίαν
534 3699 752 3767 ἄγοιεν.
785 3695 1008 3764 Συμϐάν
1036 3695 1093 3748 δὲ
1130 3691 1395 3760 πρέσϐεις
1443 3690 1656 3745 ἐκεῖθεν
1699 3707 1851 3759 τηνι-

274 3793 393 3846 κάδε
426 3793 720 3860 παρεῖναι,
743 3791 858 3851 τοῖς
907 3787 1252 3855 αἰτουμένοις
1301 3781 1514 3846 ἐπιθεὶς
1558 3781 1755 3851 πέρας,
1787 3779 1850 3833 εὖ

270 3884 310 3936 δ’
338 3887 705 3954 ἡγησάμενος
755 3879 992 3951 Σαϐὡρῃ
1025 3881 1120 3933 καὶ
1171 3881 1300 3948 περὶ
1335 3876 1446 3930 τῶν
1488 3875 1671 3927 ἐκεῖσε
1717 3873 1850 3926 άνα-

271 3975 450 4033 θέσθαι
496 3973 876 4046 Χριστιανῶν,
902 3971 1194 4041 επιστολὴν
1239 3967 1573 4038 άξιύμνητον
1615 3966 1850 4036 ἔγραφε,

270 4070 536 4138 μεγίστην
579 4069 748 4138 χάριν
789 4063 1067 4135 όμολογῶν
1117 4060 1290 4130 αὐτῷ,
1339 4063 1388 4113 εί
1439 4062 1554 4121 τοῖς
1597 4058 1659 4112 τὸ
1709 4057 1851 4111 κατά

265 4161 498 4230 Χριστὸν
550 4160 734 4228 δόγμα
783 4157 1108 4227 στέργουσιν
1159 4153 1346 4207 άνεσιν
1399 4149 1540 4219 δοίη.
1595 4149 1688 4220 Μὴ
1743 4149 1852 4218 γάρ

264 4254 518 4321 ἐγκαλεῖν
554 4253 710 4323 ἔχειν
742 4252 836 4304 καὶ
882 4251 974 4302 τὶν
1003 4252 1102 4317 τῆς
1135 4246 1440 4318 θρησκείας
1477 4245 1701 4315 τρόπον,
1728 4241 1851 4294 ἐπεί

263 4342 342 4396 τοί
393 4359 463 4410 γε
527 4341 614 4411 μὴ
665 4339 940 4407 σφαγίοις,
986 4335 1176 4405 ὥσπερ
1236 4335 1460 4395 ἐκεῖνοι,
1521 4329 1638 4382 ἀλλ’
1696 4330 1852 4382 ἀναι-

264 4438 495 4504 μάκτοις
527 4435 796 4506 χαίρουσι
825 4433 945 4494 ταῖς
985 4429 1230 4490 θυσίαις,
1265 4424 1554 4495 εὐχόμενοι
1596 4420 1676 4492 τῷ
1708 4421 1848 4490 Θεῷ,

259 4519 302 4598 ᾧ
352 4527 433 4597 μὴ
485 4528 655 4596 φίλον
705 4524 863 4598 χύσις
903 4520 1175 4591 αἱμάτων,
1233 4515 1373 4570 ἀλλὰ
1435 4515 1584 4585 ψυχὴ
1647 4512 1851 4583 ἀρετὴν

2459 3045 2682 3102 CAPUT
2722 3043 3008 3100 XXXVIII.

2029 3135 2157 3202 Qua:
2205 3135 2584 3192 Constantinus
2615 3137 2808 3206 Sapori
2873 3135 3160 3190 Persarum
3199 3136 3312 3207 regi
3358 3150 3451 3204 pro

2405 3207 2722 3262 Christianis
2750 3207 3048 3276 scripserit.

2021 3319 2380 3389 Posteaquam
2477 3330 2659 3374 autem
2745 3320 3160 3375 laudatissimus
3224 3320 3524 3388 imperator

1949 3410 2302 3466 Christicolas
2329 3413 2403 3466 ibi
2440 3413 2513 3466 ita
2543 3412 2705 3481 atlligi
2743 3411 3034 3475 intellexit,
3065 3427 3207 3482 tegre
3235 3411 3287 3465 id
3317 3411 3522 3471 ferens,

1953 3519 2280 3574 magnopere
2313 3515 2398 3558 est
2431 3505 2809 3573 perturbatus.
2849 3502 2913 3556 Et
2943 3513 3170 3572 paratus
3201 3501 3425 3572 quidem
3457 3504 3524 3554 ad

1951 3611 2110 3666 opem
2149 3596 2256 3649 illis
2287 3595 2575 3650 ferendam
2606 3603 2768 3650 erat:
2801 3595 2898 3650 sed
2939 3598 3084 3664 quod
3116 3594 3324 3648 faceret
3353 3602 3414 3647 ut
3443 3592 3523 3646 illi

1951 3702 2018 3742 eo
2043 3701 2263 3758 quoque
2291 3691 2408 3740 loco
2438 3688 2680 3757 quietam
2706 3688 2978 3742 ducerent
3002 3688 3190 3751 vitam,
3219 3700 3327 3740 non
3357 3685 3528 3739 habe-

1953 3779 2064 3833 bat.
2097 3776 2203 3832 Sed
2235 3777 2382 3831 enim
2418 3777 2620 3832 accidit
2649 3785 2708 3830 ut
2738 3776 2903 3846 legati
2937 3784 3054 3830 tum
3095 3790 3161 3830 ex
3210 3772 3438 3828 Perside
3472 3773 3524 3827 ei

1952 3869 2240 3935 adessent;
2281 3884 2518 3940 quorum
2559 3868 2763 3937 aptatis
2795 3883 2919 3923 cum
2961 3866 3344 3930 satisfecisset,
3380 3876 3525 3921 recte

1952 3974 2012 4015 se
2045 3960 2318 4014 facturum
2367 3960 2601 4030 putavit,
2630 3960 2675 4014 si
2723 3959 2918 4029 Sapori
2968 3959 3036 4014 de
3067 3958 3398 4014 Christianis
3432 3957 3525 4029 qui

1952 4051 2056 4107 sub
2085 4053 2207 4124 ejus
2237 4068 2410 4121 regno
2445 4062 2652 4119 essent,
2691 4052 2994 4123 quidquam
3036 4053 3204 4108 etiam
3248 4052 3522 4122 significa-

1953 4155 2060 4200 ret.
2111 4145 2299 4215 Itaque
2345 4145 2634 4214 epistolam
2684 4143 2750 4198 ad
2798 4157 2957 4206 eum,
3008 4143 3227 4214 dignam
3285 4141 3527 4212 profecto

1953 4239 2101 4294 illam
2132 4254 2255 4308 qua:
2289 4237 2525 4291 maxime
2555 4236 2886 4299 celebretur,
2918 4235 3112 4290 dedit:
3141 4235 3436 4291 maximam
3467 4250 3526 4289 se

1953 4331 2029 4386 illi
2065 4331 2384 4386 debiturum
2420 4344 2541 4384 esse
2574 4329 2806 4399 gratiam
2852 4327 3170 4392 ostendens,
3203 4326 3246 4382 si
3279 4329 3521 4396 quietem

1952 4423 2034 4477 eis
2062 4421 2158 4492 qui
2191 4436 2348 4476 saera
2378 4419 2582 4475 Christi
2622 4419 2890 4483 colerent,
2928 4418 3295 4488 permitteret.
3336 4418 3527 4488 Neque

1953 4527 2074 4568 esse
2114 4511 2261 4582 quod
2305 4511 2590 4582 religionis
2633 4511 2752 4582 ejus
2797 4509 3158 4565 caremonias
3203 4510 3522 4565 criminare-

258 4621 595 4692 ἀκραιφνῶς
650 4618 918 4682 ἀσκοῦσα,
961 4613 1058 4668 καὶ
1099 4613 1346 4680 δόγματα
1395 4606 1654 4676 εὐσεϐείᾳ
1701 4604 1846 4676 μάλα

1953 4614 2044 4659 tur
2073 4621 2089 4659 :
2123 4604 2327 4675 quippe
2366 4604 2493 4660 illos
2529 4618 2637 4658 non
2678 4603 2918 4658 victimis
2950 4603 3225 4666 mactatis.
3257 4603 3521 4673 quemad-

263 4717 653 4785 προσήκοντα.
686 4711 850 4763 Ὥστε
901 4710 996 4760 καὶ
1039 4705 1109 4759 δι’
1161 4702 1392 4757 ἐπαίνου
1446 4699 1647 4770 μᾶλλον
1698 4699 1852 4766 ἄγειν

257 4811 382 4871 τοὺς
414 4803 527 4861 ὦδε
573 4807 690 4859 δεῖν
734 4803 1095 4874 ἡγουμένους.
1124 4795 1430 4873 πιστεύειν.
1474 4793 1598 4846 Ἐπὶ
1634 4792 1699 4861 δὴ
1729 4790 1854 4844 τού-

257 4915 372 4962 τοις
415 4900 594 4952 ἵλεων
643 4897 790 4964 ἔχειν
840 4891 1155 4960 ὑπισχνεῖτο
1183 4889 1246 4942 τὸ
1288 4887 1464 4950 Θεῖον,
1496 4885 1549 4938 εῐ
1586 4885 1640 4953 γ’
1680 4882 1856 4935 ἕλοιτο

258 4995 525 5061 προνοεῖν
588 4989 696 5058 τῆς
756 4985 1090 5057 θρησκείας*
1147 4983 1243 5036 καὶ
1292 4979 1592 5050 τεκμήριον
1643 4975 1853 5046 προῆγε

260 5082 541 5153 Γαλιῆνον
606 5082 815 5133 ἐκεῖνον
867 5080 961 5130 καὶ
1016 5073 1432 5142 Οὐαλλεριανδν,
1498 5069 1594 5121 καὶ
1652 5067 1720 5119 τὰ
1764 5063 1853 5118 ἐπ’

256 5175 411 5244 αὐτῷ
467 5173 684 5240 ἐκείνῳ
735 5167 1148 5240 συμϐεϐηκότα.
1202 5166 1265 5217 Οί
1314 5162 1412 5233 μὲν
1455 5159 1564 5229 γὰρ
1619 5159 1708 5211 διὰ
1757 5157 1856 5225 τὴν

260 5267 397 5336 πρὸς
471 5263 856 5335 Χριστιανοὺς
923 5260 1151 5329 είρήνην
1209 5254 1468 5324 εὐμαρῶς
1525 5253 1626 5318 τὴν
1680 5251 1858 5320 ἀρχὴν

251 5363 558 5432 διήνυσαν.
606 5356 761 5409 Ἐπεὶ
787 5355 844 5408 δὲ
876 5355 971 5407 καὶ
1000 5345 1172 5416 οὗτοι,
1206 5349 1410 5418 μᾶλλον
1447 5345 1493 5400 δ’
1523 5343 1856 5413 Ούαὶλεριαι

255 5455 346 5517 νδς
385 5451 658 5521 διωγμὸν
703 5450 824 5502 κατ’
871 5446 1073 5510 αὐτῶν,
1114 5445 1188 5505 ὼς
1238 5443 1288 5494 οἱ
1339 5440 1543 5500 λοιποὶ,
1593 5441 1858 5507 πράττειν

252 5549 478 5618 ᾑρεῖτο,
517 5545 638 5597 ὐπδ
666 5543 906 5613 Πέρσαις
931 5539 1252 5608 γενόμενος,
1279 5535 1375 5604 τῆς
1405 5533 1556 5592 θείας
1585 5529 1858 5599 ἐπειράθη

253 5640 413 5706 δίκης
440 5654 459 5670 ·
495 5639 564 5690 ἐν
617 5629 698 5696 οἷς
733 5631 1078 5701 αἰχμάλωτος
1123 5625 1381 5695 γεγονὼς,
1413 5621 1600 5684 κακῶς
1652 5621 1711 5673 τὸ
1759 5621 1858 5689 ζῇν

252 5730 684 5803 ὲξεμέτρησεν.
717 5725 873 5794 Αύτῷ
916 5723 961 5775 δ’
1008 5722 1205 5789 ἐκείνῳ
1241 5718 1332 5770 διὰ
1364 5716 1464 5784 τὴν
1512 5717 1592 5778 είς
1626 5710 1856 5778 Χριστὸν

255 5826 450 5876 πίστιν
503 5822 814 5889 σύμμαχον
859 5819 918 5869 τὸ
942 5817 1098 5867 Θεῖον
1148 5813 1516 5880 γεγενημένον
1555 5810 1732 5860 πᾶσαν
1757 5803 1856 5869 τὴν

1955 4697 2180 4753 modum
2223 4699 2396 4766 ipsos,
2426 4696 2522 4752 sed
2569 4696 2876 4754 incruentis
2913 4697 3152 4767 gaudere
3196 4696 3518 4758 sacrificiis;

1953 4797 2011 4846 et
2036 4803 2230 4860 preces
2267 4791 2335 4845 ad
2369 4790 2539 4845 Deum
2583 4788 2839 4856 fundere,
2870 4789 2960 4844 cui
2995 4804 3107 4844 non
3146 4788 3357 4845 etiusus
3399 4803 3525 4842 san—

1955 4883 2078 4953 guis
2111 4892 2300 4952 gratus
2334 4891 2507 4946 esset,
2537 4881 2632 4936 sed
2665 4881 2846 4936 anima
2885 4882 3146 4937 virtutem
3181 4881 3396 4936 sincere
3429 4895 3526 4934 ex-

1957 4973 2173 5036 hibens,
2209 4983 2267 5026 et
2311 4972 2566 5042 dogmata
2613 4988 2757 5028 verae
2805 4973 2994 5043 pietati
3042 4971 3279 5026 maxime
3321 4984 3527 5026 conve-

1957 5067 2188 5121 nientia.
2239 5066 2477 5122 Proinde
2531 5064 2842 5122 laudandos
2885 5080 2984 5120 eos
3037 5079 3159 5119 esse
3201 5063 3397 5134 magis,
3430 5065 3523 5132 qui

1957 5159 2066 5215 sibi
2111 5160 2186 5213 ita
2229 5158 2591 5224 credendum,
2635 5159 2918 5228 Deumque
2970 5156 3263 5212 colendum
3320 5163 3528 5210 statue-

1958 5259 2107 5308 runt.
2148 5251 2229 5308 Ad
2283 5252 2398 5307 hanc
2443 5251 2611 5306 Deum
2659 5251 2810 5304 illum
2859 5249 3158 5320 propitium
3207 5248 3524 5302 habiturum

1957 5359 2080 5398 esse
2110 5343 2412 5420 recepit,_si
2437 5343 2874 5397 Christianorum
2906 5341 3093 5411 pietati
3121 5339 3524 5395 consulendum

1960 5445 2200 5504 putaret.
2235 5435 2417 5504 Atque
2453 5433 2522 5488 ad
2555 5432 2608 5487 id
2647 5433 3022 5495 indicandum.
3054 5432 3340 5488 Galienum
3373 5433 3526 5488 illum

1958 5541 2011 5582 et
2047 5527 2416 5590 Valerianum,
2452 5534 2715 5595 prietes-ea
2758 5540 2888 5580 vero
2925 5541 2988 5580 ea
3029 5541 3150 5595 qua:
3181 5536 3237 5581 et
3270 5525 3375 5580 sub
3408 5527 3527 5595 ipso

1957 5619 2308 5683 accidissent,
2360 5617 2640 5689 produxit.
2696 5618 2823 5674 Ilios
2865 5619 3038 5684 enim,
3082 5619 3352 5688 tantisper
3397 5619 3526 5672 dum

1955 5711 2302 5766 Christianos
2343 5710 2634 5778 quiescere
2673 5710 2820 5779 passi
2868 5721 3073 5772 essent,
3108 5710 3264 5764 facile
3311 5709 3526 5777 imperii

1957 5821 2181 5859 cursum
2225 5804 2471 5860 tenuisse
2507 5821 2520 5857 :
2557 5803 2725 5875 618
2761 5803 2981 5858 eosdem
3042 5814 3244 5866 autem,
3305 5799 3526 5870 potissi-

328 5966 408 6034 (i)
490 5959 888 6030 'En'qpsa'tsato
953 5959 1019 6025 τῇ
1081 5952 1258 6014 πόλει,
1319 5950 1588 6004 instillavit
1652 5949 1836 6016 Oppido

1948 5950 2027 6000 iul.
2051 5962 2262 6001 unctius
2291 5950 2306 6010 )
