4062 6558
329 417 442 480 149

1230 423 1837 487 ΕρϐιΕδιΑΞΤιαιΕ
1879 427 2271 487 ῙΠΒΤΟΗΗΕ
2312 430 2460 491 LIB.
2510 430 2679 493 Vlll.

3491 426 3592 487 15ιι

320 534 589 602 ἐπίδειξιν
614 534 790 589 ἐθέλει
824 537 1002 591 ποιεῖν
1048 539 1273 609 ἀρετῆς,
1303 539 1437 594 ἀλλὰ
1473 540 1731 611 πράττειν
1758 542 1909 611 μάλα

2030 544 2216 609 ibsint,
2247 545 2508 599 virtutem
2560 555 2756 600 autem.
2800 544 2982 599 tniuns
3012 551 3433 600 consectentur.
3470 558 3595 610 pra-

319 626 522 698 αὑτὴν,
552 627 614 680 ὲν
642 627 820 681 οὐδενὶ
870 628 971 698 τὴν
1014 629 1148 700 παρ’
1182 630 1495 700 ἀνθρώποις
1535 634 1796 704 τιθεμένη
1827 634 1914 687 δό-

322 720 463 783 ξαν·
494 719 760 788 γενναίως
781 721 826 775 δ’
862 720 1061 793 ἔχουσα
1094 722 1230 793 πρὸς
1281 723 1351 777 τὰ
1382 724 1485 794 τῆς
1523 724 1702 797 ψυχῆς
1738 726 1910 796 παθη,

324 813 436 873 τὰς
469 813 570 881 τῆς
606 812 821 881 φύσεως
851 816 1095 880 ἀνάγκας
1124 816 1180 866 ὲν
1212 813 1450 886 δευτέρῳ
1488 818 1747 881 ποιεῖται,
1768 817 1917 886 παρὰ

321 902 537 971 φαῦλον
570 902 874 975 ἡγουμένη,
909 905 1002 958 καὶ
1046 905 1172 969 ὅσαι
1209 903 1274 976 δὴ
1324 905 1603 960 ἀσθένειαι
1635 907 1911 976 σώματος.

323 995 427 1065 Νῷ
454 995 510 1047 δὲ
539 994 671 1066 θείῳ
697 995 1108 1065 δυναμωθεῖσα,
1144 998 1280 1069 πρὸς
1306 998 1397 1051 τὺν
1433 999 1718 1068 ἀκήρατον
1767 999 1914 1052 ἐκεῖ·

322 1104 421 1139 νον
451 1086 600 1141 Νοῦν
635 1087 941 1156 αίωρεῐται,
976 1089 1194 1161 νύκτωρ
1231 1091 1324 1144 καὶ
1372 1086 1693 1163 μεθημέραν
1724 1091 1915 1145 τοῦτον

323 1178 716 1247 φανταζομένη
744 1194 759 1209 θ
802 1178 1103 1249 ὑπερφυῶς
1158 1181 1419 1245 σέϐουσα,
1451 1184 1545 1237 καὶ
1596 1184 1913 1253 διηνηκέσιν

325 1268 622 1338 ίλεουμένη
660 1264 853 1320 τοῦτον
906 1270 1114 1340 εὐχαῖς.
1147 1268 1239 1340 Τῴ
1269 1271 1325 1324 δὲ
1366 1271 1592 1341 καθαρῷ
1616 1272 1713 1343 τῆς
1740 1271 1918 1342 ψυχῆς

328 1358 433 1407 καὶ
476 1356 584 1408 τῶν
629 1356 812 1410 καλῶν
851 1359 1109 1428 πράξεων
1153 1364 1271 1424 ταῖς
1316 1363 1618 1434 ἐνεργείαις
1646 1365 1726 1426 εἰς
1751 1368 1810 1417 τὸ
1854 1361 1915 1418 εὖ

322 1449 430 1517 τῆς,
460 1448 768 1519 θρησκείας
798 1452 1041 1521 ἠγμένη,
1077 1453 1186 1505 τῶν
1218 1455 1317 1524 μὲν
1349 1454 1551 1519 ἔξωθεν
1583 1456 1913 1530 καθαρμῶν,

324 1540 430 1591 καὶ
477 1540 580 1593 ὅσα
609 1540 674 1612 δὴ
707 1540 932 1596 τοιαῦτα
976 1544 1440 1617 περιρραντήρια,
1492 1546 1771 1604 διαπτύει.
1820 1549 1918 1602 Ἐν

321 1631 444 1699 γὰρ
480 1630 668 1703 ἐκείνῃ
702 1632 942 1702 μίασμα,
979 1635 1013 1702 ἡ
1050 1635 1298 1704 ἁμαρτία
1331 1636 1635 1703 λογίζεται.
1675 1637 1834 1691 Οὕτω
1861 1639 1919 1693 δὲ

322 1722 604 1793 κρείττων
639 1724 910 1794 γενομένη
940 1723 1053 1778 τῶν
1098 1726 1320 1793 ἔξωθεν,
1354 1727 1452 1781 καὶ
1477 1728 1551 1791 ὡς
1599 1723 1712 1783 οἷον
1740 1731 1918 1784 εἰπεῖν

321 1814 844 1885 αὐτοκρατοροῦσα,
872 1813 988 1869 οὔθ’
1022 1817 1129 1870 ὑπὸ
1162 1818 1266 1887 τῆς
1291 1820 1521 1885 ἀταξίας
1551 1820 1645 1874 τοῦ
1678 1821 1795 1891 βίου
1827 1824 1921 1875 καὶ

324 1906 432 1972 τῆς
465 1906 735 1976 ἀνάγκης,
762 1907 867 1977 τῆς
910 1909 1296 1981 προαιρέσεως
1329 1911 1424 1965 τοῦ
1457 1912 1674 1975 δέοντος
1727 1915 1921 1983 ἐκτρο-

324 1998 445 2066 πὴν
490 2000 711 2068 πάσχει,
749 1998 862 2053 οὔτ’
919 2003 1139 2054 ἀνιᾶται
1185 2002 1533 2076 ὑϐριζομένη
1563 2021 1576 2036 ο
1624 2004 1741 2057 ἀλλ’
1796 2006 1921 2061 οῦδὲ

325 2090 649 2160 πάσχουσα,
676 2091 774 2163 τὴν
822 2092 1042 2162 ἄμυναν
1082 2096 1304 2167 μελετᾷ.
1334 2096 1504 2160 Νόσος
1557 2098 1616 2152 δὲ
1669 2102 1764 2156 καὶ
1816 2101 1924 2155 τῶν

323 2181 662 2251 ἐπιτηδείων
710 2183 743 2252 ἡ
798 2182 980 2239 ἔνδεια
1026 2187 1394 2251 ὲκπιέζουσα.
1449 2190 1510 2242 οὐ
1559 2192 1926 2244 καταπίπτειν

325 2270 499 2325 ποιεῖ.
527 2269 740 2339 χαίρειν
781 2270 829 2325 δ’
873 2273 967 2324 ἐπὶ
1008 2273 1222 2338 τούτοις
1278 2275 1511 2345 μᾶλλον,
1558 2277 1621 2329 τὸ
1674 2282 1926 2346 γενναῖον

321 2358 755 2430 ἐπιδεδειγμινη
789 2363 886 2416 καὶ
918 2366 1097 2434 πρᾶον
1122 2380 1136 2395 ο
1156 2358 1267 2419 ’καὶ
1297 2367 1461 2420 παντὶ⁹
1489 2366 1565 2437 τῷ
1593 2368 1695 2440 βίῳ
1724 2374 1784 2423 τό
1810 2371 1921 2425 τῶν

321 2454 637 2507 ἐλαττόνων
677 2455 888 2508 δεῖσθαι
944 2457 1282 2525 σπουδάζει,
1327 2464 1419 2513 καὶ
1454 2462 1530 2524 ὡς
1579 2463 1701 2517 ἐνόν
1731 2481 1791 2533 γε
1826 2466 1921 2518 ἀν-

328 2546 595 2617 θρωπίνῃ
648 2547 836 2613 φύσει,
887 2550 1057 2617 ἐγγὺς
1112 2551 1371 2617 γενέσθαι
1437 2556 1699 2624 πειρᾶται
1760 2556 1923 2610 θεοῦ.

333 2638 585 2708 ιιάροδον
616 2639 673 2692 δὲ
707 2641 803 2694 καὶ
847 2646 946 2711 τὴν
979 2643 1265 2713 παροῦσαν
1294 2647 1575 2717 ἡγουμένη
1611 2647 1778 2718 ζωὴν,
1812 2648 1928 2701 οὔτ’

330 2729 623 2798 ἀσχολίαις
686 2732 1032 2801 πραγμάτων
1091 2735 1404 2798 ἁλίσκεται.
1473 2736 1595 2790 οὔτε
1661 2739 1928 2808 πρόνοιαν

327 2821 448 2872 τῶν
497 2822 786 2891 παρόντων
830 2825 943 2895 ἔχει
971 2840 987 2855 ’
1029 2827 1088 2880 τὸ
1118 2826 1358 2890 εὔζωνον
1391 2828 1447 2882 δὲ
1488 2831 1584 2882 καὶ
1626 2832 1925 2901 ἀπέριττον

328 2912 671 2981 ἐπαινοῦσα,
701 2916 835 2984 πρὸς
871 2919 967 2985 τὴν
1011 2917 1220 2971 ἐκεῖθεν
1263 2917 1454 2988 βλέπει
1514 2921 1922 2992 μακαριότητα,

328 3005 437 3055 sui
483 3007 621 3073 πρὸς
671 3007 771 3077 τὴν
818 3010 1117 3080 εὐδαίμονα
1159 3011 1314 3081 λῆξιν
1363 3014 1701 3084 καραδοκεῖ⁶
1741 3017 1923 3070 πᾶσαν

330 3098 397 3150 δὲ
452 3099 583 3169 περὶ
631 3099 693 3151 τὸ
724 3098 869 3153 θεῖον
917 3104 1338 3175 εἰσοικισαμένη
1369 3106 1682 3172 εὐλάϐειαν,
1718 3109 1779 3161 τὸ
1812 3109 1923 3163 τῶν

2017 650 2115 689 vos
2161 646 2326 704 atque
2375 638 2652 707 improbos
2683 649 2929 692 censeat.
2976 637 3092 690 Non
3135 637 3281 689 enim
3316 644 3595 688 ostentare

2019 726 2136 780 vult
2183 728 2480 789 virtutem,
2530 730 2624 782 sed
2683 744 2802 783 eam
2855 726 3049 780 sedulo
3099 740 3414 778 exercere:
3457 724 3593 777 nihil

2020 834 2244 889 prorsus
2269 833 2412 882 eam,
2441 836 2562 889 qua:
2593 819 2659 872 ab
2695 816 3013 871 hominibus
3038 814 3314 885 provenit.
3359 814 3589 883 gloriam

2022 911 2250 966 faciens.
2290 910 2357 966 Et
2397 927 2519 965 cum
2568 925 2833 980 generose
2867 908 3192 977 fortiterque
3242 908 3439 959 anima-
3473 921 3593 971 per-

2023 999 2368 1053 turbationes
2402 1009 2699 1067 exiiugnat,
2738 1006 2851 1049 tum
2889 996 3229 1050 II€CCS:~al‘i;tS
3263 1006 3476 1047 natura:
3510 1001 3594 1045 r'cs

2022 1103 2216 1157 parum
2244 1087 2536 1142 admodum
2564 1096 2744 1150 curat,
2769 1085 3113 1155 vilipcndctts
3132 1086 3298 1137 etiam
3323 1098 3597 1149 quascun-

2023 1193 2131 1249 que
2181 1178 2434 1244 eorporis
2471 1176 2895 1231 imbecillitates.
2950 1175 3171 1230 Vit-ibus
3220 1187 3403 1227 autem
3441 1190 3470 1225 a
3514 1172 3598 1225 dt-

2021 1271 2149 1324 vina
2185 1269 2363 1325 Mente
2392 1269 2652 1341 acceptis.
2682 1269 2747 1321 ad
2782 1269 3146 1321 immortalem
3179 1268 3325 1320 illam
3360 1265 3596 1319 alentem

2022 1363 2277 1416 sublimis
2306 1363 2541 1423 tollitur,
2566 1372 2725 1415 nocte
2756 1361 2957 1430 dieque
2990 1360 3135 1413 illam
3158 1360 3407 1428 cogitans
3432 1369 3599 1426 atque

2025 1452 2271 1514 intuens,
2347 1451 2595 1504 lttirilicia‘
2626 1454 2790 1504 etiam
2838 1448 3013 1503 modis
3051 1450 3259 1511 Colcns,
3293 1450 3598 1501 (amittatis-

2023 1560 2131 1615 que
2192 1542 2456 1613 precibus
2516 1542 2841 1597 concilians.
2908 1541 3153 1594 Puritate
3221 1555 3348 1591 Vero
3408 1538 3600 1600 animi,

2024 1636 2413 1704 bonorumque
2458 1649 2687 1704 operum
2722 1632 2901 1696 factis,
2936 1631 3004 1684 ad
3048 1631 3427 1684 sinceritatem
3477 1629 3604 1683 reli-

2023 1729 2203 1800 gionis
2239 1742 2493 1798 grassans
2528 1745 2541 1779 :
2572 1735 2827 1781 externas
2855 1724 3219 1793 espiationes,
3253 1732 3309 1775 et
3338 1737 3603 1790 qtuecon-

2026 1835 2135 1889 que
2156 1819 2279 1889 ejus
2304 1820 2525 1887 generis
2548 1826 2676 1871 sunt
2697 1816 3057 1869 lustratiooes
3080 1813 3322 1881 despuit,
3350 1822 3403 1865 et
3433 1826 3602 1863 unum

2025 1912 2304 1982 piaculum
2358 1925 2480 1964 esse
2533 1918 2816 1978 peccatum
2859 1908 3039 1975 ipsum
3091 1913 3266 1973 putat.
3314 1910 3492 1972 Atque
3528 1904 3602 1956 ita

2027 2005 2195 2059 rebus
2227 2003 2472 2059 externis
2503 2005 2757 2073 superior
2785 1999 2948 2066 laeta,
2979 1998 3386 2067 imperiumque
3422 1995 3505 2065 (ut
3531 1996 3604 2047 ita

2027 2096 2227 2168 dicam)
2260 2097 2317 2153 in
2351 2111 2448 2149 eas
2483 2095 2766 2158 obtinens,
2803 2106 2982 2163 neque
3019 2091 3088 2146 ab
3122 2089 3434 2143 inordinata
3470 2089 3604 2150 vita,

2028 2205 2208 2260 neque
2256 2188 2327 2243 ab
2377 2187 2487 2243 ulla
2523 2186 2875 2248 necessitate,
2917 2183 2986 2237 ab
3036 2185 3269 2238 honesto
3305 2181 3605 2250 debitoque

2030 2282 2317 2353 proposito
2363 2296 2463 2337 suo
2504 2288 2824 2333 transversa
2867 2277 3073 2347 agitur,
3115 2290 3293 2344 neque
3323 2283 3609 2328 contume-

2031 2376 2121 2430 liis
2151 2373 2344 2429 all‘ecta
2378 2371 2756 2443 perturbatur.
2784 2368 2888 2424 Sed
2928 2385 3105 2437 neque
3135 2367 3416 2435 indignum
3445 2367 3603 2436 quid-

2032 2484 2196 2537 quam
2224 2465 2458 2536 patiens,
2491 2463 2791 2517 vindictam
2823 2460 2989 2534 620
3016 2460 3333 2513 meditatur.
3367 2456 3607 2512 Tantum

2032 2562 2199 2615 etiam
2250 2559 2427 2618 abest.
2477 2567 2536 2612 ut
2580 2556 2662 2611 vel
2702 2555 2949 2618 morbus,
2985 2549 3068 2609 vel
3120 2568 3305 2607 rerum
3355 2567 3609 2605 necessa-

2032 2652 2240 2706 riarum
2272 2650 2478 2720 inopia,
2506 2666 2627 2703 eam
2658 2648 2953 2718 adurgens.
2983 2646 3052 2701 de
3095 2657 3238 2700 statu
3275 2661 3374 2699 suo
3419 2645 3609 2698 detur-

2030 2744 2145 2808 bet,
2200 2752 2260 2797 ut
2315 2743 2517 2798 talibus
2573 2756 2794 2812 quoque
2846 2740 3108 2792 terumnis
3157 2736 3327 2808 magis
3371 2738 3607 2799 laetetur,

2027 2835 2457 2905 generositatem
2490 2842 2545 2887 et
2575 2831 3059 2886 mansuetudinem
3095 2846 3248 2885 sua'u
3294 2829 3606 2883 declarans.

2026 2927 2132 2982 Per
2165 2924 2329 2980 vitam
2387 2924 2574 2978 itidem
2629 2939 2849 2976 omnem
2895 2924 3028 2977 illud
3081 2922 3287 2984 studet,
3339 2930 3397 2973 ut
3441 2938 3606 2989 quam

2026 3014 2257 3070 minimo
2289 3015 2556 3084 indigeat,
2591 3026 2755 3083 atque
2801 3026 3071 3083 quantum
3107 3014 3361 3065 humana:
3400 3022 3609 3064 natura:

2024 3118 2220 3180 captus
2260 3107 2551 3178 permittit,
2585 3108 2837 3177 proxime
2880 3106 2945 3158 ad
2979 3103 3148 3157 Deum
3181 3103 3448 3157 accedere
3479 3101 3607 3153 niti-

331 3189 517 3255 λὸγων
572 3191 796 3261 αίσχρδν
844 3191 919 3256 ὡς
966 3193 1136 3264 ἀηδὲς
1170 3197 1525 3253 ἀποσείεται’
1554 3193 1629 3255 ὧν
1668 3200 1778 3270 γὰρ
1823 3201 1923 3272 τὴν

2030 3211 2140 3258 tur.
2172 3199 2490 3255 Transitum
2525 3209 2731 3263 autem,
2769 3198 2886 3252 sive
2928 3196 3320 3251 diverticulum
3363 3208 3609 3269 praesen-

336 3281 543 3350 πρᾶξιν
567 3281 666 3352 τῆς
693 3282 831 3346 ἰδίας
861 3283 1089 3371 ἐξώρισε
1124 3286 1334 3357 βιοτῆς,
1356 3288 1563 3343 τούτων
1595 3291 1716 3344 οὐδὲ
1746 3291 1914 3362 μέχρι

333 3374 520 3441 λόγων
566 3374 847 3443 ἀνέχεται.
885 3374 997 3439 Τὰς
1029 3377 1085 3431 δὲ
1120 3381 1219 3449 τῆς
1264 3378 1483 3448 φύσεως
1533 3384 1722 3451 χρείας
1773 3385 1918 3438 κατά

340 3467 375 3536 β
387 3467 523 3535 ραχὺ
558 3465 1013 3536 περιστέλλουσα,
1036 3470 1143 3522 ’καὶ
1179 3470 1280 3540 την
1315 3472 1495 3541 σάρκα
1526 3475 1640 3535 τοῖς
1674 3472 1917 3543 μετρίοις

344 3560 630 3625 ἐθίζουσα,
664 3561 746 3630 τῷ
778 3561 879 3631 μὲν
912 3561 1154 3633 σώφρονι
1188 3563 1537 3631 περιγίνεται
1580 3565 1679 3633 τῆς
1714 3567 1922 3620 ἀκολα-

346 3652 507 3712 σίας·
539 3651 640 3719 τὴν
670 3649 718 3701 δ’
758 3650 976 3704 ἀδικίαν
1025 3651 1215 3723 πόρρω
1249 3652 1437 3723 βάλλει
1479 3658 1543 3724 τῇ
1583 3660 1713 3725 περὶ
1751 3658 1817 3709 τὰ
1846 3658 1924 3710 δί-

342 3760 481 3796 καια
511 3742 733 3813 στάθμῃ
757 3758 772 3774 ⁸
808 3742 869 3795 τὸ
895 3743 952 3796 δὲ
985 3742 1183 3812 ψεῦδος
1214 3744 1508 3799 ἀπελαύνει
1555 3749 1618 3816 τῇ
1651 3746 1885 3821 ἀληθείᾳ
1909 3764 1922 3778 '

340 3836 426 3906 τῷ
455 3835 500 3888 δ’
538 3836 787 3905 εὐτάκτῳ
819 3834 920 3906 τὴν
970 3836 1028 3888 ὲν
1082 3837 1221 3890 πᾶσι
1256 3839 1541 3907 περιαιρεῖ
1582 3840 1883 3911 ἀνισότητα
1910 3856 1925 3870 ·

340 3930 426 3990 τῷ
479 3927 535 3980 δὲ
593 3927 899 3995 κοινωνικῷ
957 3927 1052 3980 τοῦ
1117 3928 1286 3999 ἢθους
1342 3932 1436 3983 καὶ
1483 3930 1560 4000 τῷ
1600 3933 1709 3993 τοῖς
1757 3932 1926 3996 πέλας

343 4023 614 4087 ὁμονοεῖν,
649 4022 710 4073 τὸ
744 4021 1127 4075 πολιτεύεσθαι
1155 4022 1336 4087 καλῶς
1363 4022 1619 4094 καθιστᾷ.
1658 4024 1928 4095 Πρόνοιαν

344 4114 404 4166 δὲ
430 4115 527 4167 καὶ
567 4114 733 4178 ξένων
783 4115 880 4168 xui.
924 4115 1098 4184 φίλων
1138 4115 1284 4184 μάλα
1330 4118 1591 4169 ποιεῖται.
1622 4116 1747 4178 Τοῖς
1779 4116 1836 4169 δέ
1868 4134 1932 4184 γε

345 4204 616 4274 χρῄζουσι
665 4204 820 4258 κοινά
869 4206 1086 4273 ἡγεῖται
1116 4205 1187 4257 τὰ
1215 4203 1347 4258 ίδια.
1380 4204 1460 4258 Τὰ
1496 4206 1846 4276 πρνσήκοντα
1883 4206 1932 4261 δ’

347 4298 568 4367 ἑκάστῳ
602 4297 948 4367 συναίρεται,
977 4296 1246 4366 χαίρουσα
1293 4297 1415 4364 μὲν,
1457 4291 1538 4360 οἷς
1589 4296 1709 4355 ἐστι
1742 4301 1891 4370 χαρά
1914 4317 1929 4330 ι

347 4383 394 4457 ᾧ
422 4389 480 4443 δὲ
505 4390 684 4458 λύπης
713 4388 1371 4459 πρόσεστι,παραμυθίας
1397 4388 1553 4443 οὐδὲν
1578 4391 1934 4447 ἐλλείπουσα.

351 4481 596 4544 Συνόλως
619 4482 699 4545 δὲ,
735 4480 835 4551 τὴν
870 4481 1007 4551 περὶ
1041 4481 1102 4532 τὸ
1145 4480 1315 4543 ὄντως
1356 4479 1421 4532 δν
1449 4481 1655 4549 ἀγαθὸν
1695 4483 1939 4554 σπουδὴν

2021 3303 2130 3350 tem
2177 3292 2501 3347 existimans
2529 3306 2649 3345 esse
2685 3292 2874 3354 vitam,
2914 3304 3092 3358 neque
3134 3274 3601 3357 occupationibus

2021 3384 2368 3455 negotiorum
2429 3381 2719 3445 irretitur,
2778 3393 2956 3450 uemte
3006 3377 3357 3449 providentia
3426 3392 3608 3431 rerum

2023 3475 2384 3547 prasentium
2425 3482 2669 3529 tenetur.
2712 3471 2780 3527 Et
2820 3473 2987 3526 vitam
3036 3478 3257 3525 tenuem
3298 3480 3356 3525 et
3398 3486 3429 3523 a
3475 3484 3610 3523 cura

2025 3570 2220 3623 harum
2273 3582 2456 3621 rerum
2514 3564 2825 3634 expeditam
2883 3579 2949 3617 ac
2996 3564 3270 3625 liberam,
3324 3561 3607 3630 nullisque

2024 3661 2322 3730 supet'lluis
2351 3669 2659 3723 oneratam,
2707 3656 2959 3722 laudans,
3007 3655 3073 3709 ad
3112 3656 3350 3709 futuram
3384 3655 3612 3725 respicit

2027 3752 2451 3815 beatitudinem,
2480 3750 2807 3817 felicemque
2837 3747 2983 3803 illam
3013 3748 3253 3818 quietem
3277 3754 3563 3816 exspectat
3588 3762 3603 3802 :

2029 3843 2181 3898 omni
2226 3855 2446 3911 quoque
2492 3853 2619 3909 erga
2688 3839 2860 3893 Deum
2924 3837 3129 3908 pietate
3171 3837 3225 3890 in
3274 3837 3461 3891 animo
3508 3850 3612 3889 suo

2031 3935 2202 3991 veluti
2246 3934 2299 3987 in
2346 3930 2629 3987 domicilio
2658 3938 2904 4001 excepta.
2938 3929 3232 3984 verborum
3282 3927 3609 3994 foeditatem,

2030 4037 2096 4082 ut
2121 4040 2237 4079 rem
2263 4023 2555 4092 ingratam.
2583 4022 2860 4090 repudiat.
2890 4020 3039 4086 Quas
3061 4020 3211 4074 enim
3243 4019 3333 4073 illa
3360 4019 3612 4075 actiones

2034 4134 2065 4174 a
2116 4115 2365 4172 moribus
2414 4114 2531 4169 suis
2582 4114 2743 4184 longe
2791 4113 3141 4182 proscripsit,
3192 4126 3383 4167 earum
3430 4126 3612 4182 neque

2036 4209 2372 4265 mentionem
2434 4205 2619 4260 verbis
2676 4204 2859 4259 facere
2897 4202 3155 4258 sustinet.
3209 4201 3432 4257 Naturae.
3480 4218 3612 4257 vero

2039 4300 2403 4357 necessitates
2435 4296 2699 4367 paulatim
2728 4293 3138 4363 constringens,
3165 4301 3222 4348 et
3248 4307 3466 4349 carnem
3498 4309 3610 4348 mo-

2042 4391 2328 4449 deratione
2370 4389 2625 4448 domans.
2657 4387 2941 4443 lasciviam
2980 4385 3234 4441 castitate
3270 4387 3607 4455 comprimit.

2047 4482 2368 4553 iniustitiam
2400 4478 2674 4549 aequitatis
2705 4477 2915 4532 amussi
2952 4475 3228 4546 propellit,
3260 4475 3611 4531 mendacium

353 4573 778 4637 κατατείνουσα,
814 4571 1058 4642 σώφροσι
1099 4572 1287 4639 λόγοις
1327 4573 1425 4624 καὶ
1466 4574 1677 4642 νοεροῖς
1725 4575 1923 4643 νοήμα-

2038 4568 2209 4638 exigit
2259 4565 2516 4629 veritate,
2568 4564 2875 4634 composito
2917 4564 3140 4619 vivendi
3193 4580 3610 4618 more-omnem

353 4681 440 4717 σιν
494 4659 837 4725 ὲκπαιδεύει,
872 4660 1108 4723 κάλλους
1157 4660 1441 4729 ἀμελοῦσα
1496 4659 1592 4713 τοῦ
1640 4662 1925 4731 περιττοῦ.

359 4757 465 4809 Καὶ
525 4753 588 4806 τδ
645 4754 980 4823 κακηγορεῖν
1039 4751 1349 4821 ἑπιμᾶλλον
1411 4752 1776 4822 ἐκτρέπεται·
1831 4755 1930 4807 σὺν

359 4850 496 4902 αἰδοῖ
521 4848 602 4911 δὶ,
635 4846 1107 4916 προσυφασμένης
1154 4843 1325 4914 τιμῆς
1357 4844 1648 4912 ἐπάγουσα
1687 4847 1787 4913 τὴν
1816 4846 1932 4900 διά-

358 4937 652 5006 λεξιν,·οἶά
693 4957 801 4993 τινι
834 4939 1115 5010 φαρμάκῳ
1164 4937 1459 5005 θεραπεύει
1509 4938 1602 4990 τὸν
1639 4939 1931 5009 ἀκροώμε-

357 5050 465 5084 νον.
496 5030 700 5085 Πολλοῦ
748 5047 811 5098 γε
853 5030 961 5101 μὴν
990 5029 1073 5082 δεῖ
1104 5030 1290 5101 ἐκείνῃ
1331 5028 1505 5099 ὀργῆς
1535 5045 1594 5082 τε
1623 5032 1718 5083 καὶ
1758 5029 1932 5083 λοιδο-

361 5127 476 5194 ρίας
502 5125 596 5179 καὶ
624 5123 797 5194 ἔριδος
823 5140 836 5154 ο
875 5121 1133 5191 καθαρῶς
1162 5121 1274 5191 γὰρ
1299 5122 1435 5175 οὖσα
1477 5122 1692 5192 λογικὴ,
1722 5139 1931 5192 παραι-

359 5220 534 5270 τεῖται
565 5216 748 5270 πᾶσαν
777 5215 1065 5283 ἀλόγιστον
1094 5216 1331 5281 κίνησιν.
1369 5214 1482 5267 Καὶ
1506 5214 1696 5278 ἁπλῶς
1727 5216 1927 5279 εἰπεῖν,

362 5301 525 5371 κυρία
554 5299 664 5353 τῶν
694 5301 885 5354 παθῶν
918 5302 1152 5369 γίνεται.
1180 5302 1282 5356 ὅσα
1308 5300 1509 5372 ψυχαῖς
1540 5303 1636 5355 καὶ
1682 5303 1931 5374 σώμασιν

361 5394 670 5461 ἐπιγίνεται
696 5410 710 5425 ο
745 5395 847 5463 τῆς
886 5393 933 5447 δ’
963 5393 1149 5448 ἐνθέου
1182 5394 1386 5462 ταύτης
1413 5393 1738 5462 φιλοσοφίας
1767 5395 1931 5463 ἄρξαι

365 5487 460 5553 μέν
507 5501 656 5550 τινες
704 5485 959 5554 λέγουσιν
996 5485 1185 5539 Ἠλίαν
1239 5487 1446 5541 ὲκίνον
1494 5486 1589 5538 τὸν
1655 5485 1929 5557 ζηλωτὴν,

363 5578 502 5640 τινὲς
529 5578 587 5631 δὲ
631 5579 889 5650 Ἰωάννην
922 5580 1013 5633 τὸν
1042 5579 1378 5649 Βαπτιστὴν.
1408 5579 1579 5632 Φίλων
1618 5577 1664 5633 δ’
1698 5581 1930 5641 ἐκεῖνος.

365 5672 391 5721 δ
424 5669 484 5723 τδ
526 5669 686 5739 γένος
736 5670 833 5739 μὲν
880 5669 1156 5742 Ἐϐραῖος,
1187 5669 1286 5741 τὴν
1322 5670 1367 5722 δ’
1417 5671 1633 5740 αἵρεσιν
1686 5669 1934 5738 Πυθαγό-

372 5779 531 5829 ρειος.
564 5767 622 5815 tv
666 5765 779 5825 τοῖς
830 5766 951 5818 κατ’
992 5765 1157 5818 αὐτόν
1197 5781 1329 5833 φησι
1374 5765 1609 5833 χρόνοις,
1641 5764 1768 5825 τοὺς
1800 5766 1933 5833 παρ’

381 5849 651 5919 Ἐδραίοις
693 5855 927 5923 σεμνοὺς
977 5855 1057 5917 εἰς
1107 5854 1283 5926 χῶρον
1328 5855 1446 5906 τι·ιά
1500 5851 1773 5922 γεώλοφον
1807 5857 1933 5930 περὶ

2038 4661 2243 4718 accidit
2271 4660 2720 4731 inarqualitatem.
2756 4659 3140 4713 Familiaribus
3168 4658 3334 4711 etiam
3386 4673 3483 4726 pro
3526 4674 3616 4711 so-

2036 4756 2238 4812 cietate
2285 4758 2524 4808 humana
2573 4767 2635 4807 se
2683 4752 2965 4805 hominum
3010 4751 3265 4804 moribus
3294 4764 3611 4804 accommo-

2039 4846 2241 4905 dando.
2298 4856 2356 4901 et
2385 4844 2761 4914 proximorum
2784 4841 2987 4899 animis
3020 4842 3438 4899 contonuando.
3471 4842 3612 4895 bene

2037 4935 2260 4992 vivendi
2299 4935 2611 4991 institutum
2649 4932 2941 4987 conlirmat
2974 4951 2986 4984 :
3026 4938 3416 4986 extraneorum
3448 4931 3612 4986 simul

2038 5040 2096 5085 et
2138 5029 2466 5090 amicorum,
2524 5035 2586 5081 ut
2635 5026 2719 5081 eis
2774 5021 3083 5094 provideat,
3136 5037 3324 5076 curam
3380 5022 3543 5079 habet
3596 5042 3607 5075 :

2038 5121 2317 5193 egentium
2364 5136 2453 5175 res
2482 5134 2612 5173 suas
2654 5128 2710 5172 et
2760 5130 2893 5184 opes
2934 5114 3090 5169 ducit
3119 5127 3239 5166 esse
3267 5129 3609 5175 communes,

2037 5219 2095 5266 et
2132 5226 2253 5280 quae
2283 5210 2485 5279 cuique
2522 5207 2799 5262 debentur
2833 5203 3044 5258 tribuit.
3083 5200 3297 5255 Gaudet
3348 5201 3440 5257 illa
3485 5218 3608 5254 eum

2038 5302 2431 5375 gaudentibus,
2468 5297 2827 5355 maerentibus
2860 5293 2995 5348 nihil
3031 5310 3137 5347 non
3162 5293 3390 5347 adhibet
3418 5310 3613 5348 conso-

2039 5396 2285 5451 lationis.
2335 5395 2392 5449 In
2427 5408 2661 5455 summa,
2710 5390 2777 5445 ad
2823 5390 2871 5443 id
2903 5388 3049 5457 quod
3103 5404 3295 5445 revera
3330 5406 3606 5444 summum

2040 5491 2245 5544 bonum
2273 5499 2379 5545 est.
2411 5485 2651 5541 studium
2689 5499 2851 5538 ornue
2878 5492 3228 5546 convertens,
3258 5483 3609 5535 sermonibus

2040 5575 2206 5630 castis
2230 5586 2283 5629 et
2310 5570 2736 5643 cogitationibus
2766 5571 3151 5641 spiritualihus
3180 5588 3241 5625 se
3274 5571 3444 5638 ipsam
3480 5586 3600 5624 eru-

2041 5667 2159 5728 dit.
2200 5666 2408 5719 cultum
2455 5665 2643 5717 l‘ortna:
2692 5662 3034 5733 superﬂuum
3089 5677 3317 5733 prorsus
3364 5660 3610 5730 negligit,

2043 5759 2335 5815 maledicta
2384 5773 2716 5828 magnOpere
2758 5766 3045 5810 aversatur
3092 5773 3106 5809 :
3159 5754 3432 5824 colloquia
3483 5769 3607 5805 cum

2045 5852 2396 5909 veneratione
2432 5862 2485 5907 et
2521 5849 2744 5907 honoris
2779 5848 3099 5919 prmtationc
3147 5844 3477 5917 ingreditur,
3511 5856 3616 5897 an.
