4062 6552
308 456 418 520 152
1250 457 1558 517 ECCLESI
1573 459 1608 514 Α
1618 455 1853 516 5ΤΙΟᾸΞ
1893 459 1928 517 Ε

2037 457 2284 516 ΓΟΒΙΕ
2313 456 2464 515 LIB.
2499 455 2664 516 Vill.
3483 440 3584 506 lbi

306 572 733 632 Κωνσταντῖνος
784 571 814 624 ὁ
863 571 1188 642 περιϐόητος
1241 569 1528 640 βασιλεύςο
1594 570 1769 640 τιμῶν
1833 588 1928 633 τε,

2037 571 2223 626 irtntis
2253 569 2648 640 praastantiam,
2681 580 2999 636 germanum
3035 562 3139 618 sibi
3169 561 3405 616 amicum
3456 558 3580 613 leci'

306 667 546 728 πυκνοῖς
573 665 898 734 γράμμασι,
936 665 1068 733 περὶ
1089 657 1164 719 ὧν
1186 664 1425 733 αἱρεῖται
1454 661 1689 730 γράφειν
1719 661 1903 732 ἠρεθι-

2037 661 2355 717 :larissimus
2401 661 2700 730 imperator
2730 654 3150 714 Constantinus,
3200 649 3583 720 frequentibus

307 751 439 816 ξεν.
497 748 606 806 Ἦν
634 754 693 807 δὲ
745 746 902 816 οὗτος
930 752 1010 823 τῷ
1040 753 1187 817 γένει
1244 751 1568 819 Αἰγύπτιος,
1612 751 1678 802 τὰ
1711 749 1905 820 πρῶτα

2043 756 2074 807 d
2111 769 2237 808 eum
2267 752 2412 806 datis
2456 751 2659 806 litteris
2693 748 2972 803 hominem
3007 747 3304 805 honoraris,
3338 751 3392 795 ct
3428 751 3487 794 ut
3525 741 3593 792 de

305 846 426 914 τῆς
453 847 716 917 πατρίδος
754 846 1082 920 φερόμενος,
1111 843 1223 898 ἀπὸ
1260 842 1454 912 κώμης
1497 840 1640 896 οὕτω
1672 840 1908 909 λεγομέ-

2037 843 2211 912 μιὶιιιιε
2258 842 2423 897 rebus
2465 840 2630 894 vellet
2675 840 2776 908 (l),
2812 837 2877 891 ad
2933 851 2992 890 se
3035 832 3326 896 scriberet,
3371 847 3590 900 rogans.

306 952 424 1005 νης
454 938 616 1006 Κομᾶ
647 953 663 968 ·
704 938 907 1006 ὅμορος
958 935 1004 990 δ’
1067 937 1208 1006 αὕτη
1272 934 1573 1005 Ἡρακλείᾳ
1619 931 1727 986 τῶν
1778 932 1908 1002 παρ’

2037 937 2138 990 I‘uit
2160 946 2342 989 autem
2374 933 2421 988 is
2440 947 2642 1004 genere
2669 929 2962 1003 Egyptius
2987 926 3089 997 (Ξ),
3115 925 3321 996 primas
3346 923 3396 974 in
3421 931 3526 990 pan
3546 920 3592 971 ia

311 1029 648 1094 Αἰγυπτίοις
697 1027 999 1098 ’Δρκάδων.
1047 1027 1136 1080 Ἐν
1169 1025 1268 1096 νὲςρ⁸
1303 1026 1360 1078 δὲ
1406 1024 1596 1094 ἡλικίᾳ
1651 1021 1908 1074 καταλει-

2041 1043 2107 1082 ua
2139 1036 2321 1097 partes
2369 1025 2576 1088 ferens,
2615 1027 2670 1078 in
2721 1023 2843 1078 vico
2887 1020 2976 1076 cui
3023 1033 3221 1074 nomen
3267 1021 3387 1069 erat
3421 1011 3586 1092 Coma

313 1118 484 1184 φθεὶς
513 1118 770 1188 ὀρφανὸς,
808 1121 924 1172 ὅσοι
956 1118 1055 1189 μὲν
1085 1116 1236 1187 αὑτῷ
1276 1115 1562 1184 προσῆσαν
1590 1115 1773 1182 ἀγροὶ,
1795 1115 1908 1174 τοῖς

2037 1129 2192 1181 irtus,
2221 1118 2316 1188 qui
2356 1117 2624 1172 ﬁnitimus
2670 1126 2757 1170 est
2804 1111 3079 1169 Arcadum
3129 1108 3231 1178 ('5).
3279 1122 3402 1176 qu:e
3448 1103 3592 1171 apul

313 1212 698 1280 συγχωρίταις
724 1212 874 1264 είασε
898 1252 914 1276 ,
947 1213 1047 1280 τὴν
1103 1209 1160 1262 δὲ
1213 1208 1407 1278 λοιπὴν
1441 1207 1765 1278 περιουσίαν
1794 1208 1908 1266 τοί,

2037 1210 2292 1281 Egyptios
2333 1219 2418 1264 est
2464 1206 2762 1262 Heracleae.
2811 1205 2868 1258 in
2911 1200 3144 1273 juvenili
3190 1207 3374 1253 autem
3429 1204 3590 1249 aetate

311 1300 607 1370 δεομένοις
657 1303 924 1356 ἀπέδοτοο
955 1303 1068 1355 δεῖν
1111 1301 1220 1371 γὰρ
1274 1298 1412 1374 ᾤετο
1449 1301 1541 1352 τὸν
1594 1299 1908 1367 φιλοσοφεῖν

2037 1305 2238 1360 ηιιΙίειιιε
2269 1319 2298 1357 a
2342 1299 2667 1376 parentibus
2711 1299 3019 1368 orphanus.
3071 1289 3345 1362 quidquid
3393 1286 3445 1341 ei
3491 1283 3597 1338 fuit

315 1395 634 1446 σπεύδοντα
669 1395 745 1464 μὴ
773 1395 935 1464 μόνον
969 1395 1191 1463 ἀφιέναι
1223 1394 1291 1447 τὰ
1319 1393 1604 1464 χρήματα,
1635 1389 1770 1444 ἀλλὰ
1814 1389 1911 1441 καὶ

2037 1397 2146 1472 ηειί,
2179 1395 2284 1451 loci
2325 1395 2448 1466 ejus
2484 1392 2682 1448 incolis
2729 1386 2976 1450 donavit,
3026 1383 3291 1453 reliquam
3326 1379 3591 1472 substan-

316 1485 724 1551 προσηκόντως
765 1484 1187 1536 καταναλίσκειν
1227 1485 1342 1544 τοῖς
1376 1480 1664 1551 χρῄζουσι.
1701 1480 1812 1533 Καὶ
1845 1477 1911 1548 δὴ

2039 1466 2146 1543 iam
2179 1485 2476 1556 egentibus
2523 1479 2830 1539 distribuit.
2875 1477 2950 1531 Ita
2983 1476 3129 1529 enim
3173 1473 3370 1527 decere
3400 1466 3594 1523 existi-

313 1573 447 1634 τοῖς
494 1571 747 1640 τηνικάδε
804 1570 1031 1641 περὶτὰ
1065 1570 1206 1623 καλὰ
1237 1570 1431 1642 σχολὴν
1465 1569 1682 1639 ἔχουσιν
1718 1565 1911 1620 ἑαυτὸν

2037 1578 2202 1642 navit,
2237 1585 2296 1631 ut
2317 1576 2412 1646 qui
2443 1572 2817 1645 phil080phari
2840 1567 3252 1628 constituisset,
3277 1577 3386 1615 non
3419 1559 3595 1612 solum

321 1663 636 1733 συμμίξας,
666 1661 738 1714 τὰ
767 1661 1037 1731 κράτιστα
1081 1662 1194 1715 τῶν
1233 1661 1374 1714 ὅλων
1407 1658 1707 1729 ἐζήλωσεν.
1741 1653 1910 1716 Είδὼς

2037 1672 2281 1724 ιοριιιιὶειε
2317 1668 2676 1737 relinqueret,
2712 1663 2807 1720 sed
2840 1663 3004 1717 etiam
3050 1673 3152 1729 pro
3197 1670 3262 1711 eo
3305 1663 3469 1721 atque
3499 1651 3598 1703 de-

320 1771 398 1824 γε
455 1755 564 1825 μὴν
617 1755 712 1808 τὸν
757 1755 1125 1825 ἄριστοννβίον
1157 1757 1222 1826 τῇ
1257 1752 1518 1826 συνηθείᾳ
1553 1751 1683 1822 ηδὺν
1717 1750 1910 1818 ἐσόμε-

2037 1774 2186 1825 :eret,
2215 1762 2479 1831 inopibus
2510 1775 2603 1814 eas
2643 1756 3004 1828 erpenderet.
3051 1751 3194 1806 Sane
3237 1746 3459 1818 quidem
3500 1743 3592 1809 qui

323 1865 447 1916 νον,
494 1851 544 1902 εί
596 1851 690 1902 καὶ
741 1849 978 1919 χαλεπός
1022 1866 1106 1912 τις
1147 1849 1232 1918 εἵη
1276 1847 1560 1916 ταπρῶτα,
1588 1845 1686 1906 τὰς
1723 1859 1912 1895 συντιο

2043 1871 2132 1909 um
2160 1853 2326 1908 rebus
2347 1851 2593 1926 pulchris
2611 1860 2888 1912 vacarent,
2906 1847 2987 1901 eis
3011 1859 3070 1899 se
3093 1841 3452 1912 coniungens,
3473 1851 3596 1905 qua:

327 1959 475 2010 μους
497 1941 696 2011 μᾶλλον
725 1942 818 1996 ταὶ
839 1940 1051 2004 τελείας
1080 1939 1189 1992 τῶν
1219 1938 1433 2008 ἀρετῶν
1459 1934 1780 2004 ἐπεμέλετο.
1806 1933 1913 1984 Καὶ

2041 1965 2073 2000 ιι
2112 1919 2448 2013 unoquoque
2474 1957 2664 1996 eorum
2692 1937 3140 2010 praestantissima
3169 1939 3382 1994 essent,
3413 1943 3477 1983 ea
3512 1934 3598 1979 est

328 2036 461 2088 καθ’
489 2037 730 2105 ἑκάστην
763 2033 968 2088 ὡσανεὶ
1024 2032 1200 2103 ἀρχὴν
1260 2030 1573 2102 βαλόμενος,
1615 2027 1916 2094 επιμᾶλλον

2037 2037 2332 2092 rmulatus.
2362 2033 2519 2102 Quod
2549 2045 2787 2100 namque
2823 2030 2988 2084 sciret
3017 2025 3280 2096 optimam
3316 2034 3596 2090 quamque

324 2129 404 2194 τῇ
443 2127 674 2183 καθόλου
729 2126 1028 2197 ἐγκρατείᾳ
1090 2122 1328 2194 ἐχώρει,
1387 2120 1593 2191 νεαρὰν
1647 2135 1770 2172 τινα
1821 2118 1918 2170 καὶ

2037 2133 2187 2184 ritam
2219 2123 2626 2182 consuetudine
2657 2122 2874 2177 dulcem
2901 2129 3220 2189 gratamque
3246 2113 3386 2174 ﬁeri,
3410 2128 3597 2181 qualn-

331 2219 701 2287 ἀκμάζουσαν
755 2219 1036 2289 ὁσημέραι
1103 2215 1418 2286 προθυμίαν
1463 2211 1817 2283 αὑχῶν.-Καί
1852 2227 1914 2279 γε

2037 2224 2103 2277 ris
2135 2222 2317 2293 gravis
2348 2221 2588 2293 primum
2623 2217 2694 2270 sit
2727 2223 2784 2268 et
2816 2213 3067 2274 molesta,
3107 2210 3162 2262 in
3191 2203 3600 2273 compendiosis

332 2313 441 2373 τὰς
493 2311 590 2379 μὲν
637 2309 733 2363 τοῦ
768 2310 1022 2382 σώματος
1059 2309 1256 2379 ἡδονὰς
1289 2307 1590 2361 ἐκολάσατο
1632 2307 1751 2366 ταῖς
1789 2306 1916 2373 περὶ

2037 2314 2394 2383 terfectisque
2428 2327 2487 2366 se
2513 2311 2688 2378 magis
2713 2304 2957 2362 exercuit
2985 2300 3302 2356 virtutibus.
3328 2297 3395 2350 Et
3421 2296 3600 2366 quoti-

330 2401 484 2478 at'nb
527 2403 808 2472 ιπιμόνοις
853 2399 1290 2469 ταλαιπωρίαις·
1345 2399 1445 2462 τὰς
1499 2399 1556 2451 δὲ
1609 2398 1706 2466 τῆς
1738 2396 1915 2465 ψυχῆς

2037 2408 2109 2461 lie
2152 2406 2310 2475 quasi
2361 2401 2639 2473 principio
2664 2401 2831 2470 jacto,
2861 2395 3034 2466 magis
3067 2409 3130 2448 ac
3178 2390 3350 2458 magis
3395 2388 3449 2440 in
3483 2386 3602 2439 uni-

332 2493 614 2556 ἀτάκτους
661 2494 840 2562 ὁρμὰς
891 2492 1212 2546 κατέστειλε
1241 2491 1318 2562 τῷ
1349 2490 1615 2561 ἀνενδότῳ
1649 2489 1748 2559 τῆς
1787 2505 1918 2556 προ-

332 2589 630 2651 αιρέσεως.
652 2585 838 2651 ’Δπαξ
867 2587 912 2637 δ’
941 2587 1176 2641 ἐσιτεῖτο
1206 2584 1427 2655 ἡμέρας
1453 2582 1604 2652 ἡλίου
1633 2581 1876 2642 δύνοντος
1901 2597 1914 2609 ·

338 2678 609 2740 πολλάκις
637 2678 694 2730 δὲ
726 2679 818 2731 καὶ
863 2680 920 2741 ὲς
970 2679 1064 2732 δύο
1110 2677 1207 2731 καὶ
1233 2680 1380 2747 τρεῖς
1420 2676 1632 2746 ἡμέρας
1660 2675 1918 2735 ἀπόσιτίς

336 2770 558 2839 ἔμενεν.
600 2770 663 2829 Ἦ
699 2771 755 2824 δὲ
784 2773 957 2842 τροφὴ
988 2771 1149 2843 ἄρτος
1179 2767 1246 2842 ἦν
1275 2812 1290 2836 ,
1322 2770 1420 2824 καὶ
1453 2767 1659 2822 ἁπλοῦν
1704 2765 1834 2839 ὄψον
1868 2767 1916 2816 οἱ

336 2863 473 2924 iis:
500 2879 516 2893 ·
571 2863 631 2914 τὸ
662 2863 720 2915 δὲ
750 2867 910 2915 ποτὸν
970 2865 998 2915 ὁ
1057 2864 1394 2932 παραρρέων
1431 2859 1582 2928 αὑτῷ
1617 2859 1918 2928 χείμαρρος

337 2951 632 3020 ἐχορήγει.
663 2953 762 3003 Διὰ
817 2955 998 3018 πάσης
1058 2951 1103 3004 δ’
1135 2950 1438 3021 ἀγρυπνῶν
1478 2947 1554 3010 ὡς
1608 2949 1784 3000 εἰπεῖν
1833 2948 1919 2996 αεὶ

336 3041 445 3110 τῆς
471 3041 686 3106 νυκτὸς,
723 3041 820 3096 καί
843 3059 897 3095 τι
927 3042 1026 3111 τῆς
1057 3043 1274 3111 ἡμέρας
1317 3041 1481 3109 μέρος
1500 3036 1770 3108 ὲλάμσανε
1801 3037 1920 3098 ταῖῖ

339 3135 560 3203 εὐχαῖς.
589 3135 652 3188 Ei
683 3135 738 3186 δέ
770 3152 873 3188 που
919 3136 1016 3187 καὶ
1053 3134 1220 3198 ὕπνος
1261 3132 1563 3211 παρῴδευε,
1601 3129 1806 3204 βραχύς
1837 3145 1920 3190 τις

2021 2514 2177 2554 versa
2200 2497 2369 2552 animi
2396 2494 2778 2550 moderatione
2806 2488 3152 2562 proficiebat,
3185 2499 3381 2538 novam
3410 2496 3604 2550 quam-

2019 2591 2153 2644 dam
2180 2600 2236 2644 et
2267 2591 2544 2660 vigentem
2578 2586 2756 2640 indies
2792 2598 2900 2654 pm
2929 2598 2988 2637 se
3017 2581 3203 2635 ferens
3237 2576 3600 2630 alacritatem.

2023 2683 2086 2736 Et
2114 2682 2366 2752 corporis
2405 2680 2632 2750 quidem
2659 2678 2979 2746 voluptates
3021 2669 3284 2727 aerumnis
3313 2667 3431 2737 ejus
3462 2665 3604 2736 jugi-

2022 2775 2126 2828 bus
2162 2773 2489 2842 suppressit,
2525 2771 2723 2825 animae
2765 2777 2946 2821 autem
2993 2762 3339 2819 inordinatos
3368 2758 3605 2826 impetus

2024 2867 2322 2938 pertinacia
2367 2864 2634 2934 propositi
2683 2861 2766 2917 sui
2811 2857 3164 2915 constrinxit.
3197 2853 3379 2908 Semel
3423 2861 3604 2904 autem

2023 2958 2270 3012 interdiu
2299 2966 2422 3028 post
2457 2970 2714 3011 occasum
2753 2953 2925 3009 solem
2959 2950 3148 3004 cibum
3185 2944 3445 3014 sumpsit.
3479 2941 3608 2994 Pero

2023 3064 2168 3120 saepe
2217 3065 2350 3104 vero
2399 3048 2630 3104 biduum
2678 3053 2876 3107 totum,
2924 3041 3258 3112 quandoque
3301 3038 3470 3094 etiam
3508 3036 3605 3086 tri-

2025 3141 2220 3203 duum,
2278 3155 2436 3194 escas
2491 3154 2602 3192 non
2653 3137 2854 3206 attigit.
2917 3133 3087 3188 Cibus
3144 3129 3195 3183 ei
3253 3137 3373 3181 erat
3426 3126 3608 3194 panis,

344 3228 502 3298 μάλα
528 3229 762 3298 προσῆν.
794 3229 986 3297 Χαμαὶ
1018 3227 1062 3280 δ’
1093 3228 1184 3280 ἐπὶ
1208 3227 1366 3296 ψιλοῦ
1394 3225 1642 3295 κείμενος
1678 3223 1772 3276 τοῦ
1808 3221 1924 3274 ead.

2037 3227 2318 3292 obsonium
2350 3230 2580 3300 simplex
2619 3228 2719 3292 sai,
2753 3236 2941 3297 potum
2980 3220 3359 3293 prattertiuens
3391 3226 3608 3270 torrens

344 3337 486 3386 φοινς
535 3321 604 3373 τὰ
661 3319 830 3372 πολλὰ
883 3319 1130 3375 διετέλει.
1167 3318 1492 3374 Παντάπασι
1542 3315 1588 3368 δ’
1639 3314 1918 3368 ἀπείπατο

2037 3324 2290 3395 praabuit.
2338 3324 2440 3379 Per
2488 3333 2659 3378 totam
2700 3331 2883 3376 autem
2919 3331 3136 3388 semper
3208 3310 3606 3384 propemodum

343 3411 531 3462 ἐλαίου
588 3427 647 3462 τε
694 3410 877 3479 χρίσιν
911 3409 1006 3462 καὶ
1055 3409 1297 3480 λούτρων
1339 3409 1558 3478 χρείαν,
1613 3404 1768 3468 suo;
1819 3403 1921 3473 τὴν

2037 3416 2256 3486 vigilans
2290 3424 2534 3481 noctem,
2568 3415 2807 3484 aliquam
2854 3414 3020 3468 etiam
3069 3411 3178 3466 diei
3227 3423 3443 3480 partem
3486 3420 3612 3475 pre-

349 3502 606 3556 σύντονον
629 3504 744 3569 ξξιν
777 3503 871 3556 τοῦ
931 3503 1183 3571 σώματος
1219 3502 1402 3572 ἡρέμα
1449 3501 1584 3570 πρὶς
1621 3499 1680 3552 τὸ
1705 3499 1922 3566 ἀνειμέ-

2037 3507 2332 3563 sationibus
2359 3507 2544 3562 dabat.
2575 3507 2732 3580 Quod
2767 3505 2943 3562 sicubi
2976 3523 3204 3562 somnus
3231 3507 3284 3561 ei
3316 3499 3599 3571 obrepsis~

350 3612 444 3648 νον
476 3595 573 3648 καὶ
612 3593 810 3665 χαῦνον
857 3597 973 3657 τοῖς
1031 3596 1219 3660 ὑγροῖς
1250 3593 1648 3665 στρεφομένην.
1685 3591 1925 3644 Ἥκιῖτα

2037 3611 2134 3664 set,
2169 3601 2350 3655 brevis
2385 3600 2433 3656 is
2473 3600 2766 3654 admodum
2811 3602 2915 3654 fuit
2949 3615 2964 3653 :
2998 3599 3150 3654 humi
3187 3614 3312 3653 vero
3357 3596 3412 3650 in
3451 3593 3606 3647 nudo

348 3687 409 3740 δέ
439 3703 572 3753 φασι
605 3688 698 3738 καὶ
723 3686 936 3754 γυμνὸν
965 3687 1130 3740 αὑτὸν
1156 3684 1392 3754 ὀφθῆναί
1424 3699 1576 3735 ποτε.
1620 3682 1924 3753 Γράμματα

2037 3695 2145 3750 εοιο
2171 3693 2470 3764 plurimum
2499 3693 2755 3749 cubabat.
2788 3693 2950 3764 623
2980 3695 3042 3749 Et
3063 3693 3287 3747 omnino
3307 3689 3416 3744 olei
3440 3687 3608 3744 simul

348 3781 409 3833 δὲ
450 3783 524 3848 μὴ
560 3779 772 3847 μαθὼν,
814 3780 937 3832 οὐδὲ
969 3779 1062 3831 τὸν
1093 3779 1272 3831 eam
1329 3777 1419 3830 διὰ
1471 3776 1761 3844 θαύματος·
1789 3772 1920 3842 εἶχε.

353 3873 498 3925 Νοῦν
548 3872 597 3924 δ’
633 3871 838 3940 ἀγαθὸν
887 3873 958 3934 ὡς
1027 3870 1374 3942 γραμμάτων
1424 3868 1801 3938 πρεσϐύτερον
1833 3869 1926 3919 καὶ

353 3965 464 4015 τῶν
519 3964 780 4016 τοιούτων
852 3963 1084 4033 εὑρετὴν
1141 3961 1288 4032 μάλα
1348 3960 1572 4032 ὲπῄνειο
1629 3960 1764 4028 μηδὲ
1819 3959 1928 4028 γὰρ

357 4052 496 4107 εἶναι
549 4055 758 4107 τούτων
789 4055 1057 4123 ἀνάγκην,
1086 4053 1180 4106 τοῦ
1208 4051 1302 4107 νοῦ
1335 4052 1662 4122 ἐρρωμένως
1693 4049 1930 4121 ἔχοντος.

359 4145 540 4212 Ιιρᾶος
561 4142 606 4194 δ’
624 4143 741 4196 εῖπε
751 4159 783 4212 ρ
800 4160 883 4204 τις
900 4142 992 4194 καὶ
1023 4141 1409 4212 φιλάνθρωπος
1431 4137 1697 4209 γεγονὼς,
1718 4139 1932 4210 χαρίεις

361 4236 598 4302 μάλιστα
625 4236 737 4298 τοῖς
755 4234 1173 4304 ἐντυγχάνουσιν
1201 4230 1292 4303 ἦν,
1308 4231 1434 4297 ὀξύς
1452 4249 1512 4286 τε
1530 4231 1624 4285 καὶ
1642 4230 1935 4299 ἀκαταγω-

356 4345 557 4392 νιστος.
594 4327 986 4396 Διαλεγόμενος
1037 4328 1082 4380 δ’
1121 4327 1444 4396 ἑπιμᾶλλον,
1478 4325 1540 4378 τὸ
1609 4325 1684 4396 μὴ
1744 4324 1935 4377 λυπεῖν

353 4422 685 4491 ὶφυλάττετο
707 4461 723 4485 ,
759 4421 807 4474 εί
845 4420 938 4473 καί
965 4437 1106 4482 τινες
1127 4418 1413 4489 δριστικῶς
1431 4420 1570 4482 τέως
1590 4419 1739 4487 αὑτῷ
1766 4432 1935 4488 προσ-

357 4516 641 4584 εφέροντο.
689 4513 977 4582 Κρείττονι
1030 4513 1138 4582 γὰρ
1184 4511 1347 4583 σοφίᾳ
1384 4513 1492 4566 τινὶ
1523 4512 1616 4566 xei.
1645 4512 1937 4582 παραξένῳ

2032 3784 2288 3854 unguini,
2319 3793 2376 3838 et
2424 3784 2720 3840 lavationis
2759 3785 2880 3838 usui
2933 3784 3350 3839 renuntiaverat
3394 3797 3411 3834 ι
3458 3778 3608 3849 quod

2029 3878 2185 3932 illum
2242 3891 2352 3929 non
2399 3875 2620 3942 lateret,
2673 3876 2962 3931 robnstmn
3013 3891 3236 3947 quoque
3286 3883 3344 3929 et
3390 3873 3610 3926 ﬁrmum

2033 3969 2287 4038 corporis
2325 3968 2572 4022 habitum
2615 3968 2860 4022 humidis
2898 3969 3100 4023 sensim
3134 3967 3203 4020 ad
3241 3965 3530 4020 mollitiem
3555 3974 3614 4017 et

2035 4061 2225 4115 luxum
2276 4061 2544 4115 converti.
2593 4057 2750 4115 Haud
2803 4074 3046 4128 unquam
3095 4073 3221 4113 eum
3273 4073 3304 4112 a
3351 4057 3610 4126 quopiam

2035 4155 2247 4206 nudum
2290 4166 2412 4206 esse
2452 4152 2629 4206 visum
2675 4150 2918 4204 tradunt.
2961 4149 3182 4204 Etcum
3233 4149 3449 4202 litteras
3498 4148 3613 4215 ipse

2038 4259 2149 4298 non
2180 4242 2397 4305 didicit.
2447 4251 2557 4297 tum
2600 4257 2780 4311 neque
2819 4256 3009 4296 earum
3057 4239 3268 4311 peritos
3307 4239 3614 4293 admiratus

2037 4345 2142 4391 est.
2178 4336 2418 4390 Mentem
2453 4350 2586 4390 vero
2616 4335 2814 4390 bonam
2851 4344 2909 4388 ut
2937 4333 3144 4388 litteris
3173 4332 3306 4402 ipsis
3339 4331 3617 4401 antiquio-

2041 4444 2179 4494 rem,
2229 4427 2717 4498 taliumqueadeo
2765 4427 2968 4481 artium
3017 4425 3408 4488 inventricem,
3459 4423 3612 4476 valde

2040 4520 2303 4575 laudavit.
2328 4519 2470 4587 Quin
2505 4535 2682 4590 neque
2706 4520 2772 4574 iis
2799 4520 3100 4590 quidquam
3131 4535 3269 4588 opus
3297 4533 3420 4573 esse
3453 4517 3613 4578 dixit,

360 4607 440 4676 τῷ
473 4605 594 4676 nos.
627 4607 723 4658 σὺν
751 4606 1032 4676 ἐπιστήμῃ
1061 4604 1182 4674 θείᾳ
1207 4605 1568 4676 ῥιπιζομένην
1600 4605 1928 4675 φιλονεικίαν

2043 4614 2088 4669 si
2123 4627 2278 4667 mens
2306 4629 2405 4683 per
2442 4613 2679 4682 seipsam
2720 4613 2900 4668 valida
2937 4613 3029 4667 sit.
3072 4612 3216 4666 Mitis
3254 4627 3418 4681 porro
3449 4621 3615 4679 atque

358 4700 600 4768 εὐχερῶς
647 4696 1036 4750 καταστέλλειν
1082 4691 1220 4765 εἶχε,
1247 4697 1342 4749 καὶ
1376 4698 1513 4768 πρὸς
1539 4700 1602 4750 τὸ
1635 4697 1934 4768 μετριώτεο

363 4809 459 4861 ρον
529 4789 811 4859 μεθιστᾷν.
861 4788 1082 4859 Κιρνῶν
1113 4789 1169 4842 δὲ
1201 4789 1262 4841 τὸ
1293 4788 1543 4843 σύντονον
1597 4789 1705 4842 τῶν
1763 4788 1936 4851 διομι-

359 4882 618 4945 λοῦντων,
663 4882 760 4933 καὶ
804 4879 1044 4949 τρόπους
1087 4877 1415 4948 δρρύθμιζε.
1469 4877 1634 4939 Θείας
1675 4875 1720 4928 δ’
1749 4874 1935 4929 ἐντεῦ-

362 4975 458 5027 θεν
519 4973 777 5040 γνώσεως
831 4973 926 5024 καὶ
982 4969 1347 5040 προγνώσεως
1398 4969 1728 5040 μετασχὼν,
1779 4969 1934 5021 οὐδὲν

365 5070 553 5138 ἠγεῖτο
598 5067 654 5118 τὶ
687 5065 853 5133 μέλον
897 5065 1098 5118 ειδέναι
1122 5081 1138 5096 ο
1171 5063 1385 5118 εἰκαίαν
1433 5063 1480 5116 δ’
1508 5058 1646 5116 εἶναι
1701 5062 1795 5115 καὶ
1835 5062 1936 5132 τὴν

365 5163 497 5231 περὶ
552 5160 710 5212 τοῦτο
758 5158 995 5229 σπουδὴν
1031 5158 1241 5226 ἔλεγεν,
1268 5158 1349 5209 ὅτι
1386 5155 1512 5226 μηδ’
1559 5155 1762 5226 ἀρετὴν
1795 5150 1934 5206 εἶναι

359 5257 463 5323 τὴν
511 5255 825 5323 πρόγνωσιν
865 5251 1145 5306 ὑπετίθει’
1175 5251 1299 5304 ἐπεί
1356 5251 1440 5304 τοί
1474 5267 1538 5317 γε
1589 5249 1716 5320 μηδ’
1758 5251 1816 5301 ὲν
1848 5251 1936 5301 εὑ·

362 5349 551 5409 δύναις
594 5345 758 5400 πάλιν
805 5344 1004 5413 τδνιμὴ
1053 5343 1230 5397 εἰδότα
1268 5343 1330 5395 τὸ
1371 5341 1566 5410 μέλλον
1600 5342 1932 5409 ὑπάγεσθαι.

367 5439 467 5490 Ἐν
493 5439 603 5508 γὰρ
633 5434 771 5492 εἶναι
796 5438 856 5490 τὺ
895 5435 1166 5506 μακάριον
1204 5433 1443 5497 ὑπενόει,
1489 5432 1670 5495 καλῶς
1695 5432 1755 5485 τὸ
1783 5430 1937 5483 Θεῖον

359 5531 589 5596 σζϐειν,
648 5531 774 5593 τούς
830 5546 890 5582 τε
939 5530 1137 5598 νόμους
1185 5527 1354 5582 αὑτοῦ
1408 5527 1504 5581 καλ
1559 5526 1660 5590 τὰς
1713 5525 1936 5586 ἐντολὰς

359 5624 804 5694 ἀπαρατρώτους
840 5624 1050 5694 τηρεῖν.
1085 5623 1141 5675 Εἰ
1169 5622 1225 5674 δέ
1256 5639 1333 5692 τῳ
1365 5621 1507 5692 ἔρως
1553 5622 1648 5675 καὶ
1675 5621 1770 5674 τοῦ
1801 5636 1938 5690 προο

433 5762 511 5826 (Ι)
550 5762 654 5812 Καὶ
701 5755 778 5816 ὧν
829 5760 1024 5812 ἐδεῖτο.
1077 5758 1344 5827 (Sozam)
1387 5756 1496 5812 Hoc
1521 5767 1624 5820 cst,
1658 5756 1733 5810 De
1787 5757 1935 5810 rebus

357 5833 552 5903 quibus
582 5831 853 5904 indigeret.

435 5904 512 5970 (Ξ)
563 5905 650 5972 Τῷ
694 5899 849 5968 ⁷·,ἑνει
898 5903 1006 5955 τῶν
1055 5901 1418 5972 εὐπατριδῶν.
1463 5903 1699 5969 (Suom.
1754 5899 1846 5954 lib.
1898 5916 1933 5961 ι,

2042 4707 2338 4769 humanus,
2365 4713 2424 4760 ut
2445 4721 2554 4759 non
2586 4705 2756 4770 magis
2780 4707 2920 4759 alius
2945 4706 3260 4775 quisquam,
3281 4714 3338 4757 et
3365 4703 3418 4757 in
3447 4704 3616 4757 collo-

2041 4798 2187 4868 quiis
2231 4800 2508 4868 gratiosus
2559 4798 2817 4863 maxime,
2849 4807 3018 4867 atque
3068 4795 3198 4850 item
3239 4805 3437 4849 acutus
3478 4797 3616 4849 invio

2041 4901 2273 4960 ctusque
2317 4890 2443 4945 fuit.
2481 4891 2539 4944 lu
2585 4889 3059 4960 disputationibus
3109 4890 3410 4958 prarcipue,
3444 4890 3612 4942 etiam

2041 4977 2086 5031 si
2115 4978 2208 5046 qui
2243 4978 2518 5033 interdum
2564 4979 2912 5034 contentiose
2943 4993 3069 5032 cum
3117 4992 3184 5031 eo
3227 4976 3614 5031 conﬂictaren-

2045 5082 2154 5134 tur,
2203 5087 2273 5126 ne
2307 5072 2566 5126 molestus
2603 5081 2777 5137 esset,
2823 5072 3068 5127 cavebat.
3116 5070 3492 5124 Praestantiori
3541 5072 3615 5126 si-

2044 5164 2265 5235 quidem
2294 5163 2560 5234 sapientia
2592 5164 2852 5234 quadam,
2884 5174 2940 5218 et
2970 5178 3114 5217 novo
3150 5177 3327 5226 more,
3354 5179 3458 5216 una
3490 5179 3616 5217 cum

2043 5257 2228 5310 divina
2262 5256 2580 5324 prudentia,
2614 5265 2818 5309 temere
2850 5254 3060 5308 illatum
3100 5254 3474 5308 contentionis
3503 5265 3621 5307 81.n-

2042 5348 2195 5401 dium
2234 5347 2394 5402 facile
2427 5347 2779 5411 contrahere,
2815 5354 2872 5399 et
2900 5346 2967 5400 ad
3012 5346 3446 5401 moderationem
3482 5361 3616 5400 con-

2044 5439 2281 5494 formare
2321 5449 2567 5494 noverat.
2621 5439 3037 5494 Vehementiam
3087 5452 3272 5494 autem
3319 5439 3623 5494 collocuto-

2043 5547 2165 5587 rum
2226 5544 2582 5602 temperans,
2643 5547 2826 5586 mores
2877 5547 3070 5587 eorum
3128 5533 3294 5588 simul
3357 5532 3620 5588 reddebat

2046 5625 2319 5680 meliores.
2369 5625 2618 5678 Divinam
2655 5624 2785 5679 inde
2827 5627 3220 5696 cognitionem,
3254 5636 3421 5695 atque
3453 5629 3644 5688 etiam

2045 5778 2164 5830 cap.
2207 5763 2270 5814 15
2298 5763 2315 5830 )
2350 5763 2460 5816 iloc
2488 5773 2590 5824 est.
2622 5764 2766 5818 claro
2793 5766 2902 5821 loco
2943 5775 3119 5819 natus.

2117 5834 2192 5899 (5)
2225 5832 2350 5905 Τοῖς
2386 5835 2516 5901 παρ’
2563 5837 2878 5902 Αἰγυπτίοις
2928 5836 3164 5905 ἄκροισι.
3205 5834 3422 5900 (Soloni
3458 5832 3473 5899 )
3507 5833 3619 5888 lioc
3701 5831 3722 5840 ί

2045 5913 2148 5967 est,
2200 5903 2564 5974 .-I'.'yypliorum
2619 5908 2893 5961 mamilius.
