  <div class='ocr_page' id='page_1' title='image "/cluster/home/n/w/nwhite01/storage/ocr_20150623/146/hvd.32044019208347/085.png"; bbox 0 0 4062 6546; ppageno 0'>
   <div class='ocr_carea' id='block_1_1' title="bbox 492 369 599 432">
    <p class='ocr_par' dir='ltr' id='par_1_1' title="bbox 492 369 599 432">
     <span class='ocr_line' id='line_1_1' title="bbox 492 369 599 432; baseline 0 -2"><span class='ocrx_word' id='word_1_1' title='bbox 492 369 599 432; x_wconf 55' lang='grc'><strong>’165</strong></span> 
     </span>
    </p>
   </div>
   <div class='ocr_carea' id='block_1_2' title="bbox 481 484 1381 556">
    <p class='ocr_par' dir='ltr' id='par_1_2' title="bbox 481 484 1381 556">
     <span class='ocr_line' id='line_1_2' title="bbox 481 484 1381 556; baseline 0.013 -22"><span class='ocrx_word' id='word_1_2' title='bbox 481 484 976 553; x_wconf 58' lang='grc' dir='ltr'><strong>τινι-ίιιοοςηίιίοηθηι</strong></span> <span class='ocrx_word' id='word_1_3' title='bbox 1024 502 1381 556; x_wconf 82' lang='lat' dir='ltr'><strong>consecutus,</strong></span> 
     </span>
    </p>
   </div>
   <div class='ocr_carea' id='block_1_3' title="bbox 486 572 2065 658">
    <p class='ocr_par' dir='ltr' id='par_1_3' title="bbox 486 572 2065 658">
     <span class='ocr_line' id='line_1_3' title="bbox 486 572 2065 658; baseline 0.015 -36"><span class='ocrx_word' id='word_1_4' title='bbox 486 572 772 640; x_wconf 78' lang='lat' dir='ltr'><strong>judicabat</strong></span> <span class='ocrx_word' id='word_1_5' title='bbox 825 574 1011 628; x_wconf 82' lang='lat' dir='ltr'><strong>futura</strong></span> <span class='ocrx_word' id='word_1_6' title='bbox 1066 579 1374 644; x_wconf 66' lang='lat' dir='ltr'><strong>praevidere</strong></span> <span class='ocrx_word' id='word_1_7' title='bbox 1435 600 1448 637; x_wconf 90' lang='lat'><strong>:</strong></span> <span class='ocrx_word' id='word_1_8' title='bbox 1509 600 1822 657; x_wconf 84' lang='lat' dir='ltr'><strong>vanumque</strong></span> <span class='ocrx_word' id='word_1_9' title='bbox 1875 593 2065 658; x_wconf 85' lang='lat' dir='ltr'><strong>etiam,</strong></span> 
     </span>
    </p>
   </div>
   <div class='ocr_carea' id='block_1_4' title="bbox 487 663 2065 739">
    <p class='ocr_par' dir='ltr' id='par_1_4' title="bbox 487 663 2065 739">
     <span class='ocr_line' id='line_1_4' title="bbox 487 663 2065 739; baseline 0.015 -24"><span class='ocrx_word' id='word_1_10' title='bbox 487 663 635 733; x_wconf 79' lang='lat' dir='ltr'><strong>quod</strong></span> <span class='ocrx_word' id='word_1_11' title='bbox 666 666 718 719; x_wconf 91' lang='lat' dir='ltr'><strong>in</strong></span> <span class='ocrx_word' id='word_1_12' title='bbox 750 680 812 722; x_wconf 86' lang='lat' dir='ltr'><strong>ea</strong></span> <span class='ocrx_word' id='word_1_13' title='bbox 860 683 917 721; x_wconf 88' lang='lat' dir='ltr'><strong>re</strong></span> <span class='ocrx_word' id='word_1_14' title='bbox 949 669 1341 739; x_wconf 70' lang='lat' dir='ltr'><strong>collocaretur,</strong></span> <span class='ocrx_word' id='word_1_15' title='bbox 1378 677 1622 732; x_wconf 89' lang='lat' dir='ltr'><strong>studium</strong></span> <span class='ocrx_word' id='word_1_16' title='bbox 1668 694 1788 735; x_wconf 76' lang='lat' dir='ltr'><strong>esse</strong></span> <span class='ocrx_word' id='word_1_17' title='bbox 1819 681 2065 738; x_wconf 90' lang='lat' dir='ltr'><strong>dicebat.</strong></span> 
     </span>
    </p>
   </div>
   <div class='ocr_carea' id='block_1_5' title="bbox 489 758 2067 845">
    <p class='ocr_par' dir='ltr' id='par_1_5' title="bbox 489 758 2067 845">
     <span class='ocr_line' id='line_1_5' title="bbox 489 758 2067 845; baseline 0.013 -35"><span class='ocrx_word' id='word_1_18' title='bbox 489 758 675 826; x_wconf 71' lang='lat' dir='ltr'><strong>Neque</strong></span> <span class='ocrx_word' id='word_1_19' title='bbox 705 759 963 815; x_wconf 76' lang='lat' dir='ltr'><strong>virtutem</strong></span> <span class='ocrx_word' id='word_1_20' title='bbox 1001 763 1164 816; x_wconf 87' lang='lat' dir='ltr'><strong>ullam</strong></span> <span class='ocrx_word' id='word_1_21' title='bbox 1201 780 1320 820; x_wconf 90' lang='lat' dir='ltr'><strong>esse</strong></span> <span class='ocrx_word' id='word_1_22' title='bbox 1351 766 1541 824; x_wconf 88' lang='lat' dir='ltr'><strong>docuit</strong></span> <span class='ocrx_word' id='word_1_23' title='bbox 1581 768 1832 827; x_wconf 84' lang='lat' dir='ltr'><strong>divinare</strong></span> <span class='ocrx_word' id='word_1_24' title='bbox 1875 792 1889 828; x_wconf 91' lang='lat'><strong>:</strong></span> <span class='ocrx_word' id='word_1_25' title='bbox 1920 775 2067 845; x_wconf 87' lang='lat' dir='ltr'><strong>quod</strong></span> 
     </span>
    </p>
   </div>
   <div class='ocr_carea' id='block_1_6' title="bbox 475 848 2067 939">
    <p class='ocr_par' dir='ltr' id='par_1_6' title="bbox 475 848 2067 939">
     <span class='ocr_line' id='line_1_6' title="bbox 475 848 2067 939; baseline 0.012 -35"><span class='ocrx_word' id='word_1_26' title='bbox 475 866 519 904; x_wconf 86' lang='lat' dir='ltr'><strong>.e</strong></span> <span class='ocrx_word' id='word_1_27' title='bbox 551 848 794 914; x_wconf 88' lang='lat' dir='ltr'><strong>diverso,</strong></span> <span class='ocrx_word' id='word_1_28' title='bbox 820 867 1001 923; x_wconf 89' lang='lat' dir='ltr'><strong>neque</strong></span> <span class='ocrx_word' id='word_1_29' title='bbox 1029 853 1081 909; x_wconf 92' lang='lat' dir='ltr'><strong>in</strong></span> <span class='ocrx_word' id='word_1_30' title='bbox 1113 854 1269 920; x_wconf 91' lang='lat' dir='ltr'><strong>vitio,</strong></span> <span class='ocrx_word' id='word_1_31' title='bbox 1300 859 1456 929; x_wconf 83' lang='lat' dir='ltr'><strong>cujus</strong></span> <span class='ocrx_word' id='word_1_32' title='bbox 1489 864 1662 931; x_wconf 86' lang='lat' dir='ltr'><strong>gratia</strong></span> <span class='ocrx_word' id='word_1_33' title='bbox 1693 880 1911 935; x_wconf 71' lang='lat' dir='ltr'><strong>poenam</strong></span> <span class='ocrx_word' id='word_1_34' title='bbox 1942 868 2067 939; x_wconf 84' lang='lat' dir='ltr'><strong>quis</strong></span> 
     </span>
    </p>
   </div>
   <div class='ocr_carea' id='block_1_7' title="bbox 491 941 2063 1027">
    <p class='ocr_par' dir='ltr' id='par_1_7' title="bbox 491 941 2063 1027">
     <span class='ocr_line' id='line_1_7' title="bbox 491 941 2063 1027; baseline 0.015 -37"><span class='ocrx_word' id='word_1_35' title='bbox 491 950 719 1005; x_wconf 77' lang='lat' dir='ltr'><strong>metuat,</strong></span> <span class='ocrx_word' id='word_1_36' title='bbox 769 941 862 1009; x_wconf 89' lang='lat' dir='ltr'><strong>sit,</strong></span> <span class='ocrx_word' id='word_1_37' title='bbox 902 945 1148 1027; x_wconf 72' lang='lat' dir='ltr'><strong>fulurum</strong></span> <span class='ocrx_word' id='word_1_38' title='bbox 1198 964 1306 1002; x_wconf 91' lang='lat' dir='ltr'><strong>non</strong></span> <span class='ocrx_word' id='word_1_39' title='bbox 1346 965 1532 1007; x_wconf 89' lang='lat' dir='ltr'><strong>nosse.</strong></span> <span class='ocrx_word' id='word_1_40' title='bbox 1567 952 1839 1011; x_wconf 61' lang='lat' dir='ltr'><strong>Caeterum</strong></span> <span class='ocrx_word' id='word_1_41' title='bbox 1895 976 2063 1014; x_wconf 91' lang='lat' dir='ltr'><strong>unum</strong></span> 
     </span>
    </p>
   </div>
   <div class='ocr_carea' id='block_1_8' title="bbox 493 1029 2069 1106">
    <p class='ocr_par' dir='ltr' id='par_1_8' title="bbox 493 1029 2069 1106">
     <span class='ocr_line' id='line_1_8' title="bbox 493 1029 2069 1106; baseline 0.015 -24"><span class='ocrx_word' id='word_1_42' title='bbox 493 1029 628 1083; x_wconf 80' lang='lat' dir='ltr'><strong>illud</strong></span> <span class='ocrx_word' id='word_1_43' title='bbox 666 1031 1025 1089; x_wconf 90' lang='lat' dir='ltr'><strong>beatitudinis</strong></span> <span class='ocrx_word' id='word_1_44' title='bbox 1053 1051 1174 1092; x_wconf 85' lang='lat' dir='ltr'><strong>esse</strong></span> <span class='ocrx_word' id='word_1_45' title='bbox 1205 1039 1583 1104; x_wconf 76' lang='lat' dir='ltr'><strong>existimabat.</strong></span> <span class='ocrx_word' id='word_1_46' title='bbox 1615 1046 1720 1101; x_wconf 90' lang='lat' dir='ltr'><strong>rite</strong></span> <span class='ocrx_word' id='word_1_47' title='bbox 1767 1048 1937 1104; x_wconf 91' lang='lat' dir='ltr'><strong>Deum</strong></span> <span class='ocrx_word' id='word_1_48' title='bbox 1980 1066 2069 1106; x_wconf 90' lang='lat' dir='ltr'><strong>co-</strong></span> 
     </span>
    </p>
   </div>
   <div class='ocr_carea' id='block_1_9' title="bbox 482 1122 2062 1210">
    <p class='ocr_par' dir='ltr' id='par_1_9' title="bbox 482 1122 2062 1210">
     <span class='ocr_line' id='line_1_9' title="bbox 482 1122 2062 1210; baseline 0.014 -35"><span class='ocrx_word' id='word_1_49' title='bbox 482 1122 629 1185; x_wconf 85' lang='lat' dir='ltr'><strong>lere,</strong></span> <span class='ocrx_word' id='word_1_50' title='bbox 675 1125 938 1198; x_wconf 73' lang='lat' dir='ltr'><strong>legesque</strong></span> <span class='ocrx_word' id='word_1_51' title='bbox 969 1129 1088 1198; x_wconf 89' lang='lat' dir='ltr'><strong>ejus</strong></span> <span class='ocrx_word' id='word_1_52' title='bbox 1120 1141 1176 1186; x_wconf 91' lang='lat' dir='ltr'><strong>et</strong></span> <span class='ocrx_word' id='word_1_53' title='bbox 1215 1134 1472 1189; x_wconf 87' lang='lat' dir='ltr'><strong>mandata</strong></span> <span class='ocrx_word' id='word_1_54' title='bbox 1519 1136 1779 1193; x_wconf 83' lang='lat' dir='ltr'><strong>inviolata</strong></span> <span class='ocrx_word' id='word_1_55' title='bbox 1822 1156 2062 1210; x_wconf 86' lang='lat' dir='ltr'><strong>servare,</strong></span> 
     </span>
    </p>
   </div>
   <div class='ocr_carea' id='block_1_10' title="bbox 489 1217 2063 1299">
    <p class='ocr_par' dir='ltr' id='par_1_10' title="bbox 489 1217 2063 1299">
     <span class='ocr_line' id='line_1_10' title="bbox 489 1217 2063 1299; baseline 0.015 -31"><span class='ocrx_word' id='word_1_56' title='bbox 489 1217 543 1269; x_wconf 85' lang='lat' dir='ltr'><strong>Si</strong></span> <span class='ocrx_word' id='word_1_57' title='bbox 586 1217 676 1271; x_wconf 88' lang='lat' dir='ltr'><strong>cui</strong></span> <span class='ocrx_word' id='word_1_58' title='bbox 719 1229 902 1275; x_wconf 86' lang='lat' dir='ltr'><strong>autem</strong></span> <span class='ocrx_word' id='word_1_59' title='bbox 955 1236 1108 1276; x_wconf 88' lang='lat' dir='ltr'><strong>amor</strong></span> <span class='ocrx_word' id='word_1_60' title='bbox 1149 1222 1335 1279; x_wconf 75' lang='lat' dir='ltr'><strong>futura</strong></span> <span class='ocrx_word' id='word_1_61' title='bbox 1382 1232 1751 1299; x_wconf 87' lang='lat' dir='ltr'><strong>cognoscendi</strong></span> <span class='ocrx_word' id='word_1_62' title='bbox 1802 1234 2063 1292; x_wconf 74' lang='lat' dir='ltr'><strong>incessat.</strong></span> 
     </span>
    </p>
   </div>
   <div class='ocr_carea' id='block_1_11' title="bbox 492 1310 2065 1385">
    <p class='ocr_par' dir='ltr' id='par_1_11' title="bbox 492 1310 2065 1385">
     <span class='ocr_line' id='line_1_11' title="bbox 492 1310 2065 1385; baseline 0.015 -28"><span class='ocrx_word' id='word_1_63' title='bbox 492 1322 683 1375; x_wconf 85' lang='lat' dir='ltr'><strong>puram</strong></span> <span class='ocrx_word' id='word_1_64' title='bbox 733 1310 918 1370; x_wconf 89' lang='lat' dir='ltr'><strong>modo.</strong></span> <span class='ocrx_word' id='word_1_65' title='bbox 970 1312 1175 1383; x_wconf 82' lang='lat' dir='ltr'><strong>inquit,</strong></span> <span class='ocrx_word' id='word_1_66' title='bbox 1234 1314 1435 1373; x_wconf 85' lang='lat' dir='ltr'><strong>habeat</strong></span> <span class='ocrx_word' id='word_1_67' title='bbox 1485 1322 1747 1385; x_wconf 86' lang='lat' dir='ltr'><strong>animam,</strong></span> <span class='ocrx_word' id='word_1_68' title='bbox 1798 1336 1853 1378; x_wconf 86' lang='lat' dir='ltr'><strong>et</strong></span> <span class='ocrx_word' id='word_1_69' title='bbox 1895 1326 2065 1381; x_wconf 85' lang='lat' dir='ltr'><strong>futuri</strong></span> 
     </span>
    </p>
   </div>
   <div class='ocr_carea' id='block_1_12' title="bbox 492 1401 2066 1489">
    <p class='ocr_par' dir='ltr' id='par_1_12' title="bbox 492 1401 2066 1489">
     <span class='ocr_line' id='line_1_12' title="bbox 492 1401 2066 1489; baseline 0.016 -40"><span class='ocrx_word' id='word_1_70' title='bbox 492 1401 799 1469; x_wconf 65' lang='lat' dir='ltr'><strong>perspectio</strong></span> <span class='ocrx_word' id='word_1_71' title='bbox 840 1418 967 1458; x_wconf 89' lang='lat' dir='ltr'><strong>eum</strong></span> <span class='ocrx_word' id='word_1_72' title='bbox 1003 1416 1398 1476; x_wconf 78' lang='lat' dir='ltr'><strong>consequetur,</strong></span> <span class='ocrx_word' id='word_1_73' title='bbox 1449 1410 1558 1467; x_wconf 90' lang='lat' dir='ltr'><strong>Deo</strong></span> <span class='ocrx_word' id='word_1_74' title='bbox 1610 1415 1779 1470; x_wconf 88' lang='lat' dir='ltr'><strong>veluti</strong></span> <span class='ocrx_word' id='word_1_75' title='bbox 1813 1432 1913 1487; x_wconf 90' lang='lat' dir='ltr'><strong>per</strong></span> <span class='ocrx_word' id='word_1_76' title='bbox 1943 1434 2066 1489; x_wconf 77' lang='lat' dir='ltr'><strong>Spe-</strong></span> 
     </span>
    </p>
   </div>
   <div class='ocr_carea' id='block_1_13' title="bbox 486 1491 2066 1568">
    <p class='ocr_par' dir='ltr' id='par_1_13' title="bbox 486 1491 2066 1568">
     <span class='ocr_line' id='line_1_13' title="bbox 486 1491 2066 1568; baseline 0.013 -26"><span class='ocrx_word' id='word_1_77' title='bbox 486 1491 674 1544; x_wconf 84' lang='lat' dir='ltr'><strong>culum</strong></span> <span class='ocrx_word' id='word_1_78' title='bbox 713 1493 934 1564; x_wconf 85' lang='lat' dir='ltr'><strong>aliquod</strong></span> <span class='ocrx_word' id='word_1_79' title='bbox 976 1500 1348 1568; x_wconf 85' lang='lat' dir='ltr'><strong>cognitionem</strong></span> <span class='ocrx_word' id='word_1_80' title='bbox 1395 1504 1565 1559; x_wconf 85' lang='lat' dir='ltr'><strong>futuri</strong></span> <span class='ocrx_word' id='word_1_81' title='bbox 1600 1505 1919 1561; x_wconf 78' lang='lat' dir='ltr'><strong>exhibente.</strong></span> <span class='ocrx_word' id='word_1_82' title='bbox 1968 1509 2066 1563; x_wconf 87' lang='lat' dir='ltr'><strong>So-</strong></span> 
     </span>
    </p>
   </div>
   <div class='ocr_carea' id='block_1_14' title="bbox 493 1583 2064 1666">
    <p class='ocr_par' dir='ltr' id='par_1_14' title="bbox 493 1583 2064 1666">
     <span class='ocr_line' id='line_1_14' title="bbox 493 1583 2064 1666; baseline 0.014 -32"><span class='ocrx_word' id='word_1_83' title='bbox 493 1583 733 1638; x_wconf 87' lang='lat' dir='ltr'><strong>cordiam</strong></span> <span class='ocrx_word' id='word_1_84' title='bbox 767 1596 949 1642; x_wconf 90' lang='lat' dir='ltr'><strong>autem</strong></span> <span class='ocrx_word' id='word_1_85' title='bbox 977 1589 1280 1659; x_wconf 87' lang='lat' dir='ltr'><strong>detestans,</strong></span> <span class='ocrx_word' id='word_1_86' title='bbox 1313 1612 1502 1651; x_wconf 85' lang='lat' dir='ltr'><strong>omnes</strong></span> <span class='ocrx_word' id='word_1_87' title='bbox 1549 1598 1643 1666; x_wconf 80' lang='lat' dir='ltr'><strong>qui</strong></span> <span class='ocrx_word' id='word_1_88' title='bbox 1696 1609 1847 1652; x_wconf 88' lang='lat' dir='ltr'><strong>recte</strong></span> <span class='ocrx_word' id='word_1_89' title='bbox 1877 1604 2064 1657; x_wconf 80' lang='lat' dir='ltr'><strong>vivere</strong></span> 
     </span>
    </p>
   </div>
   <div class='ocr_carea' id='block_1_15' title="bbox 498 1676 2063 1757">
    <p class='ocr_par' dir='ltr' id='par_1_15' title="bbox 498 1676 2063 1757">
     <span class='ocr_line' id='line_1_15' title="bbox 498 1676 2063 1757; baseline 0.013 -30"><span class='ocrx_word' id='word_1_90' title='bbox 498 1676 717 1742; x_wconf 76' lang='lat' dir='ltr'><strong>vellent,</strong></span> <span class='ocrx_word' id='word_1_91' title='bbox 761 1679 1074 1746; x_wconf 83' lang='lat' dir='ltr'><strong>admonuit,</strong></span> <span class='ocrx_word' id='word_1_92' title='bbox 1112 1694 1173 1739; x_wconf 89' lang='lat' dir='ltr'><strong>ut</strong></span> <span class='ocrx_word' id='word_1_93' title='bbox 1215 1702 1353 1757; x_wconf 89' lang='lat' dir='ltr'><strong>opus</strong></span> <span class='ocrx_word' id='word_1_94' title='bbox 1399 1687 1639 1744; x_wconf 82' lang='lat' dir='ltr'><strong>facerent</strong></span> <span class='ocrx_word' id='word_1_95' title='bbox 1684 1706 1698 1743; x_wconf 89' lang='lat'><strong>:</strong></span> <span class='ocrx_word' id='word_1_96' title='bbox 1744 1699 1799 1744; x_wconf 91' lang='lat' dir='ltr'><strong>et</strong></span> <span class='ocrx_word' id='word_1_97' title='bbox 1850 1702 1909 1746; x_wconf 93' lang='lat' dir='ltr'><strong>ut</strong></span> <span class='ocrx_word' id='word_1_98' title='bbox 1953 1693 2063 1747; x_wconf 61' lang='lat' dir='ltr'><strong>seio</strong></span> 
     </span>
    </p>
   </div>
   <div class='ocr_carea' id='block_1_16' title="bbox 490 1772 2062 1853">
    <p class='ocr_par' dir='ltr' id='par_1_16' title="bbox 490 1772 2062 1853">
     <span class='ocr_line' id='line_1_16' title="bbox 490 1772 2062 1853; baseline 0.013 -32"><span class='ocrx_word' id='word_1_99' title='bbox 490 1785 646 1853; x_wconf 75' lang='lat' dir='ltr'><strong>psum</strong></span> <span class='ocrx_word' id='word_1_100' title='bbox 675 1772 912 1843; x_wconf 89' lang='lat' dir='ltr'><strong>quisque</strong></span> <span class='ocrx_word' id='word_1_101' title='bbox 952 1776 1005 1830; x_wconf 90' lang='lat' dir='ltr'><strong>in</strong></span> <span class='ocrx_word' id='word_1_102' title='bbox 1035 1779 1307 1847; x_wconf 88' lang='lat' dir='ltr'><strong>judicium</strong></span> <span class='ocrx_word' id='word_1_103' title='bbox 1338 1793 1393 1836; x_wconf 93' lang='lat' dir='ltr'><strong>et</strong></span> <span class='ocrx_word' id='word_1_104' title='bbox 1425 1782 1697 1839; x_wconf 87' lang='lat' dir='ltr'><strong>rationem</strong></span> <span class='ocrx_word' id='word_1_105' title='bbox 1729 1785 1822 1838; x_wconf 92' lang='lat' dir='ltr'><strong>diu</strong></span> <span class='ocrx_word' id='word_1_106' title='bbox 1862 1801 2062 1841; x_wconf 81' lang='lat' dir='ltr'><strong>noctu-</strong></span> 
     </span>
    </p>
   </div>
   <div class='ocr_carea' id='block_1_17' title="bbox 483 1850 2138 1947">
    <p class='ocr_par' dir='ltr' id='par_1_17' title="bbox 483 1850 2138 1947">
     <span class='ocr_line' id='line_1_17' title="bbox 483 1850 2138 1947; baseline 0.013 -34"><span class='ocrx_word' id='word_1_107' title='bbox 483 1850 595 1930; x_wconf 82' lang='lat' dir='ltr'><strong>que</strong></span> <span class='ocrx_word' id='word_1_108' title='bbox 658 1862 930 1921; x_wconf 80' lang='lat' dir='ltr'><strong>factorum</strong></span> <span class='ocrx_word' id='word_1_109' title='bbox 987 1871 1310 1937; x_wconf 87' lang='lat' dir='ltr'><strong>adduceret,</strong></span> <span class='ocrx_word' id='word_1_110' title='bbox 1363 1884 1529 1945; x_wconf 86' lang='lat' dir='ltr'><strong>atque</strong></span> <span class='ocrx_word' id='word_1_111' title='bbox 1583 1878 1627 1931; x_wconf 89' lang='lat' dir='ltr'><strong>si</strong></span> <span class='ocrx_word' id='word_1_112' title='bbox 1686 1878 1817 1947; x_wconf 90' lang='lat' dir='ltr'><strong>quid</strong></span> <span class='ocrx_word' id='word_1_113' title='bbox 1871 1890 2061 1933; x_wconf 87' lang='lat' dir='ltr'><strong>contra</strong></span> <span class='ocrx_word' id='word_1_114' title='bbox 2093 1850 2138 1913; x_wconf 70' lang='grc' dir='ltr'><strong>Β</strong></span> 
     </span>
    </p>
   </div>
   <div class='ocr_carea' id='block_1_18' title="bbox 487 1959 2059 2028">
    <p class='ocr_par' dir='ltr' id='par_1_18' title="bbox 487 1959 2059 2028">
     <span class='ocr_line' id='line_1_18' title="bbox 487 1959 2059 2028; baseline 0.013 -21"><span class='ocrx_word' id='word_1_115' title='bbox 487 1959 749 2011; x_wconf 82' lang='lat' dir='ltr'><strong>decorum</strong></span> <span class='ocrx_word' id='word_1_116' title='bbox 776 1959 1019 2027; x_wconf 83' lang='lat' dir='ltr'><strong>fecisset,</strong></span> <span class='ocrx_word' id='word_1_117' title='bbox 1051 1974 1111 2019; x_wconf 93' lang='lat' dir='ltr'><strong>ut</strong></span> <span class='ocrx_word' id='word_1_118' title='bbox 1148 1965 1198 2019; x_wconf 93' lang='lat' dir='ltr'><strong>id</strong></span> <span class='ocrx_word' id='word_1_119' title='bbox 1233 1965 1435 2022; x_wconf 77' lang='lat' dir='ltr'><strong>litteris</strong></span> <span class='ocrx_word' id='word_1_120' title='bbox 1458 1969 1767 2028; x_wconf 86' lang='lat' dir='ltr'><strong>adnotaret.</strong></span> <span class='ocrx_word' id='word_1_121' title='bbox 1795 1971 1886 2027; x_wconf 88' lang='lat' dir='ltr'><strong>Sic</strong></span> <span class='ocrx_word' id='word_1_122' title='bbox 1910 1974 2059 2027; x_wconf 86' lang='lat' dir='ltr'><strong>enim</strong></span> 
     </span>
    </p>
   </div>
   <div class='ocr_carea' id='block_1_19' title="bbox 487 2048 2061 2135">
    <p class='ocr_par' dir='ltr' id='par_1_19' title="bbox 487 2048 2061 2135">
     <span class='ocr_line' id='line_1_19' title="bbox 487 2048 2061 2135; baseline 0.013 -35"><span class='ocrx_word' id='word_1_123' title='bbox 487 2048 628 2112; x_wconf 80' lang='lat' dir='ltr'><strong>fore,</strong></span> <span class='ocrx_word' id='word_1_124' title='bbox 680 2058 739 2103; x_wconf 89' lang='lat' dir='ltr'><strong>ut</strong></span> <span class='ocrx_word' id='word_1_125' title='bbox 781 2053 1022 2120; x_wconf 89' lang='lat' dir='ltr'><strong>seipsum</strong></span> <span class='ocrx_word' id='word_1_126' title='bbox 1058 2067 1314 2113; x_wconf 84' lang='lat' dir='ltr'><strong>vereatur</strong></span> <span class='ocrx_word' id='word_1_127' title='bbox 1350 2059 1540 2124; x_wconf 87' lang='lat' dir='ltr'><strong>homo,</strong></span> <span class='ocrx_word' id='word_1_128' title='bbox 1588 2072 1645 2118; x_wconf 91' lang='lat' dir='ltr'><strong>et</strong></span> <span class='ocrx_word' id='word_1_129' title='bbox 1688 2063 1958 2135; x_wconf 80' lang='lat' dir='ltr'><strong>deinceps</strong></span> <span class='ocrx_word' id='word_1_130' title='bbox 1991 2066 2061 2122; x_wconf 91' lang='lat' dir='ltr'><strong>ab</strong></span> 
     </span>
    </p>
   </div>
   <div class='ocr_carea' id='block_1_20' title="bbox 488 2142 2059 2229">
    <p class='ocr_par' dir='ltr' id='par_1_20' title="bbox 488 2142 2059 2229">
     <span class='ocr_line' id='line_1_20' title="bbox 488 2142 2059 2229; baseline 0.015 -37"><span class='ocrx_word' id='word_1_131' title='bbox 488 2142 747 2199; x_wconf 78' lang='lat' dir='ltr'><strong>absurdis</strong></span> <span class='ocrx_word' id='word_1_132' title='bbox 777 2146 947 2201; x_wconf 88' lang='lat' dir='ltr'><strong>animi</strong></span> <span class='ocrx_word' id='word_1_133' title='bbox 995 2151 1258 2216; x_wconf 86' lang='lat' dir='ltr'><strong>motibus,</strong></span> <span class='ocrx_word' id='word_1_134' title='bbox 1290 2168 1359 2210; x_wconf 90' lang='lat' dir='ltr'><strong>ne</strong></span> <span class='ocrx_word' id='word_1_135' title='bbox 1391 2155 1565 2209; x_wconf 91' lang='lat' dir='ltr'><strong>multa</strong></span> <span class='ocrx_word' id='word_1_136' title='bbox 1599 2156 1858 2213; x_wconf 85' lang='lat' dir='ltr'><strong>adnotata</strong></span> <span class='ocrx_word' id='word_1_137' title='bbox 1901 2175 2059 2229; x_wconf 85' lang='lat' dir='ltr'><strong>repe-</strong></span> 
     </span>
    </p>
   </div>
   <div class='ocr_carea' id='block_1_21' title="bbox 488 2233 2064 2309">
    <p class='ocr_par' dir='ltr' id='par_1_21' title="bbox 488 2233 2064 2309">
     <span class='ocr_line' id='line_1_21' title="bbox 488 2233 2064 2309; baseline 0.012 -25"><span class='ocrx_word' id='word_1_138' title='bbox 488 2233 614 2298; x_wconf 89' lang='lat' dir='ltr'><strong>riat,</strong></span> <span class='ocrx_word' id='word_1_139' title='bbox 649 2233 944 2291; x_wconf 86' lang='lat' dir='ltr'><strong>abhorreat</strong></span> <span class='ocrx_word' id='word_1_140' title='bbox 990 2256 1006 2293; x_wconf 91' lang='lat'><strong>:</strong></span> <span class='ocrx_word' id='word_1_141' title='bbox 1052 2238 1169 2296; x_wconf 80' lang='lat' dir='ltr'><strong>fore</strong></span> <span class='ocrx_word' id='word_1_142' title='bbox 1208 2243 1375 2297; x_wconf 89' lang='lat' dir='ltr'><strong>etiam</strong></span> <span class='ocrx_word' id='word_1_143' title='bbox 1428 2256 1485 2300; x_wconf 92' lang='lat' dir='ltr'><strong>ut</strong></span> <span class='ocrx_word' id='word_1_144' title='bbox 1535 2254 1762 2309; x_wconf 86' lang='lat' dir='ltr'><strong>metuat.</strong></span> <span class='ocrx_word' id='word_1_145' title='bbox 1812 2264 1880 2305; x_wconf 89' lang='lat' dir='ltr'><strong>ne</strong></span> <span class='ocrx_word' id='word_1_146' title='bbox 1928 2249 2064 2306; x_wconf 83' lang='lat' dir='ltr'><strong>scri-</strong></span> 
     </span>
    </p>
   </div>
   <div class='ocr_carea' id='block_1_22' title="bbox 489 2330 2061 2414">
    <p class='ocr_par' dir='ltr' id='par_1_22' title="bbox 489 2330 2061 2414">
     <span class='ocr_line' id='line_1_22' title="bbox 489 2330 2061 2414; baseline 0.015 -37"><span class='ocrx_word' id='word_1_147' title='bbox 489 2336 647 2392; x_wconf 81' lang='lat' dir='ltr'><strong>ptura</strong></span> <span class='ocrx_word' id='word_1_148' title='bbox 682 2330 772 2383; x_wconf 90' lang='lat' dir='ltr'><strong>tali</strong></span> <span class='ocrx_word' id='word_1_149' title='bbox 823 2345 851 2383; x_wconf 88' lang='lat' dir='ltr'><strong>a</strong></span> <span class='ocrx_word' id='word_1_150' title='bbox 896 2334 1158 2403; x_wconf 90' lang='lat' dir='ltr'><strong>quopiam</strong></span> <span class='ocrx_word' id='word_1_151' title='bbox 1196 2335 1565 2408; x_wconf 88' lang='lat' dir='ltr'><strong>deprehensa,</strong></span> <span class='ocrx_word' id='word_1_152' title='bbox 1613 2341 1896 2413; x_wconf 88' lang='lat' dir='ltr'><strong>improbus</strong></span> <span class='ocrx_word' id='word_1_153' title='bbox 1942 2343 2061 2414; x_wconf 86' lang='lat' dir='ltr'><strong>ipse</strong></span> 
     </span>
    </p>
   </div>
   <div class='ocr_carea' id='block_1_23' title="bbox 487 2422 2061 2510">
    <p class='ocr_par' dir='ltr' id='par_1_23' title="bbox 487 2422 2061 2510">
     <span class='ocr_line' id='line_1_23' title="bbox 487 2422 2061 2510; baseline 0.013 -37"><span class='ocrx_word' id='word_1_154' title='bbox 487 2422 777 2479; x_wconf 85' lang='lat' dir='ltr'><strong>manifesto</strong></span> <span class='ocrx_word' id='word_1_155' title='bbox 815 2425 1153 2484; x_wconf 88' lang='lat' dir='ltr'><strong>inveniatur.</strong></span> <span class='ocrx_word' id='word_1_156' title='bbox 1186 2431 1399 2494; x_wconf 77' lang='lat' dir='ltr'><strong>Acriter</strong></span> <span class='ocrx_word' id='word_1_157' title='bbox 1421 2450 1661 2506; x_wconf 85' lang='lat' dir='ltr'><strong>quoque,</strong></span> <span class='ocrx_word' id='word_1_158' title='bbox 1701 2436 1747 2491; x_wconf 90' lang='lat' dir='ltr'><strong>si</strong></span> <span class='ocrx_word' id='word_1_159' title='bbox 1779 2438 1873 2507; x_wconf 90' lang='lat' dir='ltr'><strong>qui</strong></span> <span class='ocrx_word' id='word_1_160' title='bbox 1916 2438 2061 2510; x_wconf 89' lang='lat' dir='ltr'><strong>inju-</strong></span> 
     </span>
    </p>
   </div>
   <div class='ocr_carea' id='block_1_24' title="bbox 487 2520 2060 2600">
    <p class='ocr_par' dir='ltr' id='par_1_24' title="bbox 487 2520 2060 2600">
     <span class='ocr_line' id='line_1_24' title="bbox 487 2520 2060 2600; baseline 0.011 -32"><span class='ocrx_word' id='word_1_161' title='bbox 487 2520 619 2570; x_wconf 83' lang='lat' dir='ltr'><strong>riain</strong></span> <span class='ocrx_word' id='word_1_162' title='bbox 647 2520 1013 2589; x_wconf 85' lang='lat' dir='ltr'><strong>accepissent,</strong></span> <span class='ocrx_word' id='word_1_163' title='bbox 1037 2522 1390 2589; x_wconf 80' lang='lat' dir='ltr'><strong>defendebat,</strong></span> <span class='ocrx_word' id='word_1_164' title='bbox 1411 2542 1586 2599; x_wconf 83' lang='lat' dir='ltr'><strong>eaque</strong></span> <span class='ocrx_word' id='word_1_165' title='bbox 1612 2544 1775 2584; x_wconf 89' lang='lat' dir='ltr'><strong>causa</strong></span> <span class='ocrx_word' id='word_1_166' title='bbox 1803 2530 2060 2600; x_wconf 83' lang='lat' dir='ltr'><strong>frequen-</strong></span> 
     </span>
    </p>
   </div>
   <div class='ocr_carea' id='block_1_25' title="bbox 488 2604 2057 2695">
    <p class='ocr_par' dir='ltr' id='par_1_25' title="bbox 488 2604 2057 2695">
     <span class='ocr_line' id='line_1_25' title="bbox 488 2604 2057 2695; baseline 0.012 -35"><span class='ocrx_word' id='word_1_167' title='bbox 488 2620 570 2662; x_wconf 85' lang='lat' dir='ltr'><strong>ter</strong></span> <span class='ocrx_word' id='word_1_168' title='bbox 618 2611 785 2666; x_wconf 87' lang='lat' dir='ltr'><strong>urbes</strong></span> <span class='ocrx_word' id='word_1_169' title='bbox 828 2612 1035 2670; x_wconf 87' lang='lat' dir='ltr'><strong>adibat.</strong></span> <span class='ocrx_word' id='word_1_170' title='bbox 1069 2615 1223 2672; x_wconf 80' lang='lat' dir='ltr'><strong>Multi</strong></span> <span class='ocrx_word' id='word_1_171' title='bbox 1261 2634 1501 2695; x_wconf 88' lang='lat' dir='ltr'><strong>namque</strong></span> <span class='ocrx_word' id='word_1_172' title='bbox 1542 2636 1669 2676; x_wconf 85' lang='lat' dir='ltr'><strong>eum</strong></span> <span class='ocrx_word' id='word_1_173' title='bbox 1705 2604 2057 2690; x_wconf 79' lang='lat' dir='ltr'><strong>accedentes,</strong></span> 
     </span>
    </p>
   </div>
   <div class='ocr_carea' id='block_1_26' title="bbox 482 2703 2059 2785">
    <p class='ocr_par' dir='ltr' id='par_1_26' title="bbox 482 2703 2059 2785">
     <span class='ocr_line' id='line_1_26' title="bbox 482 2703 2059 2785; baseline 0.012 -32"><span class='ocrx_word' id='word_1_174' title='bbox 482 2703 938 2777; x_wconf 76' lang='lat' dir='ltr'><strong>calamitatesque</strong></span> <span class='ocrx_word' id='word_1_175' title='bbox 959 2722 1090 2763; x_wconf 86' lang='lat' dir='ltr'><strong>suas</strong></span> <span class='ocrx_word' id='word_1_176' title='bbox 1110 2709 1486 2779; x_wconf 84' lang='lat' dir='ltr'><strong>deplorantes,</strong></span> <span class='ocrx_word' id='word_1_177' title='bbox 1511 2713 1779 2785; x_wconf 82' lang='lat' dir='ltr'><strong>cogebant</strong></span> <span class='ocrx_word' id='word_1_178' title='bbox 1805 2726 1864 2770; x_wconf 91' lang='lat' dir='ltr'><strong>ut</strong></span> <span class='ocrx_word' id='word_1_179' title='bbox 1890 2717 2059 2773; x_wconf 81' lang='lat' dir='ltr'><strong>urbes</strong></span> 
     </span>
    </p>
   </div>
   <div class='ocr_carea' id='block_1_27' title="bbox 486 2795 2059 2878">
    <p class='ocr_par' dir='ltr' id='par_1_27' title="bbox 486 2795 2059 2878">
     <span class='ocr_line' id='line_1_27' title="bbox 486 2795 2059 2878; baseline 0.014 -35"><span class='ocrx_word' id='word_1_180' title='bbox 486 2795 889 2865; x_wconf 74' lang='lat' dir='ltr'><strong>ingrederetur,</strong></span> <span class='ocrx_word' id='word_1_181' title='bbox 919 2811 975 2854; x_wconf 83' lang='lat' dir='ltr'><strong>et</strong></span> <span class='ocrx_word' id='word_1_182' title='bbox 1000 2816 1098 2870; x_wconf 89' lang='lat' dir='ltr'><strong>pro</strong></span> <span class='ocrx_word' id='word_1_183' title='bbox 1127 2802 1209 2858; x_wconf 86' lang='lat' dir='ltr'><strong>eis</strong></span> <span class='ocrx_word' id='word_1_184' title='bbox 1238 2813 1495 2874; x_wconf 81' lang='lat' dir='ltr'><strong>precator</strong></span> <span class='ocrx_word' id='word_1_185' title='bbox 1520 2816 1686 2878; x_wconf 91' lang='lat' dir='ltr'><strong>atque</strong></span> <span class='ocrx_word' id='word_1_186' title='bbox 1722 2809 2059 2867; x_wconf 87' lang='lat' dir='ltr'><strong>intercessor</strong></span> 
     </span>
    </p>
   </div>
   <div class='ocr_carea' id='block_1_28' title="bbox 484 2888 2057 2974">
    <p class='ocr_par' dir='ltr' id='par_1_28' title="bbox 484 2888 2057 2974">
     <span class='ocr_line' id='line_1_28' title="bbox 484 2888 2057 2974; baseline 0.013 -36"><span class='ocrx_word' id='word_1_187' title='bbox 484 2888 628 2954; x_wconf 89' lang='lat' dir='ltr'><strong>apud</strong></span> <span class='ocrx_word' id='word_1_188' title='bbox 674 2890 1026 2961; x_wconf 82' lang='lat' dir='ltr'><strong>magistratus</strong></span> <span class='ocrx_word' id='word_1_189' title='bbox 1075 2894 1249 2949; x_wconf 81' lang='lat' dir='ltr'><strong>ﬁeret.</strong></span> <span class='ocrx_word' id='word_1_190' title='bbox 1506 2898 1587 2954; x_wconf 86' lang='lat' dir='ltr'><strong>llli</strong></span> <span class='ocrx_word' id='word_1_191' title='bbox 1636 2914 1802 2971; x_wconf 82' lang='lat' dir='ltr'><strong>porro</strong></span> <span class='ocrx_word' id='word_1_192' title='bbox 1833 2901 2057 2974; x_wconf 85' lang='lat' dir='ltr'><strong>plurimi</strong></span> 
     </span>
    </p>
   </div>
   <div class='ocr_carea' id='block_1_29' title="bbox 481 2977 2056 3056">
    <p class='ocr_par' dir='ltr' id='par_1_29' title="bbox 481 2977 2056 3056">
     <span class='ocr_line' id='line_1_29' title="bbox 481 2977 2056 3056; baseline 0.011 -25"><span class='ocrx_word' id='word_1_193' title='bbox 481 2977 778 3045; x_wconf 70' lang='lat' dir='ltr'><strong>faciebant,</strong></span> <span class='ocrx_word' id='word_1_194' title='bbox 804 2983 848 3038; x_wconf 90' lang='lat' dir='ltr'><strong>si</strong></span> <span class='ocrx_word' id='word_1_195' title='bbox 885 2984 1064 3053; x_wconf 88' lang='lat' dir='ltr'><strong>ipsum</strong></span> <span class='ocrx_word' id='word_1_196' title='bbox 1094 2987 1364 3056; x_wconf 86' lang='lat' dir='ltr'><strong>viderent,</strong></span> <span class='ocrx_word' id='word_1_197' title='bbox 1394 3001 1450 3045; x_wconf 89' lang='lat' dir='ltr'><strong>et</strong></span> <span class='ocrx_word' id='word_1_198' title='bbox 1478 2992 1725 3049; x_wconf 88' lang='lat' dir='ltr'><strong>Sirenem</strong></span> <span class='ocrx_word' id='word_1_199' title='bbox 1757 2994 2056 3051; x_wconf 87' lang='lat' dir='ltr'><strong>verborum</strong></span> 
     </span>
    </p>
   </div>
   <div class='ocr_carea' id='block_1_30' title="bbox 480 3072 2054 3156">
    <p class='ocr_par' dir='ltr' id='par_1_30' title="bbox 480 3072 2054 3156">
     <span class='ocr_line' id='line_1_30' title="bbox 480 3072 2054 3156; baseline 0.011 -33"><span class='ocrx_word' id='word_1_200' title='bbox 480 3072 601 3138; x_wconf 85' lang='lat' dir='ltr'><strong>ejus</strong></span> <span class='ocrx_word' id='word_1_201' title='bbox 646 3073 931 3139; x_wconf 87' lang='lat' dir='ltr'><strong>audirent,</strong></span> <span class='ocrx_word' id='word_1_202' title='bbox 981 3086 1038 3132; x_wconf 87' lang='lat' dir='ltr'><strong>et</strong></span> <span class='ocrx_word' id='word_1_203' title='bbox 1079 3081 1370 3149; x_wconf 88' lang='lat' dir='ltr'><strong>imperanti</strong></span> <span class='ocrx_word' id='word_1_204' title='bbox 1423 3093 1698 3152; x_wconf 90' lang='lat' dir='ltr'><strong>parerent.</strong></span> <span class='ocrx_word' id='word_1_205' title='bbox 1753 3084 1859 3156; x_wconf 91' lang='lat' dir='ltr'><strong>Ipsi</strong></span> <span class='ocrx_word' id='word_1_206' title='bbox 1905 3087 2054 3141; x_wconf 87' lang='lat' dir='ltr'><strong>enim</strong></span> 
     </span>
    </p>
   </div>
   <div class='ocr_carea' id='block_1_31' title="bbox 1685 388 2503 502">
    <p class='ocr_par' dir='ltr' id='par_1_31' title="bbox 1685 388 2503 502">
     <span class='ocr_line' id='line_1_31' title="bbox 1685 388 2503 502; baseline 0.022 -54"><span class='ocrx_word' id='word_1_207' title='bbox 1685 388 2105 456; x_wconf 80' lang='lat' dir='ltr'><strong>NICEPHORI</strong></span> <span class='ocrx_word' id='word_1_208' title='bbox 2151 399 2236 459; x_wconf 85' lang='lat' dir='ltr'><strong>CA</strong></span> <span class='ocrx_word' id='word_1_209' title='bbox 2248 402 2503 502; x_wconf 61' lang='lat' dir='ltr'><strong>LLISTI</strong></span> 
     </span>
    </p>
   </div>
   <div class='ocr_carea' id='block_1_32' title="bbox 1423 494 2058 603">
    <p class='ocr_par' dir='ltr' id='par_1_32' title="bbox 1423 494 2058 559">
     <span class='ocr_line' id='line_1_32' title="bbox 1423 494 2058 559; baseline 0.019 -12"><span class='ocrx_word' id='word_1_210' title='bbox 1423 494 1562 550; x_wconf 86' lang='lat' dir='ltr'><strong>nihil</strong></span> <span class='ocrx_word' id='word_1_211' title='bbox 1601 498 1896 554; x_wconf 87' lang='lat' dir='ltr'><strong>admodum</strong></span> <span class='ocrx_word' id='word_1_212' title='bbox 1943 518 2058 559; x_wconf 84' lang='lat' dir='ltr'><strong>esse</strong></span> 
     </span>
    </p>
   </div>
   <div class='ocr_carea' id='block_1_33' title="bbox 2160 494 3765 603">
    <p class='ocr_par' dir='ltr' id='par_1_33' title="bbox 2167 494 3765 603">
     <span class='ocr_line' id='line_1_33' title="bbox 2167 494 3765 603; baseline 0.018 -44"><span class='ocrx_word' id='word_1_213' title='bbox 2167 509 2369 603; x_wconf 78' lang='grc' dir='ltr'><strong>ειδέναι</strong></span> <span class='ocrx_word' id='word_1_214' title='bbox 2407 494 2720 587; x_wconf 45' lang='grc' dir='ltr'><strong>’ἐνέσκηψῃ</strong></span> <span class='ocrx_word' id='word_1_215' title='bbox 2754 518 2999 590; x_wconf 71' lang='grc' dir='ltr'><strong>καθαρὸς</strong></span> <span class='ocrx_word' id='word_1_216' title='bbox 3048 525 3133 596; x_wconf 70' lang='grc' dir='ltr'><strong>εἴη</strong></span> <span class='ocrx_word' id='word_1_217' title='bbox 3185 527 3387 601; x_wconf 79' lang='grc' dir='ltr'><strong>ψυχὴν,</strong></span> <span class='ocrx_word' id='word_1_218' title='bbox 3420 532 3576 603; x_wconf 74' lang='grc' dir='ltr'><strong>ἔλεγε</strong></span> <span class='ocrx_word' id='word_1_219' title='bbox 3610 555 3622 567; x_wconf 88' lang='grc'><strong>·</strong></span> <span class='ocrx_word' id='word_1_220' title='bbox 3662 536 3765 594; x_wconf 72' lang='grc' dir='ltr'><strong>καὶ</strong></span> 
     </span>
    </p>
   </div>
   <div class='ocr_carea' id='block_1_34' title="bbox 3654 427 3762 492">
    <p class='ocr_par' dir='ltr' id='par_1_34' title="bbox 3654 427 3762 492">
     <span class='ocr_line' id='line_1_34' title="bbox 3654 427 3762 492; baseline -0.019 0"><span class='ocrx_word' id='word_1_221' title='bbox 3654 427 3762 492; x_wconf 78' lang='grc'><strong>156</strong></span> 
     </span>
    </p>
   </div>
   <div class='ocr_carea' id='block_1_35' title="bbox 2169 600 3763 691">
    <p class='ocr_par' dir='ltr' id='par_1_35' title="bbox 2169 600 3763 691">
     <span class='ocr_line' id='line_1_35' title="bbox 2169 600 3763 691; baseline 0.018 -38"><span class='ocrx_word' id='word_1_222' title='bbox 2169 600 2231 653; x_wconf 86' lang='grc' dir='ltr'><strong>τὸ</strong></span> <span class='ocrx_word' id='word_1_223' title='bbox 2268 602 2455 676; x_wconf 75' lang='grc' dir='ltr'><strong>διορᾷν</strong></span> <span class='ocrx_word' id='word_1_224' title='bbox 2509 606 2568 659; x_wconf 78' lang='grc' dir='ltr'><strong>τὸ</strong></span> <span class='ocrx_word' id='word_1_225' title='bbox 2616 608 2815 677; x_wconf 77' lang='grc' dir='ltr'><strong>μέλλον</strong></span> <span class='ocrx_word' id='word_1_226' title='bbox 2871 611 3110 686; x_wconf 69' lang='grc' dir='ltr'><strong>ἕψεται,</strong></span> <span class='ocrx_word' id='word_1_227' title='bbox 3140 618 3234 673; x_wconf 90' lang='grc' dir='ltr'><strong>τοῦ</strong></span> <span class='ocrx_word' id='word_1_228' title='bbox 3288 600 3434 676; x_wconf 78' lang='grc' dir='ltr'><strong>Θεοῦ</strong></span> <span class='ocrx_word' id='word_1_229' title='bbox 3484 600 3579 679; x_wconf 70' lang='grc' dir='ltr'><strong>διά</strong></span> <span class='ocrx_word' id='word_1_230' title='bbox 3608 644 3763 691; x_wconf 87' lang='grc' dir='ltr'><strong>τινος</strong></span> 
     </span>
    </p>
   </div>
   <div class='ocr_carea' id='block_1_36' title="bbox 2170 692 3756 782">
    <p class='ocr_par' dir='ltr' id='par_1_36' title="bbox 2170 692 3756 782">
     <span class='ocr_line' id='line_1_36' title="bbox 2170 692 3756 782; baseline 0.018 -37"><span class='ocrx_word' id='word_1_231' title='bbox 2170 692 2436 766; x_wconf 76' lang='grc' dir='ltr'><strong>ἐσόπτρου</strong></span> <span class='ocrx_word' id='word_1_232' title='bbox 2456 698 2554 765; x_wconf 77' lang='grc' dir='ltr'><strong>τὴν</strong></span> <span class='ocrx_word' id='word_1_233' title='bbox 2577 699 2684 752; x_wconf 84' lang='grc' dir='ltr'><strong>τῶν</strong></span> <span class='ocrx_word' id='word_1_234' title='bbox 2708 702 2985 773; x_wconf 74' lang='grc' dir='ltr'><strong>ἐσομένων</strong></span> <span class='ocrx_word' id='word_1_235' title='bbox 3005 706 3209 773; x_wconf 85' lang='grc' dir='ltr'><strong>γνῶσιν</strong></span> <span class='ocrx_word' id='word_1_236' title='bbox 3230 713 3756 782; x_wconf 80' lang='grc' dir='ltr'><strong>παραδεικνύοντος.</strong></span> 
     </span>
    </p>
   </div>
   <div class='ocr_carea' id='block_1_37' title="bbox 2168 786 3757 879">
    <p class='ocr_par' dir='ltr' id='par_1_37' title="bbox 2168 786 3757 879">
     <span class='ocr_line' id='line_1_37' title="bbox 2168 786 3757 879; baseline 0.016 -40"><span class='ocrx_word' id='word_1_237' title='bbox 2168 786 2362 841; x_wconf 86' lang='grc' dir='ltr'><strong>Μισῶν</strong></span> <span class='ocrx_word' id='word_1_238' title='bbox 2387 788 2441 841; x_wconf 77' lang='grc' dir='ltr'><strong>δὲ</strong></span> <span class='ocrx_word' id='word_1_239' title='bbox 2470 790 2570 860; x_wconf 79' lang='grc' dir='ltr'><strong>τὴν</strong></span> <span class='ocrx_word' id='word_1_240' title='bbox 2595 793 2815 862; x_wconf 82' lang='grc' dir='ltr'><strong>ἀργίαν,</strong></span> <span class='ocrx_word' id='word_1_241' title='bbox 2852 797 2990 849; x_wconf 81' lang='grc' dir='ltr'><strong>πᾶσι</strong></span> <span class='ocrx_word' id='word_1_242' title='bbox 3024 801 3141 863; x_wconf 82' lang='grc' dir='ltr'><strong>τοῖς</strong></span> <span class='ocrx_word' id='word_1_243' title='bbox 3160 801 3343 873; x_wconf 47' lang='grc' dir='ltr'><strong>καλῶς</strong></span> <span class='ocrx_word' id='word_1_244' title='bbox 3370 804 3525 874; x_wconf 83' lang='grc' dir='ltr'><strong>βιοῦν</strong></span> <span class='ocrx_word' id='word_1_245' title='bbox 3560 809 3757 879; x_wconf 74' lang='grc' dir='ltr'><strong>αἱρου-</strong></span> 
     </span>
    </p>
   </div>
   <div class='ocr_carea' id='block_1_38' title="bbox 2172 879 3759 967">
    <p class='ocr_par' dir='ltr' id='par_1_38' title="bbox 2172 879 3759 967">
     <span class='ocr_line' id='line_1_38' title="bbox 2172 879 3759 967; baseline 0.017 -37"><span class='ocrx_word' id='word_1_246' title='bbox 2172 879 2375 948; x_wconf 80' lang='grc' dir='ltr'><strong>μένοις,</strong></span> <span class='ocrx_word' id='word_1_247' title='bbox 2429 883 2663 954; x_wconf 73' lang='grc' dir='ltr'><strong>παρῄνει</strong></span> <span class='ocrx_word' id='word_1_248' title='bbox 2714 889 3084 957; x_wconf 73' lang='grc' dir='ltr'><strong>ἐργάζεσθαι·</strong></span> <span class='ocrx_word' id='word_1_249' title='bbox 3148 893 3254 948; x_wconf 81' lang='grc' dir='ltr'><strong>ὑπὸ</strong></span> <span class='ocrx_word' id='word_1_250' title='bbox 3317 898 3501 967; x_wconf 81' lang='grc' dir='ltr'><strong>κρίσιν</strong></span> <span class='ocrx_word' id='word_1_251' title='bbox 3552 917 3614 957; x_wconf 80' lang='grc' dir='ltr'><strong>τε</strong></span> <span class='ocrx_word' id='word_1_252' title='bbox 3659 902 3759 957; x_wconf 76' lang='grc' dir='ltr'><strong>καὶ</strong></span> 
     </span>
    </p>
   </div>
   <div class='ocr_carea' id='block_1_39' title="bbox 2168 968 3757 1062">
    <p class='ocr_par' dir='ltr' id='par_1_39' title="bbox 2168 968 3757 1062">
     <span class='ocr_line' id='line_1_39' title="bbox 2168 968 3757 1062; baseline 0.016 -40"><span class='ocrx_word' id='word_1_253' title='bbox 2168 968 2327 1037; x_wconf 83' lang='grc' dir='ltr'><strong>λόγον</strong></span> <span class='ocrx_word' id='word_1_254' title='bbox 2367 973 2525 1038; x_wconf 82' lang='grc' dir='ltr'><strong>άγειν</strong></span> <span class='ocrx_word' id='word_1_255' title='bbox 2557 976 2743 1039; x_wconf 76' lang='grc' dir='ltr'><strong>αὑτὸν,</strong></span> <span class='ocrx_word' id='word_1_256' title='bbox 2773 975 2849 1032; x_wconf 80' lang='grc' dir='ltr'><strong>ὧν</strong></span> <span class='ocrx_word' id='word_1_257' title='bbox 2876 980 3095 1052; x_wconf 80' lang='grc' dir='ltr'><strong>νύκτωρ</strong></span> <span class='ocrx_word' id='word_1_258' title='bbox 3136 985 3231 1039; x_wconf 79' lang='grc' dir='ltr'><strong>καὶ</strong></span> <span class='ocrx_word' id='word_1_259' title='bbox 3272 988 3597 1062; x_wconf 69' lang='grc' dir='ltr'><strong>μεθημεραν</strong></span> <span class='ocrx_word' id='word_1_260' title='bbox 3628 993 3757 1060; x_wconf 71' lang='grc' dir='ltr'><strong>ὲγέο</strong></span> 
     </span>
    </p>
   </div>
   <div class='ocr_carea' id='block_1_40' title="bbox 2169 1063 3755 1151">
    <p class='ocr_par' dir='ltr' id='par_1_40' title="bbox 2169 1063 3755 1151">
     <span class='ocr_line' id='line_1_40' title="bbox 2169 1063 3755 1151; baseline 0.016 -38"><span class='ocrx_word' id='word_1_261' title='bbox 2169 1077 2292 1115; x_wconf 86' lang='grc' dir='ltr'><strong>νετο</strong></span> <span class='ocrx_word' id='word_1_262' title='bbox 2320 1063 2621 1135; x_wconf 81' lang='grc' dir='ltr'><strong>αὐτουργός</strong></span> <span class='ocrx_word' id='word_1_263' title='bbox 2642 1081 2655 1097; x_wconf 89' lang='grc'><strong>·</strong></span> <span class='ocrx_word' id='word_1_264' title='bbox 2697 1068 2797 1123; x_wconf 77' lang='grc' dir='ltr'><strong>κάν</strong></span> <span class='ocrx_word' id='word_1_265' title='bbox 2828 1087 2877 1123; x_wconf 93' lang='grc' dir='ltr'><strong>τι</strong></span> <span class='ocrx_word' id='word_1_266' title='bbox 2910 1072 2988 1142; x_wconf 83' lang='grc' dir='ltr'><strong>μὴ</strong></span> <span class='ocrx_word' id='word_1_267' title='bbox 3010 1073 3237 1140; x_wconf 78' lang='grc' dir='ltr'><strong>δεόντως</strong></span> <span class='ocrx_word' id='word_1_268' title='bbox 3269 1077 3545 1151; x_wconf 76' lang='grc' dir='ltr'><strong>ἐπράχθη,</strong></span> <span class='ocrx_word' id='word_1_269' title='bbox 3564 1083 3755 1151; x_wconf 67' lang='grc' dir='ltr'><strong>γράμ-</strong></span> 
     </span>
    </p>
   </div>
   <div class='ocr_carea' id='block_1_41' title="bbox 2172 1155 3749 1242">
    <p class='ocr_par' dir='ltr' id='par_1_41' title="bbox 2172 1155 3749 1242">
     <span class='ocr_line' id='line_1_41' title="bbox 2172 1155 3749 1242; baseline 0.015 -40"><span class='ocrx_word' id='word_1_270' title='bbox 2172 1168 2336 1221; x_wconf 81' lang='grc' dir='ltr'><strong>μασιν</strong></span> <span class='ocrx_word' id='word_1_271' title='bbox 2369 1155 2731 1228; x_wconf 70' lang='grc' dir='ltr'><strong>ἐγχαράττειν</strong></span> <span class='ocrx_word' id='word_1_272' title='bbox 2751 1176 2766 1189; x_wconf 88' lang='grc'><strong>·</strong></span> <span class='ocrx_word' id='word_1_273' title='bbox 2800 1162 2875 1224; x_wconf 82' lang='grc' dir='ltr'><strong>ὡς</strong></span> <span class='ocrx_word' id='word_1_274' title='bbox 2916 1162 2980 1215; x_wconf 78' lang='grc' dir='ltr'><strong>ἄν</strong></span> <span class='ocrx_word' id='word_1_275' title='bbox 3011 1179 3075 1232; x_wconf 83' lang='grc' dir='ltr'><strong>γε</strong></span> <span class='ocrx_word' id='word_1_276' title='bbox 3117 1163 3186 1218; x_wconf 85' lang='grc' dir='ltr'><strong>δι’</strong></span> <span class='ocrx_word' id='word_1_277' title='bbox 3218 1166 3399 1231; x_wconf 68' lang='grc' dir='ltr'><strong>αἰδοῦς</strong></span> <span class='ocrx_word' id='word_1_278' title='bbox 3431 1169 3594 1222; x_wconf 79' lang='grc' dir='ltr'><strong>αὑτὸν</strong></span> <span class='ocrx_word' id='word_1_279' title='bbox 3627 1170 3749 1242; x_wconf 76' lang='grc' dir='ltr'><strong>ἔχῃ,</strong></span> 
     </span>
    </p>
   </div>
   <div class='ocr_carea' id='block_1_42' title="bbox 2167 1246 3755 1331">
    <p class='ocr_par' dir='ltr' id='par_1_42' title="bbox 2167 1246 3755 1331">
     <span class='ocr_line' id='line_1_42' title="bbox 2167 1246 3755 1331; baseline 0.011 -33"><span class='ocrx_word' id='word_1_280' title='bbox 2167 1246 2263 1298; x_wconf 88' lang='grc' dir='ltr'><strong>τοῦ</strong></span> <span class='ocrx_word' id='word_1_281' title='bbox 2309 1246 2500 1302; x_wconf 83' lang='grc' dir='ltr'><strong>λοιποῦ</strong></span> <span class='ocrx_word' id='word_1_282' title='bbox 2554 1251 2661 1304; x_wconf 84' lang='grc' dir='ltr'><strong>τῶν</strong></span> <span class='ocrx_word' id='word_1_283' title='bbox 2692 1253 2914 1307; x_wconf 84' lang='grc' dir='ltr'><strong>ἀτόπων</strong></span> <span class='ocrx_word' id='word_1_284' title='bbox 2943 1259 3040 1311; x_wconf 89' lang='grc' dir='ltr'><strong>τοῦ</strong></span> <span class='ocrx_word' id='word_1_285' title='bbox 3097 1257 3192 1311; x_wconf 88' lang='grc' dir='ltr'><strong>νοῦ</strong></span> <span class='ocrx_word' id='word_1_286' title='bbox 3232 1261 3552 1330; x_wconf 78' lang='grc' dir='ltr'><strong>κινημάτων</strong></span> <span class='ocrx_word' id='word_1_287' title='bbox 3575 1264 3755 1331; x_wconf 76' lang='grc' dir='ltr'><strong>φειδό-</strong></span> 
     </span>
    </p>
   </div>
   <div class='ocr_carea' id='block_1_43' title="bbox 2171 1339 3753 1423">
    <p class='ocr_par' dir='ltr' id='par_1_43' title="bbox 2171 1339 3753 1423">
     <span class='ocr_line' id='line_1_43' title="bbox 2171 1339 3753 1423; baseline 0.013 -36"><span class='ocrx_word' id='word_1_288' title='bbox 2171 1352 2332 1407; x_wconf 83' lang='grc' dir='ltr'><strong>μενος</strong></span> <span class='ocrx_word' id='word_1_289' title='bbox 2367 1339 2445 1411; x_wconf 81' lang='grc' dir='ltr'><strong>μὴ</strong></span> <span class='ocrx_word' id='word_1_290' title='bbox 2477 1340 2648 1395; x_wconf 75' lang='grc' dir='ltr'><strong>πολλὰ</strong></span> <span class='ocrx_word' id='word_1_291' title='bbox 2681 1342 2836 1413; x_wconf 79' lang='grc' dir='ltr'><strong>εὖροι</strong></span> <span class='ocrx_word' id='word_1_292' title='bbox 2856 1343 2925 1398; x_wconf 74' lang='grc' dir='ltr'><strong>τά</strong></span> <span class='ocrx_word' id='word_1_293' title='bbox 2947 1349 3314 1419; x_wconf 72' lang='grc' dir='ltr'><strong>γεγραμμένα</strong></span> <span class='ocrx_word' id='word_1_294' title='bbox 3334 1366 3349 1381; x_wconf 85' lang='grc'><strong>·</strong></span> <span class='ocrx_word' id='word_1_295' title='bbox 3388 1351 3538 1423; x_wconf 77' lang='grc' dir='ltr'><strong>φόϐῳ</strong></span> <span class='ocrx_word' id='word_1_296' title='bbox 3563 1371 3622 1406; x_wconf 80' lang='grc' dir='ltr'><strong>τε</strong></span> <span class='ocrx_word' id='word_1_297' title='bbox 3655 1356 3753 1407; x_wconf 74' lang='grc' dir='ltr'><strong>καὶ</strong></span> 
     </span>
    </p>
   </div>
   <div class='ocr_carea' id='block_1_44' title="bbox 2166 1426 3753 1513">
    <p class='ocr_par' dir='ltr' id='par_1_44' title="bbox 2166 1426 3753 1513">
     <span class='ocr_line' id='line_1_44' title="bbox 2166 1426 3753 1513; baseline 0.012 -32"><span class='ocrx_word' id='word_1_298' title='bbox 2166 1426 2262 1481; x_wconf 90' lang='grc' dir='ltr'><strong>τοῦ</strong></span> <span class='ocrx_word' id='word_1_299' title='bbox 2298 1428 2374 1500; x_wconf 80' lang='grc' dir='ltr'><strong>μὴ</strong></span> <span class='ocrx_word' id='word_1_300' title='bbox 2409 1430 2567 1500; x_wconf 75' lang='grc' dir='ltr'><strong>δῆλος</strong></span> <span class='ocrx_word' id='word_1_301' title='bbox 2615 1432 2747 1486; x_wconf 75' lang='grc' dir='ltr'><strong>ποτὲ</strong></span> <span class='ocrx_word' id='word_1_302' title='bbox 2787 1436 3086 1503; x_wconf 83' lang='grc' dir='ltr'><strong>γενέσθαι,</strong></span> <span class='ocrx_word' id='word_1_303' title='bbox 3124 1440 3404 1512; x_wconf 76' lang='grc' dir='ltr'><strong>μοχθηρὸς</strong></span> <span class='ocrx_word' id='word_1_304' title='bbox 3438 1441 3535 1508; x_wconf 87' lang='grc' dir='ltr'><strong>ὣν,</strong></span> <span class='ocrx_word' id='word_1_305' title='bbox 3565 1462 3753 1513; x_wconf 73' lang='grc' dir='ltr'><strong>φωρα-</strong></span> 
     </span>
    </p>
   </div>
   <div class='ocr_carea' id='block_1_45' title="bbox 2168 1519 3753 1603">
    <p class='ocr_par' dir='ltr' id='par_1_45' title="bbox 2168 1519 3753 1603">
     <span class='ocr_line' id='line_1_45' title="bbox 2168 1519 3753 1603; baseline 0.013 -30"><span class='ocrx_word' id='word_1_306' title='bbox 2168 1519 2352 1591; x_wconf 77' lang='grc' dir='ltr'><strong>Θείσης</strong></span> <span class='ocrx_word' id='word_1_307' title='bbox 2382 1523 2488 1576; x_wconf 75' lang='grc' dir='ltr'><strong>τιν)⁴</strong></span> <span class='ocrx_word' id='word_1_308' title='bbox 2520 1525 2618 1592; x_wconf 79' lang='grc' dir='ltr'><strong>τῆς</strong></span> <span class='ocrx_word' id='word_1_309' title='bbox 2666 1527 2911 1596; x_wconf 76' lang='grc' dir='ltr'><strong>γραφῆς.</strong></span> <span class='ocrx_word' id='word_1_310' title='bbox 2956 1530 3068 1589; x_wconf 69' lang='grc' dir='ltr'><strong>Ναὶ</strong></span> <span class='ocrx_word' id='word_1_311' title='bbox 3104 1533 3212 1603; x_wconf 79' lang='grc' dir='ltr'><strong>μὴν</strong></span> <span class='ocrx_word' id='word_1_312' title='bbox 3258 1535 3352 1587; x_wconf 78' lang='grc' dir='ltr'><strong>καὶ</strong></span> <span class='ocrx_word' id='word_1_313' title='bbox 3385 1535 3492 1588; x_wconf 84' lang='grc' dir='ltr'><strong>τῶν</strong></span> <span class='ocrx_word' id='word_1_314' title='bbox 3532 1539 3753 1592; x_wconf 73' lang='grc' dir='ltr'><strong>ιὶιδικου⁹</strong></span> 
     </span>
    </p>
   </div>
   <div class='ocr_carea' id='block_1_46' title="bbox 2169 1610 3749 1690">
    <p class='ocr_par' dir='ltr' id='par_1_46' title="bbox 2169 1610 3749 1690">
     <span class='ocr_line' id='line_1_46' title="bbox 2169 1610 3749 1690; baseline 0.015 -33"><span class='ocrx_word' id='word_1_315' title='bbox 2169 1610 2349 1675; x_wconf 76' lang='grc' dir='ltr'><strong>μένων</strong></span> <span class='ocrx_word' id='word_1_316' title='bbox 2398 1610 2646 1680; x_wconf 81' lang='grc' dir='ltr'><strong>σφοδρῶς</strong></span> <span class='ocrx_word' id='word_1_317' title='bbox 2697 1614 3065 1685; x_wconf 73' lang='grc' dir='ltr'><strong>ὑπερίστατο⁹</strong></span> <span class='ocrx_word' id='word_1_318' title='bbox 3103 1617 3192 1674; x_wconf 88' lang='grc' dir='ltr'><strong>διά</strong></span> <span class='ocrx_word' id='word_1_319' title='bbox 3241 1638 3323 1674; x_wconf 87' lang='grc' dir='ltr'><strong>τοι</strong></span> <span class='ocrx_word' id='word_1_320' title='bbox 3365 1624 3462 1676; x_wconf 79' lang='grc' dir='ltr'><strong>καὶ</strong></span> <span class='ocrx_word' id='word_1_321' title='bbox 3511 1626 3605 1679; x_wconf 66' lang='grc' dir='ltr'><strong>ἐπὶ</strong></span> <span class='ocrx_word' id='word_1_322' title='bbox 3648 1628 3749 1690; x_wconf 71' lang='grc' dir='ltr'><strong>τὰς</strong></span> 
     </span>
    </p>
   </div>
   <div class='ocr_carea' id='block_1_47' title="bbox 2168 1700 3747 1785">
    <p class='ocr_par' dir='ltr' id='par_1_47' title="bbox 2168 1700 3747 1785">
     <span class='ocr_line' id='line_1_47' title="bbox 2168 1700 3747 1785; baseline 0.013 -34"><span class='ocrx_word' id='word_1_323' title='bbox 2168 1700 2353 1765; x_wconf 84' lang='grc' dir='ltr'><strong>πόλεις</strong></span> <span class='ocrx_word' id='word_1_324' title='bbox 2404 1703 2623 1773; x_wconf 73' lang='grc' dir='ltr'><strong>ἐφοίταο</strong></span> <span class='ocrx_word' id='word_1_325' title='bbox 2692 1708 2880 1762; x_wconf 74' lang='grc' dir='ltr'><strong>πολλοὶ</strong></span> <span class='ocrx_word' id='word_1_326' title='bbox 2949 1713 3061 1783; x_wconf 79' lang='grc' dir='ltr'><strong>γάρ</strong></span> <span class='ocrx_word' id='word_1_327' title='bbox 3139 1716 3462 1785; x_wconf 74' lang='grc' dir='ltr'><strong>προσιόντες</strong></span> <span class='ocrx_word' id='word_1_328' title='bbox 3525 1718 3747 1781; x_wconf 77' lang='grc' dir='ltr'><strong>ὲείαζον</strong></span> 
     </span>
    </p>
   </div>
   <div class='ocr_carea' id='block_1_48' title="bbox 2166 1790 3751 1878">
    <p class='ocr_par' dir='ltr' id='par_1_48' title="bbox 2166 1790 3751 1878">
     <span class='ocr_line' id='line_1_48' title="bbox 2166 1790 3751 1878; baseline 0.01 -34"><span class='ocrx_word' id='word_1_329' title='bbox 2166 1790 2343 1861; x_wconf 75' lang='grc' dir='ltr'><strong>ἥκειν,</strong></span> <span class='ocrx_word' id='word_1_330' title='bbox 2370 1794 2467 1857; x_wconf 75' lang='grc' dir='ltr'><strong>τὰς</strong></span> <span class='ocrx_word' id='word_1_331' title='bbox 2495 1795 2704 1861; x_wconf 86' lang='grc' dir='ltr'><strong>οίκείας</strong></span> <span class='ocrx_word' id='word_1_332' title='bbox 2734 1802 3020 1871; x_wconf 67' lang='grc' dir='ltr'><strong>συμφορὰς</strong></span> <span class='ocrx_word' id='word_1_333' title='bbox 3057 1803 3380 1875; x_wconf 85' lang='grc' dir='ltr'><strong>ὀδυρόμενοι</strong></span> <span class='ocrx_word' id='word_1_334' title='bbox 3399 1846 3414 1873; x_wconf 90' lang='grc'><strong>,</strong></span> <span class='ocrx_word' id='word_1_335' title='bbox 3449 1808 3545 1861; x_wconf 77' lang='grc' dir='ltr'><strong>καὶ</strong></span> <span class='ocrx_word' id='word_1_336' title='bbox 3580 1824 3751 1878; x_wconf 81' lang='grc' dir='ltr'><strong>πρεσ-</strong></span> 
     </span>
    </p>
   </div>
   <div class='ocr_carea' id='block_1_49' title="bbox 2165 1883 3749 1972">
    <p class='ocr_par' dir='ltr' id='par_1_49' title="bbox 2165 1883 3749 1972">
     <span class='ocr_line' id='line_1_49' title="bbox 2165 1883 3749 1972; baseline 0.01 -36"><span class='ocrx_word' id='word_1_337' title='bbox 2165 1883 2349 1939; x_wconf 77' lang='grc' dir='ltr'><strong>ϐεύειν</strong></span> <span class='ocrx_word' id='word_1_338' title='bbox 2400 1888 2611 1942; x_wconf 80' lang='grc' dir='ltr'><strong>ἐδέοντο</strong></span> <span class='ocrx_word' id='word_1_339' title='bbox 2657 1893 2771 1955; x_wconf 77' lang='grc' dir='ltr'><strong>τοῖς</strong></span> <span class='ocrx_word' id='word_1_340' title='bbox 2825 1894 2885 1946; x_wconf 73' lang='grc' dir='ltr'><strong>ὲν</strong></span> <span class='ocrx_word' id='word_1_341' title='bbox 2936 1894 3103 1949; x_wconf 82' lang='grc' dir='ltr'><strong>τέλει.</strong></span> <span class='ocrx_word' id='word_1_342' title='bbox 3156 1897 3293 1967; x_wconf 80' lang='grc' dir='ltr'><strong>Περὶ</strong></span> <span class='ocrx_word' id='word_1_343' title='bbox 3330 1898 3595 1955; x_wconf 76' lang='grc' dir='ltr'><strong>πλείστου</strong></span> <span class='ocrx_word' id='word_1_344' title='bbox 3636 1903 3749 1972; x_wconf 76' lang='grc' dir='ltr'><strong>γὰρ</strong></span> 
     </span>
    </p>
   </div>
   <div class='ocr_carea' id='block_1_50' title="bbox 2164 1976 3749 2061">
    <p class='ocr_par' dir='ltr' id='par_1_50' title="bbox 2164 1976 3749 2061">
     <span class='ocr_line' id='line_1_50' title="bbox 2164 1976 3749 2061; baseline 0.01 -33"><span class='ocrx_word' id='word_1_345' title='bbox 2164 1976 2393 2043; x_wconf 66' lang='grc' dir='ltr'><strong>ἐκείνοις</strong></span> <span class='ocrx_word' id='word_1_346' title='bbox 2444 1977 2512 2052; x_wconf 79' lang='grc' dir='ltr'><strong>ἦν</strong></span> <span class='ocrx_word' id='word_1_347' title='bbox 2577 1982 2710 2036; x_wconf 85' lang='grc' dir='ltr'><strong>ίδεῖν</strong></span> <span class='ocrx_word' id='word_1_348' title='bbox 2755 2000 2814 2037; x_wconf 84' lang='grc' dir='ltr'><strong>τε</strong></span> <span class='ocrx_word' id='word_1_349' title='bbox 2862 1985 3027 2039; x_wconf 74' lang='grc' dir='ltr'><strong>αὐτὸν</strong></span> <span class='ocrx_word' id='word_1_350' title='bbox 3086 1988 3182 2043; x_wconf 70' lang='grc' dir='ltr'><strong>καὶ</strong></span> <span class='ocrx_word' id='word_1_351' title='bbox 3220 1976 3475 2044; x_wconf 63' lang='grc' dir='ltr'><strong>’ἀκοῦσαι</strong></span> <span class='ocrx_word' id='word_1_352' title='bbox 3509 1991 3611 2061; x_wconf 80' lang='grc' dir='ltr'><strong>τῆς</strong></span> <span class='ocrx_word' id='word_1_353' title='bbox 3641 1992 3749 2044; x_wconf 80' lang='grc' dir='ltr'><strong>τῶν</strong></span> 
     </span>
    </p>
   </div>
   <div class='ocr_carea' id='block_1_51' title="bbox 2164 2067 3748 2149">
    <p class='ocr_par' dir='ltr' id='par_1_51' title="bbox 2164 2067 3748 2149">
     <span class='ocr_line' id='line_1_51' title="bbox 2164 2067 3748 2149; baseline 0.01 -29"><span class='ocrx_word' id='word_1_354' title='bbox 2164 2067 2336 2138; x_wconf 85' lang='grc' dir='ltr'><strong>λόγων</strong></span> <span class='ocrx_word' id='word_1_355' title='bbox 2390 2073 2660 2142; x_wconf 82' lang='grc' dir='ltr'><strong>σειρῆνος,</strong></span> <span class='ocrx_word' id='word_1_356' title='bbox 2690 2076 2788 2130; x_wconf 82' lang='grc' dir='ltr'><strong>καὶ</strong></span> <span class='ocrx_word' id='word_1_357' title='bbox 2839 2075 3216 2149; x_wconf 81' lang='grc' dir='ltr'><strong>πειθαρχῆσαι</strong></span> <span class='ocrx_word' id='word_1_358' title='bbox 3251 2080 3553 2138; x_wconf 74' lang='grc' dir='ltr'><strong>κελεύοντι.</strong></span> <span class='ocrx_word' id='word_1_359' title='bbox 3599 2083 3748 2136; x_wconf 76' lang='grc' dir='ltr'><strong>Πάνυ</strong></span> 
     </span>
    </p>
   </div>
   <div class='ocr_carea' id='block_1_52' title="bbox 2163 2161 3746 2245">
    <p class='ocr_par' dir='ltr' id='par_1_52' title="bbox 2163 2161 3746 2245">
     <span class='ocr_line' id='line_1_52' title="bbox 2163 2161 3746 2245; baseline 0.008 -32"><span class='ocrx_word' id='word_1_360' title='bbox 2163 2161 2274 2230; x_wconf 80' lang='grc' dir='ltr'><strong>γὰρ</strong></span> <span class='ocrx_word' id='word_1_361' title='bbox 2306 2162 2367 2216; x_wconf 79' lang='grc' dir='ltr'><strong>τὸ</strong></span> <span class='ocrx_word' id='word_1_362' title='bbox 2405 2161 2692 2234; x_wconf 73' lang='grc' dir='ltr'><strong>λανθάνειν</strong></span> <span class='ocrx_word' id='word_1_363' title='bbox 2729 2162 2843 2237; x_wconf 74' lang='grc' dir='ltr'><strong>εἶχε</strong></span> <span class='ocrx_word' id='word_1_364' title='bbox 2878 2168 2965 2223; x_wconf 71' lang='grc' dir='ltr'><strong>διὰ</strong></span> <span class='ocrx_word' id='word_1_365' title='bbox 2993 2170 3232 2238; x_wconf 84' lang='grc' dir='ltr'><strong>σπουδῆς</strong></span> <span class='ocrx_word' id='word_1_366' title='bbox 3261 2172 3355 2226; x_wconf 71' lang='grc' dir='ltr'><strong>καὶ</strong></span> <span class='ocrx_word' id='word_1_367' title='bbox 3385 2173 3443 2225; x_wconf 83' lang='grc' dir='ltr'><strong>ὲν</strong></span> <span class='ocrx_word' id='word_1_368' title='bbox 3481 2173 3746 2245; x_wconf 77' lang='grc' dir='ltr'><strong>ἐρημίαις</strong></span> 
     </span>
    </p>
   </div>
   <div class='ocr_carea' id='block_1_53' title="bbox 2164 2245 3748 2333">
    <p class='ocr_par' dir='ltr' id='par_1_53' title="bbox 2164 2245 3748 2333">
     <span class='ocr_line' id='line_1_53' title="bbox 2164 2245 3748 2333; baseline 0.008 -28"><span class='ocrx_word' id='word_1_369' title='bbox 2164 2245 2525 2324; x_wconf 77' lang='grc' dir='ltr'><strong>κρύπτεσθαι.</strong></span> <span class='ocrx_word' id='word_1_370' title='bbox 2579 2256 2692 2313; x_wconf 74' lang='grc' dir='ltr'><strong>Καὶ</strong></span> <span class='ocrx_word' id='word_1_371' title='bbox 2744 2258 2900 2314; x_wconf 70' lang='grc' dir='ltr'><strong>ταῦθ’</strong></span> <span class='ocrx_word' id='word_1_372' title='bbox 2952 2258 3125 2323; x_wconf 76' lang='grc' dir='ltr'><strong>οὓτως</strong></span> <span class='ocrx_word' id='word_1_373' title='bbox 3180 2261 3358 2333; x_wconf 75' lang='grc' dir='ltr'><strong>ἔχων,</strong></span> <span class='ocrx_word' id='word_1_374' title='bbox 3413 2265 3509 2317; x_wconf 75' lang='grc' dir='ltr'><strong>καὶ</strong></span> <span class='ocrx_word' id='word_1_375' title='bbox 3563 2265 3748 2317; x_wconf 78' lang='grc' dir='ltr'><strong>τοίνυν</strong></span> 
     </span>
    </p>
   </div>
   <div class='ocr_carea' id='block_1_54' title="bbox 2162 2348 3745 2429">
    <p class='ocr_par' dir='ltr' id='par_1_54' title="bbox 2162 2348 3745 2429">
     <span class='ocr_line' id='line_1_54' title="bbox 2162 2348 3745 2429; baseline 0.004 -29"><span class='ocrx_word' id='word_1_376' title='bbox 2162 2348 2343 2400; x_wconf 75' lang='grc' dir='ltr'><strong>εἴποτε</strong></span> <span class='ocrx_word' id='word_1_377' title='bbox 2380 2348 2599 2418; x_wconf 79' lang='grc' dir='ltr'><strong>φανείη,</strong></span> <span class='ocrx_word' id='word_1_378' title='bbox 2626 2350 2832 2414; x_wconf 82' lang='grc' dir='ltr'><strong>διαθεὶς</strong></span> <span class='ocrx_word' id='word_1_379' title='bbox 2871 2352 2993 2406; x_wconf 82' lang='grc' dir='ltr'><strong>ὅσον</strong></span> <span class='ocrx_word' id='word_1_380' title='bbox 3021 2353 3185 2423; x_wconf 69' lang='grc' dir='ltr'><strong>τάχος</strong></span> <span class='ocrx_word' id='word_1_381' title='bbox 3211 2356 3300 2424; x_wconf 74' lang='grc' dir='ltr'><strong>ἐφ’</strong></span> <span class='ocrx_word' id='word_1_382' title='bbox 3333 2356 3440 2426; x_wconf 85' lang='grc' dir='ltr'><strong>ὅτῳ</strong></span> <span class='ocrx_word' id='word_1_383' title='bbox 3454 2357 3555 2408; x_wconf 76' lang='grc' dir='ltr'><strong>καὶ</strong></span> <span class='ocrx_word' id='word_1_384' title='bbox 3582 2352 3745 2429; x_wconf 76' lang='grc' dir='ltr'><strong>ἧκεν,</strong></span> 
     </span>
    </p>
   </div>
   <div class='ocr_carea' id='block_1_55' title="bbox 2161 2439 3747 2518">
    <p class='ocr_par' dir='ltr' id='par_1_55' title="bbox 2161 2439 3747 2518">
     <span class='ocr_line' id='line_1_55' title="bbox 2161 2439 3747 2518; baseline 0.005 -25"><span class='ocrx_word' id='word_1_385' title='bbox 2161 2439 2431 2510; x_wconf 82' lang='grc' dir='ltr'><strong>ἀνεχώρει</strong></span> <span class='ocrx_word' id='word_1_386' title='bbox 2463 2440 2648 2505; x_wconf 76' lang='grc' dir='ltr'><strong>αὖθις.</strong></span> <span class='ocrx_word' id='word_1_387' title='bbox 2681 2442 2891 2513; x_wconf 82' lang='grc' dir='ltr'><strong>Ἰχθύσι</strong></span> <span class='ocrx_word' id='word_1_388' title='bbox 2930 2446 3031 2515; x_wconf 85' lang='grc' dir='ltr'><strong>μὲν</strong></span> <span class='ocrx_word' id='word_1_389' title='bbox 3066 2446 3177 2518; x_wconf 83' lang='grc' dir='ltr'><strong>γάρ</strong></span> <span class='ocrx_word' id='word_1_390' title='bbox 3235 2446 3468 2501; x_wconf 80' lang='grc' dir='ltr'><strong>Θάνατον</strong></span> <span class='ocrx_word' id='word_1_391' title='bbox 3513 2450 3747 2518; x_wconf 78' lang='grc' dir='ltr'><strong>ἐπάγειν</strong></span> 
     </span>
    </p>
   </div>
   <div class='ocr_carea' id='block_1_56' title="bbox 2162 2533 3747 2606">
    <p class='ocr_par' dir='ltr' id='par_1_56' title="bbox 2162 2533 3747 2606">
     <span class='ocr_line' id='line_1_56' title="bbox 2162 2533 3747 2606; baseline 0.005 -19"><span class='ocrx_word' id='word_1_392' title='bbox 2162 2534 2317 2602; x_wconf 76' lang='grc' dir='ltr'><strong>ἔλεγε</strong></span> <span class='ocrx_word' id='word_1_393' title='bbox 2351 2534 2448 2604; x_wconf 81' lang='grc' dir='ltr'><strong>τὴν</strong></span> <span class='ocrx_word' id='word_1_394' title='bbox 2471 2533 2576 2601; x_wconf 78' lang='grc' dir='ltr'><strong>ἔξω</strong></span> <span class='ocrx_word' id='word_1_395' title='bbox 2612 2534 2710 2589; x_wconf 89' lang='grc' dir='ltr'><strong>τοῦ</strong></span> <span class='ocrx_word' id='word_1_396' title='bbox 2740 2537 2910 2606; x_wconf 81' lang='grc' dir='ltr'><strong>ὑγροῦ</strong></span> <span class='ocrx_word' id='word_1_397' title='bbox 2954 2539 3172 2605; x_wconf 81' lang='grc' dir='ltr'><strong>δίαιταν</strong></span> <span class='ocrx_word' id='word_1_398' title='bbox 3194 2555 3209 2572; x_wconf 74' lang='grc' dir='ltr'><strong>ο</strong></span> <span class='ocrx_word' id='word_1_399' title='bbox 3247 2539 3471 2594; x_wconf 85' lang='grc' dir='ltr'><strong>άπόλλοι</strong></span> <span class='ocrx_word' id='word_1_400' title='bbox 3502 2542 3631 2595; x_wconf 82' lang='grc' dir='ltr'><strong>δ’Ξιν</strong></span> <span class='ocrx_word' id='word_1_401' title='bbox 3654 2544 3747 2595; x_wconf 81' lang='grc' dir='ltr'><strong>καὶ</strong></span> 
     </span>
    </p>
   </div>
   <div class='ocr_carea' id='block_1_57' title="bbox 2165 2626 3747 2706">
    <p class='ocr_par' dir='ltr' id='par_1_57' title="bbox 2165 2626 3747 2706">
     <span class='ocr_line' id='line_1_57' title="bbox 2165 2626 3747 2706; baseline 0.008 -29"><span class='ocrx_word' id='word_1_402' title='bbox 2165 2626 2397 2696; x_wconf 78' lang='grc' dir='ltr'><strong>μοναχὸς</strong></span> <span class='ocrx_word' id='word_1_403' title='bbox 2457 2628 2556 2700; x_wconf 70' lang='grc' dir='ltr'><strong>τῂν</strong></span> <span class='ocrx_word' id='word_1_404' title='bbox 2613 2629 2756 2681; x_wconf 75' lang='grc' dir='ltr'><strong>κατὰ</strong></span> <span class='ocrx_word' id='word_1_405' title='bbox 2802 2629 2938 2681; x_wconf 83' lang='grc' dir='ltr'><strong>Θεὸν</strong></span> <span class='ocrx_word' id='word_1_406' title='bbox 2971 2629 3157 2702; x_wconf 76' lang='grc' dir='ltr'><strong>βιοτὴν</strong></span> <span class='ocrx_word' id='word_1_407' title='bbox 3195 2632 3292 2685; x_wconf 81' lang='grc' dir='ltr'><strong>καὶ</strong></span> <span class='ocrx_word' id='word_1_408' title='bbox 3330 2633 3425 2689; x_wconf 85' lang='grc' dir='ltr'><strong>τοῦ</strong></span> <span class='ocrx_word' id='word_1_409' title='bbox 3457 2635 3747 2706; x_wconf 78' lang='grc' dir='ltr'><strong>σχήματος</strong></span> 
     </span>
    </p>
   </div>
   <div class='ocr_carea' id='block_1_58' title="bbox 2161 2717 3747 2799">
    <p class='ocr_par' dir='ltr' id='par_1_58' title="bbox 2161 2717 3747 2799">
     <span class='ocr_line' id='line_1_58' title="bbox 2161 2717 3747 2799; baseline 0.007 -28"><span class='ocrx_word' id='word_1_410' title='bbox 2161 2717 2220 2771; x_wconf 85' lang='grc' dir='ltr'><strong>τὸ</strong></span> <span class='ocrx_word' id='word_1_411' title='bbox 2248 2719 2470 2787; x_wconf 72' lang='grc' dir='ltr'><strong>σεμνὸν,</strong></span> <span class='ocrx_word' id='word_1_412' title='bbox 2493 2720 2763 2791; x_wconf 75' lang='grc' dir='ltr'><strong>χρονίζων</strong></span> <span class='ocrx_word' id='word_1_413' title='bbox 2794 2725 2913 2786; x_wconf 83' lang='grc' dir='ltr'><strong>ταῖς</strong></span> <span class='ocrx_word' id='word_1_414' title='bbox 2956 2723 3170 2780; x_wconf 77' lang='grc' dir='ltr'><strong>πόλεσι.</strong></span> <span class='ocrx_word' id='word_1_415' title='bbox 3210 2727 3352 2779; x_wconf 80' lang='grc' dir='ltr'><strong>Πᾶσι</strong></span> <span class='ocrx_word' id='word_1_416' title='bbox 3380 2727 3425 2780; x_wconf 84' lang='grc' dir='ltr'><strong>δ’</strong></span> <span class='ocrx_word' id='word_1_417' title='bbox 3460 2724 3556 2782; x_wconf 67' lang='grc' dir='ltr'><strong>οὖν</strong></span> <span class='ocrx_word' id='word_1_418' title='bbox 3582 2746 3747 2799; x_wconf 78' lang='grc' dir='ltr'><strong>κεχα-</strong></span> 
     </span>
    </p>
   </div>
   <div class='ocr_carea' id='block_1_59' title="bbox 2165 2806 3742 2890">
    <p class='ocr_par' dir='ltr' id='par_1_59' title="bbox 2165 2806 3742 2890">
     <span class='ocr_line' id='line_1_59' title="bbox 2165 2806 3742 2890; baseline 0.008 -32"><span class='ocrx_word' id='word_1_419' title='bbox 2165 2808 2420 2878; x_wconf 76' lang='grc' dir='ltr'><strong>ρισμένον</strong></span> <span class='ocrx_word' id='word_1_420' title='bbox 2466 2810 2660 2863; x_wconf 75' lang='grc' dir='ltr'><strong>ἑαυτὸν</strong></span> <span class='ocrx_word' id='word_1_421' title='bbox 2709 2812 2990 2884; x_wconf 79' lang='grc' dir='ltr'><strong>παρέχων,</strong></span> <span class='ocrx_word' id='word_1_422' title='bbox 3013 2806 3309 2885; x_wconf 59' lang='grc' dir='ltr'><strong>ἐπεμέλετο</strong></span> <span class='ocrx_word' id='word_1_423' title='bbox 3367 2817 3499 2889; x_wconf 86' lang='grc' dir='ltr'><strong>μήτ’</strong></span> <span class='ocrx_word' id='word_1_424' title='bbox 3539 2820 3742 2890; x_wconf 82' lang='grc' dir='ltr'><strong>ἀγεννῆ</strong></span> 
     </span>
    </p>
   </div>
   <div class='ocr_carea' id='block_1_60' title="bbox 2162 2895 3745 2975">
    <p class='ocr_par' dir='ltr' id='par_1_60' title="bbox 2162 2895 3745 2975">
     <span class='ocr_line' id='line_1_60' title="bbox 2162 2895 3745 2975; baseline 0.008 -27"><span class='ocrx_word' id='word_1_425' title='bbox 2162 2897 2258 2949; x_wconf 76' lang='grc' dir='ltr'><strong>καὶ</strong></span> <span class='ocrx_word' id='word_1_426' title='bbox 2305 2898 2519 2952; x_wconf 82' lang='grc' dir='ltr'><strong>κόλακα</strong></span> <span class='ocrx_word' id='word_1_427' title='bbox 2569 2895 2712 2954; x_wconf 83' lang='grc' dir='ltr'><strong>εἶναι</strong></span> <span class='ocrx_word' id='word_1_428' title='bbox 2761 2902 2967 2965; x_wconf 75' lang='grc' dir='ltr'><strong>δοκεῖν,</strong></span> <span class='ocrx_word' id='word_1_429' title='bbox 3004 2903 3144 2975; x_wconf 80' lang='grc' dir='ltr'><strong>μήτε</strong></span> <span class='ocrx_word' id='word_1_430' title='bbox 3180 2906 3316 2975; x_wconf 71' lang='grc' dir='ltr'><strong>πρὸς</strong></span> <span class='ocrx_word' id='word_1_431' title='bbox 3345 2907 3517 2975; x_wconf 77' lang='grc' dir='ltr'><strong>τῦφον</strong></span> <span class='ocrx_word' id='word_1_432' title='bbox 3553 2906 3745 2973; x_wconf 67' lang='grc' dir='ltr'><strong>ἐξάγει</strong></span> 
     </span>
    </p>
   </div>
   <div class='ocr_carea' id='block_1_61' title="bbox 2162 2988 3743 3064">
    <p class='ocr_par' dir='ltr' id='par_1_61' title="bbox 2162 2988 3743 3064">
     <span class='ocr_line' id='line_1_61' title="bbox 2162 2988 3743 3064; baseline 0.006 -21"><span class='ocrx_word' id='word_1_433' title='bbox 2162 2988 2286 3043; x_wconf 79' lang='grc' dir='ltr'><strong>σθαι</strong></span> <span class='ocrx_word' id='word_1_434' title='bbox 2329 2990 2408 3063; x_wconf 81' lang='grc' dir='ltr'><strong>τῷ</strong></span> <span class='ocrx_word' id='word_1_435' title='bbox 2457 2991 2548 3047; x_wconf 79' lang='grc' dir='ltr'><strong>διὰ</strong></span> <span class='ocrx_word' id='word_1_436' title='bbox 2596 2993 2819 3048; x_wconf 77' lang='grc' dir='ltr'><strong>πάντων</strong></span> <span class='ocrx_word' id='word_1_437' title='bbox 2869 2996 3160 3064; x_wconf 76' lang='grc' dir='ltr'><strong>τιμᾶσθαι,</strong></span> <span class='ocrx_word' id='word_1_438' title='bbox 3193 2999 3288 3051; x_wconf 82' lang='grc' dir='ltr'><strong>καὶ</strong></span> <span class='ocrx_word' id='word_1_439' title='bbox 3322 2994 3402 3062; x_wconf 75' lang='grc' dir='ltr'><strong>οἷς</strong></span> <span class='ocrx_word' id='word_1_440' title='bbox 3436 3000 3502 3052; x_wconf 78' lang='grc' dir='ltr'><strong>ἂν</strong></span> <span class='ocrx_word' id='word_1_441' title='bbox 3526 3001 3743 3052; x_wconf 82' lang='grc' dir='ltr'><strong>κελεύοι</strong></span> 
     </span>
    </p>
   </div>
   <div class='ocr_carea' id='block_1_62' title="bbox 2164 3079 3741 3161">
    <p class='ocr_par' dir='ltr' id='par_1_62' title="bbox 2164 3079 3741 3161">
     <span class='ocr_line' id='line_1_62' title="bbox 2164 3079 3741 3161; baseline 0.006 -28"><span class='ocrx_word' id='word_1_442' title='bbox 2164 3079 2475 3137; x_wconf 81' lang='grc' dir='ltr'><strong>πείθεσθαι.</strong></span> <span class='ocrx_word' id='word_1_443' title='bbox 2518 3083 2926 3139; x_wconf 80' lang='grc' dir='ltr'><strong>Ἐπιστέλλοντι</strong></span> <span class='ocrx_word' id='word_1_444' title='bbox 2957 3086 3014 3139; x_wconf 79' lang='grc' dir='ltr'><strong>δὲ</strong></span> <span class='ocrx_word' id='word_1_445' title='bbox 3048 3089 3141 3139; x_wconf 77' lang='grc' dir='ltr'><strong>καὶ</strong></span> <span class='ocrx_word' id='word_1_446' title='bbox 3169 3088 3573 3158; x_wconf 80' lang='grc' dir='ltr'><strong>Κωνσταντίνῳ</strong></span> <span class='ocrx_word' id='word_1_447' title='bbox 3610 3091 3741 3161; x_wconf 76' lang='grc' dir='ltr'><strong>παρ’</strong></span> 
     </span>
    </p>
   </div>
   <div class='ocr_carea' id='block_1_63' title="bbox 481 3166 2058 3257">
    <p class='ocr_par' dir='ltr' id='par_1_63' title="bbox 481 3166 2054 3240">
     <span class='ocr_line' id='line_1_63' title="bbox 481 3166 2054 3240; baseline 0.008 -21"><span class='ocrx_word' id='word_1_448' title='bbox 481 3166 668 3220; x_wconf 83' lang='lat' dir='ltr'><strong>studio</strong></span> <span class='ocrx_word' id='word_1_449' title='bbox 703 3167 756 3221; x_wconf 92' lang='lat' dir='ltr'><strong>in</strong></span> <span class='ocrx_word' id='word_1_450' title='bbox 795 3168 992 3237; x_wconf 88' lang='lat' dir='ltr'><strong>primis</strong></span> <span class='ocrx_word' id='word_1_451' title='bbox 1027 3170 1150 3235; x_wconf 79' lang='lat' dir='ltr'><strong>fuit,</strong></span> <span class='ocrx_word' id='word_1_452' title='bbox 1195 3173 1393 3240; x_wconf 86' lang='lat' dir='ltr'><strong>latere,</strong></span> <span class='ocrx_word' id='word_1_453' title='bbox 1430 3185 1486 3229; x_wconf 91' lang='lat' dir='ltr'><strong>et</strong></span> <span class='ocrx_word' id='word_1_454' title='bbox 1516 3177 1568 3230; x_wconf 90' lang='lat' dir='ltr'><strong>iu</strong></span> <span class='ocrx_word' id='word_1_455' title='bbox 1601 3178 1733 3232; x_wconf 86' lang='lat' dir='ltr'><strong>solis</strong></span> <span class='ocrx_word' id='word_1_456' title='bbox 1765 3178 1905 3237; x_wconf 85' lang='lat' dir='ltr'><strong>locis</strong></span> <span class='ocrx_word' id='word_1_457' title='bbox 1934 3195 2054 3234; x_wconf 85' lang='lat' dir='ltr'><strong>ver-</strong></span> 
     </span>
    </p>
   </div>
   <div class='ocr_carea' id='block_1_64' title="bbox 2160 3166 3744 3257">
    <p class='ocr_par' dir='ltr' id='par_1_64' title="bbox 2160 3166 3744 3254">
     <span class='ocr_line' id='line_1_64' title="bbox 2160 3166 3744 3254; baseline 0.005 -26"><span class='ocrx_word' id='word_1_458' title='bbox 2160 3174 2325 3228; x_wconf 70' lang='grc' dir='ltr'><strong>αὖτὸν</strong></span> <span class='ocrx_word' id='word_1_459' title='bbox 2348 3175 2531 3246; x_wconf 74' lang='grc' dir='ltr'><strong>ἥκειν,</strong></span> <span class='ocrx_word' id='word_1_460' title='bbox 2554 3166 2850 3249; x_wconf 60' lang='grc' dir='ltr'><strong>ὑπερφυῶς</strong></span> <span class='ocrx_word' id='word_1_461' title='bbox 2907 3181 3018 3251; x_wconf 71' lang='grc' dir='ltr'><strong>γάρ</strong></span> <span class='ocrx_word' id='word_1_462' title='bbox 3046 3182 3223 3248; x_wconf 68' lang='grc' dir='ltr'><strong>ἐφίλει</strong></span> <span class='ocrx_word' id='word_1_463' title='bbox 3262 3182 3571 3247; x_wconf 80' lang='grc' dir='ltr'><strong>Ἀντώνιον,</strong></span> <span class='ocrx_word' id='word_1_464' title='bbox 3592 3185 3744 3254; x_wconf 80' lang='grc' dir='ltr'><strong>ἁπη-</strong></span> 
     </span>
    </p>
   </div>
   <div class='ocr_carea' id='block_1_65' title="bbox 480 3260 2057 3340">
    <p class='ocr_par' dir='ltr' id='par_1_65' title="bbox 480 3260 2057 3340">
     <span class='ocr_line' id='line_1_65' title="bbox 480 3260 2057 3340; baseline 0.008 -28"><span class='ocrx_word' id='word_1_465' title='bbox 480 3261 613 3314; x_wconf 83' lang='lat' dir='ltr'><strong>sari.</strong></span> <span class='ocrx_word' id='word_1_466' title='bbox 646 3260 716 3316; x_wconf 85' lang='lat' dir='ltr'><strong>Et</strong></span> <span class='ocrx_word' id='word_1_467' title='bbox 747 3262 893 3331; x_wconf 90' lang='lat' dir='ltr'><strong>quod</strong></span> <span class='ocrx_word' id='word_1_468' title='bbox 922 3278 990 3318; x_wconf 88' lang='lat' dir='ltr'><strong>eo</strong></span> <span class='ocrx_word' id='word_1_469' title='bbox 1028 3273 1178 3320; x_wconf 86' lang='lat' dir='ltr'><strong>esset</strong></span> <span class='ocrx_word' id='word_1_470' title='bbox 1206 3266 1413 3332; x_wconf 89' lang='lat' dir='ltr'><strong>animo,</strong></span> <span class='ocrx_word' id='word_1_471' title='bbox 1449 3269 1495 3323; x_wconf 90' lang='lat' dir='ltr'><strong>si</strong></span> <span class='ocrx_word' id='word_1_472' title='bbox 1526 3268 1749 3337; x_wconf 84' lang='lat' dir='ltr'><strong>quando</strong></span> <span class='ocrx_word' id='word_1_473' title='bbox 1785 3271 1840 3323; x_wconf 92' lang='lat' dir='ltr'><strong>in</strong></span> <span class='ocrx_word' id='word_1_474' title='bbox 1876 3271 2057 3340; x_wconf 88' lang='lat' dir='ltr'><strong>publi-</strong></span> 
     </span>
    </p>
   </div>
   <div class='ocr_carea' id='block_1_66' title="bbox 481 3356 2055 3430">
    <p class='ocr_par' dir='ltr' id='par_1_66' title="bbox 481 3356 2055 3430">
     <span class='ocr_line' id='line_1_66' title="bbox 481 3356 2055 3430; baseline 0.006 -23"><span class='ocrx_word' id='word_1_475' title='bbox 481 3372 606 3410; x_wconf 79' lang='lat' dir='ltr'><strong>cum</strong></span> <span class='ocrx_word' id='word_1_476' title='bbox 663 3356 934 3426; x_wconf 89' lang='lat' dir='ltr'><strong>prodiret,</strong></span> <span class='ocrx_word' id='word_1_477' title='bbox 978 3356 1232 3414; x_wconf 79' lang='lat' dir='ltr'><strong>confecto</strong></span> <span class='ocrx_word' id='word_1_478' title='bbox 1279 3370 1485 3430; x_wconf 89' lang='lat' dir='ltr'><strong>quanta</strong></span> <span class='ocrx_word' id='word_1_479' title='bbox 1534 3364 1712 3430; x_wconf 91' lang='lat' dir='ltr'><strong>potuit</strong></span> <span class='ocrx_word' id='word_1_480' title='bbox 1755 3361 2055 3427; x_wconf 85' lang='lat' dir='ltr'><strong>celeritate,</strong></span> 
     </span>
    </p>
   </div>
   <div class='ocr_carea' id='block_1_67' title="bbox 478 3449 2058 3524">
    <p class='ocr_par' dir='ltr' id='par_1_67' title="bbox 478 3449 2058 3524">
     <span class='ocr_line' id='line_1_67' title="bbox 478 3449 2058 3524; baseline 0.004 -21"><span class='ocrx_word' id='word_1_481' title='bbox 478 3449 638 3520; x_wconf 82' lang='lat' dir='ltr'><strong>cujus</strong></span> <span class='ocrx_word' id='word_1_482' title='bbox 666 3450 841 3519; x_wconf 80' lang='lat' dir='ltr'><strong>gratia</strong></span> <span class='ocrx_word' id='word_1_483' title='bbox 870 3449 924 3509; x_wconf 92' lang='lat' dir='ltr'><strong>in</strong></span> <span class='ocrx_word' id='word_1_484' title='bbox 956 3450 1151 3506; x_wconf 86' lang='lat' dir='ltr'><strong>urbem</strong></span> <span class='ocrx_word' id='word_1_485' title='bbox 1186 3462 1435 3517; x_wconf 84' lang='lat' dir='ltr'><strong>venerat,</strong></span> <span class='ocrx_word' id='word_1_486' title='bbox 1466 3454 1714 3524; x_wconf 85' lang='lat' dir='ltr'><strong>negotio,</strong></span> <span class='ocrx_word' id='word_1_487' title='bbox 1746 3468 1965 3515; x_wconf 72' lang='lat' dir='ltr'><strong>rursum</strong></span> <span class='ocrx_word' id='word_1_488' title='bbox 1999 3470 2058 3511; x_wconf 88' lang='lat' dir='ltr'><strong>se</strong></span> 
     </span>
    </p>
   </div>
   <div class='ocr_carea' id='block_1_68' title="bbox 480 3541 2057 3614">
    <p class='ocr_par' dir='ltr' id='par_1_68' title="bbox 480 3541 2057 3614">
     <span class='ocr_line' id='line_1_68' title="bbox 480 3541 2057 3614; baseline 0.004 -19"><span class='ocrx_word' id='word_1_489' title='bbox 480 3544 535 3595; x_wconf 89' lang='lat' dir='ltr'><strong>in</strong></span> <span class='ocrx_word' id='word_1_490' title='bbox 568 3541 927 3597; x_wconf 86' lang='lat' dir='ltr'><strong>solitudinem</strong></span> <span class='ocrx_word' id='word_1_491' title='bbox 962 3543 1288 3614; x_wconf 87' lang='lat' dir='ltr'><strong>recipiebat.</strong></span> <span class='ocrx_word' id='word_1_492' title='bbox 1326 3544 1611 3614; x_wconf 85' lang='lat' dir='ltr'><strong>Siquidem</strong></span> <span class='ocrx_word' id='word_1_493' title='bbox 1648 3545 1833 3602; x_wconf 88' lang='lat' dir='ltr'><strong>dicere</strong></span> <span class='ocrx_word' id='word_1_494' title='bbox 1863 3545 2057 3601; x_wconf 88' lang='lat' dir='ltr'><strong>solitus</strong></span> 
     </span>
    </p>
   </div>
   <div class='ocr_carea' id='block_1_69' title="bbox 479 3632 2056 3704">
    <p class='ocr_par' dir='ltr' id='par_1_69' title="bbox 479 3632 2056 3704">
     <span class='ocr_line' id='line_1_69' title="bbox 479 3632 2056 3704; baseline 0.003 -19"><span class='ocrx_word' id='word_1_495' title='bbox 479 3641 618 3697; x_wconf 87' lang='lat' dir='ltr'><strong>erat,</strong></span> <span class='ocrx_word' id='word_1_496' title='bbox 655 3632 913 3689; x_wconf 80' lang='lat' dir='ltr'><strong>lcthalem</strong></span> <span class='ocrx_word' id='word_1_497' title='bbox 946 3650 1070 3691; x_wconf 89' lang='lat' dir='ltr'><strong>esse</strong></span> <span class='ocrx_word' id='word_1_498' title='bbox 1097 3636 1340 3704; x_wconf 80' lang='lat' dir='ltr'><strong>piscibus</strong></span> <span class='ocrx_word' id='word_1_499' title='bbox 1373 3646 1526 3693; x_wconf 79' lang='lat' dir='ltr'><strong>extra</strong></span> <span class='ocrx_word' id='word_1_500' title='bbox 1562 3636 1735 3693; x_wconf 88' lang='lat' dir='ltr'><strong>undas</strong></span> <span class='ocrx_word' id='word_1_501' title='bbox 1763 3650 2056 3692; x_wconf 82' lang='lat' dir='ltr'><strong>conversa-</strong></span> 
     </span>
    </p>
   </div>
   <div class='ocr_carea' id='block_1_70' title="bbox 481 3727 2054 3800">
    <p class='ocr_par' dir='ltr' id='par_1_70' title="bbox 481 3727 2054 3800">
     <span class='ocr_line' id='line_1_70' title="bbox 481 3727 2054 3800; baseline 0.006 -23"><span class='ocrx_word' id='word_1_502' title='bbox 481 3727 687 3785; x_wconf 81' lang='lat' dir='ltr'><strong>tionem</strong></span> <span class='ocrx_word' id='word_1_503' title='bbox 738 3744 753 3781; x_wconf 86' lang='lat'><strong>:</strong></span> <span class='ocrx_word' id='word_1_504' title='bbox 806 3741 990 3798; x_wconf 86' lang='lat' dir='ltr'><strong>neque</strong></span> <span class='ocrx_word' id='word_1_505' title='bbox 1039 3728 1225 3782; x_wconf 89' lang='lat' dir='ltr'><strong>minus</strong></span> <span class='ocrx_word' id='word_1_506' title='bbox 1273 3729 1605 3784; x_wconf 83' lang='lat' dir='ltr'><strong>monachum</strong></span> <span class='ocrx_word' id='word_1_507' title='bbox 1650 3730 1705 3782; x_wconf 88' lang='lat' dir='ltr'><strong>in</strong></span> <span class='ocrx_word' id='word_1_508' title='bbox 1750 3729 2054 3800; x_wconf 79' lang='lat' dir='ltr'><strong>periculum</strong></span> 
     </span>
    </p>
   </div>
   <div class='ocr_carea' id='block_1_71' title="bbox 477 3819 2057 3889">
    <p class='ocr_par' dir='ltr' id='par_1_71' title="bbox 477 3819 2057 3889">
     <span class='ocr_line' id='line_1_71' title="bbox 477 3819 2057 3889; baseline 0.001 -14"><span class='ocrx_word' id='word_1_509' title='bbox 477 3820 720 3875; x_wconf 75' lang='lat' dir='ltr'><strong>ccelestis</strong></span> <span class='ocrx_word' id='word_1_510' title='bbox 746 3820 872 3875; x_wconf 69' lang='lat' dir='ltr'><strong>vitae</strong></span> <span class='ocrx_word' id='word_1_511' title='bbox 914 3828 971 3875; x_wconf 88' lang='lat' dir='ltr'><strong>et</strong></span> <span class='ocrx_word' id='word_1_512' title='bbox 1010 3819 1369 3889; x_wconf 81' lang='lat' dir='ltr'><strong>professionis</strong></span> <span class='ocrx_word' id='word_1_513' title='bbox 1408 3820 1707 3876; x_wconf 84' lang='lat' dir='ltr'><strong>sanctioris</strong></span> <span class='ocrx_word' id='word_1_514' title='bbox 1736 3821 2057 3876; x_wconf 65' lang='lat' dir='ltr'><strong>amittendae</strong></span> 
     </span>
    </p>
   </div>
   <div class='ocr_carea' id='block_1_72' title="bbox 478 3912 2057 3985">
    <p class='ocr_par' dir='ltr' id='par_1_72' title="bbox 478 3912 2057 3985">
     <span class='ocr_line' id='line_1_72' title="bbox 478 3912 2057 3985; baseline 0.004 -21"><span class='ocrx_word' id='word_1_515' title='bbox 478 3914 686 3979; x_wconf 80' lang='lat' dir='ltr'><strong>venire,</strong></span> <span class='ocrx_word' id='word_1_516' title='bbox 720 3912 769 3967; x_wconf 87' lang='lat' dir='ltr'><strong>si</strong></span> <span class='ocrx_word' id='word_1_517' title='bbox 800 3926 981 3966; x_wconf 83' lang='lat' dir='ltr'><strong>moras</strong></span> <span class='ocrx_word' id='word_1_518' title='bbox 1007 3912 1067 3966; x_wconf 88' lang='lat' dir='ltr'><strong>in</strong></span> <span class='ocrx_word' id='word_1_519' title='bbox 1105 3913 1339 3967; x_wconf 86' lang='lat' dir='ltr'><strong>urbibus</strong></span> <span class='ocrx_word' id='word_1_520' title='bbox 1370 3912 1569 3968; x_wconf 83' lang='lat' dir='ltr'><strong>trahat.</strong></span> <span class='ocrx_word' id='word_1_521' title='bbox 1603 3914 1666 3967; x_wconf 86' lang='lat' dir='ltr'><strong>Et</strong></span> <span class='ocrx_word' id='word_1_522' title='bbox 1700 3930 1825 3969; x_wconf 81' lang='lat' dir='ltr'><strong>cum</strong></span> <span class='ocrx_word' id='word_1_523' title='bbox 1857 3915 2057 3985; x_wconf 82' lang='lat' dir='ltr'><strong>jucun-</strong></span> 
     </span>
    </p>
   </div>
   <div class='ocr_carea' id='block_1_73' title="bbox 475 4005 2058 4076">
    <p class='ocr_par' dir='ltr' id='par_1_73' title="bbox 475 4005 2058 4076">
     <span class='ocr_line' id='line_1_73' title="bbox 475 4005 2058 4076; baseline 0.005 -19"><span class='ocrx_word' id='word_1_524' title='bbox 475 4005 609 4071; x_wconf 83' lang='lat' dir='ltr'><strong>dum</strong></span> <span class='ocrx_word' id='word_1_525' title='bbox 655 4021 714 4063; x_wconf 83' lang='lat' dir='ltr'><strong>se</strong></span> <span class='ocrx_word' id='word_1_526' title='bbox 752 4005 1012 4060; x_wconf 78' lang='lat' dir='ltr'><strong>munibus</strong></span> <span class='ocrx_word' id='word_1_527' title='bbox 1038 4005 1295 4076; x_wconf 78' lang='lat' dir='ltr'><strong>praebuit.</strong></span> <span class='ocrx_word' id='word_1_528' title='bbox 1348 4015 1464 4061; x_wconf 91' lang='lat' dir='ltr'><strong>tum</strong></span> <span class='ocrx_word' id='word_1_529' title='bbox 1511 4022 1582 4062; x_wconf 89' lang='lat' dir='ltr'><strong>ne</strong></span> <span class='ocrx_word' id='word_1_530' title='bbox 1624 4007 1937 4065; x_wconf 81' lang='lat' dir='ltr'><strong>submissus</strong></span> <span class='ocrx_word' id='word_1_531' title='bbox 1973 4008 2058 4065; x_wconf 81' lang='lat' dir='ltr'><strong>ni—</strong></span> 
     </span>
    </p>
   </div>
   <div class='ocr_carea' id='block_1_74' title="bbox 477 4097 2052 4169">
    <p class='ocr_par' dir='ltr' id='par_1_74' title="bbox 477 4097 2052 4169">
     <span class='ocr_line' id='line_1_74' title="bbox 477 4097 2052 4169; baseline 0 -14"><span class='ocrx_word' id='word_1_532' title='bbox 477 4098 650 4155; x_wconf 83' lang='lat' dir='ltr'><strong>mium</strong></span> <span class='ocrx_word' id='word_1_533' title='bbox 693 4106 749 4153; x_wconf 92' lang='lat' dir='ltr'><strong>et</strong></span> <span class='ocrx_word' id='word_1_534' title='bbox 783 4097 1034 4152; x_wconf 85' lang='lat' dir='ltr'><strong>adulator</strong></span> <span class='ocrx_word' id='word_1_535' title='bbox 1059 4112 1183 4155; x_wconf 82' lang='lat' dir='ltr'><strong>esse</strong></span> <span class='ocrx_word' id='word_1_536' title='bbox 1211 4097 1499 4154; x_wconf 81' lang='lat' dir='ltr'><strong>videretur</strong></span> <span class='ocrx_word' id='word_1_537' title='bbox 1533 4115 1546 4153; x_wconf 93' lang='lat'><strong>:</strong></span> <span class='ocrx_word' id='word_1_538' title='bbox 1586 4108 1851 4169; x_wconf 64' lang='lat' dir='ltr'><strong>prmterea</strong></span> <span class='ocrx_word' id='word_1_539' title='bbox 1883 4115 1952 4155; x_wconf 89' lang='lat' dir='ltr'><strong>ne</strong></span> <span class='ocrx_word' id='word_1_540' title='bbox 1987 4115 2052 4155; x_wconf 77' lang='lat' dir='ltr'><strong>ex</strong></span> 
     </span>
    </p>
   </div>
   <div class='ocr_carea' id='block_1_75' title="bbox 473 4190 2055 4262">
    <p class='ocr_par' dir='ltr' id='par_1_75' title="bbox 473 4190 2055 4262">
     <span class='ocr_line' id='line_1_75' title="bbox 473 4190 2055 4262; baseline 0.002 -17"><span class='ocrx_word' id='word_1_541' title='bbox 473 4207 542 4245; x_wconf 83' lang='lat' dir='ltr'><strong>eo</strong></span> <span class='ocrx_word' id='word_1_542' title='bbox 593 4190 739 4259; x_wconf 89' lang='lat' dir='ltr'><strong>quod</strong></span> <span class='ocrx_word' id='word_1_543' title='bbox 766 4190 860 4259; x_wconf 90' lang='lat' dir='ltr'><strong>ab</strong></span> <span class='ocrx_word' id='word_1_544' title='bbox 902 4190 1162 4245; x_wconf 84' lang='lat' dir='ltr'><strong>omnibus</strong></span> <span class='ocrx_word' id='word_1_545' title='bbox 1194 4190 1401 4246; x_wconf 86' lang='lat' dir='ltr'><strong>honore</strong></span> <span class='ocrx_word' id='word_1_546' title='bbox 1428 4190 1761 4256; x_wconf 77' lang='lat' dir='ltr'><strong>alliceretur,</strong></span> <span class='ocrx_word' id='word_1_547' title='bbox 1793 4192 2055 4262; x_wconf 82' lang='lat' dir='ltr'><strong>quodque</strong></span> 
     </span>
    </p>
   </div>
   <div class='ocr_carea' id='block_1_76' title="bbox 472 4281 2057 4354">
    <p class='ocr_par' dir='ltr' id='par_1_76' title="bbox 472 4281 2057 4354">
     <span class='ocr_line' id='line_1_76' title="bbox 472 4281 2057 4354; baseline -0.001 -13"><span class='ocrx_word' id='word_1_548' title='bbox 472 4284 524 4341; x_wconf 72' lang='lat' dir='ltr'><strong>ri</strong></span> <span class='ocrx_word' id='word_1_549' title='bbox 564 4297 704 4353; x_wconf 87' lang='lat' dir='ltr'><strong>quos</strong></span> <span class='ocrx_word' id='word_1_550' title='bbox 739 4281 1017 4351; x_wconf 76' lang='lat' dir='ltr'><strong>iussisset,</strong></span> <span class='ocrx_word' id='word_1_551' title='bbox 1050 4298 1259 4338; x_wconf 82' lang='lat' dir='ltr'><strong>morem</strong></span> <span class='ocrx_word' id='word_1_552' title='bbox 1290 4293 1573 4354; x_wconf 85' lang='lat' dir='ltr'><strong>gererent,</strong></span> <span class='ocrx_word' id='word_1_553' title='bbox 1620 4282 1766 4339; x_wconf 80' lang='lat' dir='ltr'><strong>fastu</strong></span> <span class='ocrx_word' id='word_1_554' title='bbox 1812 4295 1869 4338; x_wconf 86' lang='lat' dir='ltr'><strong>et</strong></span> <span class='ocrx_word' id='word_1_555' title='bbox 1901 4300 2057 4339; x_wconf 88' lang='lat' dir='ltr'><strong>arro-</strong></span> 
     </span>
    </p>
   </div>
   <div class='ocr_carea' id='block_1_77' title="bbox 472 4373 2056 4446">
    <p class='ocr_par' dir='ltr' id='par_1_77' title="bbox 472 4373 2056 4446">
     <span class='ocr_line' id='line_1_77' title="bbox 472 4373 2056 4446; baseline 0.005 -22"><span class='ocrx_word' id='word_1_556' title='bbox 472 4376 656 4443; x_wconf 72' lang='lat' dir='ltr'><strong>gantia</strong></span> <span class='ocrx_word' id='word_1_557' title='bbox 684 4375 1004 4440; x_wconf 82' lang='lat' dir='ltr'><strong>ell’erretur,</strong></span> <span class='ocrx_word' id='word_1_558' title='bbox 1031 4375 1268 4429; x_wconf 85' lang='lat' dir='ltr'><strong>curavit.</strong></span> <span class='ocrx_word' id='word_1_559' title='bbox 1297 4373 1570 4430; x_wconf 90' lang='lat' dir='ltr'><strong>Scribenti</strong></span> <span class='ocrx_word' id='word_1_560' title='bbox 1594 4375 1891 4446; x_wconf 87' lang='lat' dir='ltr'><strong>aliquando</strong></span> <span class='ocrx_word' id='word_1_561' title='bbox 1910 4375 2056 4435; x_wconf 84' lang='lat' dir='ltr'><strong>Cou-</strong></span> 
     </span>
    </p>
   </div>
   <div class='ocr_carea' id='block_1_78' title="bbox 2162 3265 3742 3345">
    <p class='ocr_par' dir='ltr' id='par_1_78' title="bbox 2162 3265 3742 3345">
     <span class='ocr_line' id='line_1_78' title="bbox 2162 3265 3742 3345; baseline 0.008 -27"><span class='ocrx_word' id='word_1_562' title='bbox 2162 3265 2360 3332; x_wconf 76' lang='grc' dir='ltr'><strong>ξίωσεν</strong></span> <span class='ocrx_word' id='word_1_563' title='bbox 2385 3268 2633 3322; x_wconf 83' lang='grc' dir='ltr'><strong>ἐπειπών</strong></span> <span class='ocrx_word' id='word_1_564' title='bbox 2656 3286 2669 3297; x_wconf 93' lang='grc'><strong>·</strong></span> <span class='ocrx_word' id='word_1_565' title='bbox 2705 3273 2897 3325; x_wconf 82' lang='grc' dir='ltr'><strong>Ἦκων</strong></span> <span class='ocrx_word' id='word_1_566' title='bbox 2926 3276 3027 3342; x_wconf 81' lang='grc' dir='ltr'><strong>μὲν</strong></span> <span class='ocrx_word' id='word_1_567' title='bbox 3059 3276 3116 3339; x_wconf 77' lang='grc' dir='ltr'><strong>ἐς</strong></span> <span class='ocrx_word' id='word_1_568' title='bbox 3163 3274 3416 3345; x_wconf 74' lang='grc' dir='ltr'><strong>βασιλέα,</strong></span> <span class='ocrx_word' id='word_1_569' title='bbox 3456 3276 3742 3339; x_wconf 81' lang='grc' dir='ltr'><strong>Ἀντώνιος</strong></span> 
     </span>
    </p>
   </div>
   <div class='ocr_carea' id='block_1_79' title="bbox 2159 3358 3743 3436">
    <p class='ocr_par' dir='ltr' id='par_1_79' title="bbox 2159 3358 3743 3436">
     <span class='ocr_line' id='line_1_79' title="bbox 2159 3358 3743 3436; baseline 0.009 -24"><span class='ocrx_word' id='word_1_570' title='bbox 2159 3358 2356 3430; x_wconf 66' lang='grc' dir='ltr'><strong>ἔσομαι</strong></span> <span class='ocrx_word' id='word_1_571' title='bbox 2378 3376 2392 3390; x_wconf 91' lang='grc'><strong>·</strong></span> <span class='ocrx_word' id='word_1_572' title='bbox 2424 3362 2500 3430; x_wconf 81' lang='grc' dir='ltr'><strong>μὴ</strong></span> <span class='ocrx_word' id='word_1_573' title='bbox 2533 3361 2695 3418; x_wconf 83' lang='grc' dir='ltr'><strong>τοῦτο</strong></span> <span class='ocrx_word' id='word_1_574' title='bbox 2721 3363 2780 3416; x_wconf 75' lang='grc' dir='ltr'><strong>δὲ</strong></span> <span class='ocrx_word' id='word_1_575' title='bbox 2812 3367 3049 3436; x_wconf 78' lang='grc' dir='ltr'><strong>πράξας,</strong></span> <span class='ocrx_word' id='word_1_576' title='bbox 3085 3368 3261 3434; x_wconf 71' lang='grc' dir='ltr'><strong>άϐΰᾶς</strong></span> <span class='ocrx_word' id='word_1_577' title='bbox 3292 3368 3601 3434; x_wconf 69' lang='grc' dir='ltr'><strong>Ἀντώνιος.</strong></span> <span class='ocrx_word' id='word_1_578' title='bbox 3633 3371 3743 3427; x_wconf 75' lang='grc' dir='ltr'><strong>Καὶ</strong></span> 
     </span>
    </p>
   </div>
   <div class='ocr_carea' id='block_1_80' title="bbox 2158 3452 3739 3536">
    <p class='ocr_par' dir='ltr' id='par_1_80' title="bbox 2158 3452 3739 3536">
     <span class='ocr_line' id='line_1_80' title="bbox 2158 3452 3739 3536; baseline 0.008 -30"><span class='ocrx_word' id='word_1_579' title='bbox 2158 3452 2334 3523; x_wconf 79' lang='grc' dir='ltr'><strong>τούτῳ</strong></span> <span class='ocrx_word' id='word_1_580' title='bbox 2367 3454 2446 3523; x_wconf 83' lang='grc' dir='ltr'><strong>τῷ</strong></span> <span class='ocrx_word' id='word_1_581' title='bbox 2466 3457 2655 3525; x_wconf 80' lang='grc' dir='ltr'><strong>τρόπῳ</strong></span> <span class='ocrx_word' id='word_1_582' title='bbox 2685 3457 2784 3527; x_wconf 82' lang='grc' dir='ltr'><strong>τὴν</strong></span> <span class='ocrx_word' id='word_1_583' title='bbox 2818 3459 2905 3512; x_wconf 77' lang='grc' dir='ltr'><strong>ἐπ’</strong></span> <span class='ocrx_word' id='word_1_584' title='bbox 2939 3460 3151 3515; x_wconf 73' lang='grc' dir='ltr'><strong>ἐκεῖνον</strong></span> <span class='ocrx_word' id='word_1_585' title='bbox 3200 3463 3426 3532; x_wconf 80' lang='grc' dir='ltr'><strong>πορείαν</strong></span> <span class='ocrx_word' id='word_1_586' title='bbox 3484 3462 3739 3536; x_wconf 73' lang='grc' dir='ltr'><strong>ἀνέσχεν.</strong></span> 
     </span>
    </p>
   </div>
   <div class='ocr_carea' id='block_1_81' title="bbox 2171 3545 3744 3627">
    <p class='ocr_par' dir='ltr' id='par_1_81' title="bbox 2171 3545 3744 3627">
     <span class='ocr_line' id='line_1_81' title="bbox 2171 3545 3744 3627; baseline 0.008 -29"><span class='ocrx_word' id='word_1_587' title='bbox 2171 3545 2334 3599; x_wconf 80' lang='grc' dir='ltr'><strong>Ἀλλὰ</strong></span> <span class='ocrx_word' id='word_1_588' title='bbox 2359 3546 2543 3617; x_wconf 84' lang='grc' dir='ltr'><strong>γεῦμα</strong></span> <span class='ocrx_word' id='word_1_589' title='bbox 2576 3550 2750 3603; x_wconf 84' lang='grc' dir='ltr'><strong>ταῦτα</strong></span> <span class='ocrx_word' id='word_1_590' title='bbox 2783 3552 2877 3605; x_wconf 77' lang='grc' dir='ltr'><strong>καὶ</strong></span> <span class='ocrx_word' id='word_1_591' title='bbox 2915 3552 3122 3622; x_wconf 72' lang='grc' dir='ltr'><strong>βραχὺς</strong></span> <span class='ocrx_word' id='word_1_592' title='bbox 3152 3558 3444 3627; x_wconf 65' lang='grc' dir='ltr'><strong>χαρακτὴρ</strong></span> <span class='ocrx_word' id='word_1_593' title='bbox 3477 3557 3576 3626; x_wconf 82' lang='grc' dir='ltr'><strong>τῆς</strong></span> <span class='ocrx_word' id='word_1_594' title='bbox 3622 3559 3744 3613; x_wconf 52' lang='lat' dir='ltr'><strong>‘Aw</strong></span> 
     </span>
    </p>
   </div>
   <div class='ocr_carea' id='block_1_82' title="bbox 2158 3641 3743 3720">
    <p class='ocr_par' dir='ltr' id='par_1_82' title="bbox 2158 3641 3743 3720">
     <span class='ocr_line' id='line_1_82' title="bbox 2158 3641 3743 3720; baseline 0.007 -26"><span class='ocrx_word' id='word_1_595' title='bbox 2158 3641 2353 3694; x_wconf 81' lang='grc' dir='ltr'><strong>τωνίου</strong></span> <span class='ocrx_word' id='word_1_596' title='bbox 2411 3642 2625 3713; x_wconf 83' lang='grc' dir='ltr'><strong>διαίτης</strong></span> <span class='ocrx_word' id='word_1_597' title='bbox 2680 3647 2772 3698; x_wconf 71' lang='grc' dir='ltr'><strong>καὶ</strong></span> <span class='ocrx_word' id='word_1_598' title='bbox 2840 3647 3144 3711; x_wconf 79' lang='grc' dir='ltr'><strong>πολιτείας.</strong></span> <span class='ocrx_word' id='word_1_599' title='bbox 3184 3650 3414 3720; x_wconf 72' lang='grc' dir='ltr'><strong>Ιιίῐρηται</strong></span> <span class='ocrx_word' id='word_1_600' title='bbox 3452 3651 3501 3703; x_wconf 87' lang='grc' dir='ltr'><strong>δ’</strong></span> <span class='ocrx_word' id='word_1_601' title='bbox 3549 3652 3638 3706; x_wconf 80' lang='grc' dir='ltr'><strong>ἵνα</strong></span> <span class='ocrx_word' id='word_1_602' title='bbox 3678 3654 3743 3705; x_wconf 71' lang='grc' dir='ltr'><strong>ἐκ</strong></span> 
     </span>
    </p>
   </div>
   <div class='ocr_carea' id='block_1_83' title="bbox 2158 3732 3739 3816">
    <p class='ocr_par' dir='ltr' id='par_1_83' title="bbox 2158 3732 3739 3816">
     <span class='ocr_line' id='line_1_83' title="bbox 2158 3732 3739 3816; baseline 0.008 -32"><span class='ocrx_word' id='word_1_603' title='bbox 2158 3732 2350 3786; x_wconf 84' lang='grc' dir='ltr'><strong>τούτου</strong></span> <span class='ocrx_word' id='word_1_604' title='bbox 2404 3734 2505 3806; x_wconf 76' lang='grc' dir='ltr'><strong>τὴν</strong></span> <span class='ocrx_word' id='word_1_605' title='bbox 2548 3737 2678 3806; x_wconf 81' lang='grc' dir='ltr'><strong>ὅλην</strong></span> <span class='ocrx_word' id='word_1_606' title='bbox 2738 3737 2950 3791; x_wconf 74' lang='grc' dir='ltr'><strong>ἐκείνου</strong></span> <span class='ocrx_word' id='word_1_607' title='bbox 3007 3741 3347 3810; x_wconf 77' lang='grc' dir='ltr'><strong>φιλοσοφίαν,</strong></span> <span class='ocrx_word' id='word_1_608' title='bbox 3374 3742 3474 3813; x_wconf 81' lang='grc' dir='ltr'><strong>ὅση</strong></span> <span class='ocrx_word' id='word_1_609' title='bbox 3517 3760 3602 3807; x_wconf 87' lang='grc' dir='ltr'><strong>τις</strong></span> <span class='ocrx_word' id='word_1_610' title='bbox 3647 3740 3739 3816; x_wconf 80' lang='grc' dir='ltr'><strong>ἦν,</strong></span> 
     </span>
    </p>
   </div>
   <div class='ocr_carea' id='block_1_84' title="bbox 2160 3825 3744 3903">
    <p class='ocr_par' dir='ltr' id='par_1_84' title="bbox 2160 3825 3744 3903">
     <span class='ocr_line' id='line_1_84' title="bbox 2160 3825 3744 3903; baseline 0.009 -26"><span class='ocrx_word' id='word_1_611' title='bbox 2160 3825 2648 3896; x_wconf 82' lang='grc' dir='ltr'><strong>ὑπολογισώμεθα·</strong></span> <span class='ocrx_word' id='word_1_612' title='bbox 2682 3828 2749 3896; x_wconf 72' lang='grc' dir='ltr'><strong>ἢν</strong></span> <span class='ocrx_word' id='word_1_613' title='bbox 2787 3831 2815 3882; x_wconf 83' lang='grc' dir='ltr'>ὁ</span> <span class='ocrx_word' id='word_1_614' title='bbox 2848 3831 2917 3886; x_wconf 80' lang='grc' dir='ltr'><strong>τά</strong></span> <span class='ocrx_word' id='word_1_615' title='bbox 2950 3832 3126 3886; x_wconf 86' lang='grc' dir='ltr'><strong>πάντα</strong></span> <span class='ocrx_word' id='word_1_616' title='bbox 3154 3834 3378 3903; x_wconf 77' lang='grc' dir='ltr'><strong>ἄριστος</strong></span> <span class='ocrx_word' id='word_1_617' title='bbox 3420 3835 3744 3899; x_wconf 78' lang='grc' dir='ltr'><strong>Ἀθανάσιος</strong></span> 
     </span>
    </p>
   </div>
   <div class='ocr_carea' id='block_1_85' title="bbox 2160 3916 3743 3998">
    <p class='ocr_par' dir='ltr' id='par_1_85' title="bbox 2160 3916 3743 3998">
     <span class='ocr_line' id='line_1_85' title="bbox 2160 3916 3743 3998; baseline 0.006 -29"><span class='ocrx_word' id='word_1_618' title='bbox 2160 3917 2256 3971; x_wconf 80' lang='grc' dir='ltr'><strong>καὶ</strong></span> <span class='ocrx_word' id='word_1_619' title='bbox 2304 3916 2454 3987; x_wconf 80' lang='grc' dir='ltr'><strong>αὐτῷ</strong></span> <span class='ocrx_word' id='word_1_620' title='bbox 2510 3918 2884 3989; x_wconf 80' lang='grc' dir='ltr'><strong>διαφερόντως</strong></span> <span class='ocrx_word' id='word_1_621' title='bbox 2941 3923 3301 3994; x_wconf 83' lang='grc' dir='ltr'><strong>φιλούμενος.</strong></span> <span class='ocrx_word' id='word_1_622' title='bbox 3349 3928 3491 3998; x_wconf 74' lang='grc' dir='ltr'><strong>πρὸς</strong></span> <span class='ocrx_word' id='word_1_623' title='bbox 3543 3926 3743 3987; x_wconf 81' lang='grc' dir='ltr'><strong>λεπτὸν</strong></span> 
     </span>
    </p>
   </div>
   <div class='ocr_carea' id='block_1_86' title="bbox 2161 4009 3738 4095">
    <p class='ocr_par' dir='ltr' id='par_1_86' title="bbox 2161 4009 3738 4095">
     <span class='ocr_line' id='line_1_86' title="bbox 2161 4009 3738 4095; baseline 0.008 -33"><span class='ocrx_word' id='word_1_624' title='bbox 2161 4009 2454 4080; x_wconf 75' lang='grc' dir='ltr'><strong>ιστορήσας</strong></span> <span class='ocrx_word' id='word_1_625' title='bbox 2481 4011 2718 4077; x_wconf 72' lang='grc' dir='ltr'><strong>ἐξέδωκε</strong></span> <span class='ocrx_word' id='word_1_626' title='bbox 2750 4015 2846 4080; x_wconf 73' lang='grc' dir='ltr'><strong>τὰς</strong></span> <span class='ocrx_word' id='word_1_627' title='bbox 2877 4016 3017 4085; x_wconf 80' lang='grc' dir='ltr'><strong>μετὰ</strong></span> <span class='ocrx_word' id='word_1_628' title='bbox 3044 4018 3318 4087; x_wconf 84' lang='grc' dir='ltr'><strong>δαιμόνων</strong></span> <span class='ocrx_word' id='word_1_629' title='bbox 3341 4021 3514 4083; x_wconf 85' lang='grc' dir='ltr'><strong>πάλας</strong></span> <span class='ocrx_word' id='word_1_630' title='bbox 3546 4020 3738 4095; x_wconf 73' lang='grc' dir='ltr'><strong>αὑτοῦ,</strong></span> 
     </span>
    </p>
   </div>
   <div class='ocr_carea' id='block_1_87' title="bbox 2158 4102 3743 4181">
    <p class='ocr_par' dir='ltr' id='par_1_87' title="bbox 2158 4102 3743 4181">
     <span class='ocr_line' id='line_1_87' title="bbox 2158 4102 3743 4181; baseline 0.007 -24"><span class='ocrx_word' id='word_1_631' title='bbox 2158 4102 2255 4157; x_wconf 78' lang='grc' dir='ltr'><strong>καὶ</strong></span> <span class='ocrx_word' id='word_1_632' title='bbox 2290 4104 2392 4167; x_wconf 82' lang='grc' dir='ltr'><strong>τὰς</strong></span> <span class='ocrx_word' id='word_1_633' title='bbox 2440 4103 2820 4177; x_wconf 68' lang='grc' dir='ltr'><strong>ἑξευρημένας</strong></span> <span class='ocrx_word' id='word_1_634' title='bbox 2847 4110 3045 4180; x_wconf 68' lang='grc' dir='ltr'><strong>τέχνας</strong></span> <span class='ocrx_word' id='word_1_635' title='bbox 3074 4110 3227 4181; x_wconf 81' lang='grc' dir='ltr'><strong>αῦτῷ</strong></span> <span class='ocrx_word' id='word_1_636' title='bbox 3253 4111 3376 4164; x_wconf 82' lang='grc' dir='ltr'><strong>κατ’</strong></span> <span class='ocrx_word' id='word_1_637' title='bbox 3409 4113 3617 4178; x_wconf 84' lang='grc' dir='ltr'><strong>αὐτῶν,</strong></span> <span class='ocrx_word' id='word_1_638' title='bbox 3645 4117 3743 4168; x_wconf 78' lang='grc' dir='ltr'><strong>καὶ</strong></span> 
     </span>
    </p>
   </div>
   <div class='ocr_carea' id='block_1_88' title="bbox 2156 4193 3738 4272">
    <p class='ocr_par' dir='ltr' id='par_1_88' title="bbox 2156 4193 3738 4272">
     <span class='ocr_line' id='line_1_88' title="bbox 2156 4193 3738 4272; baseline 0.007 -23"><span class='ocrx_word' id='word_1_639' title='bbox 2156 4194 2226 4249; x_wconf 82' lang='grc' dir='ltr'><strong>τὰ</strong></span> <span class='ocrx_word' id='word_1_640' title='bbox 2249 4193 2414 4251; x_wconf 72' lang='grc' dir='ltr'><strong>λοιπὰ</strong></span> <span class='ocrx_word' id='word_1_641' title='bbox 2443 4197 2535 4251; x_wconf 86' lang='grc' dir='ltr'><strong>τοῦ</strong></span> <span class='ocrx_word' id='word_1_642' title='bbox 2570 4196 2689 4266; x_wconf 85' lang='grc' dir='ltr'><strong>βίου</strong></span> <span class='ocrx_word' id='word_1_643' title='bbox 2722 4201 3016 4272; x_wconf 81' lang='grc' dir='ltr'><strong>τεράστια,</strong></span> <span class='ocrx_word' id='word_1_644' title='bbox 3052 4204 3147 4257; x_wconf 79' lang='grc' dir='ltr'><strong>καὶ</strong></span> <span class='ocrx_word' id='word_1_645' title='bbox 3188 4203 3349 4259; x_wconf 78' lang='grc' dir='ltr'><strong>πάνθ’</strong></span> <span class='ocrx_word' id='word_1_646' title='bbox 3374 4204 3588 4260; x_wconf 69' lang='grc' dir='ltr'><strong>ἕκαστα</strong></span> <span class='ocrx_word' id='word_1_647' title='bbox 3620 4207 3738 4260; x_wconf 73' lang='grc' dir='ltr'><strong>δια-</strong></span> 
     </span>
    </p>
   </div>
   <div class='ocr_carea' id='block_1_89' title="bbox 2157 4287 3741 4366">
    <p class='ocr_par' dir='ltr' id='par_1_89' title="bbox 2157 4287 3741 4366">
     <span class='ocr_line' id='line_1_89' title="bbox 2157 4287 3741 4366; baseline -0.002 -11"><span class='ocrx_word' id='word_1_648' title='bbox 2157 4287 2396 4357; x_wconf 73' lang='grc' dir='ltr'><strong>γράψας.</strong></span> <span class='ocrx_word' id='word_1_649' title='bbox 2418 4289 2496 4353; x_wconf 76' lang='grc' dir='ltr'><strong>ὡς</strong></span> <span class='ocrx_word' id='word_1_650' title='bbox 2520 4292 2646 4361; x_wconf 78' lang='grc' dir='ltr'><strong>ὅρον</strong></span> <span class='ocrx_word' id='word_1_651' title='bbox 2675 4287 2821 4346; x_wconf 80' lang='grc' dir='ltr'><strong>εἶναι</strong></span> <span class='ocrx_word' id='word_1_652' title='bbox 2857 4293 3161 4366; x_wconf 82' lang='grc' dir='ltr'><strong>μοναδικῆς</strong></span> <span class='ocrx_word' id='word_1_653' title='bbox 3191 4296 3470 4363; x_wconf 75' lang='grc' dir='ltr'><strong>πολιτείας</strong></span> <span class='ocrx_word' id='word_1_654' title='bbox 3503 4298 3565 4354; x_wconf 75' lang='grc' dir='ltr'><strong>τὸ</strong></span> <span class='ocrx_word' id='word_1_655' title='bbox 3605 4298 3741 4366; x_wconf 83' lang='grc' dir='ltr'><strong>σύγ-</strong></span> 
     </span>
    </p>
   </div>
   <div class='ocr_carea' id='block_1_90' title="bbox 2156 4382 3740 4464">
    <p class='ocr_par' dir='ltr' id='par_1_90' title="bbox 2156 4382 3740 4464">
     <span class='ocr_line' id='line_1_90' title="bbox 2156 4382 3740 4464; baseline 0.008 -30"><span class='ocrx_word' id='word_1_656' title='bbox 2156 4397 2414 4452; x_wconf 78' lang='grc' dir='ltr'><strong>γράμμα.</strong></span> <span class='ocrx_word' id='word_1_657' title='bbox 2460 4382 2655 4439; x_wconf 81' lang='grc' dir='ltr'><strong>Ὀποτα</strong></span> <span class='ocrx_word' id='word_1_658' title='bbox 2688 4385 2752 4454; x_wconf 79' lang='grc' dir='ltr'><strong>δὴ</strong></span> <span class='ocrx_word' id='word_1_659' title='bbox 2779 4387 2808 4440; x_wconf 81' lang='grc' dir='ltr'><strong>ὁ</strong></span> <span class='ocrx_word' id='word_1_660' title='bbox 2842 4386 3009 4452; x_wconf 75' lang='grc' dir='ltr'><strong>αὐτὸς</strong></span> <span class='ocrx_word' id='word_1_661' title='bbox 3048 4386 3367 4454; x_wconf 78' lang='grc' dir='ltr'><strong>Ἀθανάσιος</strong></span> <span class='ocrx_word' id='word_1_662' title='bbox 3407 4392 3510 4445; x_wconf 79' lang='grc' dir='ltr'><strong>κάν</strong></span> <span class='ocrx_word' id='word_1_663' title='bbox 3536 4391 3616 4462; x_wconf 82' lang='grc' dir='ltr'><strong>τῷ</strong></span> <span class='ocrx_word' id='word_1_664' title='bbox 3635 4392 3740 4464; x_wconf 84' lang='grc' dir='ltr'><strong>βίῳ</strong></span> 
     </span>
    </p>
   </div>
   <div class='ocr_carea' id='block_1_91' title="bbox 472 4465 2058 4549">
    <p class='ocr_par' dir='ltr' id='par_1_91' title="bbox 472 4465 2051 4531">
     <span class='ocr_line' id='line_1_91' title="bbox 472 4465 2051 4531; baseline 0.003 -11"><span class='ocrx_word' id='word_1_665' title='bbox 472 4466 717 4521; x_wconf 75' lang='lat' dir='ltr'><strong>stantino</strong></span> <span class='ocrx_word' id='word_1_666' title='bbox 752 4465 821 4520; x_wconf 92' lang='lat' dir='ltr'><strong>ad</strong></span> <span class='ocrx_word' id='word_1_667' title='bbox 864 4480 922 4521; x_wconf 84' lang='lat' dir='ltr'><strong>se</strong></span> <span class='ocrx_word' id='word_1_668' title='bbox 954 4475 1013 4520; x_wconf 92' lang='lat' dir='ltr'><strong>ut</strong></span> <span class='ocrx_word' id='word_1_669' title='bbox 1043 4466 1279 4531; x_wconf 87' lang='lat' dir='ltr'><strong>veniret,</strong></span> <span class='ocrx_word' id='word_1_670' title='bbox 1313 4466 1545 4523; x_wconf 78' lang='lat' dir='ltr'><strong>miriﬁce</strong></span> <span class='ocrx_word' id='word_1_671' title='bbox 1590 4470 1737 4523; x_wconf 87' lang='lat' dir='ltr'><strong>enim</strong></span> <span class='ocrx_word' id='word_1_672' title='bbox 1769 4468 2051 4525; x_wconf 88' lang='lat' dir='ltr'><strong>hominem</strong></span> 
     </span>
    </p>
   </div>
   <div class='ocr_carea' id='block_1_92' title="bbox 2160 4465 3741 4549">
    <p class='ocr_par' dir='ltr' id='par_1_92' title="bbox 2160 4471 3741 4549">
     <span class='ocr_line' id='line_1_92' title="bbox 2160 4471 3741 4549; baseline 0.01 -27"><span class='ocrx_word' id='word_1_673' title='bbox 2160 4471 2532 4542; x_wconf 77' lang='grc' dir='ltr'><strong>συγκλητικῆς</strong></span> <span class='ocrx_word' id='word_1_674' title='bbox 2557 4473 2823 4543; x_wconf 74' lang='grc' dir='ltr'><strong>ἔπραξεν,</strong></span> <span class='ocrx_word' id='word_1_675' title='bbox 2849 4475 3070 4549; x_wconf 77' lang='grc' dir='ltr'><strong>ἀνδρῶν</strong></span> <span class='ocrx_word' id='word_1_676' title='bbox 3105 4480 3208 4549; x_wconf 78' lang='grc' dir='ltr'><strong>μὲν</strong></span> <span class='ocrx_word' id='word_1_677' title='bbox 3241 4481 3520 4537; x_wconf 82' lang='grc' dir='ltr'><strong>πολιτείαν</strong></span> <span class='ocrx_word' id='word_1_678' title='bbox 3551 4483 3741 4537; x_wconf 67' lang='grc' dir='ltr'><strong>ἐντεῦ-</strong></span> 
     </span>
    </p>
   </div>
   <div class='ocr_carea' id='block_1_93' title="bbox 471 4541 2058 4648">
    <p class='ocr_par' dir='ltr' id='par_1_93' title="bbox 471 4556 2049 4631">
     <span class='ocr_line' id='line_1_93' title="bbox 471 4556 2049 4631; baseline 0.006 -23"><span class='ocrx_word' id='word_1_679' title='bbox 471 4556 714 4629; x_wconf 65' lang='grc' dir='ltr'><strong>ριηειιιιι,</strong></span> <span class='ocrx_word' id='word_1_680' title='bbox 745 4556 1075 4612; x_wconf 83' lang='lat' dir='ltr'><strong>detrectavit</strong></span> <span class='ocrx_word' id='word_1_681' title='bbox 1102 4556 1155 4613; x_wconf 91' lang='lat' dir='ltr'><strong>id</strong></span> <span class='ocrx_word' id='word_1_682' title='bbox 1184 4558 1453 4628; x_wconf 88' lang='lat' dir='ltr'><strong>primum,</strong></span> <span class='ocrx_word' id='word_1_683' title='bbox 1486 4560 1678 4615; x_wconf 83' lang='lat' dir='ltr'><strong>dicens</strong></span> <span class='ocrx_word' id='word_1_684' title='bbox 1712 4578 1727 4616; x_wconf 90' lang='lat'><strong>:</strong></span> <span class='ocrx_word' id='word_1_685' title='bbox 1761 4561 2049 4631; x_wconf 76' lang='lat' dir='ltr'><strong>Siquidem</strong></span> 
     </span>
    </p>
   </div>
   <div class='ocr_carea' id='block_1_94' title="bbox 2160 4541 3739 4648">
    <p class='ocr_par' dir='ltr' id='par_1_94' title="bbox 2160 4541 3739 4648">
     <span class='ocr_line' id='line_1_94' title="bbox 2160 4541 3739 4648; baseline 0.011 -32"><span class='ocrx_word' id='word_1_686' title='bbox 2160 4561 2272 4628; x_wconf 83' lang='grc' dir='ltr'><strong>θεν,</strong></span> <span class='ocrx_word' id='word_1_687' title='bbox 2294 4541 2574 4632; x_wconf 69' lang='grc' dir='ltr'><strong>γυναικῶν</strong></span> <span class='ocrx_word' id='word_1_688' title='bbox 2606 4541 2658 4620; x_wconf 41' lang='grc' dir='ltr'><strong>δδ</strong></span> <span class='ocrx_word' id='word_1_689' title='bbox 2676 4541 2893 4625; x_wconf 69' lang='grc' dir='ltr'><strong>ἐκεῖθεν</strong></span> <span class='ocrx_word' id='word_1_690' title='bbox 2932 4541 3217 4636; x_wconf 51' lang='lat' dir='ltr'><strong>exordiri;</strong></span> <span class='ocrx_word' id='word_1_691' title='bbox 3245 4573 3323 4637; x_wconf 82' lang='grc' dir='ltr'><strong>ὡς</strong></span> <span class='ocrx_word' id='word_1_692' title='bbox 3353 4577 3412 4629; x_wconf 80' lang='grc' dir='ltr'><strong>ἐν</strong></span> <span class='ocrx_word' id='word_1_693' title='bbox 3450 4576 3739 4648; x_wconf 77' lang='grc' dir='ltr'><strong>πλάσματι</strong></span> 
     </span>
    </p>
   </div>
   <div class='ocr_carea' id='block_1_95' title="bbox 472 4651 2046 4721">
    <p class='ocr_par' dir='ltr' id='par_1_95' title="bbox 472 4651 2046 4721">
     <span class='ocr_line' id='line_1_95' title="bbox 472 4651 2046 4721; baseline 0.006 -20"><span class='ocrx_word' id='word_1_694' title='bbox 472 4651 541 4711; x_wconf 81' lang='lat' dir='ltr'><strong>:d</strong></span> <span class='ocrx_word' id='word_1_695' title='bbox 573 4651 960 4719; x_wconf 84' lang='lat' dir='ltr'><strong>imperatorem</strong></span> <span class='ocrx_word' id='word_1_696' title='bbox 996 4666 1220 4719; x_wconf 87' lang='lat' dir='ltr'><strong>venero,</strong></span> <span class='ocrx_word' id='word_1_697' title='bbox 1257 4653 1527 4709; x_wconf 79' lang='lat' dir='ltr'><strong>Antonius</strong></span> <span class='ocrx_word' id='word_1_698' title='bbox 1551 4668 1648 4710; x_wconf 89' lang='lat' dir='ltr'><strong>ero</strong></span> <span class='ocrx_word' id='word_1_699' title='bbox 1666 4671 1687 4721; x_wconf 66' lang='grc' dir='ltr'><strong>ς</strong></span> <span class='ocrx_word' id='word_1_700' title='bbox 1726 4653 1810 4710; x_wconf 86' lang='lat' dir='ltr'><strong>sin</strong></span> <span class='ocrx_word' id='word_1_701' title='bbox 1841 4655 2046 4719; x_wconf 88' lang='lat' dir='ltr'><strong>minus,</strong></span> 
     </span>
    </p>
   </div>
   <div class='ocr_carea' id='block_1_96' title="bbox 472 4742 2047 4815">
    <p class='ocr_par' dir='ltr' id='par_1_96' title="bbox 472 4742 2047 4815">
     <span class='ocr_line' id='line_1_96' title="bbox 472 4742 2047 4815; baseline 0.003 -18"><span class='ocrx_word' id='word_1_702' title='bbox 472 4743 644 4811; x_wconf 66' lang='lat' dir='ltr'><strong>abbas</strong></span> <span class='ocrx_word' id='word_1_703' title='bbox 675 4742 970 4807; x_wconf 74' lang='lat' dir='ltr'><strong>Antonius.</strong></span> <span class='ocrx_word' id='word_1_704' title='bbox 1014 4745 1192 4815; x_wconf 81' lang='lat' dir='ltr'><strong>Atque</strong></span> <span class='ocrx_word' id='word_1_705' title='bbox 1224 4759 1289 4800; x_wconf 91' lang='lat' dir='ltr'><strong>eo</strong></span> <span class='ocrx_word' id='word_1_706' title='bbox 1324 4746 1543 4802; x_wconf 87' lang='lat' dir='ltr'><strong>tandem</strong></span> <span class='ocrx_word' id='word_1_707' title='bbox 1586 4746 1748 4802; x_wconf 87' lang='lat' dir='ltr'><strong>modo</strong></span> <span class='ocrx_word' id='word_1_708' title='bbox 1785 4749 1852 4802; x_wconf 90' lang='lat' dir='ltr'><strong>ad</strong></span> <span class='ocrx_word' id='word_1_709' title='bbox 1893 4749 2047 4804; x_wconf 89' lang='lat' dir='ltr'><strong>illum</strong></span> 
     </span>
    </p>
   </div>
   <div class='ocr_carea' id='block_1_97' title="bbox 472 4836 2051 4911">
    <p class='ocr_par' dir='ltr' id='par_1_97' title="bbox 472 4836 2051 4911">
     <span class='ocr_line' id='line_1_97' title="bbox 472 4836 2051 4911; baseline 0.005 -23"><span class='ocrx_word' id='word_1_710' title='bbox 472 4836 630 4901; x_wconf 73' lang='lat' dir='ltr'><strong>adire</strong></span> <span class='ocrx_word' id='word_1_711' title='bbox 675 4836 965 4892; x_wconf 79' lang='lat' dir='ltr'><strong>sustinuit.</strong></span> <span class='ocrx_word' id='word_1_712' title='bbox 1000 4836 1204 4893; x_wconf 87' lang='lat' dir='ltr'><strong>Verum</strong></span> <span class='ocrx_word' id='word_1_713' title='bbox 1256 4838 1370 4893; x_wconf 65' lang='lat' dir='ltr'><strong>hinc</strong></span> <span class='ocrx_word' id='word_1_714' title='bbox 1407 4848 1665 4909; x_wconf 83' lang='lat' dir='ltr'><strong>tanquam</strong></span> <span class='ocrx_word' id='word_1_715' title='bbox 1707 4851 1900 4911; x_wconf 89' lang='lat' dir='ltr'><strong>gustus</strong></span> <span class='ocrx_word' id='word_1_716' title='bbox 1929 4843 2051 4911; x_wconf 86' lang='lat' dir='ltr'><strong>qui-</strong></span> 
     </span>
    </p>
   </div>
   <div class='ocr_carea' id='block_1_98' title="bbox 470 4930 2050 5001">
    <p class='ocr_par' dir='ltr' id='par_1_98' title="bbox 470 4930 2050 5001">
     <span class='ocr_line' id='line_1_98' title="bbox 470 4930 2050 5001; baseline 0.006 -19"><span class='ocrx_word' id='word_1_717' title='bbox 470 4930 597 4994; x_wconf 70' lang='lat' dir='ltr'><strong>dam</strong></span> <span class='ocrx_word' id='word_1_718' title='bbox 629 4938 684 4983; x_wconf 81' lang='lat' dir='ltr'><strong>ct</strong></span> <span class='ocrx_word' id='word_1_719' title='bbox 706 4931 907 5001; x_wconf 76' lang='lat' dir='ltr'><strong>exigua</strong></span> <span class='ocrx_word' id='word_1_720' title='bbox 943 4931 1122 5001; x_wconf 80' lang='lat' dir='ltr'><strong>imago</strong></span> <span class='ocrx_word' id='word_1_721' title='bbox 1150 4933 1376 4987; x_wconf 85' lang='lat' dir='ltr'><strong>Antonii</strong></span> <span class='ocrx_word' id='word_1_722' title='bbox 1408 4933 1533 4988; x_wconf 61' lang='lat' dir='ltr'><strong>vita</strong></span> <span class='ocrx_word' id='word_1_723' title='bbox 1562 4944 1618 4988; x_wconf 88' lang='lat' dir='ltr'><strong>et</strong></span> <span class='ocrx_word' id='word_1_724' title='bbox 1649 4934 1909 5001; x_wconf 88' lang='lat' dir='ltr'><strong>instituti,</strong></span> <span class='ocrx_word' id='word_1_725' title='bbox 1936 4937 2050 4991; x_wconf 88' lang='lat' dir='ltr'><strong>sint</strong></span> 
     </span>
    </p>
   </div>
   <div class='ocr_carea' id='block_1_99' title="bbox 469 5025 2049 5098">
    <p class='ocr_par' dir='ltr' id='par_1_99' title="bbox 469 5025 2049 5098">
     <span class='ocr_line' id='line_1_99' title="bbox 469 5025 2049 5098; baseline 0.004 -18"><span class='ocrx_word' id='word_1_726' title='bbox 469 5026 720 5094; x_wconf 59' lang='lat' dir='ltr'><strong>exposita</strong></span> <span class='ocrx_word' id='word_1_727' title='bbox 749 5042 765 5080; x_wconf 85' lang='lat'><strong>:</strong></span> <span class='ocrx_word' id='word_1_728' title='bbox 798 5034 856 5078; x_wconf 92' lang='lat' dir='ltr'><strong>ut</strong></span> <span class='ocrx_word' id='word_1_729' title='bbox 889 5041 957 5081; x_wconf 71' lang='lat' dir='ltr'><strong>ex</strong></span> <span class='ocrx_word' id='word_1_730' title='bbox 1000 5025 1089 5080; x_wconf 90' lang='lat' dir='ltr'><strong>his</strong></span> <span class='ocrx_word' id='word_1_731' title='bbox 1134 5025 1448 5080; x_wconf 82' lang='lat' dir='ltr'><strong>universam</strong></span> <span class='ocrx_word' id='word_1_732' title='bbox 1480 5027 1622 5098; x_wconf 89' lang='lat' dir='ltr'><strong>ejus,</strong></span> <span class='ocrx_word' id='word_1_733' title='bbox 1663 5028 1844 5097; x_wconf 83' lang='lat' dir='ltr'><strong>qualis</strong></span> <span class='ocrx_word' id='word_1_734' title='bbox 1881 5029 2049 5089; x_wconf 79' lang='lat' dir='ltr'><strong>fuerit</strong></span> 
     </span>
    </p>
   </div>
   <div class='ocr_carea' id='block_1_100' title="bbox 475 5118 2048 5189">
    <p class='ocr_par' dir='ltr' id='par_1_100' title="bbox 475 5118 2048 5189">
     <span class='ocr_line' id='line_1_100' title="bbox 475 5118 2048 5189; baseline 0.006 -17"><span class='ocrx_word' id='word_1_735' title='bbox 475 5118 874 5188; x_wconf 66' lang='lat' dir='ltr'><strong>ihiiosOphiam</strong></span> <span class='ocrx_word' id='word_1_736' title='bbox 922 5118 1270 5189; x_wconf 88' lang='lat' dir='ltr'><strong>colligamus.</strong></span> <span class='ocrx_word' id='word_1_737' title='bbox 1314 5118 1490 5186; x_wconf 87' lang='lat' dir='ltr'><strong>Quam</strong></span> <span class='ocrx_word' id='word_1_738' title='bbox 1549 5120 1720 5177; x_wconf 83' lang='lat' dir='ltr'><strong>rebus</strong></span> <span class='ocrx_word' id='word_1_739' title='bbox 1785 5122 2048 5181; x_wconf 81' lang='lat' dir='ltr'><strong>omnibus</strong></span> 
     </span>
    </p>
   </div>
   <div class='ocr_carea' id='block_1_101' title="bbox 473 5212 2045 5284">
    <p class='ocr_par' dir='ltr' id='par_1_101' title="bbox 473 5212 2045 5284">
     <span class='ocr_line' id='line_1_101' title="bbox 473 5212 2045 5284; baseline 0.004 -19"><span class='ocrx_word' id='word_1_740' title='bbox 473 5212 718 5284; x_wconf 77' lang='lat' dir='ltr'><strong>optimus</strong></span> <span class='ocrx_word' id='word_1_741' title='bbox 760 5212 1118 5279; x_wconf 79' lang='lat' dir='ltr'><strong>Athanasius,</strong></span> <span class='ocrx_word' id='word_1_742' title='bbox 1164 5212 1254 5268; x_wconf 86' lang='lat' dir='ltr'><strong>cui</strong></span> <span class='ocrx_word' id='word_1_743' title='bbox 1289 5214 1456 5269; x_wconf 86' lang='lat' dir='ltr'><strong>etiam</strong></span> <span class='ocrx_word' id='word_1_744' title='bbox 1507 5212 1614 5268; x_wconf 83' lang='lat' dir='ltr'><strong>fuit</strong></span> <span class='ocrx_word' id='word_1_745' title='bbox 1661 5215 2045 5281; x_wconf 80' lang='lat' dir='ltr'><strong>charissimus,</strong></span> 
     </span>
    </p>
   </div>
   <div class='ocr_carea' id='block_1_102' title="bbox 474 5290 2043 5377">
    <p class='ocr_par' dir='ltr' id='par_1_102' title="bbox 474 5290 2043 5377">
     <span class='ocr_line' id='line_1_102' title="bbox 474 5290 2043 5377; baseline 0.002 -14"><span class='ocrx_word' id='word_1_746' title='bbox 474 5290 697 5377; x_wconf 77' lang='lat' dir='ltr'><strong>copiose</strong></span> <span class='ocrx_word' id='word_1_747' title='bbox 741 5307 1018 5361; x_wconf 67' lang='lat' dir='ltr'><strong>memoriae</strong></span> <span class='ocrx_word' id='word_1_748' title='bbox 1064 5307 1404 5376; x_wconf 85' lang='lat' dir='ltr'><strong>posteritatis</strong></span> <span class='ocrx_word' id='word_1_749' title='bbox 1457 5308 1657 5365; x_wconf 86' lang='lat' dir='ltr'><strong>litteris</strong></span> <span class='ocrx_word' id='word_1_750' title='bbox 1703 5309 1981 5365; x_wconf 83' lang='lat' dir='ltr'><strong>mandavit</strong></span> <span class='ocrx_word' id='word_1_751' title='bbox 2027 5327 2043 5367; x_wconf 89' lang='lat'><strong>:</strong></span> 
     </span>
    </p>
   </div>
   <div class='ocr_carea' id='block_1_103' title="bbox 474 5400 2046 5475">
    <p class='ocr_par' dir='ltr' id='par_1_103' title="bbox 474 5400 2046 5475">
     <span class='ocr_line' id='line_1_103' title="bbox 474 5400 2046 5475; baseline 0.004 -21"><span class='ocrx_word' id='word_1_752' title='bbox 474 5400 872 5466; x_wconf 77' lang='lat' dir='ltr'><strong>certaminibus</strong></span> <span class='ocrx_word' id='word_1_753' title='bbox 898 5403 1020 5469; x_wconf 84' lang='lat' dir='ltr'><strong>ejus</strong></span> <span class='ocrx_word' id='word_1_754' title='bbox 1045 5412 1240 5457; x_wconf 84' lang='lat' dir='ltr'><strong>contra</strong></span> <span class='ocrx_word' id='word_1_755' title='bbox 1263 5402 1565 5467; x_wconf 81' lang='lat' dir='ltr'><strong>daemones,</strong></span> <span class='ocrx_word' id='word_1_756' title='bbox 1592 5413 1649 5459; x_wconf 90' lang='lat' dir='ltr'><strong>et</strong></span> <span class='ocrx_word' id='word_1_757' title='bbox 1668 5404 1886 5461; x_wconf 86' lang='lat' dir='ltr'><strong>artibus</strong></span> <span class='ocrx_word' id='word_1_758' title='bbox 1907 5420 2046 5475; x_wconf 84' lang='lat' dir='ltr'><strong>quas</strong></span> 
     </span>
    </p>
   </div>
   <div class='ocr_carea' id='block_1_104' title="bbox 475 5493 2046 5567">
    <p class='ocr_par' dir='ltr' id='par_1_104' title="bbox 475 5493 2046 5567">
     <span class='ocr_line' id='line_1_104' title="bbox 475 5493 2046 5567; baseline 0.004 -22"><span class='ocrx_word' id='word_1_759' title='bbox 475 5493 741 5556; x_wconf 79' lang='lat' dir='ltr'><strong>adversus</strong></span> <span class='ocrx_word' id='word_1_760' title='bbox 779 5493 901 5559; x_wconf 81' lang='lat' dir='ltr'><strong>illos</strong></span> <span class='ocrx_word' id='word_1_761' title='bbox 934 5493 1240 5554; x_wconf 82' lang='lat' dir='ltr'><strong>adinvenit.</strong></span> <span class='ocrx_word' id='word_1_762' title='bbox 1273 5496 1510 5565; x_wconf 78' lang='lat' dir='ltr'><strong>aliisque</strong></span> <span class='ocrx_word' id='word_1_763' title='bbox 1543 5501 1667 5553; x_wconf 70' lang='lat' dir='ltr'><strong>vita:</strong></span> <span class='ocrx_word' id='word_1_764' title='bbox 1697 5496 1961 5567; x_wconf 86' lang='lat' dir='ltr'><strong>prodigiis</strong></span> <span class='ocrx_word' id='word_1_765' title='bbox 1990 5507 2046 5552; x_wconf 86' lang='lat' dir='ltr'><strong>et</strong></span> 
     </span>
    </p>
   </div>
   <div class='ocr_carea' id='block_1_105' title="bbox 479 5584 2043 5656">
    <p class='ocr_par' dir='ltr' id='par_1_105' title="bbox 479 5584 2043 5656">
     <span class='ocr_line' id='line_1_105' title="bbox 479 5584 2043 5656; baseline 0.007 -21"><span class='ocrx_word' id='word_1_766' title='bbox 479 5584 644 5642; x_wconf 64' lang='lat' dir='ltr'><strong>rehus</strong></span> <span class='ocrx_word' id='word_1_767' title='bbox 680 5585 970 5652; x_wconf 78' lang='lat' dir='ltr'><strong>quibusvis</strong></span> <span class='ocrx_word' id='word_1_768' title='bbox 996 5588 1349 5656; x_wconf 84' lang='lat' dir='ltr'><strong>conscriptis,</strong></span> <span class='ocrx_word' id='word_1_769' title='bbox 1385 5596 1445 5641; x_wconf 91' lang='lat' dir='ltr'><strong>ut</strong></span> <span class='ocrx_word' id='word_1_770' title='bbox 1491 5588 1632 5643; x_wconf 86' lang='lat' dir='ltr'><strong>liber</strong></span> <span class='ocrx_word' id='word_1_771' title='bbox 1674 5591 1721 5643; x_wconf 88' lang='lat' dir='ltr'><strong>is</strong></span> <span class='ocrx_word' id='word_1_772' title='bbox 1753 5590 2043 5646; x_wconf 74' lang='lat' dir='ltr'><strong>monastici</strong></span> 
     </span>
    </p>
   </div>
   <div class='ocr_carea' id='block_1_106' title="bbox 478 5676 2043 5749">
    <p class='ocr_par' dir='ltr' id='par_1_106' title="bbox 478 5676 2043 5749">
     <span class='ocr_line' id='line_1_106' title="bbox 478 5676 2043 5749; baseline 0.004 -21"><span class='ocrx_word' id='word_1_773' title='bbox 478 5676 712 5733; x_wconf 69' lang='lat' dir='ltr'><strong>instituti</strong></span> <span class='ocrx_word' id='word_1_774' title='bbox 758 5692 856 5730; x_wconf 80' lang='lat' dir='ltr'><strong>C(‘U</strong></span> <span class='ocrx_word' id='word_1_775' title='bbox 912 5679 1209 5749; x_wconf 78' lang='lat' dir='ltr'><strong>descriptio</strong></span> <span class='ocrx_word' id='word_1_776' title='bbox 1242 5680 1491 5749; x_wconf 77' lang='lat' dir='ltr'><strong>qmedmn</strong></span> <span class='ocrx_word' id='word_1_777' title='bbox 1543 5689 1707 5734; x_wconf 72' lang='lat' dir='ltr'><strong>esset.</strong></span> <span class='ocrx_word' id='word_1_778' title='bbox 1760 5678 1950 5734; x_wconf 91' lang='lat' dir='ltr'><strong>Itidem</strong></span> <span class='ocrx_word' id='word_1_779' title='bbox 1984 5689 2043 5734; x_wconf 89' lang='lat' dir='ltr'><strong>ut</strong></span> 
     </span>
    </p>
   </div>
   <div class='ocr_carea' id='block_1_107' title="bbox 478 5767 2039 5843">
    <p class='ocr_par' dir='ltr' id='par_1_107' title="bbox 478 5767 2039 5843">
     <span class='ocr_line' id='line_1_107' title="bbox 478 5767 2039 5843; baseline 0.003 -23"><span class='ocrx_word' id='word_1_780' title='bbox 478 5767 625 5826; x_wconf 71' lang='lat' dir='ltr'><strong>idrra</strong></span> <span class='ocrx_word' id='word_1_781' title='bbox 667 5768 999 5828; x_wconf 76' lang='lat' dir='ltr'><strong>Athanasius</strong></span> <span class='ocrx_word' id='word_1_782' title='bbox 1035 5771 1090 5825; x_wconf 89' lang='lat' dir='ltr'><strong>in</strong></span> <span class='ocrx_word' id='word_1_783' title='bbox 1118 5772 1237 5826; x_wconf 84' lang='lat' dir='ltr'><strong>Vita</strong></span> <span class='ocrx_word' id='word_1_784' title='bbox 1281 5772 1622 5843; x_wconf 72' lang='lat' dir='ltr'><strong>Sym-lcliccs</strong></span> <span class='ocrx_word' id='word_1_785' title='bbox 1660 5771 1736 5842; x_wconf 88' lang='lat' dir='ltr'><strong>(l)</strong></span> <span class='ocrx_word' id='word_1_786' title='bbox 1777 5772 1926 5838; x_wconf 80' lang='lat' dir='ltr'><strong>fecit,</strong></span> <span class='ocrx_word' id='word_1_787' title='bbox 1958 5781 2039 5838; x_wconf 86' lang='lat' dir='ltr'><strong>ut,</strong></span> 
     </span>
    </p>
   </div>
   <div class='ocr_carea' id='block_1_108' title="bbox 2157 4655 3737 4739">
    <p class='ocr_par' dir='ltr' id='par_1_108' title="bbox 2157 4655 3737 4739">
     <span class='ocr_line' id='line_1_108' title="bbox 2157 4655 3737 4739; baseline 0.01 -31"><span class='ocrx_word' id='word_1_788' title='bbox 2157 4655 2485 4726; x_wconf 81' lang='grc' dir='ltr'><strong>διηγήσεως.</strong></span> <span class='ocrx_word' id='word_1_789' title='bbox 2510 4659 2746 4724; x_wconf 74' lang='grc' dir='ltr'><strong>Πολλοὺς</strong></span> <span class='ocrx_word' id='word_1_790' title='bbox 2775 4660 2831 4715; x_wconf 67' lang='grc' dir='ltr'><strong>δὲ</strong></span> <span class='ocrx_word' id='word_1_791' title='bbox 2860 4663 2955 4717; x_wconf 76' lang='grc' dir='ltr'><strong>καὶ</strong></span> <span class='ocrx_word' id='word_1_792' title='bbox 2986 4666 3255 4735; x_wconf 80' lang='grc' dir='ltr'><strong>φοιτητὰς</strong></span> <span class='ocrx_word' id='word_1_793' title='bbox 3284 4667 3433 4736; x_wconf 66' lang='grc' dir='ltr'><strong>ἔσχε,</strong></span> <span class='ocrx_word' id='word_1_794' title='bbox 3476 4668 3737 4739; x_wconf 83' lang='grc' dir='ltr'><strong>δοκίμους</strong></span> 
     </span>
    </p>
   </div>
   <div class='ocr_carea' id='block_1_109' title="bbox 2156 4750 3735 4832">
    <p class='ocr_par' dir='ltr' id='par_1_109' title="bbox 2156 4750 3735 4832">
     <span class='ocr_line' id='line_1_109' title="bbox 2156 4750 3735 4832; baseline 0.01 -31"><span class='ocrx_word' id='word_1_795' title='bbox 2156 4765 2216 4801; x_wconf 86' lang='grc' dir='ltr'><strong>τε</strong></span> <span class='ocrx_word' id='word_1_796' title='bbox 2250 4750 2344 4803; x_wconf 76' lang='grc' dir='ltr'><strong>καὶ</strong></span> <span class='ocrx_word' id='word_1_797' title='bbox 2370 4752 2463 4805; x_wconf 83' lang='grc' dir='ltr'><strong>τὸν</strong></span> <span class='ocrx_word' id='word_1_798' title='bbox 2495 4751 2823 4808; x_wconf 80' lang='grc' dir='ltr'><strong>διδάσκαλον</strong></span> <span class='ocrx_word' id='word_1_799' title='bbox 2860 4756 3233 4827; x_wconf 79' lang='grc' dir='ltr'><strong>ἀποχρώντως</strong></span> <span class='ocrx_word' id='word_1_800' title='bbox 3265 4759 3735 4832; x_wconf 77' lang='grc' dir='ltr'><strong>ἐνδεικνυμένους,</strong></span> 
     </span>
    </p>
   </div>
   <div class='ocr_carea' id='block_1_110' title="bbox 2151 4844 3713 4926">
    <p class='ocr_par' dir='ltr' id='par_1_110' title="bbox 2151 4844 3713 4926">
     <span class='ocr_line' id='line_1_110' title="bbox 2151 4844 3713 4926; baseline 0.01 -33"><span class='ocrx_word' id='word_1_801' title='bbox 2151 4844 2217 4912; x_wconf 80' lang='grc' dir='ltr'><strong>τῇ</strong></span> <span class='ocrx_word' id='word_1_802' title='bbox 2250 4860 2307 4895; x_wconf 87' lang='grc' dir='ltr'><strong>τε</strong></span> <span class='ocrx_word' id='word_1_803' title='bbox 2353 4844 2578 4917; x_wconf 79' lang='grc' dir='ltr'><strong>παιδείᾳ</strong></span> <span class='ocrx_word' id='word_1_804' title='bbox 2623 4846 2721 4901; x_wconf 75' lang='grc' dir='ltr'><strong>καὶ</strong></span> <span class='ocrx_word' id='word_1_805' title='bbox 2765 4847 3061 4919; x_wconf 60' lang='grc' dir='ltr'><strong>φιλοσοφίᾳ.</strong></span> <span class='ocrx_word' id='word_1_806' title='bbox 3089 4851 3185 4904; x_wconf 73' lang='grc' dir='ltr'><strong>καὶ</strong></span> <span class='ocrx_word' id='word_1_807' title='bbox 3224 4855 3294 4922; x_wconf 80' lang='grc' dir='ltr'><strong>τῇ</strong></span> <span class='ocrx_word' id='word_1_808' title='bbox 3347 4850 3508 4924; x_wconf 75' lang='grc' dir='ltr'><strong>λοιπῇ</strong></span> <span class='ocrx_word' id='word_1_809' title='bbox 3542 4857 3713 4926; x_wconf 81' lang='grc' dir='ltr'><strong>ἀρετῇ</strong></span> 
     </span>
    </p>
   </div>
   <div class='ocr_carea' id='block_1_111' title="bbox 2150 4926 3735 5011">
    <p class='ocr_par' dir='ltr' id='par_1_111' title="bbox 2150 4926 3735 5011">
     <span class='ocr_line' id='line_1_111' title="bbox 2150 4926 3735 5011; baseline 0.009 -26"><span class='ocrx_word' id='word_1_810' title='bbox 2150 4926 2254 4986; x_wconf 78' lang='grc' dir='ltr'><strong>Ὧν</strong></span> <span class='ocrx_word' id='word_1_811' title='bbox 2306 4934 2357 4986; x_wconf 86' lang='lat' dir='ltr'><strong>oi.</strong></span> <span class='ocrx_word' id='word_1_812' title='bbox 2420 4934 2520 5003; x_wconf 79' lang='grc' dir='ltr'><strong>μὲν</strong></span> <span class='ocrx_word' id='word_1_813' title='bbox 2565 4937 2624 4987; x_wconf 82' lang='grc' dir='ltr'><strong>ὲν</strong></span> <span class='ocrx_word' id='word_1_814' title='bbox 2647 4936 2912 5005; x_wconf 72' lang='grc' dir='ltr'><strong>Αἰγύπτῳ</strong></span> <span class='ocrx_word' id='word_1_815' title='bbox 2942 4940 3037 4991; x_wconf 80' lang='grc' dir='ltr'><strong>καὶ</strong></span> <span class='ocrx_word' id='word_1_816' title='bbox 3066 4938 3264 5011; x_wconf 76' lang='grc' dir='ltr'><strong>Λιϐύῃ,</strong></span> <span class='ocrx_word' id='word_1_817' title='bbox 3290 4942 3340 4993; x_wconf 75' lang='lat' dir='ltr'><strong>oi</strong></span> <span class='ocrx_word' id='word_1_818' title='bbox 3368 4942 3418 4994; x_wconf 83' lang='grc' dir='ltr'><strong>δ’</strong></span> <span class='ocrx_word' id='word_1_819' title='bbox 3440 4944 3499 4995; x_wconf 65' lang='grc' dir='ltr'><strong>ἐν</strong></span> <span class='ocrx_word' id='word_1_820' title='bbox 3531 4946 3571 4997; x_wconf 82' lang='lat' dir='ltr'><strong>ll</strong></span> <span class='ocrx_word' id='word_1_821' title='bbox 3585 4945 3735 4999; x_wconf 63' lang='lat' dir='ltr'><strong>112t-</strong></span> 
     </span>
    </p>
   </div>
   <div class='ocr_carea' id='block_1_112' title="bbox 2153 5025 3734 5104">
    <p class='ocr_par' dir='ltr' id='par_1_112' title="bbox 2153 5025 3734 5104">
     <span class='ocr_line' id='line_1_112' title="bbox 2153 5025 3734 5104; baseline 0.006 -25"><span class='ocrx_word' id='word_1_822' title='bbox 2153 5025 2308 5098; x_wconf 79' lang='grc' dir='ltr'><strong>στίνῃ</strong></span> <span class='ocrx_word' id='word_1_823' title='bbox 2342 5028 2461 5093; x_wconf 51' lang='lat' dir='ltr'><strong>ista)</strong></span> <span class='ocrx_word' id='word_1_824' title='bbox 2517 5027 2689 5100; x_wconf 83' lang='grc' dir='ltr'><strong>Συρίᾳ</strong></span> <span class='ocrx_word' id='word_1_825' title='bbox 2718 5030 2814 5082; x_wconf 75' lang='grc' dir='ltr'><strong>καὶ</strong></span> <span class='ocrx_word' id='word_1_826' title='bbox 2843 5029 3137 5104; x_wconf 75' lang='grc' dir='ltr'><strong>’Δρραδίᾳ,</strong></span> <span class='ocrx_word' id='word_1_827' title='bbox 3166 5032 3232 5085; x_wconf 82' lang='grc' dir='ltr'><strong>τὸ</strong></span> <span class='ocrx_word' id='word_1_828' title='bbox 3263 5029 3579 5103; x_wconf 72' lang='grc' dir='ltr'><strong>φιλοσοφεῖν</strong></span> <span class='ocrx_word' id='word_1_829' title='bbox 3603 5040 3734 5089; x_wconf 79' lang='grc' dir='ltr'><strong>ἐπε-</strong></span> 
     </span>
    </p>
   </div>
   <div class='ocr_carea' id='block_1_113' title="bbox 2148 5117 3733 5195">
    <p class='ocr_par' dir='ltr' id='par_1_113' title="bbox 2148 5117 3733 5195">
     <span class='ocr_line' id='line_1_113' title="bbox 2148 5117 3733 5195; baseline 0.006 -22"><span class='ocrx_word' id='word_1_830' title='bbox 2148 5117 2413 5183; x_wconf 81' lang='grc' dir='ltr'><strong>δείξαντο.</strong></span> <span class='ocrx_word' id='word_1_831' title='bbox 2454 5121 2596 5191; x_wconf 80' lang='grc' dir='ltr'><strong>Περὶ</strong></span> <span class='ocrx_word' id='word_1_832' title='bbox 2645 5121 2900 5175; x_wconf 86' lang='grc' dir='ltr'><strong>πλείστου</strong></span> <span class='ocrx_word' id='word_1_833' title='bbox 2946 5123 2993 5177; x_wconf 77' lang='grc' dir='ltr'><strong>δ’</strong></span> <span class='ocrx_word' id='word_1_834' title='bbox 3022 5118 3165 5195; x_wconf 76' lang='grc' dir='ltr'><strong>ἦσαν</strong></span> <span class='ocrx_word' id='word_1_835' title='bbox 3217 5125 3311 5179; x_wconf 71' lang='grc' dir='ltr'><strong>καὶ</strong></span> <span class='ocrx_word' id='word_1_836' title='bbox 3346 5120 3493 5180; x_wconf 72' lang='grc' dir='ltr'><strong>οὗτοι</strong></span> <span class='ocrx_word' id='word_1_837' title='bbox 3537 5130 3636 5182; x_wconf 79' lang='grc' dir='ltr'><strong>καὶ</strong></span> <span class='ocrx_word' id='word_1_838' title='bbox 3684 5135 3733 5182; x_wconf 77' lang='grc' dir='ltr'><strong>οἱ</strong></span> 
     </span>
    </p>
   </div>
   <div class='ocr_carea' id='block_1_114' title="bbox 2149 5212 3734 5290">
    <p class='ocr_par' dir='ltr' id='par_1_114' title="bbox 2149 5212 3734 5290">
     <span class='ocr_line' id='line_1_114' title="bbox 2149 5212 3734 5290; baseline 0.004 -25"><span class='ocrx_word' id='word_1_839' title='bbox 2149 5212 2353 5266; x_wconf 82' lang='grc' dir='ltr'><strong>τούτων</strong></span> <span class='ocrx_word' id='word_1_840' title='bbox 2391 5213 2630 5285; x_wconf 81' lang='grc' dir='ltr'><strong>διάδοχοι</strong></span> <span class='ocrx_word' id='word_1_841' title='bbox 2683 5214 2762 5278; x_wconf 74' lang='grc' dir='ltr'><strong>ὡς</strong></span> <span class='ocrx_word' id='word_1_842' title='bbox 2820 5215 2984 5286; x_wconf 68' lang='grc' dir='ltr'><strong>ἔργον</strong></span> <span class='ocrx_word' id='word_1_843' title='bbox 3030 5219 3208 5275; x_wconf 72' lang='grc' dir='ltr'><strong>ποιεῖν</strong></span> <span class='ocrx_word' id='word_1_844' title='bbox 3229 5219 3440 5284; x_wconf 84' lang='grc' dir='ltr'><strong>πάντας</strong></span> <span class='ocrx_word' id='word_1_845' title='bbox 3463 5221 3590 5284; x_wconf 68' lang='grc' dir='ltr'><strong>τοὺς</strong></span> <span class='ocrx_word' id='word_1_846' title='bbox 3615 5221 3734 5290; x_wconf 79' lang='grc' dir='ltr'><strong>Θεῷ</strong></span> 
     </span>
    </p>
   </div>
   <div class='ocr_carea' id='block_1_115' title="bbox 2149 5307 3732 5381">
    <p class='ocr_par' dir='ltr' id='par_1_115' title="bbox 2149 5307 3732 5381">
     <span class='ocr_line' id='line_1_115' title="bbox 2149 5307 3732 5381; baseline 0.006 -22"><span class='ocrx_word' id='word_1_847' title='bbox 2149 5307 2463 5381; x_wconf 72' lang='grc' dir='ltr'><strong>ᾑρημένους</strong></span> <span class='ocrx_word' id='word_1_848' title='bbox 2508 5308 2681 5379; x_wconf 80' lang='grc' dir='ltr'><strong>βιοῦν,</strong></span> <span class='ocrx_word' id='word_1_849' title='bbox 2729 5310 2825 5362; x_wconf 75' lang='grc' dir='ltr'><strong>καὶ</strong></span> <span class='ocrx_word' id='word_1_850' title='bbox 2880 5309 3083 5373; x_wconf 67' lang='grc' dir='ltr'><strong>αὐτοὺς</strong></span> <span class='ocrx_word' id='word_1_851' title='bbox 3134 5312 3428 5379; x_wconf 73' lang='grc' dir='ltr'><strong>ἐκζητεῖν,</strong></span> <span class='ocrx_word' id='word_1_852' title='bbox 3466 5312 3562 5366; x_wconf 75' lang='grc' dir='ltr'><strong>καὶ</strong></span> <span class='ocrx_word' id='word_1_853' title='bbox 3601 5314 3732 5381; x_wconf 80' lang='grc' dir='ltr'><strong>παρ’</strong></span> 
     </span>
    </p>
   </div>
   <div class='ocr_carea' id='block_1_116' title="bbox 2144 5397 3733 5467">
    <p class='ocr_par' dir='ltr' id='par_1_116' title="bbox 2144 5397 3733 5467">
     <span class='ocr_line' id='line_1_116' title="bbox 2144 5397 3733 5467; baseline 0.003 -16"><span class='ocrx_word' id='word_1_854' title='bbox 2144 5397 2331 5451; x_wconf 83' lang='grc' dir='ltr'><strong>αὐτῶν</strong></span> <span class='ocrx_word' id='word_1_855' title='bbox 2360 5397 2421 5451; x_wconf 81' lang='grc' dir='ltr'><strong>τὸ</strong></span> <span class='ocrx_word' id='word_1_856' title='bbox 2446 5398 2700 5467; x_wconf 83' lang='grc' dir='ltr'><strong>ποιητέον</strong></span> <span class='ocrx_word' id='word_1_857' title='bbox 2728 5398 3215 5460; x_wconf 79' lang='grc' dir='ltr'><strong>ἀναδιδάσκεσθαι.</strong></span> <span class='ocrx_word' id='word_1_858' title='bbox 3240 5400 3577 5464; x_wconf 77' lang='grc' dir='ltr'><strong>σπεύδοντας</strong></span> <span class='ocrx_word' id='word_1_859' title='bbox 3611 5408 3733 5456; x_wconf 63' lang='grc' dir='ltr'><strong>ἐπι.</strong></span> 
     </span>
    </p>
   </div>
   <div class='ocr_carea' id='block_1_117' title="bbox 2146 5488 3731 5567">
    <p class='ocr_par' dir='ltr' id='par_1_117' title="bbox 2146 5488 3731 5567">
     <span class='ocr_line' id='line_1_117' title="bbox 2146 5488 3731 5567; baseline 0.003 -23"><span class='ocrx_word' id='word_1_860' title='bbox 2146 5492 2328 5562; x_wconf 84' lang='grc' dir='ltr'><strong>μελῶς</strong></span> <span class='ocrx_word' id='word_1_861' title='bbox 2376 5491 2739 5563; x_wconf 76' lang='grc' dir='ltr'><strong>κρύπτεσθαι,</strong></span> <span class='ocrx_word' id='word_1_862' title='bbox 2791 5493 2893 5563; x_wconf 70' lang='grc' dir='ltr'><strong>οὐχ</strong></span> <span class='ocrx_word' id='word_1_863' title='bbox 2947 5488 3113 5564; x_wconf 83' lang='grc' dir='ltr'><strong>ἦττον</strong></span> <span class='ocrx_word' id='word_1_864' title='bbox 3172 5495 3319 5566; x_wconf 70' lang='grc' dir='ltr'><strong>ἥπερ</strong></span> <span class='ocrx_word' id='word_1_865' title='bbox 3353 5498 3402 5548; x_wconf 77' lang='lat' dir='ltr'><strong>oi</strong></span> <span class='ocrx_word' id='word_1_866' title='bbox 3444 5500 3541 5549; x_wconf 79' lang='grc' dir='ltr'><strong>νῦν</strong></span> <span class='ocrx_word' id='word_1_867' title='bbox 3575 5498 3731 5567; x_wconf 45' lang='lat' dir='ltr'><strong>«se...</strong></span> 
     </span>
    </p>
   </div>
   <div class='ocr_carea' id='block_1_118' title="bbox 2148 5584 3733 5659">
    <p class='ocr_par' dir='ltr' id='par_1_118' title="bbox 2148 5584 3733 5659">
     <span class='ocr_line' id='line_1_118' title="bbox 2148 5584 3733 5659; baseline 0.003 -21"><span class='ocrx_word' id='word_1_868' title='bbox 2148 5585 2244 5638; x_wconf 70' lang='grc' dir='ltr'><strong>καὶ</strong></span> <span class='ocrx_word' id='word_1_869' title='bbox 2293 5584 2527 5655; x_wconf 79' lang='grc' dir='ltr'><strong>διακένῳ</strong></span> <span class='ocrx_word' id='word_1_870' title='bbox 2575 5585 2859 5657; x_wconf 74' lang='grc' dir='ltr'><strong>φιλοτιμίᾳ</strong></span> <span class='ocrx_word' id='word_1_871' title='bbox 2892 5585 3183 5651; x_wconf 80' lang='grc' dir='ltr'><strong>σοϐοῦντες</strong></span> <span class='ocrx_word' id='word_1_872' title='bbox 3230 5590 3321 5642; x_wconf 79' lang='grc' dir='ltr'><strong>διὰ</strong></span> <span class='ocrx_word' id='word_1_873' title='bbox 3378 5590 3479 5657; x_wconf 82' lang='grc' dir='ltr'><strong>τῆς</strong></span> <span class='ocrx_word' id='word_1_874' title='bbox 3520 5592 3733 5659; x_wconf 66' lang='grc' dir='ltr'><strong>ἀγορᾶς</strong></span> 
     </span>
    </p>
   </div>
   <div class='ocr_carea' id='block_1_119' title="bbox 2147 5675 3731 5750">
    <p class='ocr_par' dir='ltr' id='par_1_119' title="bbox 2147 5675 3731 5750">
     <span class='ocr_line' id='line_1_119' title="bbox 2147 5675 3731 5750; baseline 0.003 -18"><span class='ocrx_word' id='word_1_875' title='bbox 2147 5676 2585 5747; x_wconf 70' lang='grc' dir='ltr'><strong>ἔκπομπεὺουσι.</strong></span> <span class='ocrx_word' id='word_1_876' title='bbox 2620 5679 2812 5732; x_wconf 71' lang='grc' dir='ltr'><strong>Πολλοὶ</strong></span> <span class='ocrx_word' id='word_1_877' title='bbox 2848 5678 2949 5748; x_wconf 81' lang='grc' dir='ltr'><strong>μὲν</strong></span> <span class='ocrx_word' id='word_1_878' title='bbox 2979 5675 3075 5735; x_wconf 79' lang='grc' dir='ltr'><strong>οὖν</strong></span> <span class='ocrx_word' id='word_1_879' title='bbox 3111 5682 3220 5734; x_wconf 80' lang='grc' dir='ltr'><strong>τῶν</strong></span> <span class='ocrx_word' id='word_1_880' title='bbox 3274 5683 3440 5734; x_wconf 73' lang='grc' dir='ltr'><strong>αὐτοῦ</strong></span> <span class='ocrx_word' id='word_1_881' title='bbox 3477 5685 3731 5750; x_wconf 61' lang='grc' dir='ltr'><strong>ἐγένοντο</strong></span> 
     </span>
    </p>
   </div>
   <div class='ocr_carea' id='block_1_120' title="bbox 2148 5771 3730 5842">
    <p class='ocr_par' dir='ltr' id='par_1_120' title="bbox 2148 5771 3730 5842">
     <span class='ocr_line' id='line_1_120' title="bbox 2148 5771 3730 5842; baseline 0.004 -20"><span class='ocrx_word' id='word_1_882' title='bbox 2148 5771 2430 5836; x_wconf 79' lang='grc' dir='ltr'><strong>εὐδόκιμοι</strong></span> <span class='ocrx_word' id='word_1_883' title='bbox 2483 5773 2769 5841; x_wconf 84' lang='grc' dir='ltr'><strong>φοιτηταί·</strong></span> <span class='ocrx_word' id='word_1_884' title='bbox 2820 5773 2915 5825; x_wconf 75' lang='grc' dir='ltr'><strong>καὶ</strong></span> <span class='ocrx_word' id='word_1_885' title='bbox 2958 5773 3169 5838; x_wconf 85' lang='grc' dir='ltr'><strong>Παῦλος</strong></span> <span class='ocrx_word' id='word_1_886' title='bbox 3218 5774 3262 5827; x_wconf 83' lang='grc' dir='ltr'><strong>δ’</strong></span> <span class='ocrx_word' id='word_1_887' title='bbox 3298 5777 3531 5842; x_wconf 64' lang='grc' dir='ltr'><strong>ἐκεῖνος,</strong></span> <span class='ocrx_word' id='word_1_888' title='bbox 3563 5776 3627 5841; x_wconf 66' lang='grc' dir='ltr'><strong>δςς</strong></span> <span class='ocrx_word' id='word_1_889' title='bbox 3671 5775 3730 5839; x_wconf 70' lang='grc' dir='ltr'><strong>ἐξ</strong></span> 
     </span>
    </p>
   </div>
   <div class='ocr_carea' id='block_1_121' title="bbox 549 5886 2589 5961">
    <p class='ocr_par' dir='ltr' id='par_1_121' title="bbox 549 5886 2589 5961">
     <span class='ocr_line' id='line_1_121' title="bbox 549 5886 2589 5961; baseline -0.001 -21"><span class='ocrx_word' id='word_1_890' title='bbox 549 5888 625 5961; x_wconf 74' lang='grc' dir='ltr'><strong>υ)</strong></span> <span class='ocrx_word' id='word_1_891' title='bbox 661 5886 716 5942; x_wconf 85' lang='lat' dir='ltr'><strong>In</strong></span> <span class='ocrx_word' id='word_1_892' title='bbox 751 5888 887 5944; x_wconf 79' lang='lat' dir='ltr'><strong>Vitis</strong></span> <span class='ocrx_word' id='word_1_893' title='bbox 922 5889 1167 5956; x_wconf 78' lang='lat' dir='ltr'><strong>Patrum,</strong></span> <span class='ocrx_word' id='word_1_894' title='bbox 1198 5890 1505 5960; x_wconf 67' lang='lat' dir='ltr'><strong>Syncleaicc</strong></span> <span class='ocrx_word' id='word_1_895' title='bbox 1551 5891 1695 5946; x_wconf 81' lang='lat' dir='ltr'><strong>inter</strong></span> <span class='ocrx_word' id='word_1_896' title='bbox 1745 5906 1932 5944; x_wconf 83' lang='lat' dir='ltr'><strong>sacras</strong></span> <span class='ocrx_word' id='word_1_897' title='bbox 1965 5888 2281 5943; x_wconf 73' lang='lat' dir='ltr'><strong>aiibalissas</strong></span> <span class='ocrx_word' id='word_1_898' title='bbox 2310 5887 2589 5954; x_wconf 76' lang='lat' dir='ltr'><strong>ailegatur.</strong></span> 
     </span>
    </p>
   </div>
  </div>
