4034 6620
435 454 457 513 1
471 457 538 515 319

1660 468 2083 560 ΝΙῼΕΡΙΙΟΒΙ
2126 473 2473 534 CALLIS'I‘l

3599 480 3707 544 160

436 564 797 620 monasticam
828 574 913 621 est
943 567 1389 640 philosophatus,
1427 572 1513 629 bis
1536 578 1833 645 quotannis
1860 578 2013 633 adire

2128 581 2331 636 πολλῶν
2380 585 2474 638 καὶ
2529 585 2835 639 θεσπεσίων
2874 588 3053 658 ἔργων
3094 589 3353 658 ιγένετοο
3391 591 3489 646 καὶ
3528 594 3706 650 πολλά

432 663 488 706 et
524 656 698 711 visere
744 659 1037 716 mulierem
1094 663 1319 720 solitus.
1368 667 1570 723 Multos
1608 679 1664 725 et
1713 670 1805 725 hic
1843 671 2012 727 veluti

434 746 545 800 dux
572 748 765 804 habuit
790 762 1118 821 sectatores,
1144 766 1200 811 et
1224 758 1395 814 multa
1419 759 1604 815 divina
1622 761 1799 817 edidit
1821 778 2014 832 opera.

435 836 606 893 Multa
653 840 801 898 dicta
850 844 972 915 ejus
1022 860 1427 916 memorantur,
1463 866 1586 921 qua:
1629 852 1700 908 ab
1743 853 2018 926 Egyptiis

428 934 746 1016 .mouaehis,
802 947 1060 993 accurate
1110 940 1234 996 talia
1295 952 1350 998 et
1404 943 1656 1000 studiose
1707 945 2015 1016 inquirere,

440 1013 799 1095 veterumque
830 1030 1230 1085 monachorum
1259 1033 1623 1098 facinoribus,
1651 1036 1770 1093 sive
1798 1037 1853 1092 in
1881 1040 2018 1095 scri-

439 1125 593 1183 ptum
625 1116 739 1172 sint
772 1118 964 1187 relata,
1000 1123 1115 1178 sive
1156 1122 1357 1190 minus,
1386 1125 1649 1183 delectari
1685 1129 1887 1194 solitis,
1916 1144 2017 1200 per

442 1215 751 1277 temporum
795 1213 1203 1270 successionem
1253 1227 1534 1287 percepta,
1580 1218 1748 1275 hodie
1795 1235 2017 1291 quoque

439 1297 716 1362 feruntur,
752 1302 1100 1360 auditoribus
1147 1321 1410 1376 perquam
1451 1309 1725 1379 jucunda.
1767 1311 2015 1380 Quorum

443 1398 501 1443 ut
537 1402 763 1461 gustum
813 1394 1054 1465 aliquem
1094 1413 1488 1468 praponamus,
1521 1401 1638 1458 haec
1684 1404 2020 1475 subiungere

441 1483 595 1541 libet.
633 1485 859 1542 Petebat
898 1504 1131 1557 magnus
1174 1492 1279 1548 iste
1321 1494 1403 1550 vir
1443 1496 1799 1553 solitudinem
1825 1514 2019 1570 quam-

440 1575 567 1630 dam
619 1592 741 1631 cum
764 1578 1041 1650 discipulo
1064 1600 1167 1640 suo
1191 1584 1486 1642 Theodoro
1513 1605 1527 1642 :
1555 1602 1793 1659 cumque
1819 1591 2019 1647 fossam

440 1666 738 1734 quamdam
791 1670 956 1727 undis
1005 1674 1216 1731 scilicet
1267 1678 1533 1748 repletam
1581 1681 1836 1752 trajicere
1879 1697 2020 1751 opus

444 1758 736 1828 haberent,
779 1778 850 1818 ne
893 1776 1077 1823 vestes
1123 1768 1290 1825 altius
1327 1771 1668 1839 attollentes,
1707 1773 1849 1830 alter
1881 1774 2022 1831 alte-

442 1853 559 1906 rius
586 1853 893 1911 nuditatem
927 1860 1300 1929 couspiceret,
1335 1866 1691 1922 retrocedere
1726 1867 2013 1937 paululum

2117 675 2225 728 τῶν
2254 675 2447 746 ἐκείνῳ
2468 675 2746 746 ῥηθέντων
2780 679 3302 750 ἀπομνημονεύεται
3324 695 3340 711 ⁶
3368 683 3405 736 ἀ
3435 684 3552 745 τοῖς
3580 676 3711 738 κατ’

2117 767 2399 836 Αἴγυπτον
2427 770 2686 838 μοναχοϊς
2715 768 2805 822 διά
2835 771 3077 842 σπουδῆς
3107 771 3326 843 ἔχουσιν
3353 774 3623 846 ἀκριϐοῦν
3638 777 3711 830 τά

2116 859 2364 915 τοιαῦτα.
2399 861 2510 914 Καὶ⁸
2537 863 2658 925 ταῖς
2686 860 2799 916 τῶν
2836 863 3218 936 παλαιοτέρων
3245 866 3506 936 ἀσκητῶν
3535 869 3710 938 ἔργα·

2119 949 2266 1014 σίαις
2326 949 2626 1021 ἐγγράφως
2659 967 2720 1004 τε
2752 952 2849 1005 καὶ
2886 951 3156 1022 ἀγράφως
3205 955 3426 1009 είωθόσι
3466 956 3710 1026 χαίρειν,

2118 1043 2175 1103 ες
2198 1039 2360 1110 δεῦρο
2398 1041 2631 1112 φέρεται
2672 1043 2739 1112 τῇ
2784 1041 2881 1098 τοῦ
2911 1044 3106 1115 χρόνου
3132 1043 3382 1117 διαδοχῇ,
3428 1045 3711 1112 ξενίζοντα

2117 1128 2245 1194 τοῦς
2268 1129 2571 1193 ἀκούοντας
2596 1145 2610 1160 “
2637 1123 2713 1185 ὧν
2740 1131 3021 1201 γεύματος
3047 1134 3211 1204 χάριν
3235 1134 3415 1189 ταῦτα
3438 1136 3706 1205 εἰρήσθω.

2131 1219 2330 1292 Ἀπῄει
2357 1220 2387 1273 δ
2421 1220 2597 1291 μέγας
2639 1220 2800 1286 οὗτος
2849 1223 2944 1276 ίπί
2995 1240 3120 1278 τινα
3153 1224 3390 1296 ῑρημον.
3424 1227 3637 1297 Δεῆσαν
3660 1225 3715 1280 δ’

2118 1314 2314 1384 ἐκείνῳ
2341 1311 2586 1384 διώρυγά
2606 1331 2729 1368 τινα
2760 1316 2860 1369 σῦν
2888 1315 2969 1384 τῷ
2995 1317 3213 1389 μαθητῇ
3246 1318 3415 1372 αὐτοῦ
3439 1319 3711 1391 Θεοδώρῳ

2119 1402 2413 1474 διαπερᾷν,
2446 1402 2534 1456 τνα
2568 1403 2645 1473 μὴ
2684 1404 3115 1470 ἀναστέλλοντες
3152 1406 3222 1460 τά
3264 1407 3457 1478 ίμάτια
3478 1409 3578 1479 τὴν
3606 1408 3711 1476 γύ-

2124 1509 2333 1564 μνωσιν
2385 1491 2637 1563 ἀλλήλων
2683 1492 3017 1560 θεάσωνται,
3083 1497 3285 1566 μικρδν
3316 1498 3712 1569 ὐπαναχωρεῖν

2120 1586 2401 1659 Θεόδωρον
2424 1586 2638 1656 ελεγεν;
2679 1587 2841 1641 Ἐπεὶ
2863 1587 2921 1641 δι
2955 1587 3048 1641 καὶ
3078 1589 3278 1641 ἐαυτδν
3300 1588 3510 1660 γυμνὸν
3536 1590 3711 1660 ηὐλα-

2120 1680 2268 1733 6εἷτο
2298 1678 2625 1743 θεάσασθαι,
2655 1678 2779 1750 θείᾳ
2813 1682 2957 1750 ῥοπῇ
2997 1680 3298 1751 μετάρσιος
3317 1680 3602 1752 ἐπαρθεὶς,
3624 1682 3712 1743 είς

2121 1771 2221 1841 τὴν
2250 1770 2550 1841 ἀντιπέραν
2581 1769 2756 1842 δχθην
2792 1771 3036 1838 ἐγένετο.
3071 1771 3163 1835 Ὦς
3203 1760 3260 1826 δὶ
3285 1773 3381 1825 καὶ
3426 1770 3711 1838 Θεόδωρος

2120 1859 2409 1931 διάϐροχος
2443 1861 2647 1924 ίκανῶς
2670 1857 2937 1929 γεγονὼς,
2970 1862 3055 1923 είς
3085 1861 3146 1915 τὸ
3181 1860 3360 1932 πέραν
3389 1860 3486 1917 τοῦ
3522 1860 3708 1915 Λύκου

441 1944 793 2002 Theodorum
817 1950 995 2020 jubet.
1024 1928 1161 2007 cum
1197 1928 1329 2010 vero
1362 1958 1609 2027 scipsutn
1656 1928 1878 2031 quoque
1913 1976 2018 2016 nu-

2128 1949 2190 2023 ἦν
2217 1928 2402 2023 (ob—cut
2432 1953 2540 2025 γάρ
2564 1954 2858 2025 ἐγχωρίοις
2881 1955 2917 2026 η
2950 1953 3154 2025 διώρυξ
3197 1928 3555 2025 ὠνόμαστο),
3606 1954 3710 2009 καὶ

447 2036 579 2090 dum
620 2037 809 2095 videre
844 2052 1152 2106 vereretur,
1188 2044 1380 2101 divino
1408 2057 1687 2105 momento
1708 2050 1762 2105 in
1782 2052 2019 2109 sublime

443 2127 722 2194 sublatus,
754 2131 809 2186 in
838 2132 1161 2190 ulteriorem
1195 2140 1447 2208 pervenit
1485 2141 1682 2210 ripam.
1722 2142 1794 2198 Ut
1833 2154 2017 2199 autem

447 2217 770 2277 Theodorus
794 2240 1015 2296 quoque
1038 2229 1176 2283 satis
1203 2231 1431 2288 madens
1459 2242 1851 2303 transgressus,
1877 2236 2016 2291 ultra

447 2310 653 2382 Lycum
684 2315 788 2384 (sic
818 2316 966 2372 enim
999 2319 1195 2376 incolae
1224 2321 1427 2378 fossam
1468 2339 1591 2379 eam
1632 2326 2014 2397 nominabant)

444 2405 619 2473 venit,
668 2421 993 2483 vestemque
1037 2425 1093 2467 et
1140 2415 1312 2485 pedes
1358 2418 1575 2474 Amoun
1625 2418 1805 2476 siccos
1854 2420 2018 2488 vidit,

446 2501 709 2567 precibus
742 2518 931 2561 senem
979 2505 1241 2578 fatigans,
1274 2523 1498 2566 causam
1541 2511 1662 2580 ejus
1696 2512 1772 2568 rei
1822 2525 1883 2568 ut
1911 2513 2020 2569 sibi

444 2588 657 2646 diceret
684 2594 869 2665 petiit.
899 2595 993 2653 Ille
1032 2607 1239 2654 tectum
1285 2601 1361 2664 id,
1389 2604 1657 2673 quidquid
1684 2615 1851 2668 esset,
1887 2609 2022 2661 taci-

445 2688 675 2752 tumque
699 2700 822 2741 esse
858 2687 1054 2742 voluit.
1082 2689 1152 2746 Ut
1177 2707 1308 2747 vero
1335 2694 1509 2764 magis
1535 2695 1815 2766 magisque
1841 2696 2022 2753 Theo-

445 2773 619 2829 dorus
649 2778 960 2845 contendit,
991 2780 1132 2836 nihil
1167 2796 1228 2837 se
1261 2783 1330 2838 de
1361 2786 1627 2854 petitione
1653 2803 1718 2845 ea
1755 2789 2019 2844 remissu-

448 2884 569 2921 rum
630 2869 935 2938 professus,
1028 2875 1245 2931 Amoun
1317 2878 1541 2934 tandem
1640 2892 1802 2950 pacto
1868 2882 2024 2952 prius

448 2959 797 3031 interposito,
849 2979 908 3018 se
955 2965 1083 3021 vivo
1130 2969 1338 3024 nemini
1387 2969 1441 3024 id
1492 2971 1859 3041 prolaturum,
1905 2990 2022 3031 rem

449 3061 627 3105 actam
668 3055 913 3122 exponit.
948 3055 1297 3128 Quapropter
1328 3060 1373 3114 is
1406 3070 1592 3130 postea
1628 3064 2026 3132 praestantioris

450 3146 738 3218 cujusdam
770 3160 981 3206 natura:
1021 3152 1201 3206 virum
1248 3168 1374 3209 eum
1406 3169 1527 3209 esse
1560 3156 1817 3212 credidit.
1852 3157 2024 3211 Porro

448 3238 597 3309 quod
626 3241 792 3295 etiam
841 3245 1292 3313 praecognitionis
1339 3247 1542 3302 divina:
1587 3250 1783 3319 plenus
1833 3249 2022 3311 fuerit,

450 3332 506 3387 id
554 3332 703 3401 quod
740 3349 888 3390 nunc
921 3337 1188 3407 dicemus,
1225 3340 1358 3396 satis
1398 3340 1687 3398 indicabit.
1718 3343 1864 3399 Puer
1901 3345 2025 3413 qui-

447 3426 571 3481 dam
608 3426 901 3497 parentum
936 3428 1266 3502 injustorum
1305 3449 1334 3487 a
1369 3435 1560 3490 rabido
1590 3450 1728 3491 caue
1776 3451 2027 3500 mersus,

448 3519 502 3574 iu
531 3534 596 3575 ea
640 3522 1051 3589 exspectatione
1075 3564 1089 3586 ,
1121 3528 1612 3597 utquamprimum
1679 3538 2022 3596 moreretur,

447 3622 568 3667 erat
604 3631 619 3668 :
652 3628 779 3669 cum
815 3624 1000 3671 autem
1042 3617 1108 3671 ad
1142 3619 1355 3674 Amoun
1384 3635 1512 3675 eum
1556 3621 1934 3686 adduxissent,
1967 3630 2028 3677 ut

450 3720 578 3758 eum
606 3716 828 3762 curaret
855 3709 1143 3779 petebant;
1177 3712 1267 3766 ille
1300 3753 1317 3778 ,
1369 3712 1488 3767 Non
1522 3729 1646 3783 ego,
1683 3715 1882 3786 inquit,
1925 3715 2024 3771 sed

448 3814 569 3863 vos,
604 3801 879 3869 siquidem
933 3804 1163 3869 voletis,
1211 3822 1339 3861 eum
1374 3807 1642 3863 curabitis
1689 3824 1705 3862 :
1758 3810 1802 3864 si
1851 3811 2025 3876 enim,

450 3909 616 3962 quem
653 3894 1001 3965 surripuistis
1049 3897 1271 3963 bovem,
1301 3900 1540 3955 dominis
1585 3902 1699 3957 suis
1733 3902 2027 3960 restituere

449 3981 759 4047 volueritis,
793 3986 978 4039 statim
1014 3988 1159 4042 malo
1187 3992 1334 4045 omni
1365 4006 1502 4060 puer
1529 3991 1882 4049 liberabitur.
1920 3994 2028 4050 Bos

451 4072 701 4128 redditus
739 4083 846 4141 est,
876 4084 931 4131 et
974 4078 1281 4147 periculum
1321 4097 1486 4138 omne
1516 4083 1804 4140 confestim
1839 4087 2027 4156 profu-

406 4166 413 4173 ‘
454 4165 612 4236 giens
663 4183 896 4222 vacuum
949 4185 1210 4249 aerumnae
1259 4173 1439 4230 omnis
1491 4191 1723 4246 puerum
1782 4179 2026 4249 reliquit.

452 4260 616 4330 627
641 4260 777 4314 Cum
801 4246 1191 4334 autem’aliquo
1216 4273 1337 4335 post
1363 4277 1612 4337 tempore
1633 4269 1844 4324 Amouu
1867 4246 2030 4325 dece-

451 4349 646 4414 deret,
697 4351 938 4406 auimatn
990 4355 1113 4425 ejus
1150 4355 1424 4414 Antonius
1475 4357 1679 4414 dicitur
1726 4359 1780 4413 in
1827 4360 2028 4416 cadum

454 4439 656 4496 deduci
698 4442 928 4503 vidisse,
973 4444 1180 4502 divinis
1217 4448 1516 4503 virtutibus
1546 4464 1668 4504 eam
1712 4450 2031 4508 comitanti-

451 4533 578 4598 bus,
630 4535 1102 4605 .venerutioueque
1163 4547 1220 4593 et
1274 4539 1572 4610 stipatione
1620 4541 1813 4605 multa,
1863 4551 2029 4612 atque

2124 2045 2226 2117 τὴν
2254 2045 2462 2117 ισθῆτα
2484 2047 2583 2101 καὶ
2610 2047 2743 2111 τοῦς
2773 2046 2949 2111 πόδας
2977 2044 3187 2117 Ἀμοῦν
3221 2046 3499 2118 ἀδρόχους
3529 2046 3710 2116 ἑώρα,

2126 2136 2383 2190 tutatuta
2414 2136 2691 2209 λιπαρῶν,
2723 2138 2823 2189 καὶ
2849 2137 2952 2207 τὴν
2982 2135 3167 2190 αἰτίαν
3190 2136 3420 2207 φράζειν
3444 2137 3538 2190 τδν
3566 2153 3712 2205 πρε-

2128 2225 2338 2298 σδύτην
2399 2225 2580 2294 ἠξίου.
2648 2225 2706 2280 '0
2762 2225 2820 2279 δδ
2862 2225 3131 2297 κρύπτειν
3172 2228 3272 2298 μὲν
3319 2228 3584 2297 ἐπειρᾶτο
3612 2227 3713 2279 καὶ.

2128 2319 2211 2372 ἐτι
2232 2336 2247 2352 ν
2274 2322 2348 2383 ώς
2371 2318 2415 2371 δ’
2456 2318 2695 2389 ίσχυρῶς
2719 2318 3010 2373 ἐπετίθετο
3042 2323 3120 2391 μὴ
3150 2319 3375 2388 ἀνήσειν
3399 2319 3711 2389 ὁμολογῶν,

2127 2413 2355 2478 ἐκεῖνος,
2413 2410 2666 2482 σύνθημα
2732 2411 2856 2475 δοὺς
2916 2412 2993 2482 μή
3056 2429 3167 2468 τινι
3198 2411 3261 2465 τὸ
3292 2410 3457 2482 ἔργον
3503 2411 3714 2475 ζῶντος

2141 2503 2346 2574 ’Δμοῦν
2375 2505 2633 2570 ἐξειπεῖν,
2674 2502 2940 2573 ἐγνώριζε
2972 2503 3035 2556 τὸ
3063 2503 3280 2571 συμδάν
3302 2521 3318 2536 ο
3364 2505 3458 2559 καί⁵
3488 2503 3712 2571 φύσεως

2130 2596 2441 2667 ὑπερτέρας
2478 2593 2620 2650 εἶναι
2645 2595 2739 2650 τοῦ
2770 2594 2961 2650 λοιποῦ
2986 2595 3079 2648 τὸν
3102 2595 3277 2667 ἀνδρα
3299 2595 3460 2668 ᾤετο.
3494 2595 3621 2650 ὀτι
3648 2597 3712 2649 se

2128 2690 2227 2744 καὶ
2252 2690 2406 2754 θείας
2436 2688 2806 2761 προγνώσεως
2835 2688 3091 2760 ἔμπλεως
3119 2685 3209 2761 ἦν.
3242 2690 3408 2754 δείξει
3439 2691 3502 2743 τὸ
3532 2690 3706 2761 ῥηθη-

2130 2782 2380 2852 σόμενον.
2417 2783 2553 2844 Παῖς
2577 2780 2782 2835 ἀδίκων
2832 2780 3089 2850 πατέρων
3147 2781 3273 2835 κυνὶ
3308 2780 3579 2835 λυσσῶντι
3608 2782 3708 2851 δη-

2129 2871 2305 2942 χθεὶς,
2331 2872 2511 2926 θανεῖν
2540 2872 2731 2929 ὲσόσον
2750 2872 2908 2927 οῦπω
2934 2874 3307 2944 προσδόκιμος
3337 2869 3428 2947 ἦν.
3469 2877 3624 2929 Ἐπεὶ
3646 2874 3708 2928 δὲ

2130 2965 2268 3034 πρὸς
2286 2964 2490 3034 ’Δμοῦν
2545 2964 2776 3035 ἤγαγον,
2832 2966 2931 3037 τὴν
2962 2966 3108 3022 ίασιν
3157 2968 3479 3039 ὲλιπάρουν.
3512 2968 3621 3022 Τὸν
3646 2968 3709 3021 δὲ

2132 3056 2299 3126 φάναι
2318 3073 2333 3088 ’
2363 3058 2479 3111 Οὐκ
2508 3057 2637 3126 ἐγὼ,
2671 3058 2786 3112 ἀλλ’
2824 3059 2987 3130 ὑμεῖς
3024 3060 3211 3125 αὑτὸν,
3249 3061 3369 3129 είγε
3398 3060 3712 3130 βούλοισθε.

2132 3146 2534 3218 θεραπεύσετε.
2573 3148 2636 3203 Ei
2667 3148 2774 3220 γάρ
2803 3149 3102 3204 ἀποδοῦναι
3156 3151 3286 3219 ὑμῖν
3323 3151 3415 3205 τὸν
3446 3150 3574 3221 βοῦν
3613 3156 3711 3219 γέ·-

2132 3252 2301 3302 νοιτο,
2325 3237 2457 3308 παρ’
2476 3231 2552 3292 ῶν
2575 3238 2742 3309 συλᾷν
2758 3239 2974 3294 εἵλεσθε
3001 3239 3310 3307 δεσποτῶν,
3327 3241 3531 3296 αὐτίκα
3559 3244 3711 3313 ῥᾴων

2128 3331 2281 3384 ἔσται
2308 3332 2337 3385 δ
2367 3334 2499 3395 παῖς
2525 3331 2634 3385 τῶν
2663 3331 2880 3388 δεινῶν.
2915 3334 3028 3388 Καὶ
3049 3335 3078 3388 ό
3110 3332 3211 3405 μὲν
3242 3333 3370 3405 βοῦς
3400 3335 3709 3388 ἀπεδίδοτο·

2124 3426 2152 3477 ὁ
2180 3423 2239 3477 δὲ
2272 3424 2520 3489 κίνδυνος
2546 3426 2727 3479 αὐτίκ’
2756 3426 3131 3497 ἐδραπέτευεν
3165 3427 3363 3499 ἐξάντη
3396 3429 3585 3482 κακῶν
3618 3429 3712 3481 τὸν

2125 3518 2295 3571 παῖδα
2330 3516 2525 3573 λιπών.
2595 3518 2752 3572 Ἐπεὶ
2802 3517 2861 3574 δι
2893 3519 3078 3591 χρόνῳ
3110 3518 3341 3592 ὕστερον
3369 3521 3466 3575 καὶ
3506 3520 3711 3590 ’Δμοῦν

2127 3610 2407 3677 ἐτελεύτα,
2439 3611 2660 3681 λέγεται
2696 3611 2986 3668 ’Λντώνιον
3017 3614 3368 3685 ἀναγομένην
3395 3615 3497 3684 τὴν
3525 3615 3710 3688 ψυχὴν

2126 3703 2338 3756 ἐκείνου
2365 3704 2444 3767 είς
2461 3703 2698 3773 οὐρανὸν
2726 3704 2981 3774 θεωρεῖν,
3008 3704 3328 3776 περικύκλῳ
3358 3707 3524 3760 θείων
3546 3707 3712 3759 δυνά·

2132 3814 2282 3869 μεων
2315 3797 2623 3869 ἑπομένων,
2656 3799 2752 3851 καὶ
2787 3799 3280 3872 παραπεμπόντων
3310 3801 3531 3864 ἐκείνην
3569 3801 3714 3853 αἰδοῖ

2132 3891 2223 3944 καὶ
2252 3891 2555 3963 δορυφορίᾳ
2587 3890 2784 3960 πολλῇ,
2816 3894 2912 3945 καί
2946 3909 3055 3945 τινι
3079 3893 3306 3965 ἀρρήτῳ
3357 3890 3545 3964 ὓμνων
3570 3892 3707 3965 ᾠδῇ·

2127 3983 2257 4045 τοῦς
2277 3982 2335 4035 δὲ
2374 3983 2505 4052 περὶ
2535 3983 2698 4037 αὑτὸν
2745 3984 2801 4038 ὲν
2834 3983 3096 4052 ἐκπλήξει
3126 3985 3218 4038 τὸν
3257 3985 3395 4056 ἀέρα
3427 3982 3708 4053 θεώμενον

2129 4077 2225 4131 καὶ
2256 4076 2345 4130 διὰ
2373 4074 2657 4147 θαύματος
2696 4075 2890 4148 ἔχοντα
2930 4077 3067 4147 πρὸς
3108 4076 3211 4149 τὴν
3236 4077 3360 4148 δψιν
3394 4076 3503 4130 τῶν
3534 4094 3711 4146 παρα-

2127 4168 2318 4234 δόξων,
2387 4167 2852 4222 διαπυνθάνεσθαι
2911 4169 3003 4222 τὸν
3049 4167 3347 4223 ’Λντώνιον
3377 4171 3477 4237 τὴν
3502 4169 3707 4222 αἰτίαν.

2130 4261 2237 4314 Τδν
2269 4261 2327 4313 δὲ
2361 4261 2437 4332 μὴ
2463 4261 2780 4332 ἀποκρύψαι
2806 4260 2907 4332 τὴν
2941 4261 3063 4329 ὄψιν
3084 4277 3097 4290 ·
3129 4261 3224 4315 καὶ
3254 4261 3531 4332 τάσφαλὲς
3561 4257 3710 4332 εἶχεν

2129 4358 2157 4409 ὁ
2183 4356 2341 4426 λόγος
2361 4369 2376 4384 θ
2409 4353 2584 4410 ἔπειτ’
2615 4356 2723 4409 ἀπὸ
2752 4355 3006 4425 Σκήτεως
3058 4353 3268 4408 πολλῶν
3292 4355 3501 4408 ἐκεῖθεν
3542 4354 3709 4424 ἠκόν-

2129 4460 2260 4509 των,
2292 4443 2387 4494 καὶ
2418 4443 2508 4496 τὸν
2551 4445 2743 4515 χρόνον
2779 4443 2877 4509 τῆς
2906 4442 3110 4512 Ἀμοῦν
3155 4444 3421 4513 τελευτῆς
3451 4443 3708 4496 ἀνειπόν-

2130 4550 2275 4587 των·
2303 4530 2445 4588 εἶναι
2481 4535 2526 4588 δ’
2553 4536 2785 4598 ἐκεῖνον,
2820 4534 2942 4588 καθ’
2971 4535 3032 4588 ὄν
3078 4535 3368 4597 Ἀντώνιος
3407 4536 3711 4606 ἐκπληττό-

448 4625 618 4686 ctiam
647 4626 910 4683 iueﬂ'abili
935 4630 1171 4700 quoniam
1208 4632 1536 4702 hymnorum
1559 4635 1804 4690 carmine
1837 4650 2023 4704 prose-

2138 4644 2300 4696 μενος
2326 4628 2408 4690 είς
2431 4628 2699 4698 οὐρανοὺς
2722 4629 2915 4682 ἐϐλεπε
2940 4644 2955 4659 ·
2987 4632 3082 4683 καὶ
3111 4630 3282 4700 ἄμφω
3301 4630 3358 4683 δὲ
3390 4628 3576 4700 ἠξίουν
3601 4647 3704 4698 μαι

448 4718 771 4791 quentibus.
813 4719 880 4774 Et
923 4735 1069 4787 cum,
1103 4722 1198 4791 qui
1235 4732 1350 4777 tum
1389 4738 1511 4778 cum
1562 4726 1802 4780 Antonio
1850 4735 2028 4792 erant,

451 4825 548 4879 per
576 4813 1077 4872 couSternaIienem
1131 4815 1185 4869 in
1234 4831 1419 4871 aerem
1455 4817 1813 4887 suspiciente,
1846 4826 1904 4873 et
1949 4817 2030 4874 rei

452 4911 616 4963 tanta:
638 4904 831 4965 faciem
853 4906 1182 4971 admirante,
1205 4921 1425 4962 causam
1451 4907 1520 4961 ab
1543 4923 1611 4962 eo
1634 4907 1982 4979 requirerent
2010 4945 2028 4973 ,

452 4991 545 5047 ille
586 4993 762 5051 visum
801 4994 854 5048 id
908 4995 1334 5071 haudquaquam
1385 4997 1662 5052 occultum
1704 4999 1919 5054 habuit.
1962 4999 2033 5054 Et

451 5087 619 5139 verba
647 5087 768 5159 ejus
792 5103 848 5141 re
872 5088 989 5159 ipsa
1021 5097 1150 5148 sunt
1176 5089 1521 5144 conﬁrmata.
1554 5089 1850 5156 Postquam
1882 5090 2029 5145 enim

382 5246 386 5251 ο
452 5194 483 5234 a
518 5177 666 5233 Seeti
705 5180 862 5234 multi
903 5196 1128 5249 venere,
1157 5189 1215 5236 et
1246 5191 1464 5251 tempus
1489 5182 1675 5237 obitus
1705 5182 1921 5237 Amouu
1950 5182 2033 5237 in-

452 5271 726 5337 ditmvere,
774 5272 905 5327 illud
959 5276 1137 5343 ipsum
1187 5284 1413 5348 tempus
1458 5288 1583 5329 esse
1629 5286 2029 5345 cognoverunt,

452 5377 578 5417 eum
602 5365 873 5419 Antonius
899 5373 1124 5434 stupore
1149 5377 1435 5435 correptus
1461 5366 1515 5421 in
1547 5368 1721 5425 caelos
1748 5370 2028 5439 suspexit;

455 5466 515 5509 et
545 5467 837 5528 utrumque
869 5471 1001 5515 sane
1044 5459 1246 5514 merito
1277 5461 1497 5515 beatum
1530 5460 1850 5521 habendum
1876 5461 2031 5519 dixe-

460 5556 588 5605 runt
631 5566 647 5603 ι
692 5551 907 5604 Amouu
955 5549 1203 5620 quidem,
1247 5552 1395 5623 quod
1435 5560 1517 5608 sle
1552 5568 1583 5607 e
1620 5554 1728 5608 vita
1776 5553 2030 5623 prmsenti

460 5640 769 5696 subductus
799 5651 945 5698 esset
981 5684 996 5708 ,
1028 5642 1331 5698 Antonium
1366 5661 1517 5711 vero,
1547 5646 1693 5719 quod
1733 5662 1859 5705 eum
1887 5647 2032 5707 Deus

458 5734 673 5789 visione
724 5750 787 5788 ea
842 5734 1099 5805 dignatus
1152 5746 1299 5793 esset
1353 5756 1366 5793 :
1425 5755 1550 5793 cum
1602 5739 1826 5808 quidem
1888 5740 2031 5795 inter

467 5826 755 5896 utriusque
784 5826 1136 5885 habitationis
1163 5829 1366 5892 locutu,
1389 5847 1647 5900 maguum
1682 5832 2029 5887 intervallum

460 5927 631 5988 atque
658 5919 873 5975 dierum
901 5921 1109 5992 aliquot
1146 5921 1510 5977 intercederet
1547 5933 1671 5978 llCl‘.
1706 5923 1884 6007 Atque
1917 5924 2030 5979 haec

2136 4718 2410 4789 καρισμοῦ
2436 4738 2450 4754 ο
2482 4720 2575 4772 τὸν
2607 4720 2707 4790 μὲν
2740 4719 2917 4784 οὕτως
2953 4722 3065 4775 τῶν
3106 4721 3396 4793 παρόντων
3452 4721 3708 4774 ἀπαλλα-

2132 4810 2322 4878 γέντα,
2354 4810 2644 4876 Ἀντώνιος
2689 4812 2735 4864 δ’
2779 4813 2862 4866 ὅτι
2894 4813 3167 4885 τοσαύτης
3207 4812 3380 4887 ὅψεως
3405 4813 3608 4882 ἠξίωτο
3643 4814 3708 4865 ὲκ

2132 4902 2305 4954 Θεοῦο
2351 4901 2552 4955 πολλοῦ
2581 4903 2954 4974 διαστήματος
3008 4905 3236 4977 ἡμερῶν
3282 4905 3403 4963 ὁδοῦ
3441 4905 3520 4978 τῷ
3553 4907 3708 4975 μέσῳ

2133 4992 2283 5061 τόπῳ
2309 4992 2412 5061 τῆς
2475 4991 2762 5065 διατριόῆς
2802 4995 3083 5064 ἑκατέρων
3121 4994 3295 5058 δντος.
3361 4996 3472 5049 Καὶ
3498 4997 3566 5048 τά
3610 4997 3710 5063 μὲν

2133 5087 2265 5154 περὶ
2295 5084 2588 5139 Ἀντωνίου
2618 5086 2712 5139 καὶ
2742 5085 2948 5156 Ἀμοῦν
2983 5081 3084 5142 ὧδε
3118 5088 3419 5160 ἱστόρηται.
3458 5088 3617 5141 Κατὰ
3652 5089 3711 5141 δὲ

2133 5177 2225 5232 τὸν
2250 5178 2414 5231 αὑτὸν
2447 5180 2661 5250 χρόνον,
2693 5180 2786 5233 καὶ
2814 5181 2918 5235 ἀνὰ
2945 5179 3039 5233 τὸν
3072 5181 3173 5251 τῆς
3210 5180 3467 5244 Βιθυνίας
3496 5182 3708 5249 Ὀλυμο

2135 5284 2238 5321 πον
2273 5267 2605 5338 Εὐτυχιανὺς
2664 5271 2877 5333 ἐκεῖνος
2909 5271 3005 5332 τὰς
3037 5270 3328 5341 διατριϐὰς
3380 5271 3709 5340 ποιούμενος

2134 5359 2446 5429 φιλοσοφῶν
2498 5355 2598 5430 ἦν*
2638 5360 2791 5425 θείας
2837 5362 2946 5432 γὰρ
2998 5362 3224 5433 χάριτος
3272 5364 3340 5416 ὲκ
3372 5365 3469 5433 τῆς
3504 5363 3712 5433 ἀρετῆς

2137 5453 2450 5523 μετασχὼν,
2471 5452 2548 5516 ώς
2581 5454 2679 5506 καὶ
2708 5454 3009 5526 θαυμάτων
3039 5455 3137 5508 καὶ
3162 5455 3409 5526 τεράτων
3436 5456 3712 5508 πλείστων

2135 5545 2441 5613 αὐτουργὸν
2504 5547 2763 5615 γενέσθαι
2816 5547 3047 5615 πολλῶν,
3106 5549 3297 5611 νόσους
3329 5547 3439 5600 τῶν
3471 5548 3711 5600 ἀνιάτων

2138 5640 2277 5694 ἰᾶτο.
2314 5639 2392 5692 Δι’
2417 5637 2453 5693 ἀ
2477 5639 2570 5692 καὶ
2601 5640 3003 5712 Κωνσταντίνῳ
3038 5642 3251 5712 βασιλεῖ
3284 5642 3488 5711 σπουδὴ
3516 5641 3709 5709 γέγινε

2137 5731 2293 5799 φίλον
2333 5733 2543 5783 ἐκεῖνον
2580 5732 2673 5784 καὶ
2734 5733 2940 5803 συνήθη
2992 5734 3189 5785 ποιεῖν.
3251 5735 3391 5786 Κατ’
3438 5736 3617 5785 ἐκεῖνο
3651 5736 3709 5785 δὲ

2137 5829 2331 5896 καιροῦ
2359 5827 2467 5879 τῶν
2496 5842 2579 5887 τις
2613 5825 2909 5895 βασιλικῶν
2931 5828 3270 5897 δορυφόρων,
3300 5828 3536 5896 ὑποψίαν
3566 5829 3708 5896 σχὼν

2135 5921 2205 5982 ὡς
2238 5920 2324 5987 εἰη
2370 5922 2667 5987 τυραννικὰ
2724 5922 2960 5989 φρονῶκ,
3014 5924 3138 5989 περί
3175 5938 3276 5972 που
3304 5924 3394 5973 τον
3424 5921 3709 5990 Ὄλυμπον
