4062 6556
332 363 431 425 161

1270 353 1868 416 ECCLESIAS’l'lC/E
1908 351 2298 412 lllSTORl/E
2337 349 2485 410 LIB.
2525 350 2695 413 Vill.

3480 341 3583 408 162

321 476 712 547 κρυπτόμενος
746 475 844 526 καὶ
871 471 1153 534 ἑαλωκὼς,
1183 471 1548 540 δεσμωτηρίῳ
1585 469 1903 535 καθεῖρκτο.

2026 466 2234 535 'luidem
2269 466 2337 522 de
2364 466 2604 520 Antonio
2633 476 2690 520 et
2717 469 2954 528 Amoun,
2981 465 3258 519 memoriae
3284 475 3413 518 sunt
3449 480 3578 534 pro-

329 569 498 621 Ἐπεὶ
525 567 582 620 δὲ
615 568 845 635 πικραῖς
868 565 1127 635 βασάνοις
1172 564 1278 616 ὁ.νᾶ
1307 566 1407 632 τὴν
1441 563 1667 632 εἱρκτὴν
1701 559 1903 630 εἴχετο,

323 662 380 711 οἱ
424 660 574 726 γένει
601 659 978 726 προσήκοντες
1007 654 1326 726 Εὐτυχιανῷ
1356 654 1672 722 προσιόντες
1696 653 1908 706 ἐδέοντο

327 749 669 828 πρεσϐεύειν
737 751 796 804 ἐς
837 747 1063 818 βασιλέα
1122 747 1265 817 ὑπὲρ
1303 745 1505 799 αὑτοῦ·
1542 744 1636 798 καί
1698 760 1822 796 τινα
1851 742 1908 796 δὲ

324 845 517 895 ποιεῖν
581 841 866 909 πρόνοιαν,
928 840 1069 894 ὥστε
1122 839 1231 892 τῶν
1288 839 1506 907 δεσμῶν
1563 840 1791 901 ἀνεῖναι,
1834 836 1910 906 μὴ

319 935 518 1004 φθάσῃ
555 934 662 1004 πρὸ
683 935 782 1003 τῆς
823 933 1125 1003 πρεσϐείας
1153 935 1230 1000 τῷ
1254 931 1474 1002 χαλεπῷ
1513 930 1620 984 τῶν
1655 929 1909 1000 βασάνων

323 1027 681 1096 διαφθαρεὶς,
711 1027 809 1080 καὶ
837 1025 1085 1095 πέμψας,
1117 1027 1244 1088 τοὺς
1276 1024 1698 1094 δεσμοφύλακας
1735 1023 1911 1075 ἐδεῖτο

318 1116 444 1166 τῶν
472 1115 692 1182 δεσμῶν
719 1115 923 1166 ἀνεῖναι
945 1114 1126 1168 αὐτόν.
1164 1112 1251 1178 Ὠς
1280 1113 1324 1165 δ’
1355 1108 1520 1185 ἦττον
1543 1107 1686 1176 ἦσαν
1719 1110 1910 1179 πειθήο

321 1223 466 1268 νιοι,
524 1207 685 1269 αὐτὸς
724 1207 818 1259 ἐπὶ
871 1206 932 1258 τὸ
993 1205 1368 1277 δεσμωτήριον
1423 1203 1777 1277 ἥκειμΛίδὲ
1811 1203 1910 1272 τῆς

319 1298 586 1366 φρουρᾶς
641 1296 810 1348 πύλαι
850 1296 1174 1366 αὐτόματοι,
1207 1296 1315 1348 τῶν
1373 1296 1640 1365 κλείθρων
1683 1295 1912 1365 διαῤῥα-

320 1390 546 1454 γέντων
578 1389 644 1456 τῇ
675 1387 770 1440 τοῦ
806 1387 1001 1457 ἀνδρὸς
1025 1387 1322 1458 παρουσίᾳ,
1380 1386 1580 1440 θᾶττον
1614 1387 1911 1438 ἀνεπετάν-

322 1492 520 1528 νυντο.
553 1477 661 1527 Καὶ
693 1476 750 1527 αἱ
784 1478 850 1528 ὲκ
884 1476 1109 1547 σιδήρου
1139 1476 1298 1528 πέδαι
1327 1477 1422 1528 καὶ
1463 1474 1533 1526 τὰ
1565 1474 1741 1536 κλοιὰ,
1777 1476 1912 1526 ἀπο-

325 1566 602 1620 λείποντα
632 1568 721 1620 τὸν
747 1568 1054 1639 δεσμώτην,
1080 1568 1287 1638 διέρρει
1311 1568 1592 1637 ψοφοῦντα
1623 1567 1715 1619 καὶ
1741 1567 1914 1620 ἁπαν-

325 1659 514 1728 ταχοῦ
555 1659 982 1730 σκεδαννύμενα.
1042 1658 1174 1714 Εἶτα
1205 1663 1342 1729 πρὸς
1376 1660 1607 1731 βασιλέα
1636 1661 1793 1731 ἥκειν
1834 1659 1912 1729 τῷ

322 1752 622 1820 Βυζαντίῳ
675 1751 1030 1822 διατρίϐοντα
1079 1756 1408 1822 τηνικαῦτα,
1463 1757 1560 1805 καὶ
1617 1752 1775 1805 λῦσαι
1834 1750 1911 1819 τῷ

317 1843 615 1910 καταδίκῳ
643 1842 744 1912 τὴν
776 1845 1049 1914 τιμωρίαν
1077 1843 1262 1906 εὐθύς.
1291 1846 1560 1915 Δυσχερὲς
1589 1846 1698 1914 γὰρ
1719 1842 1914 1895 οὐκοῦν

315 1928 400 1999 ἦν
447 1933 844 1999 Κωνσταντίνῳ
874 1935 902 1984 ὅ
934 1951 985 1986 τι
1011 1934 1077 1986 ἂν
1107 1936 1313 1996 ἐκεῖνος
1335 1936 1537 2005 αἰτοίη.
1569 1934 1784 2002 Σφόδρα
1806 1936 1914 2002 γὰρ

316 2026 413 2095 τῷ
443 2025 540 2076 τοῦ
565 2027 756 2095 ἀνδρός
777 2027 944 2095 ἔρωτι
975 2025 1285 2096 ἐντετηκὼς
1313 2021 1404 2097 ἦν,
1440 2027 1536 2080 καὶ
1557 2026 1646 2080 διὰ
1671 2025 1916 2097 μεγάλης

318 2121 579 2172 ἐποιεῖτο
612 2118 800 2188 τιμῆς.
837 2120 1010 2186 Λόγος
1043 2117 1086 2172 δ’
1114 2119 1228 2189 ἔχει
1261 2120 1315 2182 ἐς
1337 2119 1563 2187 ὕστερον
1588 2119 1916 2189 Εὐτυχιανὸν

322 2211 411 2262 τὰ
443 2212 698 2262 Ναυάτου
762 2212 1056 2280 φρονῆσαι,
1111 2212 1209 2264 καὶ
1246 2211 1348 2281 τῆς
1410 2210 1641 2274 ἐνούσης
1678 2211 1917 2280 ξχάριτος

325 2303 671 2371 ἀμοιρήσαι,
739 2303 924 2355 Ταῦτα
960 2302 1058 2372 μὲν
1115 2305 1251 2373 ἡμῖν
1305 2305 1368 2355 ὲκ
1405 2304 1607 2372 μέρους
1659 2305 1788 2371 περὶ
1818 2303 1918 2372 τῆς

327 2397 624 2460 πολιτείας
654 2395 896 2466 εἰρήσθω
942 2396 1049 2448 τῶν
1081 2396 1358 2466 μοναχῶν,
1420 2399 1511 2448 καὶ
1539 2395 1650 2447 τῶν
1684 2397 1744 2448 ὲν
1778 2395 1914 2463 αὐτῇ

328 2486 829 2553 φιλοσοφησάντων
853 2499 866 2513 ·
924 2478 966 2550 ᾧ
989 2483 1045 2536 δὲ
1080 2484 1236 2554 μέλοι
1286 2485 1355 2537 τὰ
1383 2483 1610 2536 τοιαῦτα
1635 2483 1920 2551 διερευνᾶ-

332 2579 492 2640 σοαι,
537 2577 764 2638 πολλαῖς
825 2573 1041 2646 ἐντύχοι
1075 2578 1188 2630 τῶν
1239 2577 1460 2647 βίϐλων,
1493 2576 1782 2642 πλείστους
1811 2577 1919 2632 τῶν

335 2668 602 2736 τηνικάδε
637 2669 730 2720 καὶ
763 2668 998 2737 καθεξῆς
1031 2669 1288 2740 ἀκριϐείᾳ
1337 2669 1455 2738 βίου
1491 2669 1919 2739 διαλαμψάντων

331 2762 680 2830 ἱστορουσὼν
700 2775 711 2786 ·
739 2762 978 2828 μάλιστα
998 2762 1041 2815 δ’
1067 2765 1099 2832 ἣ
1138 2764 1338 2834 Λαύσῳ
1374 2765 1723 2834 πραιποσίτῳ
1749 2766 1920 2834 ἐγρά-

333 2873 444 2924 φη.
483 2856 690 2924 Πολλὴν
718 2856 776 2908 δὲ
831 2857 926 2908 καὶ
971 2857 1282 2926 Σωφρόνιος
1334 2859 1362 2910 ὁ
1403 2857 1798 2927 Ἰεροσολύμων
1827 2858 1921 2910 καὶ

331 2948 560 3015 ἀγαθὴν
626 2949 869 3017 ίστορίαν
923 2951 1051 3019 περὶ
1097 2949 1480 3025 τούτωνὴμῖν
1534 2952 1918 3015 καταλέλοιπε,

331 3041 620 3108 Λειμῶνα
640 3043 734 3093 καὶ
753 3042 908 3094 Νέον
931 3040 1303 3108 παράδεισον
1327 3041 1423 3110 τὴν
1457 3041 1777 3112 συγγραφὴν
1803 3042 1922 3094 όνο-

335 3136 556 3202 μάσας.

2010 561 2142 615 dita.
2183 559 2388 615 Eodem
2430 575 2562 613 vero
2605 570 2877 628 tempore,
2915 567 2970 612 et
3016 559 3068 612 in
3116 557 3349 629 Olympo
3397 557 3581 628 Bithy-

2011 651 2114 706 niae
2143 651 2516 720 Eutychianus
2557 651 2648 705 ille
2680 660 2950 714 versatus,
2984 651 3303 704 monasticae
3337 651 3582 719 philoso-

2010 741 2154 810 phiae
2209 757 2434 811 operam
2483 742 2729 796 navavit.
2789 739 3104 809 Tantopere
3154 741 3427 809 siquidem
3482 755 3581 808 per

2011 833 2271 886 virtutem
2303 832 2503 886 divina:
2532 834 2720 901 gratia:
2755 833 3029 901 particeps
3059 839 3144 885 est
3178 831 3376 889 factus,
3413 839 3473 883 ut
3504 831 3581 897 (l)

2013 924 2277 978 miracula
2311 933 2368 978 et
2404 923 2650 993 prodigia
2690 923 2924 992 plurima
2957 922 3215 985 ediderit,
3248 921 3582 989 morbosque

2014 1016 2345 1072 incurabiles
2410 1018 2712 1070 sanaverit.
2778 1017 3129 1085 Quapropter
3187 1014 3586 1068 Constantinus

2013 1124 2233 1178 quoque
2255 1109 2553 1178 imperator
2589 1125 2783 1176 magno
2816 1107 3001 1161 studio
3024 1106 3320 1160 amicitiam
3351 1119 3585 1158 consue-

2012 1209 2370 1275 tudinemque
2398 1207 2519 1276 ejus
2563 1206 2812 1258 ambivit.
2847 1204 3061 1260 Aceidit
3092 1214 3231 1262 tum,
3279 1211 3335 1253 nt
3371 1215 3434 1253 ex
3484 1199 3582 1251 im-

2013 1300 2286 1370 peratoris
2341 1299 2598 1353 satellitio
2651 1298 2915 1366 quidam,
2973 1295 3275 1366 tyrannidis
3319 1293 3585 1346 affectatu-

2013 1402 2322 1460 suSpectus,
2347 1400 2402 1444 et
2428 1391 2572 1444 circa
2605 1390 2891 1459 Olympum
2932 1388 3261 1451 occultatus,
3284 1395 3584 1453 captusque

2015 1484 2069 1538 in
2100 1483 2314 1536 vincula
2339 1483 2410 1535 sit
2437 1482 2734 1548 conjectus.
2766 1480 2975 1534 Etcum
3009 1493 3268 1548 perquam
3293 1477 3493 1530 acerbe
3533 1477 3584 1527 in

2013 1593 2260 1632 carcere
2319 1576 2704 1638 cruciaretur,
2752 1573 3047 1644 propinqui
3099 1582 3155 1627 et
3203 1571 3419 1640 cognati
3467 1571 3586 1639 ejus

2013 1667 2419 1737 Eutychianum
2467 1665 2884 1728 convenientes,
2917 1675 2971 1715 ut
3013 1661 3343 1731 legationem
3397 1673 3586 1728 precu-

2018 1758 2334 1826 tionemque
2381 1773 2480 1826 pro
2527 1771 2595 1809 eo
2639 1755 2780 1821 apud
2818 1745 3205 1822 imperatorem
3256 1752 3583 1819 susciperet.

2016 1861 2180 1918 atque
2223 1850 2408 1918 aliquo
2445 1849 2607 1902 modo
2639 1848 2975 1916 provideret.
3016 1855 3075 1900 ut
3108 1845 3313 1900 interea
3352 1843 3587 1897 νὶιιυιιιὶις

2015 1942 2366 2005 liberaretur,
2416 1956 2486 1996 ne
2533 1940 2745 1994 scilicet
2800 1949 2926 1993 ante
2989 1937 3316 2006 legationem
3379 1935 3582 1989 obitam

2017 2034 2317 2088 acerbitate
2344 2043 2740 2088 tormentorum
2775 2033 3046 2096 interiret,
3092 2039 3375 2098 rogarunt.
3409 2029 3586 2096 Atque

2019 2130 2109 2184 ille
2149 2128 2216 2183 ad
2270 2127 2507 2181 carceris
2559 2123 2853 2190 custodes,
2905 2133 2965 2178 ut
3024 2124 3299 2178 hominem
3350 2120 3589 2173 vinculis

2017 2223 2290 2286 levarent,
2340 2229 2552 2273 oratum
2588 2220 2755 2272 misit.
2797 2219 2867 2274 Ut
2907 2232 3035 2270 vero
3074 2217 3149 2270 illi
3185 2214 3435 2286 petitioni
3473 2214 3590 2282 ejus

2025 2329 2134 2366 non
2178 2311 2528 2381 acquievere,
2580 2310 2812 2378 ipsemet
2857 2307 2923 2360 ad
2971 2320 3250 2361 carcerem
3297 2304 3467 2358 venit.
3527 2302 3592 2355 Et

2019 2421 2150 2460 ecce
2195 2404 2456 2457 custodiae
2503 2412 2676 2471 portae
2714 2417 2811 2454 sua
2843 2408 3038 2470 sponte
3081 2398 3340 2453 claustris
3382 2396 3592 2458 fractis,

2021 2498 2090 2552 ad
2129 2498 2234 2550 viri
2283 2496 2630 2566 praesentiam
2682 2496 2866 2548 statim
2903 2504 3151 2562 patuere,
3195 2500 3252 2544 et
3297 2489 3596 2557 compedes

2021 2590 2234 2651 ferreae,
2259 2587 2513 2642 imanella:
2553 2586 2881 2655 vinculaque
2919 2584 3153 2639 cervicis
3198 2584 3440 2637 vinctum
3507 2599 3596 2634 re-

2024 2683 2351 2751 linquentia,
2378 2695 2502 2734 cum
2529 2679 2768 2747 strepitu
2795 2679 3014 2746 delapsa
3038 2687 3184 2738 sunt,
3209 2687 3264 2730 et
3291 2679 3396 2729 huc
3429 2685 3596 2742 atque

2023 2777 2156 2831 illuc
2185 2776 2459 2842 dispersa.
2512 2771 2720 2826 Deinde
2770 2772 2836 2825 ad
2892 2771 3301 2839 imperatorem,
3347 2768 3438 2836 qui
3483 2779 3596 2818 tum

2025 2867 2270 2938 Byzantii
2300 2874 2440 2928 erat,
2476 2863 2772 2933 profectus,
2801 2863 2948 2916 illico
2981 2877 3134 2916 reum
3170 2861 3598 2915 condemnatum

2023 2957 2294 3026 supplicio
2341 2954 2614 3008 liberavit.
2650 2952 2820 3022 328
2857 2950 3002 3005 Nihil
3049 2950 3194 3004 enim
3235 2948 3601 3002 Constantino

2025 3048 2248 3104 dillieile
2296 3057 2390 3100 aut
2427 3035 2717 3100 molestum
2749 3044 2873 3107 luit,
2921 3041 3064 3112 quod
3099 3043 3182 3094 vir
3229 3041 3319 3096 ille
3361 3049 3600 3109 peteret,

1943 3140 1989 3202 C
2022 3157 2186 3212 quem
2240 3140 2599 3194 vehementer
2648 3137 2886 3202 amabat,
2939 3146 2996 3190 et
3039 3150 3236 3204 magno
3293 3135 3346 3187 in
3397 3129 3604 3185 honore

336 3229 603 3282 habebat.
636 3227 800 3282 Fama
827 3237 1012 3282 autem
1040 3231 1164 3294 lert,
1198 3228 1596 3298 Eutychtanum
1629 3241 1816 3302 postea
1881 3237 1952 3292 ad
1993 3236 2186 3293 Novati
2257 3235 2508 3288 haeresim
2533 3231 2853 3295 descivisse,
2880 3238 2936 3284 et
2960 3246 3021 3284 ea
3053 3245 3173 3300 qure
3207 3230 3256 3283 ei
3287 3230 3455 3282 inerat
3487 3244 3609 3297 gra-

337 3321 422 3372 tia
450 3319 718 3374 excidisse
752 3321 852 3390 (2).
880 3320 945 3373 Et
977 3320 1092 3376 haec
1138 3321 1386 3389 quidem,
1420 3324 1606 3394 aliqua
1679 3343 1745 3382 ex
1783 3337 1958 3397 parte,
1995 3330 2159 3384 nobis
2194 3328 2262 3382 de
2288 3325 2685 3380 monachorum
2756 3323 3006 3377 instituto
3033 3333 3088 3375 et
3116 3321 3465 3391 philosophia
3496 3321 3608 3373 sint

334 3415 521 3469 dicta.
554 3415 659 3480 Qui
685 3424 871 3469 autem
903 3416 1034 3470 talia
1070 3417 1308 3469 scrutari
1345 3417 1509 3482 volet,
1544 3421 1750 3476 multos
1786 3424 2034 3479 inveniet
2095 3424 2289 3486 libros,
2328 3423 2383 3475 in
2453 3419 2658 3488 quibus
2690 3417 2934 3488 plurimi,
2975 3419 3067 3485 qui
3109 3431 3171 3469 ea
3246 3423 3408 3468 aetate
3441 3425 3607 3482 atque

335 3510 613 3580 deinceps
658 3509 968 3578 integritate
1012 3509 1138 3563 vita:
1168 3509 1437 3572 enituere.
1475 3525 2001 3580 commemorantur,
2047 3514 2392 3585 potissimum
2442 3525 2595 3575 vero,
2626 3526 2749 3580 quae
2819 3509 2886 3563 de
2951 3509 3018 3563 iis
3085 3508 3296 3563 Lausus
3351 3508 3611 3579 prmposi-

340 3617 440 3661 tus
478 3603 830 3672 conscripsit.
874 3603 1098 3658 Multam
1141 3619 1362 3673 quoque
1404 3615 1461 3659 et
1499 3607 1688 3662 utilem
1730 3609 1798 3663 de
1845 3611 1927 3664 eis
1967 3612 2252 3666 historiam
2288 3609 2632 3678 Sophronius
2700 3605 3233 3676 llierosolymitanus
3295 3604 3454 3660 nobis
3481 3603 3610 3660 reli-

338 3702 494 3772 quit,
545 3699 694 3753 Ρωιὶ
727 3706 784 3752 et
828 3695 968 3751 Novi
1003 3698 1246 3766 paradisi
1291 3699 1473 3763 titulo,
1514 3700 1723 3771 scripto
1757 3702 1809 3757 ei
1846 3703 2039 3760 indito.

919 3835 1169 3888 ΚΕΦΑΛ.
1223 3833 1359 3889 MB’.

341 3952 489 4022 Περὶ
521 3951 638 4006 τῶν
656 3950 840 4019 ἁγίων
872 3949 969 4022 καί
1000 3947 1468 4022 θαυματουργῶν
1516 3950 1919 4019 Σπιιοίδωνος,
1959 3995 1962 3997 .

731 4020 1035 4074 Νικολάου
1067 4021 1164 4072 καὶ
1198 4021 1553 4086 Παρθενίου.

435 4139 588 4193 Ἐπεὶ
634 4137 690 4189 δὲ
735 4136 827 4188 καὶ
872 4134 1214 4202 Σπυρίδωνος
1259 4135 1355 4187 καὶ
1403 4134 1677 4188 Νικολάου
1725 4135 1922 4206 μνείαν

342 4232 683 4304 ποιήσασθαι
713 4229 1050 4297 ὑπεσχόμην,
1073 4225 1310 4279 ἐνταῦθα
1341 4227 1451 4278 δεῖν
1480 4223 1634 4297 οἶμαι
1663 4229 1920 4282 ἀποτίσαι

341 4330 447 4400 τὴν
481 4325 728 4395 ὀφειλὴν.
768 4323 900 4392 Περὶ
961 4321 1069 4390 γὰρ
1097 4321 1206 4372 τῶν
1246 4321 1423 4373 ἄλλων
1471 4321 1824 4390 ὁμολογητῶν
1861 4337 1920 4374 τε

343 4423 444 4475 καὶ
493 4417 765 4489 ίεραρχῶν
805 4414 974 4486 μυρία
1030 4415 1125 4466 καὶ
1177 4415 1457 4480 παράδοξα
1497 4416 1591 4468 καὶ
1640 4415 1922 4468 παθόντων

343 4515 442 4566 καὶ
479 4509 858 4580 εἰργασμένων
905 4507 1155 4559 διέλαϐον
1200 4506 1409 4560 ἄνωθεν
1434 4523 1446 4536 ο
1487 4508 1582 4560 καὶΙ
1629 4508 1705 4570 ὡς
1739 4508 1926 4561 πολλοὶ

344 4606 558 4658 τούτων
612 4607 680 4674 τῇ
714 4601 911 4675 ὲνούσῃ
949 4601 1108 4675 ῥώμῃ
1162 4605 1261 4672 τῆς
1296 4603 1519 4671 χάριτος
1550 4603 1644 4656 καὶ
1697 4603 1925 4670 νεκροὺς

347 4696 652 4749 ἀναϐιῶναι
685 4695 1190 4765 παρεσκευάσαντο.
1237 4695 1326 4765 Τῷ
1356 4713 1420 4764 γε
1476 4695 1583 4766 μὴν
1617 4694 1748 4766 θείῳ
1786 4697 1930 4748 Σπυ-

348 4788 540 4861 ρίδυινι
572 4785 808 4854 τοσαύτη
841 4786 936 4839 τοῦ
972 4787 1118 4839 Θείου
1178 4787 1495 4855 Πνεύματος
1543 4788 1704 4857 χάρις
1735 4791 1932 4860 προσέ-

352 4896 495 4948 πτη,
519 4879 595 4940 ὡς
622 4880 814 4948 ἀρκεῖν
867 4876 964 4946 τὴν
1000 4877 1168 4930 εἰσέτι
1210 4879 1402 4948 φήμην
1451 4880 1576 4949 περὶ
1628 4880 1797 4932 αὑτοῦ
1835 4880 1933 4949 τὴν

351 4972 561 5040 ἀρετὴν
589 4970 890 5040 παριστᾷν.
919 4971 1213 5040 Ἀγροικος
1243 4970 1286 5022 δ’
1311 4969 1408 5033 ὢν,
1456 4971 1551 5024 καὶ
1587 4973 1809 5038 γυναικὶ
1841 4988 1936 5022 συ-

353 5063 491 5128 ζῶν,
542 5064 637 5115 καὶ
674 5063 884 5115 παίδων
933 5062 1116 5131 πατὴρ
1169 5063 1432 5130 γεγονὼς,
1477 5064 1538 5114 οὐ
1584 5065 1736 5132 παρὰ
1777 5062 1936 5115 τοῦτο

354 5157 558 5224 χείρων
594 5155 737 5218 τινὸς
784 5155 962 5226 ἐφάνη
1017 5156 1148 5224 περὶ
1186 5155 1257 5207 τὰ
1323 5155 1464 5209 Θεία.
1505 5155 1760 5224 Τοσαύτη
1793 5155 1838 5208 δ’
1867 5153 1936 5226 ἦν

351 5248 578 5316 ὁσιότης
615 5246 803 5311 αὐτοῦ,
837 5247 910 5310 ὡς
945 5247 1040 5301 καὶ
1080 5249 1320 5316 ποιμένα
1348 5249 1643 5316 γενέσθαι·
1677 5247 1939 5318 Τριμμυ-

355 5338 560 5400 οοὖςδ⁹
583 5334 648 5409 ἦν
677 5340 704 5392 ὁ
733 5338 934 5410 κλῆρος
973 5339 1121 5409 αὐτῷ
1145 5355 1160 5370 ·
1193 5339 1226 5410 ἢ
1263 5339 1362 5408 μία
1387 5339 1494 5392 τῶν
1531 5343 1588 5392 ἐν
1621 5340 1832 5412 Κύπρῳ
1871 5343 1938 5412 τῇ

429 5523 512 5587 (l)
547 5521 764 5575 Socrat.
796 5521 892 5574 lib.
932 5537 972 5585 ι,
1009 5536 1132 5589 cap.
1172 5519 1260 5575 l5.

431 5592 754 5660 (ἐὶιιῖρεσιν
784 5593 840 5644 δὲ
880 5593 978 5658 τῆς
1009 5589 1375 5665 Ναυατιανῶν
1419 5594 1746 5665 πρεσϐεύων
1791 5594 1944 5656 θείας

358 5667 579 5731 ligno;
637 5665 878 5729 μετεῖχε,
925 5673 1035 5714 etc.
1088 5662 1310 5716 Somni.
1346 5662 1510 5726 libﬁt,
1543 5681 1665 5732 cap.
1703 5665 1786 5717 Μ.
1827 5667 1944 5719 lloe

356 5732 912 5793 est,:‘lcratianomm
989 5733 1198 5802 lucraris
1263 5750 1382 5786 cum
1439 5747 1588 5795 esset,
1621 5741 1812 5802 gratia?
1866 5739 1947 5788 di-

359 5807 496 5856 vina:
552 5807 818 5872 particeps
879 5803 997 5869 fuit.
1047 5801 1169 5856 llaec
1215 5806 1378 5858 verba
1433 5808 1574 5874 apud
1630 5807 1846 5858 Suzuin.
1893 5810 1944 5859 ιιι

1903 4509 1921 4544 ε,
1959 4474 2003 4530 ι)

2595 3831 2820 3891 CAPUT
2876 3828 3040 3889 XLII.

2032 3951 2110 4004 De
2129 3951 2327 4006 sanctis
2352 3966 2667 4022 "regnorum
2699 3949 3082 4022 miraculorum
3119 3951 3404 4005 editoribus
3427 3993 3442 4016 ,
3473 3951 3612 4022 Spy-

2355 4021 2558 4085 ridone,
2603 4020 2824 4074 Nicolao
2863 4030 2910 4073 et
2957 4021 3264 4076 Parthenio.

2100 4134 2560 4204 Quandoquidem
2608 4147 2740 4186 vero
2789 4143 2847 4187 et
2896 4131 3223 4203 Spyridonis
3293 4145 3349 4189 et
3398 4135 3610 4190 Nicolai

2032 4230 2372 4284 mentionem
2420 4241 2506 4280 me
2560 4224 2835 4279 facturum
2885 4240 3006 4278 esse
3065 4227 3272 4294 recepi,
3333 4227 3437 4281 hoc
3487 4230 3612 4282 loco

2031 4321 2193 4376 tidem
2225 4319 2361 4374 mihi
2395 4318 2740 4374 liberandam
2768 4332 2892 4372 esse
2919 4317 3078 4371 duxi.
3116 4317 3191 4374 De
3221 4317 3343 4373 aliis
3373 4335 3614 4388 namque

2033 4410 2453 4466 conlessoribus
2499 4420 2561 4465 et
2589 4409 2921 4472 hierarchis,
2953 4409 3048 4478 qui
3093 4410 3527 4465 innumerabilia
3558 4423 3616 4466 et

2037 4504 2269 4559 mirifica
2303 4503 2450 4573 passi
2482 4512 2616 4558 sunt
2665 4511 2721 4557 et
2763 4503 3035 4567 fecerunt,
3066 4511 3124 4557 et
3166 4519 3403 4572 quorum
3433 4505 3615 4571 multi,

2037 4613 2159 4666 qua:
2213 4598 2269 4652 in
2323 4598 2407 4652 eis
2446 4597 2573 4661 luit,
2609 4595 2800 4666 gratia:
2849 4595 3048 4649 robore
3091 4606 3343 4649 mortuos
3395 4611 3617 4666 quoque

2039 4694 2373 4756 excitarunt,
2417 4707 2583 4762 supra
2634 4690 3012 4760 exposuimus.
3068 4689 3174 4758 ipsi
3230 4689 3450 4758 quidem
3488 4691 3617 4746 divo

2042 4784 2339 4855 Spyridoni
2391 4794 2541 4838 tanta
2575 4783 2744 4837 divini
2788 4781 3029 4851 Spiritus
3061 4781 3291 4836 incessit
3320 4784 3517 4852 gratia,
3557 4794 3620 4836 ut

2041 4897 2165 4950 quae
2208 4880 2276 4936 de
2310 4895 2378 4935 eo
2415 4879 2731 4935 celebratur
2763 4878 2905 4934 fama
2939 4880 3043 4933 hoc
3083 4893 3308 4948 quoque
3347 4889 3620 4946 tempore,

2046 4974 2311 5028 virtutem
2344 4973 2465 5042 ejus
2497 4981 2748 5026 astruere
2793 4972 2989 5041 possit.
3024 4972 3287 5026 Rusticus
3316 4971 3463 5023 enim
3496 4985 3620 5023 cum

2046 5077 2218 5130 esset,
2252 5065 2654 5134 conjugemque
2701 5063 2754 5117 in
2791 5064 3169 5125 matrimonio,
3213 5073 3266 5116 et
3314 5062 3522 5116 liberos
3556 5079 3623 5114 ex

2047 5175 2110 5214 ea
2143 5170 2432 5227 susceptos
2467 5157 2730 5220 haberet,
2779 5171 2890 5209 non
2935 5167 3227 5226 propterea
3266 5156 3316 5208 in
3351 5156 3516 5208 rebus
3545 5155 3630 5207 di-

2047 5251 2194 5305 vinis
2218 5250 2464 5304 deterior
2490 5253 2678 5320 aliquo
2707 5247 2832 5302 luit.
2865 5247 3038 5300 Tanta
3071 5261 3307 5316 namque
3339 5247 3393 5300 in
3427 5249 3630 5300 sancti-

2053 5352 2162 5396 tate
2192 5351 2330 5407 erat,
2361 5354 2418 5396 ut
2447 5351 2504 5396 et
2531 5359 2561 5397 a
2603 5341 2868 5416 pastorali
2904 5340 3014 5393 vita
3047 5355 3155 5392 non
3190 5339 3511 5393 abhorreret
3551 5340 3626 5406 (3)

2052 5525 2328 5646 principio
2364 5524 2700 5578 narrationis
2735 5523 2803 5576 de
2843 5521 3188 5592 Eutyehiano
3243 5521 3420 5590 posita
3474 5524 3626 5569 ειιιιι.

2085 5595 2397 5646 'iceuhorus
2430 5610 2613 5646 autem
2644 5596 2696 5646 in
2727 5605 2842 5646 toto
2870 5592 2973 5646 hoc
3003 5608 3172 5646 onere
3202 5587 3522 5646 Nnvatianis
3547 5597 3626 5640 est

2085 5587 2397 5662 iicephorus
2430 5610 2613 5647 autem
2644 5596 2696 5648 in
2727 5605 2842 5647 toto
2870 5587 2973 5646 hoc
3003 5608 3172 5663 opere
3202 5587 3522 5646 Nnvatianis
3547 5597 3633 5640 est

2057 5666 2316 5732 iniquior.

2054 5756 2070 5780 ι
2128 5738 2204 5798 t3)
2243 5736 2600 5804 Spyritlonem
2632 5737 2818 5791 istum.
2837 5751 2960 5788 cum
2986 5735 3283 5802 episcopus
3310 5747 3475 5797 esset,
3502 5751 3634 5788 oves

2058 5823 2281 5875 pasiere
2332 5823 2442 5861 non
2492 5806 2776 5875 puduisse,
2810 5824 2899 5876 per
2949 5822 3222 5859 summam
3269 5807 3634 5861 humilitatem
