4062 6560
505 364 606 426 lii?

1721 358 2140 417 NICEPIIURI
2181 353 2521 414 (iALlJSTi

3651 335 3746 395 iii'2

496 474 687 540 igitur,
725 469 955 531 malum,
1003 468 1182 540 pudor
1227 468 1330 523 iste
1378 476 1482 531 est,
1529 468 1684 522 verbi
1741 468 1889 520 illius
1941 481 2065 519 cum

2183 464 2403 534 ἡμέρας,
2437 463 2624 514 ἔπειτα
2667 456 2879 530 ἧσθιεν.
2914 457 3154 510 Ἤκοντα
3181 452 3310 519 γοῦν
3353 453 3467 512 ταῖς
3496 450 3752 515 ἀφωσιω-

497 567 702 618 decoro
746 577 856 617 non
896 562 1036 616 velle
1085 563 1202 616 uti?
1247 563 1426 630 Atque
1469 561 1553 615 his
1599 561 1790 626 dictis,
1840 561 1892 613 in
1930 574 2067 615 con-

499 663 694 724 spectu
723 649 972 706 omnium
1005 651 1304 721 episcopali
1336 651 1467 706 sede
1502 665 1829 719 exsurgens.
1867 647 2069 703 fastum

497 755 555 798 ct
585 744 945 813 supercilium
997 759 1192 797 eorum
1226 742 1320 812 qui
1353 741 1608 795 oratione
1648 740 1904 796 affectata
1947 753 2072 795 sese

504 835 808 901 efferrent,
854 835 1185 889 contrahere
1226 843 1312 888 est
1346 842 1596 887 conatus.
1630 831 1799 885 Recte
1825 830 1971 885 enim
2022 829 2072 882 id

502 931 683 984 facere
715 927 918 998 potuit,
946 927 1204 996 quamvis
1235 933 1465 994 apertus
1495 924 1721 978 omnino
1751 931 1808 978 et
1843 923 2074 993 simplex

501 1031 670 1076 esset.
704 1021 893 1090 Magna
940 1021 1146 1090 quippe
1185 1018 1455 1089 dignitate
1481 1017 1769 1087 gloriaque
1795 1029 2070 1072 veneran-

503 1112 627 1176 dus,
677 1119 907 1182 propter
961 1110 1189 1164 mirifica
1241 1124 1364 1179 qua:
1415 1109 1620 1164 edebat
1673 1123 1862 1178 opera,
1911 1117 2076 1177 atque

500 1211 664 1256 aetate
717 1203 1092 1272 provectiore,
1135 1202 1352 1254 sincere
1385 1210 1443 1255 et
1482 1200 1726 1268 graviter
1772 1197 2074 1269 episcopali

506 1307 733 1346 munere
781 1291 1024 1360 gerendo
1087 1290 1271 1344 clarus
1299 1298 1438 1344 erat.
1481 1287 1588 1343 Sed
1624 1297 1677 1341 et
1706 1303 1868 1358 quam
1910 1287 2079 1341 fuerit

505 1387 561 1438 in
611 1382 804 1437 amicis
848 1381 1188 1450 accipiendis
1220 1382 1416 1435 dexter
1450 1387 1508 1435 et
1556 1379 1862 1441 humanus.
1895 1385 2080 1433 osten-

515 1476 664 1529 dam.
697 1474 949 1544 Magnum
977 1471 1429 1543 Quadragesimte
1463 1471 1738 1541 jejunium
1787 1471 2077 1540 agebatur,

503 1577 559 1622 et
581 1582 648 1622 ex
677 1566 872 1620 amicis
901 1565 1124 1634 quidam
1166 1563 1240 1618 ad
1272 1578 1400 1618 eum
1429 1579 1494 1617 ex
1529 1563 1731 1617 itinere
1775 1563 2080 1633 longinquo

507 1661 678 1725 venit,
725 1665 781 1712 et
823 1657 1048 1726 quidem
1089 1671 1154 1710 eo
1185 1671 1295 1725 quo
1323 1656 1439 1724 ipse
1478 1655 1757 1726 jejunaret
1802 1665 2076 1726 tempore.

505 1747 686 1803 Certis
712 1747 859 1801 enim
894 1745 1226 1815 quibusdam
1260 1743 1457 1798 diebus
1501 1759 1530 1798 a
1568 1745 1694 1799 cibo
1725 1745 1875 1800 omni
1901 1746 2075 1800 absti-

508 1856 668 1902 nens,
705 1848 893 1907 postea
928 1837 1275 1892 vescebatur.
1312 1837 1469 1890 Illum
1515 1835 1683 1907 igitur
1725 1839 1957 1894 sacratis
1993 1839 2076 1894 eis

505 1933 702 1986 diebus
728 1931 1062 1992 venientem.
1087 1945 1213 1984 cum
1256 1929 1323 1983 de
1369 1929 1568 1984 itinere
1611 1931 1816 1985 fessum
1843 1932 2077 2002 videret,

508 2025 632 2080 filiae
665 2039 780 2077 sua:
806 2033 862 2076 ut
892 2022 1063 2092 pedes
1099 2021 1246 2077 illius
1277 2021 1509 2081 lavaret,
1555 2036 1914 2094 mensamque
1948 2042 2076 2095 pro.

509 2125 762 2185 poneret,
813 2113 1094 2184 praecepit.
1137 2113 1317 2183 Atque
1371 2113 1463 2167 illa
1513 2113 1606 2168 ubi
1655 2129 1835 2186 neque
1880 2133 2079 2187 panem

510 2222 692 2278 neque
730 2207 963 2261 farinam
995 2207 1142 2260 domi
1163 2220 1308 2270 esse,
1332 2215 1564 2276 propter
1586 2217 1914 2276 praesentem
1952 2209 2080 2264 abs-

515 2298 800 2352 tinentiam
857 2305 913 2352 et
976 2295 1247 2367 jejunium
1283 2335 1300 2359 ,
1350 2295 1536 2351 dixit:
1592 2298 1912 2366 precatione
1963 2299 2081 2371 ipse

511 2390 685 2453 facta,
719 2389 911 2444 salitas
937 2403 1133 2443 carnes
1163 2387 1423 2456 porcinas
1457 2389 1524 2444 ad
1567 2389 1748 2444 focum
1777 2391 2081 2460 pendentes

515 2481 766 2549 recipere
815 2494 933 2544 eas,
965 2488 1021 2534 et
1067 2478 1481 2549 quamprimum
1535 2480 1604 2534 ad
1649 2480 1827 2552 ignem
1862 2491 2079 2538 torrere

513 2573 698 2641 jussit.
735 2572 804 2626 Et
831 2583 890 2624 ut
917 2586 1039 2626 assa
1067 2572 1203 2625 satis
1231 2569 1480 2633 fuerunt,
1513 2571 1716 2642 hospiti
1751 2582 1806 2626 et
1849 2573 1966 2642 ipse
1993 2589 2083 2628 as-

510 2665 720 2730 sidens,
775 2665 1012 2734 ciboque
1072 2679 1271 2718 manus
1327 2664 1650 2731 admovens,
1699 2667 1963 2729 comedit,
2024 2677 2082 2723 et

512 2758 750 2811 amicum
793 2765 851 2810 ut
885 2756 1077 2811 itidem
1110 2756 1317 2812 faceret
1347 2766 1434 2812 est
1468 2756 1741 2812 hortatus.
1771 2759 1954 2828 Atque
1988 2758 2082 2815 ille

511 2863 637 2900 eum
675 2846 1036 2910 detrectaret,
1078 2847 1452 2903 Christianum
1500 2864 1559 2903 se
1585 2864 1709 2904 esse
1738 2850 1952 2915 dicens,
1987 2865 2084 2905 ne-

511 2953 621 3006 que
651 2938 744 2991 tali
778 2949 1025 3008 tempore
1058 2939 1394 3009 ejuscemodi
1425 2956 1554 2995 esca
1591 2942 1842 3010 indigere
1879 2943 2081 2998 confir-

515 3043 671 3083 mans
701 3070 716 3094 ,
750 3028 1024 3100 Spyridon
1054 3031 1228 3097 illum,
1262 3045 1329 3086 ne
1375 3032 1644 3102 quidquid
1681 3033 1732 3087 id
1762 3043 1908 3088 esset
1949 3035 2080 3101 cibi,

2178 559 2366 624 μέναις
2392 553 2628 626 ἡμέραις
2650 554 2878 615 ἐκεῖνον,
2909 552 3031 602 ἐπεὶ
3053 546 3374 615 κεκμηκότα
3391 539 3521 607 εἶδε,
3541 541 3755 593 νίπτειν

2179 646 2278 715 μέν
2310 647 2434 708 τοὺς
2462 645 2630 706 πόδας
2656 645 2722 713 τῇ
2753 643 2860 710 ίδίᾳ
2894 640 3112 692 ἐκέλευε
3145 637 3398 704 θυγατρὶ,
3428 638 3522 687 καὶ
3539 633 3752 701 τράπε-

2176 740 2277 802 ζαν
2313 735 2733 808 παρατίθεσθαι.
2779 734 3028 802 Ἐκείνης
3053 731 3098 786 δ’
3131 729 3396 799 εἰπούσης
3426 727 3552 798 μήτ’
3583 726 3752 794 ἄρτον

2179 829 2303 899 μήτ’
2338 829 2541 896 ἄλφιτα
2566 827 2769 880 ἐνεῖναι
2804 823 2892 878 διὰ
2920 825 3020 894 τὴν
3069 818 3430 889 ἐπικειμένὴν
3460 816 3748 887 νηστείαν,

2177 920 2497 990 εὐξάμενος,
2529 918 2640 973 τῶν
2697 917 3124 988 ἀπῃωρημένων
3171 913 3416 982 ταρίχων
3470 909 3652 979 κρεῶν
3682 911 3749 974 τῇ

2177 1015 2332 1082 ἑστίᾳ
2362 1013 2524 1065 ὑείων
2556 1010 2820 1079 κατάγειν
2870 1009 3088 1060 ἐκέλευε
3130 1009 3195 1076 τῇ
3235 1005 3408 1067 παιδὶ,
3448 1003 3546 1056 καὶ
3594 1000 3754 1055 ταῦθ’

2177 1104 2252 1168 ὡς
2285 1104 2451 1172 τάχος
2473 1102 2670 1172 όπτᾷν.
2718 1101 2871 1154 Ἐπεὶ
2899 1099 2941 1151 δ’
2968 1097 3166 1159 ἱκανῶς
3203 1089 3349 1165 εἶχον
3374 1094 3564 1159 πυρὸς,
3599 1092 3752 1160 παρὰ

2179 1197 2271 1248 τὸν
2318 1195 2468 1260 ξένον
2498 1195 2595 1248 καὶ
2631 1192 2793 1254 αὐτὸς
2829 1191 3082 1254 καθίσας,
3119 1191 3427 1258 ἁπτόμενος
3468 1188 3578 1240 τῶν
3617 1184 3746 1237 ἐδω-

2177 1285 2351 1354 δίμων
2375 1284 2532 1355 ἤσθιε
2559 1303 2572 1316 ο
2601 1286 2697 1338 καὶ
2728 1286 2818 1336 τὸν
2845 1284 2998 1352 φίλον
3032 1283 3100 1335 τὰ
3134 1283 3296 1349 ὃμοια
3334 1279 3468 1351 δρᾷν
3504 1276 3755 1344 παρεκά-

2181 1377 2286 1432 λει.
2319 1379 2424 1431 Τὸν
2463 1379 2521 1432 δέ
2567 1376 3040 1450 παραιτούμενον,
3077 1375 3170 1428 καὶ
3203 1371 3528 1442 Χριστιανὸν
3557 1368 3754 1422 ἐαυτὸν

2181 1465 2324 1524 εἶναι
2348 1470 2602 1539 λέγοντα,
2638 1468 2737 1522 καὶ
2771 1468 2845 1540 μὴ
2869 1468 2981 1521 δεῖν
3020 1467 3216 1534 ἐκείνῳ
3247 1466 3457 1534 τροφῆς
3495 1461 3754 1530 τοιαύτης

2181 1561 2409 1632 τοιούτῳ
2433 1561 2614 1632 καιρῷ
2634 1558 3127 1630 διισχυριζόμενον,
3155 1558 3231 1627 μὴ
3253 1556 3353 1626 τὴν
3381 1553 3591 1623 τροφὴν
3619 1554 3758 1620 μᾶλα

2181 1652 2272 1706 λον
2291 1652 2559 1717 ἀπαξ;οῦν
2579 1646 2751 1716 οὕτως
2776 1653 2968 1721 ἐχοντα
2990 1649 3316 1720 παρηγγύα.
3341 1648 3446 1698 Τὸν
3470 1645 3579 1715 γὰρ
3605 1643 3751 1696 Θείον

2182 1743 2450 1814 χρησμὸν,
2483 1743 2666 1796 πάντα
2689 1737 2830 1794 εἶναι
2855 1739 3075 1812 καθαρὰ
3102 1741 3214 1800 τοῖς
3237 1737 3503 1805 καθαροῖς
3531 1734 3755 1804 ἀποφή-

2181 1837 2393 1890 νασθαι.
2424 1835 2604 1889 Πολλὰ
2632 1835 2691 1888 δὲ
2723 1833 2817 1887 καὶ
2843 1832 2980 1889 ἄλλα
3007 1832 3246 1900 συγγενῆ
3280 1833 3398 1890 τοϊς
3436 1831 3558 1898 είρη
3571 1827 3756 1893 μένοις

2179 1927 2649 2000 διαπραξάμενον,
2681 1928 2744 1980 τὸ
2798 1925 3164 1996 προκείμενον
3220 1921 3320 1976 οὐκ
3367 1922 3432 1992 ἐᾷ
3482 1921 3758 1988 διεξέρχε-

2183 2020 2309 2073 σθαι
2330 2037 2346 2052 ο
2384 2020 2421 2073 ἃ
2467 2019 2750 2089 Ῥουφῖνος
2781 2017 3070 2088 Ῥωμαϊκῇ
3102 2015 3247 2080 λέξει
3280 2015 3471 2085 πρῶτα
3497 2015 3755 2081 ἐξέδωκε,

2182 2114 2278 2166 καὶ
2327 2112 2466 2167 ἄλλα
2515 2112 2743 2166 πλεῖστα
2774 2113 2840 2182 τῇ
2887 2111 3188 2180 Ἐκκλησία
3231 2108 3605 2178 προσήκοντα.
3649 2108 3761 2158 Καὶ

2185 2207 2314 2276 περὶ
2354 2206 2455 2276 μὲν
2481 2205 2830 2274 Σπυρίδωνος
2863 2204 3062 2258 ταῦτα.
3085 2202 3345 2273 Ἤκμαζε
3373 2201 3430 2254 δὲ
3456 2201 3763 2271 τηνικαῦτα

2184 2301 2280 2353 καὶ
2322 2300 2588 2362 Νικόλαος
2627 2297 2833 2371 Μύρων
2889 2299 2987 2369 τῆς
3042 2297 3251 2360 Λυκίας
3302 2297 3604 2357 ἐπίσκοπος
3656 2296 3762 2361 ὢν,

2184 2391 2384 2460 ἐπίσης
2419 2390 2726 2461 Σπυρίδωνι
2755 2389 2848 2445 τὸν
2884 2390 2997 2462 βίον
3026 2390 3086 2443 ἓν
3115 2407 3174 2443 τε
3204 2387 3471 2459 ἁπλότητι
3500 2388 3596 2442 καὶ
3621 2405 3764 2458 συμο

2183 2479 2388 2552 παθείᾳ
2439 2484 2533 2534 καὶ
2569 2481 2816 2551 θαύμασι
2847 2481 3198 2553 περιϐόητος,
3244 2483 3339 2534 καὶ
3372 2481 3465 2533 ἐπὶ
3495 2483 3558 2551 τῇ
3595 2481 3765 2550 ἀκρι·

2185 2571 2308 2642 σείᾳ
2337 2571 2433 2626 τοῦ
2486 2573 2781 2642 δόγματος.
2840 2573 3029 2642 Τούτῳ
3053 2573 3098 2624 δ’
3129 2573 3330 2626 ἐνεῖναι
3382 2572 3544 2643 χάριν
3571 2572 3764 2638 λόγος,

2184 2663 2274 2716 τὸν
2331 2664 2711 2734 προστυχόντα
2780 2664 2874 2717 καὶ
2923 2662 3384 2734 διομιλησάμενον
3445 2665 3508 2716 ἐκ
3555 2663 3763 2733 ψυχῆς,

2187 2755 2412 2824 χάριτός
2485 2770 2636 2818 τινος
2677 2754 2832 2818 θείας
2870 2754 3140 2825 μετέχειν,
3177 2754 3270 2806 καὶ
3331 2752 3506 2823 ῥοπὴν
3563 2755 3770 2821 ἐκείνῳ

2186 2847 2440 2902 ἐντεῦθεν
2471 2847 2862 2918 ἐνσπείρεσθαι
2891 2847 3027 2918 πρὸς
3052 2847 3122 2900 τὰ
3146 2847 3414 2900 κάλλιστα
3441 2846 3550 2900 τῶν
3578 2846 3772 2915 ιργων

2189 2936 2760 3008 μεταρρυθμίζεσθαι.
2797 2930 2872 2991 Οὗ
2905 2937 3002 3000 τὰς
3034 2937 3261 3006 πράξεις
3290 2937 3366 2994 ὥς
3407 2936 3540 2989 πᾶσι
3586 2951 3771 2988 καται

2186 3029 2381 3096 δήλους
2407 3027 2669 3098 παρίημι.
2716 3027 2944 3097 Ἐπίσης
2971 3025 3181 3089 τούτοις
3212 3026 3309 3080 καὶ
3340 3026 3638 3095 Παρθένιος
3665 3021 3767 3094 ἦν,

517 3137 616 3188 pro
663 3137 727 3175 ea
791 3135 973 3176 rerum
1041 3123 1224 3192 in0pia
1283 3133 1702 3194 aspernaretur,
1745 3124 2077 3184 admonuit:

2188 3124 2317 3188 μιᾶς
2347 3121 2460 3174 τῶν
2519 3120 2578 3172 ἐν
2622 3118 3003 3190 Ἑλλησπόντῳ
3047 3119 3256 3172 πόλεων
3312 3118 3608 3178 ἐπίσκοπος
3658 3115 3772 3177 ὣν,

515 3214 766 3268 divinum
819 3221 966 3270 enim
1021 3217 1308 3271 oraculum
1361 3229 1606 3280 exstare,
1659 3217 1808 3286 quod
1863 3219 2084 3273 mundis

512 3307 699 3361 omnia
735 3308 940 3363 munda
969 3321 1095 3364 esse
1118 3309 1385 3364 declaret.
1407 3309 1575 3364 Multa
1604 3323 1770 3380 porro
1794 3311 1900 3365 alia
1930 3311 2084 3366 hisce

511 3397 714 3450 similia
765 3397 958 3452 abillo
1009 3409 1158 3465 acta,
1191 3397 1508 3454 institutum
1542 3409 1791 3454 nostrum
1844 3415 2086 3456 comme-

515 3502 731 3542 morare
779 3505 886 3542 non
935 3490 1224 3559 permittit,
1257 3505 1379 3560 quae
1419 3489 1652 3546 Ruﬁnus
1683 3492 1920 3560 primum
1971 3493 2080 3547 Ro-

514 3595 677 3633 mano
693 3582 950 3650 exposuit
979 3596 1258 3646 sermone,
1281 3582 1499 3652 aliaque
1528 3592 1791 3653 praeterea
1828 3583 2067 3652 plurima

511 3671 578 3722 ad
615 3687 728 3724 rem
749 3671 1179 3727 ecclesiasticam
1201 3673 1556 3743 pertinentia.
1583 3674 1650 3729 Et
1681 3677 1746 3728 de
1772 3672 2080 3746 Spyridone

514 3763 801 3816 hactenus.
839 3761 1053 3819 Floruit
1083 3763 1248 3817 etiam
1281 3775 1394 3819 tum
1426 3765 1708 3830 Nicolaus,
1742 3767 1888 3837 apud
1931 3767 2080 3838 Myra

514 3853 692 3923 Lycia:
718 3853 1034 3924 episcopus,
1069 3855 1364 3927 Spyridoni
1411 3858 1540 3922 vita,
1576 3874 1791 3913 morum
1865 3860 2080 3928 simpli-

511 3947 700 4010 citate,
763 3958 1081 4016 naturaaque
1141 3949 1528 4004 convenientia
1599 3966 1699 4020 par
1747 3968 1762 4004 :
1817 3967 1920 4006 nec
1970 3967 2079 4006 non

511 4036 818 4100 miraculis,
863 4047 922 4092 et
967 4051 1225 4094 accurata
1271 4051 1531 4110 certaque
1575 4042 1843 4096 doctrinae
1892 4041 2081 4096 obser-

512 4123 694 4176 vantia
737 4140 1002 4195 perquam
1059 4128 1314 4184 celebris.
1371 4131 1535 4200 632
1595 4130 1738 4186 lluic
1787 4147 1853 4186 ea
1909 4132 2080 4187 fuisse

509 4213 722 4270 dicitur
748 4218 947 4286 gratia.
987 4227 1046 4272 ut
1084 4221 1176 4290 qui
1213 4236 1342 4275 eum
1391 4223 1880 4292 complecteretur,
1917 4222 2080 4277 fami-

2188 3213 2306 3283 βίου
2338 3211 2713 3284 λαμπρότητι,
2739 3210 3125 3281 φιλανθρωπίᾳ
3144 3226 3203 3263 τε
3236 3209 3332 3262 καὶ
3359 3209 3583 3280 τέρασιν
3615 3207 3774 3272 ἐξαι-

2188 3303 2326 3368 σίοις
2352 3304 2689 3375 διαπρεπὴς,
2723 3304 2800 3368 ὡς
2830 3303 2927 3357 καὶ
2955 3303 3183 3374 νεκροὺς
3238 3302 3496 3372 ἐγείρειν,
3527 3301 3772 3370 δύναμιν

2185 3397 2320 3463 πρὸς
2345 3397 2481 3450 Θεοῦ
2513 3396 2820 3465 εἰληφέναι,
2854 3391 3126 3466 δαιμόνων
3155 3412 3214 3449 τε
3271 3397 3515 3466 κρατεῖν,
3557 3412 3768 3447 παντοσ-

2183 3487 2371 3542 δαπῶν
2403 3505 2462 3542 τε
2489 3489 2828 3560 παθημάτων
2862 3488 3043 3556 ἰατρὸν
3075 3487 3306 3558 ᾶμισθόν
3331 3504 3389 3540 τε
3412 3489 3507 3540 καὶ
3537 3487 3768 3556 ἕτοιμον

2181 3579 2537 3636 καθεστάναι.
2574 3583 2685 3635 Καὶ
2722 3583 2853 3653 περὶ
2887 3581 2984 3650 μιν
3015 3581 3222 3634 τούτων
3245 3579 3441 3643 οὕτως.
3483 3580 3592 3633 Καὶ
3616 3579 3774 3632 οὕτω

2184 3671 2375 3740 τὸτῆς
2406 3673 2643 3735 πίστεως
2694 3673 2872 3742 δόγμα
2925 3671 3014 3726 διὰ
3073 3673 3300 3724 πάντων
3358 3672 3732 3740 συνεκροτεῐτέ

2185 3763 2366 3817 ἔθνεσί
2396 3782 2456 3816 τε
2483 3767 2576 3818 καὶ
2607 3766 2868 3835 ἐρημίαις
2905 3767 3000 3818 καὶ
3039 3763 3268 3818 πόλεσι·
3303 3765 3402 3816 καὶ
3437 3765 3508 3832 ,ἐν
3556 3767 3621 3834 τῇ
3665 3763 3773 3834 τοῦ

2185 3855 2320 3908 Θεοῦ
2358 3856 2662 3928 Ἐκκλησία
2705 3857 2978 3927 διέλαμπε
3015 3859 3136 3919 ταῖς
3183 3855 3540 3924 καθεκάστην
3571 3856 3768 3908 ἐπιδό-

2189 3964 2342 4000 σεσιν
2370 3949 2452 4012 εις
2489 3949 2636 4019 μέγα
2680 3949 2776 4004 καὶ
2807 3950 3052 4021 αἰθέριον
3104 3948 3486 4020 προαγόμενον
3513 3963 3528 3978 ·
3560 3946 3673 4014 ἐγὼ
3696 3947 3770 4000 δὲ

2189 4038 2300 4091 τῶν
2329 4041 2590 4094 τοιούτων
2617 4041 2912 4110 ἀφέμενος,
2953 4041 3180 4095 ἐπὶτῶν
3212 4042 3352 4095 κατὰ
3392 4041 3490 4110 τὴν
3529 4041 3774 4106 Ἕκκὶη-

2195 4131 2316 4182 σίαν
2360 4132 2688 4201 συμϐάντων
2739 4135 2834 4187 καὶ
2866 4135 3024 4197 αὖθις
3056 4133 3150 4187 τοῦ
3185 4133 3347 4202 λόγου
3389 4132 3519 4203 ροῦν
3564 4132 3772 4201 τρέψο-

2197 4243 2322 4294 μαι.

512 4308 816 4382 lEariusque
869 4329 1054 4368 secum
1101 4331 1167 4369 ex
1214 4318 1401 4369 animo
1437 4317 1880 4386 collequeretur,
1956 4317 2126 4373 divini
2169 4321 2432 4388 quiddam
2503 4320 2632 4374 doni
2674 4321 2942 4386 hauriret,
2998 4331 3449 4389 momentumque
3494 4320 3615 4373 inde
3664 4321 3772 4372 ali-

508 4405 657 4470 quod
692 4405 981 4474 reciperet,
1013 4407 1137 4460 vita:
1159 4407 1226 4460 ad
1256 4407 1463 4476 optima
1523 4423 1756 4477 quaeque
1819 4425 1986 4480 opera
2049 4411 2481 4466 conformandae.
2540 4412 2667 4481 Ejus
2717 4414 2966 4467 actiones
3045 4413 3212 4467 veluti
3299 4413 3552 4466 oniuibus
3601 4425 3767 4464 notas

513 4497 895 4562 praetermitto.
922 4497 1025 4552 Par
1055 4497 1178 4553 istis
1204 4499 1370 4552 etiam
1400 4497 1499 4551 fuit
1531 4499 1883 4566 Parthenius,
1953 4501 2105 4557 urbis
2147 4502 2311 4556 unius
2365 4502 2418 4555 in
2491 4501 2845 4570 llelleSpouto
2876 4504 3190 4571 episcopus,
3243 4504 3366 4556 vita!
3438 4503 3765 4571 splendore.

513 4590 854 4644 humanitate
909 4599 965 4644 et
991 4591 1256 4662 prodigiis
1287 4592 1604 4662 iungentibus
1626 4593 1829 4660 clarus,
1862 4595 2003 4649 adeo
2065 4605 2126 4648 ut
2163 4605 2386 4664 accepta
2435 4611 2465 4649 a
2543 4597 2656 4651 Deo
2710 4605 3001 4665 potestate,
3057 4606 3304 4650 mortuos
3352 4597 3625 4654 excitarit.
3659 4599 3778 4648 da».-

518 4683 775 4736 monibus
813 4683 1122 4752 imperarit,
1167 4697 1224 4741 et
1271 4688 1547 4740 variorum
1591 4686 1912 4742 morborum
1976 4697 2198 4742 curator
2261 4689 2534 4758 gratuitus
2565 4705 2628 4743 ac
2690 4698 2976 4758 promptus
3005 4689 3190 4743 fuerit.
3228 4689 3305 4742 Ac
3331 4690 3400 4740 de
3434 4688 3521 4741 his
3579 4688 3777 4741 hat-te-

513 4790 638 4828 nus.
689 4773 768 4828 Ad
807 4775 954 4832 hunc
1001 4778 1217 4833 scilicet
1273 4779 1518 4843 modum,
1590 4777 1849 4833 doctrina
1902 4779 2030 4834 fidei
2105 4781 2160 4835 in
2202 4782 2553 4845 nationibus,
2602 4781 3027 4847 solitudinibus,
3073 4790 3130 4834 et
3178 4781 3408 4836 urbibus
3461 4781 3721 4834 omnibus
3750 4824 3765 4841 ,

513 4885 710 4939 magno
743 4886 1016 4936 consensu
1060 4873 1406 4941 frequentata
1443 4881 1576 4926 cst:
1645 4883 1810 4940 atque
1876 4871 1929 4926 in
2005 4873 2236 4928 ecclesia
2289 4874 2383 4928 Dei
2435 4874 2614 4929 indies
2651 4875 3009 4930 incrementis
3055 4874 3170 4928 suis
3200 4875 3394 4939 eluxit,
3461 4875 3514 4926 in
3546 4875 3756 4926 curlum

512 4979 686 5031 usque
733 4964 971 5019 sublata.
1010 4965 1299 5032 ,Czetcrum
1346 4967 1498 5019 hisce
1543 4964 1810 5028 dimissis,
1859 4964 2166 5020 orationem
2219 4967 2286 5020 ad
2329 4982 2392 5020 ea
2447 4983 2570 5036 quae
2654 4968 2706 5020 in
2767 4966 3008 5020 Ecclesia
3079 4975 3231 5035 gesta
3303 4976 3451 5029 sunt,
3534 4981 3761 5017 rursum

510 5075 612 5112 C0"
622 5075 682 5112 VC
692 5068 769 5112 rta
781 5074 829 5110 ιιι
841 5095 856 5111 ο

1079 5170 1308 5226 CAPUT
1349 5171 1534 5227 XLIII.

513 5268 963 5334 Quemadmodum
1002 5265 1254 5317 Eusebius
1283 5274 1330 5316 et
1371 5266 1620 5335 Theognis
1645 5269 1835 5322 Ariani
1859 5311 1872 5333 ,
1897 5269 2072 5321 libello

582 5340 894 5406 paenitentia:
957 5337 1202 5398 exhibito,
1255 5352 1377 5387 suas
1433 5341 1720 5406 receperint
1779 5341 2077 5392 ecclesias:

578 5423 765 5477 eosque
831 5407 919 5474 qui
973 5406 1028 5457 iu
1085 5421 1264 5458 eorum
1321 5407 1488 5459 locum
1559 5409 1830 5479 subreguli
1903 5420 2079 5473 erant,

584 5479 857 5548 ejeceriut.

581 5585 1016 5641 Laudatissimzts
1058 5585 1280 5654 quidem
1325 5586 1441 5655 ipse
1487 5586 1790 5656 imperator
1855 5604 2074 5642 onmem

509 5681 760 5733 mmehat
792 5679 1002 5740 funem,
1043 5693 1098 5730 ιιι
1136 5679 1327 5744 religio
1363 5690 1546 5731 nostra
1597 5683 1768 5749 magis
1801 5697 1864 5733 ac
1902 5685 2076 5750 magis

509 5779 824 5841 augeretur,
861 5782 913 5824 et
943 5772 1284 5823 incrementa
1317 5786 1414 5822 sua
1447 5782 1707 5839 caperet:
1747 5774 1950 5841 quippe
1982 5777 2072 5841 qui

2757 5177 2799 5228 K
2813 5177 2934 5230 ΕΦΛ
2946 5178 3009 5229 Λ.
3059 5175 3194 5230 Ml".

2199 5271 2290 5335 Ὡς
2321 5273 2373 5322 ol
2399 5269 2687 5335 'Apsmroi
2713 5271 3004 5333 Εὐσέϐιος
3027 5271 3122 5321 καὶ
3157 5272 3491 5334 Θεογόνιος,
3512 5240 3768 5335 βιϐλίοι-

2252 5341 2574 5409 μετανοίας
2599 5339 2832 5404 δόντες,
2859 5339 2969 5404 τὰς
2994 5339 3149 5404 ἰδίας
3174 5340 3508 5402 ἐκκλησίας
3534 5342 3734 5394 ἀπέλα

2257 5414 2384 5469 σον,
2423 5411 2564 5474 τοὺς
2587 5411 2656 5462 ἐν
2691 5409 2899 5475 αὑταῖς
2920 5411 3451 5477 χειροτονηθέντας
3483 5409 3772 5480 sweet..-

2259 5484 2453 5544 κότες.

2275 5595 2333 5648 Ὀ
2371 5596 2469 5660 μὲν
2503 5591 2599 5646 οὖν
2645 5594 3005 5662 πανεύφημος
3048 5593 3304 5663 βασιλεὺς
3344 5594 3523 5646 πάντα
3581 5595 3770 5648 κάλων

2191 5691 2380 5751 ἐκίνει,
2407 5689 2482 5750 ὡς
2514 5690 2578 5742 ἄν
2607 5706 2669 5755 γε
2703 5691 2771 5740 τὰ
2795 5689 2896 5756 τῆς
2929 5688 3201 5758 ἡμετέρας
3243 5679 3545 5759 θρησκέίας
3589 5688 3767 5754 αὔξην

2190 5779 2480 5846 λαμϐάνοι,
2521 5781 2612 5831 καὶ
2655 5781 2730 5838 είς
2767 5774 3008 5831 ἐπίδοσιν
3055 5781 3260 5848 ἄγοιτο,
3293 5781 3389 5831 ἆτε
3423 5781 3485 5849 δὴ
3527 5782 3766 5833 ἀποστο-
