3928 6538
250 369 334 435 169
1120 366 1725 432 ECCl.ES[ASTlC/E
1769 367 2156 432 HISTORIA!
2196 371 2343 433 LIB.
2387 366 2550 433 Vlil.

3338 358 3435 424 ΠΟ

244 480 384 549 λικὴν
424 474 509 530 καὶ
545 475 904 546 οὐρανομήκη
951 475 1094 546 ἔχων
1156 479 1366 549 ψυχήν.
1420 477 1564 552 ἦσαν
1618 483 1664 535 δ.
1725 501 1740 535 ε

1874 483 2176 551 apostolico
2211 481 2534 550 cmlestique
2573 493 2800 548 prorsus
2843 487 2992 534 esset
3037 477 3246 533 animo.
3288 477 3434 532 Inter

241 573 332 624 τῶν
358 567 648 634 ἐκκλησιῶν
680 567 972 636 ἡγεμόνες,
1009 571 1234 624 καὶτῶν
1274 575 1333 624 ὲν
1379 573 1528 626 τέλει
1560 575 1654 628 τοῦ
1692 577 1768 628 ἱε-

244 661 436 731 ρᾶσθαι,
458 658 505 711 οἶ
543 659 616 728 μὴ
649 658 812 727 μόνον
851 661 1261 731 συνοικοδομεῖν
1294 663 1488 734 ικείνῳ
1517 666 1768 736 ᾑροῦντο,

240 752 358 805 ἀλλὰ
393 751 480 802 καὶ
516 748 864 819 ἀνατρέπειν.
912 750 1009 802 καὶ
1035 807 1040 814 _
1063 752 1133 806 τὰ
1179 753 1406 824 θεμέλια
1445 758 1646 826 ταύτης
1704 761 1767 810 ἐκ

241 843 382 910 ῥιζῶν
409 842 674 910 ἀνασπᾷν,
724 843 802 904 ὡς
854 845 1141 911 προϊόντες
1193 845 1532 917 δηλώσομεν.
1569 850 1628 903 ’0
1668 851 1768 918 μὲν

239 936 330 1002 γὰρ
356 933 560 1000 Ἀρειος
597 931 698 1000 την
737 935 1024 1004 συνοδικὴν
1045 937 1227 1005 ψῆφον
1265 938 1357 990 καὶ
1381 939 1480 1010 τὴν
1514 941 1578 992 ἐκ
1607 940 1766 1007 βασι-

238 1025 351 1085 λέως
403 1021 593 1085 λαϐὼν,
644 1024 937 1093 ὑπερόριος
978 1027 1173 1096 ἤγετο·
1224 1029 1419 1098 ἐπίσης
1466 1030 1524 1084 δὲ
1580 1035 1672 1085 καὶ
1715 1031 1765 1085 oi

236 1117 344 1182 περὶ
375 1115 458 1165 τὸν
499 1115 872 1184 Νικομηδείας
914 1117 1196 1182 Εὐσέϐιον,
1244 1121 1292 1173 οἶ
1343 1124 1409 1192 τῇ
1455 1124 1767 1196 ὕπαγορευ-

234 1207 366 1275 eam
394 1207 566 1257 πίστει
598 1208 1047 1278 ὑπεσημηναντο,
1092 1211 1376 1282 σύμψηφοι
1405 1215 1463 1269 δὲ
1505 1220 1762 1284 γενέσθαι

230 1304 285 1369 τῇ
319 1299 513 1368 Ἀρείου
542 1300 862 1370 καθαιρέσει
889 1303 988 1355 οὐκ
1014 1304 1423 1376 ἠϐουλήθησαν.
1454 1310 1514 1363 ’0
1549 1313 1646 1381 μὲν
1669 1313 1762 1368 οὖν

232 1393 423 1460 ξΔρειος
459 1392 514 1442 οὐ
566 1393 750 1462 πολλῷ
780 1393 1008 1464 ὕστερον
1035 1396 1136 1466 τῆς
1179 1399 1240 1450 ιν
1281 1399 1486 1470 Νικαίᾳ
1541 1404 1760 1457 συνόδου

226 1483 311 1549 τῆς
335 1482 426 1548 μὲν
453 1483 667 1552 ἐξορίας
699 1485 995 1554 ἀνεκλήθη,
1041 1490 1106 1557 τῇ
1130 1505 1193 1556 γε
1237 1489 1344 1560 μὴν
1378 1491 1761 1565 Ἀλεξανδρείᾳ

227 1575 392 1642 φοιτᾷν
414 1573 680 1643 ἐπεσχέθη
702 1591 716 1605 ο
755 1579 813 1627 ὲν
843 1578 1061 1648 ὑστέρῳ
1110 1582 1218 1650 γὰρ
1245 1585 1338 1634 καὶ
1382 1586 1462 1646 είς
1507 1585 1759 1650 Ἀλεξάν-

223 1669 384 1736 δρειαν
411 1666 552 1733 αὐτῷ
585 1669 815 1731 κάθοδος
840 1672 953 1732 τοῖς
1011 1673 1143 1741 napi.
1179 1675 1435 1728 Εὑσέϐιον
1503 1679 1640 1745 μετὰ
1662 1679 1759 1747 τὴν

223 1756 518 1825 παλινῳδίαν
544 1759 902 1823 ἐσπούδαστο,
928 1760 1003 1822 ὼς
1035 1763 1091 1812 ὲν
1113 1764 1292 1834 καιρῷ
1326 1782 1416 1833 μοι
1448 1765 1723 1831 λελέξεται
1741 1784 1756 1800 ο

221 1850 324 1916 μετ’
356 1848 528 1914 ὀλίγον
566 1851 622 1902 δὲ
659 1851 918 1914 Εὐσέϐιος
952 1870 1010 1904 τε
1067 1855 1159 1906 καὶ
1207 1857 1491 1922 Θεογόνιος
1537 1859 1636 1921 τὰς
1679 1861 1757 1912 οί-

219 1941 352 2002 κείας
388 1941 688 2010 ἐκκλησίας
734 1945 1031 2011 ἀπέλαϐον,
1065 1949 1092 1998 ὁ
1127 1937 1243 2016 ’μὲν
1276 1947 1366 2001 τὸν
1419 1951 1536 2003 ἀντ’
1589 1952 1754 2005 αὑτοῦ

219 2034 647 2103 χειροτονηθέντα
684 2038 971 2106 Ἀμφίωνα
1015 2039 1283 2106 ἐκϐαλὼν,
1311 2043 1558 2111 Χρῆστον
1608 2045 1664 2096 δὲ
1691 2047 1756 2096 ὲκ

217 2125 424 2186 Νικαίας
457 2129 482 2177 ὁ
534 2125 856 2193 Θεογόνιος’
899 2133 1190 2198 μετανοίας
1237 2134 1344 2204 γὰρ
1391 2135 1598 2204 βιϐλίον
1641 2139 1755 2200 τοῖς

215 2217 508 2284 κορυφαίοις
573 2219 684 2271 τῶν
732 2222 1054 2280 ἐπισκόπων
1111 2225 1447 2294 πέμψαντες,
1491 2228 1754 2299 βασιλικῷ

213 2305 518 2374 κελεύσματι
563 2310 970 2380 ἀνεκλήθησαν.
1005 2306 1132 2367 Ὧδε
1160 2315 1208 2367 δ’
1247 2313 1394 2386 εῐχεν
1428 2319 1522 2372 ἐπὶ
1555 2319 1752 2386 λέξεως

211 2401 261 2450 τὸ
277 2398 466 2468 βιϐλίον
491 2416 503 2429 ·
529 2418 551 2450 ι
572 2401 710 2470 Ἤδη
739 2403 836 2468 μὲν
855 2405 1361 2474 καταψηφισθέντες
1383 2410 1488 2480 πρὸ
1521 2411 1752 2481 κρίσεως

211 2487 339 2553 παρὰ
369 2488 459 2554 τῆς
507 2487 805 2551 εὐλαϐείας
846 2491 1024 2560 ὑμῶν,
1075 2495 1370 2566 ὀφείλομεν
1424 2502 1638 2569 σιωπᾷν
1681 2501 1748 2553 τὰ

209 2579 485 2646 κεκριμένα
520 2580 680 2647 παρὰ
723 2579 820 2649 τῆς
861 2583 1147 2647 εὐλαϐείας
1181 2587 1368 2655 ὑμῶν’
1400 2589 1516 2642 ἀλλ’
1560 2592 1747 2660 ἐπειδὴ

204 2671 383 2720 ἄτοπον
434 2670 566 2722 καθ’
615 2673 824 2725 ἑαυτῶν
874 2674 1060 2728 δοῦναι
1113 2678 1222 2730 τῶν
1264 2681 1750 2747 συκοφαντούντων

201 2761 289 2828 τὴν
309 2761 584 2828 ἀπόδειξιν
612 2766 676 2833 τῇ
704 2767 906 2835 σιωπῇ,
938 2767 1129 2821 τούτου
1159 2768 1348 2822 ἕνεκεν
1372 2772 1744 2844 ἀναφέρομεν,

201 2853 264 2912 ὡς
284 2853 433 2919 ἡμεῖς
464 2854 560 2906 καὶ
590 2857 655 2922 τῇ
696 2857 873 2909 πίστει
919 2860 1356 2931 συνεδράμομεν,
1394 2865 1489 2915 καὶ
1531 2864 1628 2934 τὴν
1666 2866 1747 2918 ἔν-

201 2960 331 2994 νοιαν
355 2944 718 3009 ἐξετάσαντες
749 2949 840 3001 ἐπὶ
865 2950 940 3018 τῷ
971 2951 1267 3023 δμοουσίῳ,
1304 2954 1413 3008 ὅλοι
1443 2957 1744 3025 ἐγενόμεθα

197 3033 281 3100 τῆς
316 3036 559 3104 είρήνης,
612 3037 864 3108 μηδαμοῦ
913 3045 981 3112 τῇ
1030 3042 1240 3111 αἱρέσει
1276 3043 1743 3117 ἐξακολουθήσαν-

1871 578 2228 633 ecclesiarum
2299 573 2559 644 praesides
2603 562 2901 639 rer-umque
2936 584 3214 625 sacrarum
3250 570 3435 637 magi-

1869 679 2076 724 stratus
2104 677 2218 722 tum
2255 677 2432 730 erant,
2477 665 2570 735 qui
2610 679 2721 718 non
2750 663 2927 718 solum
2962 677 3085 716 cum
3115 661 3211 716 illo
3252 661 3428 714 aedifi-

1811 747 1821 755 ’
1870 762 2128 824 caudum,
2159 776 2349 816 verum
2373 760 2540 814 etiam
2567 757 2966 812 destruendum
2998 756 3127 818 sibi,
3165 764 3221 809 et
3250 757 3431 812 eccle-

1869 859 1966 909 sia:
1999 853 2352 909 fundamenta
2385 849 2634 906 funditus
2665 849 3027 904 evertendum
3076 857 3383 904 statuerant
3414 861 3428 900 :

1868 944 2029 997 sicuti
2090 943 2232 1013 style
2283 943 2560 1011 progressi
2619 939 2996 996 ostendemus.
3061 939 3226 994 Arius
3281 941 3428 992 enim

1865 1034 2058 1104 synodi
2089 1034 2264 1103 ipsius
2297 1043 2463 1103 atque
2511 1033 2864 1102 imperatoris
2908 1031 3120 1085 calculo
3166 1029 3429 1084 condem-

1869 1135 2048 1187 natus,
2095 1134 2152 1180 et
2192 1125 2387 1180 exsilio
2431 1133 2702 1178 mactatus
2750 1124 2980 1178 fuerat:
3021 1133 3187 1192 atque
3235 1122 3427 1176 itidem

1865 1221 2139 1274 Eusebius
2181 1218 2644 1282 Nicomediensis,
2702 1226 3118 1286 sectatoresque
3154 1217 3298 1283 ejus.
3332 1218 3426 1284 qui

1864 1309 2191 1379 professioni
2221 1309 2444 1378 quidem
2485 1309 2609 1362 fidei
2657 1307 3128 1376 subscripseraut,
3181 1305 3294 1360 Arii
3327 1320 3429 1359 au-

1866 1414 1974 1456 tem
2025 1401 2540 1456 exauctorationem
2576 1401 2870 1454 sententiis
2900 1401 3018 1455 suis
3065 1399 3427 1467 comprobare

1862 1494 2174 1546 noluerant.
2215 1492 2282 1546 Et
2328 1492 2490 1546 Arius
2521 1507 2628 1544 non
2664 1492 2823 1561 longe
2862 1501 2984 1560 post
3019 1490 3297 1544 Nicamam
3331 1504 3422 1558 sy-

1863 1587 2066 1638 nodum
2112 1586 2180 1638 ab
2226 1585 2422 1639 exsilio
2457 1584 2678 1653 quidem
2711 1595 2795 1638 est
2839 1595 3147 1644 revocatus,
3184 1583 3425 1636 Alexan-

1862 1677 2035 1730 driam
2099 1686 2280 1730 autem
2347 1677 2426 1729 ire
2492 1676 2827 1744 prohibitus.
2887 1675 3162 1730 Caeterum
3233 1685 3424 1744 postea

1861 1784 2082 1838 quoque
2113 1769 2163 1823 ei
2217 1768 2284 1821 ab
2320 1768 2582 1833 Eusebio,
2613 1769 2776 1838 633
2815 1776 2938 1838 post
2989 1765 3326 1836 palinodiam
3366 1775 3424 1818 et

1866 1860 2319 1924 recantationcm,
2362 1861 2572 1914 reditus
2615 1861 2670 1915 in
2707 1875 2826 1914 eam
2863 1859 3056 1913 urbem
3092 1859 3422 1927 impetratus

1861 1967 1984 2009 est:
2027 1953 2080 2007 id
2131 1969 2241 2023 quo
2291 1970 2392 2009 suo
2435 1955 2559 2010 loco
2605 1954 2843 2010 dicetur.
2898 1953 3054 2008 Brevi
3106 1968 3330 2023 quoque
3364 1960 3421 2005 et

1860 2043 2134 2098 Eusebius
2169 2054 2226 2098 et
2262 2043 2540 2114 Theognis
2570 2045 2833 2099 ecclesias
2863 2062 2990 2100 suas
3039 2055 3371 2115 receperunt
3405 2064 3421 2100 :

1857 2134 1938 2186 eis
1975 2133 2068 2200 qui
2118 2133 2172 2185 in
2219 2148 2412 2187 eorum
2446 2133 2628 2188 locum
2681 2136 2951 2203 surrogati
2993 2135 3234 2197 fuerant,
3294 2137 3423 2190 Am-

1856 2225 2060 2294 phione
2091 2225 2430 2283 Nicomedia.
2461 2237 2512 2280 et
2545 2227 2779 2282 Chresto
2819 2227 3000 2284 Nicaea
3035 2231 3251 2298 ejectis.
3280 2232 3419 2286 Cum

1857 2331 2091 2384 namque
2133 2316 2472 2385 paenitentiae
2516 2319 2760 2374 libellum
2809 2323 3092 2390 primariis
3141 2325 3423 2394 episcopis

1857 2409 2159 2474 misissent,
2193 2411 2544 2482 imperatoris
2581 2413 2737 2484 jussu
2768 2427 2901 2471 sunt
2927 2421 3194 2475 revocati.
3230 2419 3424 2477 Libel-

1853 2501 1939 2555 lus
1990 2515 2176 2558 autem
2235 2505 2283 2560 is
2332 2505 2401 2559 de
2458 2507 2629 2560 verbo
2683 2508 2750 2562 ad
2809 2512 3034 2566 verbum
3100 2515 3226 2570 talis
3271 2515 3417 2570 fuit:

1861 2609 1878 2640 ι
1930 2590 2063 2645 Cum
2128 2592 2353 2662 quidem
2415 2597 2644 2651 calculis
2709 2600 2908 2654 vestris
2956 2613 3084 2657 ante
3139 2604 3414 2674 judicium

1851 2679 2083 2746 factum,
2107 2699 2134 2735 a
2165 2683 2369 2752 pietate
2405 2697 2583 2740 vestra
2614 2687 2856 2742 damnati
2904 2691 3097 2757 simus,
3125 2693 3289 2750 silere
3321 2695 3419 2750 de-
3467 2697 3472 2703 ’

1853 2774 2170 2829 buissemus
2199 2775 2268 2832 de
2296 2779 2518 2846 pietatis
2546 2791 2744 2835 vestra:
2768 2781 3029 2838 decretis.
3057 2785 3418 2858 Quandoqui-

1849 2866 1972 2920 dem
2005 2883 2135 2922 vero
2164 2869 2462 2924 absurdum
2490 2872 2678 2936 fuerit,
2707 2874 2930 2929 silentio
2957 2877 3076 2946 ipso
3103 2881 3415 2950 sycophan-

1853 2961 1939 3014 tiae
2001 2961 2319 3030 Opinionem
2383 2974 2436 3018 et
2502 2966 2763 3021 indicium
2832 2979 3025 3024 contra
3097 2987 3194 3028 nos
3267 2975 3416 3044 ipsos

1849 3052 2095 3118 praebere
2126 3069 2140 3107 :
2169 3069 2288 3108 eam
2320 3055 2491 3122 ipsam
2523 3057 2594 3111 ob
2625 3073 2846 3114 causam
2871 3061 2936 3115 ad
2971 3079 3067 3118 vos
3093 3065 3414 3132 referimus,

197 3140 302 3185 τες·
334 3126 549 3196 ὑπομνὴ
563 3145 752 3190 σαντες
787 3130 840 3182 δὲ
873 3130 968 3182 ἐπὶ
1016 3134 1084 3202 τῇ
1111 3133 1381 3206 ἀσφαλείᾳ
1413 3137 1518 3190 τῶν
1539 3139 1740 3209 ἔκκλη-

1849 3157 1950 3195 nos
1988 3144 2314 3211 professioni
2349 3147 2472 3201 fidei
2502 3151 2873 3218 consensisse,
2898 3158 3284 3227 sententiaque
3314 3163 3409 3213 τοῦ

196 3216 327 3279 σιῶν,
359 3217 457 3270 ὅσα
483 3217 583 3270 τὸν
612 3214 875 3288 λογισμὸν
901 3221 1060 3291 ήμῶν
1083 3223 1435 3297 ὑπερέτρεχε.
1465 3229 1576 3282 Καὶ
1606 3231 1745 3298 πλη-

198 3309 579 3376 εοφορηθέντες
613 3313 710 3364 καὶ
743 3313 1265 3385 πληροφορήσαντες
1313 3319 1439 3384 τοὺς
1472 3321 1540 3374 δι’
1579 3323 1742 3392 ἡμῶν

196 3405 464 3472 πεισθῆναι
519 3403 865 3471 ὀφείλοντας,
914 3408 1392 3482 ὑπεσημηνάμεθα
1435 3417 1502 3484 τῇ
1535 3416 1739 3472 πίστει.

193 3493 271 3562 Τῷ
291 3495 342 3546 δὲ
363 3495 810 3566 ἀναθεματισμῷ
827 3489 932 3568 ὀὐχ
961 3501 1380 3572 ὑπεγράψαμεν,
1415 3505 1513 3575 οὺχ
1538 3506 1612 3569 ὡς
1641 3508 1739 3575 τῆς

193 3581 411 3645 πίστεως
451 3583 924 3652 κατηγοροῦντες,
961 3587 1077 3639 ἀλλ’
1107 3587 1185 3651 ὡς
1219 3591 1578 3656 ἀπιστοῦντες
1626 3609 1739 3647 τοι·

189 3671 488 3728 οὗτονεῖναι
546 3676 642 3728 τὸν
697 3679 1167 3750 κατηγορηθέντα,
1200 3685 1263 3736 ὲκ
1311 3686 1419 3737 τῶν
1450 3687 1556 3758 ἰδίᾳ
1599 3689 1739 3758 πρὶς

191 3769 320 3834 ἡμᾶς
370 3768 503 3837 παρ’
547 3768 717 3821 αὐτοῦ
771 3769 860 3822 διά
907 3787 965 3823 τε
1004 3775 1328 3836 ἐπιστολῶν,
1373 3781 1465 3832 καὶ
1503 3781 1610 3833 τῶν
1656 3783 1736 3847 είς

190 3862 456 3928 πρόσωπον
487 3861 790 3925 διαλέξεων
819 3867 1424 3940 πεπληροφορημένοις,
1453 3872 1528 3941 μὴ
1559 3873 1736 3926 τοιοῦ-

187 3969 264 4005 τον
297 3949 457 4008 εἶναι.
482 3954 558 4008 Et
594 3953 652 4006 δὲ
683 3955 913 4026 ἐπείσθη
954 3960 986 4026 ἡ
1019 3959 1150 4026 ἁγία
1177 3961 1333 4030 ἡμῶν
1365 3964 1600 4029 σύνοδος,
1635 3967 1734 4020 οὐκ

184 4047 596 4112 ἀντιτείνοντές,
635 4048 770 4101 ἀλλὰ
828 4052 1171 4113 συντιθέντες
1225 4057 1334 4117 τοῖς
1389 4059 1518 4123 παρ’
1579 4060 1734 4128 ὑμῶν

183 4139 548 4206 κεκριμένοις,
581 4139 676 4190 καὶ
704 4139 792 4191 διὰ
835 4141 932 4192 τοῦ
990 4144 1318 4213 γράμματος
1356 4147 1733 4218 πληροφοροῦ-

184 4248 270 4296 μεν
304 4232 401 4300 τὴν
433 4233 870 4300 συγκατάθεσιν,
917 4237 976 4288 οὐ
1009 4238 1109 4306 τὴν
1141 4240 1354 4307 ἐξορίαν
1387 4242 1597 4311 βαρέως
1635 4247 1730 4312 φέ-

179 4332 367 4384 ροντε·,
400 4321 543 4371 ἀλλα
579 4321 678 4389 τὴν
704 4321 965 4374 ὑπόνοιαν
989 4325 1088 4392 τῆς
1129 4328 1394 4394 αἱρέσεως
1427 4331 1732 4400 ἀποδυόμε-

177 4425 277 4459 νοι·
315 4411 360 4461 εί
403 4415 514 4481 γὰρ
571 4412 940 4475 καταξιὼσετε
997 4415 1090 4466 νῦν
1141 4417 1274 4483 γοῦν
1323 4421 1404 4482 είς
1436 4423 1728 4492 πρόσωπον

1846 3231 2135 3298 ὁμοουσίου
2189 3245 2244 3288 et
2291 3237 2778 3296 consubstantialis
2821 3245 3127 3312 explorata,
3189 3262 3413 3318 pacatos

1847 3336 2076 3389 prorsus
2107 3322 2296 3390 fuisse,
2331 3341 2510 3397 neque
2545 3329 2654 3384 ulla
2684 3346 2749 3384 ex
2784 3345 2938 3401 parte
2984 3337 3178 3394 haeresi
3217 3344 3412 3398 adita:-

1847 3413 2008 3469 sisse.
2046 3414 2411 3474 Certitudinis
2455 3433 2638 3477 autem
2668 3427 3026 3485 ecclesiarum
3061 3449 3252 3502 causa,
3289 3455 3410 3508 quae

1845 3505 2005 3561 nobis
2032 3507 2086 3560 in
2115 3521 2357 3565 mentem
2383 3525 2669 3579 venerant,
2701 3517 2754 3571 in
2784 3522 3026 3577 medium
3052 3505 3406 3594 protulimus.

1842 3600 2020 3669 Atque
2055 3601 2158 3670 ipsi
2209 3604 2426 3658 tandem
2458 3619 2614 3662 certo
2653 3614 2923 3680 persuasi,
2971 3616 3205 3688 aliisque
3236 3623 3404 3678 etiam

1840 3706 1981 3760 quos
2027 3695 2318 3764 oportebat
2370 3698 2560 3754 itidem
2612 3717 2640 3756 a
2694 3705 2856 3760 nobis
2909 3714 3222 3778 persuasis,
3273 3715 3403 3773 fidei

1839 3785 2291 3855 subscripsimus.
2353 3790 2705 3852 Anathemati
2761 3815 2891 3856 vero
2938 3805 3400 3866 subscribendum

1840 3891 1948 3931 non
1975 3876 2263 3942 duximus,
2305 3895 2411 3936 non
2445 3883 2667 3953 quidem
2699 3892 2838 3956 quod
2869 3893 3034 3949 [idem
3079 3898 3252 3967 ipsam
3280 3919 3403 3957 car-

1840 3981 2129 4036 peremus:
2165 3984 2358 4023 verum
2391 3972 2535 4040 quod
2565 3989 2690 4028 eum
2732 3980 2826 4048 qui
2869 3996 3166 4042 accusatus
3195 3991 3400 4058 fuerat,

1838 4059 2001 4112 talem
2057 4074 2179 4113 esse
2237 4076 2347 4115 non
2405 4064 2780 4124 crederemus.
2828 4072 2907 4127 Ex
2952 4078 3202 4146 epistolis
3248 4086 3398 4140 enim

1837 4150 1961 4218 ejus
1988 4149 2056 4204 ad
2101 4167 2202 4205 nos
2230 4150 2394 4220 da'is,
2428 4160 2892 4233 sermonibusque
2918 4167 2974 4222 in
3005 4169 3202 4226 faciem
3237 4176 3404 4231 colla-

1840 4243 1929 4308 tis,
1977 4245 2242 4300 certiores
2275 4245 2405 4302 facti
2442 4266 2654 4319 sumus,
2693 4256 2854 4311 talem
2905 4276 3016 4316 non
3060 4279 3201 4320 esse.
3243 4268 3400 4336 Quod

1835 4335 1880 4390 si
1920 4345 2110 4392 sancta
2151 4350 2330 4395 vestra
2381 4344 2624 4413 synodus
2654 4347 2724 4402 de
2766 4364 2833 4405 eo
2864 4353 2946 4408 sic
2995 4335 3394 4425 persuasaiest,

1836 4438 1936 4478 nos
1995 4427 2128 4480 nihil
2177 4445 2565 4501 repugnamus.
2609 4436 2880 4496 Caeterum
2924 4447 3246 4520 suﬂ'ragium
3299 4471 3398 4509 no-

173 4500 445 4554 ἀναλαϐεῖν
504 4503 675 4571 ἡμᾶς,
711 4505 858 4567 ἕξετε
888 4508 945 4556 ἐν
998 4509 1169 4561 ἃπασι
1221 4512 1562 4584 συμψύχους,
1597 4518 1730 4570 ἀκο-

1844 4524 2010 4569 strum
2037 4517 2100 4570 ad
2125 4519 2344 4574 decreta
2373 4536 2553 4580 vestra
2581 4536 3084 4603 accommodantes,
3111 4559 3209 4611 per
3233 4546 3396 4602 hasce

171 4591 480 4656 ).ουθοῦντας
513 4596 630 4655 τοῖς
665 4596 794 4664 παρ’
849 4596 1002 4665 ὑμῶν
1047 4605 1418 4672 κεκριμένοις.
1463 4609 1575 4662 Καὶ
1632 4611 1722 4664 ὅτε

172 4681 316 4731 αὑτὸν
363 4683 456 4735 τὸν
495 4685 591 4736 ἐπὶ
621 4685 837 4748 τούτοις
891 4690 1221 4761 ὲναγόμενον
1251 4695 1428 4761 ἔδοξεν
1475 4699 1628 4767 ὑμῶν
1654 4701 1719 4768 τῇ

169 4772 409 4846 εὐλαϐείᾳ
465 4777 1022 4848 φιλανθρωπεύεσθαι
1086 4786 1178 4838 καὶ
1241 4789 1718 4858 ἀνακαλέσασθαι,

168 4861 352 4916 ἄτοπον
381 4865 440 4916 δέ
471 4883 526 4918 τι
555 4867 841 4932 δοκοῦντες
875 4867 1017 4925 εἶναι
1071 4876 1373 4932 ὑπευθύνου
1407 4882 1716 4952 ἀνακεκλη-

170 4956 314 5020 μένου
342 4961 435 5009 καὶ
464 4960 958 5030 ἀπολογησαμένου
981 4965 1066 5031 ἐφ’
1093 4962 1175 5030 οττ
1210 4969 1541 5038 δίεδάλλετον
1571 4977 1718 5044 ἡμᾶς

167 5051 382 5118 σιωπᾷν,
412 5051 540 5102 καθ’
583 5053 794 5104 ἑαυτῶν
829 5057 1081 5120 ἐνδόντας
1119 5062 1208 5112 τὸν
1239 5061 1488 5132 ἔλεγχον.
1532 5067 1718 5120 Κατα-

165 5134 376 5196 ξιὼσατε
398 5136 518 5204 οὖν,
547 5141 619 5202 ὡς
643 5143 873 5212 ἁρμόζει
905 5149 970 5216 τῇ
1003 5149 1336 5224 φιλοχρίστῳ
1370 5155 1524 5224 ὑμῶν
1552 5158 1715 5211 σύλα-

163 5226 287 5298 ϐεία,
317 5232 410 5283 καὶ
442 5233 537 5284 τὸν
568 5233 983 5302 θεοφιλέστατον
1007 5241 1230 5310 βασιλέα
1255 5247 1591 5316 ὑπομνῆσαι,
1621 5251 1714 5302 καὶ

159 5316 245 5376 τὰς
272 5315 484 5384 δεήσεις
517 5319 672 5386 ἡμῶν
699 5323 1026 5394 ἐγχειρίσαι,
1059 5331 1152 5381 καὶ
1197 5333 1390 5386 θᾶττον
1419 5337 1714 5404 βουλεύσα-

161 5403 270 5456 σθαι
286 5407 352 5459 τὰ
372 5409 506 5476 ὑμῖν
531 5411 842 5479 ἁρμόζοντα
863 5417 947 5484 ἐφ’
965 5419 1121 5488 ἡμῖν.
1159 5440 1178 5472 ι
1200 5423 1293 5476 Ἐκ
1309 5427 1509 5497 ταύτης
1531 5432 1710 5483 τοίνυν

157 5490 242 5557 τῆς
264 5494 594 5566 παλινῳδίας
617 5502 1085 5574 ἑπανακληθέντες
1110 5509 1372 5579 Εὑσέϐιός
1393 5534 1450 5569 τε
1464 5490 1564 5571 ’καὶ
1583 5521 1714 5574 Θεο-

157 5581 341 5648 γόνιος,
370 5589 474 5650 τὰς
531 5589 663 5654 ιδίας
697 5593 990 5664 ἐκκλησίας
1028 5600 1204 5670 ἔσχον,
1242 5611 1368 5670 τοὺς
1398 5610 1486 5661 ἐπ’
1514 5613 1710 5677 αὐταῖς

157 5676 626 5744 χειροτονηθέντας
650 5681 1066 5754 ἐκϐεϐληκότες,
1085 5683 1164 5753 ὡς’
1187 5695 1419 5766 εἴρηται.
1443 5701 1547 5755 Καὶ
1576 5721 1703 5773 προ-

156 5771 376 5832 σχήματι
404 5770 467 5822 τὰ
489 5772 654 5824 κώδια
673 5777 1042 5846 περιθέμενοι,
1065 5785 1129 5836 τὰ
1147 5787 1327 5843 λύκων
1354 5793 1703 5864 εἰργάσαντο.

452 5867 726 5927 ΡΔτιιοι..
769 5874 884 5934 (in.
930 5879 1028 5938 (1X
1045 5881 1168 5941 Ll'l

1824 4606 2060 4671 litteras,
2101 4611 2261 4679 plena
2295 4615 2401 4669 [ide
2436 4633 2770 4678 consensum
2805 4639 3054 4685 nostrum
3103 4639 3395 4694 continua-

1827 4715 1988 4754 mus:
2027 4719 2132 4757 non
2167 4721 2268 4762 nos
2300 4711 2525 4777 quidem
2555 4719 2799 4785 graviter
2835 4727 3094 4781 exsilium
3127 4731 3390 4802 ferent”,

1823 4793 1917 4846 sed
1945 4796 2319 4863 suspicionem
2358 4802 2584 4862 haeresis
2616 4813 2963 4871 amolientes.
3014 4822 3169 4886 Quod
3208 4828 3252 4879 si
3303 4830 3389 4882 di-

1820 4889 2123 4955 gnabimini
2157 4910 2256 4950 nos
2286 4898 2340 4950 in
2390 4915 2748 4970 cormpectum
2783 4924 3026 4968 vestrum
3067 4918 3386 4987 admittere,

1825 4983 2109 5038 tmanitnes
2142 4986 2193 5038 in
2225 4990 2482 5046 omnibus
2524 4994 2817 5064 habebitis,
2852 5005 3130 5075 rebusque
3189 4983 3386 5070 vestris

1815 5075 2079 5142 judicatis
2105 5089 2334 5136 stantes.
2371 5084 2437 5138 Et
2475 5103 2598 5142 cum
2631 5093 2817 5158 pietati
2863 5110 3060 5154 vestrae
3089 5103 3381 5174 placuerit,

1818 5179 1943 5216 cum
1970 5165 2063 5233 qui
2089 5167 2339 5224 criminis
2365 5173 2528 5244 hujus
2557 5181 2782 5236 nomine
2809 5197 2892 5239 est
2921 5187 3158 5257 delatus,
3192 5197 3384 5253 huma-

1819 5255 1963 5308 niter
2001 5273 2264 5315 revocare
2291 5303 2304 5325 ,
2342 5265 2641 5322 absurdum
2688 5288 2812 5328 esse
2845 5277 3136 5346 duximus,
3165 5303 3385 5355 postea-

1815 5363 1978 5414 quam
2011 5367 2137 5407 rcus
2168 5357 2283 5423 ipse
2323 5373 2632 5428 revocatus,
2679 5367 2745 5420 de
2772 5367 2984 5427 intenta
3032 5378 3136 5432 sibi
3173 5383 3382 5438 calum-

1817 5440 1904 5493 nia
1933 5456 2150 5498 causam
2185 5447 2343 5513 dixit,
2369 5463 2425 5504 ut
2446 5468 2545 5506 nos
2572 5471 2801 5524 prorsus
2833 5473 3163 5536 taceremus,
3188 5488 3380 5534 contra

1814 5547 1914 5585 nos
1948 5533 2098 5603 ipsos
2137 5541 2585 5607 reprehensionis
2624 5555 2970 5613 occasionem
3023 5564 3376 5626 exhibentes.

1813 5618 1998 5679 Facite
2057 5627 2247 5695 igitur,
2306 5633 2470 5687 sicuti
2533 5638 2728 5707 pietati
2786 5660 2984 5706 vestra:
3040 5654 3375 5716 Christianae

1811 5714 2072 5766 convenit
2102 5735 2114 5769 :
2150 5730 2208 5772 ut
2238 5721 2330 5775 Dei
2368 5731 2810 5791 amantissimum
2861 5741 3250 5807 imperatorem
3279 5753 3380 5802 ad-

1811 5806 2104 5876 moneatis,
2133 5825 2323 5879 preces
2351 5830 2570 5877 nostras
2600 5827 2778 5884 eidem
2805 5833 3073 5900 offeratis.
3100 5850 3153 5894 et
3185 5856 3380 5912 qnam-5

2951 5933 2988 5986 ti
