3934 6560
415 378 521 442 175

1627 376 2046 437 NlCEPlIORl
2091 378 2438 439 CALLlSTl

3563 374 3673 443 176

415 504 528 548 tum
575 491 642 548 ad
703 492 806 547 hoc
854 491 996 548 satis
1026 501 1197 557 esset,
1248 507 1318 548 ne
1359 492 1428 548 ab
1478 493 1562 548 eis
1609 493 1702 562 qui
1762 492 1818 547 in
1869 494 1976 548 illis

2089 495 2205 559 πῶς
2234 496 2398 567 ἔχων,
2432 495 2483 549 οῖ
2517 495 2678 549 αὐτὸν
2727 492 3140 566 ἀπηχθάνοντο·
3178 493 3272 548 καὶ
3324 493 3434 564 γὰρ
3462 495 3673 549 διάπυ-

414 585 599 640 eximii
651 595 781 640 sunt
831 595 888 640 et
934 586 1069 640 clari
1123 585 1546 654 percelleretur,
1609 585 1845 642 Nica'am
1895 594 1982 641 est

412 677 743 748 perductus,
813 676 907 732 ubi
951 677 1188 733 maxime
1239 679 1578 740 decertavit,
1631 680 1836 750 quippe
1885 683 1979 751 qui

415 783 642 842 propter
676 769 986 825 firmitatem
1020 784 1344 825 sermonum
1386 771 1636 826 veritatis
1671 788 1778 826 non
1822 775 1984 828 mini-

416 877 504 916 ma
552 861 629 916 ibi
676 860 955 915 actionum
1007 861 1251 915 omnium
1288 875 1415 931 pars
1464 862 1654 916 fuerit.
1687 862 1981 932 Specimen

409 968 544 1008 vero
611 952 704 1006 ille
775 967 993 1020 quoque
1044 952 1097 1005 in
1154 960 1313 1006 aetate
1372 951 1605 1022 juvenili
1673 953 1978 1022 sapientis,

413 1044 670 1114 spectati,
702 1053 759 1099 et
791 1044 984 1098 senilis
1015 1043 1119 1098 viri
1149 1043 1384 1111 praebuit
1409 1044 1512 1112 (Ι).
1545 1042 1842 1114 Postquam
1878 1060 1981 1098 au-

415 1146 522 1190 tem
556 1136 866 1190 Alexander
897 1147 1149 1189 mortuus
1177 1143 1282 1196 est,
1325 1149 1565 1203 eumque
1597 1148 1978 1190 successorem

413 1244 573 1282 suum
604 1228 859 1296 reliquit,
894 1237 1008 1282 tum
1051 1227 1222 1296 magis
1247 1227 1419 1297 gloria
1451 1227 1574 1295 ejus
1614 1227 1836 1291 enituit,
1868 1227 1981 1281 vir-

413 1331 528 1376 tute
558 1320 731 1388 ipsius
755 1321 811 1372 in
840 1319 1008 1373 rebus
1041 1319 1302 1373 omnibus
1342 1321 1579 1387 seipsam
1613 1319 1978 1374 confirmantc

412 1426 577 1482 atque
606 1413 886 1467 laudante.
935 1411 1111 1478 Quam
1145 1411 1425 1481 ingentem
1471 1426 1692 1484 quoque
1741 1413 1982 1467 reddidit

412 1518 647 1574 magnus
704 1504 1004 1568 Antonius,
1062 1519 1188 1556 cum
1244 1503 1452 1571 optima
1506 1518 1740 1573 quaeque
1797 1504 1866 1559 de
1914 1519 1981 1560 eo

411 1598 735 1663 testificaris,
773 1607 887 1650 tum
937 1597 1103 1651 etiam
1135 1597 1306 1666 jussis
1335 1597 1456 1665 ejus
1511 1610 1719 1650 morem
1755 1613 1976 1666 gerens.

408 1689 544 1743 Nam
573 1698 630 1741 et
663 1689 783 1758 ejus
812 1703 978 1742 causa
1003 1703 1068 1741 cx
1101 1687 1384 1740 montibus
1415 1686 1470 1740 iri
1510 1686 1678 1740 urbes
1711 1687 1975 1757 frequen-

413 1781 522 1832 tius
562 1781 735 1843 venit,
781 1787 837 1832 et
898 1778 952 1832 in
1005 1777 1238 1833 ecclesia
1291 1792 1416 1831 cum
1459 1792 1527 1831 eo
1579 1787 1664 1832 est
1703 1791 1980 1834 versatus.

2092 601 2182 653 ρος
2209 585 2402 655 ἐκείνῳ
2441 584 2594 650 φίλος
2627 583 2925 654 ἐτύγχανεν
2970 582 3064 637 ὢν.
3107 582 3586 654 Περιφανέστερον
3620 582 3671 636 δ’

2089 675 2309 728 ἐποίουν
2368 675 2460 728 τὸν
2494 673 2818 728 Ἀθανάσιον
2868 674 2963 727 καὶ
3007 666 3298 744 Ἀρειανὸὶ,
3341 672 3391 725 οἳ
3441 673 3673 742 σύναμα

2087 767 2329 838 Μελιτίῳ
2357 768 2456 836 τήν
2481 768 2758 836 Αἴγυπτον
2791 769 3187 835 ἀνετάρασσον,
3216 766 3511 829 ἐπιϐουλὰς
3564 769 3671 836 μὲν

2089 858 2211 911 κατ’
2249 857 2410 911 αὑτοῦ
2437 860 2523 912 ἀεὶ
2553 860 2907 929 πράττοντες,
2941 861 2998 911 ἐν
3028 859 3150 930 δίκῃ
3185 859 3228 912 δ’
3262 859 3403 912 ἐλεῖν
3457 859 3670 927 ἣκιστα

2088 947 2324 1018 ἔχοντες.
2360 951 2517 1019 ’Ἄρτι
2557 950 2665 1018 γὰρ
2719 949 3092 1018 καταχθέντες
3137 951 3184 1002 οί
3226 952 3356 1020 περὶ
3402 948 3670 1002 Εὑσέϐιον

2089 1038 2322 1109 βασιλεῖ,
2359 1040 2420 1092 οὐ
2485 1041 2586 1111 τὴν
2624 1039 2891 1110 τυχοῦσαν
2944 1041 3264 1111 παρρησίαν
3312 1041 3668 1110 ἐκτήσαντο⁸

2089 1131 2184 1181 καὶ
2207 1128 2296 1182 διά
2327 1130 2531 1200 πολλῆς
2560 1126 2703 1202 ἦσαν
2743 1133 2941 1202 ἐκείνῳ
2984 1131 3178 1201 τιμῆς,
3207 1132 3294 1186 ἆτ’
3334 1133 3396 1183 ἐκ
3433 1133 3528 1185 τοῦ
3565 1149 3670 1186 κα-

2090 1223 2202 1287 κῶς
2238 1227 2457 1294 φρονεῖν
2487 1225 2625 1295 πρὸς
2653 1225 2732 1294 τῷ
2767 1226 3016 1279 εὐσεϐεῖν
3047 1224 3436 1295 μεταθέμενοι.
3462 1225 3574 1278 Καὶ
3601 1226 3669 1293 δὴ

2088 1317 2155 1385 τῇ
2187 1317 2472 1388 παρρησίᾳ
2495 1318 3006 1389 καταχρησάμενοι,
3051 1319 3278 1389 μείζονα
3319 1319 3565 1389 ταραχήν
3597 1319 3667 1387 τῇ

2101 1407 2402 1481 Ἐκκλησία
2432 1410 2732 1479 ἐπήγειραν
2776 1411 2838 1462 ἐκ
2875 1428 2931 1462 τε
2991 1411 3082 1478 τῆς
3119 1410 3536 1480 ἐνοικουρούσης
3565 1427 3672 1462 κα-

2094 1500 2360 1563 κοδοξίας,
2415 1503 2511 1555 καὶ
2540 1504 2601 1553 ἐκ
2646 1501 2746 1572 τῆς
2771 1503 2908 1571 πρὸς
2952 1503 3271 1554 Ἀθανάσιον
3321 1501 3625 1571 ἀπεχθείας
3651 1518 3667 1532 ο

2089 1574 2278 1661 ἐπειδὴ
2309 1593 2502 1664 ἐκείνῳ
2528 1594 2586 1647 ἐν
2614 1596 2680 1663 τῇ
2712 1595 2918 1664 συνόδῳ
2951 1595 3201 1664 προϐόλῳ
3241 1594 3338 1662 τῆς
3376 1593 3670 1653 εὐσεϐείας

2088 1682 2364 1752 ἐνέτυχον.
2407 1685 2520 1738 Καὶ
2571 1683 2636 1754 δὴ
2666 1688 2858 1754 πρῶτα
2892 1685 2992 1754 μὲν
3019 1685 3116 1755 τὴν
3155 1685 3361 1738 ἐκείνου
3396 1685 3451 1736 ἐν
3483 1685 3672 1746 αίτίας

2091 1773 2379 1827 ἐποιοῦντο
2407 1777 2770 1847 χειροτονίαν,
2798 1777 2874 1839 ὼς
2899 1779 2974 1848 μὴ
3007 1777 3307 1847 ἐνθέσμως,
3346 1775 3480 1846 μηδέ
3509 1775 3673 1845 παρά

411 1868 550 1921 Tum
580 1877 785 1933 autem,
824 1867 1114 1921 sententia
1142 1865 1266 1934 ejus
1308 1881 1473 1936 quam
1511 1865 1580 1920 de
1613 1867 1725 1921 Deo
1765 1868 1976 1932 habuit,

2089 1864 2422 1930 ἀξιοπίστων
2456 1868 2767 1935 προσώπων
2798 1869 3176 1939 γεγενημένην
3202 1883 3218 1898 ο
3256 1868 3330 1931 ὡς
3379 1869 3436 1921 δὲ
3482 1869 3674 1938 κρείτ-

411 1961 684 2014 calculum
719 1976 880 2015 suum
904 1959 1120 2014 addidit
1153 1976 1166 2014 :
1200 1962 1285 2015 eis
1318 1960 1414 2029 qui
1441 1959 1765 2014 inimicitias
1787 1969 1980 2014 contra

409 2067 536 2103 eum
578 2051 954 2119 suscepissent
993 2051 1284 2115 adversus,
1321 2052 1494 2119 ipsius
1523 2059 1706 2104 autem
1732 2050 1985 2104 Athana-

410 2142 477 2195 sii
518 2143 734 2197 amicus
783 2143 1013 2196 intimus
1067 2151 1121 2194 et
1176 2156 1449 2195 summus.
1501 2140 1645 2206 Quin
1684 2149 1742 2195 et
1794 2141 1981 2195 Ariani

410 2233 773 2288 Athanasium
825 2234 1182 2287 illustriorem
1227 2231 1534 2296 reddidere,
1569 2232 1661 2301 qui
1698 2246 1804 2285 una
1854 2248 1978 2288 eum

412 2323 620 2377 Melitio
653 2321 943 2393 Egyptum
998 2324 1238 2375 motibus
1277 2326 1708 2390 compleverant.
1749 2320 1984 2375 Insidias

413 2413 562 2466 enim
587 2411 708 2465 sine
741 2409 1156 2465 intermissione
1191 2409 1240 2464 ei
1277 2410 1592 2468 molientes.
1627 2425 1825 2478 capere
1851 2425 1979 2464 eum

414 2503 660 2575 legitime
693 2519 801 2557 non
835 2513 1159 2573 potuerunt.
1204 2503 1270 2556 Et
1323 2517 1498 2570 nuper
1531 2501 1832 2556 admodum
1871 2502 1982 2556 Eu-

412 2600 600 2653 sebius
650 2599 718 2652 ab
775 2597 1108 2664 imperatore
1159 2597 1226 2648 ab
1275 2595 1471 2648 exsilio
1527 2594 1814 2658 reductus,
1870 2611 1982 2649 non

418 2690 751 2750 mediocrem
804 2689 906 2743 sibi
961 2689 1267 2758 usurpabat
1306 2688 1643 2752 libertatem,
1679 2689 1747 2742 ab
1783 2688 1874 2741 illo
1927 2687 1982 2742 in

415 2797 616 2852 magno
650 2782 861 2835 lienore
881 2781 1120 2844 habitus,
1145 2779 1372 2849 perinde
1408 2789 1573 2850 atque
1599 2795 1627 2834 a
1663 2795 1829 2850 prava
1858 2778 1981 2849 opi-

362 2917 365 2919 .
412 2876 580 2929 nione
638 2874 704 2928 ad
763 2884 928 2930 recta:
994 2873 1216 2943 pietatis
1271 2873 1603 2928 sententiam
1653 2871 1981 2927 transiisset.

410 2965 685 3032 Quocirca
738 2965 994 3020 libertate
1035 2981 1100 3020 ca
1135 2966 1368 3027 abusus,
1405 2964 1670 3034 majorem
1706 2963 1876 3016 etiant
1923 2961 1983 3016 in

411 3057 642 3113 ecclesia
705 3056 923 3110 turbam
954 3055 1237 3119 excitavit,
1270 3070 1369 3124 per
1398 3069 1521 3108 eam
1558 3068 1680 3122 quae
1711 3053 1762 3108 ei
1800 3059 1982 3107 inerat

413 3150 602 3204 falsam
656 3149 1001 3219 opinionem,
1067 3162 1270 3216 easque
1315 3161 1453 3215 quas
1503 3146 1769 3201 adversus
1814 3145 1979 3216 637

410 3242 776 3297 Athanasium
811 3250 1135 3308 susceperat
1162 3237 1502 3298 inimicitias.
1536 3253 1600 3292 ex
1627 3253 1817 3308 quom
1853 3253 1982 3309 syn-

411 3334 519 3386 odo
570 3333 623 3385 in
666 3332 823 3386 illtttn
861 3331 1034 3385 veluti
1080 3345 1219 3384 verre
1249 3330 1471 3398 pietatis
1502 3329 1976 3400 propugnaculum

412 3422 660 3492 impegit.
703 3421 770 3476 Et
820 3423 1058 3492 primunt
1089 3421 1312 3488 quidem
1347 3421 1674 3475 electionem
1714 3422 1840 3490 ejus
1870 3421 1979 3476 Eu-

2084 1973 2195 2011 των
2229 1959 2336 2012 τῶν
2360 1960 2723 2031 ἐγκλημάτων
2752 1961 3046 2026 ἐδείκνυτο,
3082 1962 3345 2030 γενναίως
3395 1961 3534 2029 ὑπὲρ
3562 1960 3672 2030 τῆς

2085 2049 2142 2102 ἐν
2169 2051 2372 2123 Νικαίᾳ
2420 2055 2660 2116 πίστεως
2688 2053 3171 2124 διαγωνιζόμενος.
3222 2052 3420 2122 βουλὴν
3471 2054 3672 2123 ἑτέραν

2087 2142 2333 2209 ὕφαινον,
2390 2143 2745 2214 σηυωρῆσαι
2794 2147 2893 2215 μὲν
2927 2148 3136 2199 ἐκεῖνον
3194 2147 3292 2208 είς*
3329 2145 3667 2214 φυγαδείαν,

2089 2233 2308 2302 Ἀρειον
2360 2234 2418 2286 δέ
2473 2237 2898 2305 παρασκευάσαι
2951 2238 3221 2304 κατάγειν
3271 2236 3353 2298 είς
3415 2236 3674 2302 Ἀλεξάν-

2085 2324 2290 2394 δρειαν.
2335 2325 2492 2380 υῦτω
2523 2329 2634 2396 γὰρ
2683 2329 2747 2380 ἐκ
2801 2327 2894 2381 τοῦ
2959 2329 3160 2398 ῥᾴστου
3212 2327 3360 2398 ἔχειν
3417 2329 3671 2390 ἐκείνους

2086 2413 2184 2483 τὴν
2213 2415 2312 2483 μὲν
2333 2414 2428 2468 τοῦ
2461 2417 2756 2485 ὁμοουσίου
2817 2419 3002 2470 πίστιν
3043 2417 3349 2480 ἐκϐάλλειν,
3381 2417 3562 2487 ἡρέμα
3605 2416 3670 2469 δέ

2086 2522 2203 2567 πως
2261 2505 2362 2576 τὴν
2426 2508 2696 2578 σφετέραν
2757 2509 3102 2577 ἀντεισάγειν
3155 2507 3496 2561 δυσσέϐειαν.
3553 2508 3671 2560 Καὶ

2086 2600 2345 2668 ἐπειρᾶτο
2407 2601 2640 2671 γράφων
2713 2602 2975 2665 Εὐσέϐιος
3018 2600 3324 2670 ’Δθανασίῳ
3371 2600 3500 2662 τοὺς
3532 2601 3672 2669 περὶ

2089 2691 2308 2760 Ἀρειον
2337 2691 2591 2760 δέχεσθαι
2616 2708 2629 2722 ·
2654 2695 2701 2744 εί
2721 2691 2776 2744 δὲ
2801 2687 2918 2756 οὖν,
2941 2693 3208 2760 ἀγράφως
3233 2690 3448 2758 ἠπείλει
3473 2690 3668 2753 κακῶς

2086 2771 2252 2837 αὑτὸν
2280 2783 2570 2838 διαθεῖναι.
2589 2784 2744 2837 Ἐπεὶ
2763 2784 2821 2836 δὲ
2857 2785 3036 2838 πάντα
3068 2785 3248 2837 κάλων
3267 2782 3458 2847 κινῶν,
3483 2781 3669 2833 οὐδενὶ

2084 2872 2273 2942 τρόπῳ
2305 2873 2589 2945 πειθήνιον
2639 2871 2752 2946 εἶχε
2807 2875 3216 2942 διενιστάμενον
3264 2874 3390 2935 τοὺς
3425 2873 3555 2941 περὶ
3597 2873 3668 2923 τὸ

2085 2963 2266 3033 δόγμα
2296 2967 2752 3036 νεωτερίσαντας,
2786 2968 2882 3019 καὶ
2912 2966 3040 3018 νέαν
3083 2965 3532 3036 συστησαμένους
3574 2963 3669 3016 αῖ-

2088 3069 2260 3124 ρεσιν,
2289 3055 2383 3107 καὶ
2405 3057 2556 3127 παρά
2584 3054 2856 3127 τοσαΰτης
2883 3056 3253 3127 ἐληλαμένους
3303 3055 3546 3116 συνόδου,
3582 3053 3667 3125 μὴ

2086 3142 2199 3197 δεῖν
2231 3138 2372 3200 εἶναι
2397 3147 2672 3217 δέχεσθαι,
2703 3149 2981 3220 ἐπεχείρει
3010 3149 3210 3220 τρόπον
3245 3146 3437 3218 ἕτερον
3471 3149 3664 3200 πεῖσαι

2086 3237 2180 3289 τὸν
2247 3237 2471 3307 βασιλέα
2520 3241 2776 3308 δέξασθαι
2840 3243 3064 3314 ’Δρειον
3095 3283 3110 3306 ,
3161 3241 3254 3295 καὶ
3303 3241 3529 3295 κάθοδον
3575 3242 3666 3304 εἰς

2101 3329 2518 3402 Ἀλεξάνδρειαν
2557 3337 2889 3405 παρασχεῖν.
2942 3336 3049 3388 Καὶ
3084 3334 3237 3406 μόλις
3263 3333 3408 3387 τοῦτ’
3447 3335 3666 3396 ἀνύσας

2089 3417 2260 3494 εἶχεν,
2301 3424 2376 3488 ὼς
2415 3427 2595 3498 καιρῷ
2629 3428 2986 3501 διαλήψομαι.

412 3517 624 3574 sebiani
676 3519 1178 3587 reprehendebant,
1209 3530 1466 3586 tanquam
1499 3531 1678 3587 neque
1705 3517 1974 3587 legitime,
2016 3534 2197 3590 neque
2231 3521 2300 3575 ab
2369 3523 2602 3586 idoneis.
2636 3541 2758 3595 qua:
2822 3529 2983 3584 fidem
3013 3544 3382 3596 mererentur,
3408 3534 3665 3603 personis

411 3612 634 3669 fueram.
695 3613 799 3669 Ubi
861 3627 996 3666 vero
1052 3610 1519 3666 insimulationem
1577 3626 1696 3666 eam
1752 3612 1980 3674 refellit,
2023 3628 2222 3684 magno
2301 3617 2486 3672 animo
2538 3631 2649 3688 pro'
2685 3620 2790 3676 fide
2826 3623 3049 3679 Nicaena
3127 3626 3437 3691 decertans.
3491 3628 3659 3682 altam

411 3707 487 3762 illi
529 3718 753 3760 texuere
792 3705 976 3770 telam,
1007 3719 1072 3758 eo
1110 3703 1364 3768 consilio,
1440 3712 1500 3757 ut
1563 3703 1869 3774 Athanasio
1937 3704 2188 3759 exsilium
2256 3716 2559 3774 struet-ent,
2619 3721 2786 3784 atque
2869 3715 3000 3770 Ario
3051 3719 3290 3772 reditum
3352 3723 3406 3774 in
3461 3721 3658 3776 urbem

403 3796 835 3853 tAlexandrinatn
873 3793 1246 3864 pararent.lta
1283 3794 1430 3848 enini
1465 3792 1788 3848 facillimum
1841 3793 1978 3864 ipsis
2017 3795 2135 3849 fore
2168 3799 2456 3865 putabant,
2495 3810 2552 3855 ut
2620 3804 2907 3868 ὀμνιουσίου
2976 3809 3464 3865 consubstantialis
3493 3811 3658 3867 fidem

410 3891 699 3960 ejicerent,
732 3886 1172 3967 etpedetentim
1215 3886 1550 3954 impietatem
1589 3901 1744 3940 suam
1814 3903 1914 3957 pro
1981 3903 2045 3944 ea
2088 3889 2440 3948 inducerent.
2503 3893 2873 3967 Tentavitque
2937 3901 3116 3964 adeo.
3170 3903 3236 3956 ad
3292 3903 3659 3960 Athanasium

411 3983 666 4039 scribens
694 3981 988 4046 Eusebius,
1041 3988 1098 4032 ut
1134 3981 1201 4032 ab
1237 3979 1330 4032 illo
1361 3981 1740 4048 susciperetur
1789 3979 1975 4034 Arius.
2019 3981 2116 4037 Siti
2191 3985 2395 4051 minus,
2453 3988 2573 4042 sine
2604 3990 2813 4059 scripto
2842 4008 2942 4062 per
2971 3993 3370 4050 internuntium
3398 4015 3660 4070 magnum

413 4075 494 4130 illi
548 4074 791 4130 minatus
829 4084 914 4130 est
946 4074 1167 4128 malum.
1203 4074 1501 4142 Postquam
1535 4085 1719 4128 autem
1789 4089 2010 4128 omnem
2055 4090 2284 4130 movens
2330 4079 2592 4146 lapidem,
2635 4083 2968 4151 persuadere
3016 4086 3069 4140 id
3122 4088 3200 4142 illi
3276 4103 3384 4143 non
3435 4093 3655 4160 potuit;

411 4187 511 4227 eos
541 4171 722 4242 quiin
755 4169 1009 4224 doctrina
1045 4182 1131 4222 res
1161 4181 1330 4220 novas
1399 4166 1768 4231 induxissent,
1831 4183 2138 4237 novamque
2210 4171 2464 4227 haeresim
2494 4172 2900 4238 instituissent,
2945 4186 3004 4233 et
3056 4194 3178 4234 eam
3225 4180 3298 4234 ob
3347 4197 3572 4239 causam
3625 4202 3658 4240 a

412 4278 521 4323 tam
601 4265 878 4336 frequenti
953 4261 1164 4329 synodo
1220 4262 1518 4331 proscripti
1592 4268 1798 4327 essent,
1858 4263 2085 4318 minime
2125 4265 2473 4335 recipiendos
2526 4283 2647 4324 esse
2711 4273 3113 4328 contendenti:
3177 4275 3288 4330 alio
3342 4277 3510 4334 modo
3557 4295 3658 4336 co-

407 4375 570 4421 natus
604 4372 723 4428 est,
767 4372 826 4416 ut
849 4363 1012 4416 Arius
1038 4360 1400 4428 reciperetur,
1433 4359 1925 4430 Alexandriamque
1969 4360 2362 4430 reduceretur,
2397 4365 2715 4436 imperatori
2751 4369 3107 4439 persuadere.
3134 4369 3194 4426 Id
3225 4373 3372 4443 quod
3407 4375 3656 4439 tandem.

408 4458 567 4514 sicuti
621 4472 722 4510 suo
784 4456 906 4510 loco
965 4453 1165 4517 dicam,
1224 4468 1366 4523 (egre
1399 4451 1605 4508 effecit.

976 4571 1200 4626 CAPUT
1240 4570 1400 4625 XLV.

414 4668 486 4721 De
531 4665 724 4736 synodo
784 4663 1072 4736 Antiochia:
1104 4670 1441 4736 congregata,
1471 4662 1975 4736 quaepiseopalum

479 4731 760 4790 Easter/tio
795 4748 984 4802 magno
1011 4731 1280 4800 abrogavit
1315 4745 1332 4782 :
1369 4740 1416 4783 et
1446 4732 1507 4784 de
1531 4731 1779 4802 episeopis
1816 4734 1907 4802 qui
1929 4739 1978 4788 εί

481 4811 852 4860 successerunt.

479 4919 619 4974 Tum
649 4933 780 4972 vero
807 4917 909 4970 alia
934 4916 1096 4969 etiam
1131 4914 1289 4969 turba
1321 4915 1462 4970 inter
1489 4917 1816 4985 eonjunctos
1849 4919 1972 4988 epi-

408 5026 605 5082 sc0pos
646 5023 832 5066 exorta
857 5050 872 5074 ,
909 5007 1213 5063 Ecclesiam
1262 5008 1514 5076 excepit.
1558 5011 1653 5078 qui
1695 5011 1762 5064 de
1808 5011 1978 5066 verbo

411 5101 726 5172 ὁμοουσίου,
763 5097 1251 5154 consubstantialis
1283 5098 1858 5164 nitnirum,subtiliter
1889 5103 1973 5156 in-

406 5196 716 5266 quirentes.
743 5209 921 5264 eoque
951 5207 1071 5248 sese
1097 5202 1444 5257 exercentes,
1473 5193 1795 5248 intestinum
1829 5195 1973 5250 inter

405 5303 464 5341 se
500 5286 575 5340 ita
618 5295 965 5340 commovere
1009 5284 1238 5346 bellum,
1286 5291 1347 5337 ut
1392 5285 1733 5339 concertatio
1775 5301 1970 5340 eorum

407 5377 544 5432 nihil
568 5397 596 5432 a
626 5389 896 5432 nocturna
921 5392 1102 5448 pugna
1127 5375 1397 5431 diﬂerrct.
1428 5377 1617 5448 Neque
1649 5379 1797 5432 enim
1827 5379 1970 5434 alius

475 5581 551 5653 (l)
605 5582 1026 5653 entiam-adre;
1077 5581 1362 5645 dicuntur.
1420 5583 1666 5652 apprime
1719 5585 1968 5653 spectati,

405 5651 640 5724 prcltali,
669 5651 919 5724 perfecti,
948 5652 1230 5724 sublimes,
1261 5662 1333 5724 et,
1360 5651 1513 5706 extra
1551 5651 1953 5724 judieii'aleam

401 5722 972 5792 (ιοιιειίιιιιίριηυειίι-ιυ
1032 5721 1260 5790 Gregor.
1295 5721 1604 5792 Tlteologus
1651 5739 1771 5778 esse
1817 5725 1954 5779 dixit

401 5792 659 5846 Basiliam
704 5791 955 5861 Magnum
1010 5811 1022 5846 :
1078 5795 1246 5846 llomo
1289 5791 1403 5860 Dei,
1438 5791 1638 5862 inquit,
1675 5803 1723 5845 et
1777 5794 1951 5861 ﬁdelis

2004 4583 2054 4641 D

2677 4584 2924 4638 ΚΕΦΑΛ.
2959 4587 3092 4641 ME'.

2082 4669 2366 4751 Reply???
2403 4672 2884 4751 ειν-ξείνιίοχείρΔ
2911 4677 3240 4751 γενομένης
3286 4679 3582 4751 συνόδου.
3619 4682 3656 4750 ἢ

2152 4743 2393 4818 studebis
2434 4743 2552 4818 ⁸τὸν
2578 4743 2773 4818 μέγαν
2809 4743 3154 4818 Εὐστάθιον
3180 4743 3199 4777 ·“
3231 4750 3330 4802 καὶ
3363 4753 3497 4818 περὶ
3535 4743 3653 4812 tibi

2145 4813 2272 4878 μετ’
2307 4811 2491 4864 αὐτὸν
2519 4813 2856 4881 γενομένων
2883 4815 3254 4872 ἐπισκόπων.

2155 4919 2470 4991 Τηνικαῦτα
2495 4923 2542 4976 δ’
2567 4925 2730 4994 ἑτέρα
2781 4929 2994 4998 ταραχή
3041 4931 3105 4983 ἐκ
3132 4931 3244 4983 τῶν
3279 4933 3498 4986 οἰκείων
3527 4935 3659 4987 ἐπι-

2084 5012 2304 5067 σκόπων
2355 5015 2454 5084 τὴν
2514 5015 2850 5085 Ἐκκλησίαν
2897 5019 3200 5089 ἐλάμϐανε,
3236 5025 3366 5094 περὶ
3421 5024 3524 5093 τῆς
3557 5028 3657 5079 τοῦ

2081 5105 2370 5172 ὁμοουσίου
2391 5106 2601 5170 ,λέξεως
2627 5109 3177 5183 ἀκριϐολογουμένων
3197 5155 3213 5180 ,
3253 5119 3349 5170 καὶ
3388 5135 3658 5188 κατατρι-

2082 5194 2352 5263 ϐομένων,
2420 5199 2514 5250 καὶ
2566 5200 2703 5267 πρὸς
2742 5203 2834 5254 τὸν
2888 5203 3012 5256 κατ’
3047 5205 3296 5276 ἀλλήλων
3347 5208 3658 5272 ὡπλίζοντο

2083 5287 2343 5358 πόλεμον,
2378 5291 2452 5354 ὡς
2479 5292 2647 5363 μηδὲν
2681 5294 2779 5347 τοῦ
2807 5301 3175 5367 νυκτομαχεῖν
3212 5302 3511 5371 διαφέρειν.
3545 5306 3658 5358 Καὶ

2079 5379 2186 5449 γὰρ
2207 5382 2454 5452 ἀλλήλων
2483 5386 2544 5438 οὐ
2573 5389 2849 5456 συνίεσαν,
2881 5389 2976 5458 ἀφ’
3004 5385 3078 5445 ὦν
3106 5393 3370 5473 ἀλλήλους
3405 5397 3658 5465 ενόμιζον

2078 5603 2242 5652 serve,
2262 5599 2318 5666 ft
2351 5591 2428 5666 uir
2449 5591 2827 5666 desideriorum
2849 5612 2865 5649 :
2887 5597 2979 5649 sed
2997 5599 3383 5666 spiritualium.
3404 5601 3476 5656 Ita
3496 5609 3650 5658 enim

2062 5670 2220 5738 vocat
2250 5657 2545 5739 _Scriptttra
2594 5665 2720 5724 τοὺς
2760 5657 3181 5736 διαῦεϐηκότας,
3234 5672 3338 5724 hoc
3385 5685 3492 5739 est,
3549 5657 3652 5730 eos

2061 5729 2154 5802 qui
2198 5729 2263 5781 ad
2300 5729 2576 5802 summ'um
2625 5748 2850 5788 evasere
2899 5729 3103 5802 locum,
3135 5729 3190 5796 et
3221 5729 3490 5796 sublimes.
3513 5729 3650 5797 visi;

2061 5797 2301 5867 biliaque
2358 5800 2472 5853 haec
2524 5816 2933 5872 supet'grcssos.
