3934 6550
281 491 387 554 1⁵17

1205 479 1802 544 ECCLESIASTICJE
1842 473 2226 538 HISTORIE
2269 469 2414 532 LIB.
2453 468 2616 531 Vill.

3422 449 3522 514 178

278 602 657 671 βλασφημεῖν.
685 600 748 653 Ol
786 598 886 668 μὲν
915 597 1021 666 γὰρ
1046 595 1106 648 τὸ
1130 592 1420 663 ὁμωύσιον
1453 591 1530 660 μὴ
1564 588 1858 658 προσιέμε-

1973 583 2128 637 alium
2163 577 2502 648 intelligebat
2532 575 2586 629 in
2614 572 2696 628 eis
2726 569 2931 635 verbis,
2960 565 3104 622 t‘tnde
3134 579 3255 622 sese
3284 562 3520 620 invicem

276 710 365 745 νοι
396 693 556 757 δόξαν
597 693 760 760 ἔσχον
793 691 862 742 τὰ
885 683 1166 742 Μοντανοῦ
1199 684 1293 736 καὶ
1317 680 1608 736 Σαϐελλίου
1645 679 1862 748 φρονεῖν

275 782 416 844 τοὺς
437 782 571 834 αὐτὸ
596 779 1102 849 παραδεχομένους,
1125 777 1217 829 καὶ
1242 775 1602 843 βλασφήμους
1617 771 1860 836 ἐλάλουν,

275 872 359 936 ῶς
394 873 494 943 τὴν
531 875 627 927 τοῦ
665 873 797 925 Υἱοῦ
833 871 1072 939 ὕπαρξιν
1123 867 1569 935 ἀνατρέποντας·
1622 864 1671 916 οί
1715 863 1772 915 δὲ
1803 863 1864 915 τδ

277 964 582 1030 ὀμοούσιον
657 964 985 1032 στέργοντες
1044 960 1285 1020 ἐκείνους
1340 956 1728 1026 ἐξετρέποντο,
1789 954 1864 1017 ῶς

293 1048 665 1120 Ἐλληνισμδν
695 1050 790 1102 καὶ
815 1047 1106 1102 πολυθεῖαν
1130 1045 1478 1113 εἰσάγοντας.
1527 1045 1782 1099 Μάλιστα
1819 1041 1864 1094 δ’

281 1143 388 1192 ἐπὶ
420 1143 630 1202 τούτοις
668 1141 989 1193 συνίσταντο
1015 1137 1316 1198 Εύστάθιος
1345 1137 1372 1188 ὁ
1395 1135 1729 1204 Ἀντιοχεὺς,
1771 1136 1864 1188 καὶ

279 1235 313 1284 ὁ
343 1233 631 1302 Παμφίλου
663 1231 926 1294 Εὐσέϐιος
950 1247 965 1261 ·
1005 1230 1100 1285 καὶ
1129 1228 1438 1298 ἀμφότεροι
1465 1228 1520 1280 δὲ
1546 1229 1604 1280 ὲν
1633 1228 1867 1281 ὕποστάυ

286 1341 378 1376 σει
437 1326 528 1376 τὸν
581 1325 706 1377 Υἰὺν
731 1323 826 1376 τοῦ
862 1321 1000 1374 Θεοῦ
1041 1321 1382 1390 ὡμολόγουν,
1408 1319 1505 1371 ἕνα
1538 1336 1598 1371 τε
1649 1320 1782 1372 Θεὸν
1807 1320 1867 1373 ὲν

283 1417 627 1470 ὑποστάσεσι
678 1417 878 1484 τρισίν.
940 1415 1051 1468 Καὶ
1099 1417 1127 1466 ὁ
1189 1412 1291 1483 μὲν
1327 1410 1622 1474 Εὐστάθιος
1678 1411 1869 1481 ᾐτιᾶτο

287 1505 582 1572 Εὖσέϐιον,
622 1505 697 1568 ὡς
725 1503 822 1575 τὴν
856 1507 915 1558 ὲν
953 1503 1160 1574 Νικαία
1192 1503 1378 1556 πίστιν
1409 1491 1867 1572 καινοτομοῦνταθ

285 1603 316 1652 ὀ
347 1598 400 1650 δ’
427 1593 582 1661 αὖθις
616 1598 871 1666 στέργειν
903 1596 1004 1666 μὲν
1045 1595 1112 1649 τὰ
1148 1596 1205 1648 ὲν
1255 1593 1462 1664 Νικαίᾳ
1494 1593 1722 1658 δόξαντα
1749 1592 1868 1645 ἔλε-

287 1707 432 1756 γενο
463 1689 542 1754 ὡς
563 1690 632 1744 τὰ
657 1687 951 1742 Σαϐελλίου
990 1688 1046 1741 δὲ
1093 1685 1401 1758 φρονοῦντα
1445 1685 1538 1738 τὸν
1575 1683 1871 1738 Εύστάθιον

289 1786 352 1836 ἐν
386 1785 588 1846 αἰτίαις
622 1782 814 1836 ἐτίθει.
839 1781 952 1834 Καὶ
988 1781 1055 1850 δὴ
1083 1778 1305 1833 συνόδου
1335 1778 1425 1833 διὰ
1455 1777 1633 1833 ταῦτα
1659 1779 1716 1831 ἐν
1750 1777 1871 1830 Ἀν-

1966 669 2326 741 blasphemiis
2374 665 2553 736 expeti
2605 661 2890 732 putabant.
2937 657 3221 728 Siquidem
3261 654 3354 725 qui
3389 668 3524 708 con-

1965 761 2328 818 substantiale
2359 774 2471 814 non
2515 754 2860 825 probabant,
2898 750 3269 820 Opinabantur
3300 760 3396 800 eos
3427 743 3520 812 qui

1966 857 2020 911 id
2045 855 2376 923 reciperem,
2401 848 2643 903 Montani
2664 855 2718 900 et
2739 843 2964 899 Sabellii
2988 841 3317 896 sententiam
3342 836 3520 905 sequi:

1965 947 2422 1016 blasphemosque
2452 941 2739 1003 vocabant,
2769 936 2922 992 velut
2952 935 3043 1003 qui
3076 930 3200 986 Filii
3237 927 3332 982 Dei
3373 923 3521 980 exsi-

1965 1039 2223 1093 stentiam
2280 1040 2614 1090 everterent.
2681 1029 2787 1095 Qui
2842 1040 2978 1080 vero
3041 1016 3522 1078 consubstantiale

1965 1126 2494 1198 complectebantur,
2527 1123 2651 1177 illos
2679 1117 3094 1177 aversabantur,
3122 1126 3186 1167 ac
3215 1111 3260 1166 si
3301 1107 3529 1164 Graecis-

1966 1237 2117 1276 mum
2151 1220 2445 1289 pluresque
2477 1215 2611 1270 deos
2639 1218 2974 1267 assererent.
3008 1205 3363 1261 Potissimum
3391 1213 3526 1251 vero

1967 1314 2036 1368 de
2067 1313 2132 1366 iis
2161 1310 2480 1365 Eustathius
2518 1303 2930 1364 Antiochenus,
2961 1297 3126 1370 638
3159 1302 3215 1350 et
3250 1289 3528 1348 Eusebius

1966 1401 2276 1470 Pamphili,
2323 1394 2608 1467 congressi
2647 1393 3041 1447 decertarunt:
3085 1395 3251 1454 atque
3293 1389 3528 1470 uterque

1969 1496 2025 1549 in
2060 1468 2414 1547 subsistentia
2449 1487 2648 1542 Filium
2682 1483 2801 1548 Dei,
2839 1490 3004 1551 atque
3046 1491 3215 1532 unum
3264 1472 3434 1528 Deum
3471 1468 3528 1524 in

1970 1584 2146 1638 tribus
2202 1576 2576 1636 subsistentiis
2635 1573 3022 1647 profitebatur.
3080 1568 3150 1624 Et
3203 1561 3533 1621 Eustathius

1971 1673 2276 1733 Eusebium,
2301 1671 2377 1739 (l)
2418 1668 2734 1731 incusabat,
2775 1663 2922 1736 quod
2964 1658 3364 1732 professionem
3407 1653 3534 1708 lidei

1969 1763 2246 1818 Nicaznam
2286 1768 2539 1815 novaret.
2583 1759 2766 1828 Atque
2793 1756 2886 1810 hic
2915 1767 3138 1808 rursum
3183 1743 3534 1818 acquiescere

288 1834 966 1946 τιοχείαγεγενημένης,
998 1834 1318 1942 ἀφαιρεῖται
1374 1869 1475 1935 τὴν
1509 1867 1809 1938 ἐπισκοπὴν
1843 1869 1870 1920 ὁ

1973 1868 2030 1908 sc
2070 1853 2127 1907 in
2157 1852 2396 1907 decretis
2432 1849 2672 1906 Nicaznis
2704 1847 2942 1911 dicebat,
2977 1844 3058 1900 illi
3091 1850 3274 1896 autem
3308 1834 3533 1894 Sabellii

293 1927 626 2030 Εὐστάδθιος,
645 1927 658 1942 ⁸
679 1927 825 2018 κατὰ
996 1927 1092 2017 τδν
1122 1927 1300 2034 ἀληθῆ
1331 1927 1514 2030 λόγον,
1549 1962 1738 2029 ὅτιπερ
1765 1927 1869 2029 τῆς

1973 1959 2216 2000 errorem
2262 1941 2610 1998 criminando
2657 1938 2970 2010 objiciebat.
3026 1934 3320 1990 Enimvero
3363 1944 3428 1984 ea
3463 1927 3533 1982 de

295 2061 359 2110 ὲν
391 2057 597 2136 Νικαίᾳ
619 2056 953 2124 ὑπερίστατο
981 2057 1239 2117 πίστεως,
1266 2053 1362 2133 καὶ
1393 2054 1521 2115 τοὺς
1552 2054 1682 2122 περὶ
1708 2051 1874 2104 Εὐσέ-

294 2147 421 2199 ϐιον
453 2148 546 2199 καὶ
575 2144 919 2216 Πατρόφιλον
947 2143 1039 2196 τὸν
1072 2143 1484 2207 Σκυθοπόλεως,
1517 2141 1615 2195 καὶ
1649 2139 1874 2208 τὸν-Τύ-

298 2256 404 2308 ρου
456 2237 744 2302 Παυλῖνον,
790 2227 866 2290 ῶν
895 2236 963 2306 τῇ
1007 2233 1205 2305 γνώμῃ
1259 2233 1310 2286 οἱ
1339 2233 1444 2286 ἀνὰ
1469 2230 1568 2302 τὴν
1602 2231 1677 2285 ἕω
1707 2230 1872 2299 ίερεῖς

301 2330 554 2390 εἵποντο,
577 2327 652 2392 ὡς
672 2326 1132 2396 ’Δρειανόφρονας
1163 2322 1575 2393 ἀπεστρέφετοο
1624 2321 1699 2382 ὡς
1734 2319 1790 2374 δὲ
1823 2321 1872 2373 ot

293 2423 362 2486 se
417 2419 632 2491 Ἀρείου
690 2419 878 2486 φασὶν,
936 2413 1134 2486 οἷάπερ
1187 2412 1614 2477 Σαϐελλίζοντα·
1665 2411 1762 2464 καὶ
1804 2409 1872 2462 δι’

295 2511 474 2573 ἄλλας
505 2512 606 2564 οὐκ
631 2509 842 2576 ἀγαθάς
873 2508 1072 2572 αίτίας,
1096 2505 1132 2560 ἃ.
1159 2504 1347 2566 εἰωθὸς
1375 2504 1469 2556 ἐπὶ
1511 2503 1732 2556 πάντων
1762 2501 1874 2553 τῶν

292 2603 758 2674 καθαιρουμένων
785 2599 1108 2654 ἐπισκόπων
1136 2596 1317 2664 λέγειν
1343 2593 1512 2648 ἐστίν.
1563 2593 1638 2646 Τὸ
1671 2593 1718 2646 δ’
1750 2591 1872 2645 ὅλον

297 2695 646 2763 συκοφαντία
680 2693 820 2764 μετὰ
852 2692 1109 2754 διαϐολῆς
1133 2683 1223 2759 ἦν.
1262 2688 1346 2752 Ὠς
1377 2688 1485 2758 γὰρ
1512 2688 1612 2755 τὴν
1648 2684 1876 2758 ἱερωσύ-

294 2802 404 2854 νην
429 2783 597 2850 δῆθεν
637 2781 971 2851 αἰσχύναντα
1020 2779 1322 2848 παιδίσκης
1363 2775 1661 2829 ἀκολάστου
1707 2775 1872 2844 μίξει,

295 2878 402 2930 καὶ
434 2874 736 2929 ἀπολαύσει
759 2875 994 2944 αἰσχρᾶς
1025 2873 1239 2942 ἡδονῆς,
1281 2869 1533 2923 καθεῖλον
1580 2869 1672 2922 τον
1703 2869 1873 2922 ὅσιον.

297 2967 524 3035 Εύφυὲς
551 2969 663 3035 γὰρ
714 2966 815 3035 τὴν
863 2964 982 3033 θψιν
1021 2962 1270 3030 γύναιον,
1322 2960 1628 3031 ἑταιρικὸν,
1657 2962 1750 3013 καὶ
1776 2960 1876 3030 τὴν

293 3059 458 3128 ὥραν
487 3058 566 3129 τῷ
591 3057 905 3128 βουλομένῳ
929 3053 1286 3124 άπεμπολοῦν
1311 3053 1742 3124 μισθωσάμενοι,
1775 3051 1875 3122 τὴν

293 3151 551 3220 γλῶτταν
579 3146 875 3202 ἀποδόσθαι
904 3146 1090 3205 αὐτοῖς
1114 3144 1361 3198 ἔπεισαν.
1393 3145 1503 3198 Καὶ
1534 3143 1598 3212 δὴ
1623 3142 1715 3196 τοῦ
1745 3159 1876 3210 συγο

1974 2051 2034 2090 re
2078 2035 2286 2107 synodo
2314 2032 2621 2089 Antiochiae
2662 2039 2851 2088 coacta
2889 2028 2990 2100 (2),
3038 2025 3394 2096 episcopatus
3424 2020 3537 2074 Eu-

1974 2126 2178 2183 stathio
2205 2126 2519 2194 abrogatur,
2550 2139 2612 2179 re
2645 2123 2866 2194 quidem
2901 2134 3050 2183 vera,
3085 2115 3233 2187 quod
3259 2114 3533 2168 Nicaeuam

1974 2217 2136 2273 ﬁdem
2186 2231 2560 2287 prepugnans,
2606 2213 2931 2277 Eusebium,
2976 2207 3352 2277 Patrophilum
3399 2204 3536 2272 Scy-

1975 2309 2405 2379 tbopolitanum,
2438 2315 2494 2362 et
2525 2307 2817 2362 Paulinum
2852 2302 3106 2374 Tyrium,
3139 2313 3374 2370 quorum
3399 2311 3540 2350 seu-

1977 2400 2161 2456 tentiae
2193 2398 2500 2454 Orientales
2526 2395 2769 2467 episcopi
2801 2391 3264 2464 astipulabantur,
3297 2397 3358 2441 ut
3383 2385 3540 2440 Aria-

1974 2511 2077 2551 nos
2101 2503 2494 2551 aversaretur:
2531 2491 2694 2548 sicuti
2731 2497 2916 2544 autem
2954 2487 3032 2543 illi
3068 2486 3170 2556 ipsi
3202 2481 3391 2539 Ariani
3426 2495 3536 2550 prae

1975 2603 2034 2644 se
2063 2588 2337 2654 ferebant,
2370 2596 2632 2658 tanquam
2662 2583 2710 2639 is
2739 2583 2833 2654 qui
2865 2596 2990 2638 cum
3031 2577 3272 2636 Sabellio
3307 2575 3535 2636 faceret,

1977 2681 2222 2751 aliasque
2265 2681 2397 2737 item
2445 2693 2558 2734 non
2605 2679 2844 2748 optimas
2888 2675 2960 2730 ob
3001 2686 3237 2727 causas:
3273 2666 3539 2738 quemad-

1977 2774 2200 2828 modum
2233 2773 2302 2830 de
2330 2771 2591 2829 omnibus
2621 2768 2918 2841 episcopis,
2952 2767 3047 2837 qui
3085 2770 3538 2824 exauctorantur,

1978 2860 2148 2915 multa
2193 2860 2338 2924 dici,
2396 2858 2645 2914 moribus
2691 2865 2777 2912 est
2825 2862 3136 2926 receptum.
3180 2855 3249 2906 At
3293 2865 3380 2906 res
3427 2859 3540 2905 tota

1977 2951 2332 3022 sycophantia
2361 2956 2504 3016 erat,
2539 2963 2663 3004 cum
2700 2947 2975 3002 calumnia
3005 2945 3323 3015 conjuncta.
3357 2939 3538 2997 Veluti

1977 3043 2122 3097 enim
2145 3023 2504 3111 episcopalem
2523 3039 2848 3109 dignitatem
2876 3035 3172 3113 impudica:
3195 3023 3540 3086 muliercula:

1979 3132 2295 3196 concubitu,
2325 3131 2607 3202 fmdaeque'
2620 3129 2921 3200 voluptatis
2951 3144 3050 3182 usu
3081 3124 3318 3196 turpiter
3350 3116 3542 3178 conta-

295 3216 690 3313 κρατηθέντος,
710 3239 1051 3308 πεντήκοντα
1073 3236 1130 3290 δὲ
1157 3232 1300 3306 ἦσαν
1322 3236 1416 3289 καὶ
1443 3234 1732 3298 διακόσιοι,
1750 3234 1873 3298 τοὺς

1980 3223 2264 3287 minassct,
2289 3230 2480 3277 sancto
2505 3221 2624 3276 viro
2653 3235 2774 3276 eam
2808 3219 3155 3274 ademerunt.
3187 3216 3324 3270 Nam
3355 3229 3538 3268 mere-

298 3305 410 3405 μίὶν
435 3305 632 3402 ἐξῆγον
660 3305 912 3396 πάντας-ο
937 3329 996 3383 τδ
1024 3330 1081 3384 δὲ
1110 3305 1219 3383 ἀπὸ
1245 3328 1442 3398 πείρας
1472 3329 1653 3380 ἐκεῖνο
1685 3325 1873 3395 ἰταμὸν

1981 3313 2267 3379 triculam,
2312 3314 2467 3367 vultu
2503 3319 2762 3373 venusto,
2808 3309 2996 3365 forma:
3025 3309 3309 3377 aetatisque
3347 3305 3538 3360 ﬂorem

297 3426 534 3495 γύναιον
572 3425 888 3495 ἐπεισῆγον,
923 3423 1123 3494 βρέφος
1147 3421 1529 3490 ἐπιμαστίδιον
1557 3421 1680 3481 ταῖς
1707 3418 1880 3486 ἀγκά-

296 3516 427 3578 λαις
459 3514 685 3583 ἁνέχονο
742 3511 771 3565 ὃ
802 3512 1028 3580 άναίδην
1081 3507 1372 3572 ἐπεϐοᾶτο,
1423 3507 1489 3559 ὲκ
1524 3505 1632 3559 τῶν
1663 3505 1877 3558 Εὑστα-

300 3607 426 3660 θίου
464 3603 765 3657 συνουσιῶν
796 3600 1183 3669 συνειληφέναι
1209 3600 1301 3651 καὶ
1326 3597 1630 3651 τετοκέναι.
1665 3596 1877 3650 Εὐστά-

301 3697 422 3760 θιος
451 3696 518 3762 δ’,
545 3695 598 3747 ετ
617 3711 741 3748 τινα
759 3695 853 3745 καὶ
874 3692 1036 3746 ἄλλον
1070 3690 1184 3759 ἔχοι
1211 3688 1303 3741 τοῦ
1330 3688 1728 3758 πεπραγμένου
1752 3704 1878 3740 συν-

304 3792 522 3858 ίστορα,
551 3787 584 3859 ἢ
619 3788 729 3840 τῶν
759 3783 1018 3839 τοιούτων
1047 3799 1099 3834 τι
1129 3781 1387 3846 δίειδότα,
1423 3780 1628 3849 ἐζήτει.
1682 3779 1772 3842 Ὣς
1821 3778 1878 3831 δὲ

303 3883 518 3953 μηδένα
583 3881 726 3949 ἔχειν
779 3873 1205 3946 διεμαρτύρετο,
1249 3873 1343 3925 τὸν
1400 3872 1566 3941 ὅρκον
1628 3870 1793 3942 ᾔτουν
1827 3871 1876 3923 οί

303 3975 498 4042 πικροὶ
547 3970 824 4033 δικασταὶ,
883 3967 1064 4021 καίτοι
1113 3981 1176 4032 γε
1234 3961 1327 4015 τοῦ
1360 3963 1528 4032 νόμον
1575 3961 1876 4033 διαρρήδην

304 4066 564 4137 βοῶντος,
601 4064 695 4116 ἐπὶ
721 4063 814 4115 δύο
840 4058 1062 4130 ἢτριῶν
1091 4057 1388 4126 μαρτύρων
1415 4057 1476 4108 τὸ
1495 4055 1712 4125 βέϐαιον
1730 4055 1877 4126 ἔχειν

301 4162 377 4213 τὰ
396 4159 583 4220 κακῶς
622 4156 978 4227 φημιζόμενα
1003 4167 1015 4181 ·
1077 4152 1170 4205 καὶ
1201 4149 1358 4212 αὖθις
1396 4150 1491 4202 τοῦ
1542 4147 1874 4202 Ἀποστόλου

305 4251 768 4319 ἀπαγορεύοντος,
798 4248 873 4316 μή
897 4263 1020 4298 τινα
1043 4246 1141 4314 τὴν
1169 4245 1312 4296 κατὰ
1339 4241 1717 4312 πρεσϐυτέρου
1745 4257 1876 4309 γρα-

306 4345 419 4410 φὴν
484 4341 735 4410 δέχεσθαι
800 4321 1094 4406 μαρτύρων
1151 4333 1274 4403 δίχα
1308 4331 1403 4386 δύο
1465 4331 1629 4401 ἢκαὶ
1680 4330 1871 4400 τριῶν.

317 4434 554 4488 Ἐκεῖνοι
590 4431 647 4484 δὶ
684 4431 778 4482 τὸν
804 4428 970 4496 νόμον
1000 4427 1058 4478 ὲν
1080 4425 1321 4494 δευτέρῳ
1353 4421 1594 4492 θέμενοι,
1623 4422 1875 4492 ἀμάρτυ-

306 4542 404 4596 ρον
438 4523 581 4576 κατὰ.
608 4521 865 4574 τοσούτου
891 4516 1083 4588 ἀνδρὸς
1121 4515 1341 4568 έποίουν
1371 4514 1728 4583 κατηγορίαν.
1788 4511 1875 4575 Ὠς

1979 3407 2156 3462 cuivis
2188 3405 2440 3462 mercede
2471 3405 2918 3475 prostituentem,
2950 3400 3304 3464 conductam,
3343 3408 3402 3452 ut
3430 3398 3541 3452 lin-

1977 3515 2138 3569 gnam
2184 3499 2294 3553 illis
2332 3499 2510 3560 daret,
2555 3496 2853 3565 verbisque
2905 3493 3270 3558 subserviret,
3323 3505 3542 3560 permn-

1977 3603 2126 3642 vere.
2189 3587 2255 3642 Et
2310 3597 2578 3642 conventu
2640 3595 2876 3648 coacto,
2934 3587 2987 3638 in
3049 3598 3160 3653 quo
3208 3581 3430 3636 ducenti
3485 3589 3544 3635 et

1978 3680 2376 3750 quinquaginta
2425 3687 2622 3744 erant,
2669 3677 2812 3733 alios
2861 3677 3083 3748 quidem
3134 3689 3327 3730 omnes
3365 3672 3539 3731 exire.

1979 3772 2354 3827 mulierculam
2404 3782 2588 3827 autem
2642 3772 2789 3826 illam
2843 3784 3029 3824 rerum
3080 3783 3185 3821 usu
3231 3773 3540 3836 protervam

1978 3864 2188 3934 ingredi
2236 3864 2473 3934 jussere.
2529 3862 2885 3932 Progreditur
2935 3861 3050 3920 illa.
3095 3860 3394 3914 lactentem
3453 3856 3542 3910 in-

1979 3956 2180 4011 fantem
2228 3957 2281 4011 in
2332 3955 2476 4010 ulnis
2520 3969 2752 4024 gerens,
2798 3966 3035 4022 eumque
3078 3949 3432 4020 impudenter
3473 3962 3539 4001 ex

1977 4046 2250 4102 Eustathii
2280 4045 2685 4102 consuetudine
2712 4060 2770 4100 se
2799 4043 3118 4113 concepisse
3160 4050 3216 4095 et
3257 4040 3542 4110 peperisse

1978 4141 2196 4194 clamat.
2236 4138 2590 4200 Eustathius,
2633 4137 2678 4190 si
2708 4151 2870 4208 quem
2917 4135 3085 4188 alium
3119 4131 3382 4187 facinoris
3422 4132 3543 4199 ejus

1977 4238 2170 4284 testem
2206 4228 2523 4293 conscium,
2565 4237 2663 4281 aut
2705 4227 2800 4296 qui
2845 4226 2953 4280 tale
2989 4223 3289 4294 quidquam
3326 4229 3539 4284 nosset,

1978 4323 2225 4386 haberet,
2258 4331 2431 4391 rogat.
2465 4319 2596 4386 Qme
2625 4333 2751 4374 cum
2786 4317 2838 4372 id
2875 4325 3120 4387 negaret,
3149 4313 3535 4386 jusjurandum

1976 4417 2042 4471 ab
2067 4430 2128 4470 ea
2150 4415 2364 4486 judices
2386 4413 2566 4467 acerbi
2591 4411 2888 4480 postulant,
2918 4424 3041 4464 cum
3066 4407 3290 4478 quidem
3313 4407 3537 4462 disertis

1975 4507 2162 4562 verbis
2206 4507 2291 4562 lex
2323 4503 2694 4567 vociferetur,
2745 4517 2867 4572 qua:
2912 4500 2980 4555 de
3016 4499 3274 4570 qu0piam
3316 4499 3539 4553 sinistre

305 4590 415 4686 γὰρ
442 4614 627 4682 ἐκείνη
652 4612 766 4668 τοῖς
795 4608 1112 4679 είρημένοις
1135 4607 1224 4659 τὸν
1249 4607 1414 4675 ὅρκον
1445 4607 1672 4674 ἐπῆγεν,
1709 4601 1743 4678 ἦ
1770 4604 1873 4674 μὴν

1979 4599 2296 4668 vulgeutur,
2331 4612 2394 4651 ea
2433 4595 2652 4650 duobus
2680 4603 2775 4648 aut
2819 4593 2996 4648 tribus
3027 4591 3263 4647 testibus
3307 4590 3540 4645 firmita-

307 4705 613 4760 Εὑσταθίου
651 4699 790 4756 εἶναι
811 4702 874 4752 τὸ
909 4699 1109 4770 βρέφος
1134 4696 1348 4767 φαύλης
1397 4696 1588 4766 ἡδονῆς
1617 4695 1873 4747 ἀποτέλε·

1981 4700 2090 4744 tem
2140 4690 2391 4743 obtinere
2420 4687 2474 4746 ις
2523 4698 2580 4742 et
2631 4687 2926 4756 Apostolus
2973 4698 3231 4748 rursum,
3275 4685 3542 4739 adversus

308 4810 446 4864 σμα,
481 4791 644 4853 εὐθὺς
673 4791 749 4853 ὡς
773 4787 917 4842 κατά
944 4785 1135 4856 μοιχοῦ
1171 4786 1368 4838 ἐκεῖνοι
1403 4784 1500 4853 τὴν
1533 4783 1716 4852 ψῆφον
1741 4781 1873 4852 ὲπῆ-

1978 4781 2360 4852 presbyterum
2402 4778 2674 4834 actionem
2719 4778 2889 4846 recipi
2934 4775 3141 4846 absque
3183 4775 3401 4850 duobus
3447 4783 3544 4828 aut

304 4903 424 4953 γον.
478 4884 604 4937 Τῶν
659 4882 704 4937 δ’
754 4882 931 4936 ἄλλων
989 4879 1296 4948 ἀρχιερέων
1344 4877 1392 4929 οἳ
1431 4877 1500 4930 τὰ
1547 4874 1873 4946 τυρευθέντα

1981 4877 2159 4932 tribus
2191 4875 2443 4940 testibus,
2478 4873 2832 4944 prohibeat’.
2869 4872 2939 4926 At
2975 4871 3049 4925 illi
3093 4871 3242 4925 nulla
3277 4869 3412 4939 legis
3447 4884 3539 4923 ra.

303 4977 566 5047 ἠγνόουν,
589 4975 1010 5042 ἀντιλεγόντων,
1069 4971 1163 5023 καὶ
1215 4969 1292 5040 μὴ
1328 4968 1471 5022 κατὰ
1525 4968 1726 5036 νόμους
1777 4968 1873 5037 τὴν

1984 4971 2134 5024 tione
2181 4967 2390 5028 habita,
2438 4975 2493 5020 et
2526 4966 2689 5020 nullis
2719 4964 2974 5027 testibus,
3017 4962 3284 5016 adversus
3323 4968 3538 5014 tantum

303 5066 488 5134 ψῆφον
515 5063 703 5133 τάνδρὶ
752 5062 1009 5130 γενέσθαι
1050 5059 1494 5128 διατεινομένων,
1517 5058 1568 5109 οἱ
1599 5058 1660 5110 τὸ
1688 5057 1873 5128 δρᾶμα

1982 5058 2161 5110 virum
2193 5055 2462 5128 judicium
2505 5055 2815 5110 instituere.
2850 5054 3216 5122 Posteaquam
3263 5050 3409 5105 enim
3449 5050 3540 5104 illa

305 5158 630 5224 συνθέμενοι
665 5157 794 5208 ὅσον
827 5154 989 5222 τάχος
1032 5154 1090 5214 ές
1135 5149 1362 5219 βασιλέα
1405 5145 1579 5220 ἥκονο
1630 5151 1726 5203 καὶ
1755 5150 1873 5202 πεί-

1978 5148 2146 5202 verba
2200 5163 2296 5200 sua
2344 5148 2656 5216 juramento
2711 5144 3060 5198 confirmavit
3107 5143 3218 5211 (5),
3271 5139 3538 5224 infantem

305 5219 505 5310 σαντες
541 5247 616 5309 ὡς
655 5247 714 5299 ὲν
742 5245 867 5316 δίκῃ
896 5219 967 5300 τὰ
994 5244 1341 5314 ψηφισθέντα
1364 5219 1444 5305 οἷς
1477 5242 1620 5296 ἑάλω
1659 5243 1873 5297 Εὐστά-

1979 5238 2236 5292 videlicet
2279 5239 2554 5293 Eustathii
2599 5236 2862 5307 improbae
2906 5234 3158 5289 libidinis
3203 5219 3536 5298 opus'esse,

305 5342 447 5405 θιος,
484 5340 696 5393 ἐκεῖθεν
719 5337 1019 5408 ἐπειρῶντο
1038 5334 1304 5401 ἐλαύνειν,
1335 5335 1438 5404 φεῦ
1460 5335 1471 5388 ι
1495 5336 1590 5388 τὸν
1613 5335 1871 5390 τοσοῦτον

1976 5331 2124 5386 ilicet
2155 5331 2232 5385 illi
2259 5332 2426 5386 veluti
2456 5340 2645 5387 contra
2678 5331 2954 5384 mmchum
2987 5327 3230 5383 calculos
3255 5329 3530 5398 produxe-

302 5428 403 5500 τῆς
436 5428 715 5492 εὐσεϐείας
748 5429 843 5480 καὶ
894 5423 1252 5496 σωφροσύνης
1308 5425 1625 5494 ἀγωνιστήν
1654 5441 1714 5477 τε
1769 5424 1864 5477 καὶ

1975 5433 2143 5479 runt:
2181 5424 2347 5496 639
2378 5423 2655 5495 episcopis
2700 5421 2843 5485 aliis,
2884 5421 2978 5490 qui
3021 5419 3253 5475 insidias
3294 5429 3533 5476 structas

373 5587 395 5620 ί
426 5585 616 5642 Matth.
645 5601 799 5651 mn,
832 5584 921 5638 ιθ.
995 5586 1017 5682 ξ
1055 5585 1098 5640 ιι
1126 5583 1256 5641 Cor.
1283 5597 1402 5652 xm,
1439 5585 1457 5638 ι
1489 5548 1506 5650 ξ
1535 5583 1727 5654 l_Tim.
1759 5599 1815 5648 ν,
1851 5582 1938 5640 19.

1971 5727 2222 5798 sistoriis,
2254 5737 2315 5781 ut
2341 5723 2538 5798 puellis
2564 5725 2770 5783 vitiatis
2800 5725 3170 5798 juramentum
3198 5735 3228 5775 a
3254 5715 3535 5792 judicibus

373 5732 452 5801 (ι)
486 5731 978 5787 Νἰροωειίὶεηεοηι.

1970 5797 2269 5856 deferatur.

375 5800 452 5870 (2)
493 5803 712 5855 Sozom.
739 5801 834 5854 lib.
879 5817 937 5865 ιι,
969 5818 1088 5871 cap.
1124 5801 1209 5858 i9.

375 5875 452 5941 (7))
487 5872 712 5928 Outinet
743 5871 796 5923 id
831 5888 976 5926 nunc
1019 5887 1238 5942 quoque
1268 5871 1321 5926 in
1355 5871 1688 5943 quibusdam
1727 5888 1864 5932 con-
