3934 6550
286 439 385 505 181

1167 448 1764 510 ECCLESIASTICAE
1805 450 2191 513 HISTORLE
2232 454 2373 519 LIB.
2421 458 2582 521 VIII.

3443 448 3547 512 l8!

284 562 559 616 Φλὰκιτον
581 563 686 631 τῆς
722 564 943 634 ἐκείνης
960 565 1255 635 ἐκκλησίας
1285 566 1384 636 τὴν
1421 567 1742 637 προεδρεὲαν
1767 585 1855 620 κα-

1964 571 2305 636 Antimhiae,
2341 576 2437 629 sed
2475 575 2725 629 universi
2763 572 3114 629 etiamorbis
3151 572 3536 643 episcdpatum

281 655 554 720 ταξιοῦσι.
608 657 822 722 Πάντες
870 657 928 711 δέ
959 657 1057 726 τὴν
1088 657 1308 728 Ἀρείου
1355 656 1538 727 λὼὄην
1587 660 1668 720 εἰς
1697 659 1857 726 κόρον

276 740 429 815 ἦσαν
454 747 869 809 ἐκπεπωκότες,
904 746 1010 800 κᾶν
1030 746 1216 817 κρύφα
1245 746 1450 814 ταύτην
1488 744 1860 812 περιθάλπον-

277 850 379 897 τες
405 831 568 905 ἦσαν.
594 832 697 889 Ὧν
723 836 789 906 δὴ
818 838 982 906 χάριν
1009 838 1103 890 καὶ
1124 836 1310 890 πολλοὶ
1338 837 1446 889 τῶν
1470 838 1528 889 ὲν
1554 836 1738 905 κλήρῳ
1763 838 1856 887 καὶ

282 926 584 997 ἱερωσύνῃ,
611 929 707 980 καὶ
736 929 848 980 τῶν
873 928 1047 989 ἄλλως
1076 929 1333 997 ἐχόντων,
1356 929 1511 994 ὅμως
1538 925 1583 977 δ’
1612 927 1855 977 εὐσεϐεῖν

282 1017 589 1085 ᾑρημένων
614 1016 818 1087 ὀρθῶς,
844 1019 945 1078 τὰς
970 1018 1057 1070 ἐπ’
1074 1017 1367 1086 ἐκκλησίας
1397 1016 1854 1079 καταλελοιπότες

281 1107 566 1171 συνάξεις,
599 1108 721 1162 καθ’
762 1111 989 1173 ἑαυτοὺς
1032 1110 1471 1179 συνηθροίζοντο.
1516 1111 1625 1162 Καὶ
1648 1110 1856 1162 Ebora—

277 1195 464 1249 θιανοὶ
499 1198 558 1250 τὸ
600 1197 774 1268 ὄνομα
803 1197 971 1268 εἶχον,
1017 1203 1210 1270 ἐκεινῳ
1237 1203 1300 1269 δὴ
1341 1203 1408 1255 τὰ
1444 1202 1681 1270 μάλιστα
1713 1204 1854 1270 μετὰ

1960 663 2208 730 recipere
2241 664 2442 732 dignus
2465 676 2631 721 esset.
2662 663 2745 719 Ad
2778 664 3035 719 eumdem
3063 666 3288 719 modum
3321 661 3535 735 synodo

1961 769 2183 823 quoque
2217 758 2456 825 scripsit.
2499 759 2567 812 Et
2599 757 2747 826 quod
2788 757 3002 812 sincera
3037 757 3145 812 fide
3180 772 3306 812 esse
3337 754 3535 826 opina-

1963 857 2114 900 retur
2166 851 2545 918 presbyterum
2591 850 2954 919 Cappadocia:
2998 847 3421 920 Euphronium,
3474 855 3532 904 et

1960 934 2249 991 Arethusa:
2299 940 2376 1008 (ί)
2428 940 2765 1010 Georgium,
2820 941 3053 995 alterum
3109 941 3381 1004 istorum,
3432 949 3532 996 aut

1960 1025 2129 1080 alium
2156 1039 2305 1083 certe
2331 1023 2684 1099 quemquam,
2709 1032 2874 1098 quem
2900 1032 3073 1102 magis
3101 1031 3358 1086 idoneum
3382 1031 3529 1102 iudi-

1957 1128 2185 1183 carent,
2232 1121 2561 1190 designare,
2596 1132 2651 1178 et
2682 1124 2797 1179 sedi
2845 1124 3207 1180 Autiochenze
3240 1123 3527 1195 praeﬁcere

1955 1210 2237 1276 praecepit.
2281 1211 2460 1279 Atque
2501 1212 2578 1266 illi
2615 1221 2743 1268 ante
2779 1213 3003 1269 Eusebii
3047 1214 3387 1268 electionem
3412 1213 3524 1267 Eu-

278 1283 385 1353 τὴν
421 1286 604 1350 ἔξοδον
633 1290 1043 1374 συναιρόμενοι.
1066 1292 1145 1344 Τὰ
1195 1291 1296 1361 μὲν
1330 1292 1393 1360 δὴ
1429 1295 1567 1344 κατὰ
1613 1294 1712 1363 τὴν
1737 1292 1855 1345 Ἀν-

1962 1296 2145 1350 lalium
2176 1301 2498 1370 episcopum
2531 1313 2901 1358 creaverant:
2929 1304 3022 1374 qui
3055 1319 3178 1358 cum
3215 1305 3379 1372 paulo
3402 1313 3526 1373 post

275 1376 529 1444 τιόχειαν
557 1376 625 1430 δι’
652 1377 956 1434 Εὑστάθιον
985 1380 1269 1452 συμϐάντα
1304 1374 1404 1434 ὦδε
1438 1378 1602 1451 εἶχον.

1962 1388 2126 1442 vitam
2173 1388 2417 1455 ﬁnisset,
2456 1405 2569 1449 tum
2613 1396 2835 1451 demum
2886 1395 3184 1453 Eusebium
3222 1394 3524 1451 transferre

272 1482 737 1538 properaverant.
789 1474 946 1540 Quod
997 1476 1124 1549 quia
1178 1478 1273 1547 ille
1323 1478 1564 1548 refugit,
1642 1479 2051 1551 imperatorque
2111 1487 2528 1545 translationem
2559 1505 2678 1546 eam
2746 1492 3001 1557 inhibuit,
3075 1507 3302 1547 vacuam
3334 1493 3522 1546 sedem

275 1579 407 1617 eam
448 1565 621 1622 fuisse
664 1570 827 1625 annis
858 1571 1053 1626 ordine
1080 1583 1205 1628 octo
1269 1572 1497 1629 ierunt:
1574 1575 1770 1630 deinde
1842 1577 2218 1647 Euphronium
2266 1585 2525 1641 electum.
2607 1588 2727 1653 Quo
2774 1598 2899 1659 post
2951 1604 3151 1643 annum
3203 1598 3258 1643 et
3305 1602 3525 1643 menses

273 1658 496 1729 aliquot
558 1662 840 1731 defuncto,
877 1665 1087 1722 Flacito
1120 1668 1243 1737 ejus
1277 1669 1526 1725 ecclesiae
1596 1670 1979 1739 praefecturae:
2045 1678 2416 1735 commissam.
2444 1726 2466 1734 η-
2485 1679 2692 1739 Omnes
2727 1658 2908 1738 autem
2960 1684 3162 1737 Ariana
3193 1683 3522 1753 contagione

277 1771 620 1827 magnopere
676 1769 836 1816 erant
886 1762 1073 1819 infecti
1110 1779 1127 1818 :
1174 1767 1443 1833 quamvis
1509 1768 1854 1824 clandestine
1889 1785 2008 1825 eam
2040 1771 2224 1829 fovere
2246 1776 2589 1833 viderentur.
2655 1779 2825 1849 Cujus
2858 1795 2986 1835 sane
3020 1782 3098 1835 rei
3130 1782 3300 1849 gratia
3365 1779 3521 1834 multi

273 1862 351 1899 ex
390 1849 542 1904 clero
572 1860 629 1906 et
661 1854 1012 1908 sacerdotum
1042 1857 1270 1922 ordine,
1344 1859 1437 1913 alii
1488 1868 1756 1929 praeterea
1827 1864 1922 1931 qui
1964 1864 2325 1923 nihilominus
2364 1880 2514 1925 recte
2546 1870 2649 1926 sibi
2682 1874 2941 1943 pietatem
2975 1872 3263 1929 colendam
3295 1872 3523 1927 statuis-

274 1949 428 2005 sent,
452 1945 819 2000 conventibus
839 1946 897 2000 in
918 1949 1169 2005 ecclesiis
1198 1951 1432 2015 relictis,
1494 1952 1598 2021 ipsi
1669 1969 1921 2010 seorsum
1962 1962 2455 2028 congregabantur.
2500 1964 2787 2021 llabebant
2826 1968 2865 2020 ii
2900 1966 3388 2020 Eustathianorum
3420 1981 3526 2020 no-

276 2050 429 2099 men,
463 2038 613 2109 quod
644 2040 695 2095 ei
728 2050 852 2111 post
884 2044 1031 2099 illius
1058 2046 1225 2101 etiam
1258 2045 1561 2104 discessum
1599 2049 1833 2104 maxime
1878 2048 2147 2108 faverent.
2218 2056 2295 2113 Ac
2320 2072 2442 2126 quae
2498 2060 2804 2117 Antiochiae
2834 2062 2901 2118 de
2933 2060 3222 2118 Eustatbio
3246 2059 3522 2125 accidere,

278 2133 399 2190 haec
428 2145 581 2190 sunt.

846 2286 1092 2341 seen.
1123 2285 1273 2355 Μετ’.

281 2393 421 2469 Περὶ
441 2392 561 2469 τῷν·
587 2394 818 2469 Ῥώμης
848 2400 945 2452 καὶ
962 2399 1419 2469 Ῠ⁹Ιεροσολύμων
1437 2401 1848 2469 -πατριαρχῶν

355 2466 447 2539 ἔτι
470 2465 539 2539 δὲ
590 2465 858 2539 καὶπερὶ
910 2468 1017 2535 τῆς
1059 2465 1344 2535 ίὲνώσεώς
1384 2467 1507 2524 τῶν
1540 2465 1854 2539 ’Ᾱρεὶὰὶ-ῶν

355 2535 453 2588 καὶ
485 2536 876 2592 Μελιτιανῶν.
1415 2555 1419 2558 '

356 2647 681 2719 Σίλϐεστρον
734 2651 794 2703 δὲ
839 2652 1215 2721 Μαρκελλίνου
1267 2654 1557 2724 πρότερον,
1608 2650 1729 2708 εἶτα
1760 2657 1854 2709 καὶ

282 2740 583 2793 Μιλτιάδου
630 2743 718 2795 ἐπ’
774 2744 954 2811 ὀλίγον
1007 2745 1363 2815 ἡγησαμένου
1406 2747 1507 2815 τῆς
1567 2747 1855 2816 Ῥωμαίων

294 2832 649 2903 Ἐκκλησίας,
682 2835 904 2899 Ἰούλιος
928 2838 1253 2908 διαδέχεται.
1292 2839 1446 2892 Μετὰ
1472 2840 1530 2892 δὲ
1563 2839 1854 2908 Μακάριον

277 2927 375 2978 τὸν
404 2928 514 2980 τῶν
551 2926 942 2999 Ἰεροσολύμων
968 2930 1159 3001 θρόνον
1185 2931 1362 2985 διεῖπε
1390 2930 1642 3001 Μάξιμος
1662 2949 1676 2965 ο
1702 2933 1760 2985 ὃν
1788 2932 1854 3002 δὴ

282 3019 559 3089 πρότερον
598 3021 760 3088 λόγος
808 3022 944 3091 ἔχει,
986 3023 1085 3090 τῆς
1115 3025 1173 3077 ἐν
1222 3024 1513 3077 Διοσπόλει
1558 3025 1855 3095 ἐκκλησίας

282 3114 444 3181 παρὰ
473 3114 770 3184 Μακαρίου
804 3114 904 3180 τὴν
953 3116 1260 3185 ἱερωσύνην
1305 3119 1704 3189 ἐπιτραπέντα.
1735 3119 1856 3170 ἐντι⁴

284 3200 549 3269 σχεθῆναι
578 3204 728 3266 παρὰ
766 3203 876 3254 τῶν
925 3202 1399 3272 Ἱεροσολυμιτῶν.
1434 3203 1562 3265 Τοῖς
1590 3204 1699 3272 γὰρ
1730 3202 1855 3255 ἀνέ-

282 3291 456 3343 καθεν
502 3293 719 3361 χρόνοις
769 3294 1115 3363 ὁμολογητὴς
1165 3296 1484 3365 γενόμενος,
1548 3295 1643 3348 καὶ
1677 3295 1856 3357 ἄλλως

283 3384 492 3451 ἀγαθὸς
530 3384 608 3437 ὢν
648 3386 811 3457 ἀνὴρ,
855 3390 921 3457 τῇ
952 3386 1044 3440 τοῦ
1073 3386 1205 3442 λαοῦ
1236 3387 1420 3453 κρίσει
1450 3386 1555 3439 ὑπὸ
1579 3386 1759 3455 ψῆφον
1789 3382 1855 3455 ἦν

287 3476 366 3537 ὡς
394 3477 825 3547 τελευτήσαντος
857 3479 1144 3547 Μακαρίου
1169 3478 1540 3532 ἀναλαϐέσθαι
1571 3477 1734 3530 αὐτὸν
1758 3478 1856 3545 τὴν

284 3572 614 3639 ἐπισκοπὴν.
658 3570 813 3623 Ἐπεὶ
860 3571 919 3623 δὲ
945 3571 1203 3642 στέρησιν
1254 3569 1611 3641 ὑφιστάμενοι
1634 3570 1728 3623 τοῦ
1760 3572 1853 3622 ἀν-

283 3664 413 3731 δρὸς
451 3665 550 3732 οὐχ
573 3658 758 3716 οἷοίτε
792 3665 979 3734 φέρειν
1000 3660 1163 3735 ἦσαν,
1188 3666 1285 3718 καὶ
1307 3666 1509 3728 στάσις
1526 3667 1851 3731 ἁνεκινείτο,
1880 3643 1923 3698 c

284 3756 402 3807 δεῖν
451 3755 625 3808 ἐδόκει
656 3756 842 3822 ἕτερον
899 3758 997 3826 μὲν
1050 3759 1106 3810 ἐν
1135 3758 1423 3810 Διοσπόλει
1479 3762 1850 3828 χειροτονεῖνο

285 3848 545 3917 Μάξιμον
584 3850 643 3902 δὲ
686 3850 1148 3920 συμπαραμένειν
1197 3851 1276 3918 τῷ
1313 3850 1609 3919 Μακαρίῳ,
1635 3852 1855 3913 καὶτὰς

291 3941 577 4009 ἱερατικὰς
607 3940 984 4010 συνδιαφέρειν
1012 3943 1190 4013 τούτῳ
1238 3942 1527 4010 φροντίδας
1549 3960 1561 3972 ·
1603 3943 1824 4013 τελευτή
1843 3975 1856 3983 -

289 4048 488 4095 σαντος
537 4032 582 4083 δ’
617 4033 851 4096 ἐκείνου,
914 4034 1006 4085 ἐπὶ
1035 4033 1127 4085 τδν
1161 4032 1354 4101 θρόνον
1391 4032 1582 4086 τοῦτον
1605 4033 1851 4105 ἀνάγειν.

289 4124 506 4178 Εἱδέναι
539 4124 724 4191 μέντοι
752 4123 952 4193 χρεὼν,
984 4126 1060 4187 ὡς
1099 4124 1149 4177 oi
1173 4125 1286 4177 τάδ’
1315 4125 1693 4194 ὴκριὸωκότες
1720 4127 1857 4194 φοισ)⁸

288 4214 436 4267 κατὰ
468 4214 701 4285 γνώμην
735 4216 1025 4285 Μακαρίου
1073 4215 1151 4286 τῷ
1183 4214 1379 4283 πλήθει
1410 4217 1478 4269 τὰ
1508 4218 1652 4289 κατᾶι
1684 4217 1858 4282 Μάξι-

293 4327 394 4378 μον
449 4308 854 4379 σπουδασθῆναι
902 4310 1362 4381 διισχυρίζονται·
1405 4309 1697 4379 μεταμέλῳ
1748 4310 1856 4379 γὰρ

288 4397 602 4468 χρήσασθαι
638 4398 735 4452 τὸν
791 4397 1077 4466 Μακάρων
1136 4397 1277 4468 μετά
1330 4397 1429 4464 τὴν
1475 4396 1569 4449 τοῦ
1604 4394 1855 4466 Μαξίμου

289 4492 492 4561 δηλαδὴ
545 4490 757 4544 ἐκείνου
816 4490 1177 4561 χειροτονίαν,
1228 4492 1286 4544 ἐν
1336 4489 1411 4560 νῷ
1452 4489 1676 4560 θέμενον
1712 4491 1771 4544 τό
1797 4508 1857 4543 τε

289 4582 466 4649 ὀρθῶς
514 4581 762 4647 δοξάζειν
810 4582 904 4634 τὸν
956 4581 1125 4649 ἄνδρα
1175 4583 1306 4650 περὶ
1348 4582 1508 4644 Θεοῦ,
1544 4582 1635 4634 καὶ
1666 4581 1743 4650 τῷ
1781 4580 1858 4651 τῷ

292 4675 489 4744 πλήθει
518 4675 610 4729 διὰ
638 4677 700 4728 τὸ
728 4677 1068 4747 ὁμολογητὴν
1092 4675 1427 4738 καθεστάναι
1458 4675 1659 4743 σφόδρα
1685 4675 1858 4742 φιλεί-

271 4772 439 4848 σθαι,
470 4770 546 4834 ὡς
569 4772 629 4834 ἐς
656 4770 758 4841 τὴν
783 4771 991 4823 ἐκείνου
1026 4770 1274 4839 διαδοχὴν
1320 4770 1656 4839 τετηρῆσθαι
1688 4774 1854 4835 ἀναγ-

286 4866 444 4926 καῖός
465 4866 637 4918 ἐστιν.
676 4862 962 4934 ’Υπεισῄει
993 4864 1102 4930 γὰρ
1126 4863 1320 4931 ἐκείνῳ
1337 4862 1454 4923 δέος
1481 4862 1581 4913 οὐκ
1612 4861 1854 4924 ἔλαττον,

2446 2293 2604 2366 σω
2645 2294 2869 2355 CAPUT
2909 2297 3095 2355 xm.

1962 2404 2031 2458 De
2061 2404 2296 2459 Romano
2323 2416 2372 2459 et
2404 2404 2880 2475 Hierosolymitano
2927 2408 3265 2475 patriarchis.
3294 2406 3429 2463 Item
3459 2408 3523 2463 de

2023 2477 2348 2550 Arianorum
2402 2486 2452 2530 et
2495 2476 2897 2531 Melitianoi'um
2945 2479 3317 2548 conjunctione
3363 2488 3523 2550 atque

2028 2562 2238 2599 νηιοηε.

2025 2660 2288 2730 Sylvestri
2317 2669 2502 2717 autem
2535 2661 2589 2716 in
2631 2661 2872 2719 Ecclesia
2903 2664 3166 2727 Romana,
3201 2668 3326 2717 ante
3356 2677 3521 2732 quem

1956 2756 2109 2823 prius
2132 2766 2253 2807 eam
2289 2751 2641 2811 Marcellinus
2663 2799 2678 2821 ,
2709 2757 2912 2812 deinde
2945 2757 3217 2811 Miltiades
3239 2797 3255 2822 ,
3298 2771 3406 2811 non
3446 2756 3524 2810 ita

1957 2843 2048 2898 diu
2076 2845 2532 2913 gubernaverant,
2552 2844 2732 2900 Julius
2750 2845 3040 2901 successit.
3068 2843 3196 2901 post
3223 2844 3520 2899 Macarium

1957 2950 2091 2990 vero
2128 2933 2331 2990 ‘sedem
2367 2936 2918 3007 Ilierosolymitanam
2955 2937 3197 2992 obtinuit
3232 2932 3521 2998 Maiimus,

1956 3026 2049 3096 qui
2104 3038 2268 3082 antea
2319 3029 2375 3082 in
2461 3029 2836 3098 Diospolitana
2888 3030 3157 3090 ecclesia,
3209 3043 3239 3081 a
3285 3027 3527 3082 Macario

1957 3118 2279 3184 episcopatu
2306 3127 2554 3187 accepto,
2593 3117 2809 3172 tandem
2842 3133 2871 3170 a
2902 3116 3417 3185 Hierosolymitanis
3440 3125 3525 3171 est

1957 3218 2227 3264 retentus.
2278 3209 2432 3275 Quod
2483 3212 2690 3265 etenim
2739 3210 3126 3280 superioribus
3179 3208 3524 3278 temporibus

1958 3300 2238 3355 confessor
2278 3300 2617 3366 exstitisset,
2668 3302 2942 3371 aliterque
2993 3302 3078 3356 vir
3123 3302 3304 3357 bonus
3352 3309 3521 3364 esset.

1957 3392 2144 3462 populi
2191 3391 2467 3463 suﬂragiis
2515 3394 2836 3465 designatus
2872 3395 3087 3461 fuerat,
3137 3395 3233 3465 qui
3287 3395 3524 3449 Macario

1958 3486 2071 3540 vita
2104 3485 2323 3547 functo,
2358 3487 2736 3555 episcopatum
2773 3488 2894 3557 ejus
2926 3487 3219 3556 reciperet.
3254 3486 3359 3541 Ubi
3394 3502 3526 3542 vero

1962 3575 2323 3644 Diospolitani
2362 3578 2480 3632 viro
2508 3593 2579 3633 eo
2617 3579 2821 3643 orbati,
2856 3578 2907 3631 id
2947 3577 3090 3634 ferre
3127 3594 3234 3632 non
3280 3588 3525 3647 possent,

1955 3677 2010 3723 et
2033 3678 2315 3723 certamen
2344 3677 2638 3739 propterea
2665 3679 3005 3732 moveretur,
3029 3670 3198 3723 alium
3219 3669 3524 3725 antistitem

1957 3761 2351 3831 Diospolitanis
2401 3763 2741 3832 legendum:
2796 3761 3093 3815 Maximum
3140 3770 3324 3814 autem
3378 3758 3523 3828 apud

1956 3852 2271 3917 Macarium,
2294 3868 2417 3906 cum
2441 3868 2553 3923 quo
2577 3868 2682 3907 una
2705 3853 3070 3922 episcopalem
3097 3860 3313 3922 gereret
3336 3865 3523 3905 curam

1956 3956 2008 3999 et
2038 3944 2379 3999 iunctionem
2408 3944 2507 4013 (‘2),
2539 3945 2892 4000 retinendum
2924 3963 2939 3998 :
2972 3952 3139 4013 atque
3177 3942 3270 3997 ubi
3305 3942 3397 3997 ille
3424 3943 3525 3996 dc-

1957 4035 2238 4098 cessisset,
2273 4045 2332 4089 ut
2364 4035 2454 4091 hic
2486 4036 2540 4089 in
2571 4037 2756 4091 locum
2788 4035 2936 4090 illius
2960 4038 3359 4105 suhrogarctur
3393 4049 3525 4089 cen-

1957 4135 2211 4183 suerunt.
2247 4126 2384 4181 illud
2423 4143 2588 4195 porro
2616 4129 2757 4183 scire
2789 4138 3048 4197 oportet,
3091 4127 3237 4196 quod
3275 4126 3369 4195 qui
3407 4127 3526 4181 haec

1958 4220 2278 4290 diligentius
2308 4219 2780 4289 inquisivere,’de
2812 4219 3082 4273 sententia
3119 4219 3339 4273 Macarii
3381 4220 3524 4271 mul-

1962 4312 2276 4371 titudinem,
2307 4313 2454 4380 quod
2488 4311 2558 4366 de
2588 4311 2826 4366 Maximo
2857 4310 3068 4382 ingenti
3098 4310 3283 4366 studio
3314 4322 3523 4381 egerat.

1959 4404 2157 4459 fecisse
2197 4406 2547 4459 conﬁrmant.
2596 4403 2894 4459 Macarium
2937 4419 3177 4474 namque
3223 4413 3347 4473 post
3377 4405 3525 4458 illam

1961 4497 2176 4551 Maximi
2211 4496 2538 4552 electionem
2579 4495 2722 4551 haud
2756 4511 3029 4566 quaquam
3065 4496 3391 4567 poenitentia
3421 4496 3526 4550 duo

1961 4598 2110 4642 ctum
2142 4603 2283 4651 esse,
2318 4597 2484 4658 atque
2547 4604 2670 4644 cum
2701 4586 2888 4642 animo
2923 4603 3022 4643 suo
3058 4589 3523 4650 considerantem,

1961 4690 2016 4733 et
2042 4680 2189 4749 quod
2219 4681 2305 4733 vir
2338 4681 2385 4734 is
2412 4690 2564 4736 recte
2595 4680 2663 4735 de
2694 4679 2805 4735 Deo
2837 4680 3088 4741 sentiret,
3123 4691 3178 4735 et
3207 4680 3353 4749 quod
3386 4680 3525 4733 mul-

1963 4772 2186 4827 titudini
2231 4780 2461 4841 propter
2499 4781 2726 4826 strenue
2756 4769 2970 4825 obitum
3013 4770 3377 4825 confessionis
3404 4785 3518 4823 eer-

1965 4872 2168 4921 tamen,
2194 4860 2352 4915 valde
2383 4860 2589 4915 charus
2610 4868 2776 4925 esset,
2800 4860 3118 4933 necessario
3143 4874 3267 4912 eum
3295 4859 3386 4926 qui
3422 4857 3525 4911 sibi

290 4956 390 5024 μὴ,
416 4956 636 5025 θανάτῳ
655 4955 715 5006 τὸ
740 4954 840 5024 ζῇν
882 4953 1312 5018 ὑπαλλάξαντος,
1346 4953 1397 5005 οί
1429 4953 1559 5021 περὶ
1597 4950 1854 5004 Εὖσέὁιον

1962 4952 2302 5015 succederet,
2337 4953 2680 5007 retinendum
2705 4967 2827 5008 esse
2850 4953 3150 5008 censuisse.
3180 4950 3295 5004 Non
3327 4965 3527 5019 parvus

190 5072 201 5075 λ
285 5047 386 5101 καὶ
410 5046 751 5117 Πατρόφιλον
786 5046 1131 5117 ἁρπάσαντες
1162 5046 1255 5099 τὸν
1277 5047 1491 5115 καιρὸν,
1515 5046 1623 5097 τινὶ
1646 5043 1754 5097 τῶν
1793 5046 1859 5098 τὰ

296 5140 514 5207 Ἀρείου
547 5137 893 5208 φρονούντων
918 5138 1016 5208 τὴν
1041 5137 1255 5191 ἐκείνου
1280 5137 1588 5206 ἐπισκοπὴν
1613 5138 1677 5203 ἐγ
1684 5136 1857 5205 λειρί-

287 5250 443 5285 σειαν
464 5248 480 5263 ⁸
506 5233 629 5284 ἐπεί
657 5232 739 5285 τοί
770 5248 832 5298 γε
860 5230 1113 5286 κάκείνου
1142 5229 1428 5298 περιόντος
1457 5230 1562 5294 ἑτι,
1600 5227 1854 5297 νεωτερί-

283 5322 404 5383 ζειν
436 5321 700 5391 ἤρξαντο.
767 5319 1184 5388 Ἀφορισθέντες
1255 5318 1311 5370 δὲ
1345 5316 1478 5388 παρ’
1516 5317 1705 5381 αὐτοῦ,
1757 5317 1855 5387 τὴν

284 5414 607 5483 ἐρεσχελίαν
658 5412 971 5467 ἀπώσαντο.
1008 5414 1176 5467 Οὔπω
1206 5413 1252 5467 δ’
1294 5412 1377 5466 ἔτι
1410 5413 1503 5465 καὶ
1531 5413 1562 5480 ἡ
1592 5412 1649 5463 ὲν
1689 5411 1857 5480 Αίγύ-

290 5524 414 5577 πτῳ
469 5507 758 5575 κινηθεῖσα
812 5493 1024 5577 ταραχὴ
1068 5506 1417 5577 κατεστάληο
1485 5508 1517 5575 ἡ
1592 5506 1690 5574 μὲν
1750 5506 1857 5576 γὰρ

296 5603 353 5653 Ἀ
365 5602 515 5670 ρείου
541 5598 759 5671 αἵρεσις
787 5597 939 5668 παρὰ
966 5598 1065 5667 τῆς
1091 5600 1145 5650 ἐν
1175 5598 1222 5650 Ν
1230 5598 1380 5668 ικαίᾳ
1404 5598 1622 5650 συνόδου
1647 5598 1857 5667 ἀπεκη-

362 5800 437 5865 (1)
465 5799 754 5870 Arethusa:
781 5795 948 5870 Syriae
978 5798 1260 5870 oppiduni.

365 5872 446 5942 (ὲ)
480 5868 601 5925 Duo
640 5866 835 5925 eodeni
887 5866 1132 5938 tempore
1183 5866 1572 5938 Hierosolymis
1625 5879 1856 5921 consen-

1961 5045 2107 5100 enim
2137 5046 2226 5099 ille
2259 5046 2501 5099 animum
2534 5046 2654 5114 ejus
2684 5045 2854 5100 subiit
2886 5055 3087 5109 metus,
3113 5058 3181 5097 ne
3210 5043 3329 5109 ipso
3350 5051 3526 5095 morte

1961 5138 2217 5203 sublato,
2277 5138 2552 5192 Eusebius
2608 5145 2665 5192 et
2713 5137 3065 5207 Patrophilus
3114 5135 3527 5206 opportunitate

1960 5230 2226 5300 temporis
2270 5241 2510 5300 arrepta,
2556 5230 2721 5284 alicui
2767 5245 2836 5283 ex
2881 5228 3101 5282 Ariauis
3143 5228 3523 5297 episcopatum

1957 5338 2121 5378 suum
2171 5321 2540 5376 concederent
2572 5340 2584 5376 :
2613 5319 3086 5389 quandoquidem,
3132 5334 3190 5372 se
3225 5319 3406 5373 adhuc
3437 5333 3529 5373 su-

1963 5413 2225 5483 perstite,
2263 5427 2433 5466 novas
2478 5426 2565 5465 res
2596 5411 2777 5465 moliri
2813 5410 3110 5479 cwpissent
3142 5428 3155 5464 :
3193 5421 3249 5465 et
3278 5427 3306 5464 a
3344 5426 3403 5465 se
3434 5424 3529 5464 ex-

1968 5502 2391 5564 communicati,
2444 5518 2615 5572 nugas
2667 5501 2886 5555 tandem
2937 5517 3064 5557 suas
3116 5501 3523 5572 repudiassent.

1966 5594 2219 5649 Nondum
2251 5609 2398 5654 vero,
2431 5593 2525 5663 qui
2557 5593 2607 5646 in
2640 5590 2876 5663 Egypm
2909 5607 3128 5661 quoque
3160 5601 3381 5647 coortus
3409 5590 3528 5644 fue-

1964 5797 2160 5849 ticutes
2186 5792 2449 5861 cpisc0pi,
2478 5792 2638 5847 sicuti
2666 5792 2805 5861 apud
2849 5806 2946 5845 nos
2992 5789 3526 5861 quoquepoadjuto-

1963 5881 2049 5921 res
2071 5856 2271 5919 assumi
2303 5856 2498 5920 solent.
2536 5856 2775 5933 (δοκοῖσι
2805 5862 2907 5919 lib.
2937 5856 3147 5928 ufcap.
3184 5856 3298 5927 20.)
