3928 6544
396 417 500 481 183

1608 432 2027 493 NICEPHORI
2065 435 2407 496 CALLISTI

3523 428 3626 491 184

390 539 477 584 rat
517 540 722 600 motus,
767 536 982 604 sopitus
1028 548 1164 593 erat.
1216 541 1330 592 Arii
1382 557 1613 610 namque
1662 543 1891 598 haeresis
1924 559 1953 596 a

2069 546 2271 614 βὺχΘητ
2317 546 2368 598 οί
2400 546 2458 598 δὲ
2501 546 2627 613 περὶ
2658 543 2913 598 Μελίτιον
2950 541 3043 596 ἐπὶ
3073 541 3184 601 τοῖς
3219 539 3630 609 προγραφεῖσιν

389 620 609 676 Νἱοωιια
643 624 852 695 synodo
889 630 1218 698 proscripta.
1258 633 1494 686 Melitius
1535 647 1664 686 vero
1697 633 1780 687 eis
1814 632 1950 702 qd‘as

391 727 556 782 supra
587 719 946 784 exposuimus
979 722 1396 777 conditionibus
1423 731 1681 792 receptus
1711 734 1850 780 erat.
1887 726 1953 779 Et

391 804 704 861 Alexandro
755 809 808 862 in
864 809 1154 880 Egyptum
1216 829 1471 879 reverso,
1529 814 1769 870 Melitius
1816 832 1954 879 quas

392 902 546 948 extra
577 898 830 953 ordinem
864 916 974 954 non
1007 913 1155 956 recte
1191 911 1447 957 tenuerat
1473 905 1756 969 ecclesias,
1796 905 1955 958 resti-

396 994 596 1041 tuerat.
633 989 756 1058 Ipse
801 991 930 1058 Lyci
974 994 1186 1062 agebat.
1235 995 1302 1048 Et
1348 997 1669 1065 priusquam
1717 997 1956 1052 Melitius

392 1077 647 1141 decessit,
671 1085 937 1137 Joannem
966 1085 1281 1152 quemdam.
1309 1089 1405 1155 qui
1427 1087 1622 1142 eadem
1649 1102 1773 1142 cum
1799 1103 1866 1142 eo
1889 1089 1955 1142 de

393 1169 586 1237 synodi
637 1170 880 1240 Nycaanaa
924 1171 1175 1241 dogmate
1223 1175 1496 1229 sentiebat
1539 1175 1638 1245 (1),
1674 1177 1729 1229 in
1772 1177 1952 1230 locum

395 1272 555 1311 suum
602 1261 912 1324 substituit,
941 1262 1034 1331 qui
1055 1263 1183 1317 novi
1208 1279 1399 1318 rursus
1420 1273 1601 1319 motus
1629 1264 1681 1318 in
1708 1264 1956 1318 ecclesiis

392 1358 585 1404 auctor
617 1351 737 1405 fuit.
773 1351 936 1422 642
967 1353 1121 1419 Quod
1167 1355 1260 1410 ubi
1293 1356 1482 1410 Ariani
1527 1357 1738 1418 videre,
1779 1370 1956 1426 neque

393 1436 498 1506 ipsi
547 1454 734 1493 rerum
796 1457 1023 1495 suarum
1076 1444 1416 1514 negligentes
1468 1444 1645 1500 fuere.
1694 1445 1762 1499 Et
1811 1444 1955 1513 quod

394 1529 542 1597 apud
573 1529 835 1585 factiosos
873 1533 1146 1602 ejusmodi
1191 1535 1444 1589 homines
1479 1535 1594 1588 ﬁeri
1631 1536 1854 1599 assolet,
1900 1535 1957 1589 hi

394 1619 616 1689 quidem
665 1620 781 1674 Arii
830 1624 1146 1693 opinionem
1197 1622 1454 1679 laudibus
1502 1624 1798 1690 ferebant;
1852 1625 1960 1681 illis

393 1725 526 1764 vero
553 1710 726 1780 magis
756 1713 1056 1768 convenire
1087 1713 1400 1776 videbatur,
1431 1723 1491 1768 ut
1523 1715 1772 1770 ecclesiis
1805 1714 1959 1769 Meli-

397 1801 531 1855 tiani
565 1813 887 1872 praeessent,
915 1805 1118 1874 quibus
1141 1806 1305 1860 etiam
1329 1806 1578 1876 plerique
1607 1806 1778 1876 magis
1801 1813 1960 1861 erant

395 1893 622 1948 addicti.
677 1894 858 1965 Atque
906 1905 1063 1951 antea
1120 1896 1341 1966 quidem
1389 1897 1607 1967 utrique
1661 1897 1726 1951 ab
1771 1897 1962 1952 alteris

396 1985 756 2041 dissidebant.
779 1987 882 2044 Ubi
909 2002 1035 2042 vero
1057 1988 1522 2055 animadvertere,
1550 1987 1959 2043 multitudinem

396 2078 686 2149 episcopos
753 2079 1038 2134 catholica:
1100 2080 1360 2135 Ecclesia:
1417 2080 1619 2150 sequi,
1687 2089 1959 2134 conventu

395 2178 623 2235 coacto,
676 2168 856 2224 {Ledus
902 2169 1045 2225 inter
1098 2185 1157 2225 se
1205 2171 1500 2242 pepigere,
1553 2184 1960 2240 communeque

395 2260 666 2314 adversus
704 2259 854 2329 pium
888 2259 1274 2318 Alexandrina:
1318 2261 1470 2314 urbis
1513 2260 1724 2315 clerum
1769 2275 1960 2315 susce-

396 2367 532 2422 pere
566 2351 792 2406 bellum.
839 2352 905 2406 Et
948 2352 1088 2407 adeo
1127 2352 1542 2406 criminationes
1583 2351 1746 2406 simul
1777 2360 1833 2406 et
1859 2351 1962 2405 de-

377 2443 679 2512 ,fensiones
707 2461 774 2499 ex
803 2461 960 2515 teque
991 2444 1360 2500 communiter
1391 2444 1741 2499 decertantes
1772 2452 1963 2513 protu-

396 2539 533 2603 lere,
580 2545 641 2590 ut
689 2548 935 2607 tempore
982 2537 1347 2607 procedente,
1390 2536 1580 2590 Ariani
1629 2545 1963 2590 vocarentur

2055 638 2368 708 ἐδέχθησαν.
2405 637 2515 692 Καί
2549 636 2598 706 γ’
2631 638 2963 705 ἐπανήκοντι
2997 631 3340 700 Ἀλεξάνδρῳ
3369 628 3628 688 Μελίτιος

2055 728 2152 790 τὰς
2214 727 2510 798 ἐκκλησίας
2563 728 2735 781 ἐδίδου
2781 727 2848 790 ἃς
2916 724 3068 792 παρὰ
3125 721 3281 787 τάξιν
3339 723 3624 788 κατεῖχεν.

2070 820 2307 881 Ἐκεῖνος
2333 819 2389 874 δὲ
2410 821 2595 890 διῆγεν
2623 820 2681 873 ἐν
2703 822 2769 890 τῇ
2789 818 2976 888 Λυκῷ.
2998 817 3155 870 Ἐπεὶ
3175 814 3222 869 δ’
3247 811 3504 866 ἐτελεύτα
3537 812 3629 861 τὸν

2059 912 2173 981 βίον
2211 911 2489 976 Μελίτιος,
2509 911 2767 981 Ἰωάννην
2797 911 2917 964 τινα
2949 908 3061 961 τῶν
3095 904 3372 975 ὁμοδόξων
3405 903 3536 971 περὶ
3567 902 3630 952 τδ

2056 1004 2232 1071 δόγμα
2260 1003 2358 1068 τῆς
2387 1004 2444 1054 ἐν
2465 1003 2669 1072 Νικαίᾳ
2690 1001 2912 1054 συνόδου
2940 999 3278 1066 κατέστησεν
3301 995 3416 1048 ἀντ’
3435 992 3628 1048 αὑτοῦ·

2059 1095 2115 1152 ὃς
2144 1095 2389 1162 ταραχῆς
2420 1093 2573 1156 αὖθις
2611 1096 2728 1156 ταῖς
2775 1093 3100 1162 ἐκκλησίαις
3123 1090 3419 1158 κατῆρξεν.
3447 1089 3630 1155 Ὅπερ

2058 1187 2108 1237 οί
2149 1186 2216 1238 τά
2268 1185 2479 1254 Ἀρείου
2533 1185 2860 1253 φρονοῦντες
2907 1182 3172 1253 δρῶντες,
3228 1179 3340 1231 οὐδ’
3377 1177 3531 1232 αὐτοὶ
3571 1176 3632 1227 τὸ

2061 1271 2184 1326 καθ’
2215 1273 2412 1334 αὑτοὺς
2468 1272 2729 1340 ἠμέλουν.
2768 1267 2871 1322 Οἴα
2899 1269 2957 1321 δέ
3007 1268 3118 1328 τοῖς
3147 1265 3416 1325 τοιούτοις
3461 1262 3632 1329 φιλεῖ,

2061 1364 2108 1415 οί
2148 1363 2247 1431 μὲν
2293 1363 2391 1431 τὴν
2431 1365 2645 1433 Ἀρείου
2675 1361 2834 1428 δόξαν
2875 1361 3142 1430 ἐπῄνουν·
3208 1361 3324 1419 τοῖς
3357 1356 3402 1409 δ’
3454 1355 3630 1406 ἐδόκει

2065 1454 2267 1522 μᾶλλον
2327 1456 2521 1524 ἀρχειν
2576 1454 2687 1508 τῶν
2755 1452 3062 1523 ἐκκλησιῶν
3128 1449 3255 1512 τοὺς
3318 1446 3444 1515 περὶ
3519 1445 3635 1498 Με-

2067 1545 2238 1597 λίτιον
2263 1561 2277 1576 ·
2313 1547 2408 1598 καὶ
2436 1545 2650 1607 τούτοις
2688 1544 2888 1612 μᾶλλον
2914 1541 3302 1610 προσέκειντο.
3361 1537 3470 1589 Καὶ
3497 1535 3636 1601 πρό-

2062 1655 2220 1706 τερον
2281 1637 2381 1705 μέν
2449 1637 2764 1707 διεφέροντο
2824 1635 3080 1704 ἑκάτεροι
3152 1631 3289 1700 πρὸς
3366 1627 3635 1686 ἐαυτοὺς·

2059 1729 2134 1792 ὡς
2173 1729 2230 1782 δέ
2277 1728 2338 1781 τὸ
2379 1727 2586 1797 πλῆθος
2640 1728 2829 1796 ἐώρων
2866 1727 2982 1789 τοῖς
3011 1722 3220 1794 ἱερεῦσι
3249 1722 3346 1790 τῆς
3397 1719 3630 1774 καθόλου

2073 1819 2402 1887 Ἐκκλησίας
2447 1819 2736 1889 ἑπόμενον,
2787 1819 2868 1880 είς
2903 1815 2962 1868 ἐν
3015 1813 3389 1873 συνελθόντες,
3439 1809 3634 1862 ἐσπεί-

2065 1928 2226 1965 σαντο
2242 1925 2260 1944 ο
2296 1912 2389 1964 καὶ
2425 1913 2560 1980 πρὸς
2584 1910 2677 1964 τὸν
2699 1909 2899 1979 εὐσεϐῆ
2928 1907 3025 1975 τῆς
3049 1903 3404 1973 Ἀλεξάνδρου
3427 1900 3637 1969 κλῆρον

2065 2004 2244 2058 κοινὸν
2279 2004 2553 2057 ἀνείλοντο
2609 2003 2862 2071 πόλεμον.
2924 2001 3033 2052 Καὶ
3081 1999 3175 2052 ἐπὶ
3208 1995 3467 2050 τοσοῦτον
3489 1995 3559 2044 τά
3588 1989 3638 2043 τ’

2066 2091 2387 2160 ἐγκλήματα
2439 2091 2533 2144 καὶ
2587 2089 2687 2153 τὰς
2718 2087 3016 2156 ἀπολογίας
3059 2084 3393 2156 προέφερον,
3437 2080 3638 2148 ἐπίσης

2064 2183 2486 2250 ἀγωνιζόμενοι,
2544 2181 2620 2245 ὡς
2672 2181 2866 2253 χρόνου
2930 2178 3217 2250 προϊόντος
3267 2173 3637 2230 Μελιτιανοτλς

2065 2274 2330 2343 κληθῆναι
2363 2276 2491 2336 τοὺς
2543 2273 2881 2343 Ἀρειανοὺς,
2911 2271 3006 2325 καὶ
3037 2271 3098 2323 τὸ
3149 2269 3403 2339 ἔμπαλιν.
3445 2265 3639 2318 Καίτοι

2063 2380 2126 2430 γε
2161 2363 2209 2417 οἱ
2244 2361 2371 2430 περὶ
2399 2362 2653 2415 Μελίτιον
2686 2361 2814 2430 περὶ
2860 2358 3199 2428 προστασίας
3233 2355 3401 2425 μόνης
3433 2350 3641 2418 ἐκκλη-

2065 2453 2197 2506 σιῶν
2224 2452 2561 2519 διεκρίνοντο
2584 2466 2598 2480 ·
2627 2449 2900 2519 Ἀρειανοὶ
2927 2448 2983 2500 δέ
3006 2447 3194 2506 κακῶς
3215 2445 3479 2513 ἐφρόνουν
3504 2441 3640 2508 περὶ

2062 2541 2220 2596 Θεοῦ.
2280 2540 2426 2593 Ἀλλ’
2484 2541 2634 2609 ὅμως
2687 2539 2765 2608 τῷ
2817 2539 3008 2606 κοινὴν
3065 2537 3269 2606 ἔχθραν
3318 2533 3444 2587 καθ’
3477 2532 3639 2600 ἡμῶν

395 2627 698 2693 Melitiani,
736 2637 792 2683 et
834 2628 1100 2683 Melitiani
1132 2627 1344 2683 Ariani.
1390 2626 1556 2696 Atqui
1595 2625 1854 2681 Melitiani
1893 2624 1960 2679 de

2069 2633 2446 2704 ἀναρρίπτειν.
2483 2633 2801 2700 συμφωνεῖν
2851 2629 3228 2701 ὑπεκρίνοντο,
3262 2625 3519 2692 ἑκάτεροι
3554 2623 3641 2675 δό-

395 2719 753 2775 ecclesiarum
774 2719 1118 2790 praefecturis
1138 2728 1349 2774 tantum
1369 2717 1747 2782 decertabant,
1767 2717 1960 2770 Ariani

2069 2723 2160 2789 ξαν
2194 2724 2411 2792 ἔχοντες
2439 2723 2640 2792 ῥᾳδίως
2668 2721 2814 2786 ἕξειν
2846 2723 2958 2782 τοῖς
3007 2719 3152 2772 κατά
3201 2718 3452 2787 γνώμην.
3488 2713 3640 2781 Πλὴν

394 2823 577 2866 autem
606 2812 746 2865 male
775 2811 1091 2867 sentiebant
1123 2814 1188 2868 de
1219 2813 1352 2867 Deo.
1389 2813 1780 2867 Verumtamen
1814 2811 1958 2879 quod

2069 2819 2142 2885 τῷ
2172 2818 2352 2886 χρίνῳ
2383 2816 2708 2885 προήκοντι,
2746 2812 2824 2882 τῷ
2885 2815 3101 2882 συνεχεῖ
3133 2813 3232 2880 τῆς
3275 2810 3405 2880 πςρὶ
3439 2809 3506 2860 τὰ
3530 2824 3644 2859 τοι·

394 2903 501 2957 sibi
554 2903 921 2957 communiter
967 2903 1286 2958 inimicitias
1323 2911 1514 2957 contra
1561 2916 1662 2956 nos
1707 2914 1961 2968 sumpse-

395 3006 555 3059 rant,
587 3011 915 3051 consensum
949 3005 1113 3066 atque
1144 2996 1506 3052 concordiam
1540 2994 1959 3059 assimulabam,

396 3090 620 3158 utrique
647 3089 897 3143 arbitrati
927 3088 1144 3144 facilius
1180 3088 1286 3143 sibi
1321 3102 1388 3141 eo
1421 3086 1585 3141 modo
1613 3102 1700 3141 res
1730 3101 1795 3140 ex
1831 3100 1961 3139 sen-

395 3183 566 3236 tentia
622 3196 1000 3236 successuras.
1048 3181 1318 3236 Caeterum
1376 3183 1642 3249 temporis
1697 3193 1959 3248 processu

395 3283 624 3344 propter
659 3281 954 3342 perpetuos
985 3271 1052 3326 de
1090 3271 1258 3327 rebus
1285 3271 1555 3342 ejusmodi
1590 3285 1876 3325 sermones
1909 3278 1962 3322 et

395 3364 706 3433 colloquia,
750 3363 814 3416 ad
865 3377 992 3418 eum
1037 3376 1341 3433 pervenere
1385 3363 1667 3426 habitum,
1715 3371 1773 3415 ut
1817 3361 1962 3416 idem

398 3457 618 3524 utrique
663 3456 728 3509 de
760 3455 871 3508 Deo
915 3456 1206 3509 sentirent.
1259 3453 1363 3507 Sed
1395 3452 1542 3506 enim
1578 3453 1775 3507 deinde
1808 3451 1960 3506 Meli—

397 3548 555 3612 tiani,
581 3547 734 3617 juxta
764 3545 1053 3616 pristinam
1077 3546 1469 3609 secessionem,
1492 3547 1560 3600 ab
1584 3544 1804 3599 Arianis
1834 3554 1964 3598 sunt

397 3640 681 3711 disjuneti.
741 3639 917 3693 Simul
970 3653 1208 3709 namque
1257 3648 1618 3708 utrorumque
1672 3639 1856 3692 clerus
1908 3647 1964 3691 et

395 3731 636 3802 populus
668 3730 760 3783 alii
787 3729 858 3783 ab
887 3730 1123 3783 aliorum
1147 3729 1522 3784 abhorrebant
1547 3729 1962 3783 communione.

396 3823 706 3890 Multasque
739 3822 904 3874 urbes
939 3818 992 3872 id
1027 3818 1268 3888 pervasit
1300 3819 1529 3880 malum,
1564 3816 1803 3870 maxime
1835 3831 1964 3869 vero
2015 3829 2021 3834 '

394 3911 742 3968 Arianismus
775 3910 948 3981 viguit
980 3910 1033 3963 in
1061 3910 1312 3980 Bithynia
1341 3919 1396 3963 et
1422 3909 1798 3978 Hellesponto,
1833 3923 1964 3961 nee.

395 4019 504 4059 non
566 4005 622 4059 in
683 4003 800 4072 ipsa
856 4001 1352 4070 Constantinopoli.
1405 3999 1537 4054 lude
1587 3999 1760 4061 adeo,
1817 3995 1963 4066 quod

397 4095 675 4151 Eusebius
732 4094 1179 4149 Nicomediensis
1241 4103 1298 4148 et
1351 4090 1635 4161 Theognis
1688 4090 1965 4153 Nicamus,

399 4199 518 4244 arte
563 4188 798 4258 quadam
845 4203 972 4242 eum
1021 4188 1108 4240 cui
1161 4186 1444 4239 decretum
1493 4183 1726 4238 Niemna:
1774 4181 1966 4253 synodi

402 4279 797 4336 asservandum
826 4279 1182 4332 commissum
1213 4275 1412 4340 fuerat,
1446 4276 1710 4329 dicuntur
1733 4272 1973 4328 circum-

401 4390 654 4435 ιυιιιεεθ,
688 4372 1242 4438 ειὼβίτὶμιὶοηρειιιιθ
1281 4385 1411 4424 suas
1443 4367 1717 4422 delevisse
1745 4383 1759 4418 :
1803 4375 1969 4435 atque

400 4469 574 4522 lihere
604 4476 660 4521 et
694 4465 975 4536 propalam
1017 4465 1294 4528 docuisse,
1333 4478 1441 4516 non
1480 4471 1737 4530 oportere
1769 4460 1968 4514 Filium

2065 2911 2204 2962 αὔτα
2237 2907 2525 2973 διαλέξεως
2555 2909 2640 2969 εἰς
2661 2905 2778 2970 ἐξιν
2800 2903 3073 2966 ἐλθόντες,
3107 2906 3304 2971 ἐπίσης
3348 2902 3478 2970 περὶ
3498 2897 3641 2950 Θεοῦ

2064 2999 2382 3064 δοξάζοντες
2406 2994 2578 3067 ἦσαν·
2613 2995 2768 3059 αὖθις
2798 2997 2846 3047 τ’
2868 2998 2934 3048 ἐκ
2966 2995 3174 3048 τούτων
3200 2997 3280 3055 εἰς
3311 2991 3409 3062 τὴν
3445 2991 3644 3059 προτέ·

2069 3108 2170 3162 ραν
2199 3091 2483 3144 διάστασιν
2511 3085 2677 3157 ἦλθον
2705 3090 2818 3150 τοῖς
2859 3088 2987 3155 περὶ
3011 3088 3257 3156 Ἀρειον.
3287 3084 3395 3136 Καὶ
3435 3082 3641 3150 κλῆροι

2067 3185 2199 3251 γὰρ,
2242 3185 2337 3233 καὶ
2369 3181 2509 3244 λαοὶ,
2537 3179 2635 3249 τὴν
2680 3179 2818 3248 πρὸς
2853 3178 3118 3246 ἀλλήλους
3155 3174 3514 3244 ἐξετρέποντο
3529 3186 3648 3223 κοι-

2069 3274 2287 3326 νωνίαν.
2327 3273 2436 3326 Καὶ
2473 3273 2697 3334 πολλαῖς
2730 3270 2829 3340 μὲν
2862 3271 2968 3321 τῶν
2996 3271 3210 3320 πόλεων
3259 3266 3523 3332 ἐπέτρελε
3579 3262 3647 3312 τὸ

2071 3365 2246 3418 δεινόν
2273 3380 2287 3398 ο
2326 3365 2564 3434 μάλιστα
2598 3363 2640 3414 δ’
2675 3364 2892 3433 ἤκμαζε
2928 3362 3080 3430 παρὰ
3113 3358 3357 3418 Βιθυνοῖς
3385 3354 3483 3408 καὶ
3523 3353 3642 3406 Ἐλο

2069 3457 2440 3524 λησποντίοις,
2472 3457 2566 3507 καὶ
2595 3457 2650 3505 ἐν
2695 3458 2759 3521 τῇ
2797 3452 3207 3506 Κωνσταντίνου
3247 3451 3408 3517 αὐτῇ.
3448 3447 3650 3499 Ἔνθεν

2071 3565 2154 3600 τοι
2181 3548 2272 3600 καὶ
2301 3548 2523 3613 λέγεται
2546 3546 2639 3597 τὸν
2669 3544 3041 3613 Νικομηδείας
3075 3540 3363 3605 Εὑσέὄιον,
3395 3540 3491 3591 καὶ
3513 3538 3652 3590 Θέο-

2071 3657 2190 3706 γνιν
2219 3639 2307 3690 τὸν
2332 3637 2586 3704 Νικαίας,
2613 3637 2801 3698 δεξιῶς
2829 3635 3165 3695 ὑπελθόντας
3199 3636 3314 3698 τὸν,
3351 3631 3408 3693 ὃς
3441 3631 3652 3699 φυλάτ-

2071 3743 2183 3778 τειν
2215 3725 2304 3778 τὸν
2325 3727 2452 3794 ὅρον
2483 3725 2581 3793 τῆς
2613 3725 2673 3776 ἐν
2701 3725 2909 3794 Νικαίᾳ
2947 3724 3172 3776 συνόδου
3201 3725 3298 3788 τὴν
3340 3719 3654 3789 ἐπιτροπὴ)

2075 3811 2240 3885 εἶχεν,
2266 3814 2565 3883 ἀπαλεῖψαι
2596 3816 2694 3877 τὰς
2724 3815 2948 3868 ἐκείνων
2980 3814 3311 3883 ὑπογραφάς
3335 3829 3348 3842 ο
3383 3814 3477 3863 καὶ
3499 3813 3653 3880 παῤ-

2076 3909 2242 3979 ρησίᾳ
2293 3909 2566 3961 διδάσκειν
2624 3907 2702 3976 μὴ
2759 3906 2958 3976 χρῆναι
3001 3904 3289 3973 όμοούσιον
3339 3902 3522 3971 λέγειν
3549 3901 3652 3954 τὸν

2077 4003 2204 4055 Υίδν
2235 4001 2313 4070 τῷ
2345 4001 2543 4070 Πατρί.
2571 3999 2812 4054 Οὗτοιδέ
2837 4001 2931 4052 καλ⁵
2959 3996 3269 4066 Ἀθανασίῳ
3300 3995 3466 4049 αἴτιοι
3500 3994 3650 4062 πρῶ-

2074 4113 2157 4149 τοι
2176 4095 2285 4148 τῶν
2323 4094 2410 4146 ἐπ’
2436 4095 2630 4162 ἐκείνῳ
2656 4093 2914 4160 γεγόνασι
2941 4089 3223 4161 δυσχερῶν
3242 4103 3257 4118 ⁸
3300 4087 3504 4156 πολλὴν
3533 4087 3652 4154 γὰρ

2077 4187 2232 4256 παρὰ
2285 4184 2496 4256 βασιλεῖ
2556 4183 2787 4254 δύναμιν
2849 4185 2944 4237 καὶ⁵
3004 4183 3324 4252 παρρησίαν
3386 4180 3649 4248 ἔχοντες,

2082 4279 2301 4348 Ἀρειον
2325 4276 2424 4344 μὲν
2451 4276 2526 4337 ὡς
2550 4275 2830 4344 ὁμόφρονα
2857 4274 2956 4326 καὶ
2977 4273 3128 4340 φίλον
3160 4274 3344 4333 αὐτοῖς
3381 4271 3655 4336 κατάγειν

2081 4373 2159 4432 είς
2182 4369 2597 4438 ’Λλεξάνδρειαν
2626 4367 2920 4420 ἔσπευδονο
2947 4366 3039 4419 τὸν
3058 4365 3104 4419 δ’
3136 4363 3344 4417 ἐκεῖθεν
3373 4362 3654 4416 ἀπελάσαι

2080 4462 2154 4523 ὼς
2189 4461 2531 4514 παντάπασιν
2555 4461 2617 4513 ἐκ
2639 4460 2937 4528 διαμέτρου
2969 4456 3184 4520 τούτοις
3205 4458 3518 4526 γινόμενον.
3539 4457 3655 4507 Καὶ

401 4555 549 4609 Patri
602 4532 1130 4612 consubstantialem
1177 4555 1381 4610 dicere.
1434 4553 1470 4607 Ii
1534 4567 1755 4621 quoque
1806 4553 1961 4620 primi

2085 4558 2238 4626 μόλις
2261 4558 2464 4626 ήνυσαν
2491 4555 2590 4624 τὴν
2625 4553 2841 4625 βουλήν.
2863 4555 3052 4616 Ὅπως
3079 4553 3136 4606 δέ
3174 4551 3321 4605 τοῦτ’
3354 4552 3653 4619 ἐξίσχυσαν
3720 4532 3739 4543 ⁸

334 4700 342 4725 ,ι
401 4651 700 4704 Athanasio
726 4661 981 4706 auctores
1008 4649 1182 4713 fuere,
1207 4663 1397 4702 earum
1421 4660 1560 4714 quas
1584 4643 1972 4712 pertulitzeru-

400 4761 679 4800 mnarum.
753 4745 974 4798 Multam
1041 4757 1277 4812 namque
1322 4747 1391 4794 ab
1440 4739 1776 4808 imperatore
1833 4754 1960 4791 con-

2081 4649 2514 4719 διαπράξασθαι,
2541 4650 2658 4710 πῶς
2688 4665 2744 4699 τε
2779 4649 2807 4700 ό
2848 4647 3104 4716 βασιλεὺς
3153 4643 3385 4713 ἐπείσθη
3409 4643 3653 4706 εἰσδέξα-

2074 4742 2199 4794 σθαι
2231 4742 2474 4811 Ἀρειον,
2507 4740 2581 4804 ὡς
2607 4735 2718 4792 οἶόν
2743 4755 2823 4802 τε,
2846 4738 2930 4789 διὰ
2969 4737 3218 4806 βραχέων
3248 4735 3378 4804 ἐρῶ.

401 4839 574 4894 secuti
647 4846 970 4908 potestatem
1023 4844 1078 4888 et
1148 4835 1456 4888 libertatein
1485 4871 1500 4896 ,
1543 4830 1734 4885 Arium
1780 4831 2025 4898 quidem,
2067 4837 2158 4902 qui
2220 4834 2577 4888 consentiens
2605 4841 2657 4886 et
2690 4831 2902 4885 amicus
2932 4831 3040 4884 illis
3066 4839 3232 4891 esset,
3264 4826 3648 4882 Alexandriam

407 4934 682 4987 reducere
713 4951 725 4986 :
793 4932 948 4986 illum
1009 4945 1142 4983 vero
1172 4927 1343 4984 veluti
1373 4930 1440 4980 ex
1476 4926 1751 4979 diametro
1784 4926 1866 4979 eis
1889 4909 2307 4997 repugnantem
2330 4968 2344 4992 ,
2394 4927 2618 4994 abigete
2663 4925 2791 4979 inde
2825 4923 3264 4979 contenderunt.
3303 4921 3364 4972 Et
3397 4934 3531 4972 sane
3559 4918 3650 4970 vix

407 5027 628 5083 tandem
704 5026 998 5080 consilium
1037 5023 1088 5077 id
1137 5021 1204 5075 ad
1272 5021 1482 5074 exitum
1521 5035 1681 5072 suum
1720 5020 2055 5086 perduxere.
2085 5021 2375 5085 Quomodo
2428 5028 2610 5072 autem
2660 5018 2714 5072 id
2743 5016 3016 5070 coniicere
3065 5013 3384 5085 potuerint,
3436 5019 3494 5067 et
3537 5026 3650 5081 quo

404 5123 901 5199 pacto'itnperator
937 5131 993 5173 ut
1020 5121 1208 5174 Arium
1241 5117 1530 5186 reciperet,
1567 5115 1834 5169 adductus
1865 5118 1956 5181 sit,
1978 5132 2138 5186 quam
2175 5129 2362 5185 potero
2390 5115 2714 5170 brevissime
2743 5113 2942 5167 dicam.

859 5211 1019 5309 σω
1044 5231 1266 5286 CAPUT
1305 5229 1514 5284 XLVII.

2655 5228 2903 5281 ΚΕΦΑΛ.
2937 5225 3069 5281 ΜΖ’.

407 5333 469 5389 Ut
530 5333 686 5386 Arius
737 5331 803 5384 sit
855 5332 1125 5380 revocatus
1159 5323 1223 5375 ab
1285 5321 1493 5382 exsilio,
1549 5331 1742 5373 rectam
1779 5321 1961 5391 deinde

2087 5326 2184 5390 Ὧς
2216 5323 2601 5391 ἐπανεκλήθη
2639 5323 2890 5388 Ἀρειος.
2946 5317 3019 5386 τῇ
3045 5315 3192 5384 ὀρθῇ
3236 5319 3437 5370 πίστει
3460 5314 3651 5385 δῆθεν

470 5404 772 5456 doctrinam
830 5409 878 5450 et
935 5395 1239 5464 religionem
1304 5409 1357 5445 se
1419 5399 1743 5445 sectaturum
1809 5390 1961 5460 polli—

2592 5390 2597 5391 ⁷
2674 5394 3071 5458 συνθέμενος.

469 5485 628 5526 crtus.

469 5563 769 5633 Presbyter
796 5559 1014 5627 quidam
1043 5598 1058 5621 ,
1094 5556 1414 5626 :egritudine
1465 5555 1686 5616 Ariana,
1713 5553 1965 5621 quamvis

400 5673 463 5714 ea
507 5652 774 5710 occultior
801 5661 964 5714 esset,
990 5658 1304 5718 occupatus,
1337 5646 1685 5708 Constantiaa,
1727 5643 1966 5712 impera-

2149 5549 2520 5620 Ιιρεσϐὑτερός
2540 5565 2644 5610 τις,
2663 5548 2762 5617 τὴν
2789 5546 2942 5599 νόσον
2967 5541 3182 5614 Ἀρείου
3209 5540 3651 5609 εἰσδεδεγμένος,

2074 5643 2179 5696 κᾶν
2212 5641 2498 5695 λανθάνειν
2525 5639 2662 5702 τέως
2690 5639 2886 5700 ἐδόκει⁹
2944 5635 3301 5703 Κωνσταντίᾳ
3336 5637 3402 5704 τῇ
3435 5633 3652 5702 ἀδελφῇ

473 5774 548 5842 tl)
578 5774 697 5842 Τῶν
742 5771 892 5841 αὑτῷ
925 5770 1167 5842 συνήθων
1221 5770 1370 5834 παρᾶ
1417 5766 1478 5842 τὸ
1512 5765 1685 5842 δόγμα
1758 5767 1873 5831 τῆς,
1917 5773 1961 5818 (31

2069 5760 2291 5820 Sozom.
2333 5761 2429 5814 lih.
2459 5775 2520 5824 ll,
2553 5773 2672 5828 cap.
2706 5757 2797 5822 2|,
2824 5756 2928 5812 hoc
2970 5763 3076 5817 est,
3112 5749 3434 5822 {antfliarem
3480 5766 3654 5804 suum

400 5836 584 5905 contra
625 5836 1080 5907 Νίεαυιανέψιοιίί
1108 5841 1393 5894 detritum.
1425 5838 1484 5890 Et
1515 5853 1553 5888 ri
1574 5836 1737 5889 ctius.
