3934 6604
305 455 417 519 135

1250 449 1845 516 ECCLESIASTICJ’.
1888 450 2278 510 IIlSTORII‘.
2322 450 2466 512 LIB.
2513 451 2673 512 VIII.

3453 444 3557 512 186

294 573 401 626 τοῦ
426 573 784 642 κρατοῦντος,
816 573 884 640 ἢν
936 569 1178 633 Λικίνιος
1228 573 1305 632 εἰς
1361 572 1540 638 γάμου
1600 567 1885 620 κοινωνίαν

2001 565 2130 620 toris
2160 565 2333 618 sorori
2361 607 2373 629 ,
2404 581 2564 634 quam
2597 565 2842 622 Licinius
2889 567 2940 620 in
2973 564 3318 620 matrimonio
3350 562 3562 618 habue-

293 660 446 734 εἶχε,
481 664 725 732 συνήθης
761 666 858 716 καὶ
893 663 1044 731 φίλος
1069 659 1155 730 ἦν.
1204 661 1300 714 Ἐκ
1323 661 1379 713 δέ
1410 661 1508 728 τῆς
1544 659 1679 729 πρὸς
1711 657 1880 726 αὐτὴν

292 756 527 823 ὁμιλίας
579 754 788 822 πολλὴν
842 753 1158 822 παρρησίαν
1213 752 1580 820 κτησάμενος,
1614 749 1719 800 τῶν
1753 750 1880 816 περὶ

295 847 574 901 Εὖσέϐιον
601 845 1082 914 εἰσηγησαμένων,
1118 844 1245 911 περὶ
1277 841 1489 912 Ἀρείου
1525 841 1716 906 λόγους
1737 855 1880 900 παρ-

301 939 565 1007 έσπειρε,
601 938 675 1005 μὴ
707 936 890 998 καλῶς
926 939 990 988 τὰ
1020 934 1142 987 κατ’
1167 935 1375 986 ἐκεῖνον
1413 930 1744 1000 γεγενῆσθαι
1778 928 1882 994 φά-

304 1044 484 1078 σκων.
525 1025 620 1078 Διὰ
645 1026 840 1094 φθόνον
891 1024 947 1075 δέ
997 1026 1089 1076 καὶ
1121 1019 1457 1092 ζηλοτυπίαν
1506 1018 1881 1088 Ἀλεξάνδρου,

303 1121 495 1184 φυγήν
526 1134 584 1168 τε
611 1119 712 1180 τῆς
737 1115 1012 1185 πατρίδος,
1048 1115 1142 1166 καὶ
1173 1113 1272 1180 τῆς
1294 1109 1620 1175 Ἐκκλησίας
1668 1109 1883 1161 ἐκπτω-

304 1227 401 1261 σιν
424 1209 844 1277 κατακριθέντα,
883 1207 1112 1258 παθεῖν’
1143 1206 1238 1258 καὶ⁹
1293 1203 1416 1273 μηδ’
1449 1201 1592 1255 οὕτω
1640 1202 1882 1270 φρονεῖν,

304 1300 389 1360 ὡς
417 1301 445 1352 ὁ
471 1301 638 1361 πολὺς
662 1299 772 1367 ἔχει
797 1299 975 1366 λόγος.
1001 1297 1204 1364 Ἀληθῆ
1236 1295 1291 1348 δὲ
1318 1294 1489 1347 ταῦτα
1530 1295 1563 1362 ἡ
1591 1294 1884 1344 Κωνστανο

302 1389 406 1440 τία
436 1389 732 1456 νομίσασα,
763 1383 876 1456 εἶχε
912 1388 1040 1456 παρ’
1063 1387 1251 1454 ἑαυτῇ.
1280 1384 1390 1436 Καὶ
1410 1382 1754 1451 νεωτερίζειν
1787 1379 1885 1447 μέν

304 1480 416 1530 οὐκ
449 1480 674 1546 ἐτόλμα,
727 1480 821 1531 τὸν
857 1478 1084 1546 βασιλέα
1137 1475 1364 1546 στερρὸν
1415 1474 1602 1544 ὁρῶσα
1648 1472 1774 1540 περὶ
1817 1469 1886 1522 τὰ

301 1569 547 1633 δ-ᾷξα-ιτα
584 1573 649 1637 τῇ
683 1569 886 1634 συνόδῳ
909 1583 924 1599 ο
945 1568 1040 1620 καὶ
1075 1567 1133 1619 ὲν
1159 1567 1268 1635 ὅσῳ
1301 1563 1518 1633 περιῆν,
1553 1561 1696 1614 οὕτω
1729 1560 1886 1628 δόξης

307 1662 378 1712 ἐν
405 1661 707 1733 ἀπορρήτῳ
741 1657 890 1730 εῐχν
926 1659 1069 1729 νόσῳ
1124 1660 1181 1712 δέ
1229 1658 1441 1728 χαλεπῇ
1489 1651 1886 1725 περιπεσοῦσα.

311 1753 564 1820 συνεχῶς
599 1753 872 1819 φοιτῶντα
891 1752 983 1804 τὸν
1009 1751 1238 1818 ἀδελφὸν
1281 1749 1603 1807 τελευταίαν
1634 1746 1754 1817 ᾔτει
1789 1745 1889 1813 χά-

317 1861 433 1912 ριν,
461 1846 552 1896 τὸν
581 1844 953 1914 πρεσϐύτερον
985 1847 1042 1899 ἐν
1074 1847 1187 1907 τοῖς
1217 1843 1444 1906 οἰκείοις
1476 1842 1644 1912 ἔχειν,
1686 1839 1888 1905 πολλὴν

313 1938 520 2006 ἐκείνῳ
546 1937 644 2004 τὴν
677 1937 964 1990 εὐλάϐειαν
1002 1935 1393 2007 μαρτυροῦσα·
1441 1934 1618 2002 ὀρθῶς
1639 1949 1699 1986 τε
1732 1930 1887 1995 δοξά-

315 2029 353 2090 ς
358 2045 461 2088 ειν,
486 2028 580 2078 καὶ
605 2027 892 2080 ἀνόθευτον
914 2027 973 2080 τὸ
990 2028 1126 2096 πρὸς
1147 2027 1356 2079 ἐκεῖνον
1382 2023 1570 2077 εὔνουν
1587 2022 1885 2092 διατηρεῖν·

319 2117 421 2167 καὶ
462 2115 708 2184 οεχεσθαι
763 2117 861 2185 μέν
919 2118 1020 2187 ήδη
1058 2117 1297 2184 ἐκείνην,
1360 2115 1619 2188 ὀρρωδεῖν
1676 2113 1732 2164 δέ
1765 2112 1893 2180 περὶ

319 2206 537 2259 ἐκεῖνον
576 2207 648 2276 μή
684 2223 737 2258 τι
773 2205 959 2272 πάθοι,
989 2205 1418 2276 διεμαρτύρετοο
1447 2205 1528 2257 δτι
1557 2220 1621 2270 γε
1649 2200 1895 2262 πεισθείς

325 2314 466 2358 τισι,
506 2298 737 2362 σεμνοὺς
782 2297 982 2366 ἄνδρας
1027 2296 1180 2366 ἀϊδίῳ
1211 2298 1358 2366 φυγῇ
1392 2294 1689 2363 ἐζημίωσε.
1725 2291 1890 2358 Κσὶὴ

327 2388 431 2455 μὲν
461 2387 690 2440 τοιαῦτα
744 2386 981 2454 λέγουσα
1029 2387 1284 2439 ἐτελεύτα
1305 2401 1321 2416 ο
1377 2387 1404 2436 ό
1439 2383 1496 2436 δὲ
1526 2380 1895 2452 πρεσϐύτερος

325 2477 644 2547 παῤῥησίας
701 2477 954 2532 ἐντεῦθεν
1007 2475 1209 2546 τυχὼν,
1275 2475 1458 2545 ἠρέμα
1515 2474 1641 2534 τοὺς
1698 2473 1897 2532 αὐτοὺς

325 2567 498 2620 ἐιίνει
521 2568 652 2634 περὶ
673 2565 892 2636 Ἀρείου
923 2567 1110 2630 λόγους
1129 2565 1207 2635 τῷ
1239 2564 1465 2633 βασιλεῖ.
1500 2562 1592 2622 οὒς
1620 2561 1683 2628 δὴ
1710 2562 1800 2612 καὶ
1826 2563 1895 2629 τῇ

326 2658 531 2727 ἀδελφῇ
587 2659 796 2710 ἐκείνου
853 2661 1062 2721 ἀνεῖπε,
1095 2659 1168 2728 μή
1195 2675 1247 2709 τι
1283 2655 1432 2725 παρὰ
1465 2655 1533 2707 τὰ
1573 2653 1799 2718 δόξαντι
1827 2654 1893 2722 τῇ

331 2750 791 2820 σ·.ινόδῳ.φρονεῖν
835 2751 928 2802 καὶ
970 2751 1060 2801 τὸν
1097 2751 1316 2818 Ἀρειον
1339 2764 1353 2780 ⁸
1409 2746 1630 2799 ἐλθόντα
1669 2762 1751 2807 τε,
1781 2747 1896 2810 εἷ’γε

330 2839 636 2901 κελεύσειε,
665 2837 861 2901 δείξειν
885 2838 1062 2906 ἀληθῆ
1085 2839 1225 2889 κατὰ
1251 2837 1562 2905 πρόσωπον,
1587 2835 1662 2895 ὡς
1684 2833 1898 2900 ἀλόγως

334 2931 752 2995 συκοφαντοῖτο.
800 2930 858 2981 '0
886 2929 943 2980 δὲ
971 2927 1242 2997 βασιλεὺς,
1281 2926 1392 2979 εἴτε
1425 2929 1492 2995 τῇ
1516 2926 1717 2994 ἀδελφῇ
1744 2941 1902 2994 χαρι-

331 3018 583 3087 ζόμενος,
625 3020 734 3072 εῐτε
766 3019 862 3071 καὶ
894 3021 1140 3081 πεισθεὶς
1172 3020 1284 3080 τοῖς
1317 3017 1628 3087 εἰρημένοις
1651 3015 1727 3084 τῷ
1761 3031 1900 3084 πρε-

334 3110 607 3179 σϐυτέρῳ,
673 3127 691 3161 ι
723 3112 789 3162 Ei
845 3111 1083 3178 Ιἰθλρειος,
1121 3109 1248 3179 ἔφη,
1319 3107 1626 3161 συντίθεται
1681 3106 1749 3158 τὰ
1802 3107 1901 3170 τῆς

1985 666 2088 718 rat,
2127 657 2406 711 familiaris
2445 666 2584 719 erat,
2628 667 2684 712 et
2726 658 2954 713 amicus.
2989 658 3040 712 Is
3082 673 3147 711 ex
3196 657 3558 710 familiaribus

1986 748 2296 815 colloquiis,
2330 763 2452 801 cum
2503 751 2669 804 multa
2709 751 2854 819 apud
2905 766 3030 805 eum
3062 759 3309 804 uteretur
3339 764 3556 804 sermo-

1985 852 2116 891 num
2149 838 2418 901 libertate,
2467 841 2611 894 illam
2658 842 2952 910 aliquando
2987 842 3209 896 Eusebii
3258 839 3554 902 mentione,

1988 929 2055 984 de
2086 931 2214 984 Ario
2240 948 2456 1002 quoque
2491 933 2655 987 verba
2683 934 2940 1003 aspersit,
2989 934 3168 987 minus
3194 945 3342 989 recte
3375 933 3443 986 de
3489 946 3557 984 eo

1988 1029 2253 1077 statutum
2304 1037 2424 1077 esse
2475 1023 2711 1077 dicens:
2778 1040 2873 1092 per
2928 1023 3186 1078 invidiam
3247 1024 3451 1092 quippe
3506 1033 3559 1074 et

1989 1112 2395 1166 munulationem
2430 1113 2718 1168 Alexandri
2747 1116 3083 1179 damnatum,
3119 1115 3281 1168 simul
3311 1123 3367 1168 et
3397 1129 3427 1166 a
3460 1127 3558 1180 pa-

1993 1204 2096 1257 tria
2126 1203 2390 1268 exsulem,
2436 1215 2492 1257 et
2523 1205 2590 1257 ab
2643 1206 2872 1260 ecclesia
2918 1216 3214 1267 extorrem,
3253 1206 3306 1257 in
3339 1204 3555 1258 miseria

1988 1295 2197 1358 virere,
2255 1309 2422 1364 seque
2459 1295 2681 1364 indigna
2734 1298 2841 1365 pati
2881 1337 2896 1360 ,
2951 1312 3127 1364 neque
3169 1311 3232 1349 ea
3273 1310 3414 1357 esse,
3449 1295 3593 1362 qnal

1991 1387 2236 1455 plerique
2275 1386 2520 1451 credant,
2570 1388 2847 1456 Opinione.
2902 1388 3025 1442 llrec
3075 1403 3197 1441 vera
3247 1403 3368 1442 esse
3415 1387 3563 1438 (ὀπι-

1988 1477 2192 1531 stantia
2243 1479 2546 1541 arbitrata,
2613 1479 2756 1548 apud
2818 1479 3052 1546 seipsam
3119 1479 3340 1532 celavit.
3406 1475 3558 1530 Nihil

1989 1566 2137 1619 enim
2190 1581 2389 1620 novare
2439 1566 2710 1629 audebat,
2752 1567 3133 1622 conﬁrmatum
3182 1581 3304 1620 esse
3352 1567 3558 1626 sciens,

1989 1658 2350 1728 stabilemque
2411 1659 2466 1713 in
2523 1661 2718 1725 synodi
2779 1660 3016 1715 decretis
3056 1661 3462 1728 imperatorem.
3494 1658 3563 1711 Et

1991 1750 2233 1818 quandiu
2267 1761 2550 1818 superstes
2581 1751 2705 1816 fuit,
2747 1761 2948 1806 tectam
2982 1752 3310 1819 tacitamque
3346 1750 3562 1818 opinio-

1997 1856 2119 1894 nem
2150 1856 2270 1895 eam
2299 1841 2510 1896 habuit.-
2533 1842 2602 1897 At
2629 1842 2720 1896 ubi
2750 1843 2898 1913 gravi
2932 1853 3016 1897 est
3044 1856 3304 1911 Oppressa
3344 1841 3560 1902 morbo.

1965 1931 2026 1986 1a
2064 1935 2232 1988 fratre
2275 1933 2593 2004 frequenter
2621 1949 2740 1988 eam
2787 1934 3030 1996 visente,
3077 1947 3390 2001 supremam
3421 1931 3564 1984 hanc

1994 2026 2154 2094 petiit
2183 2024 2433 2092 gratiam,
2470 2033 2530 2078 ut
2576 2023 2954 2093 presbyterum
2982 2065 2996 2087 ,
3045 2023 3112 2078 de
3153 2023 3311 2094 cujus
3367 2023 3565 2077 eximia

1995 2117 2195 2185 pietate
2255 2116 2676 2181 testificabatur,
2731 2115 3052 2169 familiarem
3093 2116 3370 2168 haberet:
3417 2123 3565 2168 recte

1993 2222 2121 2262 eum
2168 2207 2393 2269 sentire,
2446 2207 2824 2276 sinceramque
2870 2207 2921 2260 ei
2958 2206 3400 2260 benevolentiam
3433 2219 3565 2258 con-

1995 2309 2338 2353 servaturum
2395 2312 2560 2351 esse:
2625 2312 2684 2351 se
2734 2297 2957 2366 quidem
3011 2297 3121 2366 jam
3163 2296 3478 2350 decedere:
3513 2297 3564 2348 ei

1995 2403 2145 2452 vero,
2179 2403 2246 2440 ne
2276 2385 2406 2455 quid
2444 2395 2744 2455 pateretur,
2793 2385 3086 2440 admodum
3136 2395 3380 2439 metuere
3421 2381 3566 2437 allir-

1995 2495 2172 2541 mans,
2223 2478 2368 2548 quod
2428 2494 2458 2532 a
2505 2479 2784 2533 nonnullis
2811 2493 3126 2547 persuasus,
3173 2478 3323 2531 viros
3373 2490 3567 2544 graves

1995 2578 2258 2639 perpetuo
2292 2570 2576 2622 multasset
2611 2569 2827 2622 exsilio.
2875 2568 3050 2638 Atque
3104 2567 3197 2621 illa
3249 2567 3336 2620 his
3378 2565 3563 2629 dictis,

1993 2661 2122 2716 fatis
2134 2661 2422 2716 concessit.
2443 2663 2732 2732 Presbyter
2753 2677 2881 2715 vero
2904 2660 3158 2714 libertate
3182 2659 3306 2712 inde
3324 2667 3566 2726 sumpta,

1998 2754 2256 2823 paulatim
2312 2753 2534 2806 eosdem
2575 2755 2716 2822 apud
2768 2753 3153 2822 imperatorem
3206 2751 3463 2804 movebat
3497 2750 3567 2803 de

1999 2847 2130 2898 Ario
2158 2859 2462 2907 sermones,
2493 2859 2631 2912 quos
2677 2843 2744 2896 ad
2786 2859 3031 2898 sororem
3061 2856 3280 2910 quoque
3319 2843 3436 2910 ejus
3467 2841 3569 2893 du-

1999 2935 2126 2988 dum
2155 2937 2452 2990 retulerat:
2481 2936 2618 2989 nihil
2649 2935 2858 2989 scilicet
2891 2945 3082 2987 contra
3116 2934 3310 3004 synodi
3339 2917 3563 2988 decreta

2002 3027 2189 3081 Arium
2239 3025 2486 3080 sentire:
2524 3026 2834 3080 venientem
2879 3040 3030 3089 eum,
3087 3024 3131 3078 si
3183 3025 3301 3093 ipse
3351 3025 3566 3093 jubeat,

2000 3135 2127 3174 vera
2156 3119 2269 3171 hate
2290 3133 2442 3182 esse;
2476 3127 2534 3171 et
2567 3116 2713 3186 quod
2746 3125 2944 3185 praeter
2968 3114 3232 3168 rationem
3259 3114 3570 3183 sycophan-

335 3201 558 3254 συνόδου
591 3204 829 3270 φρονεῖν,
856 3201 1082 3270 δέχομαι
1120 3201 1330 3262 τοῦτον,
1368 3203 1462 3254 καὶ
1494 3201 1626 3267 τιμῇ
1651 3201 1713 3267 τῇ
1749 3198 1896 3265 πάσῃ

2005 3209 2076 3261 tia
2105 3208 2518 3260 circumventus
2543 3203 2636 3266 sit,
2680 3203 2736 3256 in
2763 3201 2957 3256 faciem
2985 3209 3360 3255 ostensurum.
3395 3198 3572 3265 Impe-

337 3289 476 3357 πρὸς
511 3292 612 3357 τὴν
645 3289 1060 3359 Ἀλεξάνδρειαν
1093 3290 1258 3352 εὐθὺς
1294 3288 1660 3355 καταπέμψω.
1693 3305 1709 3336 ι
1736 3285 1901 3338 Ταῦτ’

335 3378 530 3444 εἰπὼν,
567 3380 662 3432 καὶ
691 3380 916 3432 τοιαῦτα
951 3381 1085 3450 πρὸς
1119 3380 1280 3432 αὑτὸν
1318 3379 1532 3447 ἔπεμπε
1563 3377 1862 3446 γράμματα
1885 3391 1899 3406 °

342 3487 361 3520 ι
386 3471 635 3542 Νικητὴς
663 3473 1070 3535 Κωνσταντῖνος
1103 3474 1375 3540 Μέγιστος
1398 3470 1665 3531 Σεϐαστὸς
1686 3467 1900 3538 ‘Apsftp.

338 3561 517 3614 Πάλαι
555 3563 656 3630 μὲν
687 3562 934 3631 ἐδηλώθη
960 3566 1026 3633 τῇ
1059 3565 1378 3634 στερρότητι
1407 3580 1522 3627 σου,
1553 3565 1700 3624 ὅπως
1729 3561 1794 3614 ἂν
1825 3562 1906 3622 είς

339 3655 402 3705 τὸ
434 3653 568 3722 ἐμὸν
596 3656 961 3724 στρατόπεδον
977 3657 1215 3724 ἀφίκοιο,
1242 3657 1328 3708 ἵνα
1349 3657 1446 3722 τῆς
1477 3654 1753 3724 ἡμετέρας
1778 3652 1906 3714 θέας

335 3743 649 3796 ἀπολαῦσαι
672 3743 1000 3814 δυνηθείης⁸
1059 3745 1416 3815 θαυμάζομεν
1461 3744 1517 3797 δὲ
1567 3744 1790 3812 σφόδρα,
1831 3741 1906 3811 μὴ

339 3835 690 3906 παραχρῆμα
743 3836 903 3890 τοῦτο
932 3838 1298 3906 πεποιηκότα.
1355 3836 1557 3904 Διόπερ
1587 3834 1681 3886 νῦν
1711 3834 1907 3894 ἐπιϐὰς

336 3929 620 3996 ὀχήματος
680 3927 968 3996 δημοσίου,
1025 3928 1105 3990 είς
1151 3928 1213 3980 τὸ
1243 3926 1512 3997 ἡμέτερον
1544 3924 1907 3994 στρατόπεδον

337 4019 638 4084 ἀφικέσθαι
693 4019 1000 4087 ἐπείχθητι.
1053 4019 1202 4080 ὅπως
1239 4019 1304 4071 ἂν
1328 4018 1428 4086 τῆς
1469 4016 1600 4086 παρ’
1634 4017 1792 4086 ημῶν
1818 4015 1909 4067 εὐ-

336 4107 491 4168 νοίας
520 4123 580 4158 τε
617 4107 713 4159 καὶ
743 4107 1063 4174 ἐπιμελείας
1115 4110 1315 4175 τυχὼν,
1367 4108 1460 4159 ἐπὶ
1520 4106 1620 4175 τὴν
1675 4105 1909 4175 πατρίδα

337 4199 639 4265 ἀφικέσθαι
670 4199 925 4269 δυνηθῇς.
992 4197 1050 4251 '0
1085 4198 1218 4258 Θεός
1276 4216 1335 4250 σε
1365 4199 1736 4266 διαφυλάττοι,
1767 4200 1908 4264 ἀγα-
1942 4200 1945 4202 ’

341 4291 505 4359 πητέ.
539 4290 728 4358 Ἐδόθη
755 4291 820 4358 τῇ
853 4289 957 4359 πρὸ
979 4290 1138 4342 πέντε
1161 4289 1456 4342 Καλανδῶν
1489 4288 1859 4357 Δεκεμϐρίων.
1885 4307 1904 4339 ι

354 4384 420 4435 Ἦ
458 4384 558 4449 μὲν
611 4381 706 4434 οὖν
753 4381 1010 4451 ἐπιστολὴ
1045 4381 1137 4434 τοῦ
1192 4380 1457 4451 βασιλέως
1487 4380 1659 4451 αὕτη·
1702 4381 1828 4448 ἐμοὶ
1863 4379 1906 4431 δ’

340 4473 527 4526 ἔπεισι
556 4470 860 4541 θαυμάζειν
893 4471 985 4524 τὸν
1013 4472 1144 4540 περὶ
1176 4472 1275 4539 τὴν
1313 4470 1598 4524 εὐσέϐειαν
1626 4470 1720 4523 τοῦ
1751 4469 1908 4539 βασι-

344 4564 484 4624 λέως
507 4535 704 4631 ζῆλον*
758 4560 908 4614 δοκεῖ
933 4560 1044 4628 γὰρ
1091 4535 1154 4624 ἐξ
1184 4535 1260 4612 ὧν
1290 4561 1512 4626 γράφει,
1540 4559 1616 4622 ὡς
1646 4535 1909 4623 πολλάκις
1943 4535 1986 4589 D

343 4651 512 4704 αὐτὸν
544 4651 829 4719 μετανοεῖν
854 4649 1224 4721 προετρέπετο
1244 4661 1260 4678 ⁸
1294 4649 1389 4702 καὶ⁹
1414 4653 1470 4702 ἐν
1502 4650 1710 4718 μέμψει
1741 4652 1914 4704 ποιεῖ-

341 4761 432 4794 ται
465 4737 549 4806 οἷς
606 4742 870 4805 πολλάκις
910 4741 1222 4811 γράψαντος
1257 4739 1360 4792 οὐκ
1387 4740 1692 4809 ἐπανῆλθεν
1727 4742 1816 4794 ἐπὶ
1852 4741 1914 4793 τὸ

345 4835 568 4906 ἀληθές.
628 4833 866 4894 Ἐκεῖνος
929 4834 976 4886 δ’
1025 4827 1119 4886 οὖν
1171 4832 1238 4884 τὰ
1260 4832 1570 4901 γράμματα
1595 4831 1912 4899 δεξάμενος,

350 4927 572 4994 σύναμα
599 4925 822 4994 Εύζωῖφ
855 4923 954 4994 τὴν
1009 4923 1425 4977 Κωνσταντίνου
1471 4924 1795 4978 κατέλαϐεν.
1854 4925 1913 4977 ’0

345 5019 405 5070 δὲ
433 5017 673 5080 Εύζὼῖος
711 5017 957 5080 διάκονος
989 5012 1079 5084 ἦν,
1131 5016 1236 5068 ὑπὸ
1268 5015 1623 5085 Ἀλεξάνδρου
1650 5017 1914 5086 καθαιρε-

346 5111 465 5171 θεὶς
500 5110 595 5161 καὶ
621 5111 804 5173 αὐτὸς,
856 5109 1018 5177 ἡνίκα
1041 5110 1170 5171 τοὺς
1222 5109 1353 5178 περὶ
1386 5109 1607 5178 Ἀρειον
1639 5109 1912 5168 καθεῖλεν.

360 5203 422 5254 Ὀ
447 5203 502 5253 δὲ
528 5201 782 5271 βασιλεὺς
812 5203 891 5262 εἰς
925 5203 1216 5270 πρόσωπον
1255 5199 1476 5262 τούτους
1513 5200 1826 5269 δεξάμενος,
1864 5202 1913 5253 εί

348 5299 418 5364 τῇ
453 5296 633 5347 πίστει
696 5293 1056 5357 συντίθενται,
1085 5294 1328 5363 διηρώτα
1352 5308 1367 5324 ο
1420 5291 1526 5345 τῶν
1562 5292 1620 5344 δὲ
1647 5273 1911 5361 συνθεμέέ

347 5405 480 5448 νων,
502 5386 717 5455 γραφὴν
748 5385 966 5438 ἐκέλευε
990 5388 1312 5455 παρασχεῖν,
1332 5383 1366 5438 ἃ
1397 5383 1667 5449 δοξάζοιεν
1688 5385 1917 5448 διεξιοῦ-

350 5498 453 5532 σαν
480 5481 610 5549 περὶ
633 5477 788 5532 Θεοῦ.
815 5480 878 5530 Ui
907 5478 963 5531 δὲ
985 5479 1084 5548 τὴν
1116 5481 1390 5546 προτέραν
1420 5479 1766 5540 ἐκκλίναντες
1794 5479 1913 5531 ὁδὸν

349 5565 428 5625 ὧν
464 5570 682 5639 εὑρεταὶ
733 5571 1022 5640 νοημάτων
1071 5567 1233 5641 ἦσαν,
1267 5571 1454 5634 ἁπλοῖς
1476 5586 1588 5622 τισι
1617 5569 1713 5623 καὶ
1745 5572 1915 5636 ἐγκω-

351 5665 578 5732 σμὲνοις
632 5663 838 5733 ῥήμασι
880 5663 980 5733 τῆς
1028 5662 1389 5716 Θεοπνεύστου
1421 5662 1642 5733 Γραφῆς
1694 5661 1914 5715 ἔκθεσιν

423 5840 501 5908 (Ι)
536 5839 744 5899 Socrat.
779 5842 872 5895 lib.
910 5861 944 5909 ι,
976 5857 1093 5914 cap,
1120 5840 1209 5898 ‘25.

2006 3308 2176 3362 rator,
2211 3297 2324 3350 sive
2350 3295 2527 3350 sorori
2557 3292 2890 3362 gratiﬁcans,
2940 3307 3034 3346 seu
3067 3290 3370 3362 presbyteri
3403 3289 3569 3343 dictis

2005 3388 2287 3444 credens:
2351 3405 2369 3440 ι
2410 3385 2465 3441 Si
2509 3386 2708 3448 Arius,
2758 3385 2974 3455 inquit,
3028 3385 3241 3453 recipit,
3299 3382 3570 3450 (idemque

2005 3477 2156 3539 facit,
2203 3490 2261 3530 se
2294 3489 2419 3530 cum
2453 3475 2661 3545 synodo
2715 3475 2940 3538 sentire,
2994 3473 3206 3542 accipio
3260 3471 3566 3531 hominem,

2005 3583 2130 3623 cum
2157 3566 2367 3621 honore
2401 3567 2551 3620 omni
2583 3565 2969 3621 Alexandriam
3002 3580 3130 3620 eum
3162 3567 3516 3620 remissurus.
3546 3581 3565 3613 ι

2006 3660 2087 3715 Ad
2133 3660 2251 3714 b:ee
2285 3659 2447 3713 verba
2483 3659 2698 3714 litteras
2726 3672 2947 3727 quoque
2970 3656 3241 3726 ejusmodi
3292 3657 3358 3711 ad
3416 3655 3569 3710 illum

2007 3750 2258 3806 addidit:
2293 3769 2314 3802 ι
2353 3751 2537 3805 Victor
2567 3749 2958 3805 Constantinus
2999 3749 3265 3804 Maximus
3294 3749 3573 3818 Augustus

2008 3840 2162 3892 Ario.
2212 3839 2548 3907 Jampridem
2593 3838 2835 3892 firmitati
2891 3849 3018 3903 tuae,
3053 3847 3111 3891 ut
3162 3837 3215 3891 in
3264 3837 3443 3891 aulam
3475 3852 3572 3889 no-

2008 3939 2174 3984 stram
2203 3930 2436 3992 venires,
2463 3939 2518 3983 et
2543 3939 2838 3998 conspectu
2872 3940 3060 3984 nostro
3094 3928 3349 3984 fruerere
3368 3969 3383 3991 ,
3409 3927 3576 4000 644

2008 4021 2372 4091 significatum
2403 4032 2506 4076 est.
2542 4021 2698 4088 Quod
2737 4030 2788 4076 te
2826 4021 2977 4076 illico
3025 4037 3134 4076 non
3165 4021 3383 4084 fecisse,
3417 4020 3574 4073 valde

2011 4113 2296 4166 miramur.
2356 4112 2542 4180 Itaque
2579 4114 2657 4181 (l)
2706 4112 2926 4181 publico
2959 4112 3213 4166 vehiculo
3247 4123 3572 4170 conscenso,

2010 4205 2075 4256 ad
2111 4204 2288 4256 aulam
2313 4212 2562 4256 nostram
2595 4202 2782 4255 venire
2814 4216 3070 4270 propera,
3101 4211 3162 4254 ut
3192 4197 3575 4254 benevolentia

2010 4307 2252 4362 curaque
2287 4303 2474 4346 nostra
2523 4292 2760 4360 adjutus,
2788 4292 2843 4345 in
2897 4294 3128 4362 patriam
3161 4292 3338 4344 redire
3385 4304 3572 4358 queas.

2013 4385 2158 4440 Deus
2189 4392 2240 4438 te
2268 4393 2471 4448 servet,
2500 4382 2721 4438 dilecte.
2755 4383 2902 4436 Data:
2937 4399 2964 4435 v
2990 4381 3216 4437 Kalend.
3254 4379 3514 4435 Decemb.
3553 4397 3572 4430 ι

2013 4478 2140 4533 Haec
2172 4477 2520 4546 imperatoris
2537 4486 2622 4530 est
2652 4476 2908 4545 epistola.
2937 4475 3068 4529 Mihi
3098 4484 3282 4529 autem
3311 4471 3576 4527 admirari

2015 4569 2070 4622 in
2124 4575 2362 4622 mentem
2409 4567 2559 4622 venit
2603 4568 2776 4636 ipsius
2805 4566 2873 4621 de
2914 4581 3042 4620 vera
3093 4565 3296 4634 pietate
3326 4565 3578 4618 ardorem

2010 4669 2069 4713 et
2095 4658 2524 4714 aemulationem.
2561 4661 2804 4727 Apparet
2830 4661 2980 4713 enim
3009 4672 3074 4712 ex
3109 4657 3176 4710 iis
3201 4671 3324 4725 qua
3356 4655 3576 4720 scribit,

2014 4750 2216 4820 saepius
2243 4750 2395 4803 illum
2422 4749 2490 4804 ab
2521 4764 2588 4804 eo
2609 4749 2676 4803 ad
2710 4749 3089 4818 pmnitentiam
3112 4749 3405 4802 excitatura
3434 4763 3576 4802 esse.

2016 4842 2360 4912 Quapropter
2393 4856 2519 4896 eum
2553 4842 2927 4911 reprehendit,
2950 4841 3044 4910 qui
3072 4841 3349 4894 ntultoties
3380 4839 3582 4893 litteris

2013 4917 2346 4998 admonitus,
2393 4932 2461 4987 ad
2509 4935 2793 4987 veritatem
2838 4948 2946 4986 non
2991 4932 3240 4986 redierit.
3288 4929 3381 4985 Ille
3416 4931 3582 5000 igitur

2011 5027 2214 5082 litteris
2246 5027 2329 5096 eis
2367 5025 2631 5095 acceptis,
2657 5041 2781 5080 cum
2811 5025 3016 5080 Euzoio
3045 5022 3578 5090 Constantinopolim

2013 5119 2181 5172 venit.
2222 5117 2353 5172 Erat
2389 5127 2569 5171 autem
2623 5117 2859 5171 Euzoius
2905 5116 3190 5176 diaconus,
3227 5123 3282 5166 et
3335 5113 3452 5180 ipse
3509 5113 3580 5165 ab

2019 5209 2329 5263 Alexandro
2363 5217 2768 5271 exauctoratus,
2812 5222 2934 5260 cum
2992 5205 3120 5259 Ario
3166 5202 3466 5274 presbyteri
3498 5202 3582 5255 di-

2016 5301 2194 5370 gnitas
2223 5299 2476 5370 adempta
2501 5309 2606 5354 est.
2639 5299 2940 5368 Imperator
2970 5298 3022 5349 in
3045 5305 3395 5364 conspectum
3419 5307 3579 5348 suum

2018 5393 2306 5454 admissos,
2341 5406 2409 5444 an
2458 5390 2584 5445 ﬁdei
2623 5389 2974 5459 promulgatas
3021 5387 3453 5449 assentirentur,
3496 5401 3586 5438 ro.-

2017 5482 2165 5550 gavit
2199 5500 2214 5535 :
2243 5490 2408 5550 atque
2445 5479 2553 5534 illis
2597 5480 2648 5534 id
2681 5477 3166 5542 asseverantibus,
3203 5475 3446 5532 libellum
3485 5490 3583 5531 eos

2017 5571 2219 5626 offerre
2245 5571 2431 5641 jussit,
2459 5573 2552 5640 qui
2582 5585 2772 5624 eorum
2813 5569 2882 5624 de
2911 5570 3021 5624 Deo
3055 5567 3383 5624 sententiam
3433 5580 3578 5622 com

2020 5662 2378 5734 plecteretur.
2413 5660 2550 5720 Tum
2602 5661 2678 5714 illi
2730 5659 3002 5724 declinata
3047 5660 3228 5735 priore
3272 5659 3380 5728 via,
3416 5670 3583 5733 quam
