3934 6540
320 402 421 467 187

316 605 469 659 cibus
496 605 621 659 aliis
655 606 909 675 notisque
949 605 1213 660 divinitus
1244 606 1524 674 inspirata:
1580 605 1889 672 Scriptura}

317 694 498 747 verbis
531 709 728 748 novam
781 694 1068 748 formulam
1104 705 1158 749 et
1188 696 1579 764 expositionem
1617 704 1880 748 texucre;

310 785 673 853 jurejurando
699 787 1107 851 conﬁrmantes,
1144 786 1218 839 ita
1259 803 1317 840 se
1346 804 1409 839 ex
1439 787 1624 839 animo
1657 788 1884 840 credere

317 886 365 926 et
405 877 633 941 sentire,
670 893 848 946 neque
876 878 1034 932 aliter
1056 893 1295 946 unquam
1325 879 1578 931 sonsisse.
1610 877 1883 946 Scriptura

319 964 371 1016 id
407 966 553 1020 hisce
586 969 769 1021 verbis
819 978 1142 1038 conceptum
1181 969 1359 1023 fuerat
1396 986 1411 1022 :
1474 988 1490 1019 ι
1527 970 1783 1024 Piissimo
1808 972 1883 1037 (ί)

318 1055 526 1124 Deique
596 1060 969 1112 amantissimo
1034 1061 1260 1115 domino
1317 1071 1506 1115 nostro
1568 1063 1885 1127 imperatori

320 1148 682 1203 Constantino
731 1149 893 1204 Arius
936 1158 990 1203 et
1040 1151 1295 1205 Enzoius.
1348 1151 1518 1206 Sicuti
1577 1154 1687 1207 Deo
1738 1167 1887 1222 grata

321 1240 492 1307 pietas
547 1248 656 1302 tua,
713 1241 1009 1310 imperator
1064 1243 1306 1307 domine,
1345 1246 1643 1311 prtecepit,
1705 1246 1777 1299 ita
1833 1247 1888 1299 in

319 1328 522 1392 scripto
555 1331 880 1396 exponimus
914 1331 1035 1385 ﬁdei
1092 1344 1289 1386 nostrze
1348 1333 1761 1401 professionem.
1824 1336 1892 1390 Et

322 1432 506 1470 coram
540 1420 650 1473 Deo
681 1429 968 1484 testamur,
1001 1424 1080 1477 sic
1107 1440 1205 1478 nos
1235 1439 1539 1495 omnesque
1573 1428 1671 1497 qui
1704 1428 1885 1483 nobis-

321 1522 444 1561 eum
500 1519 646 1573 sunt,
699 1513 1163 1580 quemadmodum
1218 1517 1582 1585 subiecimus,
1643 1521 1890 1573 credere.

321 1598 606 1654 Credimus
651 1601 704 1655 in
741 1618 910 1656 unum
962 1605 1128 1659 Deum
1165 1608 1382 1663 Patrem
1416 1610 1890 1678 omnipotentem;

320 1699 376 1742 et
410 1690 462 1743 in
526 1691 814 1747 Dominum
863 1693 1047 1750 Jesum
1083 1696 1363 1752 Christum
1413 1700 1608 1754 Filiutn
1653 1702 1798 1770 ejus,
1827 1718 1892 1756 ex

234 1834 244 1845 ,
320 1795 386 1831 eo
411 1790 536 1834 ante
564 1784 743 1837 omnia
773 1787 969 1840 saecula
992 1803 1024 1857 ε
1044 1790 1257 1854 -nituut,
1286 1792 1454 1844 Deum
1488 1792 1754 1858 Verbum,
1788 1808 1889 1859 per

322 1885 485 1935 quem
525 1876 706 1929 omnia
739 1874 880 1931 facta
922 1888 1070 1941 sunt,
1110 1896 1231 1948 qua:
1276 1883 1358 1935 vel
1415 1883 1469 1935 in
1503 1883 1664 1944 casio,
1699 1884 1782 1937 vel
1836 1885 1889 1937 in

326 1973 470 2015 terra
506 1975 656 2025 sunt.
705 1969 796 2035 qui
844 1971 1015 2033 venit,
1051 1981 1108 2025 ct
1156 1988 1377 2028 carnem
1426 1976 1743 2045 assumpsit,
1796 1977 1890 2045 qui

326 2068 517 2119 passus
554 2066 638 2110 est
681 2070 736 2114 et
770 2066 1108 2128 resurrexit;
1144 2066 1237 2133 qui
1275 2067 1525 2122 ascendit
1571 2068 1627 2121 in
1684 2070 1850 2122 coelo:
1874 2108 1890 2134 ,

325 2150 380 2195 et
435 2160 652 2200 rursum
702 2152 884 2207 veniet
929 2155 1279 2223 judicaturus
1318 2161 1473 2214 vivos
1507 2169 1562 2213 et
1611 2153 1889 2224 moi-tuos;

325 2243 379 2284 et
444 2236 496 2289 in
555 2237 818 2305 Spiritum
875 2252 1148 2310 sanctum,
1203 2260 1255 2302 et
1309 2249 1360 2303 in
1397 2253 1578 2305 carnis
1615 2268 1895 2306 resurrec-

327 2325 564 2393 tionem,
616 2340 672 2384 et
727 2333 783 2386 in
834 2335 1000 2389 vitam
1061 2341 1277 2394 venturi
1344 2340 1569 2405 saeculi,
1621 2355 1677 2397 et
1713 2346 1765 2397 in
1809 2362 1896 2399 re-

327 2433 492 2484 gnum
543 2421 806 2479 calorum
846 2444 856 2478 :
895 2438 950 2481 et
991 2428 1046 2483 in
1098 2448 1261 2485 unam
1309 2434 1609 2489 Eeclesiam
1660 2439 1895 2491 catholi-

329 2523 447 2562 cam
481 2510 596 2577 Dei,
634 2530 755 2582 quae
786 2531 817 2572 a
852 2518 1051 2575 ﬁnibus
1080 2524 1143 2575 ad
1188 2524 1322 2578 fines
1370 2527 1559 2581 mundi
1610 2538 1714 2584 est.
1745 2528 1895 2586 Hanc

328 2615 459 2653 vero
487 2602 612 2658 lidei
650 2611 1058 2673 persuasionem
1088 2628 1153 2666 ex
1180 2617 1382 2671 sanctis
1407 2618 1714 2687 Evangeliis
1742 2636 1899 2676 acce-

330 2693 528 2758 pimus,
547 2696 764 2754 dicente
785 2700 1011 2757 Domino
1032 2706 1313 2775 discipulis
1337 2710 1485 2763 suis:
1507 2711 1704 2765 Euntes
1722 2714 1897 2768 docete

328 2800 508 2839 omnes
560 2800 770 2857 gentes,
830 2793 1154 2862 baptizantes
1216 2814 1302 2851 eos
1344 2801 1397 2854 in
1454 2818 1642 2855 nomen
1697 2801 1892 2867 Patris,

329 2886 377 2927 et
405 2875 551 2945 Filii,
586 2889 635 2932 et
671 2880 898 2950 Spiritus
934 2891 1105 2941 sancti
1130 2893 1170 2943 ³.
1203 2890 1364 2961 645
1405 2892 1560 2957 Quod
1595 2894 1639 2947 si
1668 2910 1773 2948 non
1820 2898 1894 2950 ita

329 2970 624 3035 credimus,
658 2985 712 3029 et
739 2992 865 3030 vere
899 2979 1194 3048 recipimus
1234 2982 1469 3044 Patrem,
1505 2992 1560 3037 et
1588 2982 1805 3045 Filium,
1842 2996 1896 3041 et

330 3060 595 3129 Spiritum
619 3078 891 3134 sanctum,
925 3070 1086 3124 sicuti
1116 3082 1310 3126 cuncta
1335 3075 1606 3129 catholica
1630 3076 1893 3142 Ecclesia,

1527 399 1944 461 NICEPHORI
1987 402 2333 464 CALLI-STI

318 513 609 568 sententiis
631 511 960 583 quibusdam
995 512 1341 568 inveniendis
1378 514 1639 578 inierant,
1675 513 1883 581 simpli-

2001 516 2178 583 ἑτέραν
2236 517 2560 584 ῠφάναντες,

3452 389 3563 455 188

2627 515 2777 585 ὅρκῳ
2829 509 3188 569 διεδεδαίουν,
3244 502 3279 576 ἦ
3314 504 3420 576 μὴν
3449 498 3563 558 ὧδε

1988 606 2268 659 πιστεύειν
2303 608 2396 659 καὶ
2425 607 2565 659 κατὰ
2594 605 2721 658 νοῦν
2772 603 2947 657 ταῦτα
2999 602 3242 671 φρονεῖν,
3267 600 3361 650 καὶ
3384 598 3564 666 μηδὲν

1985 696 2171 761 ἕτερόν
2205 714 2333 749 ποτε
2369 698 2640 761 ἐννοῆσαι.
2695 694 2768 749 Τὸ
2810 693 2866 746 δὲ
2898 691 3134 762 γράμμα
3180 683 3282 743 ὧδέ
3310 706 3426 749 πως
3458 688 3565 741 ἐπὶ

1987 787 2185 849 λέξεως
2213 785 2327 855 εἶχε
2349 804 2364 819 ·
2421 805 2439 837 ι
2474 787 2563 856 Τῷ
2595 786 2975 854 εὐσεϐεστάτη)
3026 784 3118 835 κα)⁸
3154 779 3566 848 θεοφιλεστάτη)

1989 878 2225 947 δεσπότῃ
2286 878 2444 946 ἡμῶν
2508 877 2721 946 βασιλεί
2778 878 3172 942 Κωνσταντίνῳ
3215 873 3430 940 Ἀρειος
3463 867 3566 921 καὶ

1990 969 2246 1031 Εὲζώῖος.
2305 968 2507 1032 Καθὼς
2550 968 2887 1041 προσέταξεν
2921 968 2952 1036 ἡ
2988 964 3245 1031 θεοφιλής
3280 979 3374 1014 σου
3399 960 3567 1013 εὗσέ·

1991 1061 2135 1125 ὕεια,
2160 1060 2395 1114 δέσποτα
2426 1060 2670 1127 βασιλεῦ,
2721 1058 3049 1129 ὲκτιθὲμεθα
3078 1057 3176 1126 τὴν
3212 1054 3420 1108 ἑαυτῶν
3468 1051 3570 1103 πί-

1993 1170 2111 1205 στιν
2166 1153 2480 1223 ἐγγράφως.
2546 1152 2955 1221 Ὅμολογοῦμεν
2985 1152 3078 1203 ἐπὶ
3124 1150 3258 1202 Θεοῦ
3292 1148 3433 1200 οῦτω
3460 1161 3557 1197 πιυ

1995 1245 2203 1297 στεύειν
2240 1247 2333 1298 καὶ
2372 1247 2525 1297 αὐτοὶ
2566 1246 2660 1297 καὶ
2691 1245 2891 1306 πάντες
2926 1245 2974 1295 oi
3006 1243 3104 1295 σὺν
3142 1244 3294 1310 ἡμῖν,
3321 1241 3397 1302 ὡς
3421 1240 3569 1292 ὑπο-

1994 1337 2269 1389 τέτακται.
2304 1335 2642 1405 Πιστεύομεν
2685 1340 2763 1389 εἰς
2793 1337 2887 1388 ἕνα
2927 1336 3062 1387 Θεὸν
3096 1333 3315 1401 Πατέρα
3358 1345 3569 1382 παντο-

1995 1426 2274 1496 κράτορα’
2312 1428 2408 1480 καὶ
2438 1429 2517 1490 εἰς
2548 1429 2752 1499 Κύριον
2797 1424 3005 1495 Ἰησοῦν
3039 1426 3273 1495 Χριστὶν
3308 1420 3402 1474 τὸν
3431 1420 3568 1473 Υίὸν

1995 1516 2185 1583 αὐτοῦ,
2218 1519 2309 1569 τὸν
2342 1517 2399 1581 ἐξ
2420 1517 2589 1571 αὐτοῦ
2614 1520 2718 1587 πρὸ
2748 1520 2966 1570 πάντων
2991 1516 3102 1568 τῶν
3132 1513 3343 1566 αἰώνων
3360 1528 3566 1593 ⁵γεγεν-

1996 1609 2195 1678 ημένον
2225 1609 2360 1662 Θεὸν
2395 1610 2587 1677 Λόγον,
2624 1610 2691 1661 δι’
2715 1608 2776 1662 οὗ
2802 1610 2869 1661 τὰ
2905 1609 3082 1662 πάντα
3113 1606 3354 1672 ἐγένετο,
3398 1604 3466 1656 τά
3496 1618 3563 1654 τε

1997 1703 2055 1753 ὲν
2080 1699 2292 1770 οὐρανῷ
2315 1700 2407 1753 καὶ
2437 1701 2501 1752 τὰ
2524 1700 2617 1752 ἐπὶ
2637 1701 2735 1767 τῆς
2763 1695 2885 1769 γῆς’
2911 1699 3001 1750 τὸν
3023 1697 3245 1749 ἐλθόντα
3266 1697 3358 1748 καὶ
3385 1692 3567 1761 σάρκα.

1998 1791 2355 1855 ἀναλαϐόντα,
2384 1793 2481 1842 καὶ
2509 1792 2770 1853 παθόντα,
2799 1791 2896 1842 καὶ
2928 1790 3261 1851 ἀναστάντα,
3292 1787 3383 1838 καὶ
3404 1785 3569 1837 ἀνελ-

1996 1880 2157 1933 θόντα
2216 1881 2295 1941 είς
2341 1880 2471 1940 τοὺς
2528 1878 2831 1946 οὐρανούς’
2894 1878 2986 1929 καὶ
3037 1876 3203 1928 πάλιν
3264 1874 3567 1943 ἐρχόμενον

1995 1972 2179 2038 κρῖναι
2214 1970 2422 2035 ζῶντας
2459 1971 2558 2022 καὶ
2579 1970 2813 2038 νεκρούς
2832 1987 2848 2002 ο
2888 1969 2981 2021 καὶ
3011 1970 3088 2030 εἰς
3115 1968 3269 2035 ἅγιον
3299 1965 3524 2034 Πνεῦμα.
3545 1979 3563 1994 ·

1998 2064 2091 2115 καὶ
2114 2065 2193 2124 εἰς
2231 2062 2435 2131 σαρκὸς
2488 2064 2826 2116 ἀνάστασινο
2877 2062 2975 2113 καὶ
3010 2062 3087 2123 είς
3121 2059 3266 2129 ζωὴν
3305 2056 3397 2111 τοῦ
3432 2056 3566 2125 μὲλ-

1994 2154 2176 2214 λοντος
2211 2152 2406 2215 αίῶνος
2428 2167 2442 2183 ⁸
2480 2154 2575 2207 καὶ
2620 2154 2701 2215 είς
2738 2150 3018 2221 βασιλείαν
3041 2149 3287 2217 οὐρανῶν
3310 2165 3324 2179 ’
3356 2149 3452 2202 καὶ
3484 2148 3567 2209 είς

2002 2247 2128 2315 μίαν
2154 2245 2490 2313 Ἐκκλησίαν
2537 2243 2838 2313 καθολικὴν
2870 2243 2963 2294 τοῦ
3000 2240 3159 2303 Θεοῦ,
3207 2241 3308 2310 τὴν
3340 2240 3446 2293 ἀπὸ
3469 2256 3571 2290 πε-

2000 2337 2175 2405 ράτων
2202 2336 2306 2397 ἕως
2328 2335 2603 2403 περάτων.
2631 2334 2851 2402 Ταύτην
2884 2332 2940 2385 δὲ
2967 2331 3066 2399 τὴν
3090 2331 3283 2387 πίστιν»
3306 2328 3571 2398 adpetiti;-

1998 2443 2179 2499 φαμεν
2204 2428 2267 2478 ἐκ
2292 2427 2402 2477 τῶν
2446 2426 2618 2492 ἀγίων
2650 2424 3017 2491 Εὑαγγελίων,
3049 2423 3298 2489 λέγοντος
3325 2421 3417 2472 τοῦ
3449 2421 3569 2471 Κυ-

2000 2520 2119 2588 ρίου
2172 2521 2285 2577 τοῖς
2341 2517 2538 2570 ἑαυτοῦ
2583 2519 2894 2586 μαθηταῖς⁶
2955 2513 3354 2582 Πορευθέντες
3379 2512 3573 2579 μαθησ

1996 2611 2246 2661 τεύσατε
2305 2608 2503 2661 πάντα
2561 2607 2631 2660 τὰ
2678 2607 2843 2671 ἔθνη,
2897 2604 3287 2669 βαπτίζοντες
3344 2600 3572 2665 αὐτοὺς

1997 2703 2082 2765 εις
2126 2701 2187 2753 τὸ
2250 2700 2439 2767 ὄνομα
2502 2699 2605 2753 τοῦ
2637 2699 2860 2765 Πατρός
2898 2697 2995 2751 καὶ
3027 2696 3134 2750 τοῦ
3165 2693 3298 2748 Υίοῦ
3328 2692 3426 2746 καί
3461 2692 3571 2745 τοῦ

1998 2793 2171 2861 ἁγίου
2217 2794 2582 2859 Πνεύματος.
2642 2793 2702 2843 Εί
2735 2792 2791 2844 δὲ
2833 2791 2906 2860 μὴ
2935 2790 3108 2842 ταῦτα
3140 2788 3284 2842 οὕτω
3318 2785 3573 2840 morsic-

2002 2902 2119 2952 μεν,
2158 2885 2255 2937 καὶ
2285 2884 2668 2954 ἀποδεχόμεθα
2694 2883 2907 2952 ἀληθῶς
2945 2883 3161 2949 Πατέρα
3192 2882 3288 2934 καὶ
3314 2880 3445 2933 Υίὸν
3470 2879 3572 2931 καὶ

2002 2978 2154 3043 ἅγιον
2193 2975 2437 3044 Πνεῦμα,
2476 2976 2550 3039 ὡς
2584 2978 2792 3047 πᾶσαή
2821 2976 3086 3044 καθολικὴ
3127 2974 3431 3044 Ἐκκλησία
3473 2972 3573 3024 καὶ

1999 3065 2154 3133 ἅγιαι
2190 3068 2407 3134 Γραφαὶ
2427 3068 2792 3129 διδάσκουσιν,
2825 3067 2900 3127 ὡς
2929 3067 3069 3121 κατά
3100 3066 3278 3119 πάντα
3313 3062 3573 3117 πιστεύο-

327 3164 384 3207 et
416 3165 617 3208 sanctae
646 3158 942 3227 Scriptura;
966 3161 1188 3226 docent,
1241 3180 1340 3232 pro
1369 3180 1436 3218 eo
1464 3174 1630 3234 atque
1663 3168 1891 3223 omnino

2004 3177 2122 3228 μεν,
2183 3160 2375 3228 κριτὴς
2406 3159 2565 3230 ἡμῶν
2617 3158 2770 3213 ἔσται
2816 3161 2844 3211 ό
2869 3158 3003 3220 Θεὸς
3045 3156 3143 3211 καὶ
3176 3155 3271 3209 νῦν
3300 3154 3392 3208 καὶ
3418 3157 3475 3207 ὲν
3503 3155 3571 3222 τῇ

330 3260 650 3312 persuasum
697 3250 983 3314 habemus,
1038 3253 1203 3322 judex
1255 3264 1441 3307 noster
1475 3256 1579 3309 erit
1632 3258 1793 3321 Deus,
1840 3268 1896 3312 et

328 3350 481 3389 nunc
512 3346 569 3391 et
599 3341 652 3390 in
682 3355 911 3395 venturo
941 3342 1035 3396 illo
1066 3343 1174 3398 die.
1209 3342 1397 3413 Itaque
1422 3346 1682 3412 pietatem
1722 3357 1894 3411 tuam,

332 3429 440 3482 Deo
473 3429 829 3488 dilectissime
864 3434 1163 3503 imperator
1197 3449 1406 3501 noster,
1428 3440 1811 3504 cohortamur,
1840 3450 1899 3495 ut

331 3536 451 3584 nos,
493 3525 585 3591 qui
610 3525 966 3579 ecclesiastici
995 3542 1203 3591 sumus.
1261 3529 1533 3600 [idemque
1568 3541 1625 3586 et
1677 3542 1897 3587 senten-

333 3613 462 3666 tiam
527 3616 782 3670 Ecclesiae
827 3626 883 3671 ct
917 3633 1197 3674 sacrarum
1233 3620 1643 3691 Seriptnrarum
1679 3623 1898 3679 obtine-

331 3717 474 3763 mus,
525 3718 625 3772 per
672 3705 950 3772 paciﬁcam
1000 3716 1056 3760 et
1116 3708 1357 3763 divinam
1410 3712 1663 3779 pietatem
1727 3722 1898 3779 tuam,

333 3795 514 3858 matri,
566 3795 821 3852 videlicet
861 3799 1137 3862 Ecclesiae,
1185 3802 1343 3858 unias
1372 3813 1536 3873 atque
1566 3806 1890 3876 conjungas,

333 3887 751 3953 quaestionibus,
808 3899 864 3944 et
912 3907 1031 3961 qua:
1077 3907 1145 3946 ex
1192 3897 1588 3962 questionibus
1646 3899 1905 3977 oriuntur

334 3977 648 4045 superﬂuis,
681 3988 738 4033 et
762 3980 829 4033 ad
868 3996 981 4036 rem
1025 3998 1132 4036 non
1167 3987 1572 4053 pertinentibus
1597 3989 1782 4042 verbis
1813 4003 1904 4042 ac-

335 4067 467 4122 cisis
506 4087 519 4123 :
555 4078 613 4123 ut
649 4080 704 4125 et
758 4088 860 4128 nos
914 4083 971 4128 et
1027 4074 1272 4131 Ecclesia
1320 4093 1419 4146 per
1466 4079 1901 4147 pacificationem

334 4160 482 4215 inter
507 4176 608 4217 nos
635 4165 933 4230 conciliati,
976 4167 1165 4221 solitas
1213 4183 1406 4237 preces
1447 4183 1549 4239 pro
1594 4171 1821 4239 pacilico
1847 4181 1904 4225 et

334 4251 429 4320 pio
457 4252 710 4321 imperio,
733 4264 951 4325 totaque
984 4257 1188 4312 familia
1214 4268 1305 4312 tua
1325 4262 1693 4313 communiter
1712 4250 1903 4314 omnes

337 4356 680 4411 peragamus.
703 4362 721 4394 ι
746 4345 862 4399 Hoc
890 4345 1153 4415 scriptum
1186 4348 1436 4402 nonnulli
1457 4348 1721 4403 insidiose
1750 4366 1902 4405 com-

339 4438 575 4503 positum
636 4435 915 4491 dicebant.
977 4438 1106 4492 Illos
1158 4453 1398 4507 namque
1450 4440 1633 4495 verbis
1680 4442 1901 4512 quidem
1933 4478 1982 4537 θ

337 4531 595 4585 livelesize
638 4530 941 4598 conciliari,
993 4530 1355 4588 nihilominus
1398 4542 1576 4588 tamen
1629 4538 1904 4605 prioribus

336 4621 691 4690 opmionibus
719 4623 833 4677 suis
860 4624 1155 4690 inhzerere,
1185 4625 1480 4678 verborum
1530 4626 1773 4695 ipsorum
1821 4630 1897 4683 si-

288 4740 309 4753 κ
337 4715 686 4783 gnilicatione
709 4714 762 4767 id
793 4714 927 4768 satis
950 4715 1285 4775 declarante,
1327 4716 1580 4784 ambigue
1610 4717 1664 4770 in
1698 4728 1908 4773 utram-

337 4819 444 4873 que
484 4814 693 4873 partem
717 4805 1119 4871 iuclinantium,
1151 4815 1207 4861 et
1241 4806 1308 4860 ad
1340 4807 1639 4875 ancipitem
1677 4823 1900 4865 sensum

336 4901 703 4969 vergentium.
767 4899 1070 4969 Imperator
1156 4912 1338 4955 autem
1416 4903 1736 4958 existimans
1810 4920 1907 4961 eos

337 4990 574 5047 Nic-amis
610 4993 849 5048 decretis
898 4993 1188 5056 assentire,
1236 5009 1400 5062 supra
1454 4995 1676 5049 modum
1719 4997 1906 5051 lzetitia

340 5080 698 5138 efferebatur.
746 5082 1135 5136 Verumtamen
1166 5091 1293 5136 aute
1322 5083 1620 5153 legitimam
1646 5126 1660 5146 ,
1689 5101 1791 5156 pro
1821 5101 1910 5141 re-

340 5182 502 5241 repto
552 5186 746 5237 more,
795 5171 1225 5241 explorationem
1280 5183 1445 5244 atque
1497 5176 1908 5245 inquisitionem

339 5276 532 5315 eorum
563 5262 657 5330 qui
683 5276 952 5316 summam
974 5262 1054 5315 rei
1078 5262 1460 5318 ecclesiastica
1488 5265 1769 5327 tenebant,
1800 5267 1908 5321 sibi

339 5353 445 5409 hoc
472 5367 579 5407 non
606 5352 860 5423 sumpsit,
892 5363 953 5408 ut
976 5354 1098 5409 illos
1130 5353 1197 5408 ad
1233 5356 1669 5411 communionem
1708 5358 1910 5411 admit-

340 5454 480 5500 teret
508 5444 636 5500 :sed
660 5446 808 5514 ipsos
833 5447 924 5516 qui
953 5457 1064 5499 tum
1096 5446 1485 5518 Hierosolymis
1509 5462 1904 5515 convenerant,

336 5536 624 5606 episcopos
655 5537 825 5603 misit,
857 5536 1063 5608 quibus
1094 5538 1444 5610 signiﬁcavit,
1467 5548 1527 5597 ut
1551 5557 1748 5598 novam
1782 5543 1908 5599 illo-

415 5675 431 5704 ¹
472 5673 665 5731 Matth.
702 5692 899 5739 xxvnt,
944 5678 1030 5733 19.

412 5812 488 5885 (ι)
521 5794 912 5874 Determinatio
941 5817 1158 5876 concilii
1193 5819 1242 5888 7,
1274 5835 1394 5889 cap.
1426 5819 1505 5873 l7.

2003 3250 2271 3320 μελλούσῃ
2304 3251 2508 3320 ἡμέρᾳ.
2535 3249 2628 3302 Διὸ
2666 3248 3095 3319 παρακαλοῦμεν
3141 3246 3236 3300 σοῦ
3278 3246 3375 3315 τὴν
3406 3247 3565 3298 εὐσέ-

2002 3340 2175 3402 ϐειαν,
2207 3340 2592 3408 θεοφιλέστατε
2616 3342 2775 3410 ἡμῶν
2809 3339 3051 3410 βασιλεῦ,
3084 3335 3573 3408 ἐκκλησιαστικοὺς

2000 3432 2146 3499 ἡμᾶς
2176 3430 2355 3493 ὄντας,
2415 3430 2512 3483 καὶ
2576 3429 2674 3500 τὴν
2729 3431 2920 3483 πίστιν
2950 3430 3045 3482 καὶ
3090 3430 3151 3481 τὸ
3180 3428 3437 3496 φρόνημα
3475 3426 3574 3493 τῆς

2014 3521 2340 3589 Ἐκκλησίας
2373 3522 2467 3573 καὶ⁸
2513 3520 2623 3573 τῶν
2650 3519 2821 3589 ἀγίων
2871 3519 3107 3590 Γραφῶν
3140 3516 3386 3587 ἔχοντας,
3420 3516 3576 3569 ένοῦ-

2003 3611 2128 3662 σθαι
2178 3615 2326 3681 ἡμᾶς
2376 3613 2463 3666 διὰ
2493 3615 2592 3681 τῆς
2620 3611 2967 3683 εἰρηνοποιοῦ
3002 3628 3096 3665 σου
3134 3611 3232 3664 καὶ
3280 3607 3577 3668 θεοσεϐοῦς

2001 3702 2286 3765 εὐσεϐείας
2314 3706 2379 3773 τῇ
2417 3705 2587 3773 μητρὶ
2634 3705 2815 3772 ἡμῶν,
2877 3705 2943 3772 τῇ
2994 3700 3289 3770 Ἐκκλησία
3343 3699 3574 3769 δηλαδὴ.

2002 3794 2435 3863 περιῃρημένων
2469 3793 2579 3847 τῶν
2605 3792 2959 3862 ζητημάτων,
2989 3793 3084 3845 καὶ
3109 3793 3217 3844 τῶν
3238 3794 3303 3844 ὲκ
3332 3791 3440 3842 τῶν
3480 3790 3578 3855 ζησ-

2002 3885 2265 3952 τημάτων
2302 3887 2770 3955 περισσολογιῡινξ
2809 3887 2897 3939 ἵνα
2941 3886 3036 3939 καὶ
3070 3887 3230 3955 ἡμεῖς
3250 3884 3343 3938 καὶ
3375 3886 3407 3954 ή
3454 3884 3579 3935 Ἐκ-

2003 3977 2202 4048 κλησία
2258 3979 2377 4046 μετ’
2435 3979 2678 4050 ἀλλήλων
2737 3979 3111 4049 εἰρηνεύοντες
3171 3978 3277 4041 τὰς
3323 3974 3580 4047 συνήθεις

2004 4072 2168 4139 εὐχὰς
2200 4072 2341 4142 ὑπὲρ
2372 4072 2474 4139 τῆς
2534 4073 2821 4142 εἰρηνικῆς
2877 4089 2973 4126 σου
3004 4072 3098 4125 καὶ
3125 4069 3386 4132 εὐσεϐοῦς
3421 4069 3577 4138 βασι-

2003 4159 2148 4218 λείας
2180 4164 2276 4215 καὶ
2308 4162 2506 4226 παντὸς
2533 4148 2628 4216 τοῦ
2661 4169 2850 4231 γένους
2877 4180 2971 4216 σου
3002 4165 3157 4233 κοινῇ
3185 4162 3385 4225 πάντες
3411 4163 3581 4214 ποιώ-

2008 4254 2169 4322 μεθα.
2203 4272 2222 4304 ι
2259 4252 2370 4324 Τὴν
2425 4255 2524 4323 μὲν
2563 4254 2656 4307 οὖν
2720 4255 2939 4326 γραφὴν
2964 4256 3172 4325 ταύτην
3200 4253 3342 4316 τινὲς
3385 4253 3581 4316 δολίως

2008 4344 2328 4414 συγκεῖσθαι
2359 4342 2547 4412 ελεγον
2573 4361 2587 4377 ο
2617 4347 2711 4399 καὶ
2736 4347 3077 4401 διαλλάσσειν
3109 4345 3208 4415 μὲν
3235 4349 3347 4408 τοῖς
3370 4347 3576 4416 ῥητοῖς,

2008 4434 2390 4505 συμφέρεσθαι
2423 4435 2469 4487 δ’
2498 4438 2645 4506 ὅμως
2669 4440 2784 4499 τοῖς
2818 4438 3085 4509 πρότερον
3119 4438 3315 4507 ἐκείνῳ
3366 4437 3578 4504 δόξασι,

2010 4528 2149 4580 κατά
2174 4529 2271 4597 τὴν
2300 4526 2407 4580 τῶν
2434 4528 2718 4596 ὀνομάτων
2774 4530 3054 4598 σημασίαν
3078 4547 3093 4564 ·
3135 4529 3230 4583 ἅτε
3253 4529 3367 4600 δῆτ’
3391 4531 3581 4598 ἐπαμ-

2012 4620 2423 4690 φοτεριςόντων,
2487 4623 2579 4673 καὶ
2646 4621 2781 4690 πρὸς
2838 4622 3113 4691 ἑκατέραν
3141 4624 3406 4675 νευόντων
3463 4622 3584 4675 διὰ-

2009 4728 2181 4767 νοιαν.
2226 4712 2285 4765 Ὀ
2327 4712 2384 4765 δὲ
2448 4713 2707 4782 βασιλεὺς
2759 4715 3123 4784 λογισάμενος
3172 4715 3367 4786 ἐπίσης
3395 4715 3582 4779 αὐτοῖς

2009 4808 2121 4867 τοῖς
2157 4806 2298 4858 κατὰ
2320 4806 2561 4859 Νίκαιαν
2591 4805 2938 4876 δεδογμένοις
2992 4812 3247 4877 στοιχείν,
3286 4810 3595 4878 ὑπερφυῶς.

2009 4896 2187 4967 ἥδετο.
2214 4898 2288 4950 Οὐ
2328 4898 2434 4967 μήν
2474 4914 2540 4966 γε
2569 4904 2675 4967 πρὸ
2703 4898 2805 4968 τῆς
2834 4900 3067 4971 νομίμου
3112 4901 3433 4971 δοκιμασίας
3468 4902 3581 4953 τῶν

2010 4989 2217 5058 κυρίων
2268 4988 2368 5057 τῆς
2414 4988 2747 5057 Ἐκκλησίας
2781 4994 2923 5045 κατά
2951 4993 3011 5045 τὸ
3043 4993 3424 5062 ἐπικρατῆσαν
3456 4992 3582 5054 ἔθος

2012 5080 2191 5147 ἑαυτῷ
2251 5081 2519 5150 ἐπέτρεπε
2577 5086 2676 5151 τὴν
2733 5083 2833 5153 τῆς
2869 5085 3154 5147 κοινωνίας
3219 5085 3580 5154 παραδοχὴν·

2012 5171 2235 5242 πέμψας
2272 5172 2329 5224 δὲ
2360 5173 2558 5235 αὐτοὺς
2587 5174 2728 5243 πρὸς
2759 5177 2885 5238 τοὺς
2932 5178 3186 5241 τηνικάδε
3230 5179 3310 5241 εἰς
3352 5179 3585 5247 Ἰεροσό-

2012 5264 2159 5332 λυμα
2187 5263 2582 5341 ἡθροισμένους
2619 5266 2979 5331 ἐπισκόπους,
3034 5267 3175 5322 ὥστε
3207 5270 3306 5343 τὴν
3352 5269 3584 5323 ἐκείνων

2017 5358 2146 5408 νέαν
2195 5354 2411 5408 ἔκθεσιν
2441 5358 2776 5426 τηρηθῆναι,
2813 5360 3034 5429 ἐδήλου·
3067 5362 3162 5415 καὶ
3197 5361 3584 5431 φιλάνθρωπον

2014 5449 2070 5502 δὲ
2112 5448 2347 5501 κατιδεῖν
2371 5450 2639 5515 ἐκέλευεν,
2698 5450 2811 5503 εἴτε
2843 5451 3018 5521 ὀρθῶς
3046 5452 3361 5519 δοξάζοντες
3398 5453 3585 5525 φθόνῳ

2014 5544 2115 5613 τὴν
2146 5540 2438 5612 ἐπιϐουλὴν
2462 5541 2642 5613 ἔσχον,
2670 5543 2786 5597 εἴτε
2814 5544 2875 5598 οὐ
2900 5545 3082 5609 καλῶς
3115 5545 3442 5616 φρονοῦντες
3468 5549 3585 5609 τοῖς
