3928 6538
439 371 535 438 191

1652 393 2070 456 NICEPHORI
2112 399 2456 462 CALLlSTl

3579 402 3684 467 192

428 492 807 562 arripuerunt.
848 496 1014 551 Erant
1064 508 1246 555 autem
1281 504 1373 572 qui
1408 514 1597 560 contra
1631 519 1878 563 sanctum
1910 509 1985 562 vi-

2097 513 2194 575 νὰς
2220 515 2470 584 χρήμασι
2510 516 2832 586 κλέψαντες,
2865 519 3198 589 κατηγορεῖν
3230 517 3680 588 παρεσκεύασαν-

429 598 548 636 rum
575 585 1022 654 conspiraverant
1057 607 1068 642 :
1096 592 1369 648 Eusebius
1397 597 1730 652 Nicomediae
1757 641 1769 663 ,
1807 600 1991 654 Theo-

428 659 549 740 gnis
565 671 780 740 Nicm,
802 677 960 757 Maris
976 679 1359 746 Chalcedonis,
1386 685 1626 740 Ursicius
1649 659 1986 758 Singidonis.

426 763 723 819 Pannonize
757 756 1078 836 superioris.
1107 782 1157 826 et
1192 773 1388 829 Valens
1414 775 1742 844 Mursorum,
1774 779 1993 834 Panno-

427 859 533 908 niae
562 858 820 926 episcopi.
852 861 1016 931 647
1042 861 1178 917 Cum
1212 882 1341 919 vero
1375 883 1480 921 non
1513 871 1646 924 satis
1685 875 1993 928 occasionis

429 944 699 1000 haberent
743 949 808 1001 ad
867 962 1066 1006 tantam
1129 955 1500 1023 calumniam,
1571 976 1634 1015 ex
1699 961 1992 1020 Melitianis

427 1039 692 1103 quosdam
745 1053 1090 1098 accusatores
1150 1047 1270 1114 ejus
1321 1052 1553 1117 pecunia
1595 1054 1731 1107 clam
1780 1059 1992 1111 condu-

429 1137 546 1177 ctos
602 1129 1008 1196 subornaruut.
1041 1136 1116 1189 Ac
1171 1139 1397 1206 primam
1477 1147 1619 1212 apud
1689 1149 1987 1213 im;'-crato-

428 1232 562 1276 rem,
623 1219 847 1274 Essionc
885 1226 994 1290 (l),
1056 1228 1398 1289 lﬁmlzemone.
1435 1243 1487 1286 et
1533 1234 1829 1301 Callinico.
1865 1242 1994 1297 Me-

429 1307 632 1364 litianis
682 1313 956 1383 episcopis
1002 1319 1464 1378 calumniantibus
1494 1365 1507 1387 ,
1564 1330 1708 1382 illam
1768 1347 1994 1387 accusa-

425 1398 623 1454 tionem
650 1406 928 1469 sustinuit,
958 1409 1102 1476 quod
1131 1409 1362 1482 {Egypto
1394 1415 1590 1472 lineam
1623 1429 1825 1474 vestem
1860 1423 1992 1478 Ale-

422 1490 703 1547 xandrinae
735 1493 988 1551 Ecclesia:
1023 1503 1368 1566 pendendam
1403 1506 1754 1577 imperasset,
1786 1519 1843 1568 et
1889 1516 1993 1570 tri-

421 1583 613 1638 butum
665 1587 956 1657 exegisset.
1026 1591 1198 1658 Quam
1259 1613 1392 1654 sane
1452 1601 1786 1656 calumniam
1844 1606 1990 1675 apud

422 1669 827 1738 imperatorem.
855 1693 978 1732 cum
1023 1695 1148 1736 eum
1182 1683 1323 1741 forte
1359 1687 1577 1744 fortuna
1613 1689 1694 1760 (2)
1725 1669 1895 1749 aliam‘
1920 1698 1992 1752 ob

421 1775 639 1816 causam
670 1765 999 1824 Nicomedia:
1023 1775 1430 1842 convenissent,
1462 1780 1687 1850 Alypius
1725 1792 1781 1838 et
1813 1785 1990 1841 Maca-

421 1855 537 1908 rius
569 1858 870 1930 presbyteri
896 1860 1083 1917 falsam
1108 1881 1228 1922 esse
1262 1881 1652 1939 coarguerunt.
1693 1875 1992 1946 Imperator
2022 1839 2064 1897 Β

418 1962 552 2018 ergo
569 1951 842 2009 delatores
860 1956 1057 2015 litteris
1079 1963 1785 2027 perstrinxit,Athanasium
1809 1982 1992 2028 autem

421 2041 488 2093 ad
536 2057 594 2097 se
641 2048 914 2102 evocavit.
946 2049 1198 2106 Nondum
1248 2064 1430 2110 autem
1465 2060 1530 2112 ad
1566 2059 1992 2120 Constantinum

420 2143 674 2196 venerat,
704 2151 826 2190 cum
849 2139 898 2191 ei
927 2139 1218 2195 Eusebiani
1251 2144 1398 2198 aliud
1426 2147 1634 2202 crimen
1667 2144 1990 2210 inter'idere:

421 2219 650 2278 insidias
681 2242 808 2280 eum
842 2230 980 2283 clam
1026 2232 1260 2303 principi
1301 2237 1638 2304 tendentem,
1666 2241 1992 2300 Philumena

421 2315 640 2369 euidam
692 2333 874 2376 arcam
922 2338 1057 2377 auro
1092 2325 1349 2382 refertam
1386 2329 1624 2386 misisse.
1662 2332 1834 2398 Quam
1868 2351 1983 2390 rem

421 2406 515 2461 ubi
570 2409 865 2478 imperator
919 2429 1126 2471 meram
1170 2419 1359 2474 itidem
1402 2437 1527 2478 esse
1580 2427 1990 2496 sycophantiam

419 2487 710 2553 manifesto
757 2501 1143 2572 deprehendit,
1180 2509 1233 2563 in
1285 2487 1657 2570 Psammathia
1686 2487 1882 2589 ,-quod
1923 2539 1991 2577 ex

418 2588 700 2645 subnrbiis
746 2593 1079 2652 Nicomedize
1109 2615 1278 2655 unum
1305 2614 1411 2664 est.
1451 2614 1564 2660 tum
1619 2588 1808 2678 agens,
1863 2627 1987 2668 cum

419 2678 629 2748 ingenti
681 2681 889 2738 honore
916 2685 1274 2745 Athanasium
1309 2693 1695 2750 Alexandriam
1732 2704 1938 2758 remisit
1972 2722 1986 2758 :

420 2767 616 2824 litteris
651 2773 812 2836 datis,
841 2776 1044 2843 quibus
1076 2781 1260 2835 omnia
1299 2799 1420 2853 qua:
1448 2787 1500 2840 in
1529 2787 1809 2844 hominem
1842 2793 1988 2849 dicta

417 2857 656 2925 fuerant,
709 2867 970 2922 ementita
1029 2885 1153 2926 esse
1205 2876 1582 2932 ostendebat:
1642 2890 1698 2934 et
1762 2882 1991 2951 insuper

419 2951 847 3021 testificabatur,
879 2960 1280 3028 perhumanum
1320 2981 1447 3020 eum
1477 2985 1540 3024 ac
1569 2981 1720 3026 recte
1751 2974 1987 3029 creden«

2098 605 2209 656 Kal
2242 606 2465 676 πρώτην
2491 609 2751 676 ὑπομένει
2780 611 2999 678 γραφὴν
3029 613 3085 672 ἐς
3115 609 3337 678 βασιλέα
3365 608 3453 662 διὰ
3497 609 3681 662 Ἐσσίο

2095 711 2231 755 ωνος
2256 697 2352 747 καὶ
2380 697 2709 765 Εὐδαίμονος
2731 699 2828 750 καὶ
2849 698 3179 750 Καλλινίκου
3202 696 3543 752 Μελιτιανῶν
3563 699 3685 750 ἑπι-

2099 785 2339 850 σκόπων,
2372 786 2449 849 ὼς
2472 788 2627 856 λινῆν
2653 789 2866 855 ἐσθῆτπ
2885 789 2983 859 τὴν
3010 789 3290 857 Αἴγυπτον
3319 791 3384 857 τῇ
3425 787 3680 852 Ἀλεξαν-

2095 873 2267 944 δρέων
2309 877 2607 950 Ἐκκλησία
2640 880 2816 932 τελεῖν
2858 880 3110 933 κελεύσοι
3139 898 3152 913 ·
3191 881 3284 933 καὶ
3333 880 3425 932 τὸν
3471 879 3682 946 δασμὸν

2095 968 2498 1036 εἰσεπράξατο·
2523 972 2589 1042 ἣν
2629 971 2767 1040 δῆτα
2803 973 3056 1042 διαϐολὴν
3103 976 3168 1026 ἐκ
3204 973 3300 1025 τοῦ
3332 975 3679 1044 παρήκοντος

2096 1060 2234 1112 κατὰ
2268 1061 2640 1131 Νικομήδειαν
2673 1065 2884 1132 βασιλεῖ
2912 1068 3226 1134 ἐντυχόντες
3272 1066 3530 1126 Ἀλύπιος
3584 1067 3682 1118 καὶ

2096 1153 2385 1220 Μακάριος
2417 1156 2464 1206 oi
2487 1156 2870 1225 πρεσϐύτεροι,
2895 1157 2968 1217 ώς
2998 1156 3323 1226 ψευδὴςεῐη.
3360 1155 3679 1225 διήλεγξαν.

2096 1244 2204 1296 Καὶ
2231 1243 2336 1296 τῶν
2361 1245 2460 1309 μὲν
2489 1247 2862 1300 κατειπόντων
2889 1248 3144 1316 βασιλεὺς
3179 1247 3468 1315 καθήψατο
3494 1248 3681 1316 γράμ⁹

2098 1348 2294 1400 μασινο
2346 1334 2662 1389 Ἀθανάσιον
2712 1335 2768 1388 δὲ
2821 1337 2958 1406 πρὸς
3011 1336 3203 1390 ἑαυτὸν
3262 1332 3677 1406 μετεστείλατο.

2095 1420 2264 1474 Οὔπω
2292 1423 2336 1476 δ’
2364 1425 2690 1492 ἀφιγμένος,
2719 1425 2914 1494 ἑτέραν
2945 1426 3152 1494 ὑπέστη
3181 1427 3542 1496 κατηγορίαν,
3565 1426 3679 1478 τῶν

2095 1514 2224 1583 περὶ
2252 1515 2514 1568 Εὐσέϐιον
2540 1517 2938 1578 κατειπόντων,
2961 1518 3038 1580 ὼς
3064 1517 3142 1586 τῷ
3171 1516 3467 1586 κρατοῦντι
3495 1515 3676 1585 λάθρα

2093 1604 2480 1666 ἐπιϐουλεύων,
2513 1605 2826 1677 Φιλουμένῳ
2849 1608 2958 1660 τινὶ
2973 1607 3221 1677 λάρνακα
3251 1607 3460 1675 πέμψοι
3488 1606 3678 1674 πλήρη

2093 1695 2321 1766 χρυσοῦ.
2369 1695 2523 1748 Ἐπεὶ
2552 1696 2597 1748 δ’
2634 1696 2888 1767 ἐφώρασε
2921 1698 3016 1751 καὶ
3049 1697 3255 1766 ταύτην
3285 1697 3500 1766 γυμνὴν
3534 1692 3679 1750 εἶναι

2099 1769 2465 1851 συκοφαντίαν
2487 1789 2514 1840 6
2543 1785 2820 1854 βασιλεὺς,
2848 1788 2906 1840 ὲν
2928 1787 3244 1857 Ψαμμαθίᾳ
3272 1787 3569 1856 διατρίϐων
3597 1787 3678 1855 τῷ

2095 1877 2215 1930 τότε
2240 1893 2254 1907 ο
2279 1878 2649 1949 Νικομηδείας
2675 1879 2732 1932 δὲ
2767 1878 2926 1933 τοῦτο
2959 1880 3282 1948 προάστειον
3307 1897 3322 1912 ο
3356 1881 3496 1949 μετὰ
3525 1877 3680 1931 πλεί-

2095 1985 2226 2040 στης
2272 1973 2441 2040 τιμῆς
2500 1971 2824 2026 Ἀθανάσιον
2861 1973 2956 2025 ἐπὶ
3011 1972 3109 2044 τὴν
3171 1972 3524 2042 Ἀλεξάνδρου
3579 1972 3681 2024 άν-

2093 2059 2332 2130 ἐπεμπε,
2369 2063 2587 2131 γράψας
2616 2063 2690 2123 ώς
2719 2063 2898 2132 ψευδῆ
2935 2063 3090 2131 εὖροι
3119 2063 3298 2116 πάντα
3327 2063 3395 2116 τά
3429 2063 3550 2115 κατ’
3579 2063 3680 2116 αὑ-

2091 2151 2186 2204 τοῦ
2211 2153 2501 2224 εἰρημένα,
2535 2156 2738 2225 πολλήν
2770 2173 2829 2209 τε
2858 2156 3160 2209 ἐπιείκειαν
3187 2155 3334 2225 αὑτῷ
3366 2157 3461 2207 καλ⁵
3489 2155 3678 2207 πίστιν

2091 2241 2257 2314 ὀρθὴν
2303 2246 2626 2316 μαρτυρῶν,
2677 2246 2822 2298 θεῖόν
2866 2263 2924 2298 τε
2976 2241 3332 2316 εἷναιάνδρα,
3364 2244 3562 2314 φθόνου
3613 2261 3676 2296 τε

2091 2333 2254 2404 χάριν
2286 2335 2385 2406 τὴν
2417 2336 2637 2407 γραφὴν
2673 2338 2977 2407 ὑποστῆναι
3005 2353 3018 2367 ·
3048 2337 3204 2390 ἐνθεν
3242 2354 3325 2389 τοι
3359 2337 3452 2386 καὶ
3484 2337 3674 2404 κρείτ-

2089 2441 2198 2478 των
2222 2425 2452 2497 ὸφθῆναι
2480 2427 2587 2480 τῶν
2622 2427 3008 2497 ἐγκλημάτων.
3047 2427 3358 2496 Παρεκάλει
3394 2427 3449 2478 δὲ
3483 2429 3580 2480 καὶ
3611 2425 3675 2476 τὸ

2093 2518 2301 2587 πλῆθος
2343 2521 2418 2589 μὴ
2459 2521 2767 2573 διίστασθαι
2796 2536 2810 2550 ο
2853 2520 3034 2574 σθένει
3072 2521 3129 2573 δὲ
3182 2521 3349 2571 παντὶ
3405 2517 3503 2588 τὴν
3537 2518 3674 2582 ὁμά-

2093 2627 2240 2664 νοιαν
2272 2612 2652 2682 μεταδιώκειν,
2692 2613 2784 2666 καὶ
2809 2613 2944 2682 πρὸς
2974 2611 3104 2666 Θεὸν
3135 2611 3372 2682 άφορᾷν.
3399 2611 3672 2672 Κάκεῖνος

2095 2705 2194 2776 μὲν
2239 2702 2341 2758 ὧδε
2377 2706 2628 2778 γράφων,
2657 2708 2792 2777 πρὸς
2823 2708 3047 2778 εἰρήνην
3089 2707 3270 2760 ἕλκειν
3296 2705 3670 2770 ἐσπούδαζενο

2089 2799 2137 2850 οἱ
2177 2797 2232 2850 δὲ
2278 2798 2344 2850 τὰ
2379 2798 2635 2852 Μελιτίου
2676 2801 2770 2853 καὶ⁷
2829 2800 3042 2871 Ἀρείου
3095 2798 3421 2868 φρονοῦντες
3469 2799 3670 2864 ἑτέρας

2093 2889 2233 2941 κατὰ
2273 2889 2594 2943 Ἀθανασίου
2625 2891 2850 2958 ὕφαινον
2882 2889 3248 2959 κατηγορίας.
3274 2887 3496 2940 Τούτων
3525 2887 3568 2939 δ’
3598 2884 3670 2958 ἦν

2094 2977 2213 3047 μία,
2239 2977 2314 3040 ώς
2344 2979 2605 3047 ποτήριον
2641 2977 2947 3048 συντρίψειε
2979 2977 3240 3046 μυστικὸν
3263 3016 3278 3040 ,
3316 2977 3410 3027 καὶ
3448 2976 3544 3044 τὴν
3590 2977 3670 3028 ἱε-

417 3049 526 3095 tem
567 3044 835 3116 planeque
887 3049 1134 3107 divinum
1184 3070 1306 3111 esse
1357 3058 1558 3124 virum,
1620 3064 1714 3132 qui
1766 3077 1985 3134 propter

2090 3044 2193 3138 ρὰν
2243 3044 2504 3138 ἀνέτρεψε
2533 3044 3110 3138 τράπεζαννίκαί-τινα
3142 3067 3259 3119 θεῖα
3292 3066 3474 3135 βιϐλία
3529 3083 3667 3118 κατ·

417 3133 679 3189 invidiam
703 3140 912 3194 crimen
941 3144 1292 3208 sustinuerit,
1324 3157 1378 3203 et
1403 3152 1657 3219 superior
1686 3163 1864 3210 tamen
1897 3174 1985 3212 ac-

419 3229 764 3258 ηιιρηοη-ζιηω
794 3235 1029 3258 Λημυωε.
1103 3236 1211 3258 run-
1233 3239 1374 3258 ,___.-L
1393 3257 1403 3258 ,
1422 3251 1433 3258 .
1905 3250 1917 3258 .
1949 3249 1961 3258 .

2090 3133 2288 3214 εκαυσε
2315 3176 2328 3191 ·
2375 3133 2627 3231 δεύτερον
2661 3161 2738 3224 δὲ,
2773 3162 2847 3222 ὡς
2887 3159 3164 3231 Ἀρσενίου
3196 3133 3538 3258 τινδίχεῖρα
3567 3157 3670 3258 κο-

419 3229 766 3285 cusatoribus
791 3235 1052 3290 evaserit.
1102 3236 1510 3296 Cohortabatur
1542 3260 1763 3315 quoque
1807 3249 1985 3303 multi-

2091 3252 2220 3318 ψας,
2263 3251 2568 3314 ἐπίσκοπος
2603 3250 2647 3304 δ’
2675 3246 2744 3320 ἦν
2777 3251 2985 3312 ἐκεῖνος
3031 3249 3130 3318 τῆς
3169 3247 3278 3300 τῶν
3316 3247 3670 3300 Μελιτιανῶν

419 3317 689 3385 tudinem,
725 3338 794 3378 ne
845 3325 1158 3394 dissideret,
1194 3331 1289 3384 sed
1343 3335 1522 3388 modis
1550 3338 1809 3393 omnibus
1857 3356 1985 3394 con-

419 3410 656 3440 .sn-.l:..m
696 3425 1103 3440 ηΑ..-,.,.ι-..-.--..
1177 3429 1219 3440 ,ι
1258 3423 1321 3440 n,
1593 3427 1604 3438 .
1747 3438 1754 3440 Α
1827 3432 1838 3440 .

2090 3317 2374 3410 αἱρέσεως,
2409 3341 2522 3409 ἔχοι
2553 3341 2680 3412 παρ’
2701 3317 2896 3410 -ἐαυτῷ
2922 3356 2936 3371 ⁸
2969 3339 3037 3393 δι’
3063 3317 3130 3406 ἧς
3165 3338 3669 3440 τερατείαςὲργά·

373 3413 376 3416 ‘
416 3410 658 3464 cordiam
695 3425 1124 3486 consectaretur,
1169 3429 1226 3475 et
1258 3423 1425 3478 Deum
1457 3427 1782 3496 suspiceret.
1811 3432 1985 3502 Atque

419 3497 510 3534 ἰΙΙο
537 3503 756 3534 nam...“
786 3507 908 3534 ιλιι..
955 3510 1246 3534 -..ζ-ει.-..,1-
1326 3530 1505 3534 -μιμ
1557 3533 1566 3534 ,
1911 3532 1916 3534 Α

2090 3430 2257 3492 Cat-ro.
2293 3432 2402 3484 Καὶ
2430 3430 2521 3482 τὸν
2559 3410 2660 3498 μὲν
2705 3429 2979 3499 Ἀρσὲνιον
3035 3427 3314 3496 ἐπιμελῶς
3331 3425 3670 3534 ’κρύψαντες

419 3497 511 3555 ille
537 3503 756 3569 quidem
785 3507 911 3562 talia
952 3510 1251 3566 scribendo
1277 3553 1291 3576 ,
1326 3530 1512 3583 pacem
1544 3521 1842 3578 conciliare
1875 3532 1985 3579 stu-

2090 3523 2241 3590 παρά
2275 3540 2381 3574 τινι
2429 3497 2791 3592 πρεσϐυτέρῴ
2833 3519 3201 3590 μοναστηρίου
3243 3517 3386 3580 τινὸς
3416 3517 3669 3588 [ἰατρίνῃ

418 3591 600 3648 debat.
655 3595 914 3653 Melitiani
973 3611 1156 3658 autem
1213 3615 1268 3660 et
1344 3609 1526 3664 Ariani
1586 3614 1815 3668 crimina
1884 3617 1987 3672 alia

417 3686 684 3741 adversus
713 3689 1071 3747 Athanasium
1123 3695 1505 3756 instituerunt.
1535 3700 1780 3767 Quorum
1815 3721 1986 3762 unum

418 3783 557 3838 erat,
587 3780 877 3848 mySticum
897 3798 1023 3837 eum
1052 3788 1442 3844 comminuisse
1471 3793 1753 3860 poculum,
1776 3811 1985 3853 sacram

418 3881 661 3921 mensam
686 3873 975 3938 evertisse,
1005 3886 1061 3930 et
1089 3875 1304 3934 divinos
1333 3882 1598 3950 quosdam
1627 3885 1800 3941 libros
1841 3903 1990 3943 com-

419 3955 662 4012 bussisse
693 3976 709 4025 ;
748 3961 980 4017 alterum
1013 3980 1166 4030 vero,
1198 3968 1411 4024 Arsenii
1445 3973 1730 4043 cujusdam
1755 3976 1988 4034 Malitia-

415 4061 613 4102 norum
663 4050 884 4108 haeresis
933 4055 1202 4128 episcopi,
1269 4076 1430 4128 quam
1487 4063 1539 4118 ei
1597 4069 1984 4135 amputaverit,

414 4150 636 4194 manum
695 4157 880 4197 secum
936 4145 1170 4215 habere,
1224 4166 1321 4220 per
1363 4168 1527 4222 quam
1574 4155 1825 4226 prodigia
1858 4159 1988 4212 ede-

414 4237 497 4283 ret
529 4232 630 4300 (3).
665 4234 954 4291 Arsenium
995 4255 1160 4307 porro
1190 4244 1333 4312 apud
1374 4245 1758 4316 presbyterum
1795 4265 1986 4318 quem-

411 4319 537 4375 dam
569 4322 838 4380 Patrinem
870 4330 1093 4384 nomine
1128 4331 1182 4384 in
1219 4334 1555 4388 monasterio
1582 4335 1821 4404 quodam
1857 4354 1983 4395 cum

410 4422 542 4463 cura
567 4420 622 4465 et
655 4411 938 4484 diligentia
965 4419 1325 4488 occultantes,
1363 4421 1703 4479 humanitate
1732 4425 1985 4496 benigni-

2086 3613 2189 3683 τὴν
2234 3613 2446 3683 κλῆσιν,
2481 3615 2664 3667 πᾶσαν
2695 3611 2910 3665 εὑνοιαν
2959 3613 3054 3664 καὶ
3090 3609 3498 3679 φιλοφροσύνην
3535 3610 3670 3659 ἐπεο

2087 3703 2368 3757 δείκνυντο
2392 3705 2567 3775 ἡσυχῆ
2605 3706 2790 3774 μένειν
2820 3705 2912 3757 καὶ
2941 3702 3209 3773 μηδαμῶς
3247 3701 3576 3769 φαίνεσθαι·
3598 3701 3671 3754 τὰ

2087 3792 2143 3845 δὲ
2187 3795 2328 3848 κατὰ
2380 3797 2654 3864 Ἀρσένιον
2683 3795 2778 3848 καὶ
2820 3794 3073 3861 Ἰωάννης
3113 3792 3347 3862 μοναχὸς
3383 3793 3411 3843 6
3456 3791 3674 3862 γραφό-

2091 3902 2252 3954 μενος
2297 3885 2688 3950 συνεσκεύαζε.
2724 3887 2834 3940 Καὶ
2871 3889 2920 3939 οἱ
2955 3885 3055 3954 μὲν
3089 3885 3350 3938 αὐθένται
3382 3884 3483 3950 τῆς
3522 3885 3670 3953 πρά-

2091 3975 2224 4041 ξεως
2253 3977 2481 4032 τοιαῦτα
2501 4024 2504 4026 .
2523 3977 2949 4047 σκευασάμενοι,
2977 3973 3294 4045 ἁπανταχοῦ
3339 3973 3668 4045 περιῄεσαν,

2086 4065 2503 4132 λογοποιοῦντες
2567 4068 2662 4120 καὶ
2717 4067 3068 4137 διασύροντες
3134 4066 3496 4120 Ἀθανάσιον·
3561 4067 3671 4119 ὲπο

2087 4160 2301 4213 ἐκειντο
2341 4160 2386 4212 δ’
2419 4161 2468 4214 οἳ
2504 4160 2711 4230 μᾶλλον
2745 4158 2999 4230 ἀπεχθῶς
3039 4153 3188 4226 εἶχον
3214 4171 3227 4186 ⁶
3267 4159 3362 4210 καὶ
3402 4157 3667 4226 Ἰσχὺρας

2086 4250 2295 4311 ἐκεῖνος
2373 4250 2630 4318 μάλιστα,
2667 4251 2695 4301 6
2730 4251 2788 4301 ὲν
2832 4249 2908 4318 τῷ
2940 4247 3216 4318 Μαρεώτῃ
3250 4245 3349 4306 τὰς
3379 4246 3671 4315 διατριϐὰς

2085 4340 2264 4411 ἔχων·
2309 4341 2464 4412 χώρα
2494 4341 2550 4394 δὲ
2593 4343 2692 4410 τῆς
2733 4339 3141 4408 Ἀλεξανδρείας
3185 4341 3212 4390 ὁ
3243 4339 3572 4408 Μαρεώτης,

2087 4434 2444 4505 παμπληθεῖς
2499 4435 2606 4486 εῖσι
2652 4432 2862 4500 κῶμαι,
2909 4432 2968 4482 ὲν
3002 4426 3088 4492 αἷς
3124 4429 3418 4497 ἐκκλησίαι
3451 4431 3512 4482 τέ
3555 4430 3671 4482 εισι

408 4511 632 4572 tateque
679 4507 829 4562 omni
885 4507 1183 4577 fovebant,
1236 4522 1295 4566 ut
1345 4522 1523 4569 tectus
1581 4515 1654 4570 ibi
1712 4527 1979 4584 maneret,

2090 4525 2281 4578 πολλαὶ
2306 4527 2401 4577 καὶ
2427 4521 2667 4593 μεγάλαι
2689 4521 2767 4590 τῷ
2791 4521 3079 4590 ὲπισκόπῳ
3109 4521 3473 4586 ὑποκείμεναι
3515 4522 3674 4574 Ἀλε-

407 4591 726 4661 neutiquam
779 4594 834 4648 in
890 4598 1166 4666 publicum
1238 4603 1506 4670 prodiret.
1585 4601 1696 4658 Res
1758 4607 1977 4664 Arsenii

356 4726 361 4731 .
410 4677 574 4749 hujus
610 4682 850 4739 Joannes
893 4687 1060 4742 etiam
1110 4691 1415 4746 monachus
1451 4693 1780 4750 criminator
1820 4698 1985 4753 ador-

408 4774 558 4826 navit
586 4775 685 4844 (4).
723 4777 789 4831 Et
815 4788 1070 4836 auctores
1099 4782 1178 4837 rei
1215 4784 1375 4840 istius
1402 4789 1617 4843 teclmis
1649 4789 1980 4862 insidiisque

407 4864 612 4921 talibus
657 4871 924 4938 structis,
961 4874 1166 4943 ubique
1211 4877 1661 4946 obambulabant,
1695 4897 1980 4942 sermones

406 4964 676 5023 serentes,
713 4970 770 5014 et
800 4961 1157 5018 Athanasium
1195 4968 1565 5025 traducentes.
1597 4973 1766 5045 648
1794 4976 1975 5031 Vehe-

407 5048 648 5104 mentius
673 5065 804 5106 vero
835 5051 890 5107 in
936 5067 1064 5110 eum
1107 5056 1314 5112 inimici
1357 5059 1478 5128 ejus
1525 5062 1970 5124 invehebantur:

406 5148 462 5196 et
493 5139 740 5213 lschyras
783 5143 876 5199 ille
921 5147 1177 5212 maxime,
1209 5148 1304 5218 qui
1355 5149 1410 5204 in
1450 5151 1691 5210 Mareote
1733 5156 1972 5222 colebat,

406 5243 528 5298 qua:
575 5235 727 5303 regio
775 5235 1121 5294 Alexandriae
1147 5248 1277 5294 est:
1314 5240 1502 5310 plures
1544 5243 1972 5320 frequentesque

479 5388 557 5459 (l)
589 5389 676 5442 Al.
711 5388 987 5458 Euﬁonem
1021 5388 1248 5446 habent.

478 5459 557 5529 (2)
603 5459 736 5542 Τότε
792 5459 1048 5542 τυχηρῶς
1099 5463 1158 5514 ὲν
1206 5463 1548 5538 Νικομηδεῖς.
1598 5471 1980 5542 τυγχάνοντες.

406 5530 1010 5626 (δίῖ-ἱ’ἒ”²¹.¹.’.ξ¹¹ἒτ’ῖῗἮῗέἱἸΔ
1268 5530 1364 5626 αί
1411 5530 1450 5626 ’.
1522 5530 1536 5626 ξ
1861 5531 1866 5536 ’
1927 5615 1936 5626 .

485 5602 561 5684 (3.)
598 5603 736 5671 Πρὸς
779 5604 1011 5670 μαγείας
1055 5608 1228 5672 τινάς.
1267 5607 1476 5667 Socrat.
1522 5611 1629 5668 hoc
1655 5619 1762 5676 est,
1795 5615 1987 5684 magia:

449 5671 587 5727 ralia

449 5689 587 5727 rana

409 5689 440 5747 9
489 5741 1026 5823 (κιχηαρεσκεύαστο
1063 5748 1118 5801 δὲ
1169 5753 1306 5823 πρὸς
1356 5751 1611 5822 τοιαύτην
1653 5754 1990 5823 κατηγορίαν

424 5814 517 5871 καὶ
576 5811 825 5883 Ἰωάννης
862 5821 1095 5892 μοναχός
1128 5811 1224 5886 τις
1277 5811 1305 5876 ὁ
1350 5811 1720 5894 γραφόμενος.
1773 5811 1990 5881 Sbioul.

2083 4613 2389 4684 ξανδρείας,
2425 4615 2522 4666 καὶ
2553 4614 2620 4682 τῇ
2656 4611 2868 4664 ἐκείνου
2900 4609 3054 4660 πόλει
3086 4609 3161 4672 ὡς
3195 4611 3484 4679 παροικίαι
3513 4610 3669 4678 λογί-

2079 4704 2266 4768 ζονται
2287 4717 2302 4732 ⁸
2328 4704 2386 4755 ὲν
2421 4701 2618 4772 ἐκείνῳ
2641 4701 2821 4754 τοίνυν
2859 4701 3110 4771 Ἰσχύρας
3140 4701 3238 4766 ὢν,
3268 4703 3483 4756 οἴκοθεν
3506 4705 3670 4757 αὑτό-

2081 4814 2250 4866 ματος
2283 4795 2464 4867 ἱερεὺς
2497 4794 2864 4858 άνεδείκνυτο,
2894 4795 3058 4864 ἔργον
3079 4797 3357 4866 τιμωρίας
3383 4798 3669 4852 ἐπέκεινα.

2080 4889 2188 4942 Καὶ
2206 4877 2484 4958 φωραθεὶς
2505 4886 2837 4958 Ἀθανασίῳ,
2863 4888 2986 4939 ἐπεὶ
3011 4887 3148 4956 πρὸς
3175 4889 3428 4953 ἐξέτασιν
3459 4888 3669 4954 ἔκειτο,

2082 4981 2256 5049 φυγάς
2283 4980 2492 5033 ἐκεῖθεν
2520 4981 2832 5049 γενόμενος,
2859 4980 3162 5049 συμϐάλλει
3195 4984 3308 5044 τοῖς
3341 4985 3469 5049 περὶ
3489 4981 3569 5060 ,Εὐ
3581 4983 3671 5033 σέ-

2081 5072 2200 5124 ϐιον
2249 5073 2388 5125 κατὰ
2425 5071 2824 5139 Νικομήδειαν.
2857 5072 2919 5126 Οἱ
2950 5072 3008 5124 δὲ
3045 5073 3123 5142 τῷ
3154 5075 3292 5144 πρὸς
3345 5073 3673 5126 Ἀθανάσιον

2085 5161 2234 5230 μίσει
2261 5155 2349 5214 οἷα
2387 5163 2452 5233 δὴ
2487 5161 2864 5232 πρεσϐύτερον
2890 5163 3143 5233 δέχονται
3165 5179 3177 5192 ·
3212 5164 3590 5234 ὑπεσχημένοι
3621 5164 3672 5216 δ’

2081 5253 2390 5322 ἐπισκοπῆς
2425 5252 2555 5319 ἄξια
2581 5253 2838 5324 τιμῆσαι,
2871 5256 2919 5307 εἰ
2953 5256 3298 5327 κατηγορίαν
3357 5256 3674 5323 Ἀθανασίῳ

2088 5408 2276 5483 lib._t_t,
2302 5422 2424 5476 cap.
2454 5406 2543 5460 23.
2579 5405 2694 5483 Hoc
2735 5415 2844 5483 est,
2881 5406 3164 5483 Institutas
3202 5429 3325 5466 vero
3355 5414 3426 5466 ad
3470 5414 3648 5483 ejuscc

2090 5479 2230 5532 modi
2272 5492 2476 5548 quoque
2521 5477 2940 5564 crimiuatiouem
2991 5490 3064 5533 est
3102 5477 3678 5564 ,ΙοειἸηηεςμιοιξαεΙηιε

2091 5545 2311 5615 quidam
2342 5545 2638 5616 accusator.
2667 5545 2958 5616 Arsenium
2998 5563 3144 5604 nunc
3174 5551 3446 5608 Eusebius
3488 5554 3582 5608 lib.
3612 5569 3676 5616 χ,

2093 5614 2228 5671 dicit
2274 5614 2571 5704 aliquando
2609 5614 2894 5704 Athanasii
2949 5621 3210 5704 lectorem
3264 5623 3455 5704 fuissez
3499 5634 3557 5704 et
3594 5614 3675 5676 ob

2092 5701 2290 5741 noxam
2321 5683 2611 5756 quamdam
2634 5683 3044 5754 castigationem
3071 5693 3305 5746 veritum
3329 5693 3671 5768 profugisse,

2091 5767 2146 5810 et
2181 5757 2425 5812 latuisse.
