3928 6528
238 343 324 409 193
1105 331 1706 394 ΕεριΕδιΑδΤιαίΕ
1747 333 1777 393 I

1884 334 2140 398 TOl’tl/E
2180 339 2326 402 LIB.
2362 338 2531 403 VIII.

3347 305 3448 408 nit

235 453 496 530 συρῤάψοι.
527 449 589 505 τὰ
619 448 890 521 εἰρημένα
930 447 1174 518 εὐχερῶς
1207 447 1576 518 ὲσκαιώρησε.
1613 449 1774 500 Βασι-

1884 450 2086 506 habens
2126 453 2294 519 viros,
2325 454 2381 508 in
2405 454 2608 523 quibus
2648 455 2834 510 multa:
2863 466 2922 512 et
2951 472 3158 527 magna:
3200 467 3328 514 sunt
3353 475 3446 515 ec-

232 546 340 608 ).tb;
373 544 427 597 δὲ
469 539 637 594 ταῦτα
690 537 1026 601 ὲνωτισθεὶς,
1050 535 1128 605 τῷ
1175 538 1420 605 Κήνσορι
1475 538 1770 606 Δαλματίῳ

232 634 471 704 ἀδελφιδῷ
489 649 545 700 γε
566 631 681 682 δντι
705 629 801 684 καὶ
813 631 881 682 τὰ
914 629 1039 682 κατ’
1067 629 1400 698 Ἀντιόχειαν
1430 629 1531 693 τῆς
1566 629 1768 697 Συρίας

231 726 463 789 διέποντι,
492 723 688 790 γράφει
711 721 934 774 δικάσαι
955 722 1046 772 ὲπὶ
1065 721 1178 782 τοίς
1202 721 1324 790 είρη
1334 719 1538 788 μένοις,
1558 720 1654 772 καὶ
1672 718 1771 790 τὴν

231 818 364 887 δίκην
390 815 539 878 ἀξίαν
569 812 1256 883 είσπράξεσθαι.Ἕπεμπε
1289 811 1345 864 δὲ
1386 812 1481 864 καὶ
1512 811 1772 864 Εὑσέϐιον

231 911 312 960 καὶ
345 906 572 972 Θέογνιν,
601 904 675 968 ὼς
710 904 778 956 ἂν
820 905 939 972 μετ’
968 895 1209 972 αὐτῶνὴ
1242 903 1423 971 κρίσις
1453 905 1666 970 γένοιτο
1694 901 1772 971 τῷ

245 999 536 1066 ’Δθανασίῳ.
583 995 669 1058 Ὡς
701 995 745 1047 δ’
789 995 932 1062 ἔγνω
961 994 1298 1057 καλούμενος
1324 994 1430 1047 ὑπὸ
1467 995 1769 1063 Κήνσορος,

236 1085 434 1142 συνιδὼν
459 1085 531 1147 ὡς
565 1083 802 1154 χαλεπόν
837 1086 984 1136 ἐστιν
1017 1083 1467 1153 ἀπολογήσασθαι
1497 1084 1652 1152 παρὰ
1690 1083 1770 1135 δια

235 1181 437 1240 κασταῖς
474 1179 572 1228 οὐκ
625 1175 992 1244 εὖγνώμοσιν,
1024 1175 1458 1244 ἀντεστρατήγει
1490 1178 1608 1234 ταῖς
1632 1175 1775 1227 ὲκεί-

234 1283 325 1320 νων
352 1264 579 1334 μεθόδοις
606 1279 620 1294 ο
657 1264 752 1315 καὶ
785 1265 961 1315 πάντα
989 1262 1194 1331 τρόπον
1228 1262 1409 1314 ἔπειθε
1436 1264 1510 1331 μὴ
1541 1263 1774 1332 τάληθὲς

232 1354 824 1424 διαφεύγειν.⁹Εργῶδες
841 1354 886 1406 δ’
915 1353 974 1405 ὃν
1005 1354 1210 1416 πάντας
1242 1352 1454 1406 πείθειν
1500 1355 1771 1424 Ἆρσενίου

234 1450 300 1519 μὴ
325 1447 664 1516 φαινομένου,
717 1446 1080 1516 λογισάμενος
1109 1445 1183 1508 ὡς
1235 1447 1335 1498 οὐκ
1372 1446 1548 1509 ἄλλως
1579 1449 1774 1502 ἑαυτὸν

232 1543 461 1610 καθαροί,
487 1541 534 1591 εἰ
562 1542 636 1609 μὴ
667 1539 767 1607 ζῇν
794 1539 1086 1606 άπελέτξοι
1121 1541 1212 1590 τὸν
1240 1538 1495 1592 τεθνάναι
1527 1541 1729 1610 λεγόμε
1753 1573 1773 1582 -

231 1651 326 1692 νον,
366 1633 467 1682 τῶν
506 1649 626 1683 τινα
671 1632 888 1684 οἰκείων
927 1631 1175 1684 διάκονον
1225 1632 1326 1698 τὴν
1380 1635 1460 1694 εἰς
1495 1633 1774 1697 Αἴγυπτον

231 1727 452 1791 ἔπεμπεν
481 1724 820 1792 ἀναζητῆσαι
849 1725 1145 1794 Ἀρσένιον.
1169 1727 1276 1778 Καὶ
1301 1725 1421 1776 ἐπεὶ
1448 1726 1503 1788 ἐς
1533 1725 1776 1794 Θηϐαΐδα

1876 541 2054 595 εισδὶιιι
2085 543 2342 612 episcopo
2387 544 2732 600 Alexandriae
2776 546 3036 617 subjectae
3064 590 3078 611 ,
3103 551 3260 620 cujus
3296 551 3450 604 urbis

1877 641 2175 687 censentur
2222 649 2344 689 esse
2394 637 2650 704 parmciae
2702 653 2801 692 seu
2843 639 3077 695 viciniae.
3144 642 3220 695 lbl
3277 658 3446 712 agens

1879 725 2146 796 lschyras,
2184 742 2280 781 sua
2311 736 2506 796 sponte
2538 739 2594 782 et
2629 745 2693 782 ex
2736 743 2856 784 sese
2901 739 3062 785 natus
3110 732 3274 786 domo
3323 749 3448 800 pro-

1877 816 2056 872 dierat
2105 823 2411 875 sacerdos:
2474 822 2620 891 quod
2671 823 2893 891 quidem
2959 823 3174 878 facinus
3228 841 3443 893 pinnam

1879 923 2097 963 onmem
2134 911 2293 980 longe
2322 914 2762 982 supergreditur.
2800 914 2917 980 Qua
2957 916 3012 968 in
3074 931 3132 969 re
3171 917 3240 970 ab
3284 918 3453 970 Atha—

1881 1002 2033 1056 nasio
2059 1005 2455 1072 deprehensus,
2495 1021 2618 1059 cum
2653 1007 2706 1060 in
2739 1023 2863 1059 cum
2898 1006 3287 1074 inquireretur,
3329 1010 3451 1078 fuga

1878 1093 1981 1146 sibi
2009 1095 2325 1156 coiisulens,
2365 1078 2689 1149 Euscbianis
2726 1095 3054 1150 Nicomedia:
3095 1110 3180 1150 est
3199 1098 3449 1166 junctus.

1879 1184 2058 1252 Atque
2090 1185 2328 1253 illi,-pro
2359 1202 2425 1238 co
2464 1201 2575 1254 quo
2598 1186 2863 1240 adversus
2891 1187 3249 1240 Athanasium
3286 1189 3448 1243 arde~

1879 1275 2013 1329 bant
2045 1276 2196 1339 odio,
2229 1277 2398 1332 veluti
2424 1278 2807 1348 presbyterum
2833 1289 3216 1348 susceperunt,
3239 1281 3456 1347 episco-

1880 1367 1986 1436 pali
2015 1381 2073 1419 se
2101 1382 2226 1421 eum
2274 1367 2536 1434 dignitate
2578 1379 2872 1423 ornaturos
2920 1370 3168 1437 polliciti,
3199 1372 3241 1424 si
3291 1387 3454 1425 accu-

1880 1457 2145 1512 sationem
2201 1459 2500 1512 Athanasio
2556 1461 2887 1516 intenderet.
2941 1462 3033 1516 llle
3072 1477 3204 1516 sane
3237 1478 3301 1516 ea
3333 1479 3454 1531 quae

1881 1543 2025 1599 dicta
2068 1555 2247 1605 erant,
2283 1545 2438 1599 facile
2485 1547 2740 1601 instituit.
2798 1549 3096 1616 Imperator
3144 1567 3308 1618 porro
3369 1553 3455 1606 his

1881 1637 2066 1690 verbis
2095 1638 2318 1697 auditis.
2351 1638 2575 1691 Censori
2615 1639 2690 1709 (Ι)
2724 1640 2986 1694 Dalmatio
3009 1641 3195 1695 fratris
3225 1641 3337 1695 filio
3365 1658 3452 1696 res

1882 1727 2252 1784 Antiochenas
2287 1729 2341 1782 in
2383 1728 2538 1799 Syria
2576 1729 2983 1785 administranti
3024 1733 3252 1795 scribit,
3296 1743 3353 1786 ut
3383 1735 3451 1787 de

231 1815 444 1880 ἐγένετο,
473 1815 617 1882 ἔγνω
650 1816 786 1867 ὅπου
827 1816 1006 1884 διῆγε,
1055 1818 1188 1885 πρὸς
1225 1815 1524 1886 Πατρίνην,
1559 1820 1692 1885 παρ’
1733 1811 1776 1885 ᾧ

1885 1818 1965 1872 eis
2009 1820 2172 1874 rebus
2207 1821 2441 1888 judicet,
2483 1822 2770 1892 jnstasque
2803 1823 2986 1893 exigat
3035 1839 3248 1892 punias.
3290 1825 3483 1879 Mittit'

229 1913 310 1964 καὶ
337 1910 654 1979 ἐκρύπτετο.
677 1907 788 1960 Καὶ
817 1907 978 1959 αὑτὸν
999 1907 1099 1976 μὲν
1120 1906 1218 1976 οὐχ
1239 1904 1362 1976 εὗρε
1382 1923 1396 1937 θ
1429 1907 1527 1977 τὴν
1555 1909 1661 1976 γὰρ
1682 1908 1774 1960 τοῦ

227 1979 448 2055 διακόνου
492 1999 762 2071 μαθόντες
810 1999 1021 2066 ἄφιξιν,
1050 1999 1134 2061 εἰς
1174 1998 1274 2066 τὴν
1315 1998 1469 2052 κάτω
1503 1999 1776 2052 διέϐαινον

228 2093 511 2161 Αἴγυπτον·
548 2092 643 2144 τὸν
681 2090 738 2143 δὲ
769 2089 1045 2160 [ἰατρίνην
1079 2089 1284 2152 λαὸὼν,
1318 2091 1434 2160 ἅμα
1465 2091 1522 2142 δὲ
1561 2093 1654 2143 καὶ
1688 2091 1780 2144 'll-

228 2185 330 2237 λίαν
372 2185 424 2247 ὃς
458 2184 704 2254 ἑτέρωσε
749 2183 943 2236 τοῦτον
989 2183 1346 2253 μετέστησεν,
1385 2186 1465 2245 είς
1522 2184 1776 2251 Ἀλεξάν-

227 2278 394 2348 δρειαν
425 2279 640 2346 ἢγαγεν
664 2292 678 2306 ·
718 2275 770 2330 οἳ
818 2277 913 2328 καὶ
947 2275 1116 2344 ἄμφω
1153 2278 1536 2342 παραστάντες
1569 2278 1650 2347 τῷ
1676 2279 1778 2348 ip-

229 2386 378 2438 χοντι,
413 2369 728 2436 ὡμολόγουν
753 2369 808 2420 ἐν
835 2366 1003 2431 ζῶσιν
1035 2364 1175 2420 εἶναι
1203 2367 1486 2437 Ἀρσένιον
1511 2386 1524 2400 ·
1556 2369 1616 2422 ὃν
1643 2369 1778 2440 παρ’

227 2461 390 2522 αὐτοῖς
413 2459 794 2529 κρυπτόμενον
817 2458 913 2512 νῦν
942 2461 1220 2527 Αἰγυπτος
1258 2460 1396 2528 ἔχει.
1432 2461 1576 2530 Δῆλα
1605 2461 1662 2514 δὲ
1685 2464 1778 2515 καὶ⁵

230 2551 416 2621 βασιλεῖ
439 2551 662 2604 ἐποίουν
682 2551 750 2604 τὰ
773 2550 1063 2621 εἰρημένα.
1097 2552 1158 2606 Ὀ
1191 2552 1246 2604 δὲ
1278 2553 1510 2621 γράφων
1547 2553 1780 2608 Ἀοανα-

230 2644 346 2712 σίῳ,
375 2643 598 2712 ἔχεσθαι
629 2642 732 2710 τῆς
764 2643 1069 2712 ἱερωσύνης
1120 2644 1401 2712 ἐπιμελῶς
1435 2644 1644 2709 ἔπειθε,
1683 2648 1780 2700 καὶ

226 2739 310 2798 τὰς
338 2737 439 2789 τῶν
472 2735 821 2790 Μελιτιανῶν
863 2736 937 2805 μὴ
964 2736 1196 2788 δεδιέναι
1233 2738 1604 2805 συκοφαντίας
1629 2754 1645 2770 ο
1684 2741 1779 2793 καὶ

224 2823 360 2896 δίκην
401 2825 445 2878 δ’
489 2825 902 2896 εἰσπράξασθαι
957 2824 1056 2894 τὴν
1095 2823 1250 2892 ἀξίαν
1281 2827 1407 2887 τοὺς
1441 2827 1508 2878 τὰ
1551 2827 1780 2879 τοιαῦτα

224 2917 514 2986 τολμῶντας
546 2919 927 2987 κατηγγυᾶτο,
957 2917 1052 2970 καὶ
1085 2915 1382 2986 ἡσυχάζειν
1415 2917 1490 2988 μὴ
1519 2920 1782 2988 αἱρουμέ-

228 3021 358 3068 νους,
395 3005 530 3057 ἀλλὰ
586 3003 850 3075 θορύϐους
901 3003 1288 3064 άνακινοῠντας
1337 3008 1403 3074 τῇ
1453 3005 1778 3073 Ἐκκλησία,

227 3096 318 3149 ὑπὸ
357 3097 643 3158 δικάζουσι
693 3096 876 3165 νόμοις
923 3095 1166 3148 διδόναι·
1217 3094 1292 3159 ὡς
1325 3094 1402 3166 μὴ
1456 3096 1617 3165 μόνον
1663 3099 1780 3160 ,τοῖς

226 3187 404 3252 ἀθώοις
429 3190 631 3258 φθόνον
663 3191 754 3242 καὶ
801 3188 1097 3258 ἐπιϐουλὴν
1145 3189 1478 3261 ράπτοντας,
1511 3189 1651 3242 ἀλλὰ
1686 3193 1780 3244 καὶ

225 3282 294 3350 τῷ
333 3282 479 3352 καλῷ
507 3283 616 3352 τῆς
649 3283 901 3349 εὐταξίας
934 3287 1027 3334 καὶ
1055 3282 1155 3351 τῆς
1206 3282 1489 3346 εὐσεὸείας
1517 3282 1781 3352 λυμαινοο

229 3375 424 3443 μένους.
458 3373 652 3427 Ταῦτα
700 3374 917 3443 γράψας
960 3373 1288 3444 Ἀθανασίῳ,
1321 3374 1414 3426 ἐπὶ
1463 3372 1647 3426 κοινοῦ
1682 3373 1783 3443 τὴν

227 3466 499 3536 ἐπιστολὴν
550 3466 971 3534 ἀναγνωσθῆναι
1012 3466 1369 3536 προσέταττε.
1412 3465 1691 3536 Περιδεείς
1727 3466 1784 3519 δὲ

225 3555 268 3608 oi
291 3557 349 3610 ἐκ
375 3557 640 3612 Μελιτίου
669 3557 1279 3626 γενόμενοι,τουλοιποῦ
1315 3562 1407 3612 ᾶτε
1448 3559 1513 3630 δὴ
1551 3559 1650 3628 τὴν
1689 3558 1784 3612 τοῦ

227 3651 540 3713 κοατοῦντος
571 3650 914 3720 ὑφορώμενοι
937 3650 1191 3720 ἀπειλὴν,
1228 3653 1412 3720 ἡρέμα
1432 3649 1596 3721 εἶχον.
1616 3653 1726 3706 Καὶ
1748 3653 1781 3723 ἠ

227 3743 622 3811 κατἈῖγυπτον
649 3743 948 3814 Ἐκκλησία
969 3746 1030 3796 ὲν
1053 3745 1248 3817 εἰρήνῃ
1271 3745 1444 3798 ἐτέλει
1473 3745 1577 3799 ὑπὸ
1592 3746 1784 3800 τοσού-

225 3847 305 3883 του
329 3833 519 3904 ἱερέως
555 3833 866 3905 ίθυνομένη.
893 3835 1170 3890 Ἐπεδίδου
1195 3836 1250 3889 δὲ
1276 3835 1400 3890 καθ’
1419 3836 1660 3908 ἑκάστην
1689 3841 1784 3892 καὶ

227 3925 597 3980 πολυπλασίων
611 3925 844 3996 ἐγίνετο,
863 3928 1075 3980 πολλῶν
1088 3929 1185 3982 καὶ
1203 3928 1391 3990 τῶνξέκ
1406 3931 1504 4000 τῆς
1542 3930 1784 4000 Έλληνι-

1879 1925 2099 1980 quoque
2121 1911 2206 1974 {ad
2237 1928 2364 1967 eum
2413 1913 2709 1968 Eusebium
2738 1923 2793 1969 et
2830 1913 3206 1984 Theognidem
3228 1958 3242 1981 ,
3279 1928 3338 1971 ut
3370 1917 3456 1970 vis

1879 2003 2250 2058 assessoribus
2289 2003 2560 2075 judicium
2608 2006 2677 2060 de
2731 2007 3029 2061 Athanasio
3069 2017 3453 2076 perageretur.

1878 2094 2035 2162 Quod
2060 2097 2153 2170 ubi
2177 2097 2512 2154 Athanasius
2534 2115 2602 2154 ex
2625 2099 2889 2164 Censore,
2923 2099 3016 2169 qui
3039 2115 3162 2154 eum
3191 2115 3456 2154 evocave-

1880 2190 1985 2246 rat,
2002 2185 2279 2254 cognovit,
2300 2200 2488 2242 secum
2511 2187 2628 2257 ipse
2653 2191 3003 2258 perpendens
3025 2204 3190 2258 quam
3215 2189 3445 2244 arduum

1879 2272 1950 2327 sit
1978 2289 2196 2328 causam
2223 2275 2408 2331 dicere
2442 2277 2585 2346 apud
2627 2277 2808 2332 minus
2843 2275 3145 2334 benevolos
3185 2287 3241 2334 et
3267 2294 3455 2350 aequos

1873 2366 2132 2436 judices:
2169 2366 2389 2422 illorum
2440 2369 2652 2425 artibus
2701 2369 2966 2424 adversus
2999 2386 3098 2426 eos
3146 2382 3449 2433 concertat.

1883 2468 1936 2512 et
1967 2459 2146 2513 modis
2172 2459 2430 2514 omnibus
2457 2461 2744 2529 veritatem
2771 2461 2998 2516 minime
3024 2477 3349 2531 oppressum
3385 2464 3451 2516 iri

1882 2559 2088 2621 sperat.
2128 2551 2190 2606 Et
2223 2552 2350 2621 quia
2382 2553 2600 2608 didicile
2621 2554 2672 2608 ei
2707 2553 3018 2618 videbatur,
3052 2569 3166 2609 rem
3193 2554 3454 2608 omnibus

1881 2643 2135 2712 probare,
2161 2645 2393 2700 Arsenio
2430 2661 2538 2699 non
2579 2655 2934 2714 comparente
2969 2664 2982 2699 :
3020 2654 3074 2700 et
3112 2647 3230 2716 ipse
3267 2662 3455 2702 secum

1882 2737 2194 2805 reputabat,
2223 2753 2329 2791 non
2354 2739 2516 2792 aliter
2549 2753 2608 2792 se
2629 2738 2999 2792 innocentiam
3026 2755 3179 2794 suam
3203 2740 3454 2795 declara-

1884 2835 2073 2904 turumt
2106 2844 2246 2889 esse,
2288 2829 2390 2882 nisi
2432 2831 2612 2883 vivere
2630 2845 2754 2882 eum
2783 2831 3122 2893 ostenderet,
3154 2847 3317 2900 quem
3351 2833 3452 2903 ipsi

1883 2928 2160 2972 mortuum
2182 2934 2301 2973 esse
2323 2919 2662 2985 asserebant,
2682 2936 2748 2975 ex
2774 2920 3137 2976 familiaribus
3161 2924 3452 2991 quemdam

1883 3009 2178 3064 diaconum
2204 3010 2258 3063 in
2271 3008 2560 3080 Egyptnm
2587 3011 2774 3075 mittit,
2793 3010 2887 3080 qni
2907 3011 3198 3066 Arseninm
3222 3023 3453 3081 quaerat.

1884 3100 1995 3165 llle,
2019 3109 2305 3171 postquam
2331 3101 2666 3166 Thebaidem
2712 3105 2980 3171 pervenit.
3026 3103 3119 3158 ubi
3151 3115 3338 3174 ageret
3362 3120 3456 3160 eo.

1881 3195 2109 3263 gnovit:
2135 3193 2278 3261 apud
2303 3193 2577 3248 Patrinem
2599 3194 2832 3257 scilicet,
2854 3195 2948 3264 qui
2975 3210 3101 3250 eum
3125 3197 3456 3251 occultabat.

1885 3285 2063 3352 Atque
2084 3284 2261 3354 ipsum
2288 3285 2511 3355 quidem
2546 3285 2619 3339 ibi
2646 3301 2754 3340 non
2780 3287 3023 3340 invenit:
3048 3287 3287 3342 adventu
3311 3289 3458 3341 enim

1887 3375 2102 3428 diaconi
2130 3376 2442 3446 cognito,in
2474 3376 2792 3432 inferiorem
2822 3377 3458 3448 transieratzEgyptum:

1908 3468 2182 3525 Patrinem
2214 3479 2420 3531 autem,
2472 3477 2529 3523 et
2575 3469 2738 3523 simul
2785 3468 2983 3531 Eliam,
3012 3469 3106 3538 qui
3137 3469 3288 3524 illum
3349 3469 3461 3523 alio

1889 3563 2280 3626 traduxerant,
2345 3570 2727 3630 assumptum,
2777 3559 3165 3614 Alexandriam
3207 3559 3456 3616 adduxit.

1889 3652 1990 3719 Qui
2036 3653 2198 3708 ambo
2241 3652 2384 3723 apud
2439 3652 2728 3722 praesidem
2764 3652 2949 3708 vivere
2989 3652 3279 3706 Arseniqu
3331 3667 3464 3707 con-

1889 3744 2020 3798 fessi
2063 3751 2216 3804 sunt.
2247 3743 2344 3812 qui
2387 3744 2456 3798 ab
2496 3743 2630 3812 ipsis
2663 3753 2824 3798 antea
2860 3743 3192 3810 occultatus,
3227 3757 3294 3797 eo
3324 3750 3461 3825 tem.-

1889 3851 2021 3905 pore
2049 3835 2101 3889 in
2137 3834 2367 3906 Egypto
2394 3845 2560 3890 esset.
2581 3834 2706 3889 Haec
2729 3835 2796 3889 ad
2823 3835 3212 3904 imperatorem
3242 3849 3460 3904 quoque

1887 3937 2018 3983 sunt
2049 3927 2237 3982 relata.
2273 3927 2325 3983 Is
2348 3912 2644 3982 Athanasio
2678 3927 2902 3992 scribit,
2933 3928 3194 3988 suadens.
3238 3937 3297 3981 ut
3335 3942 3460 3982 cuni

226 4013 318 4082 κῆς
343 4014 654 4086 θρησκείας
678 4018 744 4086 τῇ
774 4016 955 4068 πίστει
979 4017 1452 4087 προστιθεμένων,
1489 4020 1584 4072 καὶ
1613 4021 1777 4089 ἄρδην

1891 4035 2023 4075 cura
2073 4019 2450 4088 episcopatum
2505 4020 2768 4074 retineret
2813 4028 2978 4089 atque
3027 4019 3458 4082 administraret,

225 4101 378 4155 ἐθνῶν
399 4106 566 4170 ὅλων,
593 4105 692 4176 τὴν
716 4105 856 4159 κατὰ
871 4107 1104 4177 Χριστὸν
1134 4111 1315 4162 πίστιν
1335 4111 1777 4180 μετερχομένων.

1891 4110 2298 4164 Melitianorum
2331 4108 2637 4164 delationes
2653 4124 2763 4164 non
2790 4117 3080 4164 metueret.
3104 4109 3170 4164 Et
3200 4117 3463 4179 praetcrea

169 4224 177 4235 -
223 4197 397 4268 dignas
447 4217 646 4272 pinnas
699 4202 915 4274 legibus
961 4205 1338 4273 persoluturos
1385 4221 1507 4261 esse
1541 4208 1768 4276 recepit,
1809 4207 1903 4277 qui
1932 4217 2042 4262 tam
2073 4208 2260 4278 gravia
2288 4205 2582 4270 auderent,
2630 4215 2689 4260 et
2748 4207 3039 4276 quiescere
3087 4205 3312 4275 quidem
3339 4207 3463 4260 nol-

220 4294 345 4362 lent,
371 4299 649 4354 tumultus
669 4314 802 4354 vero
837 4299 892 4354 in
933 4299 1172 4356 Ecclesia
1245 4303 1624 4360 concitarent:
1677 4303 1846 4377 659
1895 4320 1993 4360 eos
2031 4304 2239 4360 scilicet
2279 4304 2548 4367 homines,
2601 4303 2834 4373 quinon
2885 4304 3047 4358 modo
3087 4302 3244 4358 bonis
3298 4310 3463 4370 atque

221 4392 596 4450 innocentibus
643 4411 740 4466 per
797 4397 1060 4452 invidiam
1133 4399 1362 4455 insidias
1403 4411 1709 4466 strucrent,
1754 4418 1942 4457 verum
2007 4404 2171 4458 ctiam
2236 4400 2414 4457 ordini
2451 4415 2709 4469 verasque
2754 4401 2946 4470 pietati
2990 4400 3325 4456 detrimento
3371 4419 3462 4458 es-

221 4505 350 4549 sent.
377 4496 502 4552 llrec
538 4513 662 4551 cum
692 4497 761 4552 ad
798 4497 1161 4554 Athanasium
1189 4503 1526 4572 scripsisset.
1597 4505 1813 4573 publice
1855 4510 1902 4564 is
1948 4508 2233 4578 epistolam
2318 4505 2537 4560 recitari
2591 4502 2776 4572 jussit.
2833 4500 3094 4555 Melitiani
3149 4501 3206 4555 in
3255 4512 3457 4556 metum

220 4592 436 4660 conjecti
483 4593 585 4660 ('2),
621 4593 882 4662 deinceps
921 4594 1097 4649 minas
1169 4597 1514 4666 imperatoris
1577 4613 1852 4669 verentes,
1892 4605 2351 4673 conquieverunt.
2406 4602 2470 4655 Et
2518 4599 2748 4654 ecclesia
2797 4597 2850 4650 in
2879 4595 3112 4668 Egypto
3138 4608 3327 4667 pacata
3357 4609 3459 4659 est,

223 4699 331 4751 qua:
379 4701 408 4738 a
441 4694 594 4738 tanto
640 4685 898 4754 pontifice
929 4686 1496 4745 administraretur.ln
1529 4693 1646 4747 dies
1682 4710 1899 4765 quoque
1937 4713 1999 4751 ea
2033 4696 2356 4766 augebatur,
2385 4693 2834 4762 frequentiorque
2875 4689 3039 4744 ﬁebat
3074 4711 3087 4746 :
3117 4692 3262 4763 quod
3307 4689 3461 4746 multi

221 4791 280 4829 ex
331 4782 726 4848 superstitione
763 4781 930 4836 etiam
975 4779 1288 4837 Graecorum
1361 4787 1427 4838 ad
1500 4785 1661 4839 fidem
1733 4792 2079 4855 accederent,
2113 4799 2170 4844 et
2223 4789 2409 4859 populi
2445 4787 2544 4842 toti
2587 4785 2657 4840 ad
2693 4785 3176 4841 Christianismum
3207 4802 3465 4858 aggrega-

223 4881 418 4928 rentur.

771 4989 1025 5043 ΚΕΦΑΛ.
1068 4989 1204 5047 ΜΘ’.

2443 4988 2669 5045 CAPUT
2713 4987 2902 5042 XLIX.

220 5077 347 5143 Περὶ
377 5077 487 5160 τῆς
515 5079 584 5131 ἐν
618 5079 784 5160 Τύρῳ
841 5083 990 5160 κατὰ
1049 5083 1409 5160 ξΑθςινασίου
1449 5087 1777 5156 γενομένης

1885 5086 1963 5139 De
1989 5085 2190 5160 synodo
2248 5084 2368 5153 Tyri
2423 5092 2608 5160 contra
2653 5079 3008 5160 Athanasium
3040 5087 3247 5160 coacto,
3303 5085 3352 5128 et
3406 5086 3461 5128 ut

281 5151 549 5226 gv_rd_b“ov_
571 5166 590 5226 ί
609 5152 708 5226 καί
733 5152 825 5226 ’ὡς
851 5151 955 5226 τὰς
996 5154 1184 5226 αὐτοῦ
1218 5148 1602 5224 κατηγορία(
1630 5148 1777 5226 preti-

1956 5148 2318 5208 accusatione}
2349 5163 2536 5226 contra
2588 5153 2761 5220 ipsum
2798 5151 3069 5202 institutas
3123 5148 3290 5216 falsas
3352 5161 3461 5200 esse

281 5218 400 5284 δεῖς
421 5219 1181 5290 ἁπήλεγξενἈθανάσιος.
1356 5218 1391 5224 ’⁷
1441 5218 1456 5224 ⁷
1557 5218 1572 5223 ⁷
1633 5218 1650 5226 ’

1958 5227 2274 5278 Athanasius
2311 5225 2564 5292 arguerit.

278 5328 349 5379 Οὐ
385 5331 507 5399 μετ’
554 5331 615 5383 οὐ
665 5333 800 5384 πολὺ
833 5333 887 5385 δὲ
943 5336 999 5387 αί
1032 5334 1143 5387 τῶν
1186 5336 1445 5391 ἐναντίων
1497 5339 1785 5395 ὲπιὸουλαὶ

231 5417 529 5493 Ἀθανασίῳ
551 5426 857 5494 πράγματα
886 5432 1166 5498 παρεῖχον,
1198 5433 1289 5483 καὶ
1319 5434 1470 5500 μῖσος
1503 5436 1653 5501 παρὰ
1689 5435 1786 5501 βα·

1958 5341 2077 5395 Νοιι
2122 5339 2281 5408 longe
2325 5338 2525 5392 deinde
2561 5345 2704 5406 post,
2758 5332 3202 5388 adversariorum
3246 5332 3460 5388 technze

1889 5449 2107 5488 rursum
2141 5434 2444 5486 Athanasio
2480 5427 2757 5496 negotium
2786 5426 3110 5491 exhibuere,
3157 5425 3458 5494 odiumque

281 5605 352 5670 Η)
391 5604 1225 5687 Legendnmputo_Ca-sari,__ex
1258 5613 1546 5687 Eutropio.
1577 5618 1670 5686 qui
1705 5619 1773 5672 de
1882 5621 2064 5674 sulum
2091 5618 2489 5676 Romanorum.
2518 5619 2588 5672 θ’ὶὸ
2621 5618 2838 5687 imperii
2870 5611 3221 5670 Constantini
3260 5612 3455 5666 consul

215 5670 566 5760 {lenstanti'no
582 5670 831 5760 ascribit“:
862 5670 1271 5760 Tricennalibus
1287 5686 1394 5738 suis
1433 5670 1772 5741 'Dnim'atium
1882 5670 2489 5760 balinntius
2516 5670 2720 5742 Czlcsar:

216 5745 389 5808 fratris
433 5749 518 5799 sui
569 5748 741 5816 ﬁlium
783 5749 1043 5804 Cwsarem
1076 5752 1219 5824 legit.
1257 5755 1313 5810 ln
1362 5761 1610 5827 catalogo
1641 5774 1773 5813 cou-
1945 5745 2033 5830 ’(2)
2065 5761 2108 5812 Τ
2113 5762 2237 5826 ἐως,
2275 5760 2493 5815 Soloni.
2529 5771 2587 5813 ut
2623 5775 2809 5830 supra,
2846 5759 2948 5812 hoc
2979 5766 3082 5822 est,
3117 5764 3251 5813 him.
