3928 6594
412 390 513 456 19‘)

1624 371 2051 433 NICEPHURl
2092 369 2434 429 (‘ALLlSTl

3551 361 3671 426 200

401 504 584 553 tiones
618 493 953 554 uniformes,
1003 487 1107 544 sub
1147 502 1255 541 una
1303 485 1515 542 scilicet
1565 499 1820 556 persona,
1855 470 1980 538 itera

2119 483 2184 550 ὴν
2220 474 2396 550 ἧτταν
2445 477 2884 547 ἁποσιγήσαντες
2910 490 2924 505 ο
2958 473 3086 536 τοὺς
3119 473 3174 525 δὲ
3200 470 3542 542 κατηγόρους
3569 473 3670 524 αὑ-

397 604 520 643 esse
553 601 674 656 quae
701 585 962 639 adversus
1009 578 1364 633 Athanasium
1412 587 1698 631 accusator
1722 575 1971 635 dixisset.

399 680 722 737 coniecere:
745 673 988 746 synodus
1007 672 1242 741 primum
1265 684 1414 733 eum,
1446 667 1597 722 nullo
1620 664 1972 729 defendente,

402 769 574 826 veluti
625 776 1008 823 contumacem
1063 761 1506 818 condemnavit:
1561 756 1762 811 deinde
1808 755 1975 809 etiam

403 859 756 920 sententiam,
802 871 906 924 qua
955 855 1005 907 ei
1054 852 1289 921 dignitas
1320 845 1672 918 'episcopalis
1717 846 1976 914 abrogata

403 961 508 1014 est,
541 950 690 1009 tulit,
747 949 801 1001 in
835 962 941 1015 qua
975 942 1246 998 sententia
1283 949 1534 994 sanctum
1569 939 1746 992 virum
1785 937 1980 991 convi-

406 1045 508 1098 ciis
563 1041 750 1096 multis
810 1046 869 1091 ut
926 1035 1272 1094 seditiosum,
1301 1042 1357 1084 et
1407 1029 1701 1100 [Egyplum
1738 1027 1981 1080 motibus

408 1130 739 1186 turbulentis
771 1127 1084 1195 implentem
1133 1123 1558 1191 prosciderunt:
1601 1119 1766 1190 652
1814 1116 1978 1171 simul

406 1223 558 1279 etde
587 1219 905 1274 muliercula
957 1215 1070 1278 illa,
1097 1222 1153 1267 et
1209 1214 1277 1266 de
1329 1211 1542 1266 Arsenii
1584 1210 1731 1263 emde
1774 1214 1980 1264 crimen

408 1319 596 1378 utpote
649 1317 804 1374 turpe
846 1302 1345 1373 prmtermittentes.
1399 1300 1480 1354 Ad
1531 1314 1722 1353 omnes
1763 1313 1983 1369 quoque

409 1404 662 1456 locorum
697 1397 939 1450 omnium
967 1393 1257 1462 episcopos
1302 1393 1516 1446 litteras
1546 1391 1768 1453 dedere,
1801 1406 1868 1443 ne
1895 1390 1980 1443 vel

414 1506 664 1546 sermone
732 1487 814 1540 vel
856 1500 957 1538 usu
1013 1494 1067 1537 ct
1111 1482 1440 1536 commercio
1495 1483 1679 1551 aliquo
1739 1497 1861 1536 cum
1918 1497 1984 1534 eo

411 1580 902 1641 communicarent,
956 1590 1090 1629 neve
1138 1575 1186 1627 ei
1221 1574 1563 1628 Alexandriae
1603 1589 1724 1627 esse
1765 1573 1984 1642 permit-

416 1682 643 1727 teretur.
682 1669 880 1723 Verum
918 1682 1136 1736 quoque
1167 1680 1290 1719 esse
1327 1675 1720 1727 asseruerunt,
1773 1663 1984 1734 mystici

415 1765 594 1834 poculi
633 1760 956 1814 comminuti
991 1761 1234 1811 crimen:
1269 1766 1324 1809 et
1363 1757 1770 1810 accusationum
1808 1757 1986 1824 capita

2082 572 2179 626 τοῦ
2213 573 2420 633 πάντας
2453 569 2798 640 προσίενται,
2825 569 2917 620 τόν
2938 583 2997 618 τε
3026 563 3161 634 μετὰ
3188 564 3451 618 Μελίτιον
3480 565 3672 616 Ἰωάν-

2081 683 2179 733 νην
2211 666 2306 716 καὶ
2335 664 2384 716 οἳ
2437 664 2534 715 σὺν
2565 660 2712 730 αὐτῷ
2744 654 2908 730 ἦσαν.
2943 658 3054 710 Kal.
3099 656 3315 724 ἑκάστῳ
3351 653 3461 708 τῶν
3499 655 3560 708 ἐν
3594 655 3672 724 τῷ

2083 757 2274 824 κλήρῳ
2309 753 2472 806 αὐτοῦ
2510 753 2566 805 τὸ
2601 752 2819 820 ἀξίωμα
2848 749 3079 801 ἔδωκαν.
3115 747 3227 800 Καὶ
3253 744 3416 798 αὐτὸν
3447 743 3505 798 δὲ
3542 743 3600 796 Ἀ
3615 760 3673 812 ρο

2088 850 2263 900 σένιον
2294 845 2684 915 παρεδέξαντο,
2713 843 2774 904 ὃς
2807 839 3116 912 ἀνῃρῆσθαι
3150 837 3369 904 ἐλέγετο
3395 855 3410 870 ο
3454 837 3510 900 ὃς
3544 837 3670 889 τότε

2089 939 2188 1005 μὲν
2215 937 2313 1006 τῆς
2335 935 2686 990 Μελιτιανῶν
2713 932 3012 1003 (θρησκείας
3040 930 3339 991 ἐπίσκοπος
3362 923 3428 998 ἦν
3452 944 3466 959 ·
3498 929 3582 990 είς
3613 927 3670 978 δὲ

2086 1029 2184 1099 τὴν
2241 1029 2426 1081 ἄδικον
2471 1027 2686 1096 ἐκείνην
2719 1025 3043 1079 Ἀθανασίου
3088 1022 3410 1089 καθαίρεσιν
3459 1019 3535 1082 ὡς
3569 1019 3672 1088 τῆς

2100 1118 2547 1188 Ύψηλοπολιτῶν
2609 1119 2819 1180 πόλεως
2878 1117 3178 1176 ὲπίσκοπυς
3237 1111 3668 1181 καθυπέγραψε.

2089 1213 2199 1265 Καὶ
2245 1211 2304 1264 τὸ
2334 1211 2399 1280 δὴ
2453 1209 2660 1274 ξενίζον
2692 1195 2836 1261 τωῦτ’
2894 1202 2961 1278 ἦν
2987 1223 3000 1238 ·
3035 1208 3117 1259 ὄτι
3153 1208 3181 1259 ό
3207 1204 3312 1258 ὑπὸ
3343 1203 3670 1256 Ἀθανασίου

2089 1303 2395 1377 ἀνῃρῆσθαι
2424 1301 2736 1380 λεγόμενος,
2773 1299 2882 1364 ζῶν
2907 1299 2967 1350 τὸ
2996 1299 3076 1361 είς
3125 1295 3287 1351 αὑτὸν
3314 1291 3449 1366 ἧκον
3479 1293 3673 1362 ἀνῄρει

2090 1391 2378 1462 καθαιρῶν
2407 1390 2754 1442 Ἀθανάσιον.
2785 1385 3007 1456 Ταύτην
3049 1385 3113 1456 δὴ
3157 1385 3258 1455 τὴν
3297 1383 3484 1437 ἄδικον
3514 1382 3673 1448 δίκην

2090 1485 2162 1546 ὡς
2189 1483 2264 1553 μὴ
2294 1482 2468 1550 ὑγιῶς
2499 1481 2730 1550 ἔχουσαν
2761 1479 2856 1532 καὶ
2887 1477 3076 1532 πολλοὶ
3116 1476 3224 1529 τῶν
3257 1475 3435 1528 ἐκεῖσε
3465 1472 3674 1542 παρόν-

2092 1596 2199 1629 των
2232 1576 2631 1645 κατεφώρασαν
2680 1575 2891 1642 ἱερέων.
2923 1573 3032 1625 Καὶ
3058 1572 3166 1643 γὰρ
3194 1572 3289 1624 καὶ
3327 1566 3673 1637 Παφνούτιον

2092 1671 2183 1720 τὸν
2222 1667 2564 1737 ὁμολογητήν
2587 1682 2718 1734 φασι
2754 1665 3008 1734 τηνικάδε
3037 1663 3398 1731 συμπαρόντα
3429 1660 3506 1729 τῷ
3546 1677 3671 1711 συνο

2095 1759 2281 1830 εδρίῳ,
2306 1759 2404 1827 τῆς
2425 1758 2606 1828 χειρὸς
2635 1756 2934 1825 λαϐόμενον
2971 1755 3224 1824 Μαξίμου
3245 1752 3340 1806 τοῦ
3370 1753 3468 1822 τῆς
3509 1750 3677 1818 Ἱερο-

416 1871 646 1925 qua-que
670 1854 1001 1920 attingentes
1022 1891 1035 1915 ,
1066 1850 1328 1918 singulari
1361 1849 1591 1919 quadam
1633 1857 1754 1902 arte
1779 1848 1986 1900 calum-

2115 1852 2344 1920 πολύμων
2379 1849 2704 1920 Ἐκκλησίας
2741 1847 3028 1917 προέδρου,
3049 1845 3432 1914 ἐξαναστῆναι,
3464 1841 3540 1912 μὴ
3565 1842 3677 1894 δεῖν

417 1947 561 1998 niam
592 1949 1006 2012 pertexueruut,
1039 1941 1404 2010 sycophantas
1444 1937 1725 1992 convictos
1769 1937 1987 1990 silentio

420 2044 684 2104 tegentes,
739 2042 794 2086 et
852 2041 1202 2086 accusatores
1254 2030 1372 2100 ejus
1429 2045 1624 2083 omnes
1682 2028 1986 2082 laudantes.

416 2113 613 2182 Joanui
651 2140 871 2193 quoque
905 2123 978 2176 illi
1009 2122 1100 2191 qui
1155 2120 1358 2175 Melitio
1409 2129 1766 2185 successerat,
1820 2130 1994 2174 seeta-

420 2219 738 2286 toribnsque
759 2216 898 2284 ejus,
931 2225 1024 2266 aut
1053 2213 1367 2282 quicunque
1399 2226 1466 2265 ex
1495 2213 1642 2266 clero
1672 2213 1790 2281 ejus
1813 2221 1990 2276 erant,

423 2310 688 2362 honorem
771 2305 1200 2374 dignitatemque
1256 2301 1520 2355 tribuere.
1591 2301 1773 2370 Ipsum
1829 2301 1994 2354 etiam

2095 1938 2232 1993 εἶναι
2283 1941 2674 2008 λογισαμένους
2706 1937 3048 2006 ὁμολογητὰς
3084 1936 3263 1999 ὄντας,
3302 1935 3399 1986 καὶ
3447 1932 3536 1985 διὰ
3585 1932 3677 1982 τὸν

2096 2031 2271 2100 ἀληθῆ
2324 2030 2480 2097 λόγον
2510 2031 2578 2082 τὰ
2623 2029 2850 2098 δμματα
2890 2027 3392 2097 ἐξορωρυγμένους,
3444 2024 3540 2077 καὶ
3576 2022 3678 2084 τὰς

2097 2122 2342 2191 ἀγκύλας
2391 2121 2853 2192 πεπηρωμένολς,
2888 2117 3150 2185 συλλόγου
3192 2118 3470 2171 κοινωνεῖν
3512 2131 3679 2182 πονηο

2101 2211 2211 2282 ρῶν
2249 2212 2345 2265 καὶ
2394 2211 2612 2280 φαύλων
2650 2211 2881 2281 ἀνδρῶν,
2911 2211 3007 2264 καὶ
3050 2211 3190 2264 κατὰ
3230 2209 3342 2263 τῶν
3370 2211 3470 2278 τῆς
3521 2208 3680 2259 εὐσε-

2101 2303 2252 2366 ϐείας
2281 2305 2581 2374 προμάχων
2612 2303 2966 2372 ψηφίζεσθαι.

422 2403 738 2466 Arsenium,
757 2402 851 2470 qui
871 2413 1046 2454 caesus
1069 2411 1188 2452 esse
1211 2395 1393 2450 dictus
1435 2397 1631 2460 fuerat,
1657 2404 2017 2466 receperunt:
2060 2399 2156 2468 qui
2223 2409 2335 2454 tum
2369 2415 2588 2470 quoque
2630 2401 3028 2454 Melitianorum
3053 2408 3311 2466 sectator,
3333 2407 3390 2454 et
3420 2410 3680 2469 tanquam

425 2491 1318 2567 Hypselopolitarumcpiscopus,
1378 2489 1574 2557 iniqua:
1638 2489 1712 2542 illi
1781 2490 2060 2544 Athanasii
2098 2493 2439 2562 abrogatiuni
2495 2492 2840 2562 subscripsit.
2881 2493 2996 2558 Qua
3059 2492 3110 2546 in
3173 2507 3231 2546 re
3283 2491 3417 2546 illud
3475 2507 3683 2546 novum

427 2590 736 2657 mirumque
767 2586 941 2640 visunt
965 2594 1070 2646 est,
1096 2581 1242 2652 quod
1277 2583 1370 2651 qui
1423 2583 1492 2634 ab
1521 2582 1822 2636 Athanasio
1877 2583 2158 2652 jugulatus
2214 2600 2338 2640 esse
2393 2585 2700 2652 dicebatur,
2721 2586 2766 2640 is
2787 2585 2999 2649 virens,
3040 2595 3304 2655 quantum
3339 2586 3394 2638 in
3425 2601 3490 2639 eo
3511 2597 3680 2639 situm

422 2691 569 2746 erat,
619 2677 979 2732 Athanasium
1010 2673 1416 2728 exauctorando
1461 2673 1751 2744 jugulavit.
1822 2673 1934 2729 Hoc
2002 2686 2109 2730 tam
2152 2677 2415 2749 injustum
2467 2679 2830 2748 insanumque
2876 2677 3142 2749 judicium
3182 2677 3337 2731 multi
3381 2679 3546 2732 etiam
3588 2681 3684 2747 qui

430 2775 506 2827 ibi
555 2773 766 2826 aﬂuere
821 2769 1230 2838 episcoporum,
1268 2764 1704 2835 deprehendere.
1762 2764 1892 2820 Nam
1940 2777 1996 2822 et
2034 2769 2402 2839 Paphnutium
2471 2767 2841 2823 confessorem
2918 2778 3032 2823 tum
3064 2778 3385 2839 praesentem
3417 2809 3432 2833 ,
3460 2770 3684 2835 dicunt,

428 2869 774 2939 apprehensa
807 2864 1026 2918 Maximi
1069 2860 1580 2931 llierosolymitana:
1653 2861 1912 2917 Ecclesia:
1979 2865 2244 2920 antistitis
2288 2881 2454 2920 manu
2527 2865 2978 2931 consurrexisse,
3016 2875 3183 2934 atque
3216 2867 3437 2935 utrique
3493 2867 3676 2920 minus

430 2965 728 3020 convenire
759 2960 1090 3014 arbitrarqu
1123 2971 1280 3021 esse,
1333 2957 1427 3026 qui
1494 2957 1840 3013 confcssores
1905 2962 2275 3028 exstitissent,
2320 2963 2620 3033 oculosque
2667 2970 2887 3032 propter
2955 2977 3264 3017 sermonem
3297 2962 3548 3017 veritatis
3598 2963 3684 3018 ef-

431 3057 647 3122 fossus,
678 3065 733 3108 et
773 3051 1150 3122 pedutuilexus
1196 3050 1512 3104 debilitatos
1561 3050 2002 3117 circumferrem,
2051 3065 2110 3108 ut
2179 3071 2471 3111 commune
2537 3054 2836 3125 quidquam
2887 3070 3012 3109 cum
3064 3069 3357 3126 pravorum
3389 3064 3446 3109 et
3474 3056 3693 3126 impro-

437 3155 632 3208 borum
703 3149 990 3204 hominum
1043 3157 1189 3202 coetu
1261 3145 1568 3217 haberent,
1633 3155 1688 3199 et
1743 3145 2006 3203 adversus
2045 3166 2188 3205 vera:
2217 3152 2436 3221 pietatis
2478 3159 2914 3222 prepugnatores
2945 3153 3274 3206 sententiam
3308 3151 3540 3206 ferrent.

963 3286 1126 3358 653
1159 3284 1384 3341 CAPUT
1425 3285 1488 3340 L.

444 3410 519 3464 De
558 3403 946 3469 consecratione
987 3413 1077 3451 seu
1132 3397 1457 3450 dedicatione
1506 3397 1688 3469 templi
1717 3397 2017 3469 Hierosoly-

513 3477 702 3532 mitani
761 3468 980 3542 epistola
1047 3470 1379 3534 imperatoris
1443 3467 1515 3542 ad
1567 3469 1824 3542 synodum
1896 3467 2016 3542 Tyri

511 3537 800 3603 Phoenicim
820 3546 1196 3610 congregatum
1221 3553 1239 3591 :
1268 3545 1316 3588 et
1343 3546 1399 3589 ut
1429 3537 1751 3590 Athanasius
1780 3539 1926 3591 exsul
1950 3541 2015 3592 sit

513 3620 708 3688 factus.

518 3752 598 3808 Eo
632 3759 901 3818 tempore,
934 3759 1045 3812 quo
1074 3754 1131 3797 et
1162 3742 1472 3798 tricesimus
1506 3744 1722 3814 imperii
1753 3743 2018 3800 Constan-

445 3844 546 3899 tini
581 3855 761 3896 annus
795 3835 1202 3906 complebatur.
1234 3843 1289 3889 et
1326 3835 1587 3904 templum
1633 3835 2020 3906 Hierosolymis

449 3940 503 3992 in
534 3932 798 3992 Calvaria:
829 3931 951 3984 loco
981 3928 1530 3999 magniﬁcentissime
1556 3928 1866 3982 absolutum
1898 3929 2018 3982 fue-

448 4037 554 4090 rat,
603 4023 747 4095 quod
795 4034 1051 4090 magnum
1101 4018 1428 4089 Martyrium
1476 4018 1702 4085 dicitur,
1747 4019 2020 4072 Marianus

448 4115 676 4186 quidam
727 4111 906 4180 ampla
952 4109 1218 4178 dignitate
1263 4109 1367 4170 vir,
1401 4110 1470 4162 ab
1519 4109 1850 4179 imperatore
1893 4124 2018 4164 cum

447 4205 649 4262 litteris
676 4203 744 4257 ad
785 4201 1054 4270 synodum
1092 4199 1263 4262 venit,
1296 4199 1498 4268 quibus
1530 4216 1693 4270 quam
1727 4201 2020 4254 celerrime

451 4295 888 4364 Hierosolymam
951 4295 1136 4358 adire,
1195 4302 1416 4363 propter
1459 4291 1603 4347 sacri
1657 4292 1778 4361 ejus
1832 4290 2018 4359 templi

448 4387 860 4443 dedicationem
897 4385 1258 4455 jubebantur.
1313 4385 1492 4452 Atque
1547 4383 1626 4436 illi
1668 4381 1921 4450 protinus
1963 4390 2022 4434 ut

451 4491 706 4552 potuere,
739 4479 1116 4549 Hierosolyma
1144 4477 1568 4538 contenderunt,
1595 4473 1826 4529 dissidio
1857 4485 2020 4542 atque

451 4571 729 4628 discordia
766 4571 913 4622 omni
951 4569 1213 4637 seposita,
1249 4568 1625 4636 templumque
1657 4565 1834 4634 ipsum
1867 4565 2020 4618 dedi-

2669 3293 2933 3350 KEQAA.‘
2966 3289 3050 3348 N'.

2098 3412 2256 3476 Περὶ
2309 3409 2422 3479 τῆς
2487 3409 2898 3478 καθιερώσεως
2955 3408 3080 3479 toﬁ,
3123 3407 3194 3460 ἐν
3254 3407 3694 3479 Ἱεροσολύμοις

2188 3479 2338 3533 ναοῦ
2358 3476 2379 3510 ’⁷
2407 3480 2505 3532 καί
2556 3476 2852 3544 ἐπιστολὴ
2891 3479 2997 3532 τοῦ
3041 3476 3350 3542 ,βασιλέως
3395 3476 3696 3547 πρὸςίτὴν

2187 3549 2258 3601 ἐν
2299 3551 2456 3618 Τύρῳ
2482 3549 2590 3617 τῆς
2621 3551 2906 3618 Φοινίκης
2940 3546 3235 3602 σύνοδον
3274 3550 3372 3601 καὶ
3411 3546 3492 3616 ὡς
3512 3555 3694 3616 ὑπερ-

2189 3621 2350 3686 όριος
2374 3617 2612 3688 ἐγένετο
2640 3617 3019 3680 Ἀθανάσιος.

2191 3755 2327 3808 Κατ’
2355 3754 2531 3806 ἐκεῖνο
2560 3753 2741 3806 τοίνυν
2767 3751 2963 3820 καιροῦ
2987 3751 3180 3823 τρίτης
3206 3751 3430 3816 δεκάδος
3449 3753 3690 3822 τῇ.ἀρχῇ

2121 3845 2535 3898 Κωνσταντίνου
2584 3842 3108 3914 συμπληρουμένης,
3156 3841 3252 3894 τοῦ
3297 3844 3354 3894 ἐν
3394 3842 3694 3912 Ἰεροσολύ-

2123 3955 2246 4008 μοις
2297 3937 2437 3991 κατὰ
2490 3937 2582 3991 τὸν
2630 3936 2872 4006 Κρανίου
2920 3935 3084 3988 τόπον
3117 3933 3430 3996 πολυτελῶς
3464 3934 3695 4003 ἐξεργα-

2122 4033 2341 4093 σθέντος
2388 4029 2514 4094 νεὼ,
2543 4028 2571 4082 δ
2616 4029 2757 4096 μέγα
2784 4025 3095 4098 Μαρτύριον
3125 4025 3364 4093 λέγεται,
3411 4023 3696 4093 Μαριανός

2122 4136 2207 4173 τις
2237 4119 2348 4170 τῶν
2375 4121 2434 4171 ὲν
2464 4117 2779 4186 ἀξιώμασιν
2816 4119 2880 4168 ὲκ
2909 4115 3176 4185 βασιλέως
3230 4114 3694 4185 παραγενόμενος,

2123 4212 2434 4280 γράμματα
2468 4211 2534 4280 τῇ
2570 4208 2778 4276 συνόδῳ
2807 4207 3003 4272 ἐδίδου,
3027 4205 3419 4275 διαγορεύοντα
3446 4207 3572 4258 ὅσον
3599 4210 3697 4257 τα-

2122 4317 2214 4370 χος
2253 4299 2351 4368 τὴν
2399 4294 2757 4366 Ἰερουσαλὴμ
2807 4294 3052 4356 ἐκείνους
3088 4293 3416 4347 καταλαϐεῖν
3463 4295 3558 4346 ἐπὶ
3596 4312 3696 4347 κς-

2123 4390 2376 4462 Θιερὼσει
2422 4389 2515 4441 τοῦ
2549 4388 2697 4440 Θείου
2743 4389 2868 4441 νεώ.
2908 4388 2970 4440 Oi
3016 4387 3062 4440 δ’
3085 4386 3251 4450 εὐθὺς
3291 4387 3366 4450 ὡς
3413 4382 3562 4455 εἶχον
3601 4388 3696 4438 ἐπὶ

2122 4487 2188 4536 τὰ
2231 4482 2585 4552 Ἱεροσόλυμα
2613 4475 2769 4553 ἧκον,
2795 4481 3064 4550 διαφορὰν
3087 4482 3183 4533 καὶ
3212 4479 3479 4550 διχόνοιαν
3510 4482 3695 4532 πᾶσαν

2123 4574 2282 4645 δῆθεν
2320 4577 2384 4626 ἐκ
2425 4573 2595 4643 μέσου
2630 4573 3032 4642 πεποιημένοι·
3071 4573 3166 4625 καὶ
3215 4573 3308 4624 τὸν
3345 4572 3481 4625 νεὼν
3513 4573 3696 4624 καθιέ-

450 4670 669 4727 carunt,
699 4663 926 4716 donaria
958 4660 1119 4715 simul
1154 4670 1209 4714 et
1239 4667 1558 4712 ornamenta
1590 4657 1659 4709 ab
1691 4658 2004 4724 ituperatott

2131 4679 2334 4730 ρωσαν,
2370 4661 2698 4730 ἀναθέμενοι
2719 4660 2755 4713 ἃ.
2778 4660 2939 4728 λόγου
2965 4658 3164 4712 πολλοῦ
3199 4660 3324 4723 ἀξια
3350 4661 3612 4730 κειμήλια
3637 4680 3696 4715 τε

456 4761 620 4808 missa
658 4753 882 4806 maximi
927 4767 1151 4821 prorsus
1205 4749 1367 4818 pretii
1418 4756 1809 4802 consecrantes
1846 4766 1858 4799 :
1900 4763 2022 4818 quae

453 4850 615 4917 longo
664 4862 795 4900 sane
843 4856 965 4913 post
1013 4853 1259 4912 tempore
1309 4841 1378 4894 ibi
1429 4839 1602 4905 iuvre,
1638 4849 1918 4908 stuporem
1967 4853 2023 4894 et

452 4938 956 4993 consternationem
1002 4935 1160 5002 plane
1203 4932 1581 5002 spectantibus
1619 4932 1967 4985 conciliantia
2004 4950 2016 4984 :

454 5038 606 5083 tanta
656 5028 872 5082 illorum
927 5033 1047 5079 erat
1093 5022 1440 5095 magnitudo,
1493 5033 1706 5077 tantum
1740 5027 2020 5092 ’pretium.

457 5119 586 5174 Erat
633 5118 680 5172 is
721 5117 1205 5184 decimusquartus
1253 5117 1458 5167 mensis
1498 5113 1836 5180 Septembris
1880 5115 2021 5178 dies,

455 5211 550 5281 qui
598 5210 666 5264 ab
715 5223 782 5263 eo
829 5217 1077 5275 tempore
1135 5207 1189 5259 iu
1249 5205 1478 5259 ecclesia
1532 5205 2024 5274 Hierosolymitana

457 5301 758 5373 quotannis
806 5298 1023 5368 publice
1069 5296 1138 5350 ab
1185 5295 1442 5350 omnibus
1491 5297 1663 5350 festus
1699 5307 1754 5350 et
1791 5297 2026 5352 celebris

455 5392 695 5461 agitatus
744 5397 850 5449 est,
887 5395 1014 5441 octo
1058 5401 1122 5440 ex
1180 5385 1375 5438 ordine
1420 5386 1615 5439 dit-bus
1658 5387 2023 5442 conventibus

455 5478 822 5534 celebrandis.
850 5476 1062 5541 Quibus
1091 5476 1288 5529 diebus
1315 5475 1556 5529 ex'ontni
1589 5487 1859 5531 terrarum
1886 5479 2022 5533 orbe

462 5571 714 5626 homines
760 5585 827 5622 eo
878 5572 1232 5631 eum'eniunt,
1273 5579 1327 5622 et
1375 5568 1439 5622 ad
1495 5569 1664 5624 festus
1715 5585 2026 5626 conventus

461 5671 820 5722 concurrunt,
856 5677 1056 5726 arcana
1089 5677 1243 5714 sacra
1276 5661 1573 5727 peracturi,
1602 5671 1657 5714 et
1687 5662 1803 5715 loca
1834 5672 2022 5716 sancta

458 5753 755 5826 cognituri.
804 5753 1072 5821 Deinceps
1117 5769 1246 5806 vero
1288 5766 1340 5806 et
1381 5755 1723 5807 ilecautatam
1763 5755 1908 5809 illam
1949 5757 2024 5811 ibi

2130 4755 2225 4804 καὶ
2247 4754 2570 4822 ἀναθήματα
2593 4752 2828 4822 πέμψειε
2858 4753 3109 4821 βασιλεύς
3136 4767 3148 4780 ⁸
3178 4751 3214 4805 ἃ
3238 4753 3376 4822 δῆτα
3410 4753 3594 4823 πολλῷ
3619 4754 3696 4824 τῷ

2130 4845 2259 4914 ἑξῆς
2307 4844 2484 4914 χρόνῳ
2541 4845 2837 4906 ἀνέκειντο,
2887 4844 3223 4913 κατάπληξις
3277 4843 3539 4914 ἄντικρυς
3585 4849 3696 4909 τοῖς

2127 4930 2297 5001 ὁρῶσι
2330 4931 2596 4999 μεγέθους
2626 4947 2682 4982 τε
2712 4932 2807 4983 καὶ
2840 4932 3189 4995 πολυτελείας
3225 4933 3405 4987 ἕνεκα.
3436 4936 3695 5002 Τρισκαι-

2128 5024 2328 5092 δεκάτη
2364 5022 2407 5074 δ’
2439 5019 2506 5093 ἦν
2535 5022 2863 5092 Σεπτεόρίου
2890 5025 3057 5091 μηνός
3081 5039 3095 5050 ·
3128 5027 3195 5094 ἣν
3219 5026 3283 5095 δὴ
3312 5027 3371 5079 τὸ
3400 5025 3458 5091 ἐξ
3488 5029 3694 5082 ἐκείνου

2129 5120 2345 5188 ἐτήσιον
2378 5117 2651 5185 δημοτελῆ
2688 5118 2778 5168 καὶ
2823 5119 3098 5186 περιφανῆ
3131 5119 3322 5190 ἑορτὴν
3361 5121 3484 5188 ἄγει
3515 5123 3548 5191 ἡ
3587 5122 3693 5174 τῶν

2142 5207 2534 5277 Ἰεροσολύμων
2580 5206 2899 5276 Ἐκκλησία,
2929 5208 3020 5258 ἐπὶ
3050 5207 3195 5260 ὀκτὼ
3227 5209 3430 5278 ἐφεξῆς
3461 5212 3694 5281 ἡμέραις

2129 5298 2594 5368 ἐκκλησιάζουσα.
2647 5297 2737 5362 Ἐξ
2798 5297 3018 5366 ἁπάσης
3052 5299 3108 5352 δὲ
3149 5299 3248 5367 τῆς
3285 5303 3385 5368 γῆς
3435 5303 3691 5371 φοιτῶσιν

2131 5389 2410 5457 ἄνθρωποι
2471 5389 2702 5457 μυήσεις
2754 5387 3161 5452 ὲπιτελέσοντες
3209 5391 3351 5444 κατὰ
3397 5392 3600 5454 ταύτας
3632 5395 3690 5462 δὴ

2131 5482 2233 5543 τὰς
2269 5481 2505 5551 ἡμέρας,
2536 5481 2634 5532 καὶ
2665 5478 2786 5532 καθ’
2822 5480 3062 5549 ἱστορίαν
3094 5483 3200 5535 τῶν
3235 5484 3395 5552 ἱερῶν
3422 5486 3605 5538 τόπων
3632 5489 3692 5554 τῇ

2135 5574 2446 5642 πανηγύρει
2505 5572 2912 5642 συντρέχοντες.
2952 5575 3183 5629 Ἔπειτα
3235 5577 3419 5630 δὲκαὶ
3468 5579 3569 5648 τὴν
3603 5597 3694 5630 πο-

2130 5667 2497 5736 λυθρύλλητον
2551 5665 2767 5732 ἐκείνην
2824 5665 3039 5716 σύνοδον
3099 5668 3276 5721 ἐκεῖσε
3329 5672 3690 5739 ποιήσαντες,

2136 5761 2356 5827 Ἀρειον
2388 5759 2481 5812 καὶ
2537 5756 2772 5820 Εὑζώῖον
2818 5757 3234 5827 προσεδέξαντο,
3285 5767 3394 5825 τοῖς
3432 5762 3690 5824 ϐασιλέως
