3928 6536
486 359 587 419 203

1705 356 2119 417 lelEl‘lIUlil
2157 343 2494 416 carus’rt
3617 358 3706 415 seu

487 486 566 522 ter
597 472 706 522 ha‘c
733 469 794 522 ad
827 486 920 522 vos
951 470 1119 523 sczil-i
1155 471 1408 540 pra-cepi.
1438 478 1492 522 ut
1519 484 1707 522 omnes
1733 469 2048 535 quicunque

2155 466 2524 534 είρῃνεύεται,
2553 467 2645 518 καὶ
2678 465 2782 517 τ’ὦν
2821 464 3112 536 βαρῦάρων
3160 462 3342 518 αὐτῶν
3379 463 3435 516 τδ
3471 463 3564 517 τοῦ
3592 465 3712 517 Θεοῦ

485 561 780 614 ιυυιιιιιιιιιιὶ
817 561 982 632 Tyrio
1029 563 1382 624 interfuistis.
1415 563 1552 616 citra
1600 561 2049 627 procrastinatio-

487 672 630 717 ιιι-ιιι,
666 655 716 707 iu
751 655 930 707 aulam
962 654 1406 709 mansuetudinis
1437 664 1638 707 nostrze
1673 654 1872 711 venire,
1902 667 2053 706 accc-

487 749 696 812 lv'lCllS,
728 758 781 802 ct
820 750 984 802 rebus
1035 751 1168 818 ipsis
1194 750 1553 820 judicatinnis
1584 758 1781 804 vestra:
1824 749 2051 804 sinceri-

433 839 439 904 ?
488 852 651 893 tatem
696 851 752 894 ct
800 841 1110 903 veritatem,
1151 857 1236 895 me
1273 850 1666 911 cognoscente,
1709 839 2050 896 declarctis:

441 931 445 936 ⁷
485 948 646 1001 quem
687 948 816 984 sane
851 947 1171 1000 germanum
1207 931 1300 986 Dei
1347 931 1613 986 famulum
1659 946 1778 986 esse
1815 947 1920 985 non
1955 947 2052 986 ne-

442 1011 445 1036 ¹
485 1024 764 1094 gavcrilis.
801 1025 904 1078 Per
934 1037 1106 1076 meam
1148 1035 1298 1077 certe
1341 1023 1564 1092 quidem
1606 1039 1734 1092 erga
1763 1023 1932 1078 Deum
1964 1039 2052 1077 re-

488 1117 786 1185 l‘gionem,
837 1125 1028 1185 pacata
1084 1125 1212 1169 sunt
1264 1114 1470 1183 ultique
1518 1114 1724 1170 omnia.
1763 1115 1902 1180 Quin
1951 1114 2052 1185 ipsi

481 1205 924 1261 etiaurBarbari
989 1205 1195 1260 nomini
1257 1205 1348 1260 Dei
1413 1205 1516 1260 rite
1571 1205 1830 1261 laudibus
1883 1205 2052 1261 bene-

483 1299 694 1360 tliClltll,
733 1297 823 1364 qui
867 1298 1132 1352 hactenus
1167 1297 1454 1351 veritatem
1497 1297 1837 1366 ignorarunt.
1882 1296 2053 1351 Mani-

481 1391 678 1442 festum
731 1375 916 1442 autem
971 1398 1079 1452 est,
1112 1388 1206 1458 qui
1253 1388 1551 1441 veritatem
1584 1401 1691 1440 non
1727 1387 1891 1451 norit,
1927 1402 2050 1440 eum

483 1498 658 1548 neque
710 1480 877 1534 lleum
928 1495 1110 1533 nosse.
1149 1479 1312 1550 655
1349 1480 1756 1543 Verumtamen,
1789 1479 2050 1548 quemad-

484 1575 703 1626 modum
742 1573 906 1626 modo
939 1572 1073 1633 dixi.
1109 1584 1165 1627 et
1200 1572 1426 1626 Barbari
1463 1588 1561 1642 per
1597 1585 1682 1626 me
1729 1586 2050 1642 germanum

481 1666 571 1718 llei
623 1665 974 1730 ministrum,
1019 1664 1192 1718 Deum
1238 1672 1650 1731 cognoverunt,
1701 1671 1757 1717 et
1804 1672 2082 1716 metuere"

480 1759 815 1818 eidiccrunt,
868 1757 1162 1826 ipsumque
1212 1771 1297 1810 me
1337 1755 1542 1825 ubique
1577 1755 1766 1820 tutari,
1795 1767 1850 1809 et
1884 1755 2051 1810 rebus

481 1850 612 1914 lt.SlS
666 1846 799 1899 mihi
858 1846 1175 1916 prospicere
1238 1855 1550 1900 senserunt.
1585 1844 1763 1915 ~Unde
1814 1846 2051 1898 maxime

484 1941 652 1992 Deum
705 1949 932 2002 norunt,
966 1952 1128 2007 quem
1181 1937 1257 1992 illi
1308 1937 1527 2008 quidem
1575 1948 1862 2008 propterea
1903 1936 2049 2006 quod

485 2049 583 2086 nos
620 2043 895 2098 metuunt,
931 2032 1148 2097 colunt;
1183 2047 1284 2086 nos
1314 2041 1520 2094 autem,
1551 2032 1644 2102 qui
1673 2047 1870 2086 arcana
1898 2046 2050 2086 sacra

483 2125 838 2194 benignitatis
889 2123 1012 2192 ejus
1063 2138 1411 2194 propugnare
1467 2122 1631 2193 (quid
1678 2123 1826 2176 enim
1872 2121 2050 2176 dicam

481 2233 706 2270 servare
721 2217 762 2285 ?)
779 2216 1052 2278 videmur,
1080 2229 1196 2276 uos,
1223 2213 1618 2284 inquammihil
1646 2215 1854 2285 agimus
1877 2213 2050 2278 aliud,

481 2327 642 2378 quam
675 2310 820 2379 quod
852 2310 917 2362 ad
953 2309 1282 2364 discordiam
1319 2317 1374 2364 et
1407 2307 1592 2362 odium
1627 2307 1776 2371 facit,
1811 2316 1868 2362 et
1904 2305 2052 2376 quod

483 2415 564 2456 tat
599 2401 928 2470 simpliciter
961 2401 1162 2472 dicam)
1195 2402 1262 2456 ad
1301 2402 1520 2471 generis
1563 2400 1788 2454 humani
1822 2400 2052 2455 exitium

485 2495 745 2548 refertur.
785 2492 984 2548 Verum
1040 2502 1354 2562 properate,
1400 2491 1560 2546 sicuti
1609 2479 1814 2545 dictum
1863 2501 1968 2555 est,
1998 2499 2098 2544 et.

483 2591 548 2640 ad
586 2601 684 2641 nos
728 2587 1141 2657 quamprirmim
1179 2600 1368 2638 amnes
1403 2584 1592 2638 venire
1627 2590 1900 2636 maturate
1934 2599 1946 2635 :
1985 2581 2053 2635 ilo

485 2682 576 2735 lud
602 2696 925 2750 persuasum
960 2679 1246 2742 habentes,
1275 2677 1534 2731 omnibus
1556 2675 1738 2729 nervis
1761 2683 2056 2728 conatnros

487 2791 584 2826 nos
623 2790 769 2836 esse,
802 2780 861 2826 ut
901 2773 967 2824 iis
1001 2787 1121 2840 qua:
1170 2767 1496 2838 corrigenda
1540 2775 1690 2829 sunt,
1724 2764 2050 2825 emendatis.

485 2885 535 2919 ιιι
577 2867 694 2936 lcgc
744 2866 837 2920 Dei
887 2867 1072 2918 omnia
1129 2863 1231 2916 rite
1281 2871 1591 2924 serventur,
1629 2867 1796 2927 utque
1833 2857 1916 2912 eis
1961 2872 2055 2911 ne-

486 2977 590 3027 que
621 2958 882 3027 probrum
909 2970 1090 3025 neque
1121 2968 1284 3024 prava
1311 2953 1492 3022 aliqua
1522 2951 1709 3020 opinio
1734 2959 1790 3004 et
1813 2947 2055 3017 suspicio

486 3055 753 3106 inha=rere
803 3051 1012 3120 possit;
1049 3047 1331 3115 dissipatis
1365 3045 1652 3108 nimirum,
1687 3053 2054 3112 prorsumque

483 3147 712 3212 attritis,
744 3154 908 3213 atque
940 3143 1077 3197 adeo
1113 3140 1349 3194 sublatis
1377 3138 1602 3191 omnino
1629 3136 1764 3206 legis
1795 3133 2051 3200 inimicis,
2081 3171 2124 3229 Ο

484 3241 576 3308 qui
622 3235 845 3306 quidem
893 3232 998 3288 sub
1044 3240 1310 3303 pra‘tcxtu
1357 3227 1532 3282 sancti
1576 3223 2051 3280 nominis'varias

484 3341 651 3398 atque
699 3327 1020 3397 omnigenas
1063 3323 1309 3394 prtcbeut
1355 3317 1746 3389 blasphemias,
1779 3325 1832 3371 et
1863 3317 2049 3371 obtre-

484 3421 668 3476 ctandi
701 3421 1046 3475 occasiones.
1079 3435 1096 3468 ι
1136 3416 1287 3470 Talia
1325 3415 1622 3484 imperator
1649 3427 1773 3465 cum
1801 3409 2056 3479 scripsis-

484 3524 588 3576 set,
623 3513 714 3568 alii
745 3512 966 3582 quidem
993 3509 1240 3580 episcopi
1274 3509 1514 3563 maximo
1545 3505 1722 3560 territi
1755 3511 1923 3569 metu,
1954 3517 2053 3572 pro

483 3625 540 3659 se
577 3605 813 3675 quisque
849 3603 1074 3657 domum
1121 3600 1396 3658 redibant.
1443 3595 1744 3653 Eusebiani
1779 3605 1960 3650 autem
1993 3609 2052 3650 se

487 3701 538 3748 in
581 3696 772 3748 oculos
816 3693 1164 3762 imperatoris
1197 3692 1531 3760 ingerentes,
1565 3689 1766 3757 justam
1802 3701 1922 3742 esse
1965 3701 2053 3758 sy-

487 3785 615 3839 nodi
664 3781 992 3836 senteutiaut
1036 3789 1444 3835 asscveraruut.
1478 3778 1545 3832 Et
1576 3777 1761 3832 uultis
1789 3778 1840 3830 in
1870 3774 2051 3831 Alba-

487 3882 703 3934 nasiunt
759 3877 1025 3932 conviciis
1078 3876 1379 3945 conjectis.
1431 3888 1540 3927 non
1589 3872 1703 3943 jam
1747 3873 1814 3927 de
1852 3871 2053 3941 poculo

483 3979 679 4036 lt'acln,
715 3981 811 4026 aut
843 3986 1053 4031 mensa,
1087 3977 1183 4022 aut
1222 3968 1328 4021 sivi
1361 3967 1601 4020 hominis
1629 3965 1877 4030 brachio,
1904 3965 2050 4035 quod

485 4080 608 4116 tera
659 4079 721 4115 ca
767 4069 976 4123 essent,
1013 4059 1293 4113 instabant
1331 4076 1344 4112 :
1381 4057 1477 4111 sed
1525 4057 1591 4111 ad
1643 4071 1840 4110 novam
1890 4055 2051 4110 aliam

483 4156 781 4223 confugere
829 4153 1186 4206 calumniam.
1223 4150 1485 4204 Minatum
1534 4148 1680 4203 enim
1725 4163 1846 4202 esse
1880 4148 2053 4201 Atha-

481 4249 695 4300 nasium
749 4247 1028 4307 dixerunt,
1062 4243 1397 4298 inhibituros
1442 4258 1538 4296 sua
1583 4241 1842 4295 suasione
1884 4239 2049 4311 Egy-

482 4342 626 4407 ptios
669 4354 813 4399 cs:c,
849 4353 914 4390 ne
960 4337 1300 4390 frmuentum
1346 4349 1444 4403 pro
1478 4349 1546 4387 eo
1589 4341 1752 4402 atque
1783 4331 2052 4386 Constan-

483 4433 632 4484 linus
662 4431 957 4488 sanxisset.
983 4427 1280 4497 quotannis
1307 4425 1636 4480 Alexandria
1663 4424 2055 4479 Constantino-

2156 558 2326 626 ὄνομα
2359 557 2602 626 γνησίως
2643 556 3042 624 εὐλογοὼιτων,
3073 555 3122 607 οἶ
3157 557 3321 625 μέχρι
3345 556 3444 609 νῦν
3473 558 3572 624 τὴν
3596 558 3713 625 ἀλή-

2157 649 2310 702 θειαν
2343 649 2598 718 ἠγνόουν.
2630 649 2800 718 Δῆλον
2826 649 2878 701 δὲ
2912 651 2995 702 ὅτι
3029 650 3056 700 ὁ
3085 649 3184 718 τὴν
3226 647 3483 715 ἀλήθειαν
3519 651 3716 716 ἀγνοίν

2155 743 2274 796 οὐδὲ
2314 743 2407 796 τὸν
2444 741 2578 795 Θεὸν
2615 741 2999 816 ἐπιγινώσκει.
3035 740 3183 811 Πλὴν
3215 741 3388 809 ὅμως,
3420 741 3565 793 καθὰ
3597 759 3712 810 προ-

2155 835 2372 904 είρηται
2395 833 2512 896 νῦν,
2545 835 2640 886 καὶ
2677 834 2726 886 οἱ
2758 833 3026 905 βάρϐαροι
3070 833 3138 887 δι’
3173 831 3296 902 ἐμὲ,
3353 834 3444 884 τὸν
3473 831 3569 886 τοῦ
3592 833 3717 886 Θεοῦ

2155 926 2492 996 θεράποντα,
2528 927 2752 997 γνήσιον
2783 927 3106 994 ἐπέγνωσαν
3134 924 3226 978 τὸν
3255 925 3419 978 Θεόν·
3453 928 3547 980 καὶ
3571 925 3719 978 εὐλα-

2155 1019 2370 1072 ϐεῖσθαι
2423 1017 2778 1089 μεμάθηκαν,
2815 1017 2950 1070 Θεὸν
3003 1017 3410 1088 ὑπερασπίζειν
3454 1034 3560 1086 μου
3593 1034 3718 1068 πανο

2153 1110 2316 1180 ταχοῦ
2349 1110 2446 1164 καὶ
2501 1108 2855 1176 προνοεῖσθαι
2881 1110 2996 1173 τοῖς
3029 1108 3217 1178 ἔργοις
3261 1109 3446 1170 αὐτοῖς
3474 1106 3714 1177 ᾔσθοντο.

2156 1202 2321 1256 Ὅθεν
2352 1202 2587 1271 μάλιστα
2641 1201 2737 1253 καὶ
2783 1201 2933 1253 ῐσασι
2980 1200 3072 1252 τὸν
3101 1197 3258 1265 Θεὸν,
3284 1197 3346 1250 δν
3376 1180 3575 1250 ἐκείνοι
3626 1192 3718 1264 μὲν

2152 1299 2241 1353 διὰ
2271 1297 2361 1351 τὸν
2389 1297 2526 1367 πρὸς
2562 1297 2710 1366 ἡμᾶς
2761 1295 2928 1364 φόϐον
2955 1294 3350 1348 εὐλαϐοῦνται·
3385 1275 3547 1362 ἡμεῖς
3578 1290 3633 1343 δὲ
3671 1291 3716 1342 οἱ

2153 1391 2221 1444 τὰ
2254 1392 2529 1461 μυστήρια
2580 1393 2680 1460 τῆς
2726 1388 3022 1459 εὐμενείας
3075 1387 3223 1456 αὐτῷ
3262 1384 3547 1447 δοκοῦντες
3593 1390 3692 1452 προ

2154 1483 2445 1537 ϐάλλεσθαι
2476 1484 2622 1553 (οὐδὲ
2670 1483 2777 1552 γὰρ
2812 1483 2878 1536 ἂν
2909 1485 3124 1550 είποιμι
3159 1475 3498 1556 φυλάττειν),
3545 1477 3718 1547 ἡμεῖς.

2155 1576 2320 1646 φημὶ,
2352 1576 2504 1629 οὐδὲν
2547 1577 2890 1646 πράττομεν,
2926 1575 2959 1646 ἢ
3009 1577 3079 1628 τὰ
3127 1557 3268 1645 προς
3317 1573 3585 1643 διχόνόιαν
3613 1564 3723 1645 ¹καὶ

2159 1669 2314 1735 μῖσος
2341 1669 2714 1732 συντείνοντα,
2753 1669 2848 1721 καὶ
2895 1668 3084 1730 ἁπλῶς
3115 1668 3318 1733 εἰπεῖν,
3340 1665 3410 1718 τὰ
3438 1663 3576 1733 πρδς
3614 1661 3725 1714 ὖλεέ

2156 1757 2284 1828 θρον
2315 1758 2408 1811 τοῦ
2445 1760 2791 1829 ἀνθρωπείου
2835 1760 3030 1830 γένους
3060 1758 3257 1828 ἔχοντα
3285 1757 3387 1828 τὴν
3419 1753 3723 1822 ἀναφοράν.

2085 1821 2124 1873 Β
2167 1821 2309 1902 ’Ᾰλὶυ
2343 1821 2658 1922 ἐπείχθητε,
2708 1821 2859 1907 καθα
2890 1821 3242 1923 προείρηται,
3276 1821 3372 1902 καὶ
3405 1847 3542 1918 πρὸς
3579 1821 3725 1914 qui:

2158 1941 2430 1994 σπεύσατε
2468 1943 2670 2003 πάντες
2790 1942 2976 2012 τάχος,
3015 1939 3399 2009 πεπεισμένοι,
3448 1935 3524 1998 ὡς
3566 1932 3727 1988 παντὶ

2157 2033 2334 2085 σθένει
2387 2034 2738 2102 κατορθῶσαι
2777 2038 3141 2105 πειράσομαι,
3187 2033 3336 2094 ὅπως
3369 2031 3426 2084 ιν
3458 2028 3536 2099 τῷ
3577 2026 3726 2094 νόμῳ

2154 2125 2249 2178 τοῦ
2289 2126 2424 2180 Θεοῦ
2476 2128 2654 2180 πάντα
2686 2126 2981 2196 ἐξαιρέτως
3028 2125 3432 2194 φυλάττωνται,
3476 2120 3558 2185 οἷς
3603 2119 3729 2172 οὗτε

2153 2217 2322 2286 ψόγος
2351 2219 2473 2272 οὐδὲ
2507 2218 2798 2282 κακοδοξία
2833 2236 2917 2282 τις
2945 2219 3236 2289 δυνήσεται
3269 2213 3692 2287 προσπλακῆναι
3711 2223 3727 2237 ⁶

2154 2310 2654 2364 διασκεδασθέντων
2702 2311 2906 2382 δηλαδὴ
2949 2311 3045 2365 καὶ
3088 2308 3486 2382 συντριϐέντων
3533 2305 3727 2372 ἄρδην,

2157 2402 2253 2454 καὶ
2286 2403 2569 2467 παντελῶς
2597 2404 3011 2474 ἀφανισθέντων
3035 2405 3147 2458 τῶν
3173 2403 3388 2474 ἐχθρῶν
3415 2401 3508 2454 τοῦ
3532 2398 3724 2460 νόμου,

2153 2495 2352 2558 οἵτινες
2379 2496 2470 2548 ἐπὶ
2493 2497 2850 2566 προσχήματι
2877 2497 2970 2550 τοῦ
2997 2491 3158 2563 ἁγίου
3185 2495 3450 2562 ὀνόματος
3473 2490 3729 2548 ποικίλας

2155 2589 2251 2641 καὶ
2294 2587 2587 2658 διαφόρους
2641 2589 2993 2659 βλασφημίας
3047 2590 3373 2659 παρέχουσι.
3415 2605 3434 2640 ι
3486 2583 3728 2638 Τοιαῦτα

2154 2679 2470 2750 γράψαντος
2498 2681 2592 2734 τοῦ
2623 2681 2914 2751 βασιλέως,
2961 2683 3011 2736 οἱ
3045 2682 3145 2752 μὲν
3178 2682 3330 2736 ἄλλοι
3365 2679 3475 2732 τῶν
3499 2677 3730 2732 ὲπισκόυ

2156 2791 2272 2825 πων
2303 2775 2381 2836 εἰς
2410 2773 2529 2838 δέος
2559 2775 2822 2844 μέγιστον
2869 2775 3104 2836 ἕκαστος
3138 2773 3511 2836 καταστάντες
3538 2770 3729 2824 οἴκαδε

2155 2865 2500 2936 ἀνεχώρουνο
2533 2867 2585 2920 οἱ
2616 2867 2675 2920 δὲ
2719 2868 2849 2938 περὶ
2884 2868 3147 2922 Εὐσέϐιον
3189 2867 3403 2937 βασιλεῖ
3444 2866 3730 2935 ὀφθέντες.

2153 2957 2339 3010 δίκαια
2366 2958 2714 3030 ψηφίσασθαι
2753 2959 2853 3029 τὴν
2883 2960 3100 3014 σύνοδον
3137 2959 3504 3030 ἰσχυρίζοντο.
3551 2955 3734 3009 Πολλὰ

2153 3049 2210 3102 δὲ
2241 3048 2711 3120 λοιδορησάμενοι,
2743 3052 2925 3105 οὐκέτι
2973 3053 3074 3121 μιν
3104 3053 3234 3122 περὶ
3264 3051 3598 3119 κατεαγότος
3628 3065 3734 3101 πο-

2155 3142 2346 3212 τηρίου
2376 3142 2407 3212 ἢ
2443 3143 2750 3216 τραπέζης,
2778 3143 2809 3210 ἦ
2842 3141 3126 3214 βραχίονος
3160 3143 3363 3207 ζῶντος
3398 3141 3597 3211 νεκροῦ
3623 3140 3733 3193 ἑνε-

2157 3251 2354 3288 σταντο
2381 3234 2456 3300 ὡς
2484 3234 2678 3308 εἴησαν
2701 3251 2716 3269 ο
2749 3235 2867 3289 ἀλλ’
2891 3236 2982 3288 ἐπὶ
3008 3235 3202 3306 ἑτέραν
3229 3234 3557 3304 καινοτέραν
3589 3231 3734 3304 ὲχώ-

2157 3339 2286 3393 ρουν
2315 3323 2592 3396 διαϐολήν.
2643 3325 2968 3394 Ἀπειλῆσαι
3019 3325 3128 3397 γὰρ
3161 3325 3349 3394 ἔλεγον
3387 3325 3736 3388 Ἀθανάσιον,

2156 3415 2397 3470 κωλῦσαι
2447 3417 2539 3470 τὸν
2590 3418 2738 3470 σῖτον
2792 3419 3150 3486 Αίγυπτίους,
3197 3418 3259 3472 δν
3317 3421 3738 3479 Κωνσταντῐνος

2155 3507 2446 3572 ἐθέσπιζεν
2476 3509 2536 3574 ἐξ
2587 3509 2997 3580 Ἀλεξανδρείας
3049 3511 3318 3577 κατάγειν
3367 3511 3460 3564 ἐπ’
3501 3511 3620 3573 ἔτος
3653 3510 3740 3571 είς

2160 3602 2736 3656 Κωνσταντινούπολιν
2762 3618 2776 3633 ·
2810 3605 2904 3656 καλ
2929 3604 3022 3656 τὸν
3051 3603 3212 3670 λόγον
3237 3605 3538 3674 ἀκηκοέναι
3577 3603 3742 3656 Ἄδα-

2159 3694 2408 3763 μάντιον,
2446 3694 2838 3760 Ἀννουὸίωνα,
2877 3695 3219 3766 ’Δρσαθίωνα
3245 3699 3344 3752 καὶ
3372 3699 3582 3768 Πέτρον
3604 3698 3738 3757 τοὶς

2157 3785 2509 3848 ἐπισκόπους.
2548 3785 2716 3839 Ταῦτ’
2745 3787 3001 3852 εἰπόντες
3034 3790 3347 3860 ἐκράτησαν
3389 3792 3510 3851 ταῖς
3543 3789 3738 3843 διαϐο-

2156 3876 2527 3946 λαῖς-,ἰσχύει
2561 3879 2670 3948 γὰρ
2717 3879 2981 3943 πολλάκις
3009 3880 3068 3934 τὸ
3114 3881 3330 3951 ψεῦδος,
3377 3885 3506 3935 ὅταν
3547 3885 3576 3936 ὁ
3613 3883 3735 3936 δια·

2157 3969 2370 4021 ϐάλλων
2402 3969 2462 4022 τὸ
2510 3970 2825 4036 ἀξιόπιστον
2877 3971 2996 4043 ἔχῃ.
3035 3974 3209 4037 Εὐθὺς
3253 3974 3364 4045 γὰρ
3397 3977 3425 4028 ό
3475 3977 3737 4045 βασιλεὺς

2159 4061 2530 4130 συναρπαγεὶς
2557 4059 2632 4131 τῷ
2664 4061 2845 4132 θυμῷ,
2874 4064 3159 4134 ἐξόριστον
3189 4065 3247 4118 ὲν
3272 4065 3529 4130 Γαλλίαις
3556 4067 3739 4119 ἐποίει

2155 4151 2248 4203 τὸν
2280 4151 2448 4222 ἄνδρα
2472 4169 2486 4182 ο
2519 4154 2614 4205 καὶ
2641 4153 2903 4224 Τρίὸεριν
2931 4157 3103 4209 οἰκεῖν
3135 4157 3484 4222 κατεδίκαζε.
3517 4161 3737 4230 Πρᾶξαι

2155 4243 2199 4297 δ’
2223 4243 2365 4296 οὕτω
2386 4244 2545 4312 λόγος
2571 4245 2684 4314 ἔχει
2706 4247 2800 4298 τὸν
2826 4249 3265 4314 Κωνσταντίνον,
3292 4249 3353 4303 οὐ
3375 4250 3536 4303 τόσον
3555 4251 3735 4314 ἀληοῆ

2157 4337 2528 4390 πιστεύσαντα
2556 4333 2698 4390 εἶναι
2733 4340 2800 4392 τὰ
2847 4341 3138 4410 είρημένα,
3180 4342 3305 4395 ὅσον
3351 4341 3604 4395 ἑνοῦσθαι
3635 4339 3740 4407 τὴν

2171 4428 2501 4497 Ἐκκλησίαν
2523 4429 2617 4482 καὶ
2646 4430 2770 4492 τοὺς
2799 4426 3400 4501 ἐπισκόπουςόμονοεῖν
3434 4431 3734 4504 ᾑρημένον.

480 4523 646 4592 polim
692 4521 1100 4576 subvehcrctur
1130 4537 1142 4574 2
1175 4531 1352 4587 eaque
1387 4517 1553 4571 verba
1597 4515 1875 4570 audivisse
1908 4514 2051 4568 Ada-

2161 4520 2273 4570 Οὐκ
2306 4518 2476 4581 ἄλλως
2511 4519 2566 4571 δὲ
2611 4519 2755 4572 τοῦτ’
2797 4523 2922 4590 ἐνῆν
2952 4522 3231 4589 γενέσθαι,
3269 4524 3318 4576 εί
3371 4526 3445 4593 μὴ
3481 4517 3737 4571 ἐκποδὼν

482 4617 772 4679 uiantium,
809 4613 1224 4676 Auuubionem,
1256 4609 1675 4673 Arbathionem,
1714 4615 1771 4662 et
1800 4607 2050 4670 Petrum,

2161 4612 2374 4674 γένοιτο
2437 4609 2771 4673 Ἀθανάσιος.
2841 4613 3191 4683 Κοινωνῆσαι
3245 4615 3352 4675 γὰρ
3407 4611 3735 4662 παντάπασι

478 4707 790 4775 episcopos.
825 4706 949 4759 ll.ec
983 4705 1303 4774 allegantes,
1329 4716 1550 4756 causam
1586 4699 1880 4754 calumniis
1901 4698 2050 4752 obti-

2155 4703 2270 4763 τοῖς
2304 4703 2434 4768 περὶ
2459 4703 2679 4772 Ἀρειον
2724 4705 3062 4776 ὲξετρέπετο.
3115 4699 3226 4751 Καὶ
3255 4702 3283 4752 ὁ
3329 4700 3430 4770 μὲν
3468 4700 3645 4764 οὕτως
3674 4706 3738 4755 ἐν

481 4813 676 4852 uuere.
727 4798 1119 4867 Saspenuunro
1169 4809 1408 4863 namque
1461 4792 1807 4846 mendacium
1859 4790 2048 4855 vincit,

2157 4788 2418 4860 Τριόἐρει
2445 4791 2546 4861 τῆς
2575 4791 2809 4853 Γαλλίας
2841 4789 3089 4858 ἀπήχθη.

479 4909 602 4946 cum
635 4892 680 4944 is
743 4894 834 4961 qui
863 4890 1192 4944 calumniam
1222 4886 1408 4950 struit,
1437 4884 1592 4939 bona!
1620 4884 1744 4938 fidei
1796 4882 2110 4952 opinionem
2154 4883 2540 4952 consequitur.
2570 4881 2871 4937 Confestim
2910 4879 3078 4948 igitur
3109 4880 3416 4950 imperator
3451 4884 3738 4936 iracundia

480 5000 804 5056 correptus,
855 4989 1032 5041 virum
1087 4986 1142 5040 in
1199 4983 1405 5039 Gallias
1464 4984 1762 5052 relegatum
1823 4979 2083 5034 Treviros
2147 4979 2308 5050 jubet
2366 4979 2630 5034 incolere.
2690 4977 2860 5048 quue
2924 4977 2998 5032 ita
3054 4977 3248 5032 fecisse
3303 4980 3737 5032 Coristautinum

482 5082 673 5152 Opinio
743 5089 846 5140 est,
889 5094 998 5132 non
1045 5087 1152 5129 tam
1185 5073 1334 5142 quod
1382 5088 1507 5127 vera
1556 5088 1679 5127 esse
1713 5087 1833 5142 quae
1879 5071 1930 5124 in
1979 5085 2106 5124 eum
2148 5070 2290 5124 dicta
2339 5070 2580 5135 fuerant,
2635 5069 2954 5133 crediderit,
2993 5083 3158 5138 quam
3209 5079 3269 5124 ut
3315 5070 3608 5152 Ecclesiam
3647 5070 3738 5124 ad

483 5147 751 5229 unitatem
791 5183 843 5226 et
913 5172 1203 5241 episcopos
1237 5167 1303 5221 ad
1338 5169 1690 5222 concordiam
1736 5167 2085 5235 perduceret.
2126 5162 2280 5228 Quod
2315 5163 2535 5234 quidem
2573 5163 2731 5217 aliter
2777 5161 2895 5216 fieri
2925 5178 3035 5217 non
3068 5162 3272 5231 potuit,
3311 5163 3416 5216 nisi
3486 5147 3744 5216 Ath'ana-

483 5274 593 5324 sius
665 5270 1022 5337 relegaretur.
1079 5265 1244 5336 656
1294 5264 1750 5319 Couuuunionem
1817 5262 1965 5316 enim
2032 5259 2362 5314 Arianorum
2415 5259 2642 5314 omnino
2694 5257 3072 5314 aversabatur.
3127 5261 3305 5328 Atque
3358 5259 3449 5314 ille
3490 5257 3555 5311 ad
3597 5271 3744 5310 eum

485 5365 707 5437 quidem
739 5359 984 5429 pmodum
1039 5362 1102 5413 ad
1159 5359 1415 5414 Treviros
1473 5359 1524 5410 in
1565 5357 1790 5411 Galliam
1837 5365 1916 5408 est
1963 5354 2254 5408 abductus.

2051 5583 2111 5594 ν..
