  <div class='ocr_page' id='page_1' title='image "/cluster/home/n/w/nwhite01/storage/ocr_20150623/146/hvd.32044019208347/113.png"; bbox 0 0 3928 6540; ppageno 0'>
   <div class='ocr_carea' id='block_1_1' title="bbox 451 429 550 491">
    <p class='ocr_par' dir='ltr' id='par_1_1' title="bbox 451 429 550 491">
     <span class='ocr_line' id='line_1_1' title="bbox 451 429 550 491; baseline 0.03 -3"><span class='ocrx_word' id='word_1_1' title='bbox 451 429 550 491; x_wconf 72' lang='grc' dir='ltr'><strong>ΞΗ</strong></span> 
     </span>
    </p>
   </div>
   <div class='ocr_carea' id='block_1_2' title="bbox 954 548 1511 620">
    <p class='ocr_par' dir='ltr' id='par_1_2' title="bbox 954 548 1511 620">
     <span class='ocr_line' id='line_1_2' title="bbox 954 548 1511 620; baseline 0.011 -17"><span class='ocrx_word' id='word_1_2' title='bbox 954 548 1120 620; x_wconf 71' lang='lat' dir='ltr'><strong>eeo</strong></span> <span class='ocrx_word' id='word_1_3' title='bbox 1146 550 1373 608; x_wconf 70' lang='lat' dir='ltr'><strong>CAPUT</strong></span> <span class='ocrx_word' id='word_1_4' title='bbox 1402 554 1511 610; x_wconf 83' lang='lat' dir='ltr'><strong>Ltl.</strong></span> 
     </span>
    </p>
   </div>
   <div class='ocr_carea' id='block_1_3' title="bbox 451 630 2025 724">
    <p class='ocr_par' dir='ltr' id='par_1_3' title="bbox 451 630 2025 724">
     <span class='ocr_line' id='line_1_3' title="bbox 451 630 2025 724; baseline 0.012 -36"><span class='ocrx_word' id='word_1_5' title='bbox 451 635 529 689; x_wconf 83' lang='lat' dir='ltr'><strong>De</strong></span> <span class='ocrx_word' id='word_1_6' title='bbox 577 638 811 724; x_wconf 28' lang='lat' dir='ltr'><strong>iianuic</strong></span> <span class='ocrx_word' id='word_1_7' title='bbox 869 630 1051 711; x_wconf 73' lang='lat' dir='ltr'><strong>postea</strong></span> <span class='ocrx_word' id='word_1_8' title='bbox 1101 644 1442 724; x_wconf 60' lang='lat' dir='ltr'><strong>Alexandria:</strong></span> <span class='ocrx_word' id='word_1_9' title='bbox 1486 650 1812 723; x_wconf 70' lang='lat' dir='ltr'><strong>acciderunt,</strong></span> <span class='ocrx_word' id='word_1_10' title='bbox 1866 661 1913 705; x_wconf 82' lang='lat' dir='ltr'><strong>et</strong></span> <span class='ocrx_word' id='word_1_11' title='bbox 1961 655 2025 707; x_wconf 83' lang='lat' dir='ltr'><strong>de</strong></span> 
     </span>
    </p>
   </div>
   <div class='ocr_carea' id='block_1_4' title="bbox 519 718 2024 787">
    <p class='ocr_par' dir='ltr' id='par_1_4' title="bbox 519 718 2024 787">
     <span class='ocr_line' id='line_1_4' title="bbox 519 718 2024 787; baseline 0.011 -26"><span class='ocrx_word' id='word_1_12' title='bbox 519 718 889 787; x_wconf 65' lang='lat' dir='ltr'><strong>constitutione</strong></span> <span class='ocrx_word' id='word_1_13' title='bbox 933 729 1095 783; x_wconf 79' lang='lat' dir='ltr'><strong>quam</strong></span> <span class='ocrx_word' id='word_1_14' title='bbox 1130 718 1424 787; x_wconf 71' lang='lat' dir='ltr'><strong>imperator</strong></span> <span class='ocrx_word' id='word_1_15' title='bbox 1469 729 1654 773; x_wconf 84' lang='lat' dir='ltr'><strong>contra</strong></span> <span class='ocrx_word' id='word_1_16' title='bbox 1694 719 1870 777; x_wconf 73' lang='lat' dir='ltr'><strong>omnes</strong></span> <span class='ocrx_word' id='word_1_17' title='bbox 1903 724 2024 778; x_wconf 79' lang='lat' dir='ltr'><strong>tulit</strong></span> 
     </span>
    </p>
   </div>
   <div class='ocr_carea' id='block_1_5' title="bbox 520 779 764 839">
    <p class='ocr_par' dir='ltr' id='par_1_5' title="bbox 520 779 764 839">
     <span class='ocr_line' id='line_1_5' title="bbox 520 779 764 839; baseline 0.012 -7"><span class='ocrx_word' id='word_1_18' title='bbox 520 779 764 839; x_wconf 65' lang='lat' dir='ltr'><strong>hereses.</strong></span> 
     </span>
    </p>
   </div>
   <div class='ocr_carea' id='block_1_6' title="bbox 522 893 2023 979">
    <p class='ocr_par' dir='ltr' id='par_1_6' title="bbox 522 893 2023 979">
     <span class='ocr_line' id='line_1_6' title="bbox 522 893 2023 979; baseline 0.009 -31"><span class='ocrx_word' id='word_1_19' title='bbox 522 893 606 948; x_wconf 85' lang='lat' dir='ltr'><strong>Eo</strong></span> <span class='ocrx_word' id='word_1_20' title='bbox 644 903 753 950; x_wconf 90' lang='lat' dir='ltr'><strong>tam</strong></span> <span class='ocrx_word' id='word_1_21' title='bbox 793 897 937 954; x_wconf 68' lang='lat' dir='ltr'><strong>fmda</strong></span> <span class='ocrx_word' id='word_1_22' title='bbox 970 909 1145 957; x_wconf 86' lang='lat' dir='ltr'><strong>morte</strong></span> <span class='ocrx_word' id='word_1_23' title='bbox 1170 903 1408 967; x_wconf 84' lang='lat' dir='ltr'><strong>sublato,</strong></span> <span class='ocrx_word' id='word_1_24' title='bbox 1443 905 1605 961; x_wconf 82' lang='lat' dir='ltr'><strong>finem</strong></span> <span class='ocrx_word' id='word_1_25' title='bbox 1642 915 1820 963; x_wconf 86' lang='lat' dir='ltr'><strong>tamen</strong></span> <span class='ocrx_word' id='word_1_26' title='bbox 1850 923 2023 979; x_wconf 77' lang='lat' dir='ltr'><strong>nuga-</strong></span> 
     </span>
    </p>
   </div>
   <div class='ocr_carea' id='block_1_7' title="bbox 452 988 2025 1069">
    <p class='ocr_par' dir='ltr' id='par_1_7' title="bbox 452 988 2025 1069">
     <span class='ocr_line' id='line_1_7' title="bbox 452 988 2025 1069; baseline 0.009 -30"><span class='ocrx_word' id='word_1_27' title='bbox 452 995 638 1042; x_wconf 84' lang='lat' dir='ltr'><strong>menta</strong></span> <span class='ocrx_word' id='word_1_28' title='bbox 665 988 786 1058; x_wconf 86' lang='lat' dir='ltr'><strong>ejus</strong></span> <span class='ocrx_word' id='word_1_29' title='bbox 812 1006 921 1045; x_wconf 92' lang='lat' dir='ltr'><strong>non</strong></span> <span class='ocrx_word' id='word_1_30' title='bbox 962 991 1225 1049; x_wconf 77' lang='lat' dir='ltr'><strong>habuere.</strong></span> <span class='ocrx_word' id='word_1_31' title='bbox 1259 996 1450 1065; x_wconf 84' lang='lat' dir='ltr'><strong>Neque</strong></span> <span class='ocrx_word' id='word_1_32' title='bbox 1485 999 1578 1067; x_wconf 90' lang='lat' dir='ltr'><strong>qtti</strong></span> <span class='ocrx_word' id='word_1_33' title='bbox 1614 1000 1871 1055; x_wconf 79' lang='lat' dir='ltr'><strong>factionis</strong></span> <span class='ocrx_word' id='word_1_34' title='bbox 1902 1001 2025 1069; x_wconf 86' lang='lat' dir='ltr'><strong>ejus</strong></span> 
     </span>
    </p>
   </div>
   <div class='ocr_carea' id='block_1_8' title="bbox 453 1082 2023 1157">
    <p class='ocr_par' dir='ltr' id='par_1_8' title="bbox 453 1082 2023 1157">
     <span class='ocr_line' id='line_1_8' title="bbox 453 1082 2023 1157; baseline 0.008 -25"><span class='ocrx_word' id='word_1_35' title='bbox 453 1087 611 1133; x_wconf 87' lang='lat' dir='ltr'><strong>erant</strong></span> <span class='ocrx_word' id='word_1_36' title='bbox 662 1082 749 1136; x_wconf 97' lang='lat' dir='ltr'><strong>vel</strong></span> <span class='ocrx_word' id='word_1_37' title='bbox 790 1083 857 1138; x_wconf 90' lang='lat' dir='ltr'><strong>ad</strong></span> <span class='ocrx_word' id='word_1_38' title='bbox 904 1084 1071 1139; x_wconf 85' lang='lat' dir='ltr'><strong>breve</strong></span> <span class='ocrx_word' id='word_1_39' title='bbox 1108 1095 1324 1157; x_wconf 86' lang='lat' dir='ltr'><strong>tempus</strong></span> <span class='ocrx_word' id='word_1_40' title='bbox 1367 1088 1656 1144; x_wconf 85' lang='lat' dir='ltr'><strong>desierunt</strong></span> <span class='ocrx_word' id='word_1_41' title='bbox 1701 1090 1932 1145; x_wconf 83' lang='lat' dir='ltr'><strong>insidias</strong></span> <span class='ocrx_word' id='word_1_42' title='bbox 1973 1090 2023 1144; x_wconf 83' lang='lat' dir='ltr'><strong>ci</strong></span> 
     </span>
    </p>
   </div>
   <div class='ocr_carea' id='block_1_9' title="bbox 451 1176 2026 1253">
    <p class='ocr_par' dir='ltr' id='par_1_9' title="bbox 451 1176 2026 1253">
     <span class='ocr_line' id='line_1_9' title="bbox 451 1176 2026 1253; baseline 0.008 -27"><span class='ocrx_word' id='word_1_43' title='bbox 451 1181 692 1235; x_wconf 85' lang='lat' dir='ltr'><strong>struere,</strong></span> <span class='ocrx_word' id='word_1_44' title='bbox 729 1176 823 1244; x_wconf 89' lang='lat' dir='ltr'><strong>qui</strong></span> <span class='ocrx_word' id='word_1_45' title='bbox 879 1177 931 1230; x_wconf 92' lang='lat' dir='ltr'><strong>in</strong></span> <span class='ocrx_word' id='word_1_46' title='bbox 984 1177 1199 1232; x_wconf 85' lang='lat' dir='ltr'><strong>diversa</strong></span> <span class='ocrx_word' id='word_1_47' title='bbox 1233 1190 1392 1236; x_wconf 86' lang='lat' dir='ltr'><strong>erant</strong></span> <span class='ocrx_word' id='word_1_48' title='bbox 1440 1184 1737 1241; x_wconf 77' lang='lat' dir='ltr'><strong>sententia.</strong></span> <span class='ocrx_word' id='word_1_49' title='bbox 1778 1184 2026 1253; x_wconf 81' lang='lat' dir='ltr'><strong>Populus</strong></span> 
     </span>
    </p>
   </div>
   <div class='ocr_carea' id='block_1_10' title="bbox 454 1265 2019 1349">
    <p class='ocr_par' dir='ltr' id='par_1_10' title="bbox 454 1265 2019 1349">
     <span class='ocr_line' id='line_1_10' title="bbox 454 1265 2019 1349; baseline 0.008 -31"><span class='ocrx_word' id='word_1_50' title='bbox 454 1280 587 1349; x_wconf 88' lang='lat' dir='ltr'><strong>sane</strong></span> <span class='ocrx_word' id='word_1_51' title='bbox 636 1265 1042 1323; x_wconf 73' lang='lat' dir='ltr'><strong>Alexandrinus</strong></span> <span class='ocrx_word' id='word_1_52' title='bbox 1097 1270 1417 1341; x_wconf 85' lang='lat' dir='ltr'><strong>frequenter</strong></span> <span class='ocrx_word' id='word_1_53' title='bbox 1473 1266 1540 1327; x_wconf 77' lang='lat' dir='ltr'><strong>ad</strong></span> <span class='ocrx_word' id='word_1_54' title='bbox 1605 1277 2019 1344; x_wconf 82' lang='lat' dir='ltr'><strong>imperatorem.</strong></span> 
     </span>
    </p>
   </div>
   <div class='ocr_carea' id='block_1_11' title="bbox 453 1353 2024 1440">
    <p class='ocr_par' dir='ltr' id='par_1_11' title="bbox 453 1353 2024 1440">
     <span class='ocr_line' id='line_1_11' title="bbox 453 1353 2024 1440; baseline 0.012 -35"><span class='ocrx_word' id='word_1_55' title='bbox 453 1353 548 1421; x_wconf 93' lang='lat' dir='ltr'><strong>qui</strong></span> <span class='ocrx_word' id='word_1_56' title='bbox 577 1355 628 1410; x_wconf 90' lang='lat' dir='ltr'><strong>ei</strong></span> <span class='ocrx_word' id='word_1_57' title='bbox 661 1356 741 1410; x_wconf 84' lang='lat' dir='ltr'><strong>de&#39;</strong></span> <span class='ocrx_word' id='word_1_58' title='bbox 763 1359 1118 1414; x_wconf 85' lang='lat' dir='ltr'><strong>restitutione</strong></span> <span class='ocrx_word' id='word_1_59' title='bbox 1148 1361 1437 1418; x_wconf 77' lang='lat' dir='ltr'><strong>Athanasii</strong></span> <span class='ocrx_word' id='word_1_60' title='bbox 1470 1367 1862 1423; x_wconf 81' lang='lat' dir='ltr'><strong>miserabiliter</strong></span> <span class='ocrx_word' id='word_1_61' title='bbox 1897 1385 2024 1440; x_wconf 85' lang='lat' dir='ltr'><strong>sup-</strong></span> 
     </span>
    </p>
   </div>
   <div class='ocr_carea' id='block_1_12' title="bbox 454 1444 2027 1528">
    <p class='ocr_par' dir='ltr' id='par_1_12' title="bbox 454 1444 2027 1528">
     <span class='ocr_line' id='line_1_12' title="bbox 454 1444 2027 1528; baseline 0.012 -30"><span class='ocrx_word' id='word_1_62' title='bbox 454 1444 746 1512; x_wconf 72' lang='lat' dir='ltr'><strong>aliearunt,</strong></span> <span class='ocrx_word' id='word_1_63' title='bbox 779 1448 949 1504; x_wconf 86' lang='lat' dir='ltr'><strong>misit.</strong></span> <span class='ocrx_word' id='word_1_64' title='bbox 984 1450 1051 1505; x_wconf 82' lang='lat' dir='ltr'><strong>Et</strong></span> <span class='ocrx_word' id='word_1_65' title='bbox 1084 1454 1151 1507; x_wconf 91' lang='lat' dir='ltr'><strong>ad</strong></span> <span class='ocrx_word' id='word_1_66' title='bbox 1180 1456 1441 1513; x_wconf 88' lang='lat' dir='ltr'><strong>eumdem</strong></span> <span class='ocrx_word' id='word_1_67' title='bbox 1468 1459 1693 1528; x_wconf 85' lang='lat' dir='ltr'><strong>scripsit</strong></span> <span class='ocrx_word' id='word_1_68' title='bbox 1722 1462 1890 1515; x_wconf 88' lang='lat' dir='ltr'><strong>multa</strong></span> <span class='ocrx_word' id='word_1_69' title='bbox 1915 1463 2027 1518; x_wconf 86' lang='lat' dir='ltr'><strong>vir-</strong></span> 
     </span>
    </p>
   </div>
   <div class='ocr_carea' id='block_1_13' title="bbox 455 1540 2023 1613">
    <p class='ocr_par' dir='ltr' id='par_1_13' title="bbox 455 1540 2023 1613">
     <span class='ocr_line' id='line_1_13' title="bbox 455 1540 2023 1613; baseline 0.014 -22"><span class='ocrx_word' id='word_1_70' title='bbox 455 1546 569 1593; x_wconf 87' lang='lat' dir='ltr'><strong>tute</strong></span> <span class='ocrx_word' id='word_1_71' title='bbox 603 1540 815 1609; x_wconf 86' lang='lat' dir='ltr'><strong>pollens</strong></span> <span class='ocrx_word' id='word_1_72' title='bbox 845 1543 1139 1611; x_wconf 85' lang='lat' dir='ltr'><strong>Antonius,</strong></span> <span class='ocrx_word' id='word_1_73' title='bbox 1169 1563 1239 1602; x_wconf 91' lang='lat' dir='ltr'><strong>ne</strong></span> <span class='ocrx_word' id='word_1_74' title='bbox 1273 1552 1500 1607; x_wconf 87' lang='lat' dir='ltr'><strong>omnino</strong></span> <span class='ocrx_word' id='word_1_75' title='bbox 1536 1551 1830 1611; x_wconf 83' lang='lat' dir='ltr'><strong>Melitianis</strong></span> <span class='ocrx_word' id='word_1_76' title='bbox 1862 1558 2023 1613; x_wconf 81' lang='lat' dir='ltr'><strong>fidem</strong></span> 
     </span>
    </p>
   </div>
   <div class='ocr_carea' id='block_1_14' title="bbox 454 1627 2018 1712">
    <p class='ocr_par' dir='ltr' id='par_1_14' title="bbox 454 1627 2018 1712">
     <span class='ocr_line' id='line_1_14' title="bbox 454 1627 2018 1712; baseline 0.014 -31"><span class='ocrx_word' id='word_1_77' title='bbox 454 1627 703 1696; x_wconf 80' lang='lat' dir='ltr'><strong>haberet,</strong></span> <span class='ocrx_word' id='word_1_78' title='bbox 736 1634 830 1687; x_wconf 91' lang='lat' dir='ltr'><strong>sed</strong></span> <span class='ocrx_word' id='word_1_79' title='bbox 862 1635 1049 1703; x_wconf 88' lang='lat' dir='ltr'><strong>potius</strong></span> <span class='ocrx_word' id='word_1_80' title='bbox 1080 1645 1142 1692; x_wconf 86' lang='lat' dir='ltr'><strong>ut</strong></span> <span class='ocrx_word' id='word_1_81' title='bbox 1173 1642 1586 1711; x_wconf 81' lang='lat' dir='ltr'><strong>sycophantiam</strong></span> <span class='ocrx_word' id='word_1_82' title='bbox 1622 1647 1852 1702; x_wconf 89' lang='lat' dir='ltr'><strong>omnino</strong></span> <span class='ocrx_word' id='word_1_83' title='bbox 1875 1664 2018 1712; x_wconf 87' lang='lat' dir='ltr'><strong>esse,</strong></span> 
     </span>
    </p>
   </div>
   <div class='ocr_carea' id='block_1_15' title="bbox 454 1723 2021 1803">
    <p class='ocr_par' dir='ltr' id='par_1_15' title="bbox 454 1723 2021 1803">
     <span class='ocr_line' id='line_1_15' title="bbox 454 1723 2021 1803; baseline 0.015 -30"><span class='ocrx_word' id='word_1_84' title='bbox 454 1723 778 1778; x_wconf 77' lang='lat' dir='ltr'><strong>intentatam</strong></span> <span class='ocrx_word' id='word_1_85' title='bbox 793 1726 1091 1786; x_wconf 85' lang='lat' dir='ltr'><strong>Athanasio</strong></span> <span class='ocrx_word' id='word_1_86' title='bbox 1102 1733 1533 1799; x_wconf 82' lang='lat' dir='ltr'><strong>accusationem,</strong></span> <span class='ocrx_word' id='word_1_87' title='bbox 1548 1737 1818 1803; x_wconf 83' lang='lat' dir='ltr'><strong>crederet,</strong></span> <span class='ocrx_word' id='word_1_88' title='bbox 1838 1754 2021 1795; x_wconf 87' lang='lat' dir='ltr'><strong>orans.</strong></span> 
     </span>
    </p>
   </div>
   <div class='ocr_carea' id='block_1_16' title="bbox 450 1814 2022 1899">
    <p class='ocr_par' dir='ltr' id='par_1_16' title="bbox 450 1814 2022 1899">
     <span class='ocr_line' id='line_1_16' title="bbox 450 1814 2022 1899; baseline 0.014 -34"><span class='ocrx_word' id='word_1_89' title='bbox 450 1814 753 1884; x_wconf 81' lang='lat' dir='ltr'><strong>Imperator</strong></span> <span class='ocrx_word' id='word_1_90' title='bbox 810 1828 993 1875; x_wconf 89' lang='lat' dir='ltr'><strong>autem</strong></span> <span class='ocrx_word' id='word_1_91' title='bbox 1033 1838 1380 1895; x_wconf 83' lang='lat' dir='ltr'><strong>nequaquam</strong></span> <span class='ocrx_word' id='word_1_92' title='bbox 1434 1828 1754 1896; x_wconf 85' lang='lat' dir='ltr'><strong>persuaderi</strong></span> <span class='ocrx_word' id='word_1_93' title='bbox 1798 1832 2022 1899; x_wconf 88' lang='lat' dir='ltr'><strong>potuit:</strong></span> 
     </span>
    </p>
   </div>
   <div class='ocr_carea' id='block_1_17' title="bbox 1671 447 2467 510">
    <p class='ocr_par' dir='ltr' id='par_1_17' title="bbox 1671 447 2467 510">
     <span class='ocr_line' id='line_1_17' title="bbox 1671 447 2467 510; baseline 0.005 -5"><span class='ocrx_word' id='word_1_94' title='bbox 1671 447 2082 507; x_wconf 67' lang='lat' dir='ltr'><strong>NICEl’lIOEil</strong></span> <span class='ocrx_word' id='word_1_95' title='bbox 2131 450 2467 510; x_wconf 69' lang='lat' dir='ltr'><strong>C.\l.i.lS&#39;l‘l</strong></span> 
     </span>
    </p>
   </div>
   <div class='ocr_carea' id='block_1_18' title="bbox 3592 447 3687 527">
    <p class='ocr_par' dir='ltr' id='par_1_18' title="bbox 3592 447 3687 527">
     <span class='ocr_line' id='line_1_18' title="bbox 3592 447 3687 527; baseline -0.021 -14"><span class='ocrx_word' id='word_1_96' title='bbox 3592 447 3687 527; x_wconf 70' lang='lat'><strong>212</strong></span> 
     </span>
    </p>
   </div>
   <div class='ocr_carea' id='block_1_19' title="bbox 2712 565 3107 621">
    <p class='ocr_par' dir='ltr' id='par_1_19' title="bbox 2712 565 3107 621">
     <span class='ocr_line' id='line_1_19' title="bbox 2712 565 3107 621; baseline 0 -2"><span class='ocrx_word' id='word_1_97' title='bbox 2712 568 2750 619; x_wconf 84' lang='lat' dir='ltr'><strong>K</strong></span> <span class='ocrx_word' id='word_1_98' title='bbox 2764 568 2929 618; x_wconf 60' lang='grc' dir='ltr'>ίίιίιλλ</span> <span class='ocrx_word' id='word_1_99' title='bbox 2945 607 2957 617; x_wconf 90' lang='grc'>.</span> <span class='ocrx_word' id='word_1_100' title='bbox 2987 565 3107 621; x_wconf 74' lang='lat' dir='ltr'><strong>NB’.</strong></span> 
     </span>
    </p>
   </div>
   <div class='ocr_carea' id='block_1_20' title="bbox 2131 657 3687 726">
    <p class='ocr_par' dir='ltr' id='par_1_20' title="bbox 2131 657 3687 726">
     <span class='ocr_line' id='line_1_20' title="bbox 2131 657 3687 726; baseline -0.001 -16"><span class='ocrx_word' id='word_1_101' title='bbox 2131 657 2267 718; x_wconf 67' lang='grc' dir='ltr'>Περὶ</span> <span class='ocrx_word' id='word_1_102' title='bbox 2302 658 2421 709; x_wconf 75' lang='grc' dir='ltr'>τῶν</span> <span class='ocrx_word' id='word_1_103' title='bbox 2441 657 2589 725; x_wconf 71' lang='grc' dir='ltr'>μετὰ</span> <span class='ocrx_word' id='word_1_104' title='bbox 2624 657 2811 711; x_wconf 66' lang='grc' dir='ltr'>ταῦτα</span> <span class='ocrx_word' id='word_1_105' title='bbox 2847 659 3259 726; x_wconf 68' lang='grc' dir='ltr'><strong>γεγενημένων</strong></span> <span class='ocrx_word' id='word_1_106' title='bbox 3319 659 3387 710; x_wconf 71' lang='grc' dir='ltr'>ἐν</span> <span class='ocrx_word' id='word_1_107' title='bbox 3413 657 3687 726; x_wconf 60' lang='grc' dir='ltr'>Ἀλεξαγέ</span> 
     </span>
    </p>
   </div>
   <div class='ocr_carea' id='block_1_21' title="bbox 2200 725 3686 795">
    <p class='ocr_par' dir='ltr' id='par_1_21' title="bbox 2200 725 3686 795">
     <span class='ocr_line' id='line_1_21' title="bbox 2200 725 3686 795; baseline 0 -17"><span class='ocrx_word' id='word_1_108' title='bbox 2200 727 2396 795; x_wconf 71' lang='grc' dir='ltr'>δρείῃ·</span> <span class='ocrx_word' id='word_1_109' title='bbox 2426 728 2525 780; x_wconf 60' lang='grc' dir='ltr'><strong>καί</strong></span> <span class='ocrx_word' id='word_1_110' title='bbox 2557 729 2689 792; x_wconf 78' lang='grc' dir='ltr'>περὶ</span> <span class='ocrx_word' id='word_1_111' title='bbox 2745 725 2859 781; x_wconf 76' lang='grc' dir='ltr'>τοῦ</span> <span class='ocrx_word' id='word_1_112' title='bbox 2892 733 3081 791; x_wconf 73' lang='grc' dir='ltr'>νόμου</span> <span class='ocrx_word' id='word_1_113' title='bbox 3113 728 3185 782; x_wconf 74' lang='grc' dir='ltr'><strong>ὃν</strong></span> <span class='ocrx_word' id='word_1_114' title='bbox 3209 728 3514 794; x_wconf 70' lang='grc' dir='ltr'>,ϐασιλεὺς</span> <span class='ocrx_word' id='word_1_115' title='bbox 3549 725 3686 780; x_wconf 80' lang='grc' dir='ltr'>κατὰ</span> 
     </span>
    </p>
   </div>
   <div class='ocr_carea' id='block_1_22' title="bbox 2199 796 3107 866">
    <p class='ocr_par' dir='ltr' id='par_1_22' title="bbox 2199 796 3107 866">
     <span class='ocr_line' id='line_1_22' title="bbox 2199 796 3107 866; baseline 0.002 -16"><span class='ocrx_word' id='word_1_116' title='bbox 2199 796 2417 850; x_wconf 75' lang='grc' dir='ltr'>πασῶν</span> <span class='ocrx_word' id='word_1_117' title='bbox 2448 798 2616 851; x_wconf 75' lang='grc' dir='ltr'>ἔθετο</span> <span class='ocrx_word' id='word_1_118' title='bbox 2652 797 2768 851; x_wconf 85' lang='grc' dir='ltr'><strong>τῶν</strong></span> <span class='ocrx_word' id='word_1_119' title='bbox 2798 798 3107 866; x_wconf 72' lang='grc' dir='ltr'>αἱρέσεων.</span> 
     </span>
    </p>
   </div>
   <div class='ocr_carea' id='block_1_23' title="bbox 2198 911 3687 985">
    <p class='ocr_par' dir='ltr' id='par_1_23' title="bbox 2198 911 3687 985">
     <span class='ocr_line' id='line_1_23' title="bbox 2198 911 3687 985; baseline -0.003 -19"><span class='ocrx_word' id='word_1_120' title='bbox 2198 914 2307 967; x_wconf 74' lang='grc' dir='ltr'><strong>Καὶ</strong></span> <span class='ocrx_word' id='word_1_121' title='bbox 2344 915 2537 965; x_wconf 88' lang='grc' dir='ltr'>τούτου</span> <span class='ocrx_word' id='word_1_122' title='bbox 2567 912 2612 965; x_wconf 85' lang='grc' dir='ltr'>δ’</span> <span class='ocrx_word' id='word_1_123' title='bbox 2643 913 2819 976; x_wconf 76' lang='grc' dir='ltr'>οὕτως</span> <span class='ocrx_word' id='word_1_124' title='bbox 2843 914 3088 985; x_wconf 77' lang='grc' dir='ltr'><strong>αἰσχρῶς</strong></span> <span class='ocrx_word' id='word_1_125' title='bbox 3118 917 3179 966; x_wconf 75' lang='grc' dir='ltr'>τὸ</span> <span class='ocrx_word' id='word_1_126' title='bbox 3219 911 3319 984; x_wconf 73' lang='grc' dir='ltr'><strong>ζῇν</strong></span> <span class='ocrx_word' id='word_1_127' title='bbox 3352 912 3687 982; x_wconf 69' lang='grc' dir='ltr'>ἀπορρήξαν-</span> 
     </span>
    </p>
   </div>
   <div class='ocr_carea' id='block_1_24' title="bbox 2125 1004 3688 1074">
    <p class='ocr_par' dir='ltr' id='par_1_24' title="bbox 2125 1004 3688 1074">
     <span class='ocr_line' id='line_1_24' title="bbox 2125 1004 3688 1074; baseline -0.001 -17"><span class='ocrx_word' id='word_1_128' title='bbox 2125 1022 2239 1070; x_wconf 87' lang='grc' dir='ltr'>τος,</span> <span class='ocrx_word' id='word_1_129' title='bbox 2283 1005 2404 1074; x_wconf 74' lang='grc' dir='ltr'>οὐχὶ</span> <span class='ocrx_word' id='word_1_130' title='bbox 2455 1005 2611 1068; x_wconf 81' lang='grc' dir='ltr'>τέλος</span> <span class='ocrx_word' id='word_1_131' title='bbox 2662 1004 2819 1074; x_wconf 80' lang='grc' dir='ltr'>ἔσχον</span> <span class='ocrx_word' id='word_1_132' title='bbox 2869 1010 2963 1059; x_wconf 70' lang='grc' dir='ltr'>καὶ</span> <span class='ocrx_word' id='word_1_133' title='bbox 3015 1008 3071 1058; x_wconf 81' lang='grc' dir='ltr'>αἱ</span> <span class='ocrx_word' id='word_1_134' title='bbox 3104 1007 3316 1060; x_wconf 80' lang='grc' dir='ltr'>ἐκείνου</span> <span class='ocrx_word' id='word_1_135' title='bbox 3368 1005 3688 1074; x_wconf 79' lang='grc' dir='ltr'>ὲρεσχελίαι,</span> 
     </span>
    </p>
   </div>
   <div class='ocr_carea' id='block_1_25' title="bbox 2125 1098 3693 1170">
    <p class='ocr_par' dir='ltr' id='par_1_25' title="bbox 2125 1098 3693 1170">
     <span class='ocr_line' id='line_1_25' title="bbox 2125 1098 3693 1170; baseline -0.001 -21"><span class='ocrx_word' id='word_1_136' title='bbox 2125 1098 2243 1151; x_wconf 71' lang='grc' dir='ltr'>οὐδὲ</span> <span class='ocrx_word' id='word_1_137' title='bbox 2275 1099 2324 1150; x_wconf 77' lang='lat' dir='ltr'><strong>oi</strong></span> <span class='ocrx_word' id='word_1_138' title='bbox 2355 1099 2412 1164; x_wconf 72' lang='grc' dir='ltr'><strong>ἐξ</strong></span> <span class='ocrx_word' id='word_1_139' title='bbox 2448 1098 2666 1151; x_wconf 64' lang='grc' dir='ltr'>ἐκείνου</span> <span class='ocrx_word' id='word_1_140' title='bbox 2703 1098 2842 1170; x_wconf 69' lang='grc' dir='ltr'>πρὸς</span> <span class='ocrx_word' id='word_1_141' title='bbox 2895 1100 3071 1168; x_wconf 80' lang='grc' dir='ltr'>βραχῦ</span> <span class='ocrx_word' id='word_1_142' title='bbox 3106 1098 3239 1167; x_wconf 77' lang='grc' dir='ltr'>γοῦν</span> <span class='ocrx_word' id='word_1_143' title='bbox 3277 1098 3523 1167; x_wconf 79' lang='grc' dir='ltr'>ἠρέμουν</span> <span class='ocrx_word' id='word_1_144' title='bbox 3569 1099 3693 1167; x_wconf 73' lang='grc' dir='ltr'>συρο</span> 
     </span>
    </p>
   </div>
   <div class='ocr_carea' id='block_1_26' title="bbox 2129 1190 3691 1263">
    <p class='ocr_par' dir='ltr' id='par_1_26' title="bbox 2129 1190 3691 1263">
     <span class='ocr_line' id='line_1_26' title="bbox 2129 1190 3691 1263; baseline -0.003 -18"><span class='ocrx_word' id='word_1_145' title='bbox 2129 1193 2362 1263; x_wconf 71' lang='grc' dir='ltr'>ῥάπτειν</span> <span class='ocrx_word' id='word_1_146' title='bbox 2416 1191 2710 1253; x_wconf 71' lang='grc' dir='ltr'>ἐπιϐουλὰς</span> <span class='ocrx_word' id='word_1_147' title='bbox 2760 1194 2876 1247; x_wconf 81' lang='grc' dir='ltr'>τοῖς</span> <span class='ocrx_word' id='word_1_148' title='bbox 2925 1192 3188 1244; x_wconf 88' lang='grc' dir='ltr'>τάναντία</span> <span class='ocrx_word' id='word_1_149' title='bbox 3238 1190 3580 1256; x_wconf 73' lang='grc' dir='ltr'><strong>δοξάζουσιν.</strong></span> <span class='ocrx_word' id='word_1_150' title='bbox 3634 1191 3691 1242; x_wconf 90' lang='lat'><strong>&#39;0</strong></span> 
     </span>
    </p>
   </div>
   <div class='ocr_carea' id='block_1_27' title="bbox 2129 1277 3693 1351">
    <p class='ocr_par' dir='ltr' id='par_1_27' title="bbox 2129 1277 3693 1351">
     <span class='ocr_line' id='line_1_27' title="bbox 2129 1277 3693 1351; baseline -0.001 -18"><span class='ocrx_word' id='word_1_151' title='bbox 2129 1281 2228 1350; x_wconf 79' lang='grc' dir='ltr'>μὲν</span> <span class='ocrx_word' id='word_1_152' title='bbox 2259 1277 2354 1334; x_wconf 79' lang='grc' dir='ltr'>οὖν</span> <span class='ocrx_word' id='word_1_153' title='bbox 2380 1282 2489 1334; x_wconf 82' lang='grc' dir='ltr'><strong>τῶν</strong></span> <span class='ocrx_word' id='word_1_154' title='bbox 2528 1281 2929 1350; x_wconf 78' lang='grc' dir='ltr'><strong>Ἀλεξανδρέων</strong></span> <span class='ocrx_word' id='word_1_155' title='bbox 2959 1283 3133 1349; x_wconf 75' lang='grc' dir='ltr'>δῆμος</span> <span class='ocrx_word' id='word_1_156' title='bbox 3187 1281 3398 1351; x_wconf 82' lang='grc' dir='ltr'>συχνῶς</span> <span class='ocrx_word' id='word_1_157' title='bbox 3432 1283 3512 1342; x_wconf 83' lang='grc' dir='ltr'><strong>είς</strong></span> <span class='ocrx_word' id='word_1_158' title='bbox 3540 1281 3693 1349; x_wconf 87' lang='grc' dir='ltr'>βασι-</span> 
     </span>
    </p>
   </div>
   <div class='ocr_carea' id='block_1_28' title="bbox 2124 1372 3692 1443">
    <p class='ocr_par' dir='ltr' id='par_1_28' title="bbox 2124 1372 3692 1443">
     <span class='ocr_line' id='line_1_28' title="bbox 2124 1372 3692 1443; baseline -0.003 -16"><span class='ocrx_word' id='word_1_159' title='bbox 2124 1375 2221 1427; x_wconf 80' lang='grc' dir='ltr'>λέα</span> <span class='ocrx_word' id='word_1_160' title='bbox 2283 1376 2594 1442; x_wconf 79' lang='grc' dir='ltr'><strong>πέμποντες</strong></span> <span class='ocrx_word' id='word_1_161' title='bbox 2653 1375 2786 1443; x_wconf 72' lang='grc' dir='ltr'>περὶ</span> <span class='ocrx_word' id='word_1_162' title='bbox 2855 1374 2959 1442; x_wconf 78' lang='grc' dir='ltr'>τῆς</span> <span class='ocrx_word' id='word_1_163' title='bbox 3024 1373 3357 1426; x_wconf 79' lang='grc' dir='ltr'>Ἀθανασίου</span> <span class='ocrx_word' id='word_1_164' title='bbox 3425 1372 3692 1435; x_wconf 80' lang='grc' dir='ltr'><strong>καθόδου,</strong></span> 
     </span>
    </p>
   </div>
   <div class='ocr_carea' id='block_1_29' title="bbox 2124 1466 3698 1538">
    <p class='ocr_par' dir='ltr' id='par_1_29' title="bbox 2124 1466 3698 1538">
     <span class='ocr_line' id='line_1_29' title="bbox 2124 1466 3698 1538; baseline -0.002 -18"><span class='ocrx_word' id='word_1_165' title='bbox 2124 1468 2359 1538; x_wconf 85' lang='grc' dir='ltr'>οἰκτρῶς</span> <span class='ocrx_word' id='word_1_166' title='bbox 2392 1468 2691 1537; x_wconf 78' lang='grc' dir='ltr'>ὲλιπάρουν</span> <span class='ocrx_word' id='word_1_167' title='bbox 2719 1484 2733 1499; x_wconf 76' lang='grc' dir='ltr'><strong>ο</strong></span> <span class='ocrx_word' id='word_1_168' title='bbox 2761 1467 2969 1536; x_wconf 69' lang='grc' dir='ltr'>ἔγραφε</span> <span class='ocrx_word' id='word_1_169' title='bbox 3002 1467 3058 1519; x_wconf 77' lang='grc' dir='ltr'>δὲ</span> <span class='ocrx_word' id='word_1_170' title='bbox 3087 1466 3179 1519; x_wconf 75' lang='grc' dir='ltr'>καὶ</span> <span class='ocrx_word' id='word_1_171' title='bbox 3205 1467 3233 1520; x_wconf 81' lang='grc' dir='ltr'><strong>ὁ</strong></span> <span class='ocrx_word' id='word_1_172' title='bbox 3262 1466 3433 1530; x_wconf 80' lang='grc' dir='ltr'>πολὺς</span> <span class='ocrx_word' id='word_1_173' title='bbox 3454 1466 3556 1535; x_wconf 79' lang='grc' dir='ltr'>τὴν</span> <span class='ocrx_word' id='word_1_174' title='bbox 3578 1467 3698 1535; x_wconf 80' lang='grc' dir='ltr'>ὁρε-</span> 
     </span>
    </p>
   </div>
   <div class='ocr_carea' id='block_1_30' title="bbox 2124 1557 3694 1629">
    <p class='ocr_par' dir='ltr' id='par_1_30' title="bbox 2124 1557 3694 1629">
     <span class='ocr_line' id='line_1_30' title="bbox 2124 1557 3694 1629; baseline -0.001 -17"><span class='ocrx_word' id='word_1_175' title='bbox 2124 1560 2225 1629; x_wconf 80' lang='grc' dir='ltr'>τὴν</span> <span class='ocrx_word' id='word_1_176' title='bbox 2267 1557 2568 1623; x_wconf 83' lang='grc' dir='ltr'>Ἀντώνιος,</span> <span class='ocrx_word' id='word_1_177' title='bbox 2604 1559 2952 1626; x_wconf 24' lang='grc' dir='ltr'>εάντιϐολῶν,</span> <span class='ocrx_word' id='word_1_178' title='bbox 3002 1560 3075 1629; x_wconf 80' lang='grc' dir='ltr'><strong>μὴ</strong></span> <span class='ocrx_word' id='word_1_179' title='bbox 3133 1559 3368 1627; x_wconf 79' lang='grc' dir='ltr'><strong>πάμπαν</strong></span> <span class='ocrx_word' id='word_1_180' title='bbox 3424 1558 3694 1611; x_wconf 77' lang='grc' dir='ltr'><strong>πιστεύειν</strong></span> 
     </span>
    </p>
   </div>
   <div class='ocr_carea' id='block_1_31' title="bbox 2124 1644 3695 1718">
    <p class='ocr_par' dir='ltr' id='par_1_31' title="bbox 2124 1644 3695 1718">
     <span class='ocr_line' id='line_1_31' title="bbox 2124 1644 3695 1718; baseline -0.003 -15"><span class='ocrx_word' id='word_1_181' title='bbox 2124 1652 2235 1713; x_wconf 77' lang='grc' dir='ltr'>τοῖς</span> <span class='ocrx_word' id='word_1_182' title='bbox 2271 1650 2617 1712; x_wconf 87' lang='grc' dir='ltr'>Μελιτιανοίς</span> <span class='ocrx_word' id='word_1_183' title='bbox 2644 1665 2657 1679; x_wconf 87' lang='grc'><strong>·</strong></span> <span class='ocrx_word' id='word_1_184' title='bbox 2693 1648 3062 1716; x_wconf 66' lang='grc' dir='ltr'><strong>συκοφαντίας</strong></span> <span class='ocrx_word' id='word_1_185' title='bbox 3091 1647 3140 1701; x_wconf 89' lang='grc' dir='ltr'>δ’</span> <span class='ocrx_word' id='word_1_186' title='bbox 3176 1647 3392 1718; x_wconf 83' lang='grc' dir='ltr'>ἀληθῶς</span> <span class='ocrx_word' id='word_1_187' title='bbox 3439 1644 3581 1700; x_wconf 82' lang='grc' dir='ltr'>εῖναι</span> <span class='ocrx_word' id='word_1_188' title='bbox 3611 1665 3695 1700; x_wconf 84' lang='grc' dir='ltr'>πι-</span> 
     </span>
    </p>
   </div>
   <div class='ocr_carea' id='block_1_32' title="bbox 2126 1739 3698 1810">
    <p class='ocr_par' dir='ltr' id='par_1_32' title="bbox 2126 1739 3698 1810">
     <span class='ocr_line' id='line_1_32' title="bbox 2126 1739 3698 1810; baseline -0.003 -15"><span class='ocrx_word' id='word_1_189' title='bbox 2126 1741 2337 1795; x_wconf 80' lang='grc' dir='ltr'><strong>στεύειν</strong></span> <span class='ocrx_word' id='word_1_190' title='bbox 2366 1742 2465 1805; x_wconf 75' lang='grc' dir='ltr'><strong>τὰς</strong></span> <span class='ocrx_word' id='word_1_191' title='bbox 2490 1743 2611 1795; x_wconf 85' lang='grc' dir='ltr'>κατ’</span> <span class='ocrx_word' id='word_1_192' title='bbox 2660 1740 2986 1799; x_wconf 79' lang='grc' dir='ltr'>Ἀθανασίου</span> <span class='ocrx_word' id='word_1_193' title='bbox 3018 1739 3380 1810; x_wconf 86' lang='grc' dir='ltr'>κατηγορίας.</span> <span class='ocrx_word' id='word_1_194' title='bbox 3427 1739 3488 1792; x_wconf 87' lang='grc' dir='ltr'><strong>Ὀ</strong></span> <span class='ocrx_word' id='word_1_195' title='bbox 3515 1740 3569 1792; x_wconf 81' lang='grc' dir='ltr'>δὲ</span> <span class='ocrx_word' id='word_1_196' title='bbox 3605 1740 3698 1809; x_wconf 60' lang='grc' dir='ltr'><strong>βι-</strong></span> 
     </span>
    </p>
   </div>
   <div class='ocr_carea' id='block_1_33' title="bbox 2127 1831 3698 1904">
    <p class='ocr_par' dir='ltr' id='par_1_33' title="bbox 2127 1831 3698 1904">
     <span class='ocr_line' id='line_1_33' title="bbox 2127 1831 3698 1904; baseline -0.003 -17"><span class='ocrx_word' id='word_1_197' title='bbox 2127 1835 2308 1897; x_wconf 80' lang='grc' dir='ltr'>σιλεῦς</span> <span class='ocrx_word' id='word_1_198' title='bbox 2347 1835 2600 1904; x_wconf 81' lang='grc' dir='ltr'><strong>οὐδαμῶς</strong></span> <span class='ocrx_word' id='word_1_199' title='bbox 2655 1835 2903 1887; x_wconf 73' lang='grc' dir='ltr'>ἐπείθετο</span> <span class='ocrx_word' id='word_1_200' title='bbox 2937 1870 2950 1893; x_wconf 90' lang='grc'><strong>,</strong></span> <span class='ocrx_word' id='word_1_201' title='bbox 2992 1832 3130 1886; x_wconf 77' lang='grc' dir='ltr'>ἀλλὰ</span> <span class='ocrx_word' id='word_1_202' title='bbox 3179 1832 3259 1903; x_wconf 81' lang='grc' dir='ltr'>τῷ</span> <span class='ocrx_word' id='word_1_203' title='bbox 3311 1833 3412 1900; x_wconf 81' lang='grc' dir='ltr'>μὲν</span> <span class='ocrx_word' id='word_1_204' title='bbox 3454 1831 3698 1896; x_wconf 78' lang='grc' dir='ltr'>’Δλεξαν-</span> 
     </span>
    </p>
   </div>
   <div class='ocr_carea' id='block_1_34' title="bbox 451 1908 2028 1998">
    <p class='ocr_par' dir='ltr' id='par_1_34' title="bbox 451 1908 2022 1988">
     <span class='ocr_line' id='line_1_34' title="bbox 451 1908 2022 1988; baseline 0.012 -29"><span class='ocrx_word' id='word_1_205' title='bbox 451 1908 548 1962; x_wconf 87' lang='lat' dir='ltr'><strong>sed</strong></span> <span class='ocrx_word' id='word_1_206' title='bbox 602 1911 808 1981; x_wconf 85' lang='lat' dir='ltr'><strong>populo</strong></span> <span class='ocrx_word' id='word_1_207' title='bbox 858 1912 1236 1971; x_wconf 78' lang='lat' dir='ltr'><strong>Alexandrino</strong></span> <span class='ocrx_word' id='word_1_208' title='bbox 1287 1919 1639 1988; x_wconf 87' lang='lat' dir='ltr'><strong>rescribens,</strong></span> <span class='ocrx_word' id='word_1_209' title='bbox 1690 1921 2022 1978; x_wconf 87' lang='lat' dir='ltr'><strong>dementiam</strong></span> 
     </span>
    </p>
   </div>
   <div class='ocr_carea' id='block_1_35' title="bbox 2135 1908 3693 1998">
    <p class='ocr_par' dir='ltr' id='par_1_35' title="bbox 2135 1924 3693 1998">
     <span class='ocr_line' id='line_1_35' title="bbox 2135 1924 3693 1998; baseline -0.004 -18"><span class='ocrx_word' id='word_1_210' title='bbox 2135 1928 2296 1997; x_wconf 77' lang='grc' dir='ltr'>Βρέων</span> <span class='ocrx_word' id='word_1_211' title='bbox 2324 1928 2486 1998; x_wconf 84' lang='grc' dir='ltr'>δήμῳ</span> <span class='ocrx_word' id='word_1_212' title='bbox 2536 1930 2767 1997; x_wconf 72' lang='grc' dir='ltr'>γράφων</span> <span class='ocrx_word' id='word_1_213' title='bbox 2796 1927 2986 1980; x_wconf 80' lang='grc' dir='ltr'>ἄνοιαν</span> <span class='ocrx_word' id='word_1_214' title='bbox 3015 1927 3111 1979; x_wconf 68' lang='grc' dir='ltr'>καὶ</span> <span class='ocrx_word' id='word_1_215' title='bbox 3153 1924 3386 1991; x_wconf 77' lang='grc' dir='ltr'><strong>ἀταξίαν</strong></span> <span class='ocrx_word' id='word_1_216' title='bbox 3416 1925 3660 1977; x_wconf 75' lang='grc' dir='ltr'><strong>ἐνεκάλει</strong></span> <span class='ocrx_word' id='word_1_217' title='bbox 3678 1939 3693 1954; x_wconf 78' lang='grc' dir='ltr'><strong><em>ο</em></strong></span> 
     </span>
    </p>
   </div>
   <div class='ocr_carea' id='block_1_36' title="bbox 453 2003 2024 2083">
    <p class='ocr_par' dir='ltr' id='par_1_36' title="bbox 453 2003 2024 2083">
     <span class='ocr_line' id='line_1_36' title="bbox 453 2003 2024 2083; baseline 0.012 -30"><span class='ocrx_word' id='word_1_218' title='bbox 453 2009 619 2068; x_wconf 80' lang='lat' dir='ltr'><strong>atque</strong></span> <span class='ocrx_word' id='word_1_219' title='bbox 655 2003 1025 2061; x_wconf 77' lang='lat' dir='ltr'><strong>inordinatam</strong></span> <span class='ocrx_word' id='word_1_220' title='bbox 1069 2009 1450 2065; x_wconf 76' lang='lat' dir='ltr'><strong>confusionem</strong></span> <span class='ocrx_word' id='word_1_221' title='bbox 1493 2014 1715 2083; x_wconf 73' lang='lat' dir='ltr'><strong>ottjecit.</strong></span> <span class='ocrx_word' id='word_1_222' title='bbox 1750 2015 2024 2071; x_wconf 86' lang='lat' dir='ltr'><strong>Sacerdo-</strong></span> 
     </span>
    </p>
   </div>
   <div class='ocr_carea' id='block_1_37' title="bbox 450 2094 2022 2173">
    <p class='ocr_par' dir='ltr' id='par_1_37' title="bbox 450 2094 2022 2173">
     <span class='ocr_line' id='line_1_37' title="bbox 450 2094 2022 2173; baseline 0.011 -27"><span class='ocrx_word' id='word_1_223' title='bbox 450 2094 606 2149; x_wconf 76' lang='lat' dir='ltr'><strong>tibus</strong></span> <span class='ocrx_word' id='word_1_224' title='bbox 659 2107 870 2162; x_wconf 81' lang='lat' dir='ltr'><strong>autem,</strong></span> <span class='ocrx_word' id='word_1_225' title='bbox 916 2108 975 2155; x_wconf 87' lang='lat' dir='ltr'><strong>et</strong></span> <span class='ocrx_word' id='word_1_226' title='bbox 1026 2102 1403 2172; x_wconf 75' lang='lat' dir='ltr'><strong>virginitatem</strong></span> <span class='ocrx_word' id='word_1_227' title='bbox 1441 2106 1757 2163; x_wconf 86' lang='lat' dir='ltr'><strong>colentibus</strong></span> <span class='ocrx_word' id='word_1_228' title='bbox 1789 2108 2022 2173; x_wconf 72' lang='lat' dir='ltr'><strong>scilicet,</strong></span> 
     </span>
    </p>
   </div>
   <div class='ocr_carea' id='block_1_38' title="bbox 454 2192 2025 2272">
    <p class='ocr_par' dir='ltr' id='par_1_38' title="bbox 454 2192 2025 2272">
     <span class='ocr_line' id='line_1_38' title="bbox 454 2192 2025 2272; baseline 0.01 -31"><span class='ocrx_word' id='word_1_229' title='bbox 454 2198 515 2242; x_wconf 90' lang='lat' dir='ltr'><strong>ut</strong></span> <span class='ocrx_word' id='word_1_230' title='bbox 553 2192 725 2259; x_wconf 87' lang='lat' dir='ltr'><strong>quieti</strong></span> <span class='ocrx_word' id='word_1_231' title='bbox 771 2203 992 2257; x_wconf 85' lang='lat' dir='ltr'><strong>essent,</strong></span> <span class='ocrx_word' id='word_1_232' title='bbox 1032 2198 1330 2253; x_wconf 81' lang='lat' dir='ltr'><strong>mandavit.</strong></span> <span class='ocrx_word' id='word_1_233' title='bbox 1366 2197 1556 2269; x_wconf 82' lang='lat' dir='ltr'><strong>Neque</strong></span> <span class='ocrx_word' id='word_1_234' title='bbox 1587 2199 1734 2255; x_wconf 87' lang='lat' dir='ltr'><strong>enim</strong></span> <span class='ocrx_word' id='word_1_235' title='bbox 1785 2217 2025 2272; x_wconf 88' lang='lat' dir='ltr'><strong>unquam</strong></span> 
     </span>
    </p>
   </div>
   <div class='ocr_carea' id='block_1_39' title="bbox 453 2289 2025 2366">
    <p class='ocr_par' dir='ltr' id='par_1_39' title="bbox 453 2289 2025 2366">
     <span class='ocr_line' id='line_1_39' title="bbox 453 2289 2025 2366; baseline 0.009 -30"><span class='ocrx_word' id='word_1_236' title='bbox 453 2300 514 2337; x_wconf 89' lang='lat' dir='ltr'><strong>se</strong></span> <span class='ocrx_word' id='word_1_237' title='bbox 571 2294 917 2340; x_wconf 84' lang='lat' dir='ltr'><strong>mutaturum</strong></span> <span class='ocrx_word' id='word_1_238' title='bbox 966 2289 1033 2343; x_wconf 90' lang='lat' dir='ltr'><strong>de</strong></span> <span class='ocrx_word' id='word_1_239' title='bbox 1084 2290 1385 2352; x_wconf 80' lang='lat' dir='ltr'><strong>Athanasio</strong></span> <span class='ocrx_word' id='word_1_240' title='bbox 1438 2294 1800 2360; x_wconf 87' lang='lat' dir='ltr'><strong>sententiam,</strong></span> <span class='ocrx_word' id='word_1_241' title='bbox 1844 2311 2025 2366; x_wconf 90' lang='lat' dir='ltr'><strong>neque</strong></span> 
     </span>
    </p>
   </div>
   <div class='ocr_carea' id='block_1_40' title="bbox 452 2381 2023 2452">
    <p class='ocr_par' dir='ltr' id='par_1_40' title="bbox 452 2381 2023 2452">
     <span class='ocr_line' id='line_1_40' title="bbox 452 2381 2023 2452; baseline 0.01 -29"><span class='ocrx_word' id='word_1_242' title='bbox 452 2386 584 2424; x_wconf 88' lang='lat' dir='ltr'><strong>eum</strong></span> <span class='ocrx_word' id='word_1_243' title='bbox 621 2386 1007 2430; x_wconf 79' lang='lat' dir='ltr'><strong>revocaturum</strong></span> <span class='ocrx_word' id='word_1_244' title='bbox 1055 2392 1177 2433; x_wconf 85' lang='lat' dir='ltr'><strong>esse</strong></span> <span class='ocrx_word' id='word_1_245' title='bbox 1216 2381 1456 2435; x_wconf 82' lang='lat' dir='ltr'><strong>asseruit</strong></span> <span class='ocrx_word' id='word_1_246' title='bbox 1493 2398 1506 2435; x_wconf 89' lang='lat'><strong>:</strong></span> <span class='ocrx_word' id='word_1_247' title='bbox 1545 2393 1802 2452; x_wconf 89' lang='lat' dir='ltr'><strong>tanquam</strong></span> <span class='ocrx_word' id='word_1_248' title='bbox 1840 2386 2023 2439; x_wconf 89' lang='lat' dir='ltr'><strong>virum</strong></span> 
     </span>
    </p>
   </div>
   <div class='ocr_carea' id='block_1_41' title="bbox 454 2465 2022 2545">
    <p class='ocr_par' dir='ltr' id='par_1_41' title="bbox 454 2465 2022 2545">
     <span class='ocr_line' id='line_1_41' title="bbox 454 2465 2022 2545; baseline 0.008 -28"><span class='ocrx_word' id='word_1_249' title='bbox 454 2465 812 2533; x_wconf 86' lang='lat' dir='ltr'><strong>seditiosum,</strong></span> <span class='ocrx_word' id='word_1_250' title='bbox 866 2477 923 2523; x_wconf 89' lang='lat' dir='ltr'><strong>et</strong></span> <span class='ocrx_word' id='word_1_251' title='bbox 976 2470 1247 2526; x_wconf 86' lang='lat' dir='ltr'><strong>malorum</strong></span> <span class='ocrx_word' id='word_1_252' title='bbox 1306 2482 1663 2542; x_wconf 87' lang='lat' dir='ltr'><strong>patratorem,</strong></span> <span class='ocrx_word' id='word_1_253' title='bbox 1715 2476 2022 2545; x_wconf 71' lang='lat' dir='ltr'><strong>prresertim</strong></span> 
     </span>
    </p>
   </div>
   <div class='ocr_carea' id='block_1_42' title="bbox 454 2560 2019 2634">
    <p class='ocr_par' dir='ltr' id='par_1_42' title="bbox 454 2560 2019 2634">
     <span class='ocr_line' id='line_1_42' title="bbox 454 2560 2019 2634; baseline 0.006 -23"><span class='ocrx_word' id='word_1_254' title='bbox 454 2574 579 2611; x_wconf 89' lang='lat' dir='ltr'><strong>cum</strong></span> <span class='ocrx_word' id='word_1_255' title='bbox 647 2560 1027 2617; x_wconf 89' lang='lat' dir='ltr'><strong>ecclesiastico</strong></span> <span class='ocrx_word' id='word_1_256' title='bbox 1094 2565 1309 2634; x_wconf 85' lang='lat' dir='ltr'><strong>judicio</strong></span> <span class='ocrx_word' id='word_1_257' title='bbox 1381 2567 1784 2622; x_wconf 89' lang='lat' dir='ltr'><strong>condemnatus</strong></span> <span class='ocrx_word' id='word_1_258' title='bbox 1849 2575 2019 2623; x_wconf 87' lang='lat' dir='ltr'><strong>esset.</strong></span> 
     </span>
    </p>
   </div>
   <div class='ocr_carea' id='block_1_43' title="bbox 454 2650 2029 2730">
    <p class='ocr_par' dir='ltr' id='par_1_43' title="bbox 454 2650 2029 2730">
     <span class='ocr_line' id='line_1_43' title="bbox 454 2650 2029 2730; baseline 0.008 -28"><span class='ocrx_word' id='word_1_259' title='bbox 454 2650 606 2704; x_wconf 72' lang='lat' dir='ltr'><strong>Clam</strong></span> <span class='ocrx_word' id='word_1_260' title='bbox 638 2666 857 2722; x_wconf 88' lang='lat' dir='ltr'><strong>quoque</strong></span> <span class='ocrx_word' id='word_1_261' title='bbox 888 2655 1133 2710; x_wconf 89' lang='lat' dir='ltr'><strong>Antonio</strong></span> <span class='ocrx_word' id='word_1_262' title='bbox 1171 2656 1539 2726; x_wconf 77' lang='lat' dir='ltr'><strong>signiﬁcavit,</strong></span> <span class='ocrx_word' id='word_1_263' title='bbox 1586 2674 1645 2713; x_wconf 88' lang='lat' dir='ltr'><strong>se</strong></span> <span class='ocrx_word' id='word_1_264' title='bbox 1685 2659 1880 2730; x_wconf 77' lang='lat' dir='ltr'><strong>synodi</strong></span> <span class='ocrx_word' id='word_1_265' title='bbox 1928 2659 2029 2714; x_wconf 83' lang='lat' dir='ltr'><strong>de-</strong></span> 
     </span>
    </p>
   </div>
   <div class='ocr_carea' id='block_1_44' title="bbox 453 2746 2023 2823">
    <p class='ocr_par' dir='ltr' id='par_1_44' title="bbox 453 2746 2023 2823">
     <span class='ocr_line' id='line_1_44' title="bbox 453 2746 2023 2823; baseline 0.007 -27"><span class='ocrx_word' id='word_1_266' title='bbox 453 2753 603 2799; x_wconf 84' lang='lat' dir='ltr'><strong>creta</strong></span> <span class='ocrx_word' id='word_1_267' title='bbox 646 2760 756 2799; x_wconf 91' lang='lat' dir='ltr'><strong>non</strong></span> <span class='ocrx_word' id='word_1_268' title='bbox 802 2746 962 2802; x_wconf 78' lang='lat' dir='ltr'><strong>facile</strong></span> <span class='ocrx_word' id='word_1_269' title='bbox 1012 2748 1167 2804; x_wconf 88' lang='lat' dir='ltr'><strong>irrita</strong></span> <span class='ocrx_word' id='word_1_270' title='bbox 1201 2749 1383 2807; x_wconf 89' lang='lat' dir='ltr'><strong>facere</strong></span> <span class='ocrx_word' id='word_1_271' title='bbox 1413 2768 1594 2823; x_wconf 90' lang='lat' dir='ltr'><strong>posse.</strong></span> <span class='ocrx_word' id='word_1_272' title='bbox 1625 2753 1761 2807; x_wconf 87' lang='lat' dir='ltr'><strong>Nam</strong></span> <span class='ocrx_word' id='word_1_273' title='bbox 1802 2752 2023 2808; x_wconf 88' lang='lat' dir='ltr'><strong>etiamsi</strong></span> 
     </span>
    </p>
   </div>
   <div class='ocr_carea' id='block_1_45' title="bbox 455 2838 2025 2914">
    <p class='ocr_par' dir='ltr' id='par_1_45' title="bbox 455 2838 2025 2914">
     <span class='ocr_line' id='line_1_45' title="bbox 455 2838 2025 2914; baseline 0.007 -25"><span class='ocrx_word' id='word_1_274' title='bbox 455 2838 635 2904; x_wconf 86' lang='lat' dir='ltr'><strong>pauci,</strong></span> <span class='ocrx_word' id='word_1_275' title='bbox 670 2839 871 2909; x_wconf 82' lang='lat' dir='ltr'><strong>inquit,</strong></span> <span class='ocrx_word' id='word_1_276' title='bbox 917 2839 1143 2904; x_wconf 88' lang='lat' dir='ltr'><strong>fuerint.</strong></span> <span class='ocrx_word' id='word_1_277' title='bbox 1178 2845 1272 2914; x_wconf 91' lang='lat' dir='ltr'><strong>qui</strong></span> <span class='ocrx_word' id='word_1_278' title='bbox 1311 2845 1498 2899; x_wconf 87' lang='lat' dir='ltr'><strong>hostili</strong></span> <span class='ocrx_word' id='word_1_279' title='bbox 1533 2847 1721 2900; x_wconf 88' lang='lat' dir='ltr'><strong>animo</strong></span> <span class='ocrx_word' id='word_1_280' title='bbox 1747 2845 2025 2901; x_wconf 83' lang='lat' dir='ltr'><strong>sententia</strong></span> 
     </span>
    </p>
   </div>
   <div class='ocr_carea' id='block_1_46' title="bbox 454 2918 2027 3007">
    <p class='ocr_par' dir='ltr' id='par_1_46' title="bbox 454 2918 2027 3007">
     <span class='ocr_line' id='line_1_46' title="bbox 454 2918 2027 3007; baseline 0.006 -24"><span class='ocrx_word' id='word_1_281' title='bbox 454 2946 553 2983; x_wconf 89' lang='lat' dir='ltr'><strong>sua</strong></span> <span class='ocrx_word' id='word_1_282' title='bbox 602 2918 765 3007; x_wconf 25' lang='lat' dir='ltr'><strong>illum.</strong></span> <span class='ocrx_word' id='word_1_283' title='bbox 801 2935 1130 3004; x_wconf 78' lang='lat' dir='ltr'><strong>jttgularint,</strong></span> <span class='ocrx_word' id='word_1_284' title='bbox 1175 2947 1353 2991; x_wconf 89' lang='lat' dir='ltr'><strong>tamen</strong></span> <span class='ocrx_word' id='word_1_285' title='bbox 1400 2938 1671 3007; x_wconf 89' lang='lat' dir='ltr'><strong>reliquam</strong></span> <span class='ocrx_word' id='word_1_286' title='bbox 1716 2947 2027 2994; x_wconf 86' lang='lat' dir='ltr'><strong>conventus</strong></span> 
     </span>
    </p>
   </div>
   <div class='ocr_carea' id='block_1_47' title="bbox 453 3018 2026 3099">
    <p class='ocr_par' dir='ltr' id='par_1_47' title="bbox 453 3018 2026 3099">
     <span class='ocr_line' id='line_1_47' title="bbox 453 3018 2026 3099; baseline 0.006 -22"><span class='ocrx_word' id='word_1_287' title='bbox 453 3026 574 3095; x_wconf 87' lang='lat' dir='ltr'><strong>ejus</strong></span> <span class='ocrx_word' id='word_1_288' title='bbox 621 3018 1033 3083; x_wconf 80' lang='lat' dir='ltr'><strong>multitudinem</strong></span> <span class='ocrx_word' id='word_1_289' title='bbox 1072 3027 1345 3083; x_wconf 86' lang='lat' dir='ltr'><strong>bonorum</strong></span> <span class='ocrx_word' id='word_1_290' title='bbox 1386 3038 1443 3084; x_wconf 89' lang='lat' dir='ltr'><strong>et</strong></span> <span class='ocrx_word' id='word_1_291' title='bbox 1472 3032 1828 3099; x_wconf 88' lang='lat' dir='ltr'><strong>probatorum</strong></span> <span class='ocrx_word' id='word_1_292' title='bbox 1878 3032 2026 3087; x_wconf 87' lang='lat' dir='ltr'><strong>viro-</strong></span> 
     </span>
    </p>
   </div>
   <div class='ocr_carea' id='block_1_48' title="bbox 457 3121 2023 3197">
    <p class='ocr_par' dir='ltr' id='par_1_48' title="bbox 457 3121 2023 3197">
     <span class='ocr_line' id='line_1_48' title="bbox 457 3121 2023 3197; baseline 0.005 -24"><span class='ocrx_word' id='word_1_293' title='bbox 457 3137 603 3184; x_wconf 90' lang='lat' dir='ltr'><strong>rum,</strong></span> <span class='ocrx_word' id='word_1_294' title='bbox 634 3136 743 3197; x_wconf 87' lang='lat' dir='ltr'><strong>non</strong></span> <span class='ocrx_word' id='word_1_295' title='bbox 777 3123 846 3177; x_wconf 90' lang='lat' dir='ltr'><strong>ita</strong></span> <span class='ocrx_word' id='word_1_296' title='bbox 878 3121 1203 3190; x_wconf 85' lang='lat' dir='ltr'><strong>simpliciter</strong></span> <span class='ocrx_word' id='word_1_297' title='bbox 1225 3131 1282 3177; x_wconf 91' lang='lat' dir='ltr'><strong>et</strong></span> <span class='ocrx_word' id='word_1_298' title='bbox 1309 3131 1514 3176; x_wconf 90' lang='lat' dir='ltr'><strong>temere</strong></span> <span class='ocrx_word' id='word_1_299' title='bbox 1545 3138 1774 3193; x_wconf 89' lang='lat' dir='ltr'><strong>prorsus</strong></span> <span class='ocrx_word' id='word_1_300' title='bbox 1804 3124 2023 3180; x_wconf 89' lang='lat' dir='ltr'><strong>illorum</strong></span> 
     </span>
    </p>
   </div>
   <div class='ocr_carea' id='block_1_49' title="bbox 2128 2016 3699 2091">
    <p class='ocr_par' dir='ltr' id='par_1_49' title="bbox 2128 2016 3699 2091">
     <span class='ocr_line' id='line_1_49' title="bbox 2128 2016 3699 2091; baseline -0.005 -17"><span class='ocrx_word' id='word_1_301' title='bbox 2128 2021 2335 2091; x_wconf 82' lang='grc' dir='ltr'>ίερεῦσι</span> <span class='ocrx_word' id='word_1_302' title='bbox 2382 2021 2442 2074; x_wconf 76' lang='grc' dir='ltr'>δὲ</span> <span class='ocrx_word' id='word_1_303' title='bbox 2494 2022 2586 2072; x_wconf 72' lang='grc' dir='ltr'>καὶ</span> <span class='ocrx_word' id='word_1_304' title='bbox 2631 2018 2934 2089; x_wconf 78' lang='grc' dir='ltr'>παρθενίαν</span> <span class='ocrx_word' id='word_1_305' title='bbox 2985 2017 3245 2071; x_wconf 76' lang='grc' dir='ltr'>ἀσκοῦσιν</span> <span class='ocrx_word' id='word_1_306' title='bbox 3279 2016 3515 2087; x_wconf 82' lang='grc' dir='ltr'>ήσυχίαν</span> <span class='ocrx_word' id='word_1_307' title='bbox 3546 2016 3699 2084; x_wconf 70' lang='grc' dir='ltr'>ἄγειν</span> 
     </span>
    </p>
   </div>
   <div class='ocr_carea' id='block_1_50' title="bbox 2126 2107 3698 2183">
    <p class='ocr_par' dir='ltr' id='par_1_50' title="bbox 2126 2107 3698 2183">
     <span class='ocr_line' id='line_1_50' title="bbox 2126 2107 3698 2183; baseline -0.004 -18"><span class='ocrx_word' id='word_1_308' title='bbox 2126 2114 2412 2167; x_wconf 79' lang='grc' dir='ltr'>ἐπέταττε.</span> <span class='ocrx_word' id='word_1_309' title='bbox 2463 2113 2614 2183; x_wconf 75' lang='grc' dir='ltr'>Μηδὲ</span> <span class='ocrx_word' id='word_1_310' title='bbox 2653 2112 2761 2182; x_wconf 81' lang='grc' dir='ltr'>γὰρ</span> <span class='ocrx_word' id='word_1_311' title='bbox 2799 2112 2864 2164; x_wconf 83' lang='grc' dir='ltr'>ἄν</span> <span class='ocrx_word' id='word_1_312' title='bbox 2894 2128 3024 2164; x_wconf 90' lang='grc' dir='ltr'>ποτε</span> <span class='ocrx_word' id='word_1_313' title='bbox 3067 2111 3433 2179; x_wconf 80' lang='grc' dir='ltr'>μετατεθῆναι</span> <span class='ocrx_word' id='word_1_314' title='bbox 3471 2108 3575 2179; x_wconf 80' lang='grc' dir='ltr'>τὴν</span> <span class='ocrx_word' id='word_1_315' title='bbox 3613 2107 3698 2159; x_wconf 74' lang='grc' dir='ltr'><strong>ἐπ’</strong></span> 
     </span>
    </p>
   </div>
   <div class='ocr_carea' id='block_1_51' title="bbox 2127 2199 3699 2275">
    <p class='ocr_par' dir='ltr' id='par_1_51' title="bbox 2127 2199 3699 2275">
     <span class='ocr_line' id='line_1_51' title="bbox 2127 2199 3699 2275; baseline -0.007 -15"><span class='ocrx_word' id='word_1_316' title='bbox 2127 2205 2275 2275; x_wconf 87' lang='grc' dir='ltr'><strong>αὑτῷ</strong></span> <span class='ocrx_word' id='word_1_317' title='bbox 2301 2204 2531 2274; x_wconf 84' lang='grc' dir='ltr'>γνώμην</span> <span class='ocrx_word' id='word_1_318' title='bbox 2553 2204 2825 2265; x_wconf 75' lang='grc' dir='ltr'>ἐνίστατο,</span> <span class='ocrx_word' id='word_1_319' title='bbox 2861 2202 2940 2266; x_wconf 88' lang='grc' dir='ltr'><strong>ώς</strong></span> <span class='ocrx_word' id='word_1_320' title='bbox 2966 2202 3089 2255; x_wconf 72' lang='grc' dir='ltr'>οὑδὲ</span> <span class='ocrx_word' id='word_1_321' title='bbox 3123 2200 3491 2271; x_wconf 76' lang='grc' dir='ltr'>μετακαλέσαι</span> <span class='ocrx_word' id='word_1_322' title='bbox 3517 2199 3699 2260; x_wconf 67' lang='grc' dir='ltr'>αὑτὸν,</span> 
     </span>
    </p>
   </div>
   <div class='ocr_carea' id='block_1_52' title="bbox 2126 2289 3701 2365">
    <p class='ocr_par' dir='ltr' id='par_1_52' title="bbox 2126 2289 3701 2365">
     <span class='ocr_line' id='line_1_52' title="bbox 2126 2289 3701 2365; baseline -0.006 -17"><span class='ocrx_word' id='word_1_323' title='bbox 2126 2290 2214 2348; x_wconf 71' lang='grc' dir='ltr'><strong>οἷα</strong></span> <span class='ocrx_word' id='word_1_324' title='bbox 2255 2295 2319 2365; x_wconf 85' lang='grc' dir='ltr'>δὴ</span> <span class='ocrx_word' id='word_1_325' title='bbox 2356 2294 2626 2363; x_wconf 78' lang='grc' dir='ltr'>στασιώδη</span> <span class='ocrx_word' id='word_1_326' title='bbox 2662 2296 2759 2346; x_wconf 71' lang='grc' dir='ltr'>καὶ</span> <span class='ocrx_word' id='word_1_327' title='bbox 2810 2292 3013 2364; x_wconf 79' lang='grc' dir='ltr'><strong>ῥέκτην</strong></span> <span class='ocrx_word' id='word_1_328' title='bbox 3041 2290 3230 2345; x_wconf 81' lang='grc' dir='ltr'>κακῶν</span> <span class='ocrx_word' id='word_1_329' title='bbox 3252 2307 3272 2324; x_wconf 70' lang='grc' dir='ltr'><strong><em>ο</em></strong></span> <span class='ocrx_word' id='word_1_330' title='bbox 3315 2289 3493 2351; x_wconf 77' lang='grc' dir='ltr'>ἄλλως</span> <span class='ocrx_word' id='word_1_331' title='bbox 3520 2308 3576 2341; x_wconf 90' lang='grc' dir='ltr'><strong>τε</strong></span> <span class='ocrx_word' id='word_1_332' title='bbox 3614 2291 3701 2341; x_wconf 75' lang='grc' dir='ltr'>καὶ</span> 
     </span>
    </p>
   </div>
   <div class='ocr_carea' id='block_1_53' title="bbox 2129 2379 3699 2455">
    <p class='ocr_par' dir='ltr' id='par_1_53' title="bbox 2129 2379 3699 2455">
     <span class='ocr_line' id='line_1_53' title="bbox 2129 2379 3699 2455; baseline -0.007 -12"><span class='ocrx_word' id='word_1_333' title='bbox 2129 2389 2204 2450; x_wconf 82' lang='grc' dir='ltr'><strong>ὡς</strong></span> <span class='ocrx_word' id='word_1_334' title='bbox 2239 2386 2669 2455; x_wconf 75' lang='grc' dir='ltr'>ἐκκλησιαστικῇ</span> <span class='ocrx_word' id='word_1_335' title='bbox 2699 2385 2822 2455; x_wconf 85' lang='grc' dir='ltr'>δίκῃ</span> <span class='ocrx_word' id='word_1_336' title='bbox 2850 2382 3357 2452; x_wconf 68' lang='grc' dir='ltr'>καταψηφισθέντα.</span> <span class='ocrx_word' id='word_1_337' title='bbox 3403 2379 3616 2452; x_wconf 73' lang='grc' dir='ltr'><strong>’11ρέμᾶ</strong></span> <span class='ocrx_word' id='word_1_338' title='bbox 3647 2381 3699 2433; x_wconf 84' lang='grc' dir='ltr'>δὲ</span> 
     </span>
    </p>
   </div>
   <div class='ocr_carea' id='block_1_54' title="bbox 2130 2470 3701 2547">
    <p class='ocr_par' dir='ltr' id='par_1_54' title="bbox 2130 2470 3701 2547">
     <span class='ocr_line' id='line_1_54' title="bbox 2130 2470 3701 2547; baseline -0.008 -12"><span class='ocrx_word' id='word_1_339' title='bbox 2130 2482 2223 2535; x_wconf 75' lang='grc' dir='ltr'>καὶ</span> <span class='ocrx_word' id='word_1_340' title='bbox 2263 2479 2530 2547; x_wconf 79' lang='grc' dir='ltr'>Ἀντωνίῳ</span> <span class='ocrx_word' id='word_1_341' title='bbox 2559 2479 2849 2547; x_wconf 80' lang='grc' dir='ltr'>ἐσήμαινε,</span> <span class='ocrx_word' id='word_1_342' title='bbox 2890 2475 2966 2546; x_wconf 82' lang='grc' dir='ltr'>μὴ</span> <span class='ocrx_word' id='word_1_343' title='bbox 2991 2470 3102 2536; x_wconf 70' lang='grc' dir='ltr'>οἷός</span> <span class='ocrx_word' id='word_1_344' title='bbox 3133 2492 3194 2527; x_wconf 82' lang='grc' dir='ltr'><strong>τε</strong></span> <span class='ocrx_word' id='word_1_345' title='bbox 3222 2470 3367 2527; x_wconf 79' lang='grc' dir='ltr'>εἶναι</span> <span class='ocrx_word' id='word_1_346' title='bbox 3403 2474 3474 2526; x_wconf 79' lang='grc' dir='ltr'>τὰ</span> <span class='ocrx_word' id='word_1_347' title='bbox 3503 2475 3701 2541; x_wconf 70' lang='grc' dir='ltr'>συνόδῳ</span> 
     </span>
    </p>
   </div>
   <div class='ocr_carea' id='block_1_55' title="bbox 2128 2566 3699 2644">
    <p class='ocr_par' dir='ltr' id='par_1_55' title="bbox 2128 2566 3699 2644">
     <span class='ocr_line' id='line_1_55' title="bbox 2128 2566 3699 2644; baseline -0.008 -18"><span class='ocrx_word' id='word_1_348' title='bbox 2128 2572 2433 2644; x_wconf 76' lang='grc' dir='ltr'>κεκριμένα</span> <span class='ocrx_word' id='word_1_349' title='bbox 2456 2571 2696 2641; x_wconf 79' lang='grc' dir='ltr'><strong>εὐχερῶς</strong></span> <span class='ocrx_word' id='word_1_350' title='bbox 2721 2569 2982 2623; x_wconf 86' lang='grc' dir='ltr'>διαλύειν.</span> <span class='ocrx_word' id='word_1_351' title='bbox 3016 2570 3075 2620; x_wconf 79' lang='lat' dir='ltr'><strong>Ei</strong></span> <span class='ocrx_word' id='word_1_352' title='bbox 3107 2568 3215 2637; x_wconf 80' lang='grc' dir='ltr'>γάρ</span> <span class='ocrx_word' id='word_1_353' title='bbox 3246 2583 3348 2619; x_wconf 89' lang='grc' dir='ltr'><strong>που</strong></span> <span class='ocrx_word' id='word_1_354' title='bbox 3378 2569 3473 2625; x_wconf 78' lang='grc' dir='ltr'>καὶ</span> <span class='ocrx_word' id='word_1_355' title='bbox 3505 2566 3699 2628; x_wconf 73' lang='grc' dir='ltr'>ὀλίγοι,</span> 
     </span>
    </p>
   </div>
   <div class='ocr_carea' id='block_1_56' title="bbox 2128 2660 3702 2736">
    <p class='ocr_par' dir='ltr' id='par_1_56' title="bbox 2128 2660 3702 2736">
     <span class='ocr_line' id='line_1_56' title="bbox 2128 2660 3702 2736; baseline -0.005 -19"><span class='ocrx_word' id='word_1_356' title='bbox 2128 2667 2316 2736; x_wconf 70' lang='grc' dir='ltr'>φησὶν,</span> <span class='ocrx_word' id='word_1_357' title='bbox 2354 2661 2495 2734; x_wconf 82' lang='grc' dir='ltr'>ἦσαν</span> <span class='ocrx_word' id='word_1_358' title='bbox 2528 2664 2579 2716; x_wconf 79' lang='lat' dir='ltr'><strong>oi</strong></span> <span class='ocrx_word' id='word_1_359' title='bbox 2629 2663 2772 2733; x_wconf 71' lang='grc' dir='ltr'>πρὸς</span> <span class='ocrx_word' id='word_1_360' title='bbox 2805 2661 3107 2731; x_wconf 81' lang='grc' dir='ltr'>ἀπέχθειαν</span> <span class='ocrx_word' id='word_1_361' title='bbox 3162 2660 3702 2729; x_wconf 76' lang='grc' dir='ltr'>καταψηφισάμενοι,</span> 
     </span>
    </p>
   </div>
   <div class='ocr_carea' id='block_1_57' title="bbox 2126 2750 3700 2823">
    <p class='ocr_par' dir='ltr' id='par_1_57' title="bbox 2126 2750 3700 2823">
     <span class='ocr_line' id='line_1_57' title="bbox 2126 2750 3700 2823; baseline -0.006 -13"><span class='ocrx_word' id='word_1_362' title='bbox 2126 2757 2188 2810; x_wconf 91' lang='grc' dir='ltr'><strong>οὑ</strong></span> <span class='ocrx_word' id='word_1_363' title='bbox 2225 2756 2444 2818; x_wconf 85' lang='grc' dir='ltr'>πάντως</span> <span class='ocrx_word' id='word_1_364' title='bbox 2468 2751 2609 2807; x_wconf 74' lang='grc' dir='ltr'>εἶναι</span> <span class='ocrx_word' id='word_1_365' title='bbox 2647 2758 2740 2809; x_wconf 78' lang='grc' dir='ltr'>καὶ</span> <span class='ocrx_word' id='word_1_366' title='bbox 2766 2754 2871 2823; x_wconf 80' lang='grc' dir='ltr'>τὴν</span> <span class='ocrx_word' id='word_1_367' title='bbox 2889 2752 3060 2822; x_wconf 81' lang='grc' dir='ltr'>ἄλλην</span> <span class='ocrx_word' id='word_1_368' title='bbox 3084 2754 3183 2823; x_wconf 72' lang='grc' dir='ltr'>τῆς</span> <span class='ocrx_word' id='word_1_369' title='bbox 3217 2751 3437 2804; x_wconf 73' lang='grc' dir='ltr'>συνόδου</span> <span class='ocrx_word' id='word_1_370' title='bbox 3464 2750 3700 2819; x_wconf 78' lang='grc' dir='ltr'>πληθὺν,</span> 
     </span>
    </p>
   </div>
   <div class='ocr_carea' id='block_1_58' title="bbox 2131 2841 3704 2917">
    <p class='ocr_par' dir='ltr' id='par_1_58' title="bbox 2131 2841 3704 2917">
     <span class='ocr_line' id='line_1_58' title="bbox 2131 2841 3704 2917; baseline -0.006 -16"><span class='ocrx_word' id='word_1_371' title='bbox 2131 2847 2344 2917; x_wconf 78' lang='grc' dir='ltr'>ἀγαθὴν</span> <span class='ocrx_word' id='word_1_372' title='bbox 2373 2846 2516 2899; x_wconf 74' lang='grc' dir='ltr'>οὕτω</span> <span class='ocrx_word' id='word_1_373' title='bbox 2549 2845 2647 2898; x_wconf 75' lang='grc' dir='ltr'><strong>καλ</strong></span> <span class='ocrx_word' id='word_1_374' title='bbox 2680 2844 2966 2913; x_wconf 76' lang='grc' dir='ltr'>ἐλλόγιμον</span> <span class='ocrx_word' id='word_1_375' title='bbox 2997 2843 3186 2905; x_wconf 77' lang='grc' dir='ltr'>οὖσαν,</span> <span class='ocrx_word' id='word_1_376' title='bbox 3227 2841 3414 2903; x_wconf 77' lang='grc' dir='ltr'>ἁπλῶς</span> <span class='ocrx_word' id='word_1_377' title='bbox 3443 2841 3587 2894; x_wconf 72' lang='grc' dir='ltr'>οὕτω</span> <span class='ocrx_word' id='word_1_378' title='bbox 3613 2858 3704 2892; x_wconf 87' lang='grc' dir='ltr'>συ-</span> 
     </span>
    </p>
   </div>
   <div class='ocr_carea' id='block_1_59' title="bbox 2130 2933 3705 3009">
    <p class='ocr_par' dir='ltr' id='par_1_59' title="bbox 2130 2933 3705 3009">
     <span class='ocr_line' id='line_1_59' title="bbox 2130 2933 3705 3009; baseline -0.007 -16"><span class='ocrx_word' id='word_1_379' title='bbox 2130 2940 2389 3009; x_wconf 73' lang='grc' dir='ltr'>νέψεσθαι</span> <span class='ocrx_word' id='word_1_380' title='bbox 2418 2939 2536 3001; x_wconf 84' lang='grc' dir='ltr'>ταῖς</span> <span class='ocrx_word' id='word_1_381' title='bbox 2586 2936 2814 2990; x_wconf 71' lang='grc' dir='ltr'>ἐκείνων</span> <span class='ocrx_word' id='word_1_382' title='bbox 2857 2938 3127 3004; x_wconf 87' lang='grc' dir='ltr'>γνώμαις.</span> <span class='ocrx_word' id='word_1_383' title='bbox 3174 2933 3491 3003; x_wconf 84' lang='grc' dir='ltr'>Προσετίθει</span> <span class='ocrx_word' id='word_1_384' title='bbox 3522 2933 3602 2996; x_wconf 84' lang='grc' dir='ltr'>δὲ,</span> <span class='ocrx_word' id='word_1_385' title='bbox 3633 2934 3705 2994; x_wconf 70' lang='lat' dir='ltr'><strong>dc</strong></span> 
     </span>
    </p>
   </div>
   <div class='ocr_carea' id='block_1_60' title="bbox 2127 3025 3704 3099">
    <p class='ocr_par' dir='ltr' id='par_1_60' title="bbox 2127 3025 3704 3099">
     <span class='ocr_line' id='line_1_60' title="bbox 2127 3025 3704 3099; baseline -0.004 -16"><span class='ocrx_word' id='word_1_386' title='bbox 2127 3032 2428 3091; x_wconf 79' lang='grc' dir='ltr'>ἀκόλαστος</span> <span class='ocrx_word' id='word_1_387' title='bbox 2463 3030 2564 3099; x_wconf 82' lang='grc' dir='ltr'>τὴν</span> <span class='ocrx_word' id='word_1_388' title='bbox 2608 3027 2868 3095; x_wconf 83' lang='grc' dir='ltr'>γλῶσσαν</span> <span class='ocrx_word' id='word_1_389' title='bbox 2918 3027 3012 3082; x_wconf 72' lang='grc' dir='ltr'><strong>καὶ</strong></span> <span class='ocrx_word' id='word_1_390' title='bbox 3057 3025 3324 3098; x_wconf 74' lang='grc' dir='ltr'>ὑϐριστὴς</span> <span class='ocrx_word' id='word_1_391' title='bbox 3365 3025 3704 3086; x_wconf 80' lang='grc' dir='ltr'>Ἀθανὰσιος,</span> 
     </span>
    </p>
   </div>
   <div class='ocr_carea' id='block_1_61' title="bbox 2128 3118 3705 3189">
    <p class='ocr_par' dir='ltr' id='par_1_61' title="bbox 2128 3118 3705 3189">
     <span class='ocr_line' id='line_1_61' title="bbox 2128 3118 3705 3189; baseline -0.006 -13"><span class='ocrx_word' id='word_1_392' title='bbox 2128 3123 2223 3176; x_wconf 82' lang='grc' dir='ltr'>καὶ</span> <span class='ocrx_word' id='word_1_393' title='bbox 2260 3124 2477 3184; x_wconf 84' lang='grc' dir='ltr'>στάσεις</span> <span class='ocrx_word' id='word_1_394' title='bbox 2501 3121 2598 3174; x_wconf 75' lang='grc' dir='ltr'>καὶ</span> <span class='ocrx_word' id='word_1_395' title='bbox 2626 3120 2896 3189; x_wconf 82' lang='grc' dir='ltr'>διχονοίας</span> <span class='ocrx_word' id='word_1_396' title='bbox 2937 3121 3183 3189; x_wconf 72' lang='grc' dir='ltr'>ἐνεργεῖν</span> <span class='ocrx_word' id='word_1_397' title='bbox 3222 3119 3395 3184; x_wconf 79' lang='grc' dir='ltr'>δεξιός</span> <span class='ocrx_word' id='word_1_398' title='bbox 3421 3134 3436 3146; x_wconf 88' lang='grc'><strong>·</strong></span> <span class='ocrx_word' id='word_1_399' title='bbox 3476 3118 3569 3174; x_wconf 74' lang='grc' dir='ltr'>καὶ</span> <span class='ocrx_word' id='word_1_400' title='bbox 3599 3118 3705 3185; x_wconf 82' lang='grc' dir='ltr'>γάρ</span> 
     </span>
    </p>
   </div>
   <div class='ocr_carea' id='block_1_62' title="bbox 456 3209 2028 3314">
    <p class='ocr_par' dir='ltr' id='par_1_62' title="bbox 456 3213 2024 3285">
     <span class='ocr_line' id='line_1_62' title="bbox 456 3213 2024 3285; baseline 0.002 -15"><span class='ocrx_word' id='word_1_401' title='bbox 456 3215 698 3281; x_wconf 78' lang='lat' dir='ltr'><strong>calculos</strong></span> <span class='ocrx_word' id='word_1_402' title='bbox 732 3213 901 3270; x_wconf 82' lang='lat' dir='ltr'><strong>fuisse</strong></span> <span class='ocrx_word' id='word_1_403' title='bbox 931 3224 1266 3269; x_wconf 90' lang='lat' dir='ltr'><strong>secuturam.</strong></span> <span class='ocrx_word' id='word_1_404' title='bbox 1296 3213 1527 3269; x_wconf 89' lang='lat' dir='ltr'><strong>Addidit</strong></span> <span class='ocrx_word' id='word_1_405' title='bbox 1556 3215 1803 3285; x_wconf 89' lang='lat' dir='ltr'><strong>insuper,</strong></span> <span class='ocrx_word' id='word_1_406' title='bbox 1828 3217 2024 3273; x_wconf 81' lang='lat' dir='ltr'><strong>elIrcni</strong></span> 
     </span>
    </p>
   </div>
   <div class='ocr_carea' id='block_1_63' title="bbox 2135 3209 3706 3314">
    <p class='ocr_par' dir='ltr' id='par_1_63' title="bbox 2135 3209 3706 3283">
     <span class='ocr_line' id='line_1_63' title="bbox 2135 3209 3706 3283; baseline -0.005 -16"><span class='ocrx_word' id='word_1_407' title='bbox 2135 3232 2248 3278; x_wconf 81' lang='grc' dir='ltr'><strong>πως</strong></span> <span class='ocrx_word' id='word_1_408' title='bbox 2298 3215 2346 3266; x_wconf 84' lang='lat' dir='ltr'><strong>oi</strong></span> <span class='ocrx_word' id='word_1_409' title='bbox 2381 3213 2565 3275; x_wconf 86' lang='grc' dir='ltr'>κακῶς</span> <span class='ocrx_word' id='word_1_410' title='bbox 2622 3215 2757 3283; x_wconf 71' lang='grc' dir='ltr'>πρὸς</span> <span class='ocrx_word' id='word_1_411' title='bbox 2793 3212 2956 3265; x_wconf 69' lang='grc' dir='ltr'>αὑτὸν</span> <span class='ocrx_word' id='word_1_412' title='bbox 3009 3212 3231 3280; x_wconf 79' lang='grc' dir='ltr'>ἔχοντες</span> <span class='ocrx_word' id='word_1_413' title='bbox 3275 3212 3333 3263; x_wconf 82' lang='grc' dir='ltr'>ὲν</span> <span class='ocrx_word' id='word_1_414' title='bbox 3374 3209 3584 3271; x_wconf 83' lang='grc' dir='ltr'>τούτοις</span> <span class='ocrx_word' id='word_1_415' title='bbox 3632 3213 3706 3270; x_wconf 77' lang='grc' dir='ltr'>εἰς</span> 
     </span>
    </p>
   </div>
   <div class='ocr_carea' id='block_1_64' title="bbox 456 3306 2026 3379">
    <p class='ocr_par' dir='ltr' id='par_1_64' title="bbox 456 3306 2026 3379">
     <span class='ocr_line' id='line_1_64' title="bbox 456 3306 2026 3379; baseline 0.004 -18"><span class='ocrx_word' id='word_1_416' title='bbox 456 3321 578 3361; x_wconf 84' lang='lat' dir='ltr'><strong>esse</strong></span> <span class='ocrx_word' id='word_1_417' title='bbox 600 3306 808 3375; x_wconf 81' lang='lat' dir='ltr'><strong>lingua,</strong></span> <span class='ocrx_word' id='word_1_418' title='bbox 840 3315 898 3361; x_wconf 89' lang='lat' dir='ltr'><strong>et</strong></span> <span class='ocrx_word' id='word_1_419' title='bbox 933 3306 1395 3363; x_wconf 89' lang='lat' dir='ltr'><strong>contumeliosum</strong></span> <span class='ocrx_word' id='word_1_420' title='bbox 1426 3307 1606 3362; x_wconf 89' lang='lat' dir='ltr'><strong>virum</strong></span> <span class='ocrx_word' id='word_1_421' title='bbox 1641 3310 2026 3379; x_wconf 82' lang='lat' dir='ltr'><strong>Athanasium,</strong></span> 
     </span>
    </p>
   </div>
   <div class='ocr_carea' id='block_1_65' title="bbox 459 3390 2027 3471">
    <p class='ocr_par' dir='ltr' id='par_1_65' title="bbox 459 3390 2027 3471">
     <span class='ocr_line' id='line_1_65' title="bbox 459 3390 2027 3471; baseline 0.003 -17"><span class='ocrx_word' id='word_1_422' title='bbox 459 3410 624 3471; x_wconf 86' lang='lat' dir='ltr'><strong>atque</strong></span> <span class='ocrx_word' id='word_1_423' title='bbox 660 3401 727 3454; x_wconf 85' lang='lat' dir='ltr'><strong>ad</strong></span> <span class='ocrx_word' id='word_1_424' title='bbox 761 3400 1066 3456; x_wconf 85' lang='lat' dir='ltr'><strong>seditiones</strong></span> <span class='ocrx_word' id='word_1_425' title='bbox 1088 3411 1144 3455; x_wconf 90' lang='lat' dir='ltr'><strong>et</strong></span> <span class='ocrx_word' id='word_1_426' title='bbox 1173 3390 1484 3456; x_wconf 77' lang='lat' dir='ltr'><strong>discordias</strong></span> <span class='ocrx_word' id='word_1_427' title='bbox 1518 3403 1873 3460; x_wconf 87' lang='lat' dir='ltr'><strong>concitandas</strong></span> <span class='ocrx_word' id='word_1_428' title='bbox 1907 3402 2027 3459; x_wconf 86' lang='lat' dir='ltr'><strong>ido-</strong></span> 
     </span>
    </p>
   </div>
   <div class='ocr_carea' id='block_1_66' title="bbox 461 3494 2028 3564">
    <p class='ocr_par' dir='ltr' id='par_1_66' title="bbox 461 3494 2028 3564">
     <span class='ocr_line' id='line_1_66' title="bbox 461 3494 2028 3564; baseline 0.003 -15"><span class='ocrx_word' id='word_1_429' title='bbox 461 3512 648 3551; x_wconf 88' lang='lat' dir='ltr'><strong>neum.</strong></span> <span class='ocrx_word' id='word_1_430' title='bbox 674 3494 749 3550; x_wconf 90' lang='lat' dir='ltr'><strong>Ita</strong></span> <span class='ocrx_word' id='word_1_431' title='bbox 782 3509 1020 3564; x_wconf 84' lang='lat' dir='ltr'><strong>namque</strong></span> <span class='ocrx_word' id='word_1_432' title='bbox 1052 3494 1147 3564; x_wconf 88' lang='lat' dir='ltr'><strong>qui</strong></span> <span class='ocrx_word' id='word_1_433' title='bbox 1178 3494 1369 3550; x_wconf 81' lang='lat' dir='ltr'><strong>hostili</strong></span> <span class='ocrx_word' id='word_1_434' title='bbox 1397 3499 1453 3550; x_wconf 92' lang='lat' dir='ltr'><strong>in</strong></span> <span class='ocrx_word' id='word_1_435' title='bbox 1478 3508 1604 3551; x_wconf 88' lang='lat' dir='ltr'><strong>eum</strong></span> <span class='ocrx_word' id='word_1_436' title='bbox 1634 3506 1792 3552; x_wconf 89' lang='lat' dir='ltr'><strong>erant</strong></span> <span class='ocrx_word' id='word_1_437' title='bbox 1821 3499 2028 3564; x_wconf 87' lang='lat' dir='ltr'><strong>animo,</strong></span> 
     </span>
    </p>
   </div>
   <div class='ocr_carea' id='block_1_67' title="bbox 460 3586 2030 3660">
    <p class='ocr_par' dir='ltr' id='par_1_67' title="bbox 460 3586 2030 3660">
     <span class='ocr_line' id='line_1_67' title="bbox 460 3586 2030 3660; baseline 0.001 -17"><span class='ocrx_word' id='word_1_438' title='bbox 460 3590 604 3660; x_wconf 86' lang='lat' dir='ltr'><strong>apud</strong></span> <span class='ocrx_word' id='word_1_439' title='bbox 644 3593 1029 3660; x_wconf 88' lang='lat' dir='ltr'><strong>imperatorem</strong></span> <span class='ocrx_word' id='word_1_440' title='bbox 1065 3586 1134 3643; x_wconf 88' lang='lat' dir='ltr'><strong>de</strong></span> <span class='ocrx_word' id='word_1_441' title='bbox 1177 3586 1378 3643; x_wconf 85' lang='lat' dir='ltr'><strong>talibus</strong></span> <span class='ocrx_word' id='word_1_442' title='bbox 1409 3588 1740 3646; x_wconf 86' lang='lat' dir='ltr'><strong>criminibus</strong></span> <span class='ocrx_word' id='word_1_443' title='bbox 1768 3606 1895 3645; x_wconf 90' lang='lat' dir='ltr'><strong>cum</strong></span> <span class='ocrx_word' id='word_1_444' title='bbox 1930 3590 2030 3645; x_wconf 83' lang='lat' dir='ltr'><strong>de-</strong></span> 
     </span>
    </p>
   </div>
   <div class='ocr_carea' id='block_1_68' title="bbox 462 3682 2029 3761">
    <p class='ocr_par' dir='ltr' id='par_1_68' title="bbox 462 3682 2029 3761">
     <span class='ocr_line' id='line_1_68' title="bbox 462 3682 2029 3761; baseline -0.001 -21"><span class='ocrx_word' id='word_1_445' title='bbox 462 3688 701 3740; x_wconf 87' lang='lat' dir='ltr'><strong>tulerant</strong></span> <span class='ocrx_word' id='word_1_446' title='bbox 728 3701 742 3737; x_wconf 87' lang='lat'><strong>:</strong></span> <span class='ocrx_word' id='word_1_447' title='bbox 775 3698 899 3761; x_wconf 88' lang='lat' dir='ltr'><strong>cum</strong></span> <span class='ocrx_word' id='word_1_448' title='bbox 937 3682 1330 3752; x_wconf 89' lang='lat' dir='ltr'><strong>imperatorem</strong></span> <span class='ocrx_word' id='word_1_449' title='bbox 1362 3683 1570 3737; x_wconf 88' lang='lat' dir='ltr'><strong>scirent</strong></span> <span class='ocrx_word' id='word_1_450' title='bbox 1603 3684 1733 3738; x_wconf 86' lang='lat' dir='ltr'><strong>vitia</strong></span> <span class='ocrx_word' id='word_1_451' title='bbox 1758 3686 2029 3755; x_wconf 88' lang='lat' dir='ltr'><strong>ejusmodi</strong></span> 
     </span>
    </p>
   </div>
   <div class='ocr_carea' id='block_1_69' title="bbox 462 3771 2032 3851">
    <p class='ocr_par' dir='ltr' id='par_1_69' title="bbox 462 3771 2032 3851">
     <span class='ocr_line' id='line_1_69' title="bbox 462 3771 2032 3851; baseline 0 -20"><span class='ocrx_word' id='word_1_452' title='bbox 462 3793 628 3846; x_wconf 78' lang='lat' dir='ltr'><strong>supra</strong></span> <span class='ocrx_word' id='word_1_453' title='bbox 658 3775 881 3851; x_wconf 81' lang='lat' dir='ltr'><strong>modum</strong></span> <span class='ocrx_word' id='word_1_454' title='bbox 916 3774 1158 3843; x_wconf 76' lang='lat' dir='ltr'><strong>graviter</strong></span> <span class='ocrx_word' id='word_1_455' title='bbox 1201 3774 1369 3829; x_wconf 89' lang='lat' dir='ltr'><strong>ferre.</strong></span> <span class='ocrx_word' id='word_1_456' title='bbox 1410 3771 1588 3830; x_wconf 81' lang='lat' dir='ltr'><strong>Porro</strong></span> <span class='ocrx_word' id='word_1_457' title='bbox 1616 3792 1741 3831; x_wconf 91' lang='lat' dir='ltr'><strong>cum</strong></span> <span class='ocrx_word' id='word_1_458' title='bbox 1777 3779 2032 3833; x_wconf 89' lang='lat' dir='ltr'><strong>multitu-</strong></span> 
     </span>
    </p>
   </div>
   <div class='ocr_carea' id='block_1_70' title="bbox 461 3867 2035 3935">
    <p class='ocr_par' dir='ltr' id='par_1_70' title="bbox 461 3867 2035 3935">
     <span class='ocr_line' id='line_1_70' title="bbox 461 3867 2035 3935; baseline 0 -10"><span class='ocrx_word' id='word_1_459' title='bbox 461 3873 645 3926; x_wconf 86' lang='lat' dir='ltr'><strong>dinem</strong></span> <span class='ocrx_word' id='word_1_460' title='bbox 699 3871 752 3923; x_wconf 90' lang='lat' dir='ltr'><strong>in</strong></span> <span class='ocrx_word' id='word_1_461' title='bbox 800 3870 940 3924; x_wconf 86' lang='lat' dir='ltr'><strong>duas</strong></span> <span class='ocrx_word' id='word_1_462' title='bbox 984 3884 1105 3924; x_wconf 87' lang='lat' dir='ltr'><strong>esse</strong></span> <span class='ocrx_word' id='word_1_463' title='bbox 1155 3869 1326 3923; x_wconf 89' lang='lat' dir='ltr'><strong>sciret</strong></span> <span class='ocrx_word' id='word_1_464' title='bbox 1370 3867 1640 3924; x_wconf 84' lang='lat' dir='ltr'><strong>factiones</strong></span> <span class='ocrx_word' id='word_1_465' title='bbox 1683 3870 1934 3935; x_wconf 87' lang='lat' dir='ltr'><strong>divisam,</strong></span> <span class='ocrx_word' id='word_1_466' title='bbox 1977 3880 2035 3925; x_wconf 92' lang='lat' dir='ltr'><strong>et</strong></span> 
     </span>
    </p>
   </div>
   <div class='ocr_carea' id='block_1_71' title="bbox 463 3960 2032 4035">
    <p class='ocr_par' dir='ltr' id='par_1_71' title="bbox 463 3960 2032 4035">
     <span class='ocr_line' id='line_1_71' title="bbox 463 3960 2032 4035; baseline 0.002 -20"><span class='ocrx_word' id='word_1_467' title='bbox 463 3962 626 4025; x_wconf 81' lang='lat' dir='ltr'><strong>aliain</strong></span> <span class='ocrx_word' id='word_1_468' title='bbox 660 3960 983 4035; x_wconf 83' lang='lat' dir='ltr'><strong>Athanasio,</strong></span> <span class='ocrx_word' id='word_1_469' title='bbox 1009 3960 1170 4013; x_wconf 87' lang='lat' dir='ltr'><strong>aliam</strong></span> <span class='ocrx_word' id='word_1_470' title='bbox 1195 3969 1380 4014; x_wconf 86' lang='lat' dir='ltr'><strong>autem</strong></span> <span class='ocrx_word' id='word_1_471' title='bbox 1410 3960 1605 4016; x_wconf 70' lang='lat' dir='ltr'><strong>Joanni</strong></span> <span class='ocrx_word' id='word_1_472' title='bbox 1635 3961 1846 4028; x_wconf 83' lang='lat' dir='ltr'><strong>favere,</strong></span> <span class='ocrx_word' id='word_1_473' title='bbox 1874 3966 2032 4018; x_wconf 82' lang='lat' dir='ltr'><strong>valde</strong></span> 
     </span>
    </p>
   </div>
   <div class='ocr_carea' id='block_1_72' title="bbox 463 4053 2034 4123">
    <p class='ocr_par' dir='ltr' id='par_1_72' title="bbox 463 4053 2034 4123">
     <span class='ocr_line' id='line_1_72' title="bbox 463 4053 2034 4123; baseline 0.002 -16"><span class='ocrx_word' id='word_1_474' title='bbox 463 4070 525 4107; x_wconf 69' lang='lat' dir='ltr'><strong>ea</strong></span> <span class='ocrx_word' id='word_1_475' title='bbox 576 4070 631 4107; x_wconf 87' lang='lat' dir='ltr'><strong>te</strong></span> <span class='ocrx_word' id='word_1_476' title='bbox 676 4064 985 4108; x_wconf 87' lang='lat' dir='ltr'><strong>commotus</strong></span> <span class='ocrx_word' id='word_1_477' title='bbox 1031 4053 1300 4109; x_wconf 73' lang='lat' dir='ltr'><strong>Joannem</strong></span> <span class='ocrx_word' id='word_1_478' title='bbox 1346 4068 1565 4123; x_wconf 89' lang='lat' dir='ltr'><strong>quoque</strong></span> <span class='ocrx_word' id='word_1_479' title='bbox 1611 4053 1788 4119; x_wconf 87' lang='lat' dir='ltr'><strong>ipsum</strong></span> <span class='ocrx_word' id='word_1_480' title='bbox 1833 4056 2034 4110; x_wconf 77' lang='lat' dir='ltr'><strong>exsilio</strong></span> 
     </span>
    </p>
   </div>
   <div class='ocr_carea' id='block_1_73' title="bbox 467 4130 2035 4219">
    <p class='ocr_par' dir='ltr' id='par_1_73' title="bbox 467 4130 2035 4219">
     <span class='ocr_line' id='line_1_73' title="bbox 467 4130 2035 4219; baseline 0.001 -17"><span class='ocrx_word' id='word_1_481' title='bbox 467 4150 738 4203; x_wconf 81' lang='lat' dir='ltr'><strong>multavit.</strong></span> <span class='ocrx_word' id='word_1_482' title='bbox 785 4146 884 4201; x_wconf 88' lang='lat' dir='ltr'><strong>llic</strong></span> <span class='ocrx_word' id='word_1_483' title='bbox 927 4130 1110 4201; x_wconf 87' lang='lat' dir='ltr'><strong>autem</strong></span> <span class='ocrx_word' id='word_1_484' title='bbox 1153 4146 1341 4201; x_wconf 78' lang='lat' dir='ltr'><strong>Metilii</strong></span> <span class='ocrx_word' id='word_1_485' title='bbox 1376 4134 1685 4208; x_wconf 83' lang='lat' dir='ltr'><strong>successor.</strong></span> <span class='ocrx_word' id='word_1_486' title='bbox 1728 4148 1783 4202; x_wconf 89' lang='lat' dir='ltr'><strong>in</strong></span> <span class='ocrx_word' id='word_1_487' title='bbox 1820 4151 2035 4219; x_wconf 90' lang='lat' dir='ltr'><strong>synodo</strong></span> 
     </span>
    </p>
   </div>
   <div class='ocr_carea' id='block_1_74' title="bbox 465 4239 2036 4318">
    <p class='ocr_par' dir='ltr' id='par_1_74' title="bbox 465 4239 2036 4318">
     <span class='ocr_line' id='line_1_74' title="bbox 465 4239 2036 4318; baseline -0.001 -19"><span class='ocrx_word' id='word_1_488' title='bbox 465 4243 625 4316; x_wconf 78' lang='lat' dir='ltr'><strong>Tyria</strong></span> <span class='ocrx_word' id='word_1_489' title='bbox 654 4242 1047 4297; x_wconf 74' lang='lat' dir='ltr'><strong>communione</strong></span> <span class='ocrx_word' id='word_1_490' title='bbox 1074 4239 1175 4303; x_wconf 88' lang='lat' dir='ltr'><strong>uti,</strong></span> <span class='ocrx_word' id='word_1_491' title='bbox 1208 4239 1590 4318; x_wconf 78' lang='lat' dir='ltr'><strong>honoremque</strong></span> <span class='ocrx_word' id='word_1_492' title='bbox 1616 4257 1778 4295; x_wconf 89' lang='lat' dir='ltr'><strong>suum</strong></span> <span class='ocrx_word' id='word_1_493' title='bbox 1806 4242 1861 4296; x_wconf 92' lang='lat' dir='ltr'><strong>in</strong></span> <span class='ocrx_word' id='word_1_494' title='bbox 1888 4244 2036 4297; x_wconf 72' lang='lat' dir='ltr'><strong>clero</strong></span> 
     </span>
    </p>
   </div>
   <div class='ocr_carea' id='block_1_75' title="bbox 464 4332 2037 4405">
    <p class='ocr_par' dir='ltr' id='par_1_75' title="bbox 464 4332 2037 4405">
     <span class='ocr_line' id='line_1_75' title="bbox 464 4332 2037 4405; baseline -0.003 -12"><span class='ocrx_word' id='word_1_495' title='bbox 464 4354 590 4405; x_wconf 81' lang='lat' dir='ltr'><strong>suo,</strong></span> <span class='ocrx_word' id='word_1_496' title='bbox 614 4335 773 4391; x_wconf 88' lang='lat' dir='ltr'><strong>sicuti</strong></span> <span class='ocrx_word' id='word_1_497' title='bbox 821 4342 879 4387; x_wconf 85' lang='lat' dir='ltr'><strong>et.</strong></span> <span class='ocrx_word' id='word_1_498' title='bbox 926 4341 1231 4388; x_wconf 83' lang='lat' dir='ltr'><strong>sectatores</strong></span> <span class='ocrx_word' id='word_1_499' title='bbox 1279 4332 1420 4400; x_wconf 83' lang='lat' dir='ltr'><strong>ejus,</strong></span> <span class='ocrx_word' id='word_1_500' title='bbox 1444 4332 1647 4387; x_wconf 84' lang='lat' dir='ltr'><strong>habere</strong></span> <span class='ocrx_word' id='word_1_501' title='bbox 1700 4334 1886 4404; x_wconf 80' lang='lat' dir='ltr'><strong>jussus</strong></span> <span class='ocrx_word' id='word_1_502' title='bbox 1920 4336 2037 4389; x_wconf 83' lang='lat' dir='ltr'><strong>fue-</strong></span> 
     </span>
    </p>
   </div>
   <div class='ocr_carea' id='block_1_76' title="bbox 464 4425 2034 4500">
    <p class='ocr_par' dir='ltr' id='par_1_76' title="bbox 464 4425 2034 4500">
     <span class='ocr_line' id='line_1_76' title="bbox 464 4425 2034 4500; baseline -0.003 -17"><span class='ocrx_word' id='word_1_503' title='bbox 464 4439 569 4485; x_wconf 87' lang='lat' dir='ltr'><strong>rat.</strong></span> <span class='ocrx_word' id='word_1_504' title='bbox 620 4431 691 4496; x_wconf 78' lang='lat' dir='ltr'><strong>At</strong></span> <span class='ocrx_word' id='word_1_505' title='bbox 750 4427 1004 4500; x_wconf 75' lang='lat' dir='ltr'><strong>quamvis</strong></span> <span class='ocrx_word' id='word_1_506' title='bbox 1037 4426 1141 4480; x_wconf 90' lang='lat' dir='ltr'><strong>hoc</strong></span> <span class='ocrx_word' id='word_1_507' title='bbox 1186 4436 1383 4496; x_wconf 66' lang='lat' dir='ltr'><strong>praeter</strong></span> <span class='ocrx_word' id='word_1_508' title='bbox 1416 4425 1733 4494; x_wconf 84' lang='lat' dir='ltr'><strong>opinionem</strong></span> <span class='ocrx_word' id='word_1_509' title='bbox 1790 4426 2034 4481; x_wconf 82' lang='lat' dir='ltr'><strong>Athana-</strong></span> 
     </span>
    </p>
   </div>
   <div class='ocr_carea' id='block_1_77' title="bbox 464 4515 2035 4591">
    <p class='ocr_par' dir='ltr' id='par_1_77' title="bbox 464 4515 2035 4591">
     <span class='ocr_line' id='line_1_77' title="bbox 464 4515 2035 4591; baseline -0.004 -13"><span class='ocrx_word' id='word_1_510' title='bbox 464 4523 533 4591; x_wconf 81' lang='lat' dir='ltr'><strong>sii</strong></span> <span class='ocrx_word' id='word_1_511' title='bbox 585 4519 936 4577; x_wconf 82' lang='lat' dir='ltr'><strong>inimicorum</strong></span> <span class='ocrx_word' id='word_1_512' title='bbox 1008 4515 1207 4573; x_wconf 86' lang='lat' dir='ltr'><strong>accidit</strong></span> <span class='ocrx_word' id='word_1_513' title='bbox 1255 4535 1270 4572; x_wconf 89' lang='lat'><strong>:</strong></span> <span class='ocrx_word' id='word_1_514' title='bbox 1315 4515 1519 4572; x_wconf 89' lang='lat' dir='ltr'><strong>accidit</strong></span> <span class='ocrx_word' id='word_1_515' title='bbox 1590 4525 1792 4572; x_wconf 88' lang='lat' dir='ltr'><strong>tamen.</strong></span> <span class='ocrx_word' id='word_1_516' title='bbox 1848 4518 2035 4588; x_wconf 86' lang='lat' dir='ltr'><strong>Neque</strong></span> 
     </span>
    </p>
   </div>
   <div class='ocr_carea' id='block_1_78' title="bbox 2132 3300 3707 3378">
    <p class='ocr_par' dir='ltr' id='par_1_78' title="bbox 2132 3300 3707 3378">
     <span class='ocr_line' id='line_1_78' title="bbox 2132 3300 3707 3378; baseline -0.004 -19"><span class='ocrx_word' id='word_1_517' title='bbox 2132 3305 2359 3378; x_wconf 81' lang='grc' dir='ltr'>βασιλέα</span> <span class='ocrx_word' id='word_1_518' title='bbox 2396 3303 2663 3367; x_wconf 76' lang='grc' dir='ltr'>διέδειλον,</span> <span class='ocrx_word' id='word_1_519' title='bbox 2693 3303 2896 3365; x_wconf 77' lang='grc' dir='ltr'>ειδότες</span> <span class='ocrx_word' id='word_1_520' title='bbox 2920 3301 3012 3356; x_wconf 76' lang='grc' dir='ltr'><strong>τὸν</strong></span> <span class='ocrx_word' id='word_1_521' title='bbox 3039 3302 3268 3371; x_wconf 82' lang='grc' dir='ltr'>βασιλέα</span> <span class='ocrx_word' id='word_1_522' title='bbox 3296 3304 3407 3366; x_wconf 81' lang='grc' dir='ltr'>τοῖς</span> <span class='ocrx_word' id='word_1_523' title='bbox 3441 3300 3707 3361; x_wconf 73' lang='grc' dir='ltr'>τοιούτοις</span> 
     </span>
    </p>
   </div>
   <div class='ocr_carea' id='block_1_79' title="bbox 2128 3386 3791 3471">
    <p class='ocr_par' dir='ltr' id='par_1_79' title="bbox 2128 3386 3791 3471">
     <span class='ocr_line' id='line_1_79' title="bbox 2128 3386 3791 3471; baseline -0.005 -17"><span class='ocrx_word' id='word_1_524' title='bbox 2128 3398 2426 3471; x_wconf 81' lang='grc' dir='ltr'>ὑπερφυῶς</span> <span class='ocrx_word' id='word_1_525' title='bbox 2476 3397 2811 3467; x_wconf 80' lang='grc' dir='ltr'>ἀχθόμενον.,</span> <span class='ocrx_word' id='word_1_526' title='bbox 2842 3395 3161 3463; x_wconf 84' lang='grc' dir='ltr'>Τηνικαῦτα</span> <span class='ocrx_word' id='word_1_527' title='bbox 3195 3396 3251 3449; x_wconf 85' lang='grc' dir='ltr'>δὲ</span> <span class='ocrx_word' id='word_1_528' title='bbox 3291 3386 3457 3465; x_wconf 59' lang='grc' dir='ltr'>ίνοὺς</span> <span class='ocrx_word' id='word_1_529' title='bbox 3509 3397 3587 3457; x_wconf 77' lang='grc' dir='ltr'><strong>εἰς</strong></span> <span class='ocrx_word' id='word_1_530' title='bbox 3618 3396 3709 3446; x_wconf 81' lang='grc' dir='ltr'><strong>δύο</strong></span> <span class='ocrx_word' id='word_1_531' title='bbox 3784 3414 3791 3419; x_wconf 86' lang='grc'>·</span> 
     </span>
    </p>
   </div>
   <div class='ocr_carea' id='block_1_80' title="bbox 2127 3488 3708 3565">
    <p class='ocr_par' dir='ltr' id='par_1_80' title="bbox 2127 3488 3708 3565">
     <span class='ocr_line' id='line_1_80' title="bbox 2127 3488 3708 3565; baseline -0.006 -19"><span class='ocrx_word' id='word_1_532' title='bbox 2127 3491 2455 3565; x_wconf 83' lang='grc' dir='ltr'>διαιρεῖσθαι</span> <span class='ocrx_word' id='word_1_533' title='bbox 2504 3493 2572 3543; x_wconf 82' lang='grc' dir='ltr'>τὰ</span> <span class='ocrx_word' id='word_1_534' title='bbox 2644 3491 2850 3561; x_wconf 82' lang='grc' dir='ltr'>πλήθη,</span> <span class='ocrx_word' id='word_1_535' title='bbox 2913 3489 3183 3551; x_wconf 74' lang='grc' dir='ltr'>καὶτοὺς</span> <span class='ocrx_word' id='word_1_536' title='bbox 3243 3488 3344 3557; x_wconf 80' lang='grc' dir='ltr'>μὲν</span> <span class='ocrx_word' id='word_1_537' title='bbox 3402 3488 3708 3554; x_wconf 83' lang='grc' dir='ltr'>Ἀθανασίῳ</span> 
     </span>
    </p>
   </div>
   <div class='ocr_carea' id='block_1_81' title="bbox 2131 3577 3707 3651">
    <p class='ocr_par' dir='ltr' id='par_1_81' title="bbox 2131 3577 3707 3651">
     <span class='ocr_line' id='line_1_81' title="bbox 2131 3577 3707 3651; baseline -0.006 -16"><span class='ocrx_word' id='word_1_538' title='bbox 2131 3580 2519 3651; x_wconf 75' lang='grc' dir='ltr'>προσκεῖσθαι,</span> <span class='ocrx_word' id='word_1_539' title='bbox 2571 3580 2699 3641; x_wconf 82' lang='grc' dir='ltr'>τοὺς</span> <span class='ocrx_word' id='word_1_540' title='bbox 2744 3579 2799 3631; x_wconf 78' lang='grc' dir='ltr'>δὲ</span> <span class='ocrx_word' id='word_1_541' title='bbox 2851 3578 3093 3646; x_wconf 76' lang='grc' dir='ltr'>Ἰωάννῃ,</span> <span class='ocrx_word' id='word_1_542' title='bbox 3135 3577 3345 3646; x_wconf 84' lang='grc' dir='ltr'>σφόδρα</span> <span class='ocrx_word' id='word_1_543' title='bbox 3396 3577 3707 3646; x_wconf 84' lang='grc' dir='ltr'>χαλεπήνας</span> 
     </span>
    </p>
   </div>
   <div class='ocr_carea' id='block_1_82' title="bbox 2131 3663 3711 3740">
    <p class='ocr_par' dir='ltr' id='par_1_82' title="bbox 2131 3663 3711 3740">
     <span class='ocr_line' id='line_1_82' title="bbox 2131 3663 3711 3740; baseline -0.004 -14"><span class='ocrx_word' id='word_1_544' title='bbox 2131 3677 2228 3726; x_wconf 71' lang='grc' dir='ltr'>καὶ</span> <span class='ocrx_word' id='word_1_545' title='bbox 2280 3673 2445 3726; x_wconf 74' lang='grc' dir='ltr'>αὑτὸν</span> <span class='ocrx_word' id='word_1_546' title='bbox 2487 3672 2743 3740; x_wconf 80' lang='grc' dir='ltr'>Ἰωάννην</span> <span class='ocrx_word' id='word_1_547' title='bbox 2775 3669 3059 3738; x_wconf 73' lang='grc' dir='ltr'>ἐξώρισεν.</span> <span class='ocrx_word' id='word_1_548' title='bbox 3093 3665 3201 3722; x_wconf 83' lang='grc' dir='ltr'><strong>Ἶιν</strong></span> <span class='ocrx_word' id='word_1_549' title='bbox 3246 3669 3303 3721; x_wconf 86' lang='grc' dir='ltr'>δὲ</span> <span class='ocrx_word' id='word_1_550' title='bbox 3353 3663 3513 3730; x_wconf 74' lang='grc' dir='ltr'>οὗτος</span> <span class='ocrx_word' id='word_1_551' title='bbox 3546 3668 3711 3722; x_wconf 83' lang='grc' dir='ltr'>Μελι-</span> 
     </span>
    </p>
   </div>
   <div class='ocr_carea' id='block_1_83' title="bbox 2131 3754 3711 3833">
    <p class='ocr_par' dir='ltr' id='par_1_83' title="bbox 2131 3754 3711 3833">
     <span class='ocr_line' id='line_1_83' title="bbox 2131 3754 3711 3833; baseline -0.004 -15"><span class='ocrx_word' id='word_1_552' title='bbox 2131 3765 2249 3819; x_wconf 85' lang='grc' dir='ltr'>τίου</span> <span class='ocrx_word' id='word_1_553' title='bbox 2281 3754 2526 3832; x_wconf 84' lang='grc' dir='ltr'>διάδοχος</span> <span class='ocrx_word' id='word_1_554' title='bbox 2554 3762 2647 3816; x_wconf 73' lang='grc' dir='ltr'>καὶ</span> <span class='ocrx_word' id='word_1_555' title='bbox 2681 3762 2834 3833; x_wconf 81' lang='grc' dir='ltr'>παρὰ</span> <span class='ocrx_word' id='word_1_556' title='bbox 2864 3762 2961 3830; x_wconf 81' lang='grc' dir='ltr'>τῆς</span> <span class='ocrx_word' id='word_1_557' title='bbox 2993 3763 3051 3813; x_wconf 75' lang='grc' dir='ltr'>ἐν</span> <span class='ocrx_word' id='word_1_558' title='bbox 3077 3762 3242 3832; x_wconf 82' lang='grc' dir='ltr'>Τύρῳ</span> <span class='ocrx_word' id='word_1_559' title='bbox 3274 3762 3495 3815; x_wconf 83' lang='grc' dir='ltr'>συνόδου</span> <span class='ocrx_word' id='word_1_560' title='bbox 3520 3779 3711 3814; x_wconf 83' lang='grc' dir='ltr'>κοινω-</span> 
     </span>
    </p>
   </div>
   <div class='ocr_carea' id='block_1_84' title="bbox 2135 3853 3711 3929">
    <p class='ocr_par' dir='ltr' id='par_1_84' title="bbox 2135 3853 3711 3929">
     <span class='ocr_line' id='line_1_84' title="bbox 2135 3853 3711 3929; baseline -0.004 -17"><span class='ocrx_word' id='word_1_561' title='bbox 2135 3859 2295 3929; x_wconf 81' lang='grc' dir='ltr'>νῆσαι</span> <span class='ocrx_word' id='word_1_562' title='bbox 2340 3856 2707 3928; x_wconf 75' lang='grc' dir='ltr'>προσταχθεὶς</span> <span class='ocrx_word' id='word_1_563' title='bbox 2740 3856 2833 3906; x_wconf 83' lang='grc' dir='ltr'>καὶ</span> <span class='ocrx_word' id='word_1_564' title='bbox 2880 3857 2975 3916; x_wconf 74' lang='grc' dir='ltr'>τὰς</span> <span class='ocrx_word' id='word_1_565' title='bbox 3023 3862 3193 3924; x_wconf 67' lang='grc' dir='ltr'>τιμὰς</span> <span class='ocrx_word' id='word_1_566' title='bbox 3237 3855 3348 3908; x_wconf 83' lang='grc' dir='ltr'>τῶν</span> <span class='ocrx_word' id='word_1_567' title='bbox 3389 3853 3536 3908; x_wconf 86' lang='grc' dir='ltr'>ίδίων</span> <span class='ocrx_word' id='word_1_568' title='bbox 3567 3856 3711 3923; x_wconf 77' lang='grc' dir='ltr'>ἔχειν</span> 
     </span>
    </p>
   </div>
   <div class='ocr_carea' id='block_1_85' title="bbox 2133 3937 3712 4023">
    <p class='ocr_par' dir='ltr' id='par_1_85' title="bbox 2133 3937 3712 4023">
     <span class='ocr_line' id='line_1_85' title="bbox 2133 3937 3712 4023; baseline -0.004 -17"><span class='ocrx_word' id='word_1_569' title='bbox 2133 3952 2375 4023; x_wconf 83' lang='grc' dir='ltr'>κλήρων,</span> <span class='ocrx_word' id='word_1_570' title='bbox 2433 3950 2529 4003; x_wconf 77' lang='grc' dir='ltr'>καὶ</span> <span class='ocrx_word' id='word_1_571' title='bbox 2571 3950 2620 4001; x_wconf 83' lang='grc' dir='ltr'><strong>οἳ</strong></span> <span class='ocrx_word' id='word_1_572' title='bbox 2655 3949 2770 4017; x_wconf 80' lang='grc' dir='ltr'>μετ’</span> <span class='ocrx_word' id='word_1_573' title='bbox 2800 3948 2967 4001; x_wconf 77' lang='grc' dir='ltr'>αὑτοῦ</span> <span class='ocrx_word' id='word_1_574' title='bbox 2996 3937 3154 4020; x_wconf 66' lang='grc' dir='ltr'>ἦσαν’.</span> <span class='ocrx_word' id='word_1_575' title='bbox 3204 3949 3398 4001; x_wconf 84' lang='grc' dir='ltr'>Καίτοι</span> <span class='ocrx_word' id='word_1_576' title='bbox 3434 3965 3516 4015; x_wconf 88' lang='grc' dir='ltr'><strong>γε</strong></span> <span class='ocrx_word' id='word_1_577' title='bbox 3561 3949 3712 4017; x_wconf 82' lang='grc' dir='ltr'>παρὰ</span> 
     </span>
    </p>
   </div>
   <div class='ocr_carea' id='block_1_86' title="bbox 2135 4041 3710 4116">
    <p class='ocr_par' dir='ltr' id='par_1_86' title="bbox 2135 4041 3710 4116">
     <span class='ocr_line' id='line_1_86' title="bbox 2135 4041 3710 4116; baseline -0.005 -17"><span class='ocrx_word' id='word_1_578' title='bbox 2135 4045 2361 4116; x_wconf 84' lang='grc' dir='ltr'>γνώμην</span> <span class='ocrx_word' id='word_1_579' title='bbox 2391 4043 2548 4096; x_wconf 81' lang='grc' dir='ltr'>τοῦτο</span> <span class='ocrx_word' id='word_1_580' title='bbox 2593 4042 2657 4111; x_wconf 85' lang='grc' dir='ltr'>δὴ</span> <span class='ocrx_word' id='word_1_581' title='bbox 2689 4042 2878 4109; x_wconf 81' lang='grc' dir='ltr'>γέγονε</span> <span class='ocrx_word' id='word_1_582' title='bbox 2920 4043 3031 4102; x_wconf 71' lang='grc' dir='ltr'>τοῖς</span> <span class='ocrx_word' id='word_1_583' title='bbox 3079 4041 3406 4095; x_wconf 79' lang='grc' dir='ltr'>’Λθανασίου</span> <span class='ocrx_word' id='word_1_584' title='bbox 3450 4041 3710 4111; x_wconf 75' lang='grc' dir='ltr'>ἐχθροῖςο</span> 
     </span>
    </p>
   </div>
   <div class='ocr_carea' id='block_1_87' title="bbox 2135 4129 3705 4207">
    <p class='ocr_par' dir='ltr' id='par_1_87' title="bbox 2135 4129 3705 4207">
     <span class='ocr_line' id='line_1_87' title="bbox 2135 4129 3705 4207; baseline -0.005 -15"><span class='ocrx_word' id='word_1_585' title='bbox 2135 4138 2352 4207; x_wconf 80' lang='grc' dir='ltr'>ἐγένετο</span> <span class='ocrx_word' id='word_1_586' title='bbox 2380 4135 2425 4190; x_wconf 84' lang='grc' dir='ltr'>δ’</span> <span class='ocrx_word' id='word_1_587' title='bbox 2447 4136 2557 4190; x_wconf 85' lang='grc' dir='ltr'>οὖν.</span> <span class='ocrx_word' id='word_1_588' title='bbox 2589 4136 2698 4187; x_wconf 76' lang='grc' dir='ltr'><strong>Καὶ</strong></span> <span class='ocrx_word' id='word_1_589' title='bbox 2738 4134 2959 4205; x_wconf 72' lang='grc' dir='ltr'>Ἰωάννῃ</span> <span class='ocrx_word' id='word_1_590' title='bbox 2987 4134 3190 4204; x_wconf 72' lang='grc' dir='ltr'>ἥκιστα</span> <span class='ocrx_word' id='word_1_591' title='bbox 3219 4129 3363 4204; x_wconf 79' lang='grc' dir='ltr'>ἦσαν</span> <span class='ocrx_word' id='word_1_592' title='bbox 3390 4134 3468 4197; x_wconf 88' lang='grc' dir='ltr'><strong>είς</strong></span> <span class='ocrx_word' id='word_1_593' title='bbox 3494 4133 3705 4201; x_wconf 77' lang='grc' dir='ltr'>ὄνησιν,</span> 
     </span>
    </p>
   </div>
   <div class='ocr_carea' id='block_1_88' title="bbox 2136 4224 3711 4299">
    <p class='ocr_par' dir='ltr' id='par_1_88' title="bbox 2136 4224 3711 4299">
     <span class='ocr_line' id='line_1_88' title="bbox 2136 4224 3711 4299; baseline -0.008 -13"><span class='ocrx_word' id='word_1_594' title='bbox 2136 4235 2236 4286; x_wconf 82' lang='grc' dir='ltr'>ὅσα</span> <span class='ocrx_word' id='word_1_595' title='bbox 2264 4233 2315 4285; x_wconf 75' lang='grc' dir='ltr'>οἱ</span> <span class='ocrx_word' id='word_1_596' title='bbox 2342 4233 2398 4284; x_wconf 79' lang='grc' dir='ltr'>ὲν</span> <span class='ocrx_word' id='word_1_597' title='bbox 2432 4230 2595 4299; x_wconf 85' lang='grc' dir='ltr'>Τύρῳ</span> <span class='ocrx_word' id='word_1_598' title='bbox 2643 4227 2793 4297; x_wconf 85' lang='grc' dir='ltr'><strong>αὑτῴ</strong></span> <span class='ocrx_word' id='word_1_599' title='bbox 2842 4227 3274 4295; x_wconf 75' lang='grc' dir='ltr'>συνεκρότησαν.</span> <span class='ocrx_word' id='word_1_600' title='bbox 3316 4226 3374 4279; x_wconf 88' lang='grc' dir='ltr'><strong>Ὀ</strong></span> <span class='ocrx_word' id='word_1_601' title='bbox 3404 4226 3513 4295; x_wconf 79' lang='grc' dir='ltr'>γὰρ</span> <span class='ocrx_word' id='word_1_602' title='bbox 3554 4224 3711 4295; x_wconf 77' lang='grc' dir='ltr'>βατι-</span> 
     </span>
    </p>
   </div>
   <div class='ocr_carea' id='block_1_89' title="bbox 2139 4310 3712 4389">
    <p class='ocr_par' dir='ltr' id='par_1_89' title="bbox 2139 4310 3712 4389">
     <span class='ocr_line' id='line_1_89' title="bbox 2139 4310 3712 4389; baseline -0.008 -16"><span class='ocrx_word' id='word_1_603' title='bbox 2139 4320 2264 4382; x_wconf 70' lang='grc' dir='ltr'><strong>λεὺς</strong></span> <span class='ocrx_word' id='word_1_604' title='bbox 2304 4319 2574 4389; x_wconf 83' lang='grc' dir='ltr'>κρείττων</span> <span class='ocrx_word' id='word_1_605' title='bbox 2606 4317 2814 4378; x_wconf 78' lang='grc' dir='ltr'>ἱκεσίας</span> <span class='ocrx_word' id='word_1_606' title='bbox 2852 4310 2918 4386; x_wconf 81' lang='grc' dir='ltr'>ἦν</span> <span class='ocrx_word' id='word_1_607' title='bbox 2960 4314 3053 4369; x_wconf 75' lang='grc' dir='ltr'>καὶ</span> <span class='ocrx_word' id='word_1_608' title='bbox 3106 4313 3462 4381; x_wconf 81' lang='grc' dir='ltr'>παντοδαπῆς</span> <span class='ocrx_word' id='word_1_609' title='bbox 3512 4327 3712 4379; x_wconf 81' lang='grc' dir='ltr'>παραι-</span> 
     </span>
    </p>
   </div>
   <div class='ocr_carea' id='block_1_90' title="bbox 2137 4404 3715 4482">
    <p class='ocr_par' dir='ltr' id='par_1_90' title="bbox 2137 4404 3715 4482">
     <span class='ocr_line' id='line_1_90' title="bbox 2137 4404 3715 4482; baseline -0.008 -17"><span class='ocrx_word' id='word_1_610' title='bbox 2137 4414 2367 4482; x_wconf 82' lang='grc' dir='ltr'>τήσεως.</span> <span class='ocrx_word' id='word_1_611' title='bbox 2401 4410 2643 4478; x_wconf 84' lang='grc' dir='ltr'>ὁπηνίκα</span> <span class='ocrx_word' id='word_1_612' title='bbox 2672 4410 2729 4461; x_wconf 80' lang='grc' dir='ltr'>ὲν</span> <span class='ocrx_word' id='word_1_613' title='bbox 2761 4406 3042 4467; x_wconf 79' lang='grc' dir='ltr'>ὑπονοίαις</span> <span class='ocrx_word' id='word_1_614' title='bbox 3066 4404 3192 4474; x_wconf 75' lang='grc' dir='ltr'>ἔσχε</span> <span class='ocrx_word' id='word_1_615' title='bbox 3226 4404 3375 4467; x_wconf 77' lang='grc' dir='ltr'>τινὰ,</span> <span class='ocrx_word' id='word_1_616' title='bbox 3404 4404 3488 4466; x_wconf 83' lang='grc' dir='ltr'><strong>εἰς</strong></span> <span class='ocrx_word' id='word_1_617' title='bbox 3522 4405 3715 4454; x_wconf 71' lang='grc' dir='ltr'>στάσιν</span> 
     </span>
    </p>
   </div>
   <div class='ocr_carea' id='block_1_91' title="bbox 2141 4496 3711 4576">
    <p class='ocr_par' dir='ltr' id='par_1_91' title="bbox 2141 4496 3711 4576">
     <span class='ocr_line' id='line_1_91' title="bbox 2141 4496 3711 4576; baseline -0.009 -14"><span class='ocrx_word' id='word_1_618' title='bbox 2141 4510 2236 4562; x_wconf 76' lang='grc' dir='ltr'>καὶ</span> <span class='ocrx_word' id='word_1_619' title='bbox 2266 4508 2535 4576; x_wconf 80' lang='grc' dir='ltr'>μερισμὸν</span> <span class='ocrx_word' id='word_1_620' title='bbox 2561 4504 2655 4557; x_wconf 85' lang='grc' dir='ltr'>τὸν</span> <span class='ocrx_word' id='word_1_621' title='bbox 2675 4503 3064 4575; x_wconf 85' lang='grc' dir='ltr'>Χριστώνυμον</span> <span class='ocrx_word' id='word_1_622' title='bbox 3089 4501 3291 4569; x_wconf 83' lang='grc' dir='ltr'>κλῆρον</span> <span class='ocrx_word' id='word_1_623' title='bbox 3319 4498 3396 4552; x_wconf 89' lang='grc' dir='ltr'><strong>διε</strong></span> <span class='ocrx_word' id='word_1_624' title='bbox 3408 4496 3711 4567; x_wconf 75' lang='grc' dir='ltr'>ρεθίξοντα.</span> 
     </span>
    </p>
   </div>
   <div class='ocr_carea' id='block_1_92' title="bbox 466 4587 2028 4682">
    <p class='ocr_par' dir='ltr' id='par_1_92' title="bbox 466 4587 2028 4682">
     <span class='ocr_line' id='line_1_92' title="bbox 466 4587 2028 4682; baseline -0.003 -12"><span class='ocrx_word' id='word_1_625' title='bbox 466 4587 671 4670; x_wconf 85' lang='lat' dir='ltr'><strong>.loanni</strong></span> <span class='ocrx_word' id='word_1_626' title='bbox 729 4610 993 4682; x_wconf 87' lang='lat' dir='ltr'><strong>profuere</strong></span> <span class='ocrx_word' id='word_1_627' title='bbox 1040 4610 1368 4680; x_wconf 86' lang='lat' dir='ltr'><strong>quidquam,</strong></span> <span class='ocrx_word' id='word_1_628' title='bbox 1413 4624 1533 4677; x_wconf 77' lang='lat' dir='ltr'><strong>qua:</strong></span> <span class='ocrx_word' id='word_1_629' title='bbox 1582 4609 1775 4679; x_wconf 88' lang='lat' dir='ltr'><strong>Tyria</strong></span> <span class='ocrx_word' id='word_1_630' title='bbox 1821 4587 2028 4680; x_wconf 85' lang='lat' dir='ltr'><strong>synodo</strong></span> 
     </span>
    </p>
   </div>
   <div class='ocr_carea' id='block_1_93' title="bbox 2135 4587 3715 4682">
    <p class='ocr_par' dir='ltr' id='par_1_93' title="bbox 2154 4587 3715 4667">
     <span class='ocr_line' id='line_1_93' title="bbox 2154 4587 3715 4667; baseline -0.01 -14"><span class='ocrx_word' id='word_1_631' title='bbox 2154 4602 2349 4654; x_wconf 81' lang='grc' dir='ltr'>Ἰστὲον</span> <span class='ocrx_word' id='word_1_632' title='bbox 2391 4600 2579 4667; x_wconf 79' lang='grc' dir='ltr'>μέντοι</span> <span class='ocrx_word' id='word_1_633' title='bbox 2607 4598 2681 4658; x_wconf 84' lang='grc' dir='ltr'>ὼς</span> <span class='ocrx_word' id='word_1_634' title='bbox 2709 4597 2771 4650; x_wconf 80' lang='grc' dir='ltr'>τὸ</span> <span class='ocrx_word' id='word_1_635' title='bbox 2811 4594 3020 4664; x_wconf 81' lang='grc' dir='ltr'>’Λρείου</span> <span class='ocrx_word' id='word_1_636' title='bbox 3056 4593 3255 4661; x_wconf 76' lang='grc' dir='ltr'>δόγμα,</span> <span class='ocrx_word' id='word_1_637' title='bbox 3288 4592 3339 4643; x_wconf 85' lang='grc' dir='ltr'>εἰ</span> <span class='ocrx_word' id='word_1_638' title='bbox 3374 4591 3467 4647; x_wconf 74' lang='grc' dir='ltr'>καὶ</span> <span class='ocrx_word' id='word_1_639' title='bbox 3497 4587 3715 4647; x_wconf 77' lang='grc' dir='ltr'>πολλοῖς</span> 
     </span>
    </p>
   </div>
   <div class='ocr_carea' id='block_1_94' title="bbox 465 4686 2036 4775">
    <p class='ocr_par' dir='ltr' id='par_1_94' title="bbox 465 4686 2036 4775">
     <span class='ocr_line' id='line_1_94' title="bbox 465 4686 2036 4775; baseline -0.003 -14"><span class='ocrx_word' id='word_1_640' title='bbox 465 4718 585 4775; x_wconf 69' lang='lat' dir='ltr'><strong>acut</strong></span> <span class='ocrx_word' id='word_1_641' title='bbox 633 4708 962 4775; x_wconf 81' lang='lat' dir='ltr'><strong>decretaque</strong></span> <span class='ocrx_word' id='word_1_642' title='bbox 1018 4686 1258 4759; x_wconf 66' lang='lat' dir='ltr'><strong>fu&#39;erant.</strong></span> <span class='ocrx_word' id='word_1_643' title='bbox 1284 4701 1445 4771; x_wconf 80' lang='lat'><strong>661</strong></span> <span class='ocrx_word' id='word_1_644' title='bbox 1475 4699 1776 4771; x_wconf 82' lang='lat' dir='ltr'><strong>Imperator</strong></span> <span class='ocrx_word' id='word_1_645' title='bbox 1799 4718 2036 4771; x_wconf 85' lang='lat' dir='ltr'><strong>namque</strong></span> 
     </span>
    </p>
   </div>
   <div class='ocr_carea' id='block_1_95' title="bbox 466 4784 2035 4866">
    <p class='ocr_par' dir='ltr' id='par_1_95' title="bbox 466 4784 2035 4866">
     <span class='ocr_line' id='line_1_95' title="bbox 466 4784 2035 4866; baseline -0.006 -13"><span class='ocrx_word' id='word_1_646' title='bbox 466 4799 611 4853; x_wconf 88' lang='lat' dir='ltr'><strong>nulla</strong></span> <span class='ocrx_word' id='word_1_647' title='bbox 665 4794 1067 4866; x_wconf 74' lang='lat' dir='ltr'><strong>supplicatione</strong></span> <span class='ocrx_word' id='word_1_648' title='bbox 1122 4801 1219 4847; x_wconf 86' lang='lat' dir='ltr'><strong>aut</strong></span> <span class='ocrx_word' id='word_1_649' title='bbox 1281 4784 1669 4859; x_wconf 86' lang='lat' dir='ltr'><strong>deprecatione</strong></span> <span class='ocrx_word' id='word_1_650' title='bbox 1733 4789 1879 4845; x_wconf 79' lang='lat' dir='ltr'><strong>ﬂecti</strong></span> <span class='ocrx_word' id='word_1_651' title='bbox 1935 4808 2035 4861; x_wconf 80' lang='lat' dir='ltr'><strong>po-</strong></span> 
     </span>
    </p>
   </div>
   <div class='ocr_carea' id='block_1_96' title="bbox 466 4881 2034 4961">
    <p class='ocr_par' dir='ltr' id='par_1_96' title="bbox 466 4881 2034 4961">
     <span class='ocr_line' id='line_1_96' title="bbox 466 4881 2034 4961; baseline -0.006 -14"><span class='ocrx_word' id='word_1_652' title='bbox 466 4892 571 4948; x_wconf 89' lang='lat' dir='ltr'><strong>tuit</strong></span> <span class='ocrx_word' id='word_1_653' title='bbox 602 4890 704 4961; x_wconf 77' lang='lat' dir='ltr'><strong>(tl,</strong></span> <span class='ocrx_word' id='word_1_654' title='bbox 739 4887 784 4942; x_wconf 93' lang='lat' dir='ltr'><strong>si</strong></span> <span class='ocrx_word' id='word_1_655' title='bbox 817 4884 1039 4956; x_wconf 78' lang='lat' dir='ltr'><strong>quando</strong></span> <span class='ocrx_word' id='word_1_656' title='bbox 1069 4881 1440 4951; x_wconf 85' lang='lat' dir='ltr'><strong>suspicionem</strong></span> <span class='ocrx_word' id='word_1_657' title='bbox 1480 4882 1531 4935; x_wconf 88' lang='lat' dir='ltr'><strong>itt</strong></span> <span class='ocrx_word' id='word_1_658' title='bbox 1577 4896 1934 4952; x_wconf 86' lang='lat' dir='ltr'><strong>quemquam,</strong></span> <span class='ocrx_word' id='word_1_659' title='bbox 1967 4884 2034 4938; x_wconf 89' lang='lat' dir='ltr'><strong>ad</strong></span> 
     </span>
    </p>
   </div>
   <div class='ocr_carea' id='block_1_97' title="bbox 465 4972 2035 5040">
    <p class='ocr_par' dir='ltr' id='par_1_97' title="bbox 465 4972 2035 5040">
     <span class='ocr_line' id='line_1_97' title="bbox 465 4972 2035 5040; baseline -0.004 -4"><span class='ocrx_word' id='word_1_660' title='bbox 465 4985 793 5040; x_wconf 48' lang='lat' dir='ltr'><strong>seditionem</strong></span> <span class='ocrx_word' id='word_1_661' title='bbox 821 4994 947 5033; x_wconf 89' lang='lat' dir='ltr'><strong>eum</strong></span> <span class='ocrx_word' id='word_1_662' title='bbox 983 4985 1042 5031; x_wconf 88' lang='lat' dir='ltr'><strong>et</strong></span> <span class='ocrx_word' id='word_1_663' title='bbox 1074 4973 1468 5030; x_wconf 84' lang='lat' dir='ltr'><strong>discessionem</strong></span> <span class='ocrx_word' id='word_1_664' title='bbox 1501 4972 1879 5029; x_wconf 86' lang='lat' dir='ltr'><strong>Christianum</strong></span> <span class='ocrx_word' id='word_1_665' title='bbox 1924 4976 2035 5030; x_wconf 83' lang='lat' dir='ltr'><strong>cle-</strong></span> 
     </span>
    </p>
   </div>
   <div class='ocr_carea' id='block_1_98' title="bbox 468 5064 2035 5136">
    <p class='ocr_par' dir='ltr' id='par_1_98' title="bbox 468 5064 2035 5136">
     <span class='ocr_line' id='line_1_98' title="bbox 468 5064 2035 5136; baseline -0.006 -7"><span class='ocrx_word' id='word_1_666' title='bbox 468 5092 589 5131; x_wconf 85' lang='lat' dir='ltr'><strong>rum</strong></span> <span class='ocrx_word' id='word_1_667' title='bbox 624 5072 930 5133; x_wconf 80' lang='lat' dir='ltr'><strong>concitare,</strong></span> <span class='ocrx_word' id='word_1_668' title='bbox 971 5065 1337 5136; x_wconf 81' lang='lat' dir='ltr'><strong>concepisset.</strong></span> <span class='ocrx_word' id='word_1_669' title='bbox 1374 5064 1528 5119; x_wconf 86' lang='lat' dir='ltr'><strong>Scire</strong></span> <span class='ocrx_word' id='word_1_670' title='bbox 1589 5074 1779 5122; x_wconf 87' lang='lat' dir='ltr'><strong>autem</strong></span> <span class='ocrx_word' id='word_1_671' title='bbox 1819 5075 2035 5136; x_wconf 86' lang='lat' dir='ltr'><strong>oportet</strong></span> 
     </span>
    </p>
   </div>
   <div class='ocr_carea' id='block_1_99' title="bbox 466 5158 2035 5235">
    <p class='ocr_par' dir='ltr' id='par_1_99' title="bbox 466 5158 2035 5235">
     <span class='ocr_line' id='line_1_99' title="bbox 466 5158 2035 5235; baseline -0.005 -13"><span class='ocrx_word' id='word_1_672' title='bbox 466 5168 580 5222; x_wconf 80' lang='lat' dir='ltr'><strong>Arii</strong></span> <span class='ocrx_word' id='word_1_673' title='bbox 616 5166 840 5235; x_wconf 79' lang='lat' dir='ltr'><strong>dogma,</strong></span> <span class='ocrx_word' id='word_1_674' title='bbox 869 5158 1123 5231; x_wconf 84' lang='lat' dir='ltr'><strong>quamvis</strong></span> <span class='ocrx_word' id='word_1_675' title='bbox 1174 5172 1204 5212; x_wconf 90' lang='lat' dir='ltr'><strong>a</strong></span> <span class='ocrx_word' id='word_1_676' title='bbox 1258 5158 1442 5212; x_wconf 82' lang='lat' dir='ltr'><strong>multis</strong></span> <span class='ocrx_word' id='word_1_677' title='bbox 1501 5173 1697 5228; x_wconf 82' lang='lat' dir='ltr'><strong>magno</strong></span> <span class='ocrx_word' id='word_1_678' title='bbox 1747 5160 1933 5214; x_wconf 89' lang='lat' dir='ltr'><strong>studio</strong></span> <span class='ocrx_word' id='word_1_679' title='bbox 1980 5160 2035 5214; x_wconf 86' lang='lat' dir='ltr'><strong>in</strong></span> 
     </span>
    </p>
   </div>
   <div class='ocr_carea' id='block_1_100' title="bbox 467 5250 2036 5321">
    <p class='ocr_par' dir='ltr' id='par_1_100' title="bbox 467 5250 2036 5321">
     <span class='ocr_line' id='line_1_100' title="bbox 467 5250 2036 5321; baseline -0.003 -10"><span class='ocrx_word' id='word_1_680' title='bbox 467 5256 820 5313; x_wconf 62' lang='lat' dir='ltr'><strong>sermonibus</strong></span> <span class='ocrx_word' id='word_1_681' title='bbox 849 5261 905 5308; x_wconf 90' lang='lat' dir='ltr'><strong>et</strong></span> <span class='ocrx_word' id='word_1_682' title='bbox 927 5250 1397 5321; x_wconf 84' lang='lat' dir='ltr'><strong>disputationibus</strong></span> <span class='ocrx_word' id='word_1_683' title='bbox 1421 5250 1894 5321; x_wconf 88' lang='lat' dir='ltr'><strong>frequentaretur,</strong></span> <span class='ocrx_word' id='word_1_684' title='bbox 1917 5253 2036 5306; x_wconf 87' lang='lat' dir='ltr'><strong>sine</strong></span> 
     </span>
    </p>
   </div>
   <div class='ocr_carea' id='block_1_101' title="bbox 470 5342 2039 5414">
    <p class='ocr_par' dir='ltr' id='par_1_101' title="bbox 470 5342 2039 5414">
     <span class='ocr_line' id='line_1_101' title="bbox 470 5342 2039 5414; baseline -0.005 -9"><span class='ocrx_word' id='word_1_685' title='bbox 470 5351 696 5406; x_wconf 87' lang='lat' dir='ltr'><strong>nomine</strong></span> <span class='ocrx_word' id='word_1_686' title='bbox 728 5357 912 5401; x_wconf 88' lang='lat' dir='ltr'><strong>tamen</strong></span> <span class='ocrx_word' id='word_1_687' title='bbox 943 5345 1110 5398; x_wconf 89' lang='lat' dir='ltr'><strong>etiam</strong></span> <span class='ocrx_word' id='word_1_688' title='bbox 1147 5353 1261 5397; x_wconf 89' lang='lat' dir='ltr'><strong>tum</strong></span> <span class='ocrx_word' id='word_1_689' title='bbox 1302 5343 1493 5407; x_wconf 84' lang='lat' dir='ltr'><strong>fuisse,</strong></span> <span class='ocrx_word' id='word_1_690' title='bbox 1531 5358 1710 5413; x_wconf 90' lang='lat' dir='ltr'><strong>neque</strong></span> <span class='ocrx_word' id='word_1_691' title='bbox 1745 5342 1800 5397; x_wconf 91' lang='lat' dir='ltr'><strong>in</strong></span> <span class='ocrx_word' id='word_1_692' title='bbox 1835 5358 2039 5414; x_wconf 87' lang='lat' dir='ltr'><strong>corpus</strong></span> 
     </span>
    </p>
   </div>
   <div class='ocr_carea' id='block_1_102' title="bbox 467 5433 2038 5513">
    <p class='ocr_par' dir='ltr' id='par_1_102' title="bbox 467 5433 2038 5513">
     <span class='ocr_line' id='line_1_102' title="bbox 467 5433 2038 5513; baseline -0.005 -17"><span class='ocrx_word' id='word_1_693' title='bbox 467 5441 755 5513; x_wconf 86' lang='lat' dir='ltr'><strong>proprium</strong></span> <span class='ocrx_word' id='word_1_694' title='bbox 780 5435 1075 5492; x_wconf 83' lang='lat' dir='ltr'><strong>coaluisse.</strong></span> <span class='ocrx_word' id='word_1_695' title='bbox 1102 5435 1239 5490; x_wconf 85' lang='lat' dir='ltr'><strong>Nam</strong></span> <span class='ocrx_word' id='word_1_696' title='bbox 1271 5445 1469 5505; x_wconf 64' lang='lat' dir='ltr'><strong>praeter</strong></span> <span class='ocrx_word' id='word_1_697' title='bbox 1491 5434 1844 5498; x_wconf 85' lang='lat' dir='ltr'><strong>Novatianos,</strong></span> <span class='ocrx_word' id='word_1_698' title='bbox 1868 5433 2038 5506; x_wconf 82' lang='lat' dir='ltr'><strong>Pliry-</strong></span> 
     </span>
    </p>
   </div>
   <div class='ocr_carea' id='block_1_103' title="bbox 468 5526 2034 5605">
    <p class='ocr_par' dir='ltr' id='par_1_103' title="bbox 468 5526 2034 5605">
     <span class='ocr_line' id='line_1_103' title="bbox 468 5526 2034 5605; baseline -0.006 -17"><span class='ocrx_word' id='word_1_699' title='bbox 468 5550 582 5605; x_wconf 72' lang='lat' dir='ltr'><strong>ges,</strong></span> <span class='ocrx_word' id='word_1_700' title='bbox 610 5528 1045 5593; x_wconf 80' lang='lat' dir='ltr'><strong>Valentinianos,</strong></span> <span class='ocrx_word' id='word_1_701' title='bbox 1069 5526 1542 5592; x_wconf 78' lang='lat' dir='ltr'><strong>Marcionistas,et</strong></span> <span class='ocrx_word' id='word_1_702' title='bbox 1575 5526 1888 5597; x_wconf 13' lang='lat' dir='ltr'><strong>Pattlian‘os,</strong></span> <span class='ocrx_word' id='word_1_703' title='bbox 1920 5543 2034 5586; x_wconf 74' lang='grc' dir='ltr'>οιιιε</span> 
     </span>
    </p>
   </div>
   <div class='ocr_carea' id='block_1_104' title="bbox 539 5680 2036 5754">
    <p class='ocr_par' dir='ltr' id='par_1_104' title="bbox 539 5680 2036 5754">
     <span class='ocr_line' id='line_1_104' title="bbox 539 5680 2036 5754; baseline 0.001 -20"><span class='ocrx_word' id='word_1_704' title='bbox 539 5683 617 5750; x_wconf 83' lang='grc' dir='ltr'><strong>(ι)</strong></span> <span class='ocrx_word' id='word_1_705' title='bbox 662 5683 722 5733; x_wconf 93' lang='grc' dir='ltr'><strong>Ὀ</strong></span> <span class='ocrx_word' id='word_1_706' title='bbox 755 5681 865 5754; x_wconf 65' lang='grc' dir='ltr'>γὰρ</span> <span class='ocrx_word' id='word_1_707' title='bbox 921 5680 1171 5748; x_wconf 77' lang='grc' dir='ltr'>βασιλεὺς</span> <span class='ocrx_word' id='word_1_708' title='bbox 1225 5681 1493 5754; x_wconf 79' lang='grc' dir='ltr'>κρείττων</span> <span class='ocrx_word' id='word_1_709' title='bbox 1556 5682 1769 5745; x_wconf 75' lang='grc' dir='ltr'>ἱκεσίας</span> <span class='ocrx_word' id='word_1_710' title='bbox 1836 5685 2036 5754; x_wconf 58' lang='grc' dir='ltr'>για-καὶ</span> 
     </span>
    </p>
   </div>
   <div class='ocr_carea' id='block_1_105' title="bbox 470 5751 2036 5821">
    <p class='ocr_par' dir='ltr' id='par_1_105' title="bbox 470 5751 2036 5821">
     <span class='ocr_line' id='line_1_105' title="bbox 470 5751 2036 5821; baseline 0.001 -17"><span class='ocrx_word' id='word_1_711' title='bbox 470 5751 818 5820; x_wconf 73' lang='grc' dir='ltr'>παντοδαπῆς</span> <span class='ocrx_word' id='word_1_712' title='bbox 857 5755 1265 5821; x_wconf 79' lang='grc' dir='ltr'>παραιτήσεως,</span> <span class='ocrx_word' id='word_1_713' title='bbox 1331 5753 1567 5821; x_wconf 79' lang='grc' dir='ltr'>ὁπηνίκα</span> <span class='ocrx_word' id='word_1_714' title='bbox 1642 5754 1699 5805; x_wconf 82' lang='grc' dir='ltr'>ἐν</span> <span class='ocrx_word' id='word_1_715' title='bbox 1760 5751 2036 5816; x_wconf 80' lang='grc' dir='ltr'>ὑπονοίαις</span> 
     </span>
    </p>
   </div>
   <div class='ocr_carea' id='block_1_106' title="bbox 470 5821 2035 5891">
    <p class='ocr_par' dir='ltr' id='par_1_106' title="bbox 470 5821 2035 5891">
     <span class='ocr_line' id='line_1_106' title="bbox 470 5821 2035 5891; baseline -0.001 -18"><span class='ocrx_word' id='word_1_716' title='bbox 470 5821 589 5889; x_wconf 78' lang='grc' dir='ltr'>ἔσχε</span> <span class='ocrx_word' id='word_1_717' title='bbox 624 5823 745 5874; x_wconf 68' lang='grc' dir='ltr'>τινὰ</span> <span class='ocrx_word' id='word_1_718' title='bbox 780 5825 853 5884; x_wconf 83' lang='grc' dir='ltr'><strong>είς</strong></span> <span class='ocrx_word' id='word_1_719' title='bbox 884 5824 1067 5874; x_wconf 65' lang='grc' dir='ltr'>στάσιν</span> <span class='ocrx_word' id='word_1_720' title='bbox 1094 5826 1185 5874; x_wconf 76' lang='grc' dir='ltr'>καὶ</span> <span class='ocrx_word' id='word_1_721' title='bbox 1224 5824 1494 5891; x_wconf 70' lang='grc' dir='ltr'>μερισμὸν</span> <span class='ocrx_word' id='word_1_722' title='bbox 1525 5824 1615 5872; x_wconf 81' lang='grc' dir='ltr'>τὸν</span> <span class='ocrx_word' id='word_1_723' title='bbox 1654 5824 2035 5890; x_wconf 74' lang='grc' dir='ltr'>χριστώνυμον</span> 
     </span>
    </p>
   </div>
   <div class='ocr_carea' id='block_1_107' title="bbox 472 5891 2027 5969">
    <p class='ocr_par' dir='ltr' id='par_1_107' title="bbox 472 5891 2027 5969">
     <span class='ocr_line' id='line_1_107' title="bbox 472 5891 2027 5969; baseline 0.002 -27"><span class='ocrx_word' id='word_1_724' title='bbox 472 5892 672 5969; x_wconf 73' lang='grc' dir='ltr'>κλῆρον</span> <span class='ocrx_word' id='word_1_725' title='bbox 723 5891 1109 5963; x_wconf 68' lang='grc' dir='ltr'>διερεθίζονια.</span> <span class='ocrx_word' id='word_1_726' title='bbox 1153 5891 1453 5967; x_wconf 77' lang='lat' dir='ltr'><strong>Imperator</strong></span> <span class='ocrx_word' id='word_1_727' title='bbox 1496 5910 1672 5962; x_wconf 68' lang='lat' dir='ltr'><strong>preces</strong></span> <span class='ocrx_word' id='word_1_728' title='bbox 1703 5903 1750 5945; x_wconf 73' lang='lat' dir='ltr'><strong>ct</strong></span> <span class='ocrx_word' id='word_1_729' title='bbox 1782 5894 2027 5947; x_wconf 77' lang='lat' dir='ltr'><strong>deurcca-</strong></span> 
     </span>
    </p>
   </div>
   <div class='ocr_carea' id='block_1_108' title="bbox 2139 4679 3712 4758">
    <p class='ocr_par' dir='ltr' id='par_1_108' title="bbox 2139 4679 3712 4758">
     <span class='ocr_line' id='line_1_108' title="bbox 2139 4679 3712 4758; baseline -0.009 -13"><span class='ocrx_word' id='word_1_730' title='bbox 2139 4693 2281 4745; x_wconf 81' lang='grc' dir='ltr'>κατὰ</span> <span class='ocrx_word' id='word_1_731' title='bbox 2309 4689 2544 4755; x_wconf 81' lang='grc' dir='ltr'>διάλεξιν</span> <span class='ocrx_word' id='word_1_732' title='bbox 2583 4691 2641 4742; x_wconf 83' lang='grc' dir='ltr'>ὲν</span> <span class='ocrx_word' id='word_1_733' title='bbox 2671 4687 2875 4758; x_wconf 83' lang='grc' dir='ltr'>σπουδῇ</span> <span class='ocrx_word' id='word_1_734' title='bbox 2925 4683 3016 4757; x_wconf 80' lang='grc' dir='ltr'>ἦν,</span> <span class='ocrx_word' id='word_1_735' title='bbox 3047 4683 3163 4739; x_wconf 82' lang='grc' dir='ltr'>ἀλλ’</span> <span class='ocrx_word' id='word_1_736' title='bbox 3197 4683 3278 4737; x_wconf 71' lang='grc' dir='ltr'>ἔτι</span> <span class='ocrx_word' id='word_1_737' title='bbox 3322 4683 3461 4747; x_wconf 79' lang='grc' dir='ltr'>τέως</span> <span class='ocrx_word' id='word_1_738' title='bbox 3502 4679 3712 4737; x_wconf 74' lang='grc' dir='ltr'>ἀνώνυ-</span> 
     </span>
    </p>
   </div>
   <div class='ocr_carea' id='block_1_109' title="bbox 2143 4773 3717 4855">
    <p class='ocr_par' dir='ltr' id='par_1_109' title="bbox 2143 4773 3717 4855">
     <span class='ocr_line' id='line_1_109' title="bbox 2143 4773 3717 4855; baseline -0.009 -16"><span class='ocrx_word' id='word_1_739' title='bbox 2143 4803 2244 4855; x_wconf 86' lang='grc' dir='ltr'><strong>μον</strong></span> <span class='ocrx_word' id='word_1_740' title='bbox 2277 4779 2347 4854; x_wconf 81' lang='grc' dir='ltr'>ἦν</span> <span class='ocrx_word' id='word_1_741' title='bbox 2371 4826 2385 4849; x_wconf 91' lang='grc'><strong>,</strong></span> <span class='ocrx_word' id='word_1_742' title='bbox 2412 4785 2505 4836; x_wconf 77' lang='grc' dir='ltr'>καὶ</span> <span class='ocrx_word' id='word_1_743' title='bbox 2525 4783 2647 4853; x_wconf 68' lang='grc' dir='ltr'>οὑχ).</span> <span class='ocrx_word' id='word_1_744' title='bbox 2673 4783 2750 4844; x_wconf 87' lang='grc' dir='ltr'><strong>είς</strong></span> <span class='ocrx_word' id='word_1_745' title='bbox 2771 4781 2903 4835; x_wconf 75' lang='grc' dir='ltr'>ἴδιον</span> <span class='ocrx_word' id='word_1_746' title='bbox 2928 4779 3182 4848; x_wconf 86' lang='grc' dir='ltr'>σύστημα</span> <span class='ocrx_word' id='word_1_747' title='bbox 3209 4777 3531 4848; x_wconf 87' lang='grc' dir='ltr'>διεκρίνετο.</span> <span class='ocrx_word' id='word_1_748' title='bbox 3562 4773 3717 4841; x_wconf 79' lang='grc' dir='ltr'>Πλὴν</span> 
     </span>
    </p>
   </div>
   <div class='ocr_carea' id='block_1_110' title="bbox 2139 4868 3715 4947">
    <p class='ocr_par' dir='ltr' id='par_1_110' title="bbox 2139 4868 3715 4947">
     <span class='ocr_line' id='line_1_110' title="bbox 2139 4868 3715 4947; baseline -0.008 -18"><span class='ocrx_word' id='word_1_749' title='bbox 2139 4879 2249 4947; x_wconf 70' lang='grc' dir='ltr'><strong>γὰρ</strong></span> <span class='ocrx_word' id='word_1_750' title='bbox 2303 4876 2661 4932; x_wconf 83' lang='grc' dir='ltr'>Ναυατιανῶν</span> <span class='ocrx_word' id='word_1_751' title='bbox 2695 4874 2791 4927; x_wconf 83' lang='grc' dir='ltr'>καὶ</span> <span class='ocrx_word' id='word_1_752' title='bbox 2845 4871 3096 4941; x_wconf 80' lang='grc' dir='ltr'>Φρυγῶν,</span> <span class='ocrx_word' id='word_1_753' title='bbox 3132 4868 3595 4924; x_wconf 82' lang='grc' dir='ltr'>Οὐαλεντινιανῶν</span> <span class='ocrx_word' id='word_1_754' title='bbox 3654 4882 3715 4917; x_wconf 85' lang='grc' dir='ltr'><strong>τε</strong></span> 
     </span>
    </p>
   </div>
   <div class='ocr_carea' id='block_1_111' title="bbox 2140 4964 3719 5041">
    <p class='ocr_par' dir='ltr' id='par_1_111' title="bbox 2140 4964 3719 5041">
     <span class='ocr_line' id='line_1_111' title="bbox 2140 4964 3719 5041; baseline -0.006 -18"><span class='ocrx_word' id='word_1_755' title='bbox 2140 4970 2237 5028; x_wconf 76' lang='grc' dir='ltr'>καὶ</span> <span class='ocrx_word' id='word_1_756' title='bbox 2261 4968 2698 5041; x_wconf 83' lang='grc' dir='ltr'>Μαρκιωνιστῶν</span> <span class='ocrx_word' id='word_1_757' title='bbox 2730 4969 2824 5021; x_wconf 77' lang='grc' dir='ltr'>καὶ</span> <span class='ocrx_word' id='word_1_758' title='bbox 2866 4967 3206 5032; x_wconf 82' lang='grc' dir='ltr'>Παυλιανῶν,</span> <span class='ocrx_word' id='word_1_759' title='bbox 3238 4965 3482 5027; x_wconf 76' lang='grc' dir='ltr'>ἅπαντες</span> <span class='ocrx_word' id='word_1_760' title='bbox 3513 4964 3628 5033; x_wconf 76' lang='grc' dir='ltr'>ἅμα</span> <span class='ocrx_word' id='word_1_761' title='bbox 3654 4979 3719 5013; x_wconf 87' lang='grc' dir='ltr'><strong>τε</strong></span> 
     </span>
    </p>
   </div>
   <div class='ocr_carea' id='block_1_112' title="bbox 2140 5056 3718 5129">
    <p class='ocr_par' dir='ltr' id='par_1_112' title="bbox 2140 5056 3718 5129">
     <span class='ocr_line' id='line_1_112' title="bbox 2140 5056 3718 5129; baseline -0.006 -15"><span class='ocrx_word' id='word_1_762' title='bbox 2140 5061 2482 5126; x_wconf 78' lang='grc' dir='ltr'>ἐκοινώνουν,</span> <span class='ocrx_word' id='word_1_763' title='bbox 2543 5059 2787 5119; x_wconf 76' lang='grc' dir='ltr'>καὶ,ὑπὸ</span> <span class='ocrx_word' id='word_1_764' title='bbox 2854 5059 2986 5126; x_wconf 79' lang='grc' dir='ltr'>μίαν</span> <span class='ocrx_word' id='word_1_765' title='bbox 3034 5057 3336 5129; x_wconf 80' lang='grc' dir='ltr'>ἐκκλησίαν</span> <span class='ocrx_word' id='word_1_766' title='bbox 3391 5056 3718 5125; x_wconf 83' lang='grc' dir='ltr'>συνήγοντο.</span> 
     </span>
    </p>
   </div>
   <div class='ocr_carea' id='block_1_113' title="bbox 2143 5134 3723 5222">
    <p class='ocr_par' dir='ltr' id='par_1_113' title="bbox 2143 5134 3723 5222">
     <span class='ocr_line' id='line_1_113' title="bbox 2143 5134 3723 5222; baseline -0.006 -16"><span class='ocrx_word' id='word_1_767' title='bbox 2143 5154 2299 5207; x_wconf 74' lang='grc' dir='ltr'>Κατὰ</span> <span class='ocrx_word' id='word_1_768' title='bbox 2321 5134 2385 5206; x_wconf 35' lang='grc' dir='ltr'><strong>δὲ.</strong></span> <span class='ocrx_word' id='word_1_769' title='bbox 2418 5152 2526 5206; x_wconf 82' lang='grc' dir='ltr'><strong>τῶν</strong></span> <span class='ocrx_word' id='word_1_770' title='bbox 2560 5152 2868 5222; x_wconf 78' lang='grc' dir='ltr'>εἰρημένων</span> <span class='ocrx_word' id='word_1_771' title='bbox 2903 5151 3170 5221; x_wconf 69' lang='grc' dir='ltr'>αἱρέσεων</span> <span class='ocrx_word' id='word_1_772' title='bbox 3200 5149 3299 5203; x_wconf 76' lang='grc' dir='ltr'>ἕνα</span> <span class='ocrx_word' id='word_1_773' title='bbox 3347 5150 3510 5218; x_wconf 82' lang='grc' dir='ltr'>νόμον</span> <span class='ocrx_word' id='word_1_774' title='bbox 3547 5148 3723 5215; x_wconf 71' lang='grc' dir='ltr'>θέμεο</span> 
     </span>
    </p>
   </div>
   <div class='ocr_carea' id='block_1_114' title="bbox 2140 5239 3718 5316">
    <p class='ocr_par' dir='ltr' id='par_1_114' title="bbox 2140 5239 3718 5316">
     <span class='ocr_line' id='line_1_114' title="bbox 2140 5239 3718 5316; baseline -0.006 -19"><span class='ocrx_word' id='word_1_775' title='bbox 2140 5265 2229 5309; x_wconf 82' lang='grc' dir='ltr'><strong>νος</strong></span> <span class='ocrx_word' id='word_1_776' title='bbox 2260 5248 2287 5299; x_wconf 84' lang='grc' dir='ltr'>ὁ</span> <span class='ocrx_word' id='word_1_777' title='bbox 2321 5244 2598 5316; x_wconf 76' lang='grc' dir='ltr'>βασιλεὺς,</span> <span class='ocrx_word' id='word_1_778' title='bbox 2621 5243 2921 5312; x_wconf 74' lang='grc' dir='ltr'>προσέταξε</span> <span class='ocrx_word' id='word_1_779' title='bbox 2952 5244 3020 5294; x_wconf 81' lang='grc' dir='ltr'>τὰ</span> <span class='ocrx_word' id='word_1_780' title='bbox 3046 5243 3317 5310; x_wconf 83' lang='grc' dir='ltr'>εὑκτήρια</span> <span class='ocrx_word' id='word_1_781' title='bbox 3339 5239 3718 5308; x_wconf 79' lang='grc' dir='ltr'>ἀφαιρεῖσθαι,</span> 
     </span>
    </p>
   </div>
   <div class='ocr_carea' id='block_1_115' title="bbox 2143 5329 3724 5405">
    <p class='ocr_par' dir='ltr' id='par_1_115' title="bbox 2143 5329 3724 5405">
     <span class='ocr_line' id='line_1_115' title="bbox 2143 5329 3724 5405; baseline -0.008 -14"><span class='ocrx_word' id='word_1_782' title='bbox 2143 5337 2477 5405; x_wconf 81' lang='grc' dir='ltr'>συνάγεσθαι</span> <span class='ocrx_word' id='word_1_783' title='bbox 2529 5336 2584 5388; x_wconf 83' lang='grc' dir='ltr'>δὲ</span> <span class='ocrx_word' id='word_1_784' title='bbox 2624 5336 2746 5399; x_wconf 62' lang='grc' dir='ltr'>ταῖς</span> <span class='ocrx_word' id='word_1_785' title='bbox 2794 5335 3024 5399; x_wconf 73' lang='grc' dir='ltr'>καθρλου</span> <span class='ocrx_word' id='word_1_786' title='bbox 3078 5332 3438 5405; x_wconf 76' lang='grc' dir='ltr'>ἐκκλησίαις·</span> <span class='ocrx_word' id='word_1_787' title='bbox 3474 5329 3724 5398; x_wconf 77' lang='grc' dir='ltr'>ἀλλαχοῦ</span> 
     </span>
    </p>
   </div>
   <div class='ocr_carea' id='block_1_116' title="bbox 2141 5423 3722 5502">
    <p class='ocr_par' dir='ltr' id='par_1_116' title="bbox 2141 5423 3722 5502">
     <span class='ocr_line' id='line_1_116' title="bbox 2141 5423 3722 5502; baseline -0.008 -18"><span class='ocrx_word' id='word_1_788' title='bbox 2141 5432 2195 5484; x_wconf 76' lang='grc' dir='ltr'>δὲ</span> <span class='ocrx_word' id='word_1_789' title='bbox 2234 5432 2308 5502; x_wconf 78' lang='grc' dir='ltr'>μὴ</span> <span class='ocrx_word' id='word_1_790' title='bbox 2342 5430 2541 5494; x_wconf 73' lang='grc' dir='ltr'>ἐξεῖναι</span> <span class='ocrx_word' id='word_1_791' title='bbox 2568 5429 2704 5498; x_wconf 80' lang='grc' dir='ltr'>μήτε</span> <span class='ocrx_word' id='word_1_792' title='bbox 2741 5428 2847 5497; x_wconf 74' lang='grc' dir='ltr'>ἰδίᾳ</span> <span class='ocrx_word' id='word_1_793' title='bbox 2875 5428 3012 5497; x_wconf 83' lang='grc' dir='ltr'>μήτε</span> <span class='ocrx_word' id='word_1_794' title='bbox 3035 5426 3270 5494; x_wconf 58' lang='grc' dir='ltr'>δημοσία</span> <span class='ocrx_word' id='word_1_795' title='bbox 3301 5423 3722 5495; x_wconf 67' lang='grc' dir='ltr'><strong>ἐκινιλησιαζειν⁸</strong></span> 
     </span>
    </p>
   </div>
   <div class='ocr_carea' id='block_1_117' title="bbox 2139 5510 3727 5598">
    <p class='ocr_par' dir='ltr' id='par_1_117' title="bbox 2139 5510 3727 5598">
     <span class='ocr_line' id='line_1_117' title="bbox 2139 5510 3727 5598; baseline -0.009 -20"><span class='ocrx_word' id='word_1_796' title='bbox 2139 5525 2257 5598; x_wconf 63' lang='grc' dir='ltr'>αλλ’</span> <span class='ocrx_word' id='word_1_797' title='bbox 2286 5527 2343 5575; x_wconf 77' lang='grc' dir='ltr'>ὲν</span> <span class='ocrx_word' id='word_1_798' title='bbox 2373 5520 2538 5592; x_wconf 84' lang='grc' dir='ltr'>κοινῷ</span> <span class='ocrx_word' id='word_1_799' title='bbox 2573 5521 2779 5583; x_wconf 84' lang='grc' dir='ltr'>πάντας</span> <span class='ocrx_word' id='word_1_800' title='bbox 2808 5519 3197 5572; x_wconf 75' lang='grc' dir='ltr'>συνεϐούλευεν</span> <span class='ocrx_word' id='word_1_801' title='bbox 3236 5520 3485 5575; x_wconf 82' lang='grc' dir='ltr'>εἰσιέναι.</span> <span class='ocrx_word' id='word_1_802' title='bbox 3529 5516 3627 5579; x_wconf 78' lang='grc' dir='ltr'><strong>Ἐξ</strong></span> <span class='ocrx_word' id='word_1_803' title='bbox 3657 5510 3727 5585; x_wconf 70' lang='grc' dir='ltr'>ἧς</span> 
     </span>
    </p>
   </div>
   <div class='ocr_carea' id='block_1_118' title="bbox 2140 5680 3729 5749">
    <p class='ocr_par' dir='ltr' id='par_1_118' title="bbox 2140 5680 3729 5749">
     <span class='ocr_line' id='line_1_118' title="bbox 2140 5680 3729 5749; baseline -0.005 -12"><span class='ocrx_word' id='word_1_804' title='bbox 2140 5685 2304 5737; x_wconf 81' lang='lat' dir='ltr'><strong>tiones</strong></span> <span class='ocrx_word' id='word_1_805' title='bbox 2330 5699 2506 5737; x_wconf 81' lang='lat' dir='ltr'><strong>omnes</strong></span> <span class='ocrx_word' id='word_1_806' title='bbox 2529 5699 2709 5735; x_wconf 83' lang='lat' dir='ltr'><strong>eorum</strong></span> <span class='ocrx_word' id='word_1_807' title='bbox 2739 5680 3072 5749; x_wconf 64' lang='lat' dir='ltr'><strong>repudiabat,</strong></span> <span class='ocrx_word' id='word_1_808' title='bbox 3094 5682 3182 5749; x_wconf 80' lang='lat' dir='ltr'><strong>qui</strong></span> <span class='ocrx_word' id='word_1_809' title='bbox 3206 5682 3433 5747; x_wconf 54' lang='lat' dir='ltr'><strong>suspecti</strong></span> <span class='ocrx_word' id='word_1_810' title='bbox 3467 5682 3511 5732; x_wconf 85' lang='lat' dir='ltr'><strong>ei</strong></span> <span class='ocrx_word' id='word_1_811' title='bbox 3533 5688 3729 5735; x_wconf 60' lang='lat' dir='ltr'><strong>erant.</strong></span> 
     </span>
    </p>
   </div>
   <div class='ocr_carea' id='block_1_119' title="bbox 2140 5752 3732 5824">
    <p class='ocr_par' dir='ltr' id='par_1_119' title="bbox 2140 5752 3732 5824">
     <span class='ocr_line' id='line_1_119' title="bbox 2140 5752 3732 5824; baseline -0.006 -18"><span class='ocrx_word' id='word_1_812' title='bbox 2140 5755 2276 5824; x_wconf 71' lang='lat' dir='ltr'><strong>quod</strong></span> <span class='ocrx_word' id='word_1_813' title='bbox 2304 5755 2371 5806; x_wconf 83' lang='lat' dir='ltr'><strong>ad</strong></span> <span class='ocrx_word' id='word_1_814' title='bbox 2398 5754 2674 5807; x_wconf 79' lang='lat' dir='ltr'><strong>(lissidium</strong></span> <span class='ocrx_word' id='word_1_815' title='bbox 2718 5762 2764 5804; x_wconf 86' lang='lat' dir='ltr'><strong>et</strong></span> <span class='ocrx_word' id='word_1_816' title='bbox 2797 5752 3055 5824; x_wconf 68' lang='lat' dir='ltr'><strong>fat-tiones</strong></span> <span class='ocrx_word' id='word_1_817' title='bbox 3093 5752 3289 5824; x_wconf 70' lang='lat' dir='ltr'><strong>Christi</strong></span> <span class='ocrx_word' id='word_1_818' title='bbox 3330 5767 3513 5824; x_wconf 68' lang='lat' dir='ltr'><strong>nomen</strong></span> <span class='ocrx_word' id='word_1_819' title='bbox 3552 5764 3732 5824; x_wconf 65' lang='lat' dir='ltr'><strong>usur-</strong></span> 
     </span>
    </p>
   </div>
   <div class='ocr_carea' id='block_1_120' title="bbox 2141 5819 3726 5895">
    <p class='ocr_par' dir='ltr' id='par_1_120' title="bbox 2141 5819 3726 5895">
     <span class='ocr_line' id='line_1_120' title="bbox 2141 5819 3726 5895; baseline -0.004 -22"><span class='ocrx_word' id='word_1_820' title='bbox 2141 5819 2352 5895; x_wconf 65' lang='lat' dir='ltr'><strong>pumem</strong></span> <span class='ocrx_word' id='word_1_821' title='bbox 2392 5824 2588 5878; x_wconf 72' lang='lat' dir='ltr'><strong>clerum</strong></span> <span class='ocrx_word' id='word_1_822' title='bbox 2634 5828 2972 5876; x_wconf 68' lang='lat' dir='ltr'><strong>catmum-rm.</strong></span> <span class='ocrx_word' id='word_1_823' title='bbox 3022 5821 3291 5877; x_wconf 61' lang='lat' dir='ltr'><strong>Eusebius</strong></span> <span class='ocrx_word' id='word_1_824' title='bbox 3331 5822 3407 5875; x_wconf 31' lang='lat' dir='ltr'><strong>Di:</strong></span> <span class='ocrx_word' id='word_1_825' title='bbox 3444 5824 3537 5874; x_wconf 78' lang='lat' dir='ltr'><strong>ritu</strong></span> <span class='ocrx_word' id='word_1_826' title='bbox 3577 5819 3726 5871; x_wconf 66' lang='lat' dir='ltr'><strong>(Iun-</strong></span> 
     </span>
    </p>
   </div>
   <div class='ocr_carea' id='block_1_121' title="bbox 2137 5904 2359 5949">
    <p class='ocr_par' dir='ltr' id='par_1_121' title="bbox 2137 5904 2359 5949">
     <span class='ocr_line' id='line_1_121' title="bbox 2137 5904 2359 5949; baseline -0.009 0"><span class='ocrx_word' id='word_1_827' title='bbox 2137 5904 2359 5949; x_wconf 66' lang='lat' dir='ltr'><strong>sluntmt</strong></span> 
     </span>
    </p>
   </div>
  </div>
