  <div class='ocr_page' id='page_1' title='image "/cluster/home/n/w/nwhite01/storage/ocr_20150623/146/hvd.32044019208347/118.png"; bbox 0 0 3934 6546; ppageno 0'>
   <div class='ocr_carea' id='block_1_1' title="bbox 356 412 1964 485">
    <p class='ocr_par' dir='ltr' id='par_1_1' title="bbox 356 412 1963 481">
     <span class='ocr_line' id='line_1_1' title="bbox 356 412 1963 481; baseline 0.009 -14"><span class='ocrx_word' id='word_1_1' title='bbox 356 412 453 472; x_wconf 65' lang='grc' dir='ltr'><strong>εει</strong></span> <span class='ocrx_word' id='word_1_2' title='bbox 1274 417 1871 481; x_wconf 62' lang='grc' dir='ltr'><strong>ΕίῖίῖιΕςῐλδΤίίμΕ</strong></span> <span class='ocrx_word' id='word_1_3' title='bbox 1914 421 1963 480; x_wconf 86' lang='lat' dir='ltr'><strong>Il</strong></span> 
     </span>
    </p>
   </div>
   <div class='ocr_carea' id='block_1_2' title="bbox 2063 412 3609 485">
    <p class='ocr_par' dir='ltr' id='par_1_2' title="bbox 2063 421 3609 485">
     <span class='ocr_line' id='line_1_2' title="bbox 2063 421 3609 485; baseline 0.001 -5"><span class='ocrx_word' id='word_1_4' title='bbox 2063 422 2303 483; x_wconf 69' lang='lat' dir='ltr'><strong>I‘ORirE</strong></span> <span class='ocrx_word' id='word_1_5' title='bbox 2345 424 2488 485; x_wconf 82' lang='lat' dir='ltr'><strong>Llll.</strong></span> <span class='ocrx_word' id='word_1_6' title='bbox 2533 425 2701 485; x_wconf 85' lang='lat' dir='ltr'><strong>Vill.</strong></span> <span class='ocrx_word' id='word_1_7' title='bbox 3501 421 3609 485; x_wconf 65' lang='lat'><strong>&#39;22!</strong></span> 
     </span>
    </p>
   </div>
   <div class='ocr_carea' id='block_1_3' title="bbox 357 520 1964 629">
    <p class='ocr_par' dir='ltr' id='par_1_3' title="bbox 357 520 1964 599">
     <span class='ocr_line' id='line_1_3' title="bbox 357 520 1964 599; baseline 0.008 -29"><span class='ocrx_word' id='word_1_8' title='bbox 357 520 572 588; x_wconf 62' lang='grc' dir='ltr'>πρῶτος</span> <span class='ocrx_word' id='word_1_9' title='bbox 606 520 873 590; x_wconf 67' lang='grc' dir='ltr'>βασιλέων</span> <span class='ocrx_word' id='word_1_10' title='bbox 900 521 1074 591; x_wconf 60' lang='grc' dir='ltr'>ἄρξαι</span> <span class='ocrx_word' id='word_1_11' title='bbox 1118 525 1215 593; x_wconf 72' lang='grc' dir='ltr'>τῆς</span> <span class='ocrx_word' id='word_1_12' title='bbox 1256 528 1383 596; x_wconf 79' lang='grc' dir='ltr'>περὶ</span> <span class='ocrx_word' id='word_1_13' title='bbox 1435 529 1535 596; x_wconf 71' lang='grc' dir='ltr'>τὴν</span> <span class='ocrx_word' id='word_1_14' title='bbox 1595 529 1926 599; x_wconf 75' lang='grc' dir='ltr'>’ίίκκλησὶαν</span> <span class='ocrx_word' id='word_1_15' title='bbox 1962 575 1964 583; x_wconf 40' lang='grc' dir='ltr'><strong>ι</strong></span> 
     </span>
    </p>
   </div>
   <div class='ocr_carea' id='block_1_4' title="bbox 2063 520 3609 629">
    <p class='ocr_par' dir='ltr' id='par_1_4' title="bbox 2063 532 3609 607">
     <span class='ocr_line' id='line_1_4' title="bbox 2063 532 3609 607; baseline 0.003 -25"><span class='ocrx_word' id='word_1_16' title='bbox 2063 534 2371 602; x_wconf 84' lang='lat' dir='ltr'><strong>mpleretur.</strong></span> <span class='ocrx_word' id='word_1_17' title='bbox 2412 532 2649 590; x_wconf 73' lang='lat' dir='ltr'><strong>dicentis</strong></span> <span class='ocrx_word' id='word_1_18' title='bbox 2685 535 2701 567; x_wconf 87' lang='grc'>¹</span> <span class='ocrx_word' id='word_1_19' title='bbox 2740 552 2754 589; x_wconf 92' lang='lat'><strong>:</strong></span> <span class='ocrx_word' id='word_1_20' title='bbox 2804 533 2915 605; x_wconf 77' lang='lat' dir='ltr'><strong>Ego</strong></span> <span class='ocrx_word' id='word_1_21' title='bbox 2942 535 3301 607; x_wconf 79' lang='lat' dir='ltr'><strong>gloriﬁcantes</strong></span> <span class='ocrx_word' id='word_1_22' title='bbox 3362 550 3443 589; x_wconf 73' lang='lat' dir='ltr'><strong>me</strong></span> <span class='ocrx_word' id='word_1_23' title='bbox 3490 533 3609 604; x_wconf 81' lang='lat' dir='ltr'><strong>glo-</strong></span> 
     </span>
    </p>
   </div>
   <div class='ocr_carea' id='block_1_5' title="bbox 359 612 1964 694">
    <p class='ocr_par' dir='ltr' id='par_1_5' title="bbox 359 612 1929 689">
     <span class='ocr_line' id='line_1_5' title="bbox 359 612 1929 689; baseline 0.008 -25"><span class='ocrx_word' id='word_1_24' title='bbox 359 612 623 683; x_wconf 82' lang='grc' dir='ltr'>σπουδῆς,</span> <span class='ocrx_word' id='word_1_25' title='bbox 668 613 763 666; x_wconf 71' lang='grc' dir='ltr'>καὶ</span> <span class='ocrx_word' id='word_1_26' title='bbox 789 616 869 678; x_wconf 83' lang='grc' dir='ltr'><strong>εἰς</strong></span> <span class='ocrx_word' id='word_1_27' title='bbox 893 615 1053 670; x_wconf 85' lang='grc' dir='ltr'>τόσον</span> <span class='ocrx_word' id='word_1_28' title='bbox 1102 618 1401 681; x_wconf 61' lang='grc' dir='ltr'>ἐπιδόσεως</span> <span class='ocrx_word' id='word_1_29' title='bbox 1433 621 1683 689; x_wconf 77' lang='grc' dir='ltr'>ἀγαγεῖν.</span> <span class='ocrx_word' id='word_1_30' title='bbox 1732 622 1806 686; x_wconf 78' lang='grc' dir='ltr'>ὡς</span> <span class='ocrx_word' id='word_1_31' title='bbox 1848 625 1929 687; x_wconf 80' lang='grc' dir='ltr'>εἰς</span> 
     </span>
    </p>
   </div>
   <div class='ocr_carea' id='block_1_6' title="bbox 2063 612 3611 694">
    <p class='ocr_par' dir='ltr' id='par_1_6' title="bbox 2068 624 3611 694">
     <span class='ocr_line' id='line_1_6' title="bbox 2068 624 3611 694; baseline -0.001 -14"><span class='ocrx_word' id='word_1_32' title='bbox 2068 626 2278 694; x_wconf 80' lang='lat' dir='ltr'><strong>ilicabo.</strong></span> <span class='ocrx_word' id='word_1_33' title='bbox 2316 628 2585 682; x_wconf 78' lang='lat' dir='ltr'><strong>Maximus</strong></span> <span class='ocrx_word' id='word_1_34' title='bbox 2618 636 2802 682; x_wconf 88' lang='lat' dir='ltr'><strong>autem</strong></span> <span class='ocrx_word' id='word_1_35' title='bbox 2847 627 2939 683; x_wconf 87' lang='lat' dir='ltr'><strong>hic</strong></span> <span class='ocrx_word' id='word_1_36' title='bbox 2984 629 3071 682; x_wconf 87' lang='lat' dir='ltr'><strong>vir</strong></span> <span class='ocrx_word' id='word_1_37' title='bbox 3106 626 3437 682; x_wconf 71' lang='lat' dir='ltr'><strong>Christiana:</strong></span> <span class='ocrx_word' id='word_1_38' title='bbox 3481 624 3611 679; x_wconf 71' lang='lat' dir='ltr'><strong>reli-</strong></span> 
     </span>
    </p>
   </div>
   <div class='ocr_carea' id='block_1_7' title="bbox 361 704 1964 813">
    <p class='ocr_par' dir='ltr' id='par_1_7' title="bbox 361 704 1931 778">
     <span class='ocr_line' id='line_1_7' title="bbox 361 704 1931 778; baseline 0.005 -20"><span class='ocrx_word' id='word_1_39' title='bbox 361 707 531 772; x_wconf 64' lang='grc' dir='ltr'>ἄκρον</span> <span class='ocrx_word' id='word_1_40' title='bbox 554 704 769 759; x_wconf 81' lang='grc' dir='ltr'>ἱκέσθαι</span> <span class='ocrx_word' id='word_1_41' title='bbox 817 707 912 761; x_wconf 81' lang='grc' dir='ltr'>καὶ</span> <span class='ocrx_word' id='word_1_42' title='bbox 944 708 1174 778; x_wconf 69' lang='grc' dir='ltr'>μηδενὸς</span> <span class='ocrx_word' id='word_1_43' title='bbox 1207 710 1514 766; x_wconf 79' lang='grc' dir='ltr'><strong>λείπεσθαι.</strong></span> <span class='ocrx_word' id='word_1_44' title='bbox 1587 714 1931 769; x_wconf 82' lang='grc' dir='ltr'>Ἐπιτευκτι-</span> 
     </span>
    </p>
   </div>
   <div class='ocr_carea' id='block_1_8' title="bbox 2063 704 3607 813">
    <p class='ocr_par' dir='ltr' id='par_1_8' title="bbox 2069 717 3607 789">
     <span class='ocr_line' id='line_1_8' title="bbox 2069 717 3607 789; baseline -0.003 -19"><span class='ocrx_word' id='word_1_45' title='bbox 2069 718 2208 772; x_wconf 82' lang='lat' dir='ltr'><strong>iouis</strong></span> <span class='ocrx_word' id='word_1_46' title='bbox 2250 719 2506 774; x_wconf 76' lang='lat' dir='ltr'><strong>laudator</strong></span> <span class='ocrx_word' id='word_1_47' title='bbox 2537 719 2657 774; x_wconf 83' lang='lat' dir='ltr'><strong>fuit.</strong></span> <span class='ocrx_word' id='word_1_48' title='bbox 2694 717 2761 774; x_wconf 86' lang='lat' dir='ltr'><strong>Et</strong></span> <span class='ocrx_word' id='word_1_49' title='bbox 2794 733 2919 773; x_wconf 86' lang='lat' dir='ltr'><strong>cum</strong></span> <span class='ocrx_word' id='word_1_50' title='bbox 2952 717 3163 789; x_wconf 91' lang='lat' dir='ltr'><strong>primus</strong></span> <span class='ocrx_word' id='word_1_51' title='bbox 3207 717 3607 785; x_wconf 88' lang='lat' dir='ltr'><strong>imperatorum</strong></span> 
     </span>
    </p>
   </div>
   <div class='ocr_carea' id='block_1_9' title="bbox 363 796 1964 875">
    <p class='ocr_par' dir='ltr' id='par_1_9' title="bbox 363 796 1936 875">
     <span class='ocr_line' id='line_1_9' title="bbox 363 796 1936 875; baseline 0.009 -29"><span class='ocrx_word' id='word_1_52' title='bbox 363 796 453 857; x_wconf 76' lang='grc' dir='ltr'>κὸς</span> <span class='ocrx_word' id='word_1_53' title='bbox 477 796 532 849; x_wconf 75' lang='grc' dir='ltr'>δὲ</span> <span class='ocrx_word' id='word_1_54' title='bbox 559 796 632 859; x_wconf 82' lang='grc' dir='ltr'><strong>ὡς</strong></span> <span class='ocrx_word' id='word_1_55' title='bbox 674 797 776 851; x_wconf 81' lang='grc' dir='ltr'>οὐκ</span> <span class='ocrx_word' id='word_1_56' title='bbox 828 796 925 852; x_wconf 74' lang='grc' dir='ltr'>οἶδ’</span> <span class='ocrx_word' id='word_1_57' title='bbox 973 799 1029 853; x_wconf 77' lang='grc' dir='ltr'>ετ</span> <span class='ocrx_word' id='word_1_58' title='bbox 1066 817 1153 863; x_wconf 86' lang='grc' dir='ltr'><strong>τις</strong></span> <span class='ocrx_word' id='word_1_59' title='bbox 1199 800 1388 872; x_wconf 71' lang='grc' dir='ltr'>ἔτερος</span> <span class='ocrx_word' id='word_1_60' title='bbox 1435 798 1517 867; x_wconf 77' lang='grc' dir='ltr'>οἷς</span> <span class='ocrx_word' id='word_1_61' title='bbox 1574 806 1936 875; x_wconf 69' lang='grc' dir='ltr'><strong>ἐπεχείρησεν</strong></span> 
     </span>
    </p>
   </div>
   <div class='ocr_carea' id='block_1_10' title="bbox 2063 796 3608 875">
    <p class='ocr_par' dir='ltr' id='par_1_10' title="bbox 2063 805 3608 873">
     <span class='ocr_line' id='line_1_10' title="bbox 2063 805 3608 873; baseline -0.001 -17"><span class='ocrx_word' id='word_1_62' title='bbox 2063 809 2283 863; x_wconf 73' lang='lat' dir='ltr'><strong>minium</strong></span> <span class='ocrx_word' id='word_1_63' title='bbox 2318 824 2512 866; x_wconf 87' lang='lat' dir='ltr'><strong>curam</strong></span> <span class='ocrx_word' id='word_1_64' title='bbox 2560 810 3069 865; x_wconf 79' lang='lat' dir='ltr'><strong>ecclesiasticarum</strong></span> <span class='ocrx_word' id='word_1_65' title='bbox 3112 822 3293 862; x_wconf 93' lang='lat' dir='ltr'><strong>rerum</strong></span> <span class='ocrx_word' id='word_1_66' title='bbox 3343 805 3608 873; x_wconf 73' lang='lat' dir='ltr'><strong>suscepit,</strong></span> 
     </span>
    </p>
   </div>
   <div class='ocr_carea' id='block_1_11' title="bbox 363 888 1964 992">
    <p class='ocr_par' dir='ltr' id='par_1_11' title="bbox 363 888 1928 968">
     <span class='ocr_line' id='line_1_11' title="bbox 363 888 1928 968; baseline 0.008 -29"><span class='ocrx_word' id='word_1_67' title='bbox 363 889 601 955; x_wconf 72' lang='grc' dir='ltr'>Ξγξγόνει</span> <span class='ocrx_word' id='word_1_68' title='bbox 630 906 643 919; x_wconf 82' lang='grc'><em>’</em></span> <span class='ocrx_word' id='word_1_69' title='bbox 673 892 767 943; x_wconf 73' lang='grc' dir='ltr'>καὶ</span> <span class='ocrx_word' id='word_1_70' title='bbox 797 890 907 961; x_wconf 73' lang='grc' dir='ltr'>γὰρ</span> <span class='ocrx_word' id='word_1_71' title='bbox 936 890 1088 957; x_wconf 75' lang='grc' dir='ltr'>ἄνευ,</span> <span class='ocrx_word' id='word_1_72' title='bbox 1120 888 1297 962; x_wconf 76' lang='grc' dir='ltr'>οἶμαι,</span> <span class='ocrx_word' id='word_1_73' title='bbox 1324 895 1460 948; x_wconf 76' lang='grc' dir='ltr'>Θεοῦ</span> <span class='ocrx_word' id='word_1_74' title='bbox 1482 897 1634 949; x_wconf 75' lang='grc' dir='ltr'>οὐδὲν</span> <span class='ocrx_word' id='word_1_75' title='bbox 1657 897 1892 968; x_wconf 73' lang='grc' dir='ltr'>ἔπραττε</span> <span class='ocrx_word' id='word_1_76' title='bbox 1915 913 1928 927; x_wconf 87' lang='grc'>·</span> 
     </span>
    </p>
   </div>
   <div class='ocr_carea' id='block_1_12' title="bbox 2063 888 3611 992">
    <p class='ocr_par' dir='ltr' id='par_1_12' title="bbox 2063 895 3611 967">
     <span class='ocr_line' id='line_1_12' title="bbox 2063 895 3611 967; baseline -0.004 -15"><span class='ocrx_word' id='word_1_77' title='bbox 2063 916 2147 954; x_wconf 92' lang='lat' dir='ltr'><strong>um</strong></span> <span class='ocrx_word' id='word_1_78' title='bbox 2195 900 2267 954; x_wconf 89' lang='lat' dir='ltr'><strong>ita</strong></span> <span class='ocrx_word' id='word_1_79' title='bbox 2312 916 2406 957; x_wconf 89' lang='lat' dir='ltr'><strong>eas</strong></span> <span class='ocrx_word' id='word_1_80' title='bbox 2448 902 2619 966; x_wconf 84' lang='lat' dir='ltr'><strong>auxit,</strong></span> <span class='ocrx_word' id='word_1_81' title='bbox 2661 911 2723 957; x_wconf 92' lang='lat' dir='ltr'><strong>ut</strong></span> <span class='ocrx_word' id='word_1_82' title='bbox 2769 902 2834 956; x_wconf 89' lang='lat' dir='ltr'><strong>ad</strong></span> <span class='ocrx_word' id='word_1_83' title='bbox 2881 916 3153 956; x_wconf 79' lang='lat' dir='ltr'><strong>summam</strong></span> <span class='ocrx_word' id='word_1_84' title='bbox 3191 895 3611 967; x_wconf 88' lang='lat' dir='ltr'><strong>amplitudinem</strong></span> 
     </span>
    </p>
   </div>
   <div class='ocr_carea' id='block_1_13' title="bbox 365 981 1964 1065">
    <p class='ocr_par' dir='ltr' id='par_1_13' title="bbox 365 981 1931 1059">
     <span class='ocr_line' id='line_1_13' title="bbox 365 981 1931 1059; baseline 0.007 -26"><span class='ocrx_word' id='word_1_85' title='bbox 365 981 470 1033; x_wconf 81' lang='grc' dir='ltr'>τῶν</span> <span class='ocrx_word' id='word_1_86' title='bbox 492 998 550 1033; x_wconf 85' lang='grc' dir='ltr'><strong>τε</strong></span> <span class='ocrx_word' id='word_1_87' title='bbox 583 983 691 1051; x_wconf 77' lang='grc' dir='ltr'><strong>γὰρ</strong></span> <span class='ocrx_word' id='word_1_88' title='bbox 743 981 849 1045; x_wconf 73' lang='grc' dir='ltr'><strong>ἔξω</strong></span> <span class='ocrx_word' id='word_1_89' title='bbox 906 982 1163 1054; x_wconf 77' lang='grc' dir='ltr'>πολέμων</span> <span class='ocrx_word' id='word_1_90' title='bbox 1209 981 1518 1058; x_wconf 75' lang='grc' dir='ltr'>ἀνακράτὸς</span> <span class='ocrx_word' id='word_1_91' title='bbox 1561 989 1931 1059; x_wconf 81' lang='grc' dir='ltr'>περιεγένετο,</span> 
     </span>
    </p>
   </div>
   <div class='ocr_carea' id='block_1_14' title="bbox 2063 981 3614 1065">
    <p class='ocr_par' dir='ltr' id='par_1_14' title="bbox 2063 987 3614 1065">
     <span class='ocr_line' id='line_1_14' title="bbox 2063 987 3614 1065; baseline -0.006 -18"><span class='ocrx_word' id='word_1_92' title='bbox 2063 995 2172 1050; x_wconf 79' lang='grc' dir='ltr'><strong>ιὶιιίι</strong></span> <span class='ocrx_word' id='word_1_93' title='bbox 2193 1005 2339 1051; x_wconf 81' lang='lat' dir='ltr'><strong>esset</strong></span> <span class='ocrx_word' id='word_1_94' title='bbox 2366 994 2587 1065; x_wconf 79' lang='lat' dir='ltr'><strong>reliqui.</strong></span> <span class='ocrx_word' id='word_1_95' title='bbox 2619 996 2685 1050; x_wconf 85' lang='lat' dir='ltr'><strong>Et</strong></span> <span class='ocrx_word' id='word_1_96' title='bbox 2713 993 2900 1049; x_wconf 91' lang='lat' dir='ltr'><strong>nescio</strong></span> <span class='ocrx_word' id='word_1_97' title='bbox 2930 1008 2997 1047; x_wconf 91' lang='lat' dir='ltr'><strong>an</strong></span> <span class='ocrx_word' id='word_1_98' title='bbox 3029 991 3323 1060; x_wconf 83' lang='lat' dir='ltr'><strong>quisquam</strong></span> <span class='ocrx_word' id='word_1_99' title='bbox 3353 987 3517 1049; x_wconf 90' lang='lat' dir='ltr'><strong>alius,</strong></span> <span class='ocrx_word' id='word_1_100' title='bbox 3552 994 3614 1037; x_wconf 85' lang='lat' dir='ltr'><strong>ut</strong></span> 
     </span>
    </p>
   </div>
   <div class='ocr_carea' id='block_1_15' title="bbox 372 1073 1964 1178">
    <p class='ocr_par' dir='ltr' id='par_1_15' title="bbox 372 1073 1935 1148">
     <span class='ocr_line' id='line_1_15' title="bbox 372 1073 1935 1148; baseline 0.007 -26"><span class='ocrx_word' id='word_1_101' title='bbox 372 1074 457 1125; x_wconf 66' lang='lat' dir='ltr'><strong>(al</strong></span> <span class='ocrx_word' id='word_1_102' title='bbox 492 1073 590 1141; x_wconf 78' lang='grc' dir='ltr'>τὴν</span> <span class='ocrx_word' id='word_1_103' title='bbox 643 1073 924 1126; x_wconf 77' lang='grc' dir='ltr'><strong>πολιτείαν</strong></span> <span class='ocrx_word' id='word_1_104' title='bbox 965 1073 1141 1137; x_wconf 81' lang='grc' dir='ltr'>οὕτως</span> <span class='ocrx_word' id='word_1_105' title='bbox 1200 1077 1444 1148; x_wconf 80' lang='grc' dir='ltr'><strong>εὐχερῶς</strong></span> <span class='ocrx_word' id='word_1_106' title='bbox 1508 1078 1782 1145; x_wconf 77' lang='grc' dir='ltr'>μετέθετο,</span> <span class='ocrx_word' id='word_1_107' title='bbox 1839 1082 1935 1133; x_wconf 78' lang='grc' dir='ltr'>καὶ</span> 
     </span>
    </p>
   </div>
   <div class='ocr_carea' id='block_1_16' title="bbox 2063 1073 3612 1178">
    <p class='ocr_par' dir='ltr' id='par_1_16' title="bbox 2063 1076 3612 1158">
     <span class='ocr_line' id='line_1_16' title="bbox 2063 1076 3612 1158; baseline -0.006 -21"><span class='ocrx_word' id='word_1_108' title='bbox 2063 1098 2175 1158; x_wconf 66' lang='lat' dir='ltr'><strong>pse,</strong></span> <span class='ocrx_word' id='word_1_109' title='bbox 2204 1098 2563 1153; x_wconf 88' lang='lat' dir='ltr'><strong>quascunque</strong></span> <span class='ocrx_word' id='word_1_110' title='bbox 2592 1098 2879 1154; x_wconf 76' lang='lat' dir='ltr'><strong>aggressus</strong></span> <span class='ocrx_word' id='word_1_111' title='bbox 2909 1090 2993 1136; x_wconf 85' lang='lat' dir='ltr'><strong>est</strong></span> <span class='ocrx_word' id='word_1_112' title='bbox 3015 1097 3104 1136; x_wconf 89' lang='lat' dir='ltr'><strong>res</strong></span> <span class='ocrx_word' id='word_1_113' title='bbox 3136 1079 3446 1149; x_wconf 77' lang='lat' dir='ltr'><strong>perfecerit.</strong></span> <span class='ocrx_word' id='word_1_114' title='bbox 3476 1076 3612 1131; x_wconf 85' lang='lat' dir='ltr'><strong>Nam</strong></span> 
     </span>
    </p>
   </div>
   <div class='ocr_carea' id='block_1_17' title="bbox 366 1163 1964 1269">
    <p class='ocr_par' dir='ltr' id='par_1_17' title="bbox 366 1163 1938 1269">
     <span class='ocr_line' id='line_1_17' title="bbox 366 1163 1938 1269; baseline 0.007 -54"><span class='ocrx_word' id='word_1_115' title='bbox 366 1163 585 1269; x_wconf 58' lang='grc' dir='ltr'>πρὸςτὸ</span> <span class='ocrx_word' id='word_1_116' title='bbox 612 1164 803 1222; x_wconf 78' lang='grc' dir='ltr'>δοκοῦν</span> <span class='ocrx_word' id='word_1_117' title='bbox 834 1168 1290 1239; x_wconf 75' lang='grc' dir='ltr'>μετερρύθμισεν,</span> <span class='ocrx_word' id='word_1_118' title='bbox 1336 1170 1411 1235; x_wconf 83' lang='grc' dir='ltr'>ὡς</span> <span class='ocrx_word' id='word_1_119' title='bbox 1442 1171 1637 1226; x_wconf 74' lang='grc' dir='ltr'>θᾶττον</span> <span class='ocrx_word' id='word_1_120' title='bbox 1664 1174 1759 1226; x_wconf 75' lang='grc' dir='ltr'>καὶ</span> <span class='ocrx_word' id='word_1_121' title='bbox 1813 1172 1938 1243; x_wconf 77' lang='grc' dir='ltr'>βου-</span> 
     </span>
    </p>
   </div>
   <div class='ocr_carea' id='block_1_18' title="bbox 2063 1163 3613 1269">
    <p class='ocr_par' dir='ltr' id='par_1_18' title="bbox 2072 1168 3613 1244">
     <span class='ocr_line' id='line_1_18' title="bbox 2072 1168 3613 1244; baseline -0.005 -16"><span class='ocrx_word' id='word_1_122' title='bbox 2072 1182 2092 1228; x_wconf 85' lang='grc' dir='ltr'><strong>ι</strong></span> <span class='ocrx_word' id='word_1_123' title='bbox 2142 1176 2263 1228; x_wconf 87' lang='lat' dir='ltr'><strong>sine</strong></span> <span class='ocrx_word' id='word_1_124' title='bbox 2306 1174 2400 1229; x_wconf 92' lang='lat' dir='ltr'><strong>Dei</strong></span> <span class='ocrx_word' id='word_1_125' title='bbox 2452 1176 2681 1230; x_wconf 86' lang='lat' dir='ltr'><strong>numine</strong></span> <span class='ocrx_word' id='word_1_126' title='bbox 2730 1174 2869 1229; x_wconf 85' lang='lat' dir='ltr'><strong>nihil</strong></span> <span class='ocrx_word' id='word_1_127' title='bbox 2917 1187 3147 1244; x_wconf 79' lang='lat' dir='ltr'><strong>prorsus</strong></span> <span class='ocrx_word' id='word_1_128' title='bbox 3190 1171 3323 1242; x_wconf 84' lang='lat' dir='ltr'><strong>egit.</strong></span> <span class='ocrx_word' id='word_1_129' title='bbox 3368 1168 3525 1224; x_wconf 80' lang='lat' dir='ltr'><strong>Foris</strong></span> <span class='ocrx_word' id='word_1_130' title='bbox 3559 1168 3613 1220; x_wconf 92' lang='lat' dir='ltr'><strong>in</strong></span> 
     </span>
    </p>
   </div>
   <div class='ocr_carea' id='block_1_19' title="bbox 365 1255 1964 1358">
    <p class='ocr_par' dir='ltr' id='par_1_19' title="bbox 365 1255 1936 1333">
     <span class='ocr_line' id='line_1_19' title="bbox 365 1255 1936 1333; baseline 0.01 -30"><span class='ocrx_word' id='word_1_131' title='bbox 365 1255 464 1323; x_wconf 69' lang='grc' dir='ltr'>λὴν</span> <span class='ocrx_word' id='word_1_132' title='bbox 494 1255 708 1323; x_wconf 68' lang='grc' dir='ltr'>ιτὲραν,</span> <span class='ocrx_word' id='word_1_133' title='bbox 744 1257 839 1311; x_wconf 82' lang='grc' dir='ltr'>καὶ</span> <span class='ocrx_word' id='word_1_134' title='bbox 866 1258 1189 1328; x_wconf 80' lang='grc' dir='ltr'>σύγκλητον,</span> <span class='ocrx_word' id='word_1_135' title='bbox 1222 1260 1317 1314; x_wconf 75' lang='grc' dir='ltr'>καὶ</span> <span class='ocrx_word' id='word_1_136' title='bbox 1346 1262 1501 1316; x_wconf 88' lang='grc' dir='ltr'>πόλιν</span> <span class='ocrx_word' id='word_1_137' title='bbox 1539 1263 1936 1333; x_wconf 74' lang='grc' dir='ltr'><strong>βασιλεύουσαν</strong></span> 
     </span>
    </p>
   </div>
   <div class='ocr_carea' id='block_1_20' title="bbox 2063 1255 3613 1358">
    <p class='ocr_par' dir='ltr' id='par_1_20' title="bbox 2063 1263 3613 1332">
     <span class='ocr_line' id='line_1_20' title="bbox 2063 1263 3613 1332; baseline -0.001 -19"><span class='ocrx_word' id='word_1_138' title='bbox 2063 1264 2181 1318; x_wconf 72' lang='grc' dir='ltr'>,ειιο</span> <span class='ocrx_word' id='word_1_139' title='bbox 2214 1263 2549 1321; x_wconf 81' lang='lat' dir='ltr'><strong>fortissimus</strong></span> <span class='ocrx_word' id='word_1_140' title='bbox 2580 1266 2796 1321; x_wconf 78' lang='lat' dir='ltr'><strong>exstitit</strong></span> <span class='ocrx_word' id='word_1_141' title='bbox 2818 1266 3002 1321; x_wconf 88' lang='lat' dir='ltr'><strong>vietor</strong></span> <span class='ocrx_word' id='word_1_142' title='bbox 3030 1281 3048 1318; x_wconf 90' lang='lat'><strong>:</strong></span> <span class='ocrx_word' id='word_1_143' title='bbox 3084 1263 3232 1332; x_wconf 85' lang='lat' dir='ltr'><strong>domi</strong></span> <span class='ocrx_word' id='word_1_144' title='bbox 3276 1271 3460 1316; x_wconf 87' lang='lat' dir='ltr'><strong>autem</strong></span> <span class='ocrx_word' id='word_1_145' title='bbox 3506 1268 3613 1314; x_wconf 89' lang='lat' dir='ltr'><strong>tam</strong></span> 
     </span>
    </p>
   </div>
   <div class='ocr_carea' id='block_1_21' title="bbox 366 1346 1964 1448">
    <p class='ocr_par' dir='ltr' id='par_1_21' title="bbox 366 1346 1937 1448">
     <span class='ocr_line' id='line_1_21' title="bbox 366 1346 1937 1448; baseline 0.005 -53"><span class='ocrx_word' id='word_1_146' title='bbox 366 1346 737 1448; x_wconf 57' lang='grc' dir='ltr'>κατρστῆσαι.</span> <span class='ocrx_word' id='word_1_147' title='bbox 795 1346 906 1417; x_wconf 82' lang='grc' dir='ltr'><strong>Τὴν</strong></span> <span class='ocrx_word' id='word_1_148' title='bbox 958 1349 1003 1400; x_wconf 82' lang='grc' dir='ltr'>δ’</span> <span class='ocrx_word' id='word_1_149' title='bbox 1069 1348 1342 1421; x_wconf 84' lang='grc' dir='ltr'><strong>Ἐλλήνων</strong></span> <span class='ocrx_word' id='word_1_150' title='bbox 1394 1351 1692 1421; x_wconf 77' lang='grc' dir='ltr'>θρησκείαν</span> <span class='ocrx_word' id='word_1_151' title='bbox 1760 1352 1937 1423; x_wconf 84' lang='grc' dir='ltr'>χρόνῳ</span> 
     </span>
    </p>
   </div>
   <div class='ocr_carea' id='block_1_22' title="bbox 2063 1346 3609 1448">
    <p class='ocr_par' dir='ltr' id='par_1_22' title="bbox 2063 1351 3609 1425">
     <span class='ocr_line' id='line_1_22' title="bbox 2063 1351 3609 1425; baseline -0.005 -16"><span class='ocrx_word' id='word_1_152' title='bbox 2063 1356 2197 1410; x_wconf 89' lang='lat' dir='ltr'><strong>aeile</strong></span> <span class='ocrx_word' id='word_1_153' title='bbox 2256 1357 2650 1425; x_wconf 88' lang='lat' dir='ltr'><strong>rempublicam</strong></span> <span class='ocrx_word' id='word_1_154' title='bbox 2704 1355 3167 1418; x_wconf 79' lang='lat' dir='ltr'><strong>administravit,</strong></span> <span class='ocrx_word' id='word_1_155' title='bbox 3221 1364 3386 1423; x_wconf 88' lang='lat' dir='ltr'><strong>atque</strong></span> <span class='ocrx_word' id='word_1_156' title='bbox 3444 1360 3505 1405; x_wconf 92' lang='lat' dir='ltr'><strong>ut</strong></span> <span class='ocrx_word' id='word_1_157' title='bbox 3558 1351 3609 1404; x_wconf 90' lang='lat' dir='ltr'><strong>ei</strong></span> 
     </span>
    </p>
   </div>
   <div class='ocr_carea' id='block_1_23' title="bbox 367 1435 1964 1516">
    <p class='ocr_par' dir='ltr' id='par_1_23' title="bbox 367 1435 1941 1513">
     <span class='ocr_line' id='line_1_23' title="bbox 367 1435 1941 1513; baseline 0.004 -26"><span class='ocrx_word' id='word_1_158' title='bbox 367 1435 548 1505; x_wconf 75' lang='grc' dir='ltr'>πολλῷ</span> <span class='ocrx_word' id='word_1_159' title='bbox 581 1438 1033 1503; x_wconf 70' lang='grc' dir='ltr'>σπουδασθεῖσανζ</span> <span class='ocrx_word' id='word_1_160' title='bbox 1066 1441 1160 1494; x_wconf 74' lang='grc' dir='ltr'>καὶ</span> <span class='ocrx_word' id='word_1_161' title='bbox 1198 1442 1279 1504; x_wconf 78' lang='grc' dir='ltr'>εἰς</span> <span class='ocrx_word' id='word_1_162' title='bbox 1307 1440 1480 1513; x_wconf 77' lang='grc' dir='ltr'>ἄκρον</span> <span class='ocrx_word' id='word_1_163' title='bbox 1533 1442 1635 1513; x_wconf 81' lang='grc' dir='ltr'>τῆς</span> <span class='ocrx_word' id='word_1_164' title='bbox 1678 1443 1941 1498; x_wconf 74' lang='grc' dir='ltr'>δεισιδαι-</span> 
     </span>
    </p>
   </div>
   <div class='ocr_carea' id='block_1_24' title="bbox 2063 1435 3627 1516">
    <p class='ocr_par' dir='ltr' id='par_1_24' title="bbox 2063 1436 3627 1516">
     <span class='ocr_line' id='line_1_24' title="bbox 2063 1436 3627 1516; baseline -0.004 -18"><span class='ocrx_word' id='word_1_165' title='bbox 2063 1445 2216 1499; x_wconf 65' lang='grc' dir='ltr'>νὶευιη</span> <span class='ocrx_word' id='word_1_166' title='bbox 2249 1445 2351 1500; x_wconf 86' lang='lat' dir='ltr'><strong>luit</strong></span> <span class='ocrx_word' id='word_1_167' title='bbox 2383 1445 2719 1516; x_wconf 85' lang='lat' dir='ltr'><strong>composuit,</strong></span> <span class='ocrx_word' id='word_1_168' title='bbox 2750 1451 2814 1500; x_wconf 90' lang='lat' dir='ltr'><strong>ut</strong></span> <span class='ocrx_word' id='word_1_169' title='bbox 2839 1444 3099 1501; x_wconf 87' lang='lat' dir='ltr'><strong>celeriter</strong></span> <span class='ocrx_word' id='word_1_170' title='bbox 3130 1441 3424 1497; x_wconf 88' lang='lat' dir='ltr'><strong>consilium</strong></span> <span class='ocrx_word' id='word_1_171' title='bbox 3463 1436 3627 1497; x_wconf 82' lang='lat' dir='ltr'><strong>aliud</strong></span> 
     </span>
    </p>
   </div>
   <div class='ocr_carea' id='block_1_25' title="bbox 370 1526 1964 1625">
    <p class='ocr_par' dir='ltr' id='par_1_25' title="bbox 370 1526 1937 1625">
     <span class='ocr_line' id='line_1_25' title="bbox 370 1526 1937 1625; baseline 0.006 -46"><span class='ocrx_word' id='word_1_172' title='bbox 370 1526 562 1594; x_wconf 80' lang='grc' dir='ltr'>μονίας</span> <span class='ocrx_word' id='word_1_173' title='bbox 586 1529 879 1594; x_wconf 74' lang='grc' dir='ltr'>ἑλάσασαν,</span> <span class='ocrx_word' id='word_1_174' title='bbox 907 1531 1089 1625; x_wconf 44' lang='grc' dir='ltr'>καὶοὲν</span> <span class='ocrx_word' id='word_1_175' title='bbox 1118 1533 1273 1603; x_wconf 72' lang='grc' dir='ltr'>ἀκμῇ</span> <span class='ocrx_word' id='word_1_176' title='bbox 1295 1527 1484 1599; x_wconf 79' lang='grc' dir='ltr'>οὖσαν,</span> <span class='ocrx_word' id='word_1_177' title='bbox 1516 1534 1581 1589; x_wconf 77' lang='grc' dir='ltr'>ἐκ</span> <span class='ocrx_word' id='word_1_178' title='bbox 1615 1534 1706 1588; x_wconf 80' lang='grc' dir='ltr'>τοῦ</span> <span class='ocrx_word' id='word_1_179' title='bbox 1735 1535 1937 1607; x_wconf 75' lang='grc' dir='ltr'>ῥᾴστου</span> 
     </span>
    </p>
   </div>
   <div class='ocr_carea' id='block_1_26' title="bbox 2063 1526 3610 1625">
    <p class='ocr_par' dir='ltr' id='par_1_26' title="bbox 2063 1531 3610 1607">
     <span class='ocr_line' id='line_1_26' title="bbox 2063 1531 3610 1607; baseline -0.006 -19"><span class='ocrx_word' id='word_1_180' title='bbox 2063 1544 2093 1588; x_wconf 70' lang='lat' dir='ltr'><strong>:t</strong></span> <span class='ocrx_word' id='word_1_181' title='bbox 2145 1545 2397 1591; x_wconf 87' lang='lat' dir='ltr'><strong>senatum</strong></span> <span class='ocrx_word' id='word_1_182' title='bbox 2448 1546 2506 1592; x_wconf 91' lang='lat' dir='ltr'><strong>et</strong></span> <span class='ocrx_word' id='word_1_183' title='bbox 2554 1535 2751 1592; x_wconf 86' lang='lat' dir='ltr'><strong>urbem</strong></span> <span class='ocrx_word' id='word_1_184' title='bbox 2815 1536 3179 1607; x_wconf 84' lang='lat' dir='ltr'><strong>imperantem</strong></span> <span class='ocrx_word' id='word_1_185' title='bbox 3234 1531 3610 1588; x_wconf 89' lang='lat' dir='ltr'><strong>constituerit.</strong></span> 
     </span>
    </p>
   </div>
   <div class='ocr_carea' id='block_1_27' title="bbox 368 1621 1964 1699">
    <p class='ocr_par' dir='ltr' id='par_1_27' title="bbox 368 1621 1939 1699">
     <span class='ocr_line' id='line_1_27' title="bbox 368 1621 1939 1699; baseline 0.006 -28"><span class='ocrx_word' id='word_1_186' title='bbox 368 1622 623 1674; x_wconf 78' lang='grc' dir='ltr'>καθεῖλεν</span> <span class='ocrx_word' id='word_1_187' title='bbox 659 1621 777 1690; x_wconf 72' lang='grc' dir='ltr'>ἅμα</span> <span class='ocrx_word' id='word_1_188' title='bbox 804 1624 884 1692; x_wconf 81' lang='grc' dir='ltr'>τῷ</span> <span class='ocrx_word' id='word_1_189' title='bbox 925 1621 1267 1698; x_wconf 68' lang='grc' dir='ltr'>ἐγχειρῆσαι.</span> <span class='ocrx_word' id='word_1_190' title='bbox 1309 1623 1420 1683; x_wconf 84' lang='grc' dir='ltr'>Ἦν</span> <span class='ocrx_word' id='word_1_191' title='bbox 1468 1628 1525 1681; x_wconf 78' lang='grc' dir='ltr'>δὲ</span> <span class='ocrx_word' id='word_1_192' title='bbox 1570 1630 1665 1681; x_wconf 76' lang='grc' dir='ltr'>καὶ</span> <span class='ocrx_word' id='word_1_193' title='bbox 1699 1628 1759 1682; x_wconf 74' lang='grc' dir='ltr'>τὸ</span> <span class='ocrx_word' id='word_1_194' title='bbox 1806 1624 1939 1699; x_wconf 78' lang='grc' dir='ltr'>ἦθος</span> 
     </span>
    </p>
   </div>
   <div class='ocr_carea' id='block_1_28' title="bbox 2063 1621 3616 1699">
    <p class='ocr_par' dir='ltr' id='par_1_28' title="bbox 2063 1625 3616 1699">
     <span class='ocr_line' id='line_1_28' title="bbox 2063 1625 3616 1699; baseline -0.004 -19"><span class='ocrx_word' id='word_1_195' title='bbox 2063 1625 2351 1681; x_wconf 68' lang='lat' dir='ltr'><strong>lrmcorum</strong></span> <span class='ocrx_word' id='word_1_196' title='bbox 2390 1628 2711 1699; x_wconf 81' lang='lat' dir='ltr'><strong>religionem</strong></span> <span class='ocrx_word' id='word_1_197' title='bbox 2746 1643 2869 1699; x_wconf 70' lang='lat' dir='ltr'><strong>qua:</strong></span> <span class='ocrx_word' id='word_1_198' title='bbox 2901 1627 3217 1684; x_wconf 84' lang='lat' dir='ltr'><strong>diutissime</strong></span> <span class='ocrx_word' id='word_1_199' title='bbox 3266 1638 3464 1693; x_wconf 87' lang='lat' dir='ltr'><strong>magno</strong></span> <span class='ocrx_word' id='word_1_200' title='bbox 3498 1632 3616 1676; x_wconf 90' lang='lat' dir='ltr'><strong>stu-</strong></span> 
     </span>
    </p>
   </div>
   <div class='ocr_carea' id='block_1_29' title="bbox 368 1713 1964 1791">
    <p class='ocr_par' dir='ltr' id='par_1_29' title="bbox 368 1713 1941 1791">
     <span class='ocr_line' id='line_1_29' title="bbox 368 1713 1941 1791; baseline -0.001 -18"><span class='ocrx_word' id='word_1_201' title='bbox 368 1713 604 1781; x_wconf 61' lang='lat' dir='ltr'><strong>}P&#39;ﬂtb;</strong></span> <span class='ocrx_word' id='word_1_202' title='bbox 646 1715 792 1784; x_wconf 80' lang='grc' dir='ltr'>μάλα</span> <span class='ocrx_word' id='word_1_203' title='bbox 843 1717 939 1769; x_wconf 64' lang='grc' dir='ltr'><strong>καλ⁵</strong></span> <span class='ocrx_word' id='word_1_204' title='bbox 988 1716 1174 1787; x_wconf 75' lang='grc' dir='ltr'>ἦπιος,</span> <span class='ocrx_word' id='word_1_205' title='bbox 1216 1718 1393 1788; x_wconf 81' lang='grc' dir='ltr'>πρᾶός</span> <span class='ocrx_word' id='word_1_206' title='bbox 1441 1736 1501 1772; x_wconf 87' lang='grc' dir='ltr'><strong>τε</strong></span> <span class='ocrx_word' id='word_1_207' title='bbox 1559 1719 1655 1773; x_wconf 81' lang='grc' dir='ltr'>καὶ</span> <span class='ocrx_word' id='word_1_208' title='bbox 1713 1720 1941 1791; x_wconf 63' lang='grc' dir='ltr'>ἀνδρείᾳ</span> 
     </span>
    </p>
   </div>
   <div class='ocr_carea' id='block_1_30' title="bbox 2063 1713 3620 1791">
    <p class='ocr_par' dir='ltr' id='par_1_30' title="bbox 2063 1717 3620 1790">
     <span class='ocr_line' id='line_1_30' title="bbox 2063 1717 3620 1790; baseline -0.004 -18"><span class='ocrx_word' id='word_1_209' title='bbox 2063 1718 2133 1772; x_wconf 89' lang='lat' dir='ltr'><strong>lio</strong></span> <span class='ocrx_word' id='word_1_210' title='bbox 2180 1718 2551 1789; x_wconf 82' lang='lat' dir='ltr'><strong>frequentata,</strong></span> <span class='ocrx_word' id='word_1_211' title='bbox 2591 1721 2660 1775; x_wconf 89' lang='lat' dir='ltr'><strong>ad</strong></span> <span class='ocrx_word' id='word_1_212' title='bbox 2693 1735 2966 1776; x_wconf 92' lang='lat' dir='ltr'><strong>summam</strong></span> <span class='ocrx_word' id='word_1_213' title='bbox 2997 1717 3446 1790; x_wconf 87' lang='lat' dir='ltr'><strong>superstitionem</strong></span> <span class='ocrx_word' id='word_1_214' title='bbox 3493 1729 3620 1784; x_wconf 87' lang='lat' dir='ltr'><strong>per-</strong></span> 
     </span>
    </p>
   </div>
   <div class='ocr_carea' id='block_1_31' title="bbox 365 1803 1964 1884">
    <p class='ocr_par' dir='ltr' id='par_1_31' title="bbox 365 1803 1940 1881">
     <span class='ocr_line' id='line_1_31' title="bbox 365 1803 1940 1881; baseline 0.009 -29"><span class='ocrx_word' id='word_1_215' title='bbox 365 1803 513 1872; x_wconf 65' lang='grc' dir='ltr'>ψυχῇ</span> <span class='ocrx_word' id='word_1_216' title='bbox 535 1803 598 1855; x_wconf 71' lang='grc' dir='ltr'>τὸ</span> <span class='ocrx_word' id='word_1_217' title='bbox 629 1805 1047 1878; x_wconf 71' lang='grc' dir='ltr'>μεγαλοπρεπὲς</span> <span class='ocrx_word' id='word_1_218' title='bbox 1102 1808 1511 1879; x_wconf 79' lang='grc' dir='ltr'><strong>ἐνδεικνύμενος</strong></span> <span class='ocrx_word' id='word_1_219' title='bbox 1548 1829 1566 1845; x_wconf 77' lang='grc' dir='ltr'><strong><em>ο</em></strong></span> <span class='ocrx_word' id='word_1_220' title='bbox 1601 1812 1819 1881; x_wconf 74' lang='grc' dir='ltr'>ὀξύτητι</span> <span class='ocrx_word' id='word_1_221' title='bbox 1882 1812 1940 1866; x_wconf 82' lang='grc' dir='ltr'>δὲ</span> 
     </span>
    </p>
   </div>
   <div class='ocr_carea' id='block_1_32' title="bbox 2063 1803 3621 1884">
    <p class='ocr_par' dir='ltr' id='par_1_32' title="bbox 2063 1806 3621 1884">
     <span class='ocr_line' id='line_1_32' title="bbox 2063 1806 3621 1884; baseline -0.004 -19"><span class='ocrx_word' id='word_1_222' title='bbox 2063 1820 2287 1878; x_wconf 74' lang='lat' dir='ltr'><strong>renerat,</strong></span> <span class='ocrx_word' id='word_1_223' title='bbox 2316 1811 2726 1884; x_wconf 88' lang='lat' dir='ltr'><strong>plurimumque</strong></span> <span class='ocrx_word' id='word_1_224' title='bbox 2749 1811 2989 1883; x_wconf 79' lang='lat' dir='ltr'><strong>vigebat,</strong></span> <span class='ocrx_word' id='word_1_225' title='bbox 3022 1809 3304 1870; x_wconf 80' lang='lat' dir='ltr'><strong>facillime,</strong></span> <span class='ocrx_word' id='word_1_226' title='bbox 3341 1806 3621 1877; x_wconf 87' lang='lat' dir='ltr'><strong>quampri-</strong></span> 
     </span>
    </p>
   </div>
   <div class='ocr_carea' id='block_1_33' title="bbox 367 1886 1964 1999">
    <p class='ocr_par' dir='ltr' id='par_1_33' title="bbox 367 1894 1941 1999">
     <span class='ocr_line' id='line_1_33' title="bbox 367 1894 1941 1999; baseline 0.006 -52"><span class='ocrx_word' id='word_1_227' title='bbox 367 1894 488 1957; x_wconf 70' lang='grc' dir='ltr'>νοὸς</span> <span class='ocrx_word' id='word_1_228' title='bbox 644 1897 864 1999; x_wconf 58' lang='grc' dir='ltr'>παιδεία</span> <span class='ocrx_word' id='word_1_229' title='bbox 892 1898 1089 1967; x_wconf 80' lang='grc' dir='ltr'>λόγων,</span> <span class='ocrx_word' id='word_1_230' title='bbox 1121 1899 1269 1972; x_wconf 75' lang='grc' dir='ltr'>ὀρθῷ</span> <span class='ocrx_word' id='word_1_231' title='bbox 1314 1917 1375 1957; x_wconf 87' lang='grc' dir='ltr'><strong>τε</strong></span> <span class='ocrx_word' id='word_1_232' title='bbox 1426 1903 1613 1973; x_wconf 83' lang='grc' dir='ltr'>τρόπῳ</span> <span class='ocrx_word' id='word_1_233' title='bbox 1667 1894 1941 1957; x_wconf 83' lang='grc' dir='ltr'>δικαιοσύ-</span> 
     </span>
    </p>
   </div>
   <div class='ocr_carea' id='block_1_34' title="bbox 2063 1886 3621 1999">
    <p class='ocr_par' dir='ltr' id='par_1_34' title="bbox 2063 1899 3621 1974">
     <span class='ocr_line' id='line_1_34' title="bbox 2063 1899 3621 1974; baseline -0.002 -20"><span class='ocrx_word' id='word_1_234' title='bbox 2063 1916 2192 1956; x_wconf 88' lang='lat' dir='ltr'><strong>num</strong></span> <span class='ocrx_word' id='word_1_235' title='bbox 2217 1911 2302 1958; x_wconf 89' lang='lat' dir='ltr'><strong>est</strong></span> <span class='ocrx_word' id='word_1_236' title='bbox 2329 1917 2641 1974; x_wconf 88' lang='lat' dir='ltr'><strong>aggressus,</strong></span> <span class='ocrx_word' id='word_1_237' title='bbox 2671 1904 2917 1959; x_wconf 87' lang='lat' dir='ltr'><strong>sustulit.</strong></span> <span class='ocrx_word' id='word_1_238' title='bbox 2946 1901 3189 1956; x_wconf 84' lang='lat' dir='ltr'><strong>Moribus</strong></span> <span class='ocrx_word' id='word_1_239' title='bbox 3211 1900 3412 1961; x_wconf 87' lang='lat' dir='ltr'><strong>bonus,</strong></span> <span class='ocrx_word' id='word_1_240' title='bbox 3441 1899 3621 1960; x_wconf 87' lang='lat' dir='ltr'><strong>mitis,</strong></span> 
     </span>
    </p>
   </div>
   <div class='ocr_carea' id='block_1_35' title="bbox 367 1984 1964 2061">
    <p class='ocr_par' dir='ltr' id='par_1_35' title="bbox 367 1984 1944 2061">
     <span class='ocr_line' id='line_1_35' title="bbox 367 1984 1944 2061; baseline 0.005 -24"><span class='ocrx_word' id='word_1_241' title='bbox 367 2001 486 2052; x_wconf 82' lang='grc' dir='ltr'>νης,</span> <span class='ocrx_word' id='word_1_242' title='bbox 514 1984 609 2038; x_wconf 79' lang='grc' dir='ltr'>καὶ</span> <span class='ocrx_word' id='word_1_243' title='bbox 641 1985 720 2056; x_wconf 82' lang='grc' dir='ltr'><strong>τῷ</strong></span> <span class='ocrx_word' id='word_1_244' title='bbox 751 1987 955 2059; x_wconf 76' lang='grc' dir='ltr'>ἑτοίμῳ</span> <span class='ocrx_word' id='word_1_245' title='bbox 987 1988 1087 2059; x_wconf 85' lang='grc' dir='ltr'>τῆς</span> <span class='ocrx_word' id='word_1_246' title='bbox 1123 1990 1463 2061; x_wconf 74' lang='grc' dir='ltr'><strong>εὐεργεσίας,</strong></span> <span class='ocrx_word' id='word_1_247' title='bbox 1513 1991 1722 2053; x_wconf 78' lang='grc' dir='ltr'>πάντας</span> <span class='ocrx_word' id='word_1_248' title='bbox 1777 1993 1944 2061; x_wconf 78' lang='grc' dir='ltr'>ὑπερ-</span> 
     </span>
    </p>
   </div>
   <div class='ocr_carea' id='block_1_36' title="bbox 2063 1984 3619 2061">
    <p class='ocr_par' dir='ltr' id='par_1_36' title="bbox 2063 1989 3619 2059">
     <span class='ocr_line' id='line_1_36' title="bbox 2063 1989 3619 2059; baseline -0.004 -13"><span class='ocrx_word' id='word_1_249' title='bbox 2063 2000 2097 2046; x_wconf 71' lang='lat' dir='ltr'><strong>:t</strong></span> <span class='ocrx_word' id='word_1_250' title='bbox 2132 2003 2453 2049; x_wconf 88' lang='lat' dir='ltr'><strong>mansuetus</strong></span> <span class='ocrx_word' id='word_1_251' title='bbox 2483 1993 2803 2059; x_wconf 85' lang='lat' dir='ltr'><strong>admodum,</strong></span> <span class='ocrx_word' id='word_1_252' title='bbox 2836 1991 3005 2047; x_wconf 82' lang='lat' dir='ltr'><strong>animi</strong></span> <span class='ocrx_word' id='word_1_253' title='bbox 3045 1990 3371 2045; x_wconf 78' lang='lat' dir='ltr'><strong>fortitudine</strong></span> <span class='ocrx_word' id='word_1_254' title='bbox 3407 1989 3619 2057; x_wconf 88' lang='lat' dir='ltr'><strong>magni-</strong></span> 
     </span>
    </p>
   </div>
   <div class='ocr_carea' id='block_1_37' title="bbox 367 2075 1964 2154">
    <p class='ocr_par' dir='ltr' id='par_1_37' title="bbox 367 2075 1945 2154">
     <span class='ocr_line' id='line_1_37' title="bbox 367 2075 1945 2154; baseline 0.008 -27"><span class='ocrx_word' id='word_1_255' title='bbox 367 2075 700 2145; x_wconf 77' lang='grc' dir='ltr'>6αλόμενος.</span> <span class='ocrx_word' id='word_1_256' title='bbox 730 2079 821 2131; x_wconf 84' lang='grc' dir='ltr'><strong>Ἐν</strong></span> <span class='ocrx_word' id='word_1_257' title='bbox 839 2078 898 2133; x_wconf 82' lang='grc' dir='ltr'>δὲ</span> <span class='ocrx_word' id='word_1_258' title='bbox 939 2080 1142 2152; x_wconf 81' lang='grc' dir='ltr'>μάχαις</span> <span class='ocrx_word' id='word_1_259' title='bbox 1170 2083 1422 2154; x_wconf 79' lang='grc' dir='ltr'>ἀνδρεῖος</span> <span class='ocrx_word' id='word_1_260' title='bbox 1452 2100 1469 2117; x_wconf 76' lang='grc' dir='ltr'><strong><em>ο</em></strong></span> <span class='ocrx_word' id='word_1_261' title='bbox 1505 2086 1691 2139; x_wconf 76' lang='grc' dir='ltr'>κάλλει</span> <span class='ocrx_word' id='word_1_262' title='bbox 1734 2085 1792 2140; x_wconf 71' lang='grc' dir='ltr'>δὲ</span> <span class='ocrx_word' id='word_1_263' title='bbox 1850 2087 1945 2140; x_wconf 78' lang='grc' dir='ltr'><strong>οὖ-</strong></span> 
     </span>
    </p>
   </div>
   <div class='ocr_carea' id='block_1_38' title="bbox 2063 2075 3621 2154">
    <p class='ocr_par' dir='ltr' id='par_1_38' title="bbox 2063 2082 3621 2148">
     <span class='ocr_line' id='line_1_38' title="bbox 2063 2082 3621 2148; baseline -0.003 -11"><span class='ocrx_word' id='word_1_264' title='bbox 2063 2082 2323 2139; x_wconf 88' lang='lat' dir='ltr'><strong>icentiam</strong></span> <span class='ocrx_word' id='word_1_265' title='bbox 2361 2085 2634 2140; x_wconf 81' lang='lat' dir='ltr'><strong>exhibuit.</strong></span> <span class='ocrx_word' id='word_1_266' title='bbox 2679 2084 2878 2139; x_wconf 82' lang='lat' dir='ltr'><strong>Mentis</strong></span> <span class='ocrx_word' id='word_1_267' title='bbox 2919 2084 3196 2148; x_wconf 85' lang='lat' dir='ltr'><strong>acumine,</strong></span> <span class='ocrx_word' id='word_1_268' title='bbox 3228 2082 3500 2136; x_wconf 88' lang='lat' dir='ltr'><strong>bonarum</strong></span> <span class='ocrx_word' id='word_1_269' title='bbox 3533 2095 3621 2133; x_wconf 76' lang='lat' dir='ltr'><strong>ar-</strong></span> 
     </span>
    </p>
   </div>
   <div class='ocr_carea' id='block_1_39' title="bbox 368 2168 1964 2276">
    <p class='ocr_par' dir='ltr' id='par_1_39' title="bbox 368 2168 1944 2276">
     <span class='ocr_line' id='line_1_39' title="bbox 368 2168 1944 2276; baseline 0.006 -55"><span class='ocrx_word' id='word_1_270' title='bbox 368 2170 805 2276; x_wconf 44' lang='lat' dir='ltr'><strong>Sim-6561590;</strong></span> <span class='ocrx_word' id='word_1_271' title='bbox 833 2168 926 2244; x_wconf 79' lang='grc' dir='ltr'>ἦν.</span> <span class='ocrx_word' id='word_1_272' title='bbox 962 2175 1187 2245; x_wconf 84' lang='grc' dir='ltr'>Χαρίεις</span> <span class='ocrx_word' id='word_1_273' title='bbox 1223 2177 1282 2231; x_wconf 78' lang='grc' dir='ltr'>δὲ</span> <span class='ocrx_word' id='word_1_274' title='bbox 1305 2178 1372 2231; x_wconf 84' lang='grc' dir='ltr'>τὰ</span> <span class='ocrx_word' id='word_1_275' title='bbox 1409 2177 1646 2248; x_wconf 81' lang='grc' dir='ltr'>μάλιστα</span> <span class='ocrx_word' id='word_1_276' title='bbox 1697 2178 1795 2245; x_wconf 81' lang='grc' dir='ltr'><strong>ὢν,</strong></span> <span class='ocrx_word' id='word_1_277' title='bbox 1846 2180 1944 2233; x_wconf 76' lang='grc' dir='ltr'>σὺν</span> 
     </span>
    </p>
   </div>
   <div class='ocr_carea' id='block_1_40' title="bbox 2063 2168 3622 2276">
    <p class='ocr_par' dir='ltr' id='par_1_40' title="bbox 2063 2171 3622 2245">
     <span class='ocr_line' id='line_1_40' title="bbox 2063 2171 3622 2245; baseline -0.003 -19"><span class='ocrx_word' id='word_1_278' title='bbox 2063 2173 2187 2228; x_wconf 85' lang='lat' dir='ltr'><strong>ium</strong></span> <span class='ocrx_word' id='word_1_279' title='bbox 2221 2173 2537 2245; x_wconf 88' lang='lat' dir='ltr'><strong>disciplina,</strong></span> <span class='ocrx_word' id='word_1_280' title='bbox 2570 2184 2723 2231; x_wconf 90' lang='lat' dir='ltr'><strong>recto</strong></span> <span class='ocrx_word' id='word_1_281' title='bbox 2750 2174 2982 2243; x_wconf 59' lang='lat' dir='ltr'><strong>iustitia:</strong></span> <span class='ocrx_word' id='word_1_282' title='bbox 3015 2174 3166 2229; x_wconf 91' lang='lat' dir='ltr'><strong>cultu</strong></span> <span class='ocrx_word' id='word_1_283' title='bbox 3199 2172 3302 2245; x_wconf 89' lang='lat' dir='ltr'><strong>(l),</strong></span> <span class='ocrx_word' id='word_1_284' title='bbox 3334 2180 3391 2226; x_wconf 92' lang='lat' dir='ltr'><strong>et</strong></span> <span class='ocrx_word' id='word_1_285' title='bbox 3436 2171 3622 2224; x_wconf 84' lang='lat' dir='ltr'><strong>muni-</strong></span> 
     </span>
    </p>
   </div>
   <div class='ocr_carea' id='block_1_41' title="bbox 370 2262 1964 2339">
    <p class='ocr_par' dir='ltr' id='par_1_41' title="bbox 370 2263 1945 2339">
     <span class='ocr_line' id='line_1_41' title="bbox 370 2263 1945 2339; baseline 0.005 -24"><span class='ocrx_word' id='word_1_286' title='bbox 370 2263 450 2333; x_wconf 76' lang='grc' dir='ltr'><strong>τῷ</strong></span> <span class='ocrx_word' id='word_1_287' title='bbox 484 2264 758 2334; x_wconf 79' lang='grc' dir='ltr'>εὐπρεπετ</span> <span class='ocrx_word' id='word_1_288' title='bbox 786 2267 880 2318; x_wconf 70' lang='grc' dir='ltr'>καὶ</span> <span class='ocrx_word' id='word_1_289' title='bbox 904 2266 967 2320; x_wconf 75' lang='grc' dir='ltr'>τὸ</span> <span class='ocrx_word' id='word_1_290' title='bbox 995 2268 1415 2337; x_wconf 83' lang='grc' dir='ltr'>μεγαλοπρεπὲς</span> <span class='ocrx_word' id='word_1_291' title='bbox 1468 2266 1580 2339; x_wconf 79' lang='grc' dir='ltr'>εἶχε</span> <span class='ocrx_word' id='word_1_292' title='bbox 1608 2286 1623 2301; x_wconf 91' lang='grc'><strong>·</strong></span> <span class='ocrx_word' id='word_1_293' title='bbox 1663 2272 1756 2325; x_wconf 71' lang='grc' dir='ltr'>καὶ</span> <span class='ocrx_word' id='word_1_294' title='bbox 1810 2271 1945 2325; x_wconf 78' lang='grc' dir='ltr'>ἀνα-</span> 
     </span>
    </p>
   </div>
   <div class='ocr_carea' id='block_1_42' title="bbox 2063 2262 3621 2339">
    <p class='ocr_par' dir='ltr' id='par_1_42' title="bbox 2063 2262 3621 2336">
     <span class='ocr_line' id='line_1_42' title="bbox 2063 2262 3621 2336; baseline -0.002 -17"><span class='ocrx_word' id='word_1_295' title='bbox 2063 2266 2280 2322; x_wconf 76' lang='lat' dir='ltr'><strong>ieentize</strong></span> <span class='ocrx_word' id='word_1_296' title='bbox 2302 2266 2608 2331; x_wconf 84' lang='lat' dir='ltr'><strong>alacritate,</strong></span> <span class='ocrx_word' id='word_1_297' title='bbox 2635 2281 2829 2322; x_wconf 88' lang='lat' dir='ltr'><strong>omnes</strong></span> <span class='ocrx_word' id='word_1_298' title='bbox 2849 2265 3153 2336; x_wconf 83' lang='lat' dir='ltr'><strong>superavit.</strong></span> <span class='ocrx_word' id='word_1_299' title='bbox 3179 2264 3238 2319; x_wconf 94' lang='lat' dir='ltr'><strong>ln</strong></span> <span class='ocrx_word' id='word_1_300' title='bbox 3277 2262 3481 2334; x_wconf 67' lang='lat' dir='ltr'><strong>prmliis</strong></span> <span class='ocrx_word' id='word_1_301' title='bbox 3511 2264 3621 2327; x_wconf 89' lang='lat' dir='ltr'><strong>vir,</strong></span> 
     </span>
    </p>
   </div>
   <div class='ocr_carea' id='block_1_43' title="bbox 369 2355 1964 2433">
    <p class='ocr_par' dir='ltr' id='par_1_43' title="bbox 369 2355 1947 2433">
     <span class='ocr_line' id='line_1_43' title="bbox 369 2355 1947 2433; baseline 0.006 -28"><span class='ocrx_word' id='word_1_302' title='bbox 369 2355 549 2425; x_wconf 73' lang='grc' dir='ltr'>δρομῇ</span> <span class='ocrx_word' id='word_1_303' title='bbox 598 2356 665 2423; x_wconf 70' lang='grc' dir='ltr'><strong>⁸δὲ</strong></span> <span class='ocrx_word' id='word_1_304' title='bbox 708 2356 964 2426; x_wconf 83' lang='grc' dir='ltr'>σώματος</span> <span class='ocrx_word' id='word_1_305' title='bbox 1010 2359 1281 2430; x_wconf 74' lang='grc' dir='ltr'>ὡραϊζετο</span> <span class='ocrx_word' id='word_1_306' title='bbox 1313 2375 1328 2390; x_wconf 90' lang='grc'><strong>·</strong></span> <span class='ocrx_word' id='word_1_307' title='bbox 1384 2359 1460 2421; x_wconf 86' lang='grc' dir='ltr'>ὡς</span> <span class='ocrx_word' id='word_1_308' title='bbox 1528 2364 1668 2433; x_wconf 85' lang='grc' dir='ltr'>μήτε</span> <span class='ocrx_word' id='word_1_309' title='bbox 1734 2361 1947 2433; x_wconf 68' lang='grc' dir='ltr'>μακρὸν</span> 
     </span>
    </p>
   </div>
   <div class='ocr_carea' id='block_1_44' title="bbox 2063 2355 3627 2433">
    <p class='ocr_par' dir='ltr' id='par_1_44' title="bbox 2063 2355 3627 2425">
     <span class='ocr_line' id='line_1_44' title="bbox 2063 2355 3627 2425; baseline -0.003 -12"><span class='ocrx_word' id='word_1_310' title='bbox 2063 2358 2238 2414; x_wconf 79' lang='lat' dir='ltr'><strong>&#39;ornne</strong></span> <span class='ocrx_word' id='word_1_311' title='bbox 2267 2359 2469 2415; x_wconf 92' lang='lat' dir='ltr'><strong>decore</strong></span> <span class='ocrx_word' id='word_1_312' title='bbox 2498 2358 2705 2413; x_wconf 85' lang='lat' dir='ltr'><strong>nemini</strong></span> <span class='ocrx_word' id='word_1_313' title='bbox 2732 2359 3014 2414; x_wconf 90' lang='lat' dir='ltr'><strong>secundus</strong></span> <span class='ocrx_word' id='word_1_314' title='bbox 3045 2376 3061 2412; x_wconf 92' lang='lat'><strong>:</strong></span> <span class='ocrx_word' id='word_1_315' title='bbox 3093 2366 3151 2413; x_wconf 89' lang='lat' dir='ltr'><strong>et</strong></span> <span class='ocrx_word' id='word_1_316' title='bbox 3184 2372 3311 2412; x_wconf 86' lang='lat' dir='ltr'><strong>eum</strong></span> <span class='ocrx_word' id='word_1_317' title='bbox 3345 2355 3627 2425; x_wconf 79' lang='lat' dir='ltr'><strong>gratiosus</strong></span> 
     </span>
    </p>
   </div>
   <div class='ocr_carea' id='block_1_45' title="bbox 372 2442 1964 2524">
    <p class='ocr_par' dir='ltr' id='par_1_45' title="bbox 372 2442 1944 2524">
     <span class='ocr_line' id='line_1_45' title="bbox 372 2442 1944 2524; baseline 0.004 -24"><span class='ocrx_word' id='word_1_318' title='bbox 372 2442 518 2501; x_wconf 74' lang='grc' dir='ltr'>εἶναι</span> <span class='ocrx_word' id='word_1_319' title='bbox 547 2447 886 2519; x_wconf 80' lang='grc' dir='ltr'>λογίζεσθαι,</span> <span class='ocrx_word' id='word_1_320' title='bbox 915 2450 1006 2504; x_wconf 70' lang='grc' dir='ltr'>καὶ</span> <span class='ocrx_word' id='word_1_321' title='bbox 1034 2451 1130 2507; x_wconf 80' lang='grc' dir='ltr'><strong>τοῦ</strong></span> <span class='ocrx_word' id='word_1_322' title='bbox 1161 2452 1392 2524; x_wconf 69' lang='grc' dir='ltr'>βραχέος</span> <span class='ocrx_word' id='word_1_323' title='bbox 1431 2453 1668 2523; x_wconf 83' lang='grc' dir='ltr'>πάμπαν</span> <span class='ocrx_word' id='word_1_324' title='bbox 1724 2451 1944 2518; x_wconf 79' lang='grc' dir='ltr'>ἐξίστα-</span> 
     </span>
    </p>
   </div>
   <div class='ocr_carea' id='block_1_46' title="bbox 2063 2442 3623 2524">
    <p class='ocr_par' dir='ltr' id='par_1_46' title="bbox 2063 2445 3623 2520">
     <span class='ocr_line' id='line_1_46' title="bbox 2063 2445 3623 2520; baseline -0.004 -15"><span class='ocrx_word' id='word_1_325' title='bbox 2063 2451 2287 2507; x_wconf 74' lang='lat' dir='ltr'><strong>maxime</strong></span> <span class='ocrx_word' id='word_1_326' title='bbox 2338 2451 2463 2516; x_wconf 83' lang='lat' dir='ltr'><strong>fuit,</strong></span> <span class='ocrx_word' id='word_1_327' title='bbox 2518 2460 2634 2507; x_wconf 91' lang='lat' dir='ltr'><strong>tum</strong></span> <span class='ocrx_word' id='word_1_328' title='bbox 2686 2449 2956 2506; x_wconf 71' lang='lat' dir='ltr'><strong>decentia:</strong></span> <span class='ocrx_word' id='word_1_329' title='bbox 3004 2449 3110 2520; x_wconf 88' lang='lat' dir='ltr'><strong>ipsi</strong></span> <span class='ocrx_word' id='word_1_330' title='bbox 3159 2445 3623 2519; x_wconf 82' lang='lat' dir='ltr'><strong>magniﬁcentiam</strong></span> 
     </span>
    </p>
   </div>
   <div class='ocr_carea' id='block_1_47' title="bbox 371 2537 1964 2617">
    <p class='ocr_par' dir='ltr' id='par_1_47' title="bbox 371 2541 1948 2617">
     <span class='ocr_line' id='line_1_47' title="bbox 371 2541 1948 2617; baseline 0.001 -21"><span class='ocrx_word' id='word_1_331' title='bbox 371 2542 522 2597; x_wconf 82' lang='grc' dir='ltr'>σθαι.</span> <span class='ocrx_word' id='word_1_332' title='bbox 564 2541 824 2615; x_wconf 69' lang='grc' dir='ltr'><strong>Εὐρῦςδὶ</strong></span> <span class='ocrx_word' id='word_1_333' title='bbox 853 2543 1096 2609; x_wconf 75' lang='grc' dir='ltr'>καὶτοὺς</span> <span class='ocrx_word' id='word_1_334' title='bbox 1122 2543 1307 2617; x_wconf 79' lang='grc' dir='ltr'>ὤμους</span> <span class='ocrx_word' id='word_1_335' title='bbox 1354 2541 1423 2617; x_wconf 80' lang='grc' dir='ltr'>ἦν</span> <span class='ocrx_word' id='word_1_336' title='bbox 1460 2561 1474 2574; x_wconf 94' lang='grc'><strong>·</strong></span> <span class='ocrx_word' id='word_1_337' title='bbox 1533 2546 1719 2617; x_wconf 71' lang='grc' dir='ltr'>ἡρέμα</span> <span class='ocrx_word' id='word_1_338' title='bbox 1769 2543 1948 2615; x_wconf 73' lang='grc' dir='ltr'>παχὺν</span> 
     </span>
    </p>
   </div>
   <div class='ocr_carea' id='block_1_48' title="bbox 2063 2537 3622 2617">
    <p class='ocr_par' dir='ltr' id='par_1_48' title="bbox 2063 2537 3622 2617">
     <span class='ocr_line' id='line_1_48' title="bbox 2063 2537 3622 2617; baseline -0.005 -19"><span class='ocrx_word' id='word_1_339' title='bbox 2063 2542 2359 2612; x_wconf 71' lang='lat' dir='ltr'><strong>conjunxit.</strong></span> <span class='ocrx_word' id='word_1_340' title='bbox 2412 2542 2637 2598; x_wconf 88' lang='lat' dir='ltr'><strong>Statura</strong></span> <span class='ocrx_word' id='word_1_341' title='bbox 2686 2556 2909 2613; x_wconf 91' lang='lat' dir='ltr'><strong>quoque</strong></span> <span class='ocrx_word' id='word_1_342' title='bbox 2942 2540 3194 2611; x_wconf 90' lang='lat' dir='ltr'><strong>corporis</strong></span> <span class='ocrx_word' id='word_1_343' title='bbox 3246 2537 3622 2617; x_wconf 86' lang='lat' dir='ltr'><strong>spectandus;</strong></span> 
     </span>
    </p>
   </div>
   <div class='ocr_carea' id='block_1_49' title="bbox 374 2616 1964 2712">
    <p class='ocr_par' dir='ltr' id='par_1_49' title="bbox 374 2616 1952 2712">
     <span class='ocr_line' id='line_1_49' title="bbox 374 2616 1952 2712; baseline 0.001 -25"><span class='ocrx_word' id='word_1_344' title='bbox 374 2634 828 2707; x_wconf 73' lang='grc' dir='ltr'>προϐεϐλημένος</span> <span class='ocrx_word' id='word_1_345' title='bbox 879 2636 1104 2709; x_wconf 75' lang='grc' dir='ltr'>αὐχένα.</span> <span class='ocrx_word' id='word_1_346' title='bbox 1193 2638 1463 2712; x_wconf 74' lang='grc' dir='ltr'>Ἐρυθρὰν</span> <span class='ocrx_word' id='word_1_347' title='bbox 1536 2616 1720 2707; x_wconf 74' lang='grc' dir='ltr'>μέντοι</span> <span class='ocrx_word' id='word_1_348' title='bbox 1783 2637 1952 2709; x_wconf 80' lang='grc' dir='ltr'>χρόαν</span> 
     </span>
    </p>
   </div>
   <div class='ocr_carea' id='block_1_50' title="bbox 2063 2616 3625 2712">
    <p class='ocr_par' dir='ltr' id='par_1_50' title="bbox 2063 2616 3625 2702">
     <span class='ocr_line' id='line_1_50' title="bbox 2063 2616 3625 2702; baseline -0.008 -15"><span class='ocrx_word' id='word_1_349' title='bbox 2063 2647 2176 2688; x_wconf 79' lang='lat' dir='ltr'><strong>nam</strong></span> <span class='ocrx_word' id='word_1_350' title='bbox 2205 2628 2386 2702; x_wconf 81' lang='lat' dir='ltr'><strong>neque</strong></span> <span class='ocrx_word' id='word_1_351' title='bbox 2425 2630 2657 2685; x_wconf 88' lang='lat' dir='ltr'><strong>nimium</strong></span> <span class='ocrx_word' id='word_1_352' title='bbox 2690 2642 2957 2700; x_wconf 90' lang='lat' dir='ltr'><strong>procerus</strong></span> <span class='ocrx_word' id='word_1_353' title='bbox 2984 2642 3104 2683; x_wconf 88' lang='lat' dir='ltr'><strong>esse</strong></span> <span class='ocrx_word' id='word_1_354' title='bbox 3135 2625 3377 2686; x_wconf 89' lang='lat' dir='ltr'><strong>habitus,</strong></span> <span class='ocrx_word' id='word_1_355' title='bbox 3414 2633 3471 2677; x_wconf 90' lang='lat' dir='ltr'><strong>et</strong></span> <span class='ocrx_word' id='word_1_356' title='bbox 3508 2616 3625 2676; x_wconf 65' lang='lat' dir='ltr'><strong>esi-</strong></span> 
     </span>
    </p>
   </div>
   <div class='ocr_carea' id='block_1_51' title="bbox 372 2713 1964 2801">
    <p class='ocr_par' dir='ltr' id='par_1_51' title="bbox 372 2728 1948 2801">
     <span class='ocr_line' id='line_1_51' title="bbox 372 2728 1948 2801; baseline 0.002 -20"><span class='ocrx_word' id='word_1_357' title='bbox 372 2731 519 2799; x_wconf 63' lang='grc' dir='ltr'>ἔχων</span> <span class='ocrx_word' id='word_1_358' title='bbox 538 2729 633 2783; x_wconf 83' lang='grc' dir='ltr'>τοῦ</span> <span class='ocrx_word' id='word_1_359' title='bbox 682 2728 957 2799; x_wconf 85' lang='grc' dir='ltr'>σώματος,</span> <span class='ocrx_word' id='word_1_360' title='bbox 1015 2731 1077 2785; x_wconf 78' lang='grc' dir='ltr'>οὐ</span> <span class='ocrx_word' id='word_1_361' title='bbox 1122 2730 1345 2785; x_wconf 76' lang='grc' dir='ltr'>δασεῖαν</span> <span class='ocrx_word' id='word_1_362' title='bbox 1400 2731 1700 2801; x_wconf 79' lang='grc' dir='ltr'>ἐπεφέρετο</span> <span class='ocrx_word' id='word_1_363' title='bbox 1762 2728 1948 2799; x_wconf 76' lang='grc' dir='ltr'>τρίχα.</span> 
     </span>
    </p>
   </div>
   <div class='ocr_carea' id='block_1_52' title="bbox 2063 2713 3627 2801">
    <p class='ocr_par' dir='ltr' id='par_1_52' title="bbox 2063 2713 3627 2795">
     <span class='ocr_line' id='line_1_52' title="bbox 2063 2713 3627 2795; baseline -0.007 -18"><span class='ocrx_word' id='word_1_364' title='bbox 2063 2739 2213 2795; x_wconf 75' lang='lat' dir='ltr'><strong>gnam</strong></span> <span class='ocrx_word' id='word_1_365' title='bbox 2248 2723 2576 2779; x_wconf 85' lang='lat' dir='ltr'><strong>brevitatem</strong></span> <span class='ocrx_word' id='word_1_366' title='bbox 2615 2722 2777 2792; x_wconf 88' lang='lat' dir='ltr'><strong>longe</strong></span> <span class='ocrx_word' id='word_1_367' title='bbox 2808 2732 3202 2791; x_wconf 82' lang='lat' dir='ltr'><strong>supergressus</strong></span> <span class='ocrx_word' id='word_1_368' title='bbox 3233 2724 3337 2771; x_wconf 90' lang='lat' dir='ltr'><strong>est.</strong></span> <span class='ocrx_word' id='word_1_369' title='bbox 3371 2713 3627 2768; x_wconf 86' lang='lat' dir='ltr'><strong>llumeris</strong></span> 
     </span>
    </p>
   </div>
   <div class='ocr_carea' id='block_1_53' title="bbox 374 2804 1964 2895">
    <p class='ocr_par' dir='ltr' id='par_1_53' title="bbox 374 2819 1950 2895">
     <span class='ocr_line' id='line_1_53' title="bbox 374 2819 1950 2895; baseline -0.001 -20"><span class='ocrx_word' id='word_1_370' title='bbox 374 2824 490 2876; x_wconf 80' lang='grc' dir='ltr'><strong>Καὶ</strong></span> <span class='ocrx_word' id='word_1_371' title='bbox 514 2822 652 2893; x_wconf 78' lang='grc' dir='ltr'>αὕτη</span> <span class='ocrx_word' id='word_1_372' title='bbox 680 2822 726 2879; x_wconf 78' lang='grc' dir='ltr'>δ’</span> <span class='ocrx_word' id='word_1_373' title='bbox 754 2824 855 2895; x_wconf 81' lang='grc' dir='ltr'>ὅση</span> <span class='ocrx_word' id='word_1_374' title='bbox 879 2840 961 2887; x_wconf 81' lang='grc' dir='ltr'><strong>τις</strong></span> <span class='ocrx_word' id='word_1_375' title='bbox 990 2819 1081 2895; x_wconf 78' lang='grc' dir='ltr'><strong>ἦν,</strong></span> <span class='ocrx_word' id='word_1_376' title='bbox 1102 2823 1240 2895; x_wconf 72' lang='grc' dir='ltr'>πρὸς</span> <span class='ocrx_word' id='word_1_377' title='bbox 1260 2823 1320 2877; x_wconf 81' lang='grc' dir='ltr'>τὸ</span> <span class='ocrx_word' id='word_1_378' title='bbox 1345 2823 1664 2895; x_wconf 80' lang='grc' dir='ltr'>ξανθότερον</span> <span class='ocrx_word' id='word_1_379' title='bbox 1691 2823 1950 2876; x_wconf 76' lang='grc' dir='ltr'>ἀπένευε.</span> 
     </span>
    </p>
   </div>
   <div class='ocr_carea' id='block_1_54' title="bbox 2063 2804 3625 2895">
    <p class='ocr_par' dir='ltr' id='par_1_54' title="bbox 2063 2804 3625 2880">
     <span class='ocr_line' id='line_1_54' title="bbox 2063 2804 3625 2880; baseline -0.011 -6"><span class='ocrx_word' id='word_1_380' title='bbox 2063 2816 2198 2880; x_wconf 71' lang='lat' dir='ltr'><strong>latis,</strong></span> <span class='ocrx_word' id='word_1_381' title='bbox 2227 2815 2432 2871; x_wconf 88' lang='lat' dir='ltr'><strong>sensim</strong></span> <span class='ocrx_word' id='word_1_382' title='bbox 2471 2814 2741 2869; x_wconf 86' lang='lat' dir='ltr'><strong>cervicem</strong></span> <span class='ocrx_word' id='word_1_383' title='bbox 2782 2811 3113 2868; x_wconf 88' lang='lat' dir='ltr'><strong>crassiorem</strong></span> <span class='ocrx_word' id='word_1_384' title='bbox 3160 2807 3423 2878; x_wconf 70' lang='lat' dir='ltr'><strong>praetulit.</strong></span> <span class='ocrx_word' id='word_1_385' title='bbox 3460 2804 3625 2877; x_wconf 73' lang='lat'><strong>667</strong></span> 
     </span>
    </p>
   </div>
   <div class='ocr_carea' id='block_1_55' title="bbox 372 2898 1964 2987">
    <p class='ocr_par' dir='ltr' id='par_1_55' title="bbox 372 2912 1952 2987">
     <span class='ocr_line' id='line_1_55' title="bbox 372 2912 1952 2987; baseline -0.001 -18"><span class='ocrx_word' id='word_1_386' title='bbox 372 2915 630 2986; x_wconf 70' lang='grc' dir='ltr'>ἴιιετρίως</span> <span class='ocrx_word' id='word_1_387' title='bbox 656 2916 711 2969; x_wconf 85' lang='grc' dir='ltr'>δὲ</span> <span class='ocrx_word' id='word_1_388' title='bbox 740 2917 949 2977; x_wconf 74' lang='grc' dir='ltr'>καὶτὸν</span> <span class='ocrx_word' id='word_1_389' title='bbox 976 2916 1214 2985; x_wconf 84' lang='grc' dir='ltr'>πώγωνα</span> <span class='ocrx_word' id='word_1_390' title='bbox 1259 2914 1415 2986; x_wconf 71' lang='grc' dir='ltr'>ψιλὸς</span> <span class='ocrx_word' id='word_1_391' title='bbox 1454 2912 1546 2987; x_wconf 77' lang='grc' dir='ltr'><strong>ἦν.</strong></span> <span class='ocrx_word' id='word_1_392' title='bbox 1591 2916 1646 2970; x_wconf 80' lang='grc' dir='ltr'>Ἀ</span> <span class='ocrx_word' id='word_1_393' title='bbox 1660 2917 1818 2986; x_wconf 71' lang='grc' dir='ltr'>ριιὰν</span> <span class='ocrx_word' id='word_1_394' title='bbox 1842 2914 1952 2984; x_wconf 82' lang='grc' dir='ltr'>γὰρ</span> 
     </span>
    </p>
   </div>
   <div class='ocr_carea' id='block_1_56' title="bbox 2063 2898 3629 2987">
    <p class='ocr_par' dir='ltr' id='par_1_56' title="bbox 2063 2898 3629 2977">
     <span class='ocr_line' id='line_1_56' title="bbox 2063 2898 3629 2977; baseline -0.01 -14"><span class='ocrx_word' id='word_1_395' title='bbox 2063 2907 2249 2963; x_wconf 79' lang='lat' dir='ltr'><strong>Celere</strong></span> <span class='ocrx_word' id='word_1_396' title='bbox 2275 2906 2521 2977; x_wconf 88' lang='lat' dir='ltr'><strong>corporis</strong></span> <span class='ocrx_word' id='word_1_397' title='bbox 2561 2904 2923 2967; x_wconf 87' lang='lat' dir='ltr'><strong>rubicundus,</strong></span> <span class='ocrx_word' id='word_1_398' title='bbox 2954 2902 3140 2956; x_wconf 90' lang='lat' dir='ltr'><strong>minus</strong></span> <span class='ocrx_word' id='word_1_399' title='bbox 3169 2900 3403 2954; x_wconf 90' lang='lat' dir='ltr'><strong>densum</strong></span> <span class='ocrx_word' id='word_1_400' title='bbox 3435 2898 3629 2951; x_wconf 84' lang='lat' dir='ltr'><strong>habuit</strong></span> 
     </span>
    </p>
   </div>
   <div class='ocr_carea' id='block_1_57' title="bbox 370 2985 1964 3083">
    <p class='ocr_par' dir='ltr' id='par_1_57' title="bbox 370 2985 1949 3083">
     <span class='ocr_line' id='line_1_57' title="bbox 370 2985 1949 3083; baseline -0.001 -23"><span class='ocrx_word' id='word_1_401' title='bbox 370 3008 476 3080; x_wconf 77' lang='grc' dir='ltr'>τὴν</span> <span class='ocrx_word' id='word_1_402' title='bbox 502 2985 591 3062; x_wconf 65' lang='grc' dir='ltr'><strong>ἐπ’</strong></span> <span class='ocrx_word' id='word_1_403' title='bbox 620 3008 818 3079; x_wconf 73' lang='grc' dir='ltr'>ἐκείνῳ</span> <span class='ocrx_word' id='word_1_404' title='bbox 842 3005 956 3080; x_wconf 74' lang='grc' dir='ltr'>εἶχε</span> <span class='ocrx_word' id='word_1_405' title='bbox 980 3009 1165 3083; x_wconf 87' lang='grc' dir='ltr'>τρίχα,</span> <span class='ocrx_word' id='word_1_406' title='bbox 1196 2985 1289 3064; x_wconf 69' lang='grc' dir='ltr'><strong>καλ</strong></span> <span class='ocrx_word' id='word_1_407' title='bbox 1317 3011 1379 3062; x_wconf 85' lang='grc' dir='ltr'>οὐ</span> <span class='ocrx_word' id='word_1_408' title='bbox 1408 2985 1551 3063; x_wconf 58' lang='grc' dir='ltr'>πάνυ</span> <span class='ocrx_word' id='word_1_409' title='bbox 1580 2985 1949 3077; x_wconf 69' lang='grc' dir='ltr'>καθήκουσαν,</span> 
     </span>
    </p>
   </div>
   <div class='ocr_carea' id='block_1_58' title="bbox 2063 2985 3629 3083">
    <p class='ocr_par' dir='ltr' id='par_1_58' title="bbox 2063 2985 3629 3067">
     <span class='ocr_line' id='line_1_58' title="bbox 2063 2985 3629 3067; baseline -0.008 -15"><span class='ocrx_word' id='word_1_410' title='bbox 2063 2997 2335 3067; x_wconf 79' lang='lat' dir='ltr'><strong>capillum,</strong></span> <span class='ocrx_word' id='word_1_411' title='bbox 2364 3010 2598 3065; x_wconf 84' lang='lat' dir='ltr'><strong>euntque</strong></span> <span class='ocrx_word' id='word_1_412' title='bbox 2626 2990 3240 3049; x_wconf 78' lang='lat' dir='ltr'><strong>ﬂavesccntem.’Barba</strong></span> <span class='ocrx_word' id='word_1_413' title='bbox 3271 2985 3629 3043; x_wconf 88' lang='lat' dir='ltr'><strong>tnediocriter</strong></span> 
     </span>
    </p>
   </div>
   <div class='ocr_carea' id='block_1_59' title="bbox 372 3077 1964 3170">
    <p class='ocr_par' dir='ltr' id='par_1_59' title="bbox 372 3097 1952 3170">
     <span class='ocr_line' id='line_1_59' title="bbox 372 3097 1952 3170; baseline -0.003 -17"><span class='ocrx_word' id='word_1_414' title='bbox 372 3102 453 3163; x_wconf 76' lang='grc' dir='ltr'>ὡς</span> <span class='ocrx_word' id='word_1_415' title='bbox 485 3100 579 3153; x_wconf 76' lang='grc' dir='ltr'>καὶ</span> <span class='ocrx_word' id='word_1_416' title='bbox 608 3099 882 3170; x_wconf 83' lang='grc' dir='ltr'>πολλαχοῦ</span> <span class='ocrx_word' id='word_1_417' title='bbox 910 3098 1005 3154; x_wconf 82' lang='grc' dir='ltr'><strong>τοῦ</strong></span> <span class='ocrx_word' id='word_1_418' title='bbox 1052 3097 1349 3170; x_wconf 63' lang='grc' dir='ltr'>προσώπου</span> <span class='ocrx_word' id='word_1_419' title='bbox 1385 3098 1513 3169; x_wconf 87' lang='grc' dir='ltr'>μηδ’</span> <span class='ocrx_word' id='word_1_420' title='bbox 1562 3098 1830 3168; x_wconf 65' lang='grc' dir='ltr'>ἀναφύειν</span> <span class='ocrx_word' id='word_1_421' title='bbox 1871 3098 1952 3150; x_wconf 78' lang='grc' dir='ltr'>δυ-</span> 
     </span>
    </p>
   </div>
   <div class='ocr_carea' id='block_1_60' title="bbox 2063 3077 3621 3170">
    <p class='ocr_par' dir='ltr' id='par_1_60' title="bbox 2063 3077 3621 3155">
     <span class='ocr_line' id='line_1_60' title="bbox 2063 3077 3621 3155; baseline -0.008 -13"><span class='ocrx_word' id='word_1_422' title='bbox 2063 3088 2240 3142; x_wconf 84' lang='lat' dir='ltr'><strong>lenuis</strong></span> <span class='ocrx_word' id='word_1_423' title='bbox 2270 3098 2326 3143; x_wconf 91' lang='lat' dir='ltr'><strong>et</strong></span> <span class='ocrx_word' id='word_1_424' title='bbox 2366 3104 2510 3153; x_wconf 89' lang='lat' dir='ltr'><strong>rara,</strong></span> <span class='ocrx_word' id='word_1_425' title='bbox 2549 3102 2725 3155; x_wconf 89' lang='lat' dir='ltr'><strong>neque</strong></span> <span class='ocrx_word' id='word_1_426' title='bbox 2766 3084 3065 3139; x_wconf 81' lang='lat' dir='ltr'><strong>admodum</strong></span> <span class='ocrx_word' id='word_1_427' title='bbox 3106 3081 3344 3137; x_wconf 85' lang='lat' dir='ltr'><strong>demissa</strong></span> <span class='ocrx_word' id='word_1_428' title='bbox 3377 3088 3518 3138; x_wconf 84' lang='lat' dir='ltr'><strong>erat.</strong></span> <span class='ocrx_word' id='word_1_429' title='bbox 3547 3077 3621 3132; x_wconf 88' lang='lat' dir='ltr'><strong>ita</strong></span> 
     </span>
    </p>
   </div>
   <div class='ocr_carea' id='block_1_61' title="bbox 376 3169 1964 3262">
    <p class='ocr_par' dir='ltr' id='par_1_61' title="bbox 376 3169 1951 3262">
     <span class='ocr_line' id='line_1_61' title="bbox 376 3169 1951 3262; baseline -0.002 -16"><span class='ocrx_word' id='word_1_430' title='bbox 376 3196 517 3246; x_wconf 78' lang='grc' dir='ltr'>κεῖν.</span> <span class='ocrx_word' id='word_1_431' title='bbox 558 3192 628 3245; x_wconf 75' lang='grc' dir='ltr'><strong>Οἱ</strong></span> <span class='ocrx_word' id='word_1_432' title='bbox 651 3208 713 3260; x_wconf 81' lang='grc' dir='ltr'><strong>γε</strong></span> <span class='ocrx_word' id='word_1_433' title='bbox 908 3169 1183 3261; x_wconf 73' lang='grc' dir='ltr'>ὀφθαλμοὶ</span> <span class='ocrx_word' id='word_1_434' title='bbox 1210 3190 1361 3262; x_wconf 77' lang='grc' dir='ltr'><strong>αὐτῷ</strong></span> <span class='ocrx_word' id='word_1_435' title='bbox 1412 3192 1679 3261; x_wconf 80' lang='grc' dir='ltr'>ἀνδρῶδες</span> <span class='ocrx_word' id='word_1_436' title='bbox 1718 3192 1951 3261; x_wconf 82' lang='grc' dir='ltr'>δρῶντες</span> 
     </span>
    </p>
   </div>
   <div class='ocr_carea' id='block_1_62' title="bbox 2063 3169 3632 3262">
    <p class='ocr_par' dir='ltr' id='par_1_62' title="bbox 2063 3169 3632 3251">
     <span class='ocr_line' id='line_1_62' title="bbox 2063 3169 3632 3251; baseline -0.008 -16"><span class='ocrx_word' id='word_1_437' title='bbox 2063 3193 2117 3235; x_wconf 91' lang='lat' dir='ltr'><strong>nt</strong></span> <span class='ocrx_word' id='word_1_438' title='bbox 2146 3182 2202 3235; x_wconf 91' lang='lat' dir='ltr'><strong>in</strong></span> <span class='ocrx_word' id='word_1_439' title='bbox 2236 3182 2497 3251; x_wconf 86' lang='lat' dir='ltr'><strong>pleraque</strong></span> <span class='ocrx_word' id='word_1_440' title='bbox 2544 3178 2701 3233; x_wconf 77' lang='lat' dir='ltr'><strong>faciei</strong></span> <span class='ocrx_word' id='word_1_441' title='bbox 2751 3187 2907 3248; x_wconf 88' lang='lat' dir='ltr'><strong>parte</strong></span> <span class='ocrx_word' id='word_1_442' title='bbox 2937 3189 3291 3231; x_wconf 85' lang='lat' dir='ltr'><strong>succrescere</strong></span> <span class='ocrx_word' id='word_1_443' title='bbox 3325 3188 3433 3226; x_wconf 92' lang='lat' dir='ltr'><strong>non</strong></span> <span class='ocrx_word' id='word_1_444' title='bbox 3478 3169 3632 3225; x_wconf 86' lang='lat' dir='ltr'><strong>vide-</strong></span> 
     </span>
    </p>
   </div>
   <div class='ocr_carea' id='block_1_63' title="bbox 376 3250 1964 3356">
    <p class='ocr_par' dir='ltr' id='par_1_63' title="bbox 376 3250 1956 3356">
     <span class='ocr_line' id='line_1_63' title="bbox 376 3250 1956 3356; baseline 0 -20"><span class='ocrx_word' id='word_1_445' title='bbox 376 3286 476 3339; x_wconf 74' lang='grc' dir='ltr'>καὶ</span> <span class='ocrx_word' id='word_1_446' title='bbox 500 3250 730 3356; x_wconf 76' lang='grc' dir='ltr'>ἥμερόν,</span> <span class='ocrx_word' id='word_1_447' title='bbox 758 3250 1074 3350; x_wconf 59' lang='grc' dir='ltr'>ξενίζοόσαν</span> <span class='ocrx_word' id='word_1_448' title='bbox 1090 3250 1264 3355; x_wconf 73' lang='grc' dir='ltr'>χάριν</span> <span class='ocrx_word' id='word_1_449' title='bbox 1289 3250 1618 3338; x_wconf 65' lang='grc' dir='ltr'>ἀπέστιλὸον</span> <span class='ocrx_word' id='word_1_450' title='bbox 1639 3250 1956 3354; x_wconf 40' lang='grc' dir='ltr'><strong>’.εὐόφθαλ-ἰ</strong></span> 
     </span>
    </p>
   </div>
   <div class='ocr_carea' id='block_1_64' title="bbox 2063 3250 3629 3356">
    <p class='ocr_par' dir='ltr' id='par_1_64' title="bbox 2063 3261 3629 3340">
     <span class='ocr_line' id='line_1_64' title="bbox 2063 3261 3629 3340; baseline -0.008 -14"><span class='ocrx_word' id='word_1_451' title='bbox 2063 3283 2233 3327; x_wconf 87' lang='lat' dir='ltr'><strong>retur.</strong></span> <span class='ocrx_word' id='word_1_452' title='bbox 2270 3270 2450 3337; x_wconf 85' lang='lat' dir='ltr'><strong>Oculi,</strong></span> <span class='ocrx_word' id='word_1_453' title='bbox 2492 3270 2685 3340; x_wconf 90' lang='lat' dir='ltr'><strong>quales</strong></span> <span class='ocrx_word' id='word_1_454' title='bbox 2713 3267 2893 3322; x_wconf 88' lang='lat' dir='ltr'><strong>virum</strong></span> <span class='ocrx_word' id='word_1_455' title='bbox 2940 3266 3161 3330; x_wconf 90' lang='lat' dir='ltr'><strong>decent,</strong></span> <span class='ocrx_word' id='word_1_456' title='bbox 3192 3273 3250 3319; x_wconf 87' lang='lat' dir='ltr'><strong>et</strong></span> <span class='ocrx_word' id='word_1_457' title='bbox 3281 3261 3480 3332; x_wconf 90' lang='lat' dir='ltr'><strong>placidi</strong></span> <span class='ocrx_word' id='word_1_458' title='bbox 3512 3279 3525 3315; x_wconf 87' lang='lat'><strong>:</strong></span> <span class='ocrx_word' id='word_1_459' title='bbox 3561 3277 3629 3314; x_wconf 84' lang='lat' dir='ltr'><strong>ex</strong></span> 
     </span>
    </p>
   </div>
   <div class='ocr_carea' id='block_1_65' title="bbox 378 3373 1956 3449">
    <p class='ocr_par' dir='ltr' id='par_1_65' title="bbox 378 3373 1956 3449">
     <span class='ocr_line' id='line_1_65' title="bbox 378 3373 1956 3449; baseline 0 -21"><span class='ocrx_word' id='word_1_460' title='bbox 378 3396 481 3445; x_wconf 75' lang='grc' dir='ltr'><strong>μσς</strong></span> <span class='ocrx_word' id='word_1_461' title='bbox 509 3380 621 3448; x_wconf 75' lang='grc' dir='ltr'><strong>γάρ</strong></span> <span class='ocrx_word' id='word_1_462' title='bbox 651 3396 735 3440; x_wconf 86' lang='grc' dir='ltr'><strong>τις</strong></span> <span class='ocrx_word' id='word_1_463' title='bbox 773 3379 868 3431; x_wconf 82' lang='grc' dir='ltr'>καὶ</span> <span class='ocrx_word' id='word_1_464' title='bbox 900 3375 1357 3448; x_wconf 76' lang='grc' dir='ltr'>μεγαλόφθαλμος</span> <span class='ocrx_word' id='word_1_465' title='bbox 1398 3373 1486 3449; x_wconf 83' lang='grc' dir='ltr'>ἦν.</span> <span class='ocrx_word' id='word_1_466' title='bbox 1535 3376 1868 3446; x_wconf 78' lang='grc' dir='ltr'>’Υπόγριπος</span> <span class='ocrx_word' id='word_1_467' title='bbox 1899 3375 1956 3430; x_wconf 82' lang='grc' dir='ltr'>δὲ</span> 
     </span>
    </p>
   </div>
   <div class='ocr_carea' id='block_1_66' title="bbox 376 3463 1959 3542">
    <p class='ocr_par' dir='ltr' id='par_1_66' title="bbox 376 3463 1959 3542">
     <span class='ocr_line' id='line_1_66' title="bbox 376 3463 1959 3542; baseline -0.001 -21"><span class='ocrx_word' id='word_1_468' title='bbox 376 3470 524 3539; x_wconf 79' lang='grc' dir='ltr'>καὶὴ</span> <span class='ocrx_word' id='word_1_469' title='bbox 549 3471 636 3538; x_wconf 77' lang='grc' dir='ltr'>ρὶς</span> <span class='ocrx_word' id='word_1_470' title='bbox 668 3469 838 3539; x_wconf 78' lang='grc' dir='ltr'>αὐτῷ,</span> <span class='ocrx_word' id='word_1_471' title='bbox 872 3469 958 3539; x_wconf 80' lang='grc' dir='ltr'><strong>ἐφ’</strong></span> <span class='ocrx_word' id='word_1_472' title='bbox 1048 3464 1235 3522; x_wconf 72' lang='grc' dir='ltr'>καὶ“τι</span> <span class='ocrx_word' id='word_1_473' title='bbox 1271 3467 1552 3540; x_wconf 85' lang='grc' dir='ltr'>σαρκῶδες</span> <span class='ocrx_word' id='word_1_474' title='bbox 1592 3464 1738 3537; x_wconf 77' lang='grc' dir='ltr'>εἶχεν</span> <span class='ocrx_word' id='word_1_475' title='bbox 1763 3468 1959 3520; x_wconf 79' lang='grc' dir='ltr'>ἐπικα-</span> 
     </span>
    </p>
   </div>
   <div class='ocr_carea' id='block_1_67' title="bbox 375 3556 1958 3633">
    <p class='ocr_par' dir='ltr' id='par_1_67' title="bbox 375 3556 1958 3633">
     <span class='ocr_line' id='line_1_67' title="bbox 375 3556 1958 3633; baseline -0.001 -20"><span class='ocrx_word' id='word_1_476' title='bbox 375 3562 639 3631; x_wconf 76' lang='grc' dir='ltr'>θήμενον.</span> <span class='ocrx_word' id='word_1_477' title='bbox 679 3561 891 3625; x_wconf 79' lang='grc' dir='ltr'>Πλατὺς</span> <span class='ocrx_word' id='word_1_478' title='bbox 919 3561 975 3615; x_wconf 75' lang='grc' dir='ltr'>δὲ</span> <span class='ocrx_word' id='word_1_479' title='bbox 1011 3561 1110 3631; x_wconf 81' lang='grc' dir='ltr'>τὴν</span> <span class='ocrx_word' id='word_1_480' title='bbox 1132 3561 1255 3630; x_wconf 68' lang='grc' dir='ltr'>ὄψιν</span> <span class='ocrx_word' id='word_1_481' title='bbox 1290 3556 1381 3633; x_wconf 77' lang='grc' dir='ltr'><strong>ἦν,</strong></span> <span class='ocrx_word' id='word_1_482' title='bbox 1406 3562 1503 3613; x_wconf 73' lang='grc' dir='ltr'>καὶ</span> <span class='ocrx_word' id='word_1_483' title='bbox 1525 3561 1667 3615; x_wconf 78' lang='grc' dir='ltr'>πάνυ</span> <span class='ocrx_word' id='word_1_484' title='bbox 1725 3559 1958 3629; x_wconf 79' lang='grc' dir='ltr'>μεγαλό-</span> 
     </span>
    </p>
   </div>
   <div class='ocr_carea' id='block_1_68' title="bbox 372 3645 1961 3720">
    <p class='ocr_par' dir='ltr' id='par_1_68' title="bbox 372 3645 1961 3720">
     <span class='ocr_line' id='line_1_68' title="bbox 372 3645 1961 3720; baseline -0.004 -17"><span class='ocrx_word' id='word_1_485' title='bbox 372 3650 548 3720; x_wconf 59' lang='grc' dir='ltr'>ψυχος</span> <span class='ocrx_word' id='word_1_486' title='bbox 577 3650 713 3703; x_wconf 74' lang='grc' dir='ltr'>’καὶ</span> <span class='ocrx_word' id='word_1_487' title='bbox 737 3650 896 3719; x_wconf 69' lang='grc' dir='ltr'>εἴπερ</span> <span class='ocrx_word' id='word_1_488' title='bbox 942 3660 1033 3711; x_wconf 72' lang='grc' dir='ltr'>’τις</span> <span class='ocrx_word' id='word_1_489' title='bbox 1084 3647 1230 3719; x_wconf 77' lang='grc' dir='ltr'>μάλα</span> <span class='ocrx_word' id='word_1_490' title='bbox 1277 3647 1554 3718; x_wconf 74' lang='grc' dir='ltr'>θεοφιλής.</span> <span class='ocrx_word' id='word_1_491' title='bbox 1606 3646 1666 3700; x_wconf 88' lang='lat'><strong>&#39;0</strong></span> <span class='ocrx_word' id='word_1_492' title='bbox 1714 3647 1813 3715; x_wconf 81' lang='grc' dir='ltr'>μὲν</span> <span class='ocrx_word' id='word_1_493' title='bbox 1866 3645 1961 3700; x_wconf 76' lang='grc' dir='ltr'>οὖν</span> 
     </span>
    </p>
   </div>
   <div class='ocr_carea' id='block_1_69' title="bbox 377 3742 1962 3815">
    <p class='ocr_par' dir='ltr' id='par_1_69' title="bbox 377 3742 1962 3815">
     <span class='ocr_line' id='line_1_69' title="bbox 377 3742 1962 3815; baseline -0.003 -16"><span class='ocrx_word' id='word_1_494' title='bbox 377 3749 532 3807; x_wconf 70' lang='lat' dir='ltr'><strong>im;</strong></span> <span class='ocrx_word' id='word_1_495' title='bbox 562 3743 663 3812; x_wconf 82' lang='grc' dir='ltr'>τῆς</span> <span class='ocrx_word' id='word_1_496' title='bbox 700 3744 848 3815; x_wconf 79' lang='grc' dir='ltr'>ζωῆς</span> <span class='ocrx_word' id='word_1_497' title='bbox 892 3742 1041 3813; x_wconf 77' lang='grc' dir='ltr'>αὐτῷ</span> <span class='ocrx_word' id='word_1_498' title='bbox 1086 3745 1278 3815; x_wconf 79' lang='grc' dir='ltr'>χρόνος</span> <span class='ocrx_word' id='word_1_499' title='bbox 1333 3743 1494 3798; x_wconf 85' lang='grc' dir='ltr'>πέντε</span> <span class='ocrx_word' id='word_1_500' title='bbox 1545 3743 1641 3799; x_wconf 77' lang='grc' dir='ltr'>καὶ</span> <span class='ocrx_word' id='word_1_501' title='bbox 1693 3743 1962 3812; x_wconf 78' lang='grc' dir='ltr'>ἑξήκοντα</span> 
     </span>
    </p>
   </div>
   <div class='ocr_carea' id='block_1_70' title="bbox 377 3830 1961 3913">
    <p class='ocr_par' dir='ltr' id='par_1_70' title="bbox 377 3830 1961 3913">
     <span class='ocr_line' id='line_1_70' title="bbox 377 3830 1961 3913; baseline -0.001 -22"><span class='ocrx_word' id='word_1_502' title='bbox 377 3840 477 3907; x_wconf 78' lang='grc' dir='ltr'>ἔτη</span> <span class='ocrx_word' id='word_1_503' title='bbox 527 3839 803 3905; x_wconf 80' lang='grc' dir='ltr'>διεγένετο</span> <span class='ocrx_word' id='word_1_504' title='bbox 835 3854 851 3871; x_wconf 75' lang='grc' dir='ltr'><strong>ο</strong></span> <span class='ocrx_word' id='word_1_505' title='bbox 906 3837 998 3907; x_wconf 85' lang='grc' dir='ltr'><strong>ἀφ’</strong></span> <span class='ocrx_word' id='word_1_506' title='bbox 1036 3830 1117 3913; x_wconf 77' lang='grc' dir='ltr'><strong>¹ὧν</strong></span> <span class='ocrx_word' id='word_1_507' title='bbox 1167 3836 1261 3891; x_wconf 83' lang='grc' dir='ltr'>δύο</span> <span class='ocrx_word' id='word_1_508' title='bbox 1316 3838 1455 3910; x_wconf 81' lang='grc' dir='ltr'>πρὸς</span> <span class='ocrx_word' id='word_1_509' title='bbox 1508 3841 1621 3903; x_wconf 84' lang='grc' dir='ltr'>τοῖς</span> <span class='ocrx_word' id='word_1_510' title='bbox 1667 3838 1961 3909; x_wconf 79' lang='grc' dir='ltr'>τριάκοντα</span> 
     </span>
    </p>
   </div>
   <div class='ocr_carea' id='block_1_71' title="bbox 375 3927 1966 4001">
    <p class='ocr_par' dir='ltr' id='par_1_71' title="bbox 375 3927 1966 4001">
     <span class='ocr_line' id='line_1_71' title="bbox 375 3927 1966 4001; baseline 0.001 -20"><span class='ocrx_word' id='word_1_511' title='bbox 375 3927 542 4000; x_wconf 79' lang='grc' dir='ltr'>ἦρξε,</span> <span class='ocrx_word' id='word_1_512' title='bbox 568 3929 757 4000; x_wconf 83' lang='grc' dir='ltr'>μηνῶν</span> <span class='ocrx_word' id='word_1_513' title='bbox 789 3930 1020 3983; x_wconf 79' lang='grc' dir='ltr'>δεόντων</span> <span class='ocrx_word' id='word_1_514' title='bbox 1039 3931 1223 3995; x_wconf 83' lang='grc' dir='ltr'>τινῶν,</span> <span class='ocrx_word' id='word_1_515' title='bbox 1251 3929 1325 3993; x_wconf 81' lang='grc' dir='ltr'>ὥς</span> <span class='ocrx_word' id='word_1_516' title='bbox 1351 3949 1442 4000; x_wconf 87' lang='grc' dir='ltr'><strong>μοι</strong></span> <span class='ocrx_word' id='word_1_517' title='bbox 1476 3931 1820 4001; x_wconf 84' lang='grc' dir='ltr'>προείρηται.</span> <span class='ocrx_word' id='word_1_518' title='bbox 1853 3931 1966 3983; x_wconf 85' lang='grc' dir='ltr'><strong>Μό-</strong></span> 
     </span>
    </p>
   </div>
   <div class='ocr_carea' id='block_1_72' title="bbox 381 4008 1965 4094">
    <p class='ocr_par' dir='ltr' id='par_1_72' title="bbox 381 4008 1965 4094">
     <span class='ocr_line' id='line_1_72' title="bbox 381 4008 1965 4094; baseline 0 -20"><span class='ocrx_word' id='word_1_519' title='bbox 381 4041 591 4094; x_wconf 65' lang='grc' dir='ltr'>νᾶρχος</span> <span class='ocrx_word' id='word_1_520' title='bbox 613 4022 671 4077; x_wconf 82' lang='grc' dir='ltr'>δὲ</span> <span class='ocrx_word' id='word_1_521' title='bbox 702 4022 910 4093; x_wconf 83' lang='grc' dir='ltr'>κυρίως</span> <span class='ocrx_word' id='word_1_522' title='bbox 930 4020 989 4089; x_wconf 80' lang='grc' dir='ltr'>ἒξ</span> <span class='ocrx_word' id='word_1_523' title='bbox 1015 4024 1110 4076; x_wconf 79' lang='grc' dir='ltr'>καὶ</span> <span class='ocrx_word' id='word_1_524' title='bbox 1136 4023 1307 4076; x_wconf 86' lang='grc' dir='ltr'>είκοσι</span> <span class='ocrx_word' id='word_1_525' title='bbox 1347 4008 1653 4091; x_wconf 77' lang='grc' dir='ltr'>διαγέγονε.</span> <span class='ocrx_word' id='word_1_526' title='bbox 1712 4022 1965 4091; x_wconf 81' lang='grc' dir='ltr'>Περιέχει</span> 
     </span>
    </p>
   </div>
   <div class='ocr_carea' id='block_1_73' title="bbox 380 4114 1965 4186">
    <p class='ocr_par' dir='ltr' id='par_1_73' title="bbox 380 4114 1965 4186">
     <span class='ocr_line' id='line_1_73' title="bbox 380 4114 1965 4186; baseline -0.003 -18"><span class='ocrx_word' id='word_1_527' title='bbox 380 4116 444 4170; x_wconf 76' lang='grc' dir='ltr'>δὲ</span> <span class='ocrx_word' id='word_1_528' title='bbox 481 4116 637 4185; x_wconf 76' lang='grc' dir='ltr'>καὶὴ</span> <span class='ocrx_word' id='word_1_529' title='bbox 672 4115 923 4185; x_wconf 79' lang='grc' dir='ltr'>παροῦσα</span> <span class='ocrx_word' id='word_1_530' title='bbox 951 4114 1112 4183; x_wconf 77' lang='grc' dir='ltr'>ὀγδόη</span> <span class='ocrx_word' id='word_1_531' title='bbox 1145 4131 1240 4184; x_wconf 84' lang='grc' dir='ltr'><strong>μοι</strong></span> <span class='ocrx_word' id='word_1_532' title='bbox 1298 4114 1408 4168; x_wconf 85' lang='grc' dir='ltr'>τῶν</span> <span class='ocrx_word' id='word_1_533' title='bbox 1472 4114 1724 4186; x_wconf 82' lang='grc' dir='ltr'>ἱστοριῶν</span> <span class='ocrx_word' id='word_1_534' title='bbox 1775 4114 1965 4183; x_wconf 85' lang='grc' dir='ltr'>χρόνον</span> 
     </span>
    </p>
   </div>
   <div class='ocr_carea' id='block_1_74' title="bbox 380 4204 1965 4279">
    <p class='ocr_par' dir='ltr' id='par_1_74' title="bbox 380 4204 1965 4279">
     <span class='ocr_line' id='line_1_74' title="bbox 380 4204 1965 4279; baseline -0.004 -17"><span class='ocrx_word' id='word_1_535' title='bbox 380 4212 531 4263; x_wconf 81' lang='grc' dir='ltr'>ἐτῶν</span> <span class='ocrx_word' id='word_1_536' title='bbox 565 4210 865 4279; x_wconf 77' lang='grc' dir='ltr'>τριάκοντα</span> <span class='ocrx_word' id='word_1_537' title='bbox 894 4208 990 4260; x_wconf 78' lang='grc' dir='ltr'>καὶ</span> <span class='ocrx_word' id='word_1_538' title='bbox 1039 4205 1154 4271; x_wconf 84' lang='grc' dir='ltr'>δύο,</span> <span class='ocrx_word' id='word_1_539' title='bbox 1210 4205 1493 4276; x_wconf 66' lang='grc' dir='ltr'>ἀρξαμένη</span> <span class='ocrx_word' id='word_1_540' title='bbox 1554 4206 1655 4275; x_wconf 76' lang='grc' dir='ltr'>μὲν</span> <span class='ocrx_word' id='word_1_541' title='bbox 1706 4205 1813 4258; x_wconf 78' lang='grc' dir='ltr'>ἀπδ</span> <span class='ocrx_word' id='word_1_542' title='bbox 1871 4204 1965 4257; x_wconf 79' lang='grc' dir='ltr'>τοῦ</span> 
     </span>
    </p>
   </div>
   <div class='ocr_carea' id='block_1_75' title="bbox 389 4294 1968 4371">
    <p class='ocr_par' dir='ltr' id='par_1_75' title="bbox 389 4294 1968 4371">
     <span class='ocr_line' id='line_1_75' title="bbox 389 4294 1968 4371; baseline -0.005 -19"><span class='ocrx_word' id='word_1_543' title='bbox 389 4302 613 4371; x_wconf 76' lang='grc' dir='ltr'>πρώτου</span> <span class='ocrx_word' id='word_1_544' title='bbox 656 4301 810 4362; x_wconf 82' lang='grc' dir='ltr'>ἔτους</span> <span class='ocrx_word' id='word_1_545' title='bbox 853 4299 1261 4352; x_wconf 68' lang='grc' dir='ltr'>Κωνσταντίνου</span> <span class='ocrx_word' id='word_1_546' title='bbox 1299 4316 1311 4328; x_wconf 86' lang='grc'><strong>·</strong></span> <span class='ocrx_word' id='word_1_547' title='bbox 1355 4298 1703 4366; x_wconf 62' lang='grc' dir='ltr'>καταλήξασα</span> <span class='ocrx_word' id='word_1_548' title='bbox 1753 4295 1804 4347; x_wconf 82' lang='grc' dir='ltr'>δὲ</span> <span class='ocrx_word' id='word_1_549' title='bbox 1839 4294 1968 4363; x_wconf 82' lang='grc' dir='ltr'>ἄχρι</span> 
     </span>
    </p>
   </div>
   <div class='ocr_carea' id='block_1_76' title="bbox 382 4386 1967 4466">
    <p class='ocr_par' dir='ltr' id='par_1_76' title="bbox 382 4386 1967 4466">
     <span class='ocr_line' id='line_1_76' title="bbox 382 4386 1967 4466; baseline -0.007 -18"><span class='ocrx_word' id='word_1_550' title='bbox 382 4397 486 4466; x_wconf 76' lang='grc' dir='ltr'>τῆς</span> <span class='ocrx_word' id='word_1_551' title='bbox 544 4393 710 4447; x_wconf 78' lang='grc' dir='ltr'>αὑτοῦ</span> <span class='ocrx_word' id='word_1_552' title='bbox 762 4393 1021 4457; x_wconf 85' lang='grc' dir='ltr'>τελευτῆς</span> <span class='ocrx_word' id='word_1_553' title='bbox 1060 4408 1075 4423; x_wconf 79' lang='lat'>&#39;</span> <span class='ocrx_word' id='word_1_554' title='bbox 1130 4389 1369 4461; x_wconf 77' lang='grc' dir='ltr'>ὁπηνίκα</span> <span class='ocrx_word' id='word_1_555' title='bbox 1422 4389 1630 4457; x_wconf 84' lang='grc' dir='ltr'>κόσμου</span> <span class='ocrx_word' id='word_1_556' title='bbox 1698 4388 1798 4458; x_wconf 79' lang='grc' dir='ltr'>μὲν</span> <span class='ocrx_word' id='word_1_557' title='bbox 1847 4386 1967 4466; x_wconf 59' lang='lat' dir='ltr'><strong>lito;</strong></span> 
     </span>
    </p>
   </div>
   <div class='ocr_carea' id='block_1_77' title="bbox 383 4459 1968 4558">
    <p class='ocr_par' dir='ltr' id='par_1_77' title="bbox 383 4459 1968 4558">
     <span class='ocr_line' id='line_1_77' title="bbox 383 4459 1968 4558; baseline -0.004 -21"><span class='ocrx_word' id='word_1_558' title='bbox 383 4459 598 4558; x_wconf 63' lang='grc' dir='ltr'><strong>,εέυμξκ</strong></span> <span class='ocrx_word' id='word_1_559' title='bbox 632 4484 742 4539; x_wconf 80' lang='grc' dir='ltr'><strong>ἀπὸ</strong></span> <span class='ocrx_word' id='word_1_560' title='bbox 789 4485 846 4539; x_wconf 79' lang='grc' dir='ltr'>δὲ</span> <span class='ocrx_word' id='word_1_561' title='bbox 886 4483 986 4554; x_wconf 84' lang='grc' dir='ltr'>τῆς</span> <span class='ocrx_word' id='word_1_562' title='bbox 1034 4483 1185 4547; x_wconf 85' lang='grc' dir='ltr'>θείας</span> <span class='ocrx_word' id='word_1_563' title='bbox 1227 4459 1323 4536; x_wconf 75' lang='grc' dir='ltr'><strong>τοῦ</strong></span> <span class='ocrx_word' id='word_1_564' title='bbox 1390 4480 1599 4551; x_wconf 81' lang='grc' dir='ltr'>Κυρίου</span> <span class='ocrx_word' id='word_1_565' title='bbox 1659 4459 1968 4549; x_wconf 67' lang='grc' dir='ltr'>γεννήσεως</span> 
     </span>
    </p>
   </div>
   <div class='ocr_carea' id='block_1_78' title="bbox 381 4572 1756 4650">
    <p class='ocr_par' dir='ltr' id='par_1_78' title="bbox 381 4572 1756 4650">
     <span class='ocr_line' id='line_1_78' title="bbox 381 4572 1756 4650; baseline -0.004 -18"><span class='ocrx_word' id='word_1_566' title='bbox 381 4579 808 4650; x_wconf 74' lang='grc' dir='ltr'>τριακοσιοστὺν</span> <span class='ocrx_word' id='word_1_567' title='bbox 840 4574 1284 4650; x_wconf 78' lang='grc' dir='ltr'>τεσσαρακοστὸν</span> <span class='ocrx_word' id='word_1_568' title='bbox 1323 4574 1368 4646; x_wconf 82' lang='grc' dir='ltr'><strong>β’</strong></span> <span class='ocrx_word' id='word_1_569' title='bbox 1414 4572 1756 4647; x_wconf 75' lang='grc' dir='ltr'>ἐπεραίνετο.</span> 
     </span>
    </p>
   </div>
   <div class='ocr_carea' id='block_1_79' title="bbox 475 4932 933 5011">
    <p class='ocr_par' dir='ltr' id='par_1_79' title="bbox 475 4932 933 5011">
     <span class='ocr_line' id='line_1_79' title="bbox 475 4932 933 5011; baseline -0.009 -20"><span class='ocrx_word' id='word_1_570' title='bbox 475 4939 491 4969; x_wconf 84' lang='grc'>¹</span> <span class='ocrx_word' id='word_1_571' title='bbox 540 4937 555 4991; x_wconf 91' lang='lat' dir='ltr'><strong>l</strong></span> <span class='ocrx_word' id='word_1_572' title='bbox 587 4934 718 5006; x_wconf 75' lang='lat' dir='ltr'><strong>Reg.</strong></span> <span class='ocrx_word' id='word_1_573' title='bbox 754 4949 816 4998; x_wconf 85' lang='lat' dir='ltr'><strong>ll,</strong></span> 
     </span>
    </p>
   </div>
   <div class='ocr_carea' id='block_1_80' title="bbox 472 5108 1970 5188">
    <p class='ocr_par' dir='ltr' id='par_1_80' title="bbox 472 5108 1970 5188">
     <span class='ocr_line' id='line_1_80' title="bbox 472 5108 1970 5188; baseline -0.012 -15"><span class='ocrx_word' id='word_1_574' title='bbox 472 5121 553 5188; x_wconf 84' lang='grc' dir='ltr'><strong>(Ι)</strong></span> <span class='ocrx_word' id='word_1_575' title='bbox 596 5116 992 5188; x_wconf 82' lang='lat' dir='ltr'><strong>Constantinus</strong></span> <span class='ocrx_word' id='word_1_576' title='bbox 1039 5109 1341 5188; x_wconf 67' lang='lat' dir='ltr'><strong>spadonum</strong></span> <span class='ocrx_word' id='word_1_577' title='bbox 1380 5116 1436 5163; x_wconf 90' lang='lat' dir='ltr'><strong>et</strong></span> <span class='ocrx_word' id='word_1_578' title='bbox 1487 5108 1795 5188; x_wconf 79' lang='lat' dir='ltr'><strong>aulicorum</strong></span> <span class='ocrx_word' id='word_1_579' title='bbox 1850 5119 1970 5184; x_wconf 77' lang='lat' dir='ltr'><strong>orn-</strong></span> 
     </span>
    </p>
   </div>
   <div class='ocr_carea' id='block_1_81' title="bbox 400 5175 1976 5250">
    <p class='ocr_par' dir='ltr' id='par_1_81' title="bbox 400 5175 1976 5250">
     <span class='ocr_line' id='line_1_81' title="bbox 400 5175 1976 5250; baseline -0.012 -3"><span class='ocrx_word' id='word_1_580' title='bbox 400 5175 559 5247; x_wconf 74' lang='lat' dir='ltr'><strong>nium</strong></span> <span class='ocrx_word' id='word_1_581' title='bbox 587 5190 881 5244; x_wconf 87' lang='lat' dir='ltr'><strong>vehemens</strong></span> <span class='ocrx_word' id='word_1_582' title='bbox 907 5175 1147 5239; x_wconf 79' lang='lat' dir='ltr'><strong>domitor</strong></span> <span class='ocrx_word' id='word_1_583' title='bbox 1178 5180 1303 5243; x_wconf 80' lang='lat' dir='ltr'><strong>fuit,</strong></span> <span class='ocrx_word' id='word_1_584' title='bbox 1325 5196 1463 5250; x_wconf 88' lang='lat' dir='ltr'><strong>quos</strong></span> <span class='ocrx_word' id='word_1_585' title='bbox 1487 5180 1661 5235; x_wconf 84' lang='lat' dir='ltr'><strong>tineas</strong></span> <span class='ocrx_word' id='word_1_586' title='bbox 1687 5184 1746 5233; x_wconf 91' lang='lat' dir='ltr'><strong>et</strong></span> <span class='ocrx_word' id='word_1_587' title='bbox 1767 5175 1976 5232; x_wconf 80' lang='lat' dir='ltr'><strong>serices</strong></span> 
     </span>
    </p>
   </div>
   <div class='ocr_carea' id='block_1_82' title="bbox 398 5254 1357 5330">
    <p class='ocr_par' dir='ltr' id='par_1_82' title="bbox 398 5254 1357 5330">
     <span class='ocr_line' id='line_1_82' title="bbox 398 5254 1357 5330; baseline -0.018 -10"><span class='ocrx_word' id='word_1_588' title='bbox 398 5261 663 5321; x_wconf 66' lang='lat' dir='ltr'><strong>Ectlesiae</strong></span> <span class='ocrx_word' id='word_1_589' title='bbox 683 5256 958 5330; x_wconf 79' lang='lat' dir='ltr'><strong>appellare</strong></span> <span class='ocrx_word' id='word_1_590' title='bbox 995 5254 1191 5311; x_wconf 84' lang='lat' dir='ltr'><strong>solitus</strong></span> <span class='ocrx_word' id='word_1_591' title='bbox 1219 5261 1357 5306; x_wconf 89' lang='lat' dir='ltr'><strong>erat.</strong></span> 
     </span>
    </p>
   </div>
   <div class='ocr_carea' id='block_1_83' title="bbox 2059 3354 3629 3437">
    <p class='ocr_par' dir='ltr' id='par_1_83' title="bbox 2059 3354 3629 3437">
     <span class='ocr_line' id='line_1_83' title="bbox 2059 3354 3629 3437; baseline -0.011 -18"><span class='ocrx_word' id='word_1_592' title='bbox 2059 3365 2263 3437; x_wconf 89' lang='lat' dir='ltr'><strong>quibus</strong></span> <span class='ocrx_word' id='word_1_593' title='bbox 2296 3362 2523 3417; x_wconf 81' lang='lat' dir='ltr'><strong>mirillCa</strong></span> <span class='ocrx_word' id='word_1_594' title='bbox 2564 3360 2817 3431; x_wconf 62' lang='lat' dir='ltr'><strong>quaedam</strong></span> <span class='ocrx_word' id='word_1_595' title='bbox 2852 3356 3132 3414; x_wconf 89' lang='lat' dir='ltr'><strong>eminebat</strong></span> <span class='ocrx_word' id='word_1_596' title='bbox 3176 3354 3349 3427; x_wconf 88' lang='lat' dir='ltr'><strong>gratia</strong></span> <span class='ocrx_word' id='word_1_597' title='bbox 3372 3392 3387 3417; x_wconf 92' lang='lat'><strong>,</strong></span> <span class='ocrx_word' id='word_1_598' title='bbox 3427 3354 3629 3408; x_wconf 53' lang='lat' dir='ltr'><strong>acuti...</strong></span> 
     </span>
    </p>
   </div>
   <div class='ocr_carea' id='block_1_84' title="bbox 2061 3445 3629 3529">
    <p class='ocr_par' dir='ltr' id='par_1_84' title="bbox 2061 3445 3629 3529">
     <span class='ocr_line' id='line_1_84' title="bbox 2061 3445 3629 3529; baseline -0.01 -17"><span class='ocrx_word' id='word_1_599' title='bbox 2061 3472 2263 3529; x_wconf 88' lang='lat' dir='ltr'><strong>resque</strong></span> <span class='ocrx_word' id='word_1_600' title='bbox 2311 3455 2389 3512; x_wconf 89' lang='lat' dir='ltr'><strong>illi</strong></span> <span class='ocrx_word' id='word_1_601' title='bbox 2431 3463 2487 3510; x_wconf 89' lang='lat' dir='ltr'><strong>et</strong></span> <span class='ocrx_word' id='word_1_602' title='bbox 2530 3453 2875 3524; x_wconf 86' lang='lat' dir='ltr'><strong>grandiores.</strong></span> <span class='ocrx_word' id='word_1_603' title='bbox 2909 3450 3086 3506; x_wconf 81' lang='lat' dir='ltr'><strong>Nasus</strong></span> <span class='ocrx_word' id='word_1_604' title='bbox 3128 3448 3507 3512; x_wconf 88' lang='lat' dir='ltr'><strong>subaduncus,</strong></span> <span class='ocrx_word' id='word_1_605' title='bbox 3540 3445 3629 3499; x_wconf 89' lang='lat' dir='ltr'><strong>cui</strong></span> 
     </span>
    </p>
   </div>
   <div class='ocr_carea' id='block_1_85' title="bbox 2060 3533 3636 3615">
    <p class='ocr_par' dir='ltr' id='par_1_85' title="bbox 2060 3533 3636 3615">
     <span class='ocr_line' id='line_1_85' title="bbox 2060 3533 3636 3615; baseline -0.011 -14"><span class='ocrx_word' id='word_1_606' title='bbox 2060 3560 2352 3601; x_wconf 88' lang='lat' dir='ltr'><strong>carnosum</strong></span> <span class='ocrx_word' id='word_1_607' title='bbox 2382 3542 2643 3615; x_wconf 87' lang='lat' dir='ltr'><strong>quiddam</strong></span> <span class='ocrx_word' id='word_1_608' title='bbox 2677 3539 2970 3596; x_wconf 84' lang='lat' dir='ltr'><strong>insidebat.</strong></span> <span class='ocrx_word' id='word_1_609' title='bbox 3001 3536 3193 3593; x_wconf 87' lang='lat' dir='ltr'><strong>Facies</strong></span> <span class='ocrx_word' id='word_1_610' title='bbox 3225 3536 3340 3605; x_wconf 76' lang='lat' dir='ltr'><strong>ipsa</strong></span> <span class='ocrx_word' id='word_1_611' title='bbox 3371 3533 3551 3596; x_wconf 88' lang='lat' dir='ltr'><strong>latior,</strong></span> <span class='ocrx_word' id='word_1_612' title='bbox 3579 3541 3636 3584; x_wconf 79' lang='lat' dir='ltr'><strong>ct</strong></span> 
     </span>
    </p>
   </div>
   <div class='ocr_carea' id='block_1_86' title="bbox 2062 3622 3632 3711">
    <p class='ocr_par' dir='ltr' id='par_1_86' title="bbox 2062 3622 3632 3711">
     <span class='ocr_line' id='line_1_86' title="bbox 2062 3622 3632 3711; baseline -0.012 -17"><span class='ocrx_word' id='word_1_613' title='bbox 2062 3638 2408 3711; x_wconf 87' lang='lat' dir='ltr'><strong>magnanima</strong></span> <span class='ocrx_word' id='word_1_614' title='bbox 2456 3634 2777 3691; x_wconf 89' lang='lat' dir='ltr'><strong>admodum.</strong></span> <span class='ocrx_word' id='word_1_615' title='bbox 2836 3631 3079 3701; x_wconf 90' lang='lat' dir='ltr'><strong>Denique</strong></span> <span class='ocrx_word' id='word_1_616' title='bbox 3125 3622 3321 3698; x_wconf 73' lang='lat' dir='ltr'><strong>supra</strong></span> <span class='ocrx_word' id='word_1_617' title='bbox 3350 3625 3488 3680; x_wconf 85' lang='lat' dir='ltr'><strong>alius</strong></span> <span class='ocrx_word' id='word_1_618' title='bbox 3539 3625 3632 3679; x_wconf 84' lang='lat' dir='ltr'><strong>Dei</strong></span> 
     </span>
    </p>
   </div>
   <div class='ocr_carea' id='block_1_87' title="bbox 2065 3722 3637 3794">
    <p class='ocr_par' dir='ltr' id='par_1_87' title="bbox 2065 3722 3637 3794">
     <span class='ocr_line' id='line_1_87' title="bbox 2065 3722 3637 3794; baseline -0.012 -6"><span class='ocrx_word' id='word_1_619' title='bbox 2065 3733 2300 3788; x_wconf 80' lang='lat' dir='ltr'><strong>maxime</strong></span> <span class='ocrx_word' id='word_1_620' title='bbox 2330 3746 2520 3785; x_wconf 86' lang='lat' dir='ltr'><strong>amans</strong></span> <span class='ocrx_word' id='word_1_621' title='bbox 2550 3728 2672 3784; x_wconf 76' lang='lat' dir='ltr'><strong>fuit.</strong></span> <span class='ocrx_word' id='word_1_622' title='bbox 2699 3726 2895 3782; x_wconf 89' lang='lat' dir='ltr'><strong>Totius</strong></span> <span class='ocrx_word' id='word_1_623' title='bbox 2922 3726 3043 3794; x_wconf 87' lang='lat' dir='ltr'><strong>ejus</strong></span> <span class='ocrx_word' id='word_1_624' title='bbox 3072 3722 3199 3778; x_wconf 83' lang='lat' dir='ltr'><strong>vitae</strong></span> <span class='ocrx_word' id='word_1_625' title='bbox 3238 3729 3457 3789; x_wconf 89' lang='lat' dir='ltr'><strong>tempus</strong></span> <span class='ocrx_word' id='word_1_626' title='bbox 3481 3732 3637 3771; x_wconf 81' lang='lat' dir='ltr'><strong>sexa-</strong></span> 
     </span>
    </p>
   </div>
   <div class='ocr_carea' id='block_1_88' title="bbox 2063 3811 3637 3897">
    <p class='ocr_par' dir='ltr' id='par_1_88' title="bbox 2063 3811 3637 3897">
     <span class='ocr_line' id='line_1_88' title="bbox 2063 3811 3637 3897; baseline -0.01 -20"><span class='ocrx_word' id='word_1_627' title='bbox 2063 3828 2213 3897; x_wconf 75' lang='lat' dir='ltr'><strong>ginta</strong></span> <span class='ocrx_word' id='word_1_628' title='bbox 2264 3832 2319 3879; x_wconf 90' lang='lat' dir='ltr'><strong>et</strong></span> <span class='ocrx_word' id='word_1_629' title='bbox 2360 3823 2606 3894; x_wconf 89' lang='lat' dir='ltr'><strong>quinque</strong></span> <span class='ocrx_word' id='word_1_630' title='bbox 2653 3819 2783 3875; x_wconf 90' lang='lat' dir='ltr'><strong>anni</strong></span> <span class='ocrx_word' id='word_1_631' title='bbox 2833 3819 3008 3879; x_wconf 81' lang='lat' dir='ltr'><strong>fuere,</strong></span> <span class='ocrx_word' id='word_1_632' title='bbox 3050 3829 3285 3885; x_wconf 89' lang='lat' dir='ltr'><strong>quorum</strong></span> <span class='ocrx_word' id='word_1_633' title='bbox 3330 3811 3550 3881; x_wconf 81' lang='lat' dir='ltr'><strong>triginta</strong></span> <span class='ocrx_word' id='word_1_634' title='bbox 3583 3820 3637 3862; x_wconf 76' lang='grc' dir='ltr'><strong>«ι</strong></span> 
     </span>
    </p>
   </div>
   <div class='ocr_carea' id='block_1_89' title="bbox 2064 3901 3636 3984">
    <p class='ocr_par' dir='ltr' id='par_1_89' title="bbox 2064 3901 3636 3984">
     <span class='ocr_line' id='line_1_89' title="bbox 2064 3901 3636 3984; baseline -0.012 -16"><span class='ocrx_word' id='word_1_635' title='bbox 2064 3919 2201 3971; x_wconf 87' lang='lat' dir='ltr'><strong>duos</strong></span> <span class='ocrx_word' id='word_1_636' title='bbox 2241 3916 2295 3970; x_wconf 91' lang='lat' dir='ltr'><strong>in</strong></span> <span class='ocrx_word' id='word_1_637' title='bbox 2341 3913 2571 3984; x_wconf 86' lang='lat' dir='ltr'><strong>imperio</strong></span> <span class='ocrx_word' id='word_1_638' title='bbox 2600 3912 2731 3983; x_wconf 83' lang='lat' dir='ltr'><strong>egit,</strong></span> <span class='ocrx_word' id='word_1_639' title='bbox 2757 3908 3042 3964; x_wconf 86' lang='lat' dir='ltr'><strong>mensibus</strong></span> <span class='ocrx_word' id='word_1_640' title='bbox 3070 3907 3285 3975; x_wconf 90' lang='lat' dir='ltr'><strong>aliquot</strong></span> <span class='ocrx_word' id='word_1_641' title='bbox 3321 3901 3636 3958; x_wconf 78' lang='lat' dir='ltr'><strong>delicienti-</strong></span> 
     </span>
    </p>
   </div>
   <div class='ocr_carea' id='block_1_90' title="bbox 2066 3997 3637 4076">
    <p class='ocr_par' dir='ltr' id='par_1_90' title="bbox 2066 3997 3637 4076">
     <span class='ocr_line' id='line_1_90' title="bbox 2066 3997 3637 4076; baseline -0.012 -13"><span class='ocrx_word' id='word_1_642' title='bbox 2066 4009 2189 4073; x_wconf 77' lang='lat' dir='ltr'><strong>hns,</strong></span> <span class='ocrx_word' id='word_1_643' title='bbox 2237 4006 2399 4060; x_wconf 89' lang='lat' dir='ltr'><strong>sicuti</strong></span> <span class='ocrx_word' id='word_1_644' title='bbox 2438 4020 2602 4076; x_wconf 89' lang='lat' dir='ltr'><strong>supra</strong></span> <span class='ocrx_word' id='word_1_645' title='bbox 2631 4003 2891 4057; x_wconf 83' lang='lat' dir='ltr'><strong>diximus.</strong></span> <span class='ocrx_word' id='word_1_646' title='bbox 2921 3997 3215 4071; x_wconf 83' lang='lat' dir='ltr'><strong>Imperium</strong></span> <span class='ocrx_word' id='word_1_647' title='bbox 3251 4010 3378 4052; x_wconf 91' lang='lat' dir='ltr'><strong>eum</strong></span> <span class='ocrx_word' id='word_1_648' title='bbox 3423 4008 3637 4049; x_wconf 89' lang='lat' dir='ltr'><strong>sunnna</strong></span> 
     </span>
    </p>
   </div>
   <div class='ocr_carea' id='block_1_91' title="bbox 2040 4083 3636 4171">
    <p class='ocr_par' dir='ltr' id='par_1_91' title="bbox 2040 4083 3636 4171">
     <span class='ocr_line' id='line_1_91' title="bbox 2040 4083 3636 4171; baseline -0.01 -20"><span class='ocrx_word' id='word_1_649' title='bbox 2040 4146 2043 4151; x_wconf 73' lang='lat'><strong>,</strong></span> <span class='ocrx_word' id='word_1_650' title='bbox 2067 4108 2338 4171; x_wconf 83' lang='lat' dir='ltr'><strong>potestate</strong></span> <span class='ocrx_word' id='word_1_651' title='bbox 2372 4098 2521 4153; x_wconf 84' lang='lat' dir='ltr'><strong>solus</strong></span> <span class='ocrx_word' id='word_1_652' title='bbox 2549 4096 2742 4167; x_wconf 85' lang='lat' dir='ltr'><strong>viginti</strong></span> <span class='ocrx_word' id='word_1_653' title='bbox 2770 4110 2866 4149; x_wconf 87' lang='lat' dir='ltr'><strong>sex</strong></span> <span class='ocrx_word' id='word_1_654' title='bbox 2901 4092 3063 4147; x_wconf 89' lang='lat' dir='ltr'><strong>annis</strong></span> <span class='ocrx_word' id='word_1_655' title='bbox 3091 4088 3354 4144; x_wconf 87' lang='lat' dir='ltr'><strong>obtinuit.</strong></span> <span class='ocrx_word' id='word_1_656' title='bbox 3384 4083 3636 4153; x_wconf 81' lang='lat' dir='ltr'><strong>Comple-</strong></span> 
     </span>
    </p>
   </div>
   <div class='ocr_carea' id='block_1_92' title="bbox 2066 4178 3639 4264">
    <p class='ocr_par' dir='ltr' id='par_1_92' title="bbox 2066 4178 3639 4264">
     <span class='ocr_line' id='line_1_92' title="bbox 2066 4178 3639 4264; baseline -0.014 -13"><span class='ocrx_word' id='word_1_657' title='bbox 2066 4196 2233 4250; x_wconf 82' lang='lat' dir='ltr'><strong>ctitur</strong></span> <span class='ocrx_word' id='word_1_658' title='bbox 2261 4207 2428 4264; x_wconf 87' lang='lat' dir='ltr'><strong>porro</strong></span> <span class='ocrx_word' id='word_1_659' title='bbox 2456 4199 2685 4244; x_wconf 90' lang='lat' dir='ltr'><strong>octavus</strong></span> <span class='ocrx_word' id='word_1_660' title='bbox 2707 4188 2810 4243; x_wconf 90' lang='lat' dir='ltr'><strong>iste</strong></span> <span class='ocrx_word' id='word_1_661' title='bbox 2834 4183 3191 4240; x_wconf 90' lang='lat' dir='ltr'><strong>historiarum</strong></span> <span class='ocrx_word' id='word_1_662' title='bbox 3215 4180 3376 4245; x_wconf 87' lang='lat' dir='ltr'><strong>liber,</strong></span> <span class='ocrx_word' id='word_1_663' title='bbox 3403 4194 3432 4231; x_wconf 90' lang='lat' dir='ltr'><strong>a</strong></span> <span class='ocrx_word' id='word_1_664' title='bbox 3460 4178 3639 4248; x_wconf 82' lang='lat' dir='ltr'><strong>primo</strong></span> 
     </span>
    </p>
   </div>
   <div class='ocr_carea' id='block_1_93' title="bbox 2066 4271 3639 4352">
    <p class='ocr_par' dir='ltr' id='par_1_93' title="bbox 2066 4271 3639 4352">
     <span class='ocr_line' id='line_1_93' title="bbox 2066 4271 3639 4352; baseline -0.012 -9"><span class='ocrx_word' id='word_1_665' title='bbox 2066 4284 2418 4343; x_wconf 83' lang='lat' dir='ltr'><strong>Constantini</strong></span> <span class='ocrx_word' id='word_1_666' title='bbox 2457 4280 2678 4352; x_wconf 91' lang='lat' dir='ltr'><strong>imperii</strong></span> <span class='ocrx_word' id='word_1_667' title='bbox 2713 4293 2876 4342; x_wconf 91' lang='lat' dir='ltr'><strong>anno,</strong></span> <span class='ocrx_word' id='word_1_668' title='bbox 2924 4278 2991 4331; x_wconf 90' lang='lat' dir='ltr'><strong>ad</strong></span> <span class='ocrx_word' id='word_1_669' title='bbox 3035 4275 3248 4331; x_wconf 77' lang='lat' dir='ltr'><strong>obitum</strong></span> <span class='ocrx_word' id='word_1_670' title='bbox 3291 4288 3463 4341; x_wconf 86' lang='lat' dir='ltr'><strong>usque</strong></span> <span class='ocrx_word' id='word_1_671' title='bbox 3497 4271 3639 4342; x_wconf 64' lang='lat' dir='ltr'><strong>ejus.</strong></span> 
     </span>
    </p>
   </div>
   <div class='ocr_carea' id='block_1_94' title="bbox 2067 4362 3639 4446">
    <p class='ocr_par' dir='ltr' id='par_1_94' title="bbox 2067 4362 3639 4446">
     <span class='ocr_line' id='line_1_94' title="bbox 2067 4362 3639 4446; baseline -0.013 -11"><span class='ocrx_word' id='word_1_672' title='bbox 2067 4393 2243 4435; x_wconf 79' lang='lat' dir='ltr'><strong>annos</strong></span> <span class='ocrx_word' id='word_1_673' title='bbox 2262 4378 2481 4446; x_wconf 83' lang='lat' dir='ltr'><strong>triginta</strong></span> <span class='ocrx_word' id='word_1_674' title='bbox 2504 4374 2674 4428; x_wconf 90' lang='lat' dir='ltr'><strong>duos:</strong></span> <span class='ocrx_word' id='word_1_675' title='bbox 2700 4386 2826 4426; x_wconf 91' lang='lat' dir='ltr'><strong>cum</strong></span> <span class='ocrx_word' id='word_1_676' title='bbox 2854 4369 3061 4424; x_wconf 89' lang='lat' dir='ltr'><strong>conditi</strong></span> <span class='ocrx_word' id='word_1_677' title='bbox 3088 4368 3276 4421; x_wconf 90' lang='lat' dir='ltr'><strong>mundi</strong></span> <span class='ocrx_word' id='word_1_678' title='bbox 3303 4379 3482 4419; x_wconf 88' lang='lat' dir='ltr'><strong>annus</strong></span> <span class='ocrx_word' id='word_1_679' title='bbox 3512 4362 3639 4427; x_wconf 87' lang='lat' dir='ltr'><strong>l&#39;uit,</strong></span> 
     </span>
    </p>
   </div>
   <div class='ocr_carea' id='block_1_95' title="bbox 2069 4453 3641 4540">
    <p class='ocr_par' dir='ltr' id='par_1_95' title="bbox 2069 4453 3641 4540">
     <span class='ocr_line' id='line_1_95' title="bbox 2069 4453 3641 4540; baseline -0.013 -16"><span class='ocrx_word' id='word_1_680' title='bbox 2069 4468 2368 4540; x_wconf 83' lang='lat' dir='ltr'><strong>quinquies</strong></span> <span class='ocrx_word' id='word_1_681' title='bbox 2411 4462 2735 4519; x_wconf 84' lang='lat' dir='ltr'><strong>millesimus</strong></span> <span class='ocrx_word' id='word_1_682' title='bbox 2769 4457 3260 4531; x_wconf 86' lang='lat' dir='ltr'><strong>octingentesimus</strong></span> <span class='ocrx_word' id='word_1_683' title='bbox 3290 4453 3641 4524; x_wconf 79' lang='lat' dir='ltr'><strong>quadragesi-</strong></span> 
     </span>
    </p>
   </div>
   <div class='ocr_carea' id='block_1_96' title="bbox 2000 4545 3641 4657">
    <p class='ocr_par' dir='ltr' id='par_1_96' title="bbox 2000 4545 3641 4657">
     <span class='ocr_line' id='line_1_96' title="bbox 2000 4545 3641 4657; baseline -0.014 -39"><span class='ocrx_word' id='word_1_684' title='bbox 2000 4597 2049 4657; x_wconf 72' lang='lat' dir='ltr'><strong>D</strong></span> <span class='ocrx_word' id='word_1_685' title='bbox 2076 4571 2200 4617; x_wconf 86' lang='lat' dir='ltr'><strong>mus</strong></span> <span class='ocrx_word' id='word_1_686' title='bbox 2230 4559 2498 4630; x_wconf 88' lang='lat' dir='ltr'><strong>septimus</strong></span> <span class='ocrx_word' id='word_1_687' title='bbox 2528 4554 2627 4626; x_wconf 60' lang='grc' dir='ltr'><strong>(ἢ).</strong></span> <span class='ocrx_word' id='word_1_688' title='bbox 2655 4555 2701 4609; x_wconf 85' lang='grc' dir='ltr'>Α</span> <span class='ocrx_word' id='word_1_689' title='bbox 2734 4552 3022 4608; x_wconf 87' lang='lat' dir='ltr'><strong>nativitate</strong></span> <span class='ocrx_word' id='word_1_690' title='bbox 3059 4559 3242 4605; x_wconf 88' lang='lat' dir='ltr'><strong>autem</strong></span> <span class='ocrx_word' id='word_1_691' title='bbox 3274 4545 3492 4601; x_wconf 89' lang='lat' dir='ltr'><strong>Domini</strong></span> <span class='ocrx_word' id='word_1_692' title='bbox 3524 4552 3641 4598; x_wconf 89' lang='lat' dir='ltr'><strong>tum</strong></span> 
     </span>
    </p>
   </div>
   <div class='ocr_carea' id='block_1_97' title="bbox 2075 4638 3645 4724">
    <p class='ocr_par' dir='ltr' id='par_1_97' title="bbox 2075 4638 3645 4724">
     <span class='ocr_line' id='line_1_97' title="bbox 2075 4638 3645 4724; baseline -0.013 -15"><span class='ocrx_word' id='word_1_693' title='bbox 2075 4652 2340 4724; x_wconf 86' lang='lat' dir='ltr'><strong>agebatur</strong></span> <span class='ocrx_word' id='word_1_694' title='bbox 2381 4662 2561 4703; x_wconf 89' lang='lat' dir='ltr'><strong>annus</strong></span> <span class='ocrx_word' id='word_1_695' title='bbox 2603 4644 3030 4702; x_wconf 88' lang='lat' dir='ltr'><strong>trecentesimus</strong></span> <span class='ocrx_word' id='word_1_696' title='bbox 3058 4638 3519 4713; x_wconf 86' lang='lat' dir='ltr'><strong>quadragesimus</strong></span> <span class='ocrx_word' id='word_1_697' title='bbox 3560 4648 3645 4691; x_wconf 89' lang='lat' dir='ltr'><strong>se-</strong></span> 
     </span>
    </p>
   </div>
   <div class='ocr_carea' id='block_1_98' title="bbox 2075 4740 2417 4818">
    <p class='ocr_par' dir='ltr' id='par_1_98' title="bbox 2075 4740 2417 4818">
     <span class='ocr_line' id='line_1_98' title="bbox 2075 4740 2417 4818; baseline 0 -22"><span class='ocrx_word' id='word_1_698' title='bbox 2075 4744 2292 4805; x_wconf 62' lang='lat' dir='ltr'><strong>cundus</strong></span> <span class='ocrx_word' id='word_1_699' title='bbox 2318 4740 2417 4818; x_wconf 72' lang='grc' dir='ltr'><strong>(ὃ).</strong></span> 
     </span>
    </p>
   </div>
   <div class='ocr_carea' id='block_1_99' title="bbox 2145 5102 3392 5248">
    <p class='ocr_par' dir='ltr' id='par_1_99' title="bbox 2145 5102 3392 5248">
     <span class='ocr_line' id='line_1_99' title="bbox 2145 5102 3392 5248; baseline -0.002 -89"><span class='ocrx_word' id='word_1_700' title='bbox 2252 5103 2569 5231; x_wconf 41' lang='lat' dir='ltr'><strong>ignaram</strong></span> <span class='ocrx_word' id='word_1_701' title='bbox 2596 5104 2940 5162; x_wconf 79' lang='lat' dir='ltr'><strong>recentiores</strong></span> <span class='ocrx_word' id='word_1_702' title='bbox 2967 5102 3195 5162; x_wconf 74' lang='lat' dir='ltr'><strong>circiter</strong></span> <span class='ocrx_word' id='word_1_703' title='bbox 3226 5103 3392 5160; x_wconf 64' lang='lat'><strong>43-19.</strong></span> 
     </span>
    </p>
   </div>
  </div>
