3934 6542
426 354 529 419 227

1648 346 2072 425 NieEecht
2115 348 2464 427 CALLtsTI

3584 366 3693 433 9.38

428 483 625 524 tmere.
659 466 836 524 Porro
876 462 1125 527 Eusebio
1165 479 1226 529 et
1253 470 1564 544 Theoguidi
1608 491 1719 540 res,
1750 492 1875 547 quae
1912 478 1989 531 iti-

2099 477 2394 547 δόγμαοτὺ
2448 477 2506 531 δε
2556 452 2795 550 «Jama
2827 480 2943 544 τοῖς
2996 476 3141 559 ἀμφὶ
3179 478 3438 541 eodem
3486 497 3550 533 τε
3601 462 3694 532 καὶ

425 570 709 618 crementa
752 576 852 617 sna
900 563 957 619 in
983 564 1234 622 deterius
1272 567 1602 639 capiebant,
1631 580 1690 626 et
1722 572 1992 640 quotidie,

425 655 826 722 propemodum
858 657 1051 728 magis
1110 658 1396 731 magisque
1452 663 1872 729 excitabantur,
1930 681 1998 721 ex

424 747 698 801 sententia
751 748 1147 817 procedebant.
1182 749 1288 818 Qui
1333 752 1387 807 in
1432 753 1631 823 primis
1675 754 1996 820 studebant,

427 834 478 888 id
529 837 674 905 quod
723 839 1147 896 constituissent
1189 842 1257 897 ad
1305 843 1513 899 exitum
1560 845 1889 915 perducere.
1944 847 1996 903 Id

425 941 558 981 vero
592 938 837 989 erat.'ut
871 946 1042 986 unum
1081 933 1319 1002 aliquem
1356 934 1450 1004 qui
1488 936 1772 1006 opinionis
1803 943 1996 993 eorum

423 1029 605 1085 esset,
649 1022 1040 1083 Alexandrinas
1082 1026 1332 1081 ecclesia:
1368 1028 1716 1085 hierarcham
1751 1032 2000 1101 praeﬁce-

426 1121 574 1167 reut.
611 1112 719 1167 Sed
747 1116 1040 1171 consilium
1077 1132 1271 1173 eorum
1308 1118 1378 1174 ab
1407 1118 1707 1176 Occidente
1738 1138 2001 1179 reversus

426 1205 718 1273 impedivit
749 1207 1104 1276 Athanasius,
1140 1210 1304 1266 unius
1329 1211 1731 1282 Augustorum,
1758 1215 2001 1285 junioris

424 1296 683 1352 videlicet
725 1296 1121 1367 Constantini,
1179 1302 1276 1372 qui
1324 1302 1783 1360 Occidentalibus
1829 1304 2002 1362 Gallis

425 1388 750 1458 imperabat,
783 1391 985 1447 litteris
1016 1393 1220 1449 fretus.
1242 1394 1295 1450 Is
1323 1410 1565 1466 namque
1592 1396 1685 1452 ubi
1719 1400 1999 1469 cognovit,
2032 1448 2033 1453 η

426 1492 630 1548 patrem
660 1484 1161 1554 cognominemque
1187 1500 1375 1549 suum,
1412 1487 1700 1542 Athanasii
1737 1480 1997 1544 exsilium

425 1582 755 1626 testatttcnto
780 1575 1079 1645 abrogasse
1108 1592 1123 1630 :
1154 1576 1338 1631 reditu
1366 1593 1652 1646 concesso,
1680 1590 1740 1634 ut
1762 1582 2003 1638 Alexano

422 1664 598 1717 driam
632 1665 678 1720 is
700 1674 1096 1731 reverteretur,
1127 1670 1370 1725 curavit.
1392 1670 1614 1728 Littera:
1645 1688 1784 1742 quas
1808 1690 1997 1731 secum

420 1756 637 1821 attulit,
685 1756 835 1811 hisce
856 1757 1041 1813 verbis
1076 1762 1294 1830 scriptae
1311 1775 1510 1819 erant:
1548 1783 1565 1816 ι
1601 1765 2001 1824 Constantinus

420 1848 600 1901 Caesar
625 1849 828 1919 populo
860 1850 1145 1907 catholica:
1188 1854 1439 1913 ecclesia:
1469 1858 1993 1917 Alexandrinorum.

420 1943 537 1996 Non
575 1955 708 2013 puto
740 1947 916 2000 sacris
944 1948 1144 2002 animis
1175 1952 1376 2005 vestris
1404 1954 1696 2022 excidisse,
1727 1973 1892 2027 quam
1925 1959 1995 2013 ub

420 2049 641 2088 causam
684 2036 1021 2093 Athanasius
1064 2041 1357 2098 adoranda)
1407 2045 1543 2115 legis
1582 2048 1873 2110 sacerdos,
1925 2050 1992 2105 ad

421 2129 710 2195 tempusin
737 2131 940 2185 Gallias
973 2132 1176 2188 missus
1211 2134 1397 2189 fuerit.
1420 2136 1557 2192 Cum
1594 2141 1990 2213 enimsaugui-

421 2217 701 2271 uariorum
756 2218 1195 2293 infestorumque
1224 2224 1572 2281 inimicorum
1604 2228 1793 2285 feritas
1830 2235 1995 2301 capiti

418 2307 541 2375 ejus
588 2309 651 2361 ad
699 2310 1007 2378 periculum
1050 2314 1357 2370 creandum
1405 2317 1749 2387 immineret,
1785 2332 1852 2376 ne
1900 2334 1998 2393 per

419 2398 798 2471 improborum
850 2404 1271 2472 perversitatem
1329 2417 1641 2465 extremum
1697 2412 1993 2469 discrimen

417 2491 617 2560 adiret,
649 2496 747 2549 sed
775 2505 834 2550 ut
868 2497 1185 2555 humanitas
1209 2517 1273 2557 ca
1308 2503 1651 2570 eluderetur,
1680 2521 1711 2561 e
1746 2508 1997 2565 faucibus

419 2583 793 2655 ingruentium
825 2588 875 2643 ei
915 2589 1163 2647 virorum
1214 2607 1475 2664 ereptus,
1518 2597 1573 2649 in
1621 2596 1830 2653 ditiune
1874 2615 1994 2654 mea

418 2675 608 2731 vivere
652 2677 844 2748 jussus
872 2690 987 2748 est,
1030 2681 1103 2736 ita
1153 2691 1212 2737 ut
1263 2684 1316 2738 in
1361 2700 1425 2740 ea
1474 2699 1583 2756 qua
1625 2698 1877 2745 versatus
1910 2702 1994 2746 est

420 2766 578 2834 urbe,
619 2784 708 2824 res
736 2771 786 2824 ei
823 2777 1153 2830 necessaria:
1186 2792 1383 2833 omnes
1413 2778 1634 2834 abunde
1668 2783 1991 2852 suppedita—

418 2866 561 2912 rent.
593 2858 854 2926 Quamvis
886 2865 1144 2932 praeclara
1174 2867 1299 2936 ejus
1325 2870 1525 2933 virtus,
1558 2870 1751 2926 divino
1780 2872 1987 2928 confisa

415 2950 641 3016 auxilio,
674 2951 913 3009 durioris
947 2956 1180 3010 fortuna:
1210 2975 1403 3028 graves
1433 2975 1709 3016 aerumnas
1745 2967 1985 3019 maxime

416 3041 690 3107 sublevet,
727 3053 893 3115 atque
926 3048 1065 3102 adeo
1103 3058 1447 3107 contemnat.
1484 3054 1650 3125 676
1688 3054 1796 3111 Sed
1839 3058 1988 3111 enim

2108 570 2359 639 Θέογνιν,
2394 573 2485 624 ἐπὶ
2512 572 2573 624 τὸ
2604 574 2787 643 χεῖρον
2830 570 2929 644 τὴν
2972 573 3214 626 ἐπίδοσιν
3242 573 3692 649 προσλαμϐάνον,

2101 664 2198 714 καὶ
2257 663 2609 733 καθεκάστην
2684 664 2758 726 ὡς
2815 665 2991 716 είπεῖν
3055 665 3434 735 ἀναπτόμενον
3467 707 3487 730 ,
3543 661 3691 719 atati

2101 755 2334 826 γνώμην
2386 758 2619 819 ἐκείνοις
2676 758 3016 831 προύχώρει.
3066 759 3174 812 Καί
3223 777 3286 828 γε
3321 762 3410 815 διὰ
3443 764 3691 831 σπουδῆς

2102 843 2248 917 εἴχον
2277 848 2375 900 καὶ
2407 847 2469 899 τὸ
2500 847 2661 912 δόξαν
2690 849 2925 918 ἀγαγεῖν
2952 849 3035 911 είς
3063 850 3257 918 πέρας.
3293 851 3367 906 Τὸ
3394 851 3441 904 δ’
3472 848 3548 923 ἧν
3594 853 3691 904 ἕνα
3741 856 3753 864 ’

2102 938 2211 989 τῶν
2238 937 2561 1008 ὁμοφρόνων
2614 939 2804 1003 αὑτοῖς
2860 943 2927 1011 τῇ
2955 939 3343 1014 Ἀλεξανδρείᾳ
3398 943 3690 1013 ἱεραρχεῖν

2103 1031 2472 1099 καταστῆσαι.
2508 1032 2677 1085 Ἀλλά
2711 1033 2909 1100 φθάνει
2962 1034 3065 1103 τὴν
3106 1033 3305 1104 βουλὴν
3340 1034 3524 1087 αὐτῶν
3569 1034 3690 1086 διε-

2102 1122 2267 1185 λύσας
2327 1126 2392 1176 ἐκ
2450 1124 2552 1194 τῆς
2600 1125 2842 1192 ἑσπέρας
2885 1124 3125 1178 ἐπανιὼν
3174 1122 3523 1192 ’Δθανὰσιος,
3568 1126 3690 1188 ἐνὸς

2102 1214 2213 1268 τῶν
2259 1215 2612 1281 Δὺγούστων,
2642 1214 2738 1268 τοῦ
2772 1217 3039 1287 νεωτέρου
3078 1216 3280 1286 δηλαδὴ
3331 1217 3693 1270 Κωνσταντί·

2106 1325 2228 1372 νου,
2263 1308 2323 1372 ὃς
2352 1309 2462 1362 τῶν
2493 1309 2630 1380 πρὸς
2656 1309 2893 1382 ἑσπέραν
2925 1309 3184 1363 Γαλατῶν
3218 1305 3381 1381 ἦρχε,
3412 1311 3684 1381 γράμμα-

2106 1415 2191 1453 σιν
2228 1400 2596 1471 ὡπλισμένος.
2647 1400 2853 1455 Μαθὼν
2901 1401 3033 1471 γὰρ,
3091 1402 3167 1465 ὡς
3220 1402 3251 1455 ὀ
3296 1400 3481 1473 πατὴρ
3515 1401 3686 1454 αὑτοῦ

2104 1491 2198 1544 καὶ
2236 1491 2530 1560 ὁμώνυμος
2581 1492 2683 1564 τὴν
2729 1493 2951 1564 ἐξορὶαν
2995 1496 3116 1557 ταῖς
3162 1492 3451 1563 διαθήκαις
3475 1492 3684 1557 ἀνεῖλε,

2104 1583 2203 1653 τὴν
2234 1585 2462 1638 κάθοδον
2517 1586 2667 1657 αὑτῷ
2723 1587 3063 1658 ἐπιτρέψας,
3114 1587 3215 1667 τὴν
3262 1584 3687 1654 Ἀλεξάνδρειαν

2105 1678 2432 1732 καταλαϐεῖν
2482 1679 2923 1750 παρεσκεύαζεν.
2991 1681 3059 1733 "A
3128 1679 3173 1734 δ’
3229 1674 3327 1733 οὗν
3378 1679 3688 1764 ἐπεφέρετο

2107 1768 2439 1837 γράμματα,
2475 1769 2650 1833 οὑτως
2695 1771 2788 1822 ἐπὶ
2822 1770 3022 1834 λέξεως
3059 1765 3205 1839 εἶχον
3227 1782 3244 1798 ⁸
3279 1788 3298 1822 ι
3336 1769 3687 1822 Κωνσταντῖ-

2105 1850 2198 1922 νος
2249 1861 2467 1929 Καῖσαρ
2540 1861 2617 1930 τῷ
2670 1860 2784 1931 λαῷ
2832 1861 2935 1930 τῆς
2985 1860 3286 1930 καθολικῆς
3349 1858 3687 1928 Ἐκκλησίας

2104 1952 2534 2024 Ἀλεξανδρέων.
2596 1955 2733 2009 Οὑδέ
2788 1956 2891 2023 τῆς
2953 1955 3230 2026 ὑμετέρας
3281 1955 3435 2023 ἱερᾶς
3468 1952 3688 2014 ἐννοίας

2102 2044 2552 2113 ἀποπεφευγέναι
2593 2046 2694 2118 τὴν
2734 2047 2938 2114 γνῶσιν
2971 2043 3149 2116 οἶμαι,
3188 2045 3275 2100 διὰ
3312 2045 3366 2098 τί
3399 2046 3492 2099 τὸν
3519 2043 3687 2096 Ἀθα-

2100 2138 2289 2191 νάσιον
2315 2141 2408 2192 τὸν
2454 2140 2550 2193 τοῦ
2587 2140 2973 2209 προσκυνητοῦ
3017 2140 3189 2210 νόμου
3226 2139 3513 2209 ὑποφήτην
3542 2138 3687 2206 πρὸς

2103 2232 2295 2301 καιρὸν
2345 2233 2425 2295 είς
2475 2232 2571 2295 τὰς
2620 2231 2855 2295 Γαλλίας
2907 2231 3250 2287 ἀπεστάλθαι
3286 2230 3553 2298 ἐγεγόνει·
3594 2230 3685 2282 ἵνα

2099 2325 2286 2395 ἐπειδὴ
2325 2326 2356 2395 ή
2393 2325 2658 2395 ἁγριότηε
2693 2324 2804 2377 τῶν
2835 2324 3149 2395 αίμοῦόρων
3189 2324 3356 2391 αὑτοῦ
3383 2323 3478 2377 καὶ
3518 2321 3684 2376 πολε-ί

2104 2419 2242 2487 ρίων
2288 2419 2502 2491 ἐχθρῶν
2534 2420 2614 2482 είς
2646 2418 2897 2472 κίνδυνον
2926 2419 3025 2488 τῆς
3054 2420 3207 2495 ίερᾶς
3236 2419 3402 2471 αὐτοῦ
3431 2417 3681 2486 κεφαλῆς

2100 2512 2361 2580 ἐπέμενε,
2401 2510 2478 2580 μὴ
2523 2511 2631 2581 ἄρα
2687 2511 2780 2566 διὰ
2819 2512 2925 2582 τῆς
2955 2513 3064 2565 τῶν
3092 2513 3314 2580 φαύλων
3340 2509 3681 2581 διαστροφῆς

2099 2603 2377 2672 ἀνήκεστα
2410 2604 2646 2687 ὑποστή·
2679 2604 2814 2674 πρὸς
2840 2605 2900 2657 τὸ
2920 2603 3208 2670 διαπαίξαι
3235 2604 3416 2657 τοῖνυν
3446 2602 3677 2670 ταύτην,

2098 2695 2362 2765 ἀφῃρέθη
2408 2694 2524 2747 ’τῶν
2571 2695 2885 2766 φαράγγων
2950 2690 3081 2750 τῶν
3112 2695 3479 2766 ἐπικειμένων
3525 2694 3680 2764 αὐτῷ

2096 2786 2328 2855 ἀνδρῶν,
2370 2790 2465 2841 καὶ⁵
2496 2787 2589 2841 ὑπ’
2645 2788 2774 2858 ἐμοὶ
2829 2788 3043 2857 διάγειν
3098 2788 3453 2843 κεκέλευσται
3490 2780 3675 2848 οὗτος.

2096 2880 2173 2940 ὡς
2218 2879 2278 2933 ἐν
2309 2879 2482 2950 ταύτῃ
2530 2882 2597 2951 τῇ
2655 2880 2811 2934 πόλει
2874 2875 2997 2954 ἐνῇ
3049 2880 3312 2951 διέτριϐε,
3369 2882 3507 2934 πᾶσι
3559 2883 3677 2938 τοῖς

2096 2972 2421 3039 ἀναγκαίοις
2454 2973 2857 3044 ἔμπλεονάζειν
2879 2991 2894 3007 ο
2928 2976 2977 3028 εἰ
3008 2976 3104 3028 καὶ
3134 2976 3203 3027 τὰ
3234 2974 3467 3044 μάλιστα
3505 2971 3673 3027 αὑτοῦ

2098 3060 2133 3131 η
2162 3060 2412 3131 ἀοίδιμος
2448 3062 2620 3133 ἀρετῆ
2657 3066 2778 3126 ταῖς
2811 3063 2987 3128 Θείαις
3033 3046 3327 3117 πεποιθυῖα
3373 3062 3671 3133 βοηθείαις,

414 3137 629 3190 tametsi
662 3137 927 3194 dominus
969 3151 1161 3197 noster
1193 3142 1371 3199 beata:
1405 3149 1689 3201 memoria:
1715 3148 1989 3204 Constan-

2096 3156 2190 3210 καὶ
2215 3157 2287 3210 τὰ
2324 3157 2423 3226 τῆς
2456 3158 2796 3230 τραχυτέρας
2841 3157 3013 3229 τύχης
3051 3159 3193 3229 ἄχθη
3226 3158 3517 3226 ἐξουθενεί.
3546 3158 3673 3212 Τοι-

415 3229 561 3282 tinus
608 3230 921 3299 Augustus,
975 3243 1129 3301 pater
1168 3250 1363 3302 meus,
1406 3238 1726 3310 episcopum
1758 3240 1907 3297 hunc
1934 3242 1987 3296 in

413 3320 594 3374 locum
640 3338 801 3375 suum
835 3325 979 3395 apud
1030 3327 1412 3396 gravissimam
1448 3330 1711 3400 pietatem
1746 3343 1986 3388 vestram

414 3415 714 3470 restituere
741 3419 1092 3473 constituerit
1116 3436 1129 3472 :
1158 3428 1337 3475 tamen
1366 3433 1721 3494 posteaquam
1748 3425 1988 3481 humana

414 3518 565 3561 sorte
613 3518 931 3577 prmventus
980 3510 1137 3580 prius
1183 3512 1556 3581 obdormivit,
1589 3532 1756 3586 quam
1801 3527 1988 3572 votum

411 3615 572 3652 suum
611 3601 927 3670 impleverit
956 3622 968 3658 :
1006 3606 1309 3661 convenire
1343 3608 1476 3661 tuihi
1511 3608 1687 3663 visum
1717 3618 1827 3675 est,
1861 3626 1991 3664 con-

412 3688 598 3743 silium
635 3691 836 3747 divina:
878 3695 1286 3751 recordationis
1321 3695 1694 3769 imperatoris,
1728 3716 1827 3777 per
1862 3718 1991 3757 suc-

411 3779 719 3836 cessionem
754 3784 821 3838 ad
856 3799 944 3840 me
977 3786 1364 3843 transmissum
1389 3829 1403 3855 ,
1442 3792 1730 3860 perlicere.
1766 3793 1869 3860 Qui
1905 3797 1991 3848 vir

412 3872 503 3928 ubi
541 3874 594 3928 iu
626 3886 985 3946 conspectum
1018 3887 1266 3935 vestrum
1299 3884 1539 3948 venerit,
1576 3901 1683 3956 qua
1716 3888 1861 3958 apud
1898 3906 1987 3944 ine

408 3977 671 4035 acceptus
716 3969 882 4023 fuerit
931 3972 1322 4040 veneratione,
1365 3977 1736 4046 cognoscetis.
1786 3978 1978 4050 Neque

409 4058 548 4111 adeo
593 4059 908 4115 mirandum
954 4073 1074 4130 est,
1117 4064 1162 4119 si
1196 4065 1329 4135 quid
1363 4083 1392 4120 a
1427 4083 1512 4123 me
1556 4083 1657 4139 pro
1695 4084 1763 4125 eo
1791 4082 1873 4126 est
1909 4073 1985 4127 fa-

409 4157 583 4201 ctum.
619 4150 880 4206 Animum
926 4168 1167 4225 namque
1201 4172 1384 4211 tneum
1424 4158 1490 4212 ad
1541 4158 1595 4213 id
1619 4201 1633 4225 ,
1664 4175 1805 4215 cum
1843 4162 1987 4217 desi-

408 4241 549 4294 derii
586 4243 753 4298 vestri
784 4243 980 4314 facies,
1019 4256 1136 4302 tum
1165 4250 1300 4305 tanti
1343 4250 1450 4305 viri
1480 4253 1696 4321 species
1729 4254 1900 4308 movit
1929 4266 1985 4310 et

409 4334 695 4389 excitavit.
728 4334 917 4391 Divina
946 4340 1295 4408 providentia
1323 4358 1421 4398 vos
1445 4352 1759 4409 conservet,
1786 4346 1988 4401 fratres

408 4424 615 4480 dilecti.
658 4444 677 4477 ι
726 4426 1044 4485 Secundum
1110 4433 1275 4490 hasCe
1305 4437 1552 4502 litteras,
1609 4439 1858 4503 suaviter
1915 4441 1983 4495 ab

409 4516 803 4576 Alexandrinis
831 4534 1127 4594 susceptus
1157 4528 1511 4605 Athanasius,
1542 4529 1758 4602 Egypti
1800 4534 1981 4588 eccle-
2016 4525 2056 4579 υ

410 4612 524 4662 sias
573 4610 1003 4669 administravit.
1057 4618 1326 4673 Eusebius
1370 4637 1501 4676 vero
1554 4631 1814 4693 tanquam
1873 4628 1982 4683 telo

407 4699 692 4768 quopiam,
735 4703 815 4758 sic
850 4706 1029 4761 reditu
1072 4709 1222 4766 illius
1253 4712 1397 4769 ictus
1419 4754 1433 4778 ,
1468 4719 1848 4787 sycophantiis
1879 4737 1982 4792 ορο

410 4806 652 4859 pugnare
699 4810 825 4850 eum
860 4814 1088 4868 rursus,
1124 4813 1181 4859 et
1215 4820 1329 4859 rem
1378 4806 1444 4861 ad
1494 4809 1825 4867 seditionem
1859 4829 1984 4883 per-

406 4879 615 4936 ducere
648 4892 732 4939 est
757 4896 1057 4956 aggressus
1081 4933 1097 4956 ,
1138 4895 1531 4966 negotiumque
1562 4899 1701 4954 adeo
1734 4901 1784 4956 ei
1822 4903 1983 4959 novis

404 4971 701 5027 calumniis
751 4976 1029 5032 exhibuit.
1079 4978 1230 5035 Citra
1293 4998 1503 5039 moram
1553 4990 1701 5042 enim
1755 5005 1976 5047 omnem

405 5062 739 5132 imperatore
783 5067 972 5134 adito,
1012 5071 1166 5126 illum
1217 5083 1270 5128 ut
1320 5076 1501 5131 virum
1535 5080 1883 5148 seditiosum,
1923 5095 1981 5140 et

403 5156 496 5222 qui
534 5156 943 5215 eecleSiasticas
985 5165 1413 5223 constitutiones
1451 5171 1820 5245 ordinemque
1856 5184 1979 5229 tur-

404 5244 580 5311 barit,
625 5264 689 5303 ac
732 5252 875 5306 citra
908 5255 1299 5328 episcoporum
1341 5265 1673 5320 sententiam
1719 5267 1822 5323 sibi
1872 5268 1976 5338 ipsi

404 5336 715 5406 ingressum
753 5343 804 5397 in
837 5347 1127 5403 ecclesiam
1166 5354 1479 5423 usurparit,
1513 5355 1732 5413 detulit.
1769 5336 1978 5416 Tanto.

401 5444 532 5498 pere
561 5441 713 5488 certe
744 5434 1135 5505 imperatorem
1170 5447 1464 5514 permovit,
1497 5458 1557 5503 ut
1586 5450 1739 5529 illum
1777 5468 1974 5508 rursus

402 5519 532 5573 sede
558 5522 860 5593 episcopali
892 5527 1203 5587 deturbarit
1227 5576 1242 5600 ,
1274 5536 1438 5591 sicuti
1481 5519 1669 5610 postea
1702 5542 1971 5602 dicemus.

400 5608 478 5662 Eo
507 5618 752 5708 tempore
777 5616 1052 5677 Eusebius
1082 5638 1301 5695 quoque
1355 5630 1448 5700 qui
1478 5608 1743 5704 l’amphili
1770 5652 1972 5708 cogno-

401 5716 524 5755 men
565 5707 796 5764 sortitus
827 5711 1027 5779 fuerat,
1066 5716 1227 5773 simul
1259 5731 1315 5775 et
1345 5723 1649 5796 episcopali
1687 5707 1971 5784 functione

2094 3249 2302 3320 γαροῦν
2328 3251 2378 3304 εἰ
2420 3251 2511 3304 καὶ
2552 3251 2621 3304 τὰ
2669 3250 2910 3322 μάλιστα
2950 3252 3090 3322 πρὸς
3118 3254 3221 3324 τὴν
3269 3253 3672 3323 προσφιλεστέ-

2091 3356 2193 3410 την
2240 3340 2397 3410 ὑμῶν
2436 3340 2755 3395 θεοσέϐειαν
2805 3342 2835 3395 ὁ
2884 3342 3156 3412 δεσπότης
3187 3342 3344 3414 ἡμῶν
3381 3345 3409 3398 ὁ
3436 3343 3533 3412 τῆς
3568 3362 3673 3412 μα-

2096 3434 2294 3505 καρίας
2331 3435 2553 3505 μνήμης
2589 3437 3023 3501 Κωνσταντῖνος,
3059 3438 3155 3490 καὶ
3186 3433 3450 3500 σεδαστὺς
3481 3438 3507 3489 6
3537 3436 3676 3506 ἐμ¹ς

2095 3527 2300 3597 πατὴρ,
2345 3526 2436 3579 τὸν
2478 3528 2643 3582 αὑτὸν
2689 3528 2990 3583 ἐπίσκοπον
3020 3528 3098 3599 τῷ
3146 3528 3266 3599 ίδίῳ
3307 3528 3460 3600 τόπῳ
3486 3545 3670 3600 mpu-

2094 3620 2245 3688 σχεῖν
2295 3615 2617 3690 προῄρητοο
2674 3621 2824 3690 ὅμως
2878 3619 3072 3694 ἐπειδὴ
3123 3621 3452 3693 ἀνθρωπίνῳ
3478 3622 3669 3694 κλήρῳ

2078 3711 2457 3781 προληφθεὶς,
2499 3712 2606 3784 πρὸ
2640 3712 2736 3765 τοῦ
2777 3714 2877 3784 τὴν
2902 3713 3067 3785 εὐχὴν
3111 3714 3397 3787 πληρῶσαι
3431 3717 3670 3769 ἀνεπαὺέ

2094 3818 2254 3865 cato,
2284 3802 2584 3856 ἀκόλουθον
2632 3804 2933 3876 ἡγησάμην
2960 3804 3060 3877 τὴν
3094 3809 3540 3887 προαίρεσιν.τοῦ
3569 3811 3668 3879 τῆς

2092 3893 2244 3954 θείας
2304 3894 2527 3963 μνήμης
2576 3894 2848 3964 βασιλέως
2901 3897 3291 3970 διαδεξάμενος
3342 3900 3661 3972 πληρῶσαι.

2092 3984 2283 4049 Ὅστις
2341 3985 2562 4039 ιπειδὰν
2621 3987 2721 4057 τῆς
2782 3989 3060 4059 ὑμετέρας
3107 3991 3249 4065 τύχῃ
3299 3994 3665 4063 προσόψεως,

2089 4075 2222 4143 ὅσης
2249 4074 2433 4139 αἰδοῦς
2461 4077 2593 4147 παρ’
2618 4076 2752 4147 ἐμοῦ
2784 4079 3053 4151 τετύχηκε
3097 4082 3396 4150 γνώσεσθε.
3434 4085 3509 4138 οὑ
3555 4086 3666 4157 γὰρ

2091 4164 2409 4236 θαυμαστὸν
2452 4168 2505 4221 εί
2546 4186 2602 4223 τι
2652 4169 2700 4224 δ’
2753 4172 2820 4225 ἂν
2865 4172 3008 4243 ὑπὲρ
3038 4174 3207 4228 αὑτοῦ
3241 4177 3541 4245 πεποίηκα·
3573 4183 3666 4235 καὶ

2089 4257 2202 4329 γὰρ
2233 4258 2334 4329 τὴν
2372 4259 2513 4330 ἐμὴν
2545 4261 2726 4333 ψυχὴν
2778 4263 2814 4334 ἥ
2860 4282 2920 4317 τε
2960 4266 3053 4320 τοῦ
3087 4269 3359 4341 ὑμετέρου
3392 4271 3558 4325 πόθου
3589 4277 3665 4327 εί-

2090 4351 2223 4418 κὼν,
2258 4352 2353 4407 καὶ
2399 4352 2462 4407 τὸ
2519 4355 2845 4427 τηλικούτου
2895 4359 3089 4431 ἀνδρὸς
3146 4366 3354 4435 σχῆμα,
3398 4368 3479 4432 είς
3507 4370 3663 4423 τοῦτο

2089 4443 2260 4497 ἐκίνει
2306 4445 2401 4499 καὶ
2451 4448 2813 4519 προέτρεπεν.
2858 4451 2921 4505 Ἦ
2960 4452 3080 4508 θεία
3108 4457 3337 4529 πρόνοια
3370 4460 3514 4533 ὑμᾶς
3545 4463 3661 4518 διαςι

2083 4535 2332 4605 φυλάξοι,
2366 4537 2587 4608 ἀδελφοὶ
2616 4542 2912 4614 ἀγαπητοί.
2946 4563 2965 4598 ι
3010 4548 3168 4602 Κατά
3206 4549 3271 4622 δή
3300 4551 3400 4624 τὴν
3443 4560 3662 4626 γραφὴν

2085 4631 2292 4698 ταύτην
2328 4631 2499 4701 ἡδέως
2540 4635 2691 4702 παρὰ
2740 4639 2853 4699 τοῖς
2878 4638 3329 4711 Ἀλεξανδρεῦσιν
3357 4648 3656 4717 εἰσδεχοεὶς

2086 4721 2431 4788 Ἀθανέισιο;,
2473 4724 2572 4787 τὰς
2616 4726 2741 4779 κατ’
2770 4727 3051 4797 Αἴγυπτον
3088 4734 3390 4808 ἐκκλησίας
3429 4739 3656 4795 διεῖπεν.

2084 4812 2148 4868 OE
2179 4813 2233 4866 δὲ
2259 4829 2325 4866 πε
2339 4816 2390 4885 pi.
2424 4816 2708 4883 Εὐσέϐιον,
2736 4813 2827 4875 οἵά
2856 4839 2960 4875 τινι
2990 4823 3138 4895 βέλει
3171 4831 3237 4899 τῇ
3272 4831 3487 4903 καθόδῳ
3514 4822 3658 4888 ἐκεῖ·

2082 4920 2177 4956 νου
2227 4904 2571 4975 πληγέντες,
2632 4909 2945 4967 διαϐάλλειν
2996 4916 3157 4982 αὖθις
3208 4923 3302 4974 καὶ
3344 4927 3657 4990 στασιάζειν

2082 4993 2428 5065 ἐπεχείρουν,
2467 5000 2565 5053 καὶ
2613 5002 2920 5073 πράγματα
2950 5012 3214 5080 παρεῖχον
3243 5014 3449 5086 ἑτέρων
3475 5018 3656 5072 διαϐο-

2080 5081 2211 5137 λῶν.
2252 5084 2420 5137 Ὅσον
2457 5088 2568 5155 γὰρ
2613 5085 2775 5160 τάχος
2830 5093 2888 5158 ἐς
2939 5094 3167 5165 βασιλέα
3215 5081 3551 5169 φοιτῶντες,
3579 5108 3653 5172 ὡς

2082 5175 2355 5248 στασιώδη
2416 5180 2707 5263 διέϐαλον,
2760 5188 2860 5240 καὶ
2909 5189 2986 5252 ὡς
3035 5192 3136 5263 τὴν
3187 5196 3653 5274 ἐκκλησιαστικὴν

2079 5268 2240 5330 τάξιν
2289 5272 2613 5340 συγχέοντα.
2671 5276 2809 5348 Λίχα
2885 5279 2997 5352 γάρ
3055 5282 3283 5356 γνώμης
3338 5268 3653 5347 ἐπισκόπων

2079 5360 2259 5430 ἐαυτῷ
2285 5361 2383 5433 τὴν
2415 5366 2510 5419 ἐπὶ
2534 5368 2604 5437 τῇ
2636 5370 2905 5442 ἐκκλησία
2939 5375 3241 5446 ἐπέτρεψεν
3271 5379 3498 5437 είσοδον.
3532 5386 3655 5437 Ἐπὶ

2076 5456 2234 5508 τόσον
2266 5455 2325 5509 δὲ
2374 5457 2468 5511 τὸν
2526 5459 2753 5535 βασιλέα
2806 5466 3095 5536 ἠρέθισαν,
3152 5470 3227 5535 ὡς
3283 5475 3453 5527 αὑτὸν
3495 5474 3651 5542 αὖθις

2077 5548 2355 5603 ἀπελάσαι
2391 5552 2484 5606 τοῦ
2519 5555 2737 5624 θρόνου,
2769 5557 2843 5622 ὡς
2870 5562 3072 5617 αὐτίκα
3094 5563 3162 5635 δὴ
3201 5566 3347 5635 μάλα
3386 5570 3648 5641 ἐροῦμεν.

2075 5639 2399 5709 Τηνικαῦτα
2431 5645 2487 5699 δὲ
2525 5649 2621 5701 καὶ
2670 5650 2931 5716 Εὐσέϐιος
2963 5651 3022 5718 ὃς
3048 5656 3149 5726 τὴν
3177 5657 3467 5730 Παμφίλου
3510 5639 3652 5718 ἐπω-

2076 5733 2277 5802 νυμίαν
2308 5737 2657 5808 κεκλήρωτο,
2689 5741 2788 5823 τῂν
2836 5746 2896 5799 ἐν
2953 5748 3261 5823 καισαρείᾳ
3308 5753 3407 5821 τῆς
3446 5754 3651 5811 Παλαι-
