3934 6598
198 496 281 568 933

1068 472 1673 549 ECCLESIASTIC/E
1713 466 2100 539 lliSTOleE
2142 462 2283 539 Lm.
2326 463 2429 537 1X.

3271 461 3376 532 234

193 634 278 687 μης
321 610 629 669 ἐπίσκοπος,
674 601 893 663 ἰοὸλιος
951 599 1105 661 οὗτος
1159 593 1262 670 ἦν,
1321 592 1701 687 διαδεξάμενος
1728 608 1746 654 Α

1848 601 2007 646 iceret
2043 607 2056 645 :
2092 590 2255 645 sicuti
2284 597 2468 652 antea,
2495 601 2615 642 cum
2653 585 2860 639 invitus
2893 576 3055 638 etiam
3088 578 3373 639 Athanasii

189 676 471 771 έίλδεστρον,
498 700 564 767 τῇ
594 695 800 761 συνόδῳ
826 693 1224 763 ἐπεχωρίασεν,
1250 688 1373 742 οὔτε
1399 686 1466 740 δι’
1490 676 1715 749 ἑαυτοῦ,Δ

189 798 288 852 οὕτε
315 795 406 864 μὴν
428 789 512 843 διά
536 805 679 850 τινος
706 786 801 839 τδν
827 784 1038 838 ἐκείνου
1063 783 1229 836 τόπον
1256 782 1549 849 ἐπέχοντος
1573 793 1587 807 ⁸
1617 777 1712 830 καὶ

190 889 327 942 ταῦτα
354 882 560 943 κανόνος
591 877 942 943 θεσπίζοντος
972 869 1457 943 ὲκκλησιαστικοῦ,
1497 867 1572 938 μὴ
1602 866 1712 919 δεῖν

193 979 301 1035 εἶναι
322 976 523 1046 γνώμης
551 973 681 1026 ἄνευ
712 970 805 1025 τοῦ
842 968 1131 1036 Ῥωμαίων
1156 963 1463 1035 ἡγουμένου
1492 960 1593 1023 τὰς
1625 961 1717 1012 ὲκ-

193 1069 377 1137 siquia;
407 1061 692 1124 συνοδικῶς
725 1058 1128 1121 κανονίξεσθαι.
1167 1054 1308 1109 Ἀλλ’
1331 1052 1452 1106 οὐδὲ
1479 1052 1592 1104 τῶν
1623 1050 1717 1104 ἄλ-

194 1164 280 1214 λων
305 1155 495 1211 Ἰταλῶν
522 1155 554 1223 ἢ
585 1152 696 1205 τῶν
723 1153 979 1204 ἐπέκεινα
1010 1148 1302 1217 Ῥωμαίων
1329 1145 1505 1206 οὐδεὶς
1536 1145 1713 1196 ὲκεῖσε

196 1249 400 1316 συνῆλθε.
434 1245 682 1315 Πέμπτον
715 1241 877 1294 τοῦτο
917 1237 986 1310 ἦν
1020 1239 1128 1292 ἀπὸ
1162 1238 1259 1305 τῆς
1302 1234 1717 1289 Κωνσταντίνου

195 1341 402 1407 τελευτῆς
430 1337 565 1400 ἔτος,
597 1336 692 1387 καὶ
718 1335 751 1403 ἡ
784 1332 1005 1394 σύνοδος
1030 1329 1124 1383 τοῦ
1157 1327 1424 1399 βασιλέως
1451 1326 1720 1395 παρόντος

200 1432 541 1502 συνεκροτεῖτο.
577 1428 842 1498 ᾝτιῶντο
872 1424 930 1477 δὲ
954 1424 1003 1476 οἱ
1036 1424 1167 1491 περὶ
1197 1421 1460 1474 Εὐσέϐιον
1495 1417 1722 1473 Ἀθανά-

198 1541 310 1585 σιον,
338 1521 405 1584 ὡς
443 1519 678 1589 θεσμοὺς
719 1514 1211 1586 ἐκκλησιαστικοὺς
1251 1511 1545 1583 παραλύοι.
1585 1512 1722 1580 Πρὶν

197 1614 281 1685 γὰρ
321 1611 633 1682 ἐπιτραπείη
691 1607 1016 1669 συνοδικῶς,
1069 1606 1161 1659 τὸν
1212 1605 1404 1674 θρόνον
1454 1602 1720 1657 ἀνέλαδεο

200 1705 367 1765 πολλοῖς
396 1704 449 1755 δὲ
479 1703 575 1755 καὶ
610 1701 844 1754 θάνατον
879 1697 1213 1768 προξενῆσαι
1234 1737 1250 1763 ,
1289 1696 1531 1754 στάσεως
1566 1695 1623 1746 ὲν
1657 1695 1722 1763 τῇ

198 1798 350 1865 εἰσόδῳ
377 1792 668 1863 γενομένης
702 1792 872 1845 αὐτοῦ
896 1806 911 1824 ο
942 1785 1019 1843 ὧν
1048 1790 1096 1841 οί
1133 1787 1232 1857 μὲν
1264 1787 1640 1861 ἀνῃρέθησαν,
1675 1786 1725 1836 oi

198 1891 233 1943 δ’
258 1887 595 1957 ὲζημίωνται,
652 1883 941 1952 δικαστικῇ
1002 1879 1248 1945 ἐξετάσει
1303 1876 1724 1948 παραδοθέντες.

982 1932 1300 2023 Ἀθανασίου
1336 1932 1728 2035 ὲέυφανθείσης
1757 1932 1803 1991 Β

200 2070 435 2137 δισδσλῆς,
467 2066 687 2139 πρῶτον
716 2065 818 2135 μὲν
846 2061 1136 2127 Εὑσέϐιον,
1167 2061 1225 2124 ὃς
1255 2057 1533 2128 ἐπεκλήθη
1570 2057 1731 2125 Ἐμε-

203 2164 345 2234 σηνδς,
364 2164 435 2224 είς
460 2162 559 2232 τὴν
583 2157 937 2227 Ἀλεξάνδρου
960 2154 1314 2224 ψηφίζονται,
1337 2151 1465 2221 περὶ
1490 2148 1549 2201 οῦ
1577 2146 1733 2200 ὕστε-

204 2273 275 2324 ρον
299 2253 511 2325 ἐροῦμεν
536 2268 550 2282 ’
588 2250 871 2311 δείσαντος
908 2247 952 2301 δ’
980 2247 1192 2300 ἐκείνου
1228 2246 1327 2314 τὴν
1361 2244 1439 2306 είς
1477 2240 1728 2304 Ἀλεξάνο

204 2345 350 2417 ερειαν
379 2345 586 2414 ἄφιξιν,
622 2342 927 2414 Γρηγόριον
962 2338 1315 2410 ἐψηφίσαντο.
1357 2331 1489 2388 Εἶτα
1522 2333 1600 2396 είς
1633 2331 1733 2401 τὴν

203 2438 274 2491 τοῦ
298 2438 544 2507 δόγματος
577 2436 811 2505 ζήτησιν
844 2432 1091 2493 ἐλθόντες
1111 2468 1126 2492 ,
1158 2429 1310 2481 οὐδὲν
1340 2423 1485 2497 εἴχον
1516 2422 1735 2495 μέμψα-

204 2529 302 2584 σθαι
324 2529 423 2581 τῶν
451 2531 508 2581 ὲν
537 2526 744 2597 Νικαίᾳ
776 2525 1134 2596 πραχθέντων
1162 2539 1175 2552 ·
1204 2519 1387 2591 χώραν
1415 2536 1478 2587 γε
1514 2519 1620 2589 μὴν
1649 2518 1735 2569 δε-

204 2621 370 2675 δώκασι
410 2620 622 2682 πυκνὰς
666 2618 919 2681 συνόδους
960 2617 1164 2677 ποιεῖν,
1208 2616 1303 2667 καὶ
1344 2612 1537 2673 ἄλλους
1577 2611 1736 2680 ὅρους

205 2715 399 2773 πίστεως
422 2711 709 2783 ἀγορεύειν
730 2726 745 2741 ο
774 2710 848 2774 ὡς
873 2712 939 2779 τῇ
969 2707 1114 2761 κατὰ
1156 2709 1352 2775 μικρὸν
1391 2703 1738 2772 ὑπεξαλλαγῇ

202 2806 351 2874 ἡρέμα
392 2806 470 2868 είς
517 2803 612 2857 τὸν
651 2799 992 2872 Ἀρειανικδν
1042 2797 1202 2868 βυθὸν
1251 2797 1538 2866 ἐμπεσεῖν.
1580 2794 1741 2846 Ἀλλὰ

204 2893 344 2946 ταῦτα
379 2894 473 2963 μὲν
502 2892 650 2954 ὅπως
681 2890 930 2958 ἐγένετο,
964 2886 1300 2956 σαφέστερον
1334 2885 1365 2953 ἡ
1401 2882 1612 2952 ἱστορίᾳ
1643 2881 1740 2951 δη-

204 2983 373 3037 λώσειο
419 2985 453 3039 ἃ
502 2986 546 3038 δ’
572 2983 821 3052 ἔγραψαν
866 2982 979 3043 τοῖς
1032 2978 1172 3032 κατὰ
1222 2975 1374 3030 πόλιν
1419 2975 1744 3034 ἐπισκόποις

208 3070 318 3145 ἦσαν
344 3076 506 3129 ταῦτα
528 3092 542 3107 ·
578 3093 599 3126 ί
643 3074 840 3144 Ὶὶμεῖς
869 3070 991 3123 οὔτε
1024 3067 1311 3123 ἀκόλουθοι
1340 3066 1552 3136 Ἀρείου
1585 3063 1744 3132 γεγόο

205 3184 384 3237 ναμεν’
433 3168 548 3232 πῶς
596 3168 706 3238 γὰρ
757 3166 1044 3219 ἐπίσκοποι
1096 3163 1250 3223 ὀντες
1303 3158 1743 3228 ἀκολουθήσομεν

208 3262 555 3331 πρεσϐυτέρως
597 3259 722 3313 οὔτε
762 3258 929 3327 ἄλλην
963 3254 1088 3309 τινὰ
1128 3254 1312 3305 πίστιν
1355 3249 1507 3319 παρὰ
1547 3250 1645 3314 τὴν
1686 3246 1746 3309 ἐξ

206 3352 355 3423 ἀρχῆς
387 3355 702 3406 ἐκτεθείσαν
735 3348 1060 3417 ἐδεξάμεθα.
1102 3345 1265 3398 Ἀλλὰ
1300 3343 1392 3396 καὶ
1428 3341 1586 3411 ἡμεῖς
1621 3338 1741 3404 ἐξε.

208 3448 372 3499 τασταὶ
399 3449 488 3500 καὶ
512 3443 840 3515 δοκιμασταὶ
859 3443 958 3511 τῆς
986 3440 1224 3502 πίστεως
1249 3435 1417 3491 αὑτοῦ
1442 3434 1743 3504 γενόμενοι,

212 3537 379 3604 μᾶλλον
419 3537 576 3591 αὐτὸν
621 3533 1040 3606 προσηκάμεθα,
1082 3532 1230 3601 ἥπερ
1270 3527 1745 3599 ὴκολουθήσαμεν.

211 3629 299 3680 Καὶ
336 3629 597 3696 γνώσεσοε
644 3631 752 3682 ἀπο
796 3628 901 3681 τῶν
945 3624 1295 3692 λεγομένωνο
1347 3621 1749 3689 μεμαθήκαμεν

211 3724 299 3790 γάρ
324 3723 375 3785 ἐξ
403 3722 594 3792 ἀρχῆς,
622 3722 701 3784 εἰς
734 3721 831 3774 ἕνα
860 3718 991 3771 Θεὸν
1023 3718 1117 3769 τὸν
1145 3719 1253 3769 τῶν
1282 3716 1420 3768 ὅλων
1451 3710 1747 3783 πιστεύειν,

213 3816 287 3865 τὸν
315 3816 515 3868 πάντων
548 3811 759 3882 νοητῶν
789 3828 849 3864 τε
886 3812 979 3864 καὶ
1015 3808 1290 3876 αίσθητῶν
1323 3804 1654 3876 δημιουργόν
1690 3819 1749 3853 τε

215 3908 293 3960 καὶ
325 3908 618 3978 προνοητήν
644 3921 658 3934 ο
707 3904 803 3957 καὶ
848 3905 925 3966 εἰς,
967 3904 1062 3956 ἕνα
1109 3901 1236 3953 Υίὸν
1262 3899 1370 3951 τοῦ
1414 3896 1549 3950 Θεοῦ
1601 3910 1757 3963 povo-

216 4000 344 4067 γενῆ,
371 4000 469 4070 πρὸ
501 4000 718 4052 πάντων
748 3995 855 4050 τῶν
890 3995 1102 4049 αἰώνων
1133 3995 1469 4065 ὑπάρχοντα,
1502 3993 1595 4045 καὶ
1630 4007 1754 4042 σνν-

217 4089 321 4143 6ντα
358 4092 430 4161 τῷ
477 4090 832 4161 γεγεννηκότι
879 4088 1045 4141 etiam}
1093 4089 1289 4159 Πατρὶ,
1336 4087 1404 4139 δι’
1447 4080 1508 4138 οὗ
1549 4087 1646 4138 καὶ
1689 4085 1757 4138 τὰ

220 4184 364 4234 πάντα
387 4187 594 4250 ἐγένετο
619 4184 688 4235 τὰ
709 4182 883 4251 ὁρατὰ
906 4182 1000 4235 καὶ⁸
1023 4181 1229 4252 ἀόρατα
1250 4195 1264 4209 ·
1290 4181 1383 4233 τὸν
1404 4180 1492 4232 ἐπ’
1510 4179 1754 4247 ἐσχάτων

218 4271 308 4323 τῶν
338 4274 545 4343 ἡμερῶν
584 4271 711 4326 κατ’
735 4271 985 4323 εὐδοκίαν
1019 4271 1112 4323 τοῦ
1154 4271 1366 4338 Πατρὸς
1401 4269 1752 4333 κατελθόντα,

221 4365 299 4415 καὶ
346 4369 514 4436 σάρκα
570 4370 631 4419 ἐκ
687 4369 788 4435 τῆς
844 4364 1002 4433 ἁγίας
1057 4365 1332 4436 Παρθένου
1385 4363 1757 4431 ἀνειληφότα,

223 4459 300 4509 καὶ
325 4462 486 4513 πᾶσαν
512 4462 615 4531 τὴν
647 4459 925 4527 πατρικὴν
954 4456 1118 4510 αὑτοῦ
1154 4455 1348 4526 βουλὴν
1379 4454 1758 4519 συνεκπεπλη-

224 4549 404 4611 ρωκότα
429 4566 443 4579 ο
476 4549 805 4601 πεπονθέναι
834 4565 895 4600 τε
929 4548 1024 4599 καὶ
1053 4545 1351 4615 ἐγηγέρθαι
1379 4560 1394 4574 '
1428 4545 1523 4596 καὶ
1557 4545 1636 4604 εἰς
1669 4545 1758 4594 οὐ-

1811 684 2252 738 exauctorationi
2310 679 2653 748 subscripsit.
2682 677 2787 733 Sed
2855 693 3033 746 neque
3093 677 3377 731 Romanus

1812 775 2106 845 episcopus
2160 772 2372 834 Julius,
2438 771 2701 843 Sylvestri
2759 784 3081 832 successor,
3138 768 3226 822 vel
3281 783 3381 837 per

1815 865 2056 936 Seipsum
2081 907 2095 930 ,
2132 865 2218 920 vel
2255 880 2351 934 per
2379 862 2692 931 quempiam
2723 860 2814 929 qui
2856 862 3038 916 locitm
3074 862 3195 932 ejus
3239 863 3382 915 obti-

1814 964 1993 1017 neret,
2026 956 2237 1028 synodo
2278 956 2328 1010 ei
2364 954 2653 1009 interfuit:
2689 969 2813 1009 cum
2855 954 3076 1022 quidem
3121 952 3384 1007 ecclesia-
3459 990 3469 1019 ._

1818 1048 1954 1103 stieo
1983 1064 2192 1103 canone
2237 1049 2507 1103 sancitum
2544 1048 2651 1111 sit,
2690 1060 2799 1101 non
2831 1054 3087 1115 oportere
3117 1045 3386 1099 ecclesias

1818 1140 1955 1197 citra
1985 1138 2219 1194 Romani
2244 1138 2486 1208 episcopi
2521 1138 2852 1193 sententiam
2887 1139 2940 1191 in
2973 1136 3198 1208 synodis
3227 1136 3388 1205 quid—

1820 1244 1982 1299 quam
2012 1238 2275 1284 statuere.
2310 1230 2388 1283 Ex
2414 1229 2568 1283 Italia
2599 1243 2817 1298 quoque
2850 1227 2965 1296 ipsa
2996 1237 3052 1282 et
3082 1227 3388 1296 provinciis

1822 1319 2183 1375 ulterioribus
2217 1333 2379 1374 nemo
2412 1319 2694 1373 Romanus
2718 1331 2785 1372 eo
2808 1317 2978 1371 venit.
3006 1314 3244 1383 Quintus
3273 1325 3386 1369 tum

1822 1427 1852 1467 a
1891 1411 2243 1467 Constantini
2278 1411 2434 1466 obitu
2468 1425 2648 1465 annus
2681 1420 2823 1475 erat,
2856 1418 2910 1464 et
2944 1410 3185 1481 synodus
3218 1409 3393 1477 impe-

1825 1510 2008 1555 ratore
2038 1510 2312 1568 praesente
2354 1499 2641 1570 agebatur.
2688 1499 2983 1555 Eusebiani
3030 1499 3392 1553 Athanasium

1827 1580 2187 1658 accusarunt,
2216 1592 2359 1662 quod
2417 1592 2731 1647 sanctiones
2774 1592 3178 1646 ecclesiasticas
3216 1603 3394 1646 trans-

1827 1699 2050 1755 gressus
2099 1697 2271 1750 esset,
2316 1687 2470 1755 prius
2508 1686 2724 1741 scilicet
2769 1685 3025 1740 thronum
3071 1694 3195 1740 eum
3248 1700 3401 1740 recc-

1829 1778 2003 1847 pisse,
2044 1793 2209 1847 quam
2240 1778 2290 1833 ei
2333 1794 2362 1831 a
2401 1778 2649 1849 synodali
2696 1780 3080 1849 episcoporum
3123 1788 3398 1832 conventu

1831 1868 1884 1921 id
1919 1869 2244 1938 permissum
2275 1879 2458 1934 esset,
2492 1879 2892 1924 asseverantes.
2932 1870 3001 1924 Et
3031 1869 3175 1939 quod
3215 1870 3403 1925 multis

1832 1971 2102 2029 praterea
2138 1961 2333 2015 mortis
2366 1975 2529 2016 causa
2561 1961 2890 2026 exstitisset,
2929 1962 3201 2016 seditione
3232 1962 3285 2015 in
3322 1963 3406 2015 in-

1832 2056 2028 2123 g'ressu
2058 2054 2179 2124 ejus
2203 2061 2389 2107 coorta
2417 2071 2429 2107 :
2460 2054 2512 2107 in
2544 2069 2648 2123 qua
2681 2055 2934 2109 nonnulli
2964 2055 3113 2119 exesi,
3147 2055 3401 2108 nonnulli

1827 2146 2074 2216 judicum
2110 2147 2400 2217 quaestioni
2433 2148 2643 2210 traditi,
2674 2149 2907 2216 pecunia
2943 2149 3159 2202 multati
3193 2158 3406 2203 essent.

1837 2239 2021 2294 Multis
2049 2239 2273 2308 insuper
2292 2239 2415 2293 aliis
2442 2239 2733 2293 calumniis
2759 2239 2813 2293 in
2837 2240 3195 2294 Athanasium
3224 2241 3406 2303 textis,

1842 2332 2085 2400 primum
2133 2331 2451 2396 Eusebium,
2502 2332 2595 2402 qui
2646 2330 2945 2387 Emesenus
2990 2334 3412 2403 cognmninatus

1840 2433 1955 2486 cst,
2006 2423 2348 2479 Alexandria:
2397 2425 2701 2479 antistitem
2744 2424 3132 2495 designarunt,
3187 2424 3254 2479 de
3298 2440 3408 2494 qun

1842 2528 2029 2586 postea
2075 2518 2345 2572 dicemus.
2394 2518 2473 2572 Eo
2513 2533 2644 2572 vero
2684 2519 3068 2573 Alexandriam
3105 2520 3257 2573 adire
3295 2531 3410 2574 me-

1848 2618 2057 2674 tuente,
2091 2609 2414 2679 Gregorium
2446 2611 2720 2681 suffragiis
2755 2612 2868 2667 suis
2897 2612 3167 2682 delegere.
3205 2612 3412 2667 Deinde

1845 2704 2148 2772 quaestione
2199 2703 2267 2757 de
2318 2694 2767 2760 doctrina’mota
2798 2746 2813 2771 ,
2849 2705 2986 2760 nihil
3044 2707 3118 2761 illi
3169 2706 3413 2776 quidem,

1814 2843 1827 2847 -
1849 2796 1998 2865 quod
2034 2797 2086 2851 iu
2133 2797 2368 2851 Nicaanis
2398 2799 2536 2853 actis
2572 2800 3080 2869 reprehenderent,
3133 2800 3412 2854 habuere:

1845 2890 2316 2958 opportunitatem
2372 2900 2555 2944 tamen
2596 2888 2820 2944 crebras
2872 2891 3110 2961 synodos
3160 2887 3418 2961 cegendi,

1853 2982 2098 3049 aliasque
2134 2979 2261 3033 ﬁdei
2295 2980 2562 3036 formulas
2588 2981 2972 3052 promulgandi
3016 2983 3322 3050 prmbuere,
3360 2992 3422 3037 ut

1852 3072 1958 3125 alia
2004 3082 2167 3140 atque
2213 3072 2319 3126 alia
2358 3072 2593 3127 subinde
2637 3074 2940 3129 mutatione
2984 3075 3323 3144 pedetentim
3363 3077 3419 3132 in

1850 3164 2118 3235 gurgitem
2171 3165 2498 3221 Arianorum
2548 3167 2798 3221 homines
2827 3167 3240 3223 delaberentur.
3294 3168 3420 3225 llaec

1773 3279 1814 3338 ρ
1851 3255 2313 3326 quemadmodum
2346 3256 2738 3324 processerint,
2769 3260 3014 3325 apertius
3047 3258 3275 3313 historia
3307 3260 3422 3329 ipsa

1850 3350 2136 3405 indicabit.
2175 3348 2308 3416 Qua:
2338 3358 2518 3402 autem
2551 3349 2615 3402 ad
2654 3349 2871 3403 urbium
2903 3351 3191 3421 episcopos
3223 3355 3425 3422 passim

1847 3444 2143 3512 scripsere,
2176 3440 2524 3513 haecine-re:
2566 3459 2583 3492 ι
2622 3440 2734 3496 Nos
2769 3458 2945 3512 neque
2974 3444 3087 3499 Arii
3126 3455 3430 3502 sectatores

1851 3535 2058 3589 fuimus
2106 3534 2430 3605 (quomodo
2515 3535 2662 3588 enim
2742 3535 2985 3606 episcopi
3043 3538 3426 3610 presbyterum

1851 3626 2382 3696 eonsectaremur?),
2436 3643 2612 3698 neque
2653 3628 2814 3682 aliam
2866 3631 3179 3700 qtlantpiam
3241 3631 3429 3697 ﬁdem,

1854 3732 2215 3790 prmerquam
2246 3736 2369 3789 qua:
2398 3721 2465 3775 ab
2497 3712 2656 3774 initio
2686 3722 3026 3791 promulgata
3059 3732 3166 3787 est,
3202 3726 3427 3793 recepi-

1855 3830 1997 3867 mus.
2042 3812 2146 3868 Scd
2194 3828 2426 3867 excussa
2468 3814 2863 3884 explorataque
2912 3816 3033 3886 ejus
3087 3816 3224 3880 fide,
3273 3818 3430 3873 illum

1855 3909 2040 3976 potius
2078 3906 2422 3975 recepimus,
2472 3921 2636 3975 quam
2679 3908 2856 3962 secuti
2906 3923 3118 3964 sumus.
3175 3909 3232 3964 ld
3284 3914 3433 3981 quod

1855 4014 1919 4053 ex
1958 3998 2140 4052 verbis
2176 3997 2379 4052 nostris
2426 3998 2795 4066 cognoscetis.
2847 3999 3151 4054 Didicimus
3195 4013 3436 4071 namque

1857 4089 1925 4143 ab
1958 4089 2150 4154 initio,
2196 4088 2428 4141 credere
2482 4089 2534 4141 in
2593 4104 2763 4141 unutn
2816 4104 2999 4143 rerum
3048 4090 3431 4145 universarum

1858 4180 2052 4245 Deum,
2079 4180 2325 4234 omnium
2354 4180 2783 4250 intelligibilium
2812 4180 2974 4234 simul
3000 4190 3055 4236 et
3085 4184 3431 4237 sensibilium

1858 4272 2202 4327 conditorem
2232 4282 2286 4326 et
2319 4272 2678 4344 provisorem.
2711 4273 2879 4343 630
2916 4264 2984 4327 Et
3035 4274 3088 4327 in
3136 4280 3304 4328 unum
3349 4275 3442 4329 Fi-

1856 4362 1992 4415 lium
2054 4362 2147 4417 Dei
2212 4362 2592 4432 unigenitum,
2651 4363 2752 4432 qui
2810 4373 2939 4418 ante
2994 4365 3177 4418 omnia
3235 4368 3436 4420 amcitia

1858 4465 2069 4522 exstat,
2105 4465 2161 4510 et
2196 4455 2361 4509 simul
2404 4454 2616 4510 exsistit
2645 4470 2768 4508 cum
2819 4469 2887 4509 eo
2933 4457 3026 4525 qui
3072 4470 3198 4511 eum
3249 4460 3442 4528 genuit

1861 4547 2020 4599 Patre
2049 4563 2060 4598 :
2101 4562 2198 4615 per
2233 4561 2395 4614 quem
2427 4547 2609 4601 omnia
2644 4546 2785 4600 facta
2819 4557 2971 4612 sunt,
3012 4549 3251 4603 visibilis
3283 4551 3438 4621 juxta

227 4643 387 4706 ρανοὺς
417 4642 804 4711 ἀνεληλυθέναι
830 4655 843 4668 ·
878 4639 971 4692 καὶ
1007 4640 1064 4689 ὲν
1097 4637 1244 4706 δεξιᾷ
1278 4636 1370 4689 τοῦ
1407 4635 1623 4705 Πατρὸς
1658 4653 1746 4687 κα-

1868 4647 1920 4692 et
1944 4634 2271 4691 invisibilia.
2307 4638 2409 4703 Qui
2461 4640 2725 4693 extremis
2753 4639 2955 4694 diebus
2996 4639 3150 4707 juxta
3180 4641 3444 4711 benepla-

228 4732 441 4796 θέζεσθαι
459 4751 473 4764 ο
500 4737 595 4787 καὶ
621 4737 914 4803 ἐρχόμενον
939 4733 1125 4798 κρῖναι
1152 4730 1361 4793 ζῶντας
1384 4728 1478 4779 καὶ
1500 4727 1725 4796 νεκρούς
1746 4743 1760 4758 ·

229 4828 297 4877 καὶ
332 4827 643 4896 διαμένοντα
684 4824 911 4894 βασιλέα
954 4824 1047 4876 καὶ
1088 4823 1220 4875 Θεὸν
1259 4823 1336 4883 είς
1378 4823 1503 4882 τοὺς
1543 4820 1762 4881 αἰῶνας.

232 4916 522 4989 Πιστεύομεν
552 4919 645 4972 καὶ
677 4919 756 4978 si;
777 4918 835 4968 τὸ
866 4916 1019 4984 ἅγιον
1051 4915 1295 4984 Πνεῦμα.
1325 4914 1386 4965 Εἰ
1408 4913 1464 4965 δὲ
1485 4912 1564 4965 δεῖ
1595 4929 1767 4981 προσ.

177 5032 181 5035 -
231 5006 403 5074 θεῖναι,
453 5011 787 5079 πιστεύομεν
838 5011 930 5061 καὶ
981 5009 1110 5077 περὶ
1163 5006 1366 5075 σαρκὸς
1415 5004 1766 5065 ἀναστάσεως

231 5100 303 5152 καὶ
330 5102 462 5172 ζωῆς
494 5104 741 5156 αἰωνίου.
781 5118 800 5150 ι
838 5098 1021 5152 Ταῦτα
1056 5100 1275 5169 πρῶτον
1308 5096 1619 5167 γράψαντες
1656 5099 1769 5156 τοῖς

232 5190 511 5258 ἐπισκόποις
544 5194 910 5256 ἀπέστειλαν,
943 5190 1504 5263 παρασιωπήσαντες,
1543 5189 1771 5257 πότερον

234 5289 463 5351 συναῖδιός
492 5293 637 5343 ἐστιν
661 5291 695 5359 ἢ
722 5288 1010 5359 ὁμοούσιος
1035 5286 1110 5355 τῷ
1143 5286 1315 5356 Πατρὶ
1334 5324 1347 5350 ,
1377 5283 1410 5354 ἢ
1435 5283 1767 5337 τούναντίον

232 5377 285 5442 τῇ
305 5377 343 5427 δ’
369 5377 630 5450 ’Δντώχου
652 5378 1033 5448 ἐπιμείναντες
1056 5376 1245 5446 ὥσπερ
1264 5378 1362 5443 τῆς
1388 5375 1655 5444 προτέρας
1678 5390 1778 5427 κα-

235 5472 529 5534 τεγνωκότες
572 5471 881 5533 ἐκθέσεως,
919 5470 1112 5539 ἑτέραν
1147 5468 1331 5520 πίστιν
1367 5464 1776 5536 ὑπαγορεὺουσι

238 5561 355 5614 κατὰ
385 5564 553 5618 πάντα
584 5571 651 5633 τῇ
686 5565 744 5615 ὲν
778 5560 989 5632 Νικαίᾳ
1030 5561 1362 5631 συνᾴδουσαν
1388 5574 1403 5588 ⁸
1440 5561 1541 5611 οὐκ
1573 5552 1690 5613 οἶδα
1726 5559 1776 5609 εί

243 5650 304 5720 μὴ
329 5653 493 5708 ἔννοιᾰ
520 5673 601 5717 τις
634 5654 856 5723 ἀφανῶς
891 5652 1135 5720 ἔγκειται
1164 5654 1277 5713 τοῖς
1312 5651 1517 5718 ῥητοῖς.
1554 5652 1689 5719 Περὶ
1720 5651 1791 5703 δὲ·

240 5744 289 5792 τὸ
312 5744 442 5809 τέλος
472 5749 561 5799 καὶ
591 5746 766 5799 ταῦτα
799 5761 931 5813 φασι
954 5758 966 5771 ·
1007 5762 1024 5793 ι
1062 5741 1281 5809 Ταύτην
1309 5737 1400 5794 οὖν
1432 5741 1650 5810 ἔχοντες
1681 5740 1779 5809 τὴν

243 5832 396 5886 πίστιν
434 5838 655 5890 ἐνώπιον
698 5835 793 5890 τοῦ
837 5833 975 5887 Θεοῦ
1020 5837 1116 5886 καὶ
1156 5832 1250 5885 τοῦ
1291 5832 1555 5904 Χριστοῦ,
1598 5833 1777 5885 πᾶσαν

244 5923 486 6001 αἱρετικην
528 5925 1004 5997 ἀναθεματίζομεν
1046 5923 1368 5987 κακοδοξίαν
1397 5940 1411 5953 ⁸
1461 5924 1556 5978 καὶ
1605 5925 1654 5976 εἰ
1696 5942 1777 5988 τις

448 6033 712 6091 Parnm.
751 6028 869 6087 (in.
933 6023 1150 6085 CXLVI

1870 4731 2040 4785 citum
2106 4729 2286 4784 Patris
2337 4730 2662 4795 descendit,
2714 4740 2770 4786 et
2827 4744 3047 4787 Carnem
3098 4748 3165 4788 ex
3222 4732 3442 4805 Virgine

1871 4832 2058 4877 sancta
2091 4823 2333 4890 recepit,
2367 4830 2423 4875 et
2457 4837 2676 4877 omnem
2714 4835 2999 4893 paternam
3030 4824 3148 4892 ejus
3181 4825 3442 4879 volunta-

1873 4924 1980 4967 tem
2017 4913 2178 4967 simul
2223 4914 2486 4983 explevit.
2520 4914 2623 4979 Qui
2662 4924 2718 4969 et
2752 4931 2948 4983 passus
2983 4925 3087 4979 est,
3120 4925 3175 4969 et
3207 4921 3441 4974 resuscio

1872 5015 2020 5061 tatus
2047 5022 2060 5060 :
2093 5015 2148 5060 ct
2180 5021 2432 5061 reversus
2460 5007 2513 5060 in
2543 5007 2733 5072 ecclos,
2769 5007 2924 5061 sedet
2946 5009 3001 5061 in
3028 5008 3442 5062 dextra‘Patris.

1873 5095 1974 5162 Qui
2002 5107 2271 5153 venturus
2299 5108 2385 5152 est
2411 5098 2476 5152 ad
2503 5099 2859 5167 judicandum
2899 5100 3055 5153 vivos
3086 5109 3142 5153 et
3173 5110 3442 5164 mortuus,

1878 5200 1934 5244 et
1979 5206 2273 5245 mansurus
2323 5207 2415 5246 rex
2460 5198 2517 5246 et
2566 5190 2710 5246 Deus
2761 5192 2815 5244 in
2888 5192 3108 5245 saecula.
3156 5190 3450 5247 Credimus

1876 5282 2040 5336 etiam
2070 5285 2121 5335 in
2148 5285 2414 5352 Spiritum
2441 5293 2716 5338 sanctum.
2743 5282 2799 5337 Si
2824 5298 2955 5337 vero
2977 5282 3180 5337 addere
3207 5294 3447 5353 oportet,

1875 5374 2154 5428 credimus
2183 5390 2405 5444 quoque
2436 5375 2501 5428 de
2551 5374 2735 5429 carnis
2773 5375 3174 5429 resurrectione
3196 5416 3211 5440 ,
3254 5386 3309 5431 et
3338 5378 3448 5431 vita

1877 5475 2103 5519 reterns.
2143 5486 2162 5517 >
2211 5467 2335 5521 Haec
2363 5467 2603 5536 primum
2637 5466 2838 5536 scripta
2869 5468 2933 5522 ad
2965 5467 3256 5538 episcopos
3291 5471 3457 5523 mise-

1881 5566 2042 5621 runt,
2079 5558 2333 5621 silentio,
2384 5567 2569 5611 utrum
2606 5568 2920 5614 coaeternus
2950 5561 3042 5627 sit,
3083 5571 3178 5615 aut
3212 5565 3455 5615 consuh-

1881 5650 2157 5705 stantialis
2206 5649 2351 5704 Patri
2396 5649 2602 5715 Filius,
2645 5665 2714 5705 an
2760 5663 2988 5719 contra,
3039 5662 3453 5723 praetereuntes.

1884 5741 2058 5795 Porro
2105 5741 2409 5795 Antiochia:
2450 5743 2686 5809 mortali,
2731 5743 2962 5808 perinde
3005 5756 3171 5814 atque
3216 5746 3459 5815 priorem

1882 5835 2179 5890 formulam
2233 5833 2623 5899 damnassent,
2678 5836 3075 5905 professionem
3120 5838 3280 5892 aliam
3332 5834 3461 5892 (Hei

1883 5928 2144 5998 edidere,
2194 5928 2247 5984 in
2296 5930 2558 5985 omnibus
2603 5929 2833 5985 Nicaeum
2878 5912 3220 5986 consonami
3267 5936 3454 5986 rest-in

3009 6031 3048 6084 8
