3928 6546
475 408 578 468 235

1705 407 2122 467 NlCEPHORI
2162 409 2247 467 CA
2260 409 2507 467 LLlS'l‘I

3628 410 3725 473 93"}

478 532 658 587 tamen
693 534 763 573 an
810 532 920 573 non
967 518 1180 573 occulta
1219 517 1398 574 verbis
1439 517 1557 589 ejus
1585 518 1857 572 sententia
1899 532 2046 586 qua:-

2153 520 2301 587 παρά
2340 518 2438 589 τὴν
2481 518 2611 587 ὑγιῆ
2644 517 2750 570 τῶν
2788 518 3020 589 Γραφδτιν
3053 519 3221 589 ὀρθὴν
3266 520 3449 572 πίστιν
3489 492 3725 577 διδάσκει

477 610 621 679 piam
669 610 820 664 insit.
861 608 942 665 Ad
980 607 1143 664 ﬁnem
1174 624 1341 678 porro
1371 608 1488 664 haec
1527 607 1775 679 adjecere
1803 626 1816 663 :
1847 627 1866 660 ι
1899 606 2052 670 llane

476 704 645 774 igitur
690 700 1005 757 obtinentes
1043 701 1169 756 fidei
1218 700 1671 773 persuasionem,
1716 716 1899 756 coram
1934 700 2050 757 Deo

474 803 530 850 et
581 794 806 850 Christo
859 793 1017 863 ipso,
1068 805 1287 850 omnem
1340 794 1657 849 haereticam
1709 809 2049 864 pravamque

474 888 825 943 anathemate
853 887 1170 958 jugulanius
1194 887 1530 958 opinionem.
1572 886 1641 941 Et
1676 886 1722 941 si
1751 887 1879 957 quis
1908 901 2048 941 eon-

477 992 556 1035 tra
591 995 781 1036 sanam
826 988 1146 1050 rectamque
1188 979 1603 1049 Scripturarum
1650 978 1816 1034 ﬁdem
1858 978 2045 1044 docet,

473 1072 667 1127 dicens
697 1081 793 1126 aut
836 1080 1049 1142 tempus
1074 1080 1186 1148 -aut
1229 1071 1492 1126 saeculum
1537 1071 1821 1139 esse,.’vel
1853 1071 2044 1139 fuisse,

472 1174 767 1233 antequam
812 1162 986 1217 Filius
1029 1161 1126 1218 Dei
1176 1162 1374 1229 fuerit,
1424 1163 1735 1217 anathema»
1763 1164 1854 1219 sit.
1895 1162 1961 1217 Et
2001 1162 2046 1217 si

471 1254 598 1324 quis
624 1254 759 1310 dicit
794 1254 985 1307 Filium
1025 1262 1337 1308 creaturam
1360 1294 1372 1314 ,
1411 1253 1643 1323 perinde
1676 1262 1846 1321 atque
1881 1266 2045 1306 unam

471 1347 711 1417 aliquam
744 1356 1159 1402 creaturarum:
1194 1356 1291 1401 aut
1313 1346 1590 1417 gerrimen,
1621 1345 1853 1416 perinde
1878 1354 2045 1415 atque

472 1456 641 1494 unum
691 1439 913 1509 aliquod
961 1437 1339 1508 geniminum,
1374 1446 1427 1493 et
1470 1452 1583 1492 non
1630 1436 1795 1495 sicuti
1845 1435 2048 1491 divina:

472 1534 771 1604 Scriptum
802 1532 871 1588 de
901 1532 1178 1602 praedictis
1218 1532 1480 1586 omnibus
1519 1531 1810 1601 prodidere
1843 1531 2042 1586 sentit:

470 1635 567 1681 aut
593 1627 640 1681 si
666 1629 791 1697 quis
822 1625 971 1679 aliud
1004 1624 1167 1680 docet
1200 1624 1284 1678 vel
1314 1612 1638 1687 annuntiat,
1676 1633 2043 1693 praeterquam

469 1717 614 1787 quod
652 1718 1005 1787 accepimus,
1053 1716 1345 1771 anathema
1389 1702 1481 1771 sit.
1516 1715 1626 1771 Nos
1668 1715 1816 1770 enim
1858 1712 2043 1768 omnia

468 1825 592 1879 qua:
624 1825 689 1864 ex
721 1809 893 1864 sacris
909 1808 1137 1863 Litteris
1164 1808 1515 1878 aprophetis
1544 1817 1600 1862 ct
1633 1802 1897 1877 apostolis
1934 1815 2043 1860 tra-

2151 610 2357 679 λέγων,
2390 613 2426 682 ῆ
2456 612 2646 682 καιρὶν
2675 611 2709 681 ἢ
2741 612 2916 666 αξῶνα
2949 608 3087 666 εἶναι
3118 612 3150 680 ῆ
3182 613 3468 681 γεγονέναι
3500 618 3609 683 πρὸ
3636 614 3724 668 τοῦ

2149 704 2240 757 τὸν
2278 702 2400 760 Υίὸν
2434 704 2528 759 τοῦ
2561 704 2699 758 Θεοῦ
2735 704 2903 773 εἶναι,
2936 707 3193 775 ἀνάθεμα
3226 708 3384 762 ἔστω.
3423 708 3533 762 Καὶ
3568 709 3621 759 εί
3648 725 3725 771 τις

2149 796 2295 864 λέγει
2341 797 2436 849 τὸν
2480 798 2610 852 Υίδν
2655 782 2861 870 κτίσμα
2906 799 2979 862 ὡς
3026 799 3084 853 ἒν
3149 799 3257 853 τῶν
3308 801 3653 868 κτισμάτων,
3696 801 3723 870 ἢ

2149 887 2401 960 γέννημα
2451 890 2525 951 ὡς
2552 891 2612 944 ἓν
2635 890 2745 943 τῶν
2768 892 3151 961 γεννημάτων,
3175 893 3266 947 καὶ
3298 892 3373 961 μὴ
3399 892 3475 955 ὡς
3503 893 3560 944 αἱ
3589 892 3726 946 θεῖαι

2148 980 2365 1050 Γραφαὶ
2391 982 2807 1053 παραδεδώκασι
2835 984 2943 1037 τῶν
2970 985 3392 1053 προειρημένων
3418 983 3628 1036 ἕκαστα
3653 997 3667 1009 ·
3695 984 3722 1052 ἢ

2148 1068 2204 1122 εί
2227 1086 2308 1131 τις
2340 1071 2471 1124 ἄλλο
2499 1071 2744 1125 διδάσκει
2771 1073 2802 1142 ἢ
2833 1073 3246 1140 εὐαγγελίζεται
3276 1072 3409 1142 παρ’
3431 1073 3460 1126 6
3489 1070 3725 1141 παρελάο

2149 1162 2316 1231 ϐομεν
2346 1179 2359 1193 ·
2388 1163 2635 1233 ἀνάθεμα
2663 1163 2826 1221 ἔστω.
2862 1166 3054 1235 Ἡμεῖς
3085 1167 3194 1235 γὰρ
3225 1166 3359 1219 πᾶσι
3389 1168 3499 1227 τοῖς
3529 1167 3595 1217 ἐκ
3624 1164 3724 1216 τῶν

2149 1254 2310 1309 θείων
2347 1256 2584 1326 Γραφῶν
2623 1258 3084 1329 παραδεδομένοις
3122 1258 3228 1312 ύπό
3264 1275 3324 1311 τε
3364 1258 3473 1310 τῶν
3513 1273 3723 1327 προφη-

2146 1346 2253 1398 τῶν
2289 1348 2383 1401 καὶ
2424 1348 2738 1403 ἀποστόλων
2773 1346 3044 1417 ἀληθινῶς
3090 1365 3150 1402 τε
3193 1347 3289 1402 καὶ
3337 1347 3598 1417 ἐμφανῶς
3631 1349 3723 1401 καὶ

2147 1441 2477 1510 πιστεύομεν
2504 1440 2597 1494 καὶ
2621 1440 3052 1510 ἀκολουθοῦμεν.
3086 1448 3115 1493 ι’
3148 1444 3238 1494 Ἐν
3263 1441 3437 1513 ταύτῃ
3462 1441 3518 1495 δὲ
3542 1444 3609 1511 τῇ
3641 1444 3725 1493 ὲκ-

2148 1532 2316 1599 θὲσει,
2346 1533 2618 1603 ἄτρεπτόν
2641 1550 2701 1586 τε
2732 1536 2823 1587 καὶ
2855 1533 3217 1587 ἀναλλοίωτον
3244 1535 3340 1604 τὴν
3371 1535 3605 1605 θεότητα
3634 1535 3723 1586 τοῦ

2151 1626 2281 1679 Υίοῦ
2324 1627 2777 1697 ἀποφηνάμενοι,
2822 1627 3010 1681 είκόνα
3054 1644 3112 1679 τε
3155 1628 3585 1697 ἀπαράλλακτον
3630 1627 3725 1696 τῆς

2147 1717 2334 1786 θεῖκῆς
2369 1716 2559 1777 οὐσίας
2593 1716 2686 1767 καὶ
2723 1714 2923 1786 βουλῆς
2956 1716 3051 1768 καὶ
3082 1715 3367 1785 δυνάμεως
3403 1717 3501 1770 καὶ
3531 1716 3724 1782 δόξης,

2150 1809 2244 1861 καὶ
2288 1809 2630 1877 πρωτότοκον
2667 1809 2848 1877 πάσης
2891 1807 3141 1874 κτίσεως,
3177 1809 3279 1861 οὐκ
3318 1804 3420 1861 οἵδ’
3443 1810 3592 1870 ὅπως
3635 1809 3726 1860 καὶ

468 1901 583 1955 dita
616 1909 780 1967 sunt,
802 1914 931 1955 vere
964 1911 1133 1969 atque
1168 1909 1358 1969 aperte
1382 1906 1437 1955 et
1464 1898 1744 1954 credimus
1772 1907 1827 1953 et
1854 1896 2040 1967 sequi-

2149 1901 2434 1972 ὁμοούσιον
2449 1899 2611 1954 αὐτὸν
2630 1900 2807 1953 εἰπεῖν
2828 1899 2904 1967 τῷ
2929 1901 3107 1972 ιιατρλ⁸
3131 1903 3539 1973 παρῃτήσαντο.
3568 1902 3728 1971 Ἑκή-

470 2009 616 2047 mur.
652 2012 670 2044 ›
698 1991 765 2046 In
790 1991 894 2046 hac
922 1990 1157 2046 formula
1184 2007 1307 2047 cum
1337 1991 1736 2046 immutabilem
1767 1999 1823 2045 et
1848 1990 2047 2045 iualte-

469 2085 695 2140 rabilem
728 2082 851 2139 Filii
886 2083 1253 2149 divinitatem,
1291 2083 1694 2154 imaginetnque
1739 2098 1847 2137 non
1886 2082 2045 2137 diffe-

468 2188 684 2232 rentem
717 2193 746 2231 a
773 2176 961 2232 divina
988 2175 1300 2232 substantia
1328 2184 1385 2230 et
1418 2176 1652 2230 consilio
1682 2184 1737 2230 et
1768 2183 2043 2245 potestate

468 2280 526 2325 et
579 2269 792 2340 gloria,
845 2277 1011 2338 atque
1061 2268 1489 2338 primogenitum
1537 2268 1716 2323 omnis
1774 2275 2045 2323 creaturae

469 2362 617 2417 clare
642 2362 887 2417 dixerint
913 2380 926 2415 :
964 2362 1148 2415 nescio
1177 2360 1453 2431 quomodo
1485 2361 1648 2416 etiam
1679 2361 2045 2416 consubstan—

469 2454 659 2508 tialem
701 2454 883 2524 ipsum
932 2452 1080 2506 Patri
1130 2450 1319 2506 dicere
1358 2450 1809 2506 detrectaverint.
1848 2450 2046 2522 Vulga-

468 2556 601 2600 runt
645 2560 776 2601 sane
822 2543 1079 2615 quidam,
1128 2543 1290 2600 tidem
1328 2544 1487 2598 talem
1540 2543 1621 2599 sic
1664 2560 1724 2598 se
1766 2544 2047 2600 invenisse

469 2642 751 2708 scriptam,
781 2647 835 2692 et
862 2653 892 2691 a
928 2637 1171 2692 Luciano
1203 2646 1547 2704 conceptam,
1585 2632 1678 2707 qui
1708 2636 2046 2692 Nicomedia:

470 2730 734 2798 martyrio
754 2729 1076 2794 decertavit,
1100 2730 1221 2783 viro
1250 2728 1463 2793 divino,
1493 2729 1625 2783 etin
1653 2728 2045 2785 sacrislitteris

471 2838 640 2892 supra
683 2830 914 2891 cazteros
958 2821 1211 2890 apprime
1255 2820 1519 2874 erudito:
1553 2820 1952 2889 amplitudine,
1983 2829 2047 2875 ut

469 2916 726 2987 equidem
753 2923 905 2986 puto,
930 2914 1213 2985 martyris,
1231 2912 1610 2968 celebritatem
1632 2912 1814 2983 potius
1834 2913 2046 2982 scripto

469 3023 572 3062 suo
605 3009 987 3071 vcndicantes,
1020 3021 1187 3075 quam
1218 3021 1345 3059 vera
1378 2992 1644 3059 dicentes.
1673 3004 1836 3075 681
1873 3003 2047 3059 Inter-

468 3099 574 3154 fuit
614 3111 797 3155 autem
843 3098 1082 3153 concilio
1124 3097 1257 3152 huic
1305 3096 1599 3161 Eusebius,
1644 3097 1740 3166 qui
1776 3112 1845 3151 ex
1882 3096 2050 3151 Nico-

472 3193 740 3252 mediensi
759 3195 826 3248 ad
844 3192 1510 3262 Cunstautinopolitanam
1533 3192 1721 3247 sedem
1752 3201 1835 3247 est
1867 3201 2047 3246 trans-

471 3289 651 3351 latus;
684 3286 917 3341 Aeacius
961 3284 1180 3340 Eusebii
1228 3286 1502 3356 Pamphili
1556 3285 1740 3339 throni
1782 3285 1934 3355 juxta
1990 3292 2046 3337 et

470 3378 804 3435 eruditionis
856 3393 1172 3443 successor;
1233 3376 1587 3448 Patrophilus
1637 3375 2046 3447 Scythopolita-

470 3485 608 3537 nus;
660 3467 982 3524 Theodorus
1027 3467 1378 3524 Heracleotes
1426 3483 1522 3523 seu
1565 3466 1916 3528 Perintbius,
1960 3466 2045 3518 vir

472 3563 767 3636 praeclarus
787 3603 802 3629 ,
829 3562 918 3631 qni
965 3560 1389 3630 Evangeliorum
1421 3559 1799 3629 expositiones
1832 3556 2042 3621 edidit;

474 3655 757 3710 Eudoxlus
796 3652 1298 3717 Germaniciensis,
1339 3650 1443 3721 'qui
1493 3658 1616 3719 post
1663 3647 2045 3702 Macedonium

468 3746 1133 3815 Cottstantinopolitanam
1179 3743 1480 3797 Ecclesiam
1513 3740 1879 3811 gubernavit:
1912 3739 2046 3793 Gre-

470 3842 699 3913 gorius,
758 3854 920 3910 quem
971 3837 1231 3892 Ecclesia:
1281 3834 1670 3890 Alexandrina:
1725 3834 2045 3902 episcopum

471 3934 937 4003 dcsignaverant,
969 3931 1064 4000 qui
1099 3942 1297 3983 omnes
1329 3927 1523 3983 eadem
1559 3926 1911 3981 sentiebant:
1948 3923 2045 3977 sed

470 4036 525 4081 et
556 4025 1064 4100 DianiusOCazsarea:
1092 4021 1504 4092 Cappadocum,
1534 4027 1584 4074 et
1611 4019 1878 4088 Georgius
1906 4017 2046 4071 Lao-

470 4119 641 4172 dicea:
670 4114 932 4185 Syrorum
967 4113 1235 4182 episcopi,
1269 4111 1473 4180 aliique
1514 4109 1700 4180 plures
1743 4107 2045 4177 insignium

473 4210 800 4263 thronorum
848 4204 1275 4274 metropolitana
1324 4202 1594 4274 dignitate
1641 4199 1856 4270 praediti
1903 4198 2049 4252 anti-

468 4302 662 4355 stites:
706 4308 905 4368 preter
947 4297 1154 4351 Iulium
1201 4294 1389 4348 Romae
1433 4300 1488 4346 et
1539 4289 1840 4345 Maximum
1889 4285 2047 4343 Elite

470 4394 781 4464 episcopos,
805 4390 896 4461 qui
925 4391 995 4445 ob
1026 4403 1123 4444 eas
1150 4402 1289 4457 quas
1314 4384 1479 4455 paulo
1508 4394 1637 4438 ante
1664 4381 2047 4436 recen'suimus

471 4500 666 4539 causas
701 4498 808 4538 non
839 4481 1069 4535 aﬂuere.
1102 4477 1183 4533 Ad
1217 4477 1341 4531 illos
1379 4476 1546 4530 etiam
1578 4472 1855 4527 Eusebius
1884 4471 2045 4524 Eme-

2151 1994 2342 2063 ρυττόν
2384 2009 2446 2061 γε
2495 1993 2602 2062 μὴν
2642 1991 2741 2062 τὴν
2783 1993 3041 2061 τοιαύτην
3083 1993 3291 2058 πίστιν,
3327 1994 3504 2057 οὕτως
3545 1994 3726 2059 εὑρεῖν

2145 2085 2543 2156 γεγραμμένην
2570 2085 2677 2141 ὑπὸ
2704 2082 2990 2156 Λουκιανῷ
3017 2088 3347 2155 γραφεῖσαν,
3374 2086 3433 2149 ὃς
3458 2087 3606 2139 κατά
3630 2086 3727 2156 τὴν

2146 2175 2521 2246 Νικομήδειαν
2551 2176 2939 2248 ἐμαρτύρησεν
2958 2217 2973 2242 ,
3007 2177 3167 2246 ἀνδρὶ
3198 2176 3328 2247 θείῳ
3347 2218 3361 2239 ,
3393 2177 3490 2231 καὶ
3520 2178 3620 2239 τὰς
3659 2178 3728 2230 ιε-

2150 2270 2249 2340 ράς
2279 2268 2502 2340 Γραφάς
2531 2268 2688 2339 εῐπερ
2715 2286 2798 2332 τις
2829 2268 3269 2339 ἁκριδωσαμένῳ
3292 2285 3305 2300 ο
3338 2262 3493 2339 οἶμαι
3522 2269 3601 2339 τῷ
3636 2270 3726 2322 τοῦ

2151 2363 2430 2433 μάρτυρος
2477 2359 3166 2432 ἀξιώματιισεμνύνοντες
3210 2362 3277 2417 τά
3325 2363 3523 2426 οἰκεῖα,
3579 2362 3727 2431 ἤπερ

2146 2454 2320 2524 ἀληθῆ
2350 2454 2628 2522 λέγοντες.
2659 2456 2888 2525 Μετεῖχε
2920 2455 2977 2508 δὲ
3009 2457 3107 2525 τῆς
3140 2455 3361 2509 συνόδου
3387 2455 3594 2524 ταύτης
3627 2456 3728 2508 Εὐ-

2151 2546 2360 2610 σέϐιος,
2390 2549 2417 2599 6
2447 2548 2510 2600 ἐκ
2539 2547 2916 2618 Νικομηδείας
2945 2550 3025 2610 είς
3056 2550 3149 2601 τὸν
3177 2549 3276 2620 τῆς
3307 2550 3726 2603 Κωνσταντίνου

2149 2637 2341 2709 θρόνον
2389 2638 2737 2709 μετατεθείς’
2788 2643 2880 2693 καὶ
2916 2640 3173 2704 ’Δκάκιος
3219 2644 3247 2693 6
3289 2641 3389 2694 τοῦ
3434 2640 3726 2709 Παμφίλου

2148 2730 2410 2784 Εὐσεόίου
2441 2732 2535 2783 καὶ
2563 2730 2657 2784 τοῦ
2691 2731 2883 2801 θρόνου
2915 2734 3131 2801 καὶτῆς
3163 2733 3409 2796 παιδείας
3438 2734 3722 2803 διάδοχος’

2147 2819 2490 2890 Πατρόφιλός
2519 2837 2577 2874 τε
2612 2824 2641 2873 6
2673 2820 3062 2886 Σκυθοπόλεως
3085 2839 3098 2853 ·
3128 2823 3223 2877 καὶ
3254 2826 3282 2877 6
3311 2824 3410 2892 τῆς
3444 2826 3589 2875 κατὰ
3628 2823 3729 2877 Πέ-

2150 2912 2333 2983 ρινθον
2370 2911 2695 2981 Ἡρακλείας
2732 2914 3005 2985 Θεόδωρος
3033 2931 3046 2944 ο
3086 2915 3377 2985 ἐλλόγιμος
3409 2916 3466 2968 δὲ
3498 2917 3526 2967 6
3558 2915 3722 2985 ἀνὴρ,

2147 3000 2220 3060 ὡς
2262 3002 2357 3053 καὶ¹
2396 3000 2493 3071 τὴν
2531 3000 2640 3053 τῶν
2684 3001 3035 3070 Εὑαγγελίων
3074 3003 3372 3072 ἑρμηνείαν
3414 3004 3727 3074 ὑπαγορεύ-

2151 3110 2241 3146 ea:
2266 3108 2279 3124 '
2312 3093 2407 3147 καὶ
2438 3097 2465 3147 6
2495 3094 2868 3163 Γερμανικὶας
2911 3094 3181 3163 eosdem,
3225 3095 3284 3160 ὃς
3316 3097 3456 3163 μετά
3483 3097 3708 3150 Μακεδό

2150 3204 2262 3239 νιον
2294 3186 2389 3256 τῆς
2424 3187 2839 3242 Κωνσταντξνου
2870 3187 2961 3242 τὸν
2992 3188 3180 3258 θρόνον
3211 3190 3386 3243 διεῖπε
3412 3206 3426 3222 ο
3457 3190 3554 3244 καὶ
3586 3190 3731 3260 Γρη-

2150 3280 2353 3349 γὸριος,
2399 3281 2458 3343 ὃς
2508 3281 2782 3352 ἐψηφίσθη
2830 3285 2893 3353 τῇ
2934 3281 3375 3354 ’Δλεξανδρέωνσ
3421 3284 3471 3337 οἶ
3517 3284 3589 3338 τὰ
3641 3285 3728 3337 ίσα

2150 3375 2348 3438 πάντες
2375 3375 2660 3445 ἐφρόνουν.
2700 3375 2862 3430 Ἀλλὰ
2891 3375 3000 3447 γὰρ
3027 3377 3122 3429 καὶ
3147 3378 3362 3440 Διάνιος
3388 3380 3416 3430 6
3442 3379 3542 3449 τῆς
3575 3379 3733 3432 Καπ-

2150 3466 2400 3519 παδοκῶν
2424 3467 2761 3537 Καισαρείας
2786 3468 3104 3531 ἐπίσκοπος,
3128 3470 3221 3520 καὶ
3244 3468 3518 3539 Γεώργιος
3538 3468 3567 3519 6
3590 3467 3736 3520 Λαο-

2147 3559 2353 3622 δικείας
2386 3560 2481 3628 τῆς
2523 3560 2722 3629 Συρίας
2747 3573 2764 3591 ο
2790 3559 2976 3613 πολλοί
3010 3576 3070 3612 τε
3112 3563 3208 3616 καὶ
3244 3560 3417 3624 ἄλλοι,
3441 3561 3732 3630 διασήμων

2149 3651 2354 3717 θρόνων
2386 3652 2672 3704 ἐπίσκοποι
2705 3652 2803 3705 καὶ
2840 3653 3305 3723 μητροπολιτικάς
3340 3653 3498 3717 ἀξίας
3522 3655 3734 3724 ἠμφιε-

2150 3745 2341 3814 σμένοι
2365 3762 2383 3778 ο
2417 3745 2555 3814 πλὴν
2593 3744 2812 3798 Ἰουλίου
2841 3745 2934 3799 τοῦ
2970 3745 3188 3815 Ῥώμης
3210 3788 3223 3809 ,
3254 3748 3348 3801 καὶ
3378 3746 3473 3799 τοῦ
3505 3747 3607 3816 τῆς
3639 3749 3737 3800 Δί-

2146 3836 2267 3899 λίας
2299 3837 2586 3907 Μαξίμου,
2618 3837 2768 3899 δι’ἀς
2802 3838 2984 3909 μικρῷ
3018 3838 3257 3910 πρόσθεν
3287 3836 3465 3902 αἰτίας
3498 3840 3738 3911 εἴρηκα-

2152 3947 2272 4000 μεν.
2303 3928 2423 3981 Ἐπὶ
2447 3929 2503 3982 δὶ
2530 3931 2662 3982 πᾶσι
2685 3929 2894 3991 τούτοις
2918 3933 3009 3984 καὶ
3032 3931 3293 3993 Εὐσέϐιος
3316 3932 3345 3983 6
3367 3932 3733 4002 Ἐμεσσηνὸς.

2148 4024 2243 4085 Τίς
2271 4023 2326 4074 δὲ
2351 4017 2523 4087 οὗτος,
2553 4022 2652 4092 ἢδη
2681 4023 2809 4090 ἐρῶ.
2841 4017 3013 4085 Οὗτος
3040 4024 3098 4088 ἐξ
3129 4025 3388 4094 Ἐδέσσης
3413 4025 3513 4094 τῆς
3546 4024 3742 4094 Ὀσρο-

2148 4110 2295 4183 ηνῶν
2328 4111 2645 4179 γεννηθεὶς,
2681 4111 3016 4182 εὐπατρίδης
3050 4107 3117 4181 ἦν
3144 4129 3156 4142 ·
3191 4114 3260 4166 τὰ
3292 4113 3349 4166 δὲ
3388 4114 3511 4183 ίερά
3546 4116 3741 4186 γράμ-

2153 4218 2295 4271 ματα
2323 4201 2656 4267 παιδευθεὶς,
2681 4200 2872 4254 ἔπειτα
2898 4202 2993 4254 καὶ
3015 4203 3085 4255 τὰ
3115 4202 3384 4273 Ἑλλήνων
3410 4204 3737 4274 ἐξεδιδάχθη

2148 4296 2260 4355 τοῖς
2309 4294 2486 4345 ὲκείσε
2534 4292 2879 4357 διδασκάλοις
2929 4295 3218 4364 φοιτήσας.
3261 4278 3640 4367 ἘςὍστερον
3691 4294 3740 4349 δ’

2150 4385 2396 4453 Εὐσεὸίῳ
2422 4384 2518 4437 τοῦ
2553 4386 2841 4454 Παμφίλου
2875 4388 3248 4454 συγγεγονὼς,
3275 4388 3371 4439 καὶ
3402 4367 3741 4458 Πατρορίλῳ

2149 4478 2227 4548 τῷ
2267 4478 2656 4540 Σκυθοπόλεως
2699 4478 3016 4546 ὲπισκόπῳ,
3054 4481 3122 4531 τὰ
3162 4478 3262 4547 τῆς
3306 4480 3457 4539 θείας
3498 4480 3742 4549 ὴκρίὸου

472 4592 639 4630 Scltus
666 4575 917 4629 accessit.
957 4572 1031 4627 De
1058 4585 1148 4635 eo,
1181 4568 1275 4638 qui
1311 4567 1499 4631 fuerit,
1530 4580 1679 4619 nunc
1709 4564 1912 4618 dicam.
1946 4560 2046 4616 Hic

2153 4572 2191 4623 Γ
2198 4571 2397 4642 ραφῆς.
2428 4571 2506 4641 Τῇ
2540 4570 2585 4622 δ’
2625 4569 2901 4640 Ἀντιόχου
2929 4570 3280 4641 ,προσόαλὼη
3302 4571 3463 4641 ἡνίκα
3499 4587 3750 4642 κατηγο-

469 4666 693 4724 Ειιεεεεε
721 4666 1092 4721 Osroenornm
1129 4663 1293 4716 claris
1327 4659 1647 4730 parentibus
1678 4656 1919 4726 genitus,
1957 4669 2043 4707 sa-

471 4779 595 4819 cras
641 4762 883 4831 primum
916 4760 1129 4812 litteras
1151 4795 1164 4819 ,
1210 4764 1398 4824 pOstea
1427 4753 1594 4807 etiam
1630 4749 1849 4805 Griecas
1876 4748 2043 4804 disci-

471 4857 687 4922 plinas,
727 4853 798 4906 ab
829 4852 949 4921 ejus
978 4849 1086 4904 loci
1123 4844 1402 4916 magistris
1429 4843 1641 4899 didicit.
1684 4841 1892 4897 Deinde
1921 4855 2046 4896 cum

470 4945 716 5001 Eusebio
759 4939 1030 5010 Pamphili
1075 4936 1407 4994 familiarius
1446 4948 1644 5004 agens,
1687 4942 1853 5001 atque
1883 4931 2048 4985 etiam

470 5054 595 5093 eum
627 5034 947 5106 PatrOpbilo
979 5028 1353 5103 Scythopolita
1376 5067 1391 5091 ,
1424 5025 1743 5081 accuratius
1788 5025 1844 5078 in
1875 5023 2050 5078 sacris

467 5139 555 5184 est
596 5128 853 5184 eruditus
899 5125 1122 5180 litteris.
1172 5118 1523 5175 Antiochiam
1558 5117 1749 5180 venit,
1796 5130 1918 5172 cum
1971 5114 2049 5170 ibi

469 5217 792 5274 Eustathius
815 5213 892 5286 (ι)
921 5223 1147 5283 propter
1173 5211 1386 5265 crimen
1417 5208 1466 5262 ei
1500 5209 1828 5262 intentatum
1855 5221 1885 5260 a
1908 5205 2067 5274 Cyro!

469 5312 539 5364 de
569 5308 741 5381 gradu
777 5308 1026 5376 dejectus
1056 5313 1179 5359 est:
1214 5313 1379 5371 atque
1412 5314 1539 5354 cum
1569 5313 1891 5354 successore
1923 5298 2047 5368 ejus

473 5401 798 5471 Euphronio
846 5398 1055 5453 eisdem
1103 5396 1158 5450 in
1204 5395 1418 5449 edibus
1451 5394 1581 5463 egit.
1640 5392 2048 5448 Sacerdotalem

471 5501 657 5546 autem
686 5490 1007 5561 dignitatem
1031 5488 1386 5558 deprecatus,
1410 5486 1628 5541 scholas
1652 5485 2049 5540 Alexandrinas

470 5582 868 5651 frequentat-it.
909 5580 1102 5650 Ibique
1145 5589 1419 5650 quantum
1449 5594 1589 5648 opus
1628 5587 1746 5632 erat
1779 5578 2053 5633 exercita-

545 5711 619 5781 (ί)
654 5712 809 5784 Αριιά
861 5713 1143 5768 Socratem
1201 5726 1287 5769 est
1338 5714 1434 5768 lib.
1486 5730 1543 5777 ιι,
1583 5728 1682 5781 cap
1729 5714 1792 5775 9,
1840 5713 2048 5784 Συνέὅη

473 5780 771 5855 Εὐσταθιον
810 5785 911 5836 ὑπὸ
945 5785 1111 5853 κ’ύρου
1142 5786 1593 5855 κατηγορηθέντα
1625 5780 1716 5835 τοῦ
1747 5780 2052 5853 Βερῤοιέως

470 5852 869 5926 καθαιρεθῆναι
918 5856 991 5919 ὡς
1021 5852 1447 5919 Σαϐελλὶζοντα.
1508 5855 1691 5908 Evenit
1739 5866 1792 5907 ut
1852 5856 2053 5908 Eusta-

2156 4666 2274 4735 ρίας
2305 4663 2596 4726 Εὑστάθιος
2631 4664 2872 4726 ὑποστὰς
2902 4664 3006 4715 ὑπό
3041 4664 3226 4734 Κύρου
3257 4664 3591 4736 καθῄρηται,
3634 4668 3747 4717 Εὑ-

2152 4756 2354 4826 φρονίῳ
2387 4755 2464 4825 τῷ
2500 4754 2617 4823 μετ’
2644 4757 2851 4808 ἐκεῖνον
2881 4756 3192 4824 ὁμωρόφιος
3222 4751 3309 4825 ἦν.
3347 4758 3751 4825 ΙΙαραιτούμε-

2151 4865 2240 4911 νος
2259 4848 2315 4899 δὲ
2341 4847 2608 4918 ἱερᾶσθαι,
2629 4848 2738 4908 τοῖς
2761 4848 2884 4900 κατ’
2908 4847 3315 4917 ’Δλεξάνδρειαν
3331 4849 3749 4911 διδασκαλείοις

2151 4939 2359 5005 ἐφοίτα.
2400 4939 2687 5008 Ἀσκηθεὶς
2715 4938 2771 4990 δὲ
2804 4937 3056 4991 κάκεῖθεν
3086 4940 3209 4991 ὅσον
3238 4940 3429 5009 ἐχρῆν,
3456 4940 3750 5005 ἐπανῆκεν

2152 5029 2309 5096 αὖθις
2359 5034 2439 5094 είς
2476 5032 2852 5101 Ἀντιόχειανο
2904 5034 2999 5084 καὶ
3052 5032 3395 5101 συνδιέτριϐε
3457 5034 3749 5103 Πλακήτῳ

2152 5123 2590 5191 ἐπισκοπήσαντι
2652 5121 2770 5191 μετ’
2808 5123 3128 5190 Εὑφρόνιον.
3177 5122 3330 5176 Ἐπεὶ
3391 5124 3447 5176 δὲ
3509 5124 3753 5178 σύνοδ-ν

2152 5214 2331 5267 ἐκεῖσε
2377 5213 2639 5275 Εὐσέϐιος
2680 5215 2707 5266 6
2751 5214 2851 5283 τῆς
2895 5214 3314 5267 Κωνσταιτίνου
3358 5216 3607 5280 συνίστα,
3660 5219 3751 5277 εἰς

2152 5305 2239 5356 τὸν
2274 5306 2368 5373 τῆς
2412 5304 2826 5374 Ἀλεξανδρεία-ς
2873 5306 3062 5375 θρόνον
3097 5304 3290 5358 τοῦτον
3327 5307 3580 5375 summa.
3630 5308 3758 5358 Καὶ

2151 5397 2259 5465 γὰρ
2288 5394 2424 5466 ᾣετο
2455 5397 2634 5461 λέγειν
2663 5397 2833 5450 δεινὸν
2862 5398 3018 5462 ὄντα,
3046 5398 3143 5451 καὶ
3168 5398 3261 5451 τὸν
3288 5398 3404 5469 βίον
3432 5398 3609 5461 καλῶς
3648 5406 3759 5450 καὶ

2242 5516 2251 5537 κ
2270 5489 2371 5551 θῶς
2399 5489 2741 5555 δεξάγοντα,
2770 5489 2964 5541 θᾶττον
2988 5491 3323 5557 Αἰγυπτίους
3356 5489 3761 5561 μεταρρυθμί-

2154 5599 2239 5633 σαι
2276 5583 2371 5651 τῆς
2403 5584 2532 5651 περὶ
2568 5583 2887 5637 Ἀθανάσιον
2920 5585 3177 5653 σχέσεως.
3217 5585 3303 5647 Ὠς
3336 5585 3392 5637 δὲ
3422 5586 3519 5654 τὴν
3545 5583 3761 5637 τοιαύ-

2154 5715 2287 5792 tltt'us
2306 5714 2495 5792 aCer
2518 5716 2761 5792 Ben/two
2788 5731 3065 5792 accusatus
3092 5728 3351 5791 tanquam
3375 5718 3760 5790 Sabellizam,

2153 5787 2209 5839 in
2241 5787 2475 5841 ordinent
2507 5789 2795 5842 damnatus
2832 5791 3171 5861 redigeretur.
