3934 6550
504 370 611 432 Ξῗθ

1721 370 2142 433 NICEPIIORI
2187 368 2534 430 CALLlSTI

3655 371 3768 434 €40

507 488 682 553 Atque
714 483 952 550 interea,
994 485 1140 555 quod
1186 500 1380 540 omnes
1411 501 1515 540 una
1552 497 1708 557 porta
1741 487 2069 557 egrederen-

2188 489 2255 548 εἷς
2295 485 2515 556 Ῥώμην
2551 484 2831 554 ἀνέτρεχε.
2865 485 3163 554 Γρηγόριο;
3201 485 3267 548 δ’,
3303 486 3545 538 ἐκποδὼν
3609 487 3772 541 ὲκεί-

507 587 616 639 tur,
648 578 979 634 Athanasius
1007 580 1060 634 in
1090 579 1267 634 media
1304 581 1541 649 psalmos
1571 580 1880 634 canentium
1916 579 2075 632 turba

511 677 709 729 tectus,
747 667 1040 722 incolumis
1071 666 1286 728 evadit,
1337 677 1498 736 atque
1545 667 1772 720 Romam
1816 664 2073 718 recurrit.

508 759 813 828 Gregorius
846 775 1032 827 porro,
1063 758 1157 812 illo
1185 759 1547 828 profugiente,
1575 757 1832 811 thronum
1863 756 2073 827 recipit.

509 854 740 920 Propter
801 851 946 920 quod
1005 851 1202 905 factum
1266 849 1560 903 multitudo
1625 847 1765 902 male
1817 851 2076 911 animata,

507 944 796 998 ecclesiam
843 959 964 1012 quae
1009 943 1151 1012 apud
1197 941 1344 1012 ipsos
1391 941 1493 996 sub
1543 940 1782 1011 Dionysii
1835 938 2077 1012 episcopi

456 1100 459 1103 .
510 1037 730 1090 nomine
769 1045 906 1100 erat,
945 1035 1052 1104 igni
1093 1034 1415 1088 combussit.
1462 1033 1736 1088 Eusebius
1767 1048 1891 1088 cum
1941 1034 2076 1096 suis,

509 1143 572 1180 ea
627 1144 684 1181 re.
738 1127 804 1180 ad
855 1127 1192 1181 voluntatem
1248 1141 1400 1180 suam
1458 1134 1715 1196 peracta,
1771 1139 2078 1195 magnoque

511 1223 698 1277 studio
743 1221 1018 1291 episcopis
1059 1221 1112 1274 in
1161 1219 1385 1276 Oriente
1420 1221 1709 1276 catholicis
1745 1221 1992 1290 rejectis,
2025 1230 2080 1275 et

509 1315 631 1367 aliis
683 1313 775 1382 qui
835 1314 1025 1366 eadem
1091 1328 1274 1366 secum
1331 1311 1635 1376 sentirent,
1686 1311 2080 1380 insignioribus

510 1405 756 1467 sedibus,
781 1405 1149 1470 Alexamlri;_e,
1180 1403 1487 1458 Antiochia:
1525 1402 1590 1456 ad
1624 1402 1906 1469 Orontem,
1937 1417 2080 1471 pra“:-

511 1497 690 1560 fectis,
718 1506 772 1550 et
803 1499 854 1549 in
891 1497 1006 1564 ipsa
1033 1479 1105 1548 ad
1141 1495 1552 1563 Hellespontum
1591 1495 1897 1564 imperante
1943 1494 2079 1549 urbe

512 1604 606 1655 per
637 1591 877 1656 scipsum
924 1587 1054 1642 sede
1103 1597 1362 1658 occupata
1391 1626 1404 1650 ,
1451 1587 1744 1640 admodum
1779 1587 2082 1654 morigeros

509 1680 751 1732 omnium
800 1694 992 1734 eorum
1030 1679 1278 1734 locorum
1323 1679 1519 1732 habuit
1553 1679 1860 1747 episcopos.
1903 1677 2082 1732 Julius

508 1779 690 1823 autem
720 1769 1002 1823 Romanus
1032 1769 1296 1838 pontifex,
1333 1776 1386 1823 et
1419 1766 1588 1821 totius
1617 1765 1932 1821 Occidentis
1963 1767 2081 1835 epi-

2183 595 2272 630 vou
2303 577 2701 647 γεγενημένου,
2732 576 2822 628 τδν
2853 575 3042 646 θρόνον
3075 577 3370 644 ἐλάμϐανε.
3401 577 3674 642 Χαλεπῶς
3713 580 3770 632 δὲ

2180 671 2240 722 τὸ
2273 667 2476 740 πλῆθος
2502 671 2616 730 τοῖς
2645 668 2958 739 γενομένοις
2989 669 3256 736 διατεθέν,
3289 671 3390 740 τὴν
3419 671 3547 742 παρ’
3571 673 3772 735 αὐτοῖς

2181 758 2462 812 Διονυσίου
2494 758 2588 812 τοῦ
2616 745 2928 812 ἐπισκόπου
2954 759 3253 828 ἐκκλησίαν
3283 763 3418 830 πυρὶ
3451 763 3774 829 παραδέδω-

2182 865 2301 901 κεν.
2338 849 2494 903 Οὕτω
2530 849 2574 903 δ’
2599 851 2700 904 ὅσα
2738 847 2806 920 ἦν
2841 853 2977 921 πρὶς
3019 851 3217 922 βουλῆς
3259 851 3507 922 Εὐσεϐίῳ
3547 870 3774 923 κατειρ-

2167 934 2495 1009 ’γασμένων,
2525 941 2725 1011 σπουδῇ
2753 957 2811 993 τε
2839 942 2946 994 τῶν
2973 943 3075 994 άνᾶ
3099 943 3196 1013 τὴν
3221 943 3295 995 ἕω
3320 945 3640 996 ἐπισκόπων
3672 961 3772 996 κα-

2184 1031 2534 1104 θῃρημένων,
2563 1034 2745 1096 αὐτοῖς
2775 1032 2819 1085 δ’
2840 1035 3163 1104 ὁμοφήρόνων
3192 1038 3304 1098 τοῖς
3331 1037 3628 1104 ἐπισήμοις
3662 1035 3772 1087 τῶν

2185 1125 2392 1196 θρόνων
2432 1125 2944 1180 ἀντικαταστάντων
2987 1129 3079 1180 ἐπί
3119 1145 3178 1180 τε
3217 1127 3626 1197 Ἀλεξανδρείας
3675 1130 3770 1179 καὶ

2182 1216 2281 1284 τῆς
2308 1218 2435 1287 παρ’
2467 1217 2722 1286 Ὀρόντην
2755 1219 3090 1300 Ἀντιοχείας
3110 1261 3126 1288 ,
3153 1222 3244 1274 καὶ
3269 1223 3367 1289 τῆς
3393 1221 3493 1273 ἀνὰ
3517 1221 3609 1272 τὸν
3643 1219 3773 1272 Ἐλ-

2181 1304 2483 1374 λήσποντον
2513 1305 2802 1375 βασιλίδος,
2835 1305 2890 1359 εὖ
2925 1307 3070 1377 μάλα
3101 1308 3462 1378 πειθομένους
3489 1303 3637 1376 εἶχον
3669 1312 3769 1360 καὶ

2183 1396 2311 1456 τοὺς
2343 1393 2446 1447 ἀνὰ
2479 1395 2592 1448 τόδε
2627 1394 2850 1464 σύμπαν
2882 1395 3122 1466 ὑπήκοον
3150 1399 3502 1461 ἐπισκόπους.
3542 1398 3772 1459 Ἰούλιος

2183 1488 2229 1541 δ’
2251 1491 2279 1541 ό
2307 1487 2408 1557 τῆς
2442 1486 2660 1558 Ῥώμης
2690 1490 3018 1552 ἐπίσκοπος,
3051 1488 3146 1540 καὶ
3176 1490 3226 1541 οἱ
3258 1490 3362 1542 ἀνά
3393 1491 3493 1560 τὴν
3524 1489 3772 1558 ἑσπέραν

2185 1580 2407 1634 ἃπασαν
2451 1581 2640 1648 ἱερεῖς,
2681 1580 2940 1644 καθάπαξ
2987 1583 3265 1633 ἐπαινέται
3311 1581 3411 1649 τῆς
3457 1585 3514 1634 ἐν
3560 1581 3773 1649 Νικαία

2187 1669 2405 1722 συνόδου
2435 1672 2822 1742 γεγενημένοι,
2855 1670 3318 1743 ὐϐριοπαθοῦντες
3347 1667 3486 1743 ἦσαν
3517 1674 3634 1736 τοῖς
3665 1675 3772 1728 ἀνὰ

2182 1762 2281 1835 τὴν
2304 1763 2379 1816 ἔω
2405 1764 2534 1834 παρ’
2555 1763 2744 1818 ἐλπίδα
2771 1765 3065 1836 συμϐᾶσιν.
3095 1765 3313 1834 Ἀμέλει
3335 1783 3418 1818 τοι
3442 1765 3535 1818 καὶ
3560 1765 3772 1836 ἥκοντα

506 1860 699 1926 scopi,
743 1867 1058 1912 constantes
1098 1858 1329 1912 Nican'ae
1371 1856 1561 1926 synodi
1607 1855 1996 1926 suifragatores
2027 1865 2077 1910 el

2188 1857 2324 1926 πρὸς
2355 1856 2556 1920 αὐτοὺς
2592 1857 2916 1911 Ἀθανάσιον
2947 1857 3204 1927 ἀσμένως
3235 1857 3520 1922 ἐδέξαντο,
3557 1859 3656 1910 καὶ
3689 1873 3771 1908 τι·

507 1950 865 2016 laudatores,
921 1951 1086 2004 rebus
1135 1965 1256 2020 qua:
1309 1951 1362 2003 in
1410 1948 1634 2004 Oriente
1684 1959 1883 2017 prieter
1927 1962 2078 2017 spem

507 2043 858 2106 act-iderent,
903 2041 1147 2112 graviter
1188 2040 1588 2111 amigebantur.
1631 2039 1812 2107 Ipsum
1855 2052 2080 2108 quoque

506 2135 868 2190 Athanasium
915 2135 981 2188 ad
1017 2150 1075 2190 se
1107 2136 1417 2189 venientem
1451 2135 1784 2204 perhenigne
1824 2147 2083 2200 suscepe-

507 2239 676 2283 runt:
721 2239 776 2282 et
813 2229 988 2282 virum
1037 2237 1278 2292 tantum,
1326 2228 1632 2298 eademque
1671 2243 1794 2283 cum
1838 2227 1917 2282 eis
1949 2243 2078 2282 sen-

509 2322 756 2385 tientem,
807 2321 1016 2375 honore
1061 2329 1193 2375 sunt
1235 2318 1542 2390 prosecuti,
1591 2335 1923 2388 causamque
1957 2319 2076 2390 ejus

504 2414 570 2467 ad
603 2413 868 2483 judicium
913 2413 1398 2482 cognitionemque
1439 2427 1595 2468 suam
1643 2411 2075 2466 transferendam

504 2505 804 2566 duxerunt,
835 2513 891 2558 et
923 2504 1146 2574 scriptis
1178 2520 1296 2557 eam
1329 2505 1400 2558 ob
1429 2520 1544 2558 rem
1577 2503 1777 2558 litteris
1807 2503 2073 2572 synodum

2189 1947 2294 2016 μῆς
2327 1947 2514 2019 ἠξίουν
2549 1947 2788 2001 τοιοῦτόν
2821 1965 2884 2016 γε
2919 1949 3081 2014 ὅντα,
3116 1950 3206 2001 καὶ
3240 1949 3521 2020 ὁμόφρονα
3553 1949 3770 2010 τούτοις

2185 2040 2561 2111 καθεστηκότα
2591 2057 2606 2074 ·
2655 2044 2752 2096 καὶ
2799 2042 2898 2112 τὴν
2947 2043 3074 2096 κατ’
3112 2041 3428 2096 Ἀθανάσιον
3478 2042 3636 2112 δίκην
3685 2043 3772 2092 ἐπ’

2185 2133 2368 2197 αὐτοῖς
2409 2133 2662 2201 γενέσθαι
2703 2132 3108 2204 διῳκονόμουν·
3144 2135 3237 2186 καὶ
3279 2133 3589 2204 γράφοντες
3630 2131 3768 2200 πρὶς

2185 2227 2412 2290 ἑαυτοὺς
2436 2228 2534 2297 τὴν
2565 2225 2781 2280 σύνοδον
2825 2227 3265 2298 μετεστέλλοντο.
3311 2227 3677 2286 Χαλεπαίνων
3712 2224 3769 2277 δὲ

2181 2317 2394 2380 τούτοις
2423 2317 2702 2382 Εὐσέϐιος,
2728 2319 3146 2389 διεπρεσϐεύετο
3176 2319 3313 2390 πρὸς
3339 2317 3585 2382 Ἰούλιον,
3615 2316 3768 2386 αὐτῷ

2183 2409 2344 2480 δῆθεν
2375 2411 2690 2481 ἐπιτρέπων
2720 2411 2821 2482 τὴν
2853 2412 3041 2482 κρίσιν
3073 2413 3183 2466 τῶν
3211 2413 3270 2466 ἐν
3305 2411 3467 2482 Τύρῳ
3495 2409 3768 2477 δοξάντων

2184 2503 2328 2556 κατὰ
2362 2501 2700 2558 Ἀθανασίου.

503 2599 571 2653 ad
605 2615 662 2653 se
692 2609 1016 2653 evocarunt.
1065 2597 1276 2664 Quibus
1318 2598 1520 2653 litteris
1587 2596 1859 2652 Eusebius
1927 2596 2317 2664 exacerbatus,
2359 2598 2540 2652 missis
2567 2596 2634 2652 ad
2697 2597 2906 2654 Julium
2936 2595 3158 2668 legatis,
3188 2595 3462 2668 judicium
3491 2595 3544 2652 ei
3577 2610 3766 2650 rerum

503 2697 560 2748 in
595 2693 757 2763 Tyria
789 2693 996 2764 synodo
1031 2694 1292 2750 adversus
1320 2693 1678 2748 Athanasium
1712 2692 2059 2747 decreturum
2103 2693 2374 2764 permisit.

1101 2837 1326 2892 CAPUT
1363 2836 1472 2890 νει.

505 2927 572 2983 Ut
602 2937 713 2993 post
769 2929 1046 2983 Eusebium
1086 2927 1284 2982 Paulus
1332 2945 1545 2981 rursum
1589 2928 1760 2981 sedem
1793 2931 2070 2997 receperit,

571 3002 759 3052 Ariani
791 3011 968 3052 autem
1015 3000 1380 3052 .llacedoninm
1437 3007 1618 3050 contra
1648 3015 1763 3050 eum
1805 2999 2072 3067 foverint:

571 3081 618 3122 et
669 3070 732 3121 de
765 3070 900 3123 ca’de
935 3070 1274 3138 Hermogenis
1302 3069 1488 3122 ducis:
1520 3077 1565 3120 et
1593 3076 1650 3119 ut
1674 3070 1842 3122 denuo
1874 3068 2074 3122 Paulus

570 3141 636 3192 sit
658 3141 870 3208 ejcctus.

570 3313 894 3382 Priusquam
935 3323 1115 3368 autem
1155 3329 1478 3384 reSponsum
1533 3316 1704 3371 Roma
1751 3318 2073 3383 accepisset,

502 3405 774 3461 Eusebius
799 3405 944 3460 diem
981 3421 1140 3460 suum
1171 3408 1349 3470 obiit,
1387 3423 1497 3463 non
1527 3408 1620 3463 diu
1660 3425 1688 3462 a
1725 3412 1932 3481 synodo
1961 3412 2077 3464 An-

503 3497 758 3555 tiochena
794 3507 1096 3566 superstes.
1127 3499 1300 3552 Porro
1326 3499 1508 3554 bellua
1541 3515 1604 3554 ea
1651 3501 1886 3566 sublata,
1930 3501 2078 3556 Con-

503 3590 864 3660 stantinOpoli
899 3599 1076 3645 caelus
1117 3591 1333 3660 piorum
1383 3590 1568 3645 studio
1599 3600 1656 3646 et
1701 3577 1936 3655 ardore,‘
1967 3610 2076 3663 quo

501 3700 632 3753 erga
653 3683 871 3738 Nicmna
900 3683 1120 3737 decreta
1159 3682 1500 3748 lerebantur,
1540 3683 1766 3738 Paulum
1804 3685 1860 3738 in
1901 3687 2078 3740 eccle-

503 3780 640 3831 siam
676 3776 970 3832 reduxere.
1007 3775 1145 3830 Tum
1177 3791 1396 3845 quoque
1425 3776 1756 3830 Arianorum
1792 3778 1978 3838 factio,
2018 3785 2075 3831 et

504 3869 844 3939 Theognidis
875 3878 1041 3938 atque
1073 3867 1348 3922 Theodori
1382 3867 1648 3922 Perinthii
1676 3869 2074 3938 (lleracleotem

503 3979 629 4017 eum
671 3960 981 4030 nominant)
1015 3969 1336 4022 sectatores,
1367 3960 1422 4012 in
1447 3974 1514 4014 ea
1537 3975 1658 4028 quae
1685 3959 1838 4015 Pauli
1873 3961 2076 4015 dicitur

501 4055 754 4120 ecclesia,
789 4066 1062 4110 conventu
1090 4063 1234 4117 acto,
1274 4054 1652 4109 Macedonium
1680 4038 2076 4110 Constantino-

505 4149 808 4218 politanum
835 4148 1115 4216 elegerunt
1135 4149 1479 4217 episcopum.
1504 4147 1562 4201 In
1595 4147 1800 4216 quibus
1833 4163 1957 4200 cum
1982 4146 2076 4200 alii

505 4242 681 4306 multi,
718 4252 830 4296 tum
868 4242 1117 4298 Ursicius
1147 4250 1203 4294 ct
1229 4240 1446 4303 Valens,
1475 4239 1644 4310 684
1674 4241 1815 4294 alter
1852 4241 2077 4309 quidem

503 4333 816 4403 Singidonis
835 4333 1136 4402 superioris
1170 4331 1369 4403 Mysiae,
1396 4331 1534 4386 alter
1557 4340 1741 4386 autem
1768 4331 2078 4385 Mursorum

503 4424 812 4492 superioris
872 4423 1172 4477 Pannonia:
1199 4421 1444 4491 episcopi
1495 4421 1651 4476 fuere
1693 4420 1832 4490 :qui
1889 4431 2078 4490 postea

2793 2838 3044 2892 ΚΕΦΔΛ.
3085 2839 3160 2891 Z'.

2194 2930 2288 2994 Ὠς
2315 2930 2465 2996 μετὰ
2494 2927 2797 2982 Εὐσέϐιον
2827 2928 3016 2982 πάλιν
3066 2933 3098 2983 ό
3134 2929 3376 2995 Παῦλος
3397 2929 3504 2982 τὸν
3538 2931 3765 2998 θρόνον

2256 2999 2633 3066 ἐλάμϐανεν·
2666 3003 2720 3052 οἱ
2755 2999 2824 3051 δὲ
2856 3000 3135 3066 Ἀρειανοὶ
3180 2999 3554 3053 Μακεδόνων
3577 3017 3758 3067 προε-

2257 3070 2581 3134 ϐάλλοντο,
2619 3070 2717 3122 καὶ
2743 3069 2874 3136 περὶ
2901 3069 3012 3136 τῆς
3037 3069 3407 3140 ἀναιρέσεως
3435 3069 3542 3122 τοῦ
3577 3087 3763 3134 στρα-

2255 3141 2521 3203 τηλάτου
2567 3140 2964 3208 Ἑρμογένους
2992 3154 3006 3170 ·
3036 3141 3132 3193 καὶ
3159 3141 3240 3204 ὼς
3268 3140 3541 3208 ἐξηλάθη
3571 3141 3763 3192 πάλιν

2250 3211 2283 3262 ὁ
2307 3209 2570 3274 Παῦλος.
3537 3221 3540 3224 ‘

2250 3321 2426 3390 Πρινὴ
2475 3320 2666 3390 δὲτὴν
2719 3322 2784 3374 ἐκ
2843 3321 3067 3402 Ῥώμης
3123 3318 3424 3388 ἀπολογίαν
3477 3320 3701 3389 μαθεῖν,
3735 3320 3762 3370 δ

2181 3410 2443 3474 Εὐσέϐιος
2497 3411 2690 3480 φθάνει
2741 3412 2834 3464 τὸν
2885 3411 3005 3482 βίον
3051 3410 3362 3476 ἀπολιπὼν,
3401 3411 3460 3464 οὐ
3495 3409 3759 3479 πάμπολυ

2181 3502 2280 3570 τῆς
2327 3504 2385 3554 ἐν
2427 3503 2736 3574 Ἀντιοχείᾳ
2787 3502 3104 3572 ὑστερήσας
3142 3502 3387 3556 συνόδου.
3438 3501 3546 3554 Τοῦ
3577 3502 3640 3555 δὲ
3671 3518 3760 3553 το-

2183 3594 2376 3646 σούτου
2408 3593 2808 3664 διαφθαρέντος
2832 3595 3020 3666 θηρὸς,
3049 3595 3078 3646 ό
3102 3595 3200 3662 τῆς
3231 3594 3653 3647 Κωνσταντίνου
3679 3596 3762 3645 εύ-

2183 3685 2350 3756 σεϐὴς
2383 3686 2567 3754 ὅμιλος
2608 3684 2760 3756 ζήλῳ
2785 3688 2894 3740 τῶν
2941 3686 3085 3740 κατὰ
3134 3685 3375 3740 Νίκαιαν
3420 3685 3760 3756 δεδογμένων

2181 3778 2271 3830 τὸν
2324 3777 2539 3831 Παῦλον
2590 3774 2747 3840 αὖθις
2795 3781 2880 3842 είς
2945 3777 3047 3848 τὴν
3107 3777 3409 3847 ἐκκλησίαν
3455 3778 3757 3846 ἀνήγαγον.

2181 3871 2340 3924 Κατά
2370 3873 2571 3924 ταυτὸν
2610 3872 2669 3924 δέ
2717 3872 2812 3924 καὶ
2846 3872 2895 3924 οἱ
2927 3869 3027 3938 τῆς
3068 3867 3371 3941 Ἀρειανῶν
3419 3873 3759 3939 συμμορίας.

2181 3965 2230 4016 ot
2257 3964 2403 4032 ἀμφὶ
2438 3962 2662 4032 Θέογνιν
2693 3965 2788 4016 καὶ
2819 3963 3094 4033 Θέοδωρον
3121 3963 3213 4014 τὸν
3243 3959 3552 4031 Περίνθιον,
3589 3961 3656 4013 Ἥ
3668 3977 3759 4031 p1-

2181 4055 2430 4125 κλεώτην
2459 4055 2516 4108 δέ
2546 4055 2710 4110 αὐτὸν
2745 4055 3134 4123 ὀνομάζουσιν,
3163 4056 3220 4106 ἐν
3248 4055 3314 4123 τῇ
3367 4054 3510 4106 κατὰ
3546 4053 3759 4106 Παῦλον

2181 4142 2454 4212 εἰρημένῃ
2517 4141 2822 4213 Ἐκκλησία
2879 4142 3246 4206 συνελθόντες,
3290 4141 3630 4195 Μακεδόνων
3664 4143 3759 4212 τῆς

2183 4231 2603 4286 Κωνσταντίνου
2667 4233 3459 4303 χειροτονοῦσινἐπίσκοπον.
3525 4233 3618 4286 Ἐν
3682 4231 3759 4295 οἷς

2183 4324 2335 4378 ἄλλοι
2371 4341 2430 4377 τε
2475 4323 2686 4390 πολλοὶ,
2720 4326 2814 4378 καὶ
2864 4325 3186 4395 Οὐρείκιος,
3217 4325 3312 4377 καὶ
3343 4325 3564 4396 Οὐάλης
3587 4343 3602 4357 ·
3637 4320 3710 4379 ὧν
3732 4327 3758 4378 ὁ

2187 4418 2285 4486 μὲν
2323 4415 2638 4483 Σιγγιδόνος
2664 4418 2764 4486 τῆς
2808 4415 2923 4468 ἄνω
2967 4417 3210 4480 Μυσίας,
3254 4417 3497 4486 Μυρσῶν
3549 4417 3607 4470 δὲ
3662 4420 3757 4484 τῆς

505 4518 809 4585 rcsipuere,
860 4523 915 4569 et
958 4514 1144 4568 libello
1175 4511 1513 4583 pmnitentia:
1550 4513 1699 4568 Julio
1732 4513 1918 4567 Romae
1962 4513 2077 4582 epi-

2188 4507 2301 4559 ἄνω
2327 4507 2626 4570 Παννονίας
2661 4509 2896 4576 Οὐάλης,
2942 4503 3086 4577 ἦσαν
3123 4507 3456 4562 ἐπίσκοποι·
3490 4509 3540 4562 οἳ
3586 4510 3655 4579 δὴ
3702 4514 3755 4571 ἐς

505 4624 671 4680 scopo
697 4609 903 4670 oblato,
948 4609 1226 4678 ὁμοουσίῳ
1275 4606 1735 4662 consubstantiali
1773 4620 2079 4671 assensere,

503 4712 559 4755 ct
607 4702 673 4756 ad
709 4703 1150 4756 communionem
1180 4701 1406 4755 admissi
1451 4711 1602 4754 sunt.
1632 4700 1771 4753 Tum
1819 4699 2082 4768 temporis

503 4805 688 4849 autem
737 4809 894 4848 acres
939 4795 1153 4848 Arianae
1207 4793 1489 4863 Opinionis
1546 4791 1914 4856 annulatores,
1967 4805 2080 4845 non

502 4900 703 4953 parvos
739 4884 996 4939 Ecclesiae
1037 4893 1216 4938 motus
1255 4865 1566 4938 excitarunt
1607 4899 1620 4935 :
1653 4895 1890 4950 quorum
1935 4895 2078 4936 unus

502 4978 667 5051 etiam
706 4978 1058 5051 Macedonius
1098 4977 1222 5030 fuit.
1245 4975 1406 5030 Civili
1443 4989 1680 5042 namque
1707 4987 1775 5026 ex
1820 4987 1885 5026 ea
1913 4986 2078 5026 causa

502 5049 650 5124 bello
677 5049 892 5133 exorto,
935 5070 1090 5139 plebs
1121 5067 1365 5137 quotidie
1401 5066 1516 5120 fere
1564 5064 1894 5119 seditionem
1947 5078 2081 5117 con-

504 5160 709 5213 citabat
760 5176 774 5212 :
829 5171 884 5214 et
929 5157 1284 5212 multitudine
1350 5153 1612 5224 utrinque
1665 5161 2028 5208 concurrente
2059 5189 2076 5215 ,

503 5251 724 5320 plurimi
763 5251 1142 5306 atterebantur
1167 5257 1332 5318 atque
1371 5245 1642 5315 peribant.
1676 5245 1793 5311 Qua
1825 5259 1882 5300 re
1909 5245 2079 5313 impe-

503 5352 656 5396 rator
681 5343 918 5412 cognita,
965 5357 1088 5395 cum
1137 5340 1316 5394 adhuc
1355 5337 1711 5394 Ancbiocliiae
1745 5345 2077 5402 moraretur,

503 5431 584 5484 ira
624 5433 901 5500 percitus,
951 5428 1282 5498 llermogeni
1333 5427 1496 5494 duci,
1539 5429 1632 5496 qui
1665 5436 1778 5480 tum
1812 5428 1865 5480 in
1899 5427 2078 5480 Thra-

502 5524 642 5578 ciam
670 5522 872 5576 tnissus
911 5520 1113 5585 fuerat,
1167 5519 1467 5582 mandavit,
1503 5527 1562 5572 ut
1610 5533 1676 5573 ex
1715 5517 1914 5572 itinere
1951 5533 2076 5570 cum

502 5607 745 5684 equestri
771 5629 934 5667 manu
968 5615 1024 5667 in
1058 5614 1247 5666 urbem
1298 5613 1704 5681 itnperatricem
1747 5610 2072 5674 diverterct,

501 5716 555 5758 et
577 5704 804 5758 Paulum
836 5704 1076 5760 Ecclesia
1113 5705 1354 5773 ejiceret.
1387 5703 1491 5768 Qui
1525 5703 1616 5757 ubi
1651 5703 1832 5768 alIut't,
1871 5710 1926 5756 et
1968 5701 2076 5754 im-

503 5807 687 5868 perata
721 5797 968 5852 facturus
1001 5797 1289 5851 militarem
1332 5811 1551 5851 manum
1575 5795 1867 5866 _adliibuit,
1920 5793 2072 5863 plebs

2185 4597 2413 4670 ὕστερον
2470 4601 2765 4670 μεταμέλῳ
2799 4601 3145 4670 χρησάμενοι
3198 4600 3404 4669 βιϐλίον
3461 4607 3756 4672 μετανοίας

2182 4694 2262 4766 τῷ
2303 4695 2522 4767 Ῥώμης
2562 4697 2766 4766 Ἰουλίῳ
2789 4697 2994 4762 δόντες,
3030 4697 3106 4765 τῷ
3137 4699 3413 4771 δμοουσίῳ
3438 4699 3752 4760 συνέθεντο,

2183 4791 2281 4842 uati.
2313 4791 2595 4844 κοινωνεῖν
2633 4791 2970 4860 ἠξιώθησαν.
3023 4791 3344 4860 Τηνικαῦτα
3395 4791 3451 4844 δὲ
3498 4793 3754 4862 διάπυροι

2183 4882 2426 4953 ζηλωταὶ
2471 4882 2570 4950 τῆς
2618 4883 2969 4951 ’Ᾱρειανικῆς
3017 4881 3315 4952 θρησκείας
3365 4883 3546 4946 ὀντες,
3602 4884 3754 4937 πολέ-

2183 4988 2321 5040 μους
2351 4972 2494 5025 κατὰ
2523 4973 2620 5043 τῆς
2664 4971 2992 5042 Ἐκκλησίας
3013 4973 3072 5024 οὐ
3097 4974 3330 5043 μικροὺς
3356 4973 3748 5044 ἀνεστήσαντο·
3829 5033 3841 5045 _

2180 5058 2258 5116 ὧν
2293 5057 2374 5126 εἷς
2409 5063 2505 5116 καὶ
2532 5065 2560 5115 δ
2586 5064 2729 5117 κατά
2777 5063 3139 5117 Μακεδόνων.
3179 5065 3481 5132 Ἑμφυλίου
3512 5069 3622 5136 γάρ
3671 5067 3752 5118 ἐν·

2179 5153 2374 5206 τεῦθεν
2416 5153 2657 5223 πολέμου
2698 5154 3093 5223 γεγενημένου,
3127 5153 3317 5206 στάσιν
3351 5155 3378 5206 ό
3411 5153 3586 5222 δῆμος
3635 5149 3750 5205 καθ’

2181 5245 2420 5314 ἑκάστην
2444 5245 2520 5308 ώς
2545 5246 2722 5298 εἰπεῖν
2750 5240 2885 5314 εἶχε.
2909 5245 3017 5298 Τοῦ
3047 5246 3103 5297 δὲ
3140 5244 3387 5315 πλήθους
3417 5244 3753 5312 συμπίπτον-

2181 5355 2274 5401 τος
2323 5336 2686 5406 ἐκατέρωθεν,
2720 5337 3009 5402 πλείστους
3053 5353 3115 5390 τε
3163 5338 3549 5408 συντρίϐεσθαι
3599 5337 3749 5388 σονέ-

2181 5429 2334 5482 ϐαινε
2365 5429 2460 5482 καὶ
2491 5429 2838 5484 διόλλυσθαι·
2889 5430 2924 5484 ἃ
2970 5430 3036 5502 δὴ
3085 5432 3178 5484 καὶ
3209 5430 3440 5502 βασιλέα
3487 5429 3748 5500 μαθόντα,

2181 5518 2260 5569 ἔτι
2305 5517 2448 5571 κατᾶ
2481 5520 2580 5588 τὴν
2626 5519 2961 5590 Ἀντιόχειαν
2989 5519 3359 5587 διατρίϐοντα,
3385 5519 3662 5590 περιοργῆ
3696 5535 3748 5572 τε

2179 5611 2494 5679 γενόμενον,
2524 5611 2847 5681 Ἑρμογένει
2877 5613 3220 5666 ἐντείλασθαι
3247 5612 3745 5685 στρατη).ἁτη,τοίς

2179 5701 2466 5772 Θρᾳκῴοις
2522 5703 2714 5774 μέρεσι
2767 5706 3070 5775 τηνικαῦτα
3119 5705 3183 5774 δὴ
3232 5705 3442 5758 στειλα·
3477 5709 3604 5775 ἐνῳ,
3633 5701 3743 5757 ὁδοῦ

2180 5795 2461 5864 πάρεργον
2490 5795 2587 5867 τὴν
2625 5797 2872 5868 βασιλίδα
2920 5797 3252 5852 καταλαϐεῖν
3286 5798 3385 5853 σὺν
3415 5798 3622 5872 ἱππικῇ
3659 5793 3742 5848 δυ·
