3928 6538
468 430 575 496 243

1694 438 2114 499 NICEPHORI
2157 438 2495 497 CALLlSTl

3608 429 3701 493 ἳ-ίί

471 546 662 600 tudine
711 555 891 602 autem
945 548 1091 605 sedis
1149 566 1282 617 suae,
1333 566 1399 609 ex
1454 556 1625 611 veleri
1674 555 1961 625 privilegio
1987 562 2042 608 et

2152 556 2236 627 Τῷ
2269 555 2324 608 δὲ
2354 556 2449 610 τοῦ
2486 555 2680 626 θρόνου
2708 555 2982 625 ἀξιώματι
3031 554 3095 607 ἐκ
3127 553 3233 605 τῶν
3286 550 3549 604 ἀνέκαθεν
3584 567 3703 618 προ·

468 640 941 712 prrcrogatiraﬂ),
977 657 1290 711 persuasum
1313 645 1542 707 habens.
1563 648 1808 702 omnium
1835 648 2040 717 ubique

469 732 853 802 episcoporum
884 749 1070 788 curam
1121 746 1176 790 et
1201 735 1473 806 judicium
1524 739 1591 793 ad
1650 755 1708 795 se
1740 742 2039 809 pertinere.

469 822 611 875 datis
666 822 865 892 cuique
916 822 1195 879 liberrime
1242 828 1461 897 scriptis
1511 829 1733 897 litteris,
1788 846 1917 886 suas
1959 831 2043 885 eis

468 913 728 969 ecclesias
782 914 1060 979 reddidit,
1095 932 1300 988 eosque
1353 935 1406 972 tn
1447 918 1729 975 Orientem
1779 921 2039 975 remisit:

469 1020 565 1059 eos
598 1005 692 1074 qui
729 1013 936 1062 temere
966 1007 1089 1062 illos
1120 1020 1595 1075 exauctorassent,
1643 1014 2038 1083 perstringens.

472 1106 530 1151 ut
559 1096 651 1166 qui
678 1112 783 1151 non
809 1108 957 1152 recta
987 1093 1351 1168 se'querentur
1384 1102 1634 1163 consilia.
1669 1116 1961 1173 momsque
1986 1112 2044 1157 et

472 1189 664 1243 turbas
693 1190 941 1245 ecclesiis
971 1203 1247 1255 crearent,
1269 1207 1447 1263 neque
1479 1194 1646 1249 semel
1666 1194 1856 1261 Nicaea:
1885 1194 2043 1249 factis

473 1281 598 1335 tidei
634 1279 871 1336 decretis
900 1291 1132 1337 starent.
1163 1282 1243 1337 Ad
1276 1284 1393 1338 haec
1417 1287 1701 1356 praecepit,
1735 1296 1795 1341 ut
1820 1287 2041 1356 quidam

470 1392 537 1432 ex
566 1378 647 1431 eis
676 1376 742 1430 ad
776 1376 923 1430 diem
965 1377 1328 1432 constitutum
1368 1379 1555 1434 Romae
1605 1390 1805 1449 prmsto
1833 1387 2041 1443 essent,

474 1468 569 1538 qui
605 1479 752 1523 recte
807 1468 1136 1523 sententiam
1189 1468 1244 1524 in
1280 1469 1674 1527 condemnatos
1710 1472 1875 1526 latam
1921 1485 2043 1526 esse

472 1560 788 1627 probarent.
828 1558 923 1615 Sin
952 1561 1158 1626 minus,
1187 1563 1363 1617 minas
1390 1563 1605 1618 addidit
1634 1578 1647 1615 :
1683 1562 1785 1617 nisi
1815 1579 1844 1616 a
1878 1562 2043 1617 rebus

473 1652 736 1708 novandis
771 1652 1123 1720 desisterent,
1170 1669 1228 1708 se
1262 1654 1332 1709 ab
1365 1655 1447 1710 eis
1496 1670 1682 1711 sacras
1720 1664 2040 1710 exacturum

471 1760 689 1816 punias.
728 1743 1061 1801 Athanasius
1085 1786 1099 1809 ,
1147 1756 1203 1801 et
1236 1747 1327 1815 qui
1369 1761 1494 1800 eum
1525 1762 1592 1802 eo
1640 1756 1821 1812 erant,
1859 1746 2044 1803 missis

472 1837 539 1892 ad
572 1835 878 1892 Orientales
903 1836 1192 1907 episcopos
1234 1838 1464 1901 litteris,
1497 1839 1761 1894 ecclesias
1802 1854 1932 1896 suas
1959 1855 2044 1895 re-

470 1934 758 1995 ceperunt.
789 1925 957 1998 686
994 1925 1074 1980 llli
1122 1927 1517 1981 contumeliam
1562 1942 1686 1983 esse
1740 1928 1843 1983 rati
1909 1928 2039 1984 Julii

471 2017 934 2088 objurgationem,
963 2017 1268 2073 Antiochiae
1299 2020 1639 2089 congregati,
1670 2018 1737 2075 de
1769 2021 2040 2076 sententia

471 2109 716 2163 omnium
745 2109 1033 2179 epistolam
1065 2109 1129 2164 ad
1159 2125 1286 2164 eum
1320 2097 1541 2176 misere,
1576 2111 1887 2168 luculenter
1920 2113 2046 2182 qui-

473 2200 597 2255 dem
659 2200 807 2255 illam
856 2202 1136 2271 scriptam,
1186 2201 1381 2258 ironiis
1430 2211 1614 2258 autem
1671 2203 2046 2275 aculeatisqne

473 2292 658 2348 verbis
690 2293 967 2357 refertam,
997 2294 1377 2365 forensemque
1411 2305 1466 2351 et
1498 2298 1816 2368 iudicialem
1846 2300 1897 2354 in
1932 2314 2048 2354 mo—

475 2384 603 2435 dum
634 2385 991 2451 compositam
1017 2423 1034 2447 ,
1064 2394 1120 2438 et
1148 2400 1268 2453 quae
1300 2388 1422 2457 styli
1452 2387 1502 2441 vi
1531 2397 1585 2442 et
1632 2390 1896 2458 gravitate
1941 2389 2044 2442 mi-

477 2485 669 2522 narum
704 2484 899 2538 expers
944 2486 1052 2525 non
1100 2482 1265 2527 esset.
1310 2473 1666 2544 Scripserunt
1729 2479 1899 2540 enim,
1936 2478 2047 2532 Βο·

479 2576 650 2613 mana:
709 2563 931 2631 quidem
991 2562 1115 2619 urbi
1167 2565 1239 2619 ab
1300 2568 1557 2623 omnibus
1636 2570 2044 2627 observantiam

478 2652 728 2707 exhiberi
757 2666 811 2708 et
842 2657 1107 2710 honorem
1142 2672 1156 2711 :
1189 2658 1392 2728 quippe
1422 2675 1544 2728 quae
1587 2663 1891 2732 antiquitus
1914 2680 2047 2734 apo-

476 2746 743 2799 stolorum
777 2746 1115 2803 domicilium
1158 2759 1214 2805 et
1268 2750 1476 2815 schola,
1512 2767 1765 2823 versaque
1808 2758 2045 2826 pietatis,

479 2836 753 2907 utaliquis
774 2838 939 2902 dicat,
975 2841 1294 2911 metropolis
1321 2852 1377 2897 et
1408 2844 1664 2913 primaria
1694 2848 1826 2901 urbs
1848 2848 2046 2902 fuerit:

476 2930 728 2998 quamvis
750 2946 816 2986 ex
846 2931 1069 2989 Oriente
1101 2949 1384 3005 praecones
1426 2938 1545 3008 ejus
1578 2953 1644 2993 eo
1680 2941 1953 3001 venerint.
1990 2952 2048 2997 se

479 3031 657 3076 tamen
690 3038 799 3077 non
842 3023 965 3077 ideo
1009 3025 1280 3081 secundas
1326 3025 1469 3083 ferre
1503 3027 1728 3093 debere,
1767 3035 1912 3100 quod
1945 3033 2048 3087 Ec-

478 3114 660 3170 clesia:
715 3105 1092 3187 magnitudine
1138 3120 1454 3190 superiores
1500 3137 1607 3176 non
1659 3133 1867 3191 essent,
1924 3141 2049 3180 cum

477 3207 682 3262 virtute
706 3216 762 3262 et
809 3208 973 3263 rebus
1005 3209 1128 3264 aliis
1154 3212 1368 3281 priores
1414 3226 1475 3267 sc
1504 3227 1625 3268 esse
1651 3214 2048 3271 existimarent.
2075 3184 2120 3246 δ

479 3296 613 3353 illud
645 3300 812 3354 etiam
859 3301 1107 3358 criminis
1163 3303 1283 3359 loco
1312 3305 1565 3376 ohjecere
1589 3345 1605 3369 ,
1641 3310 2052 3366 communicare

478 3406 605 3445 eum
639 3408 763 3447 cum
788 3392 1089 3448 Athanasio
1120 3396 1363 3450 animum
1415 3398 1695 3455 induxisse
1729 3418 1742 3453 :
1776 3400 1939 3471 idque
1969 3403 2044 3454 in-

480 3480 646 3551 digne
688 3483 886 3547 tulere,
923 3483 1090 3537 veluti
1122 3488 1451 3542 contumelia
1477 3490 1666 3560 synodi
1696 3506 1890 3545 eorum
1927 3508 2055 3547 sen-

480 3574 666 3628 tentie
696 3575 932 3644 irrogata
967 3586 1130 3631 esset.
1183 3576 1247 3630 Et
1292 3576 1497 3634 factum
1544 3581 1745 3650 ipsum,
1796 3592 1856 3637 ut
1903 3585 2048 3653 quod

480 3676 674 3720 contra
717 3667 1029 3723 sanctiones
1064 3668 1323 3724 Ecclesiae
1366 3672 1745 3742 processisset,
1803 3675 2051 3746 iniquunt

485 3772 627 3819 esse,
688 3767 819 3810 sunt
859 3758 1195 3814 calumniati.
1239 3765 1421 3833 Atque
1469 3780 1609 3835 aegre
1658 3767 1709 3822 id
1773 3768 1854 3823 cis
1908 3784 2050 3835 esse,

487 3860 743 3913 rec'eque
770 3861 827 3900 se
854 3863 979 3901 eum
1006 3851 1424 3919 reprehendere,
1469 3871 1592 3909 eum
1621 3856 1888 3914 dixissent
1920 3876 1934 3915 :
1963 3876 2055 3930 po-

2144 651 2348 719 νομίων
2385 649 2536 713 εἰδὼς
2570 651 2951 718 προσήκουσαν
2981 645 3162 714 ἐαυτῷ
3191 645 3291 717 τὴν
3316 644 3423 698 τῶν
3463 645 3701 699 ἁπαντα-

2143 741 2241 811 χοῦ
2267 742 2462 809 ἰερέων
2488 740 2816 810 κηδεμονίαν
2843 756 2902 792 τε
2929 742 3023 792 καὶ
3049 738 3366 807 ἀνάκρισιν,
3399 732 3703 806 παρῤησίας

2148 833 2368 899 μεστοῖς
2412 829 2707 899 γράμμασι
2759 828 3099 890 καθοπλίσας
3128 827 3346 886 αὐτοὺς.
3370 826 3583 893 ἑκάστῳ
3616 823 3703 891 τὴν

2146 923 2283 975 ἰδίαν
2313 905 2611 991 ἐκκλησίαν
2641 921 2930 989 ἀπένειμε,
2971 920 3061 972 καὶ
3084 919 3165 981 εἰς
3186 918 3285 986 τὴν
3305 917 3381 971 ἕω
3411 915 3700 982 ἐξέπεμπε,

2143 1016 2556 1085 καθαπτόμενος
2606 1014 2713 1069 τῶν
2759 1014 3051 1086 προπετῶς
3105 1012 3445 1067 καθελόντων
3494 1009 3700 1064 αὐτοὺς,

2145 1108 2242 1161 ἃτε
2274 1108 2339 1178 δὴ
2377 1107 2450 1178 μὴ
2501 1107 2948 1179 βεϐουλευμένων
2996 1105 3063 1159 τὰ
3108 1105 3316 1167 δέοντα,
3360 1102 3429 1155 δι’
3460 1101 3624 1170 ὄχλου
3654 1115 3701 1149 τε

2143 1201 2445 1269 γινομένων
2481 1202 2600 1263 ταῖς
2649 1197 2992 1267 ἐκκλησίαις,
3018 1196 3111 1251 καί
3154 1194 3230 1264 μὴ
3260 1193 3609 1263 ἐμμενόντων
3645 1193 3702 1258 τῇ

2145 1291 2404 1357 καθάπαξ
2425 1293 2484 1344 ἐν
2515 1292 2726 1362 Νικαίᾳ
2753 1290 3070 1363 κυρωθείσῃ
3096 1289 3300 1343 πίστει.
3335 1285 3475 1354 Πρὸς
3508 1285 3573 1352 δὴ
3596 1284 3704 1333 τού-

2142 1402 2258 1447 τοις
2293 1370 2533 1448 ἐκέλευε,
2565 1384 2656 1437 καί
2688 1400 2838 1446 τινας
2870 1383 2950 1445 εἰς
2989 1380 3161 1452 ῥητὴν
3192 1379 3409 1448 ἡμέραν
3435 1376 3703 1446 παρεῖναι.

2142 1477 2536 1546 διελέγξοντας,
2560 1477 2636 1540 ὡς
2666 1476 2854 1531 δικαία
2882 1478 2916 1546 ἡ
2949 1474 3043 1528 ἐπὶ
3078 1475 3190 1530 τοῖς
3218 1467 3704 1540 καταψηφισθεῖσιν

2143 1570 2349 1640 ἠνέχθη
2382 1569 2529 1639 δίκη.
2577 1570 2639 1622 Εἰ
2694 1569 2739 1621 δ’
2792 1567 2909 1630 οὖν,
2942 1566 3182 1636 ἠπείλει,
3209 1566 3259 1617 εἰ
3311 1563 3385 1631 μὴ
3418 1559 3704 1612 παύσοιντο

2145 1666 2386 1729 νεώτερα
2440 1666 2796 1732 πράττοντες,
2841 1663 2939 1733 τὴν
2996 1655 3150 1732 ἰεράν
3202 1652 3706 1727 εἰσπραχθήσεσθαι

2145 1748 2463 1828 καταδίκην.
2508 1758 2574 1814 Oi
2625 1758 2725 1829 μὲν
2773 1752 2866 1810 οὖν
2897 1754 3047 1824 ἀμφὶ
3090 1753 3183 1807 τὸν
3229 1747 3549 1804 Ἀθανάσιον
3593 1742 3709 1801 τοὺς

2146 1852 2382 1915 οἰκείους
2420 1850 2622 1914 τόπους
2650 1848 2950 1912 ἀπέλαϐον,
2979 1844 3419 1915 διαπεμψάμενοι
3452 1838 3555 1900 τὰς
3595 1838 3710 1888 ἐπι-

2153 1942 2345 2004 στολὰς
2369 1942 2480 2004 τοῖς
2509 1939 2665 2010 ἑῴοις
2697 1938 2807 1990 τῶν
2848 1936 3169 1990 ἐπισκόπων
3191 1949 3207 1966 ·
3240 1930 3400 2001 ὓϐριν
3430 1927 3485 1981 δέ
3521 1925 3712 1977 ἐκείνοι

2150 2031 2506 2100 λογισάμενοι
2533 2027 2632 2097 τὴν
2672 2025 2765 2079 τοῦ
2809 2025 3027 2080 Ἰουλίου
3071 2018 3387 2089 ἐπίπληξιν,
3429 2016 3619 2086 ἀθρόοι
3663 2015 3712 2063 ἐν

2161 2121 2465 2192 Ἀντιοχείᾳ
2528 2120 2835 2189 γενόμενοι,
2874 2118 2973 2188 μιᾷ
3027 2115 3226 2185 γνώμῃ
3278 2110 3428 2180 αὐτῷ
3471 2106 3714 2161 ἐπιστέλ-

2150 2214 2339 2269 λουσιν
2370 2212 2662 2282 ἐπιστολὴν
2700 2228 2846 2273 τινα,
2877 2208 3120 2279 φαιδρῶς
3176 2206 3275 2276 μὲν
3326 2199 3709 2270 συγκειμένην.

2153 2303 2356 2375 μεστὴν
2378 2302 2435 2355 δὲ
2457 2302 2747 2371 είρωνείας
2770 2299 2990 2368 πολλῆς,
3015 2298 3109 2350 καί
3128 2293 3419 2355 δικανικῶς
3440 2291 3620 2343 διεσκε
3632 2304 3716 2375 υα-

2153 2374 2380 2465 σμένην.
2435 2394 2716 2462 Δεινότητι
2746 2392 2804 2446 δὲ
2843 2387 3140 2462 χρώματος
3192 2385 3314 2440 οὐδὲ
3368 2384 3601 2453 ἄμοιρος
3653 2374 3714 2449 ἦν

2149 2490 2402 2559 ἀπειλῆς.
2432 2487 2544 2559 Τὴν
2579 2488 2680 2558 μὲν
2708 2485 2820 2555 γὰρ
2862 2484 3153 2553 Ῥωμαίων
3181 2479 3339 2533 πάλιν
3368 2477 3503 2531 πᾶσι
3532 2476 3717 2544 φέρειν

2151 2579 2465 2649 φιλοτιμίαν
2490 2578 2697 2646 ἔλεγεν,
2720 2575 2805 2630 ἆτ’
2837 2575 2902 2628 ἐκ
2932 2570 3170 2628 παλαιοῦ
3204 2566 3522 2624 ἀποστόλων
3553 2579 3717 2633 φρον-

2150 2672 2452 2742 τιστήριον,
2480 2672 2577 2723 καὶ
2605 2667 2892 2730 εὐσεϐείας
2929 2665 3004 2727 ὡς
3032 2665 3096 2720 ἀν
3121 2680 3207 2726 τις
3238 2658 3389 2714 ιῖποί
3416 2655 3715 2726 γεγενημέ-

2151 2777 2252 2832 νην
2282 2758 2642 2831 μητρόπολιν,
2675 2759 2723 2811 εἰ
2752 2759 2853 2812 καὶ
2879 2755 2936 2823 ἐξ
2968 2753 3109 2825 ἐῴας
3158 2754 3285 2814 τοὺς
3323 2746 3717 2816 καταγγέλλον-

2149 2870 2254 2917 τας
2302 2851 2640 2922 ἐπιδημῆσαι
2685 2848 2884 2920 συνέϐη
2908 2865 2922 2881 ’
2964 2848 3025 2900 οὐ
3064 2845 3171 2915 μὴν
3214 2842 3283 2898 τὰ
3310 2842 3540 2910 δεύτερα
3569 2836 3718 2905 παρά

2150 2946 2312 3001 τοῦτο
2341 2945 2485 3015 ἔχειν
2514 2942 2731 3014 ἠξίουνο
2776 2942 2856 2995 ὅτι
2889 2939 2963 3011 μὴ
2995 2938 3074 3008 τῷ
3107 2938 3208 3007 τῆς
3246 2934 3576 3002 Ἔκκλησίας
3624 2946 3715 3000 μευ

2152 3038 2303 3109 γέθει
2359 3036 2799 3098 πλεονεκτοῦσν,
2831 3034 3002 3104 ἀρετῇ
3038 3033 3132 3085 καὶ
3174 3032 3291 3091 τοῖς
3322 3027 3505 3088 ἀλλοις
3535 3023 3720 3078 νικῶν-

2153 3148 2264 3195 τες,
2299 3129 2374 3192 ὡς
2406 3127 2592 3199 ᾤοντο.
2639 3126 2948 3197 Προέφερον
2978 3124 3035 3176 δέ
3066 3120 3304 3190 κάκείνῳ
3334 3119 3417 3181 εἰς
3444 3116 3718 3186 ἔγκλημα,

2150 3225 2214 3279 τὸ
2269 3222 2552 3276 κοινωνεῖν
2611 3217 2829 3272 ἑλέσθαι
2877 3220 2991 3279 τοῖς
3041 3215 3171 3281 περὶ
3224 3211 3581 3265 Ἀθανάσιονο
3626 3208 3718 3259 καὶ

2152 3314 2511 3385 ἐχαλέπαινον
2567 3310 2643 3364 ὡς
2679 3308 3018 3378 ὑϐρισμένης
3072 3304 3174 3373 τῆς
3205 3303 3384 3357 αὐτῶν
3438 3298 3718 3367 συνοδικῆς

2151 3408 2475 3477 ἀποφάσεως
2500 3422 2513 3435 ·
2546 3403 2640 3457 καὶ
2667 3401 2729 3454 τὸ
2760 3400 3074 3469 γενόμενον,
3103 3392 3192 3450 οἶα
3225 3396 3301 3467 μὴ
3337 3394 3478 3449 κατά
3504 3394 3596 3445 τδν
3625 3390 3718 3459 τῆς

2165 3498 2492 3568 Ἐκκλησίας
2561 3492 2763 3563 θεσμὸν
2818 3491 3045 3562 προϐἁν,
3088 3491 3164 3552 ὡς
3215 3488 3400 3543 ἄδικον
3450 3483 3717 3538 διέϐαλον.

2154 3592 2315 3646 Δεινὰ
2344 3591 2402 3645 δέ
2433 3589 2649 3655 παθεῖν,
2673 3587 2769 3640 καὶ
2792 3585 3017 3648 δικαίως
3043 3580 3364 3653 μέμψασθαι
3394 3577 3720 3639 διελθόντες,

2152 3684 2308 3746 τέλος
2337 3683 2411 3746 ὡς
2444 3682 2493 3734 εἰ
2528 3680 2630 3748 μὲν
2661 3677 2881 3747 στέργοι
2927 3676 3037 3729 τῶν
3082 3670 3597 3729 καταδικασθέντων
3626 3668 3722 3735 τὴν

2152 3779 2354 3850 ψῆφον,
2383 3775 2657 3846 ἐπέφερον
2682 3789 2696 3805 ⁶
2726 3774 2821 3827 καὶ
2850 3770 2962 3825 τῶν
2988 3767 3102 3823 ἀντ’
3144 3765 3325 3822 αὐτῶν
3357 3761 3725 3830 εἰσαχθέντων

2152 3873 2273 3935 ταῖς
2301 3868 2622 3936 ἐκκλησίαις
2654 3866 2797 3919 κατὰ
2827 3863 3043 3926 στάσιν,
3067 3858 3377 3929 εἰρηνεύειν
3412 3856 3506 3907 καὶ
3531 3852 3726 3914 αὐτοὺς

484 3950 726 4002 stretno,
764 3940 1034 4009 siquidem
1082 3957 1205 3997 cum
1253 3948 1579 4002 sententiam
1643 3950 1885 4020 ipsorum
1944 3971 2046 4023 qua

2155 3960 2248 4013 καὶ
2276 3958 2567 4019 κοινωνοὺς
2609 3952 2773 4008 εἶναι.
2814 3951 3231 4020 Ἀντιπράττειν
3260 3945 3304 3998 δ’
3332 3944 3593 4006 ἐθέλοντι,
3629 3939 3725 3992 καὶ

484 4029 608 4083 iilos
643 4031 1119 4099 condemnassent,
1160 4046 1272 4089 tum
1310 4038 1636 4094 electionem
1684 4057 1875 4098 eorum
1916 4060 2046 4114 quos

2156 4055 2352 4115 αὐτοὺς
2382 4051 2551 4120 ὁμόσε
2586 4050 2708 4102 κατ’
2733 4049 2946 4100 ἐκείνου
2977 4046 3179 4115 χωρεῖν
3203 4057 3218 4071 ο
3253 4039 3377 4093 ἐπεί
3399 4036 3481 4090 τοί
3505 4053 3569 4101 γε
3603 4032 3726 4087 οὐδὲ

486 4138 585 4188 pro
615 4121 723 4176 illis
755 4125 1003 4180 ecclesiis
1034 4127 1408 4196 praefecissem
1434 4172 1448 4197 ,
1490 4135 1877 4203 comprobaret
1900 4176 1914 4198 .
1962 4154 2046 4208 pa-

2155 4150 2282 4209 τοὺς
2310 4145 2416 4215 πρδ
2449 4144 2671 4197 ἐκείνων
2703 4141 2806 4194 ἀνά
2835 4138 2932 4207 τὴν
2965 4138 3041 4190 Em
3092 4136 3261 4204 ἱερεῖς
3287 4149 3300 4161 ·
3330 4129 3617 4201 Κορνηλίῳ
3646 4126 3725 4194 τῷ

483 4224 633 4269 catos
669 4217 833 4269 etiam
869 4231 928 4270 se
958 4217 1097 4281 fore,
1124 4228 1179 4274 et
1212 4236 1337 4275 cum
1382 4223 1501 4293 ipso
1530 4228 2046 4286 communicaturos.

2168 4238 2391 4308 Ῥώμης
2413 4236 2691 4288 ἀντειπεῖν
2719 4231 3078 4303 ἰσχυρίζοντο,
3098 4226 3337 4297 ὁπηνίκα
3365 4223 3458 4276 τὸν
3483 4218 3727 4289 πρεσϐύ-

486 4302 582 4358 Sin
614 4306 892 4360 adversari
927 4309 1008 4363 eis
1040 4323 1315 4382 pergeret,
1340 4324 1396 4367 et
1428 4316 1572 4383 ipsos
1611 4320 1936 4387 conjunctos
1964 4322 2046 4376 nd-

2162 4302 2321 4399 τερον
2346 4302 2600 4381 Ναυᾶτον
2633 4325 2729 4394 τῆς
2759 4302 3086 4391 Ἕκκλησίας
3119 4317 3405 4388 ἐξήλαυνε.
3429 4313 3562 4382 Περί
3594 4310 3726 4378 μέῆ

484 4411 679 4451 versus
733 4413 860 4452 eum
916 4401 1091 4454 ituros
1131 4417 1292 4467 esse,
1347 4404 1630 4465 intulere:
1683 4425 1811 4464 cum
1875 4411 2046 4483 neque

2156 4438 2243 4475 τοι
2272 4420 2382 4473 τῶν
2417 4420 2475 4472 ἐν
2510 4416 2717 4487 Νικαίᾳ
2764 4415 2919 4468 οὐδὲν
2950 4410 3219 4483 ἔγραψαν,
3258 4405 3511 4476 περιττὸν
3542 4402 3727 4455 εἰπόν-

486 4489 724 4559 majores
752 4504 944 4544 eorum
972 4503 1164 4549 contra
1181 4494 1497 4554 Cornelium
1534 4502 1719 4557 Romae
1735 4504 2046 4577 episcopum

2160 4529 2249 4575 τες
2282 4510 2542 4582 γράφειν,
2576 4509 2780 4577 καίπερ
2813 4505 3044 4558 πλεῖστα
3071 4503 3310 4573 ἔχοντες,
3339 4497 3376 4552 ἃ
3404 4499 3472 4550 τὰ
3490 4496 3608 4596 τοτε

486 4581 668 4635 conati
702 4582 910 4652 aliquid
945 4585 1170 4654 fuerint,
1213 4605 1336 4645 cum
1384 4593 1474 4647 ille
1515 4594 1784 4652 Novatum
1829 4601 2046 4672 presby-

2161 4581 2441 4672 γενημένα
2477 4599 2867 4670 παραιτεῖσθαι
2923 4594 3239 4663 ἀναγκαίως
3273 4591 3481 4644 ἔπειθε.
3527 4585 3728 4639 Τοιάδε

490 4683 670 4727 terum
703 4673 945 4731 Ecclesia
970 4681 1446 4740 submovissetJie
1474 4687 1639 4745 rebus
1670 4705 1798 4747 vero
1817 4692 2046 4749 Nicmni

2167 4694 2266 4764 μὲν
2295 4693 2345 4747 oi.
2382 4694 2482 4763 τῆς
2516 4694 2592 4745 ξω
2627 4692 2913 4745 ἐπίσκοποι
2952 4686 3028 4757 τῷ
3066 4685 3270 4756 Ἰουλίῳ
3301 4680 3573 4754 ἔγραψαν.

490 4766 629 4820 nihil
699 4768 1051 4839 rescripsere,
1108 4776 1446 4846 superﬂuunt
1509 4782 1563 4835 id
1631 4798 1750 4839 esse
1799 4787 2080 4875 arbitrati,
2123 4787 2340 4843 etiamsi
2405 4786 2639 4857 plurima
2688 4799 2811 4854 quae
2847 4781 3153 4839 scriberent
3187 4774 3731 4875 haberentzquibus

489 4874 589 4916 sua
618 4860 758 4915 facta
798 4863 1082 4921 commode
1113 4882 1374 4925 excusare
1423 4885 1665 4942 possent.
1733 4877 1792 4932 ln
1857 4894 1977 4934 eam
2020 4860 2372 4937 'sententiam
2398 4879 2705 4937 Orientales
2752 4875 2994 4947 episcopi
3024 4872 3091 4928 ad
3119 4871 3324 4928 Julium
3368 4869 3581 4925 litteras
3627 4867 3729 4921 de-

488 4958 639 5012 dere.
730 4972 741 4981 δ
2166 4982 2171 4985 -

1001 5055 1165 5127 637
1199 5056 1424 5114 CAPUT
1458 5058 1545 5113 ix.

495 5138 559 5198 Ut
585 5145 874 5222 imperator
902 5143 1131 5222 Paulum
1174 5164 1267 5216 per
1318 5148 1624 5222 Philippum
1655 5154 1958 5222 pra'fectum
2005 5156 2062 5209 in

564 5218 807 5270 exsilium
867 5218 957 5286 agi
1008 5222 1272 5272 curauerit
1301 5259 1316 5282 ,
1371 5218 1738 5274 Macedoniam
1769 5218 1957 5277 'autem
2006 5226 2061 5277 in

565 5288 748 5364 throno
797 5288 1123 5364 collocarit:
1176 5297 1225 5342 et
1283 5298 1341 5343 ut
1400 5289 1725 5346 Athanasius
1787 5294 1912 5364 fuga
1965 5298 2063 5348 sibi

563 5356 905 5411 consuluerit.

2768 5054 3017 5109 ΚΕΦᾹΛ.
3049 5053 3105 5105 Θ¹

2176 5151 2275 5217 Ὠς
2300 5154 2333 5205 ὁ
2349 5148 2651 5217 βασῖλεὺς
2690 5147 2931 5203 Παῦλον
2950 5144 3338 5213 ἐξορισθῆναι
3373 5143 3472 5217 διὰ
3519 5143 3732 5217 (Italia:

2233 5211 2365 5275 που
2407 5219 2513 5274 τοῦ
2567 5211 3166 5287 ἐπάρχουᾲέποίηοξε·
3234 5216 3599 5287 Μακεδόνων
3661 5211 3733 5264 δὲ

2231 5291 2616 5359 ἐνεθρόνισεο
2646 5285 2812 5358 φυγῇ
2846 5285 2914 5339 δὲ
2951 5285 3259 5356 ἐχρήσατο
3288 5286 3654 5347 Ἀθανάσιος.

564 5470 885 5524 Constantio
933 5486 1062 5526 vero
1133 5473 1447 5542 imperatori
1518 5474 1824 5533 Antiochia:
1877 5490 2037 5549 agent

2238 5478 2600 5544 Κωνσταντίῳ
2638 5474 2697 5528 δέ
2738 5474 2818 5545 τῷ
2854 5472 3066 5545 βασιλεῖ
3094 5470 3215 5526 κατ’
3261 5471 3592 5540 Ἀντιόχειαν
3629 5466 3736 5527 τὰς

492 5563 818 5624 scribentes,
845 5562 967 5619 illos
991 5576 1049 5617 ut
1077 5565 1369 5623 seditiosos
1397 5568 1647 5625 homines
1674 5585 1705 5624 a
1726 5586 1785 5625 se
1806 5573 2046 5641 expulso:

2164 5570 2452 5641 διατριϐὰς
2500 5566 2814 5637 ποιουμένῳ
2867 5565 3173 5634 γράφοντες
3205 5561 3455 5616 διέϐαλον
3494 5563 3566 5620 ὡς
3594 5576 3739 5610 στα-

490 5672 634 5719 esse,
665 5664 793 5710 sunt
828 5656 1168 5713 calumniati.
1200 5658 1297 5715 llle
1329 5661 1418 5715 ubi
1449 5661 1675 5716 Paulum
1709 5678 2046 5732 recuperasSt

2167 5662 2382 5725 σιώδεις
2410 5662 2537 5726 τοὺς
2570 5660 2707 5731 πρὸς
2736 5658 2965 5713 ἐκείνων
2993 5655 3453 5726 ἐκϐεϐλημένους.
3483 5651 3740 5717 Πυθόμε-

491 5746 671 5800 lncum
733 5761 895 5799 suum
930 5746 1161 5813 audivit,
1220 5750 1512 5806 admodum
1571 5752 1832 5807 ferociit:
1891 5764 1945 5808 et
1994 5769 2046 5808 at

2165 5774 2252 5819 νος
2283 5755 2337 5808 δὲ
2376 5756 2471 5809 καὶ
2505 5753 2714 5809 Παῦλον
2745 5752 2904 5819 αὖθις
2933 5750 3218 5823 εἰληφέναι
3246 5750 3337 5802 τὸν
3369 5743 3740 5821 θρόνον,ἑθηο

564 5857 641 5923 ιι)
691 5857 847 5912 Socr.
913 5858 1008 5913 lib.
1074 5874 1134 5924 ιι,
1192 5876 1313 5932 cap.
1382 5863 1734 5928 l3;Sozom.
1803 5867 1900 5922 lib.
1963 5884 2042 5935 ut,
2084 5883 2202 5940 cap.
2244 5868 2298 5924 8.
