3934 6540
234 438 329 501 245

1174 443 1770 505 ECCLESIASTICJE
1810 442 2195 503 IlIS’l‘Olildi
2233 446 2373 506 LIB.
2412 445 2516 506 IX.

3368 440 3475 504 2-56

236 555 408 625 ριοῦτο
431 570 447 584 ·
487 553 577 608 καὶ
611 554 676 625 δὴ
709 556 913 627 γράφει
946 556 1023 626 τῷ
1056 554 1158 626 τῆς
1188 557 1399 619 πόλεως
1438 557 1665 627 ἐπάρχῳ
1700 557 1793 607 Φι-

1918 557 2213 628 Philippum
2235 558 2388 613 urbis
2424 554 2763 626 praefectum,
2788 552 3082 609 secundam
3107 551 3176 606 ab
3200 550 3473 619 imperiali

234 646 433 715 λίππῳ,
465 645 723 717 δευτέραν
752 648 891 715 μετὰ
926 646 1151 717 βασιλέα
1182 646 1484 714 τηνικαῦτα
1515 645 1614 715 τὴν
1640 646 1795 715 ἰσχὺν

239 738 702 814 περιϐεϐλημένοι,
743 740 955 793 Παῦλον
999 741 1098 811 μέν
1129 740 1382 805 ἐξελάσαι
1412 739 1514 807 τῆς
1560 739 1793 801 πόλεως,

238 832 542 900 Μακεδονίῳ
581 831 638 884 δέ
673 831 1016 902 παραδοῦναι
1064 834 1164 900 τὴν
1220 833 1575 901 Ἐκκλησίαν.
1604 831 1800 885 Φίλιπ-

241 940 331 982 πος
376 921 422 974 δ’
467 924 527 974 ἐκ
576 924 686 975 τῶν
737 923 867 992 πρὶν
919 926 998 985 είς
1046 923 1387 993 Ἑρμογένην
1440 923 1798 995 πραχθέντων

243 1013 464 1082 σώφρων
493 1014 807 1083 γενόμενος,
846 1016 944 1077 τὰς
970 1014 1063 1067 τοῦ
1095 1015 1334 1084 πλήθους
1380 1015 1564 1078 δείσας
1594 1013 1796 1084 ὁρμὰς,

240 1107 393 1175 τέχνῃ
426 1107 523 1174 τὴν
554 1107 756 1176 πρᾶξιν
782 1106 1132 1177 μετέρχεται.
1174 1108 1307 1177 Πρὶν
1338 1110 1447 1177 γάρ
1483 1110 1540 1158 ἐν
1582 1106 1799 1177 φανερῷ

242 1198 594 1263 καταστῆναι,
623 1199 698 1261 ὡς
748 1199 877 1271 περὶ
924 1197 1124 1252 κοινῶν
1157 1217 1317 1252 τινων
1351 1199 1800 1269 βουλευσόμενος,

242 1290 417 1343 ἐκάλει
448 1290 539 1342 τὸν
572 1291 784 1344 Παῦλον
815 1293 920 1344 ἀνὰ
951 1293 1043 1345 τὺν
1074 1291 1382 1355 Ζεύξιππον
1410 1310 1424 1324 ο
1458 1293 1717 1361 δημόσιον
1745 1293 1800 1344 δέ

242 1384 389 1435 τοῦτο
421 1383 670 1452 λουτρδν,
720 1386 1020 1456 περιφανές
1049 1404 1107 1438 τε
1145 1387 1238 1438 καὶ
1274 1387 1532 1454 μέγιστον
1563 1427 1575 1451 ,
1601 1386 1628 1440 ὃ
1664 1387 1805 1439 Νου-

243 1477 414 1546 μέρων
434 1477 563 1546 ἔσχε
589 1478 782 1547 κλῆσιν
804 1477 1106 1532 εἰσέπειτα.
1127 1478 1229 1531 Τὸν
1251 1477 1327 1545 δέ,
1360 1479 1497 1549 μετά
1519 1479 1686 1549 τιμῆς
1704 1479 1804 1550 τῆς

244 1570 624 1641 προσηκούσης
656 1571 882 1640 ἥκοντα,
911 1572 979 1624 τά
1031 1570 1300 1641 βασιλέως
1333 1571 1643 1642 γράμματα
1671 1575 1801 1625 ἐπες

241 1662 410 1715 δείκνυ
446 1680 459 1693 ·
497 1664 594 1716 καὶ
625 1664 715 1717 διὰ
745 1665 853 1716 τῶν
892 1665 1179 1735 βασιλείων
1209 1663 1288 1736 τῷ
1321 1666 1599 1736 εἰρημένῳ
1630 1683 1806 1734 γειτο-

243 1754 464 1809 νούντων
511 1756 756 1829 λουτρῶν
785 1760 1041 1826 κατάγων
1068 1760 1147 1823 εἰς
1180 1759 1475 1822 Θάλασσαν,
1506 1759 1806 1824 ἐπεὸίσαζε

243 1850 419 1919 πλοίῳ.
453 1854 551 1902 καὶ
587 1854 668 1913 είς
707 1852 1111 1923 Θεσσαλονίκην
1165 1853 1406 1923 κατῆγεν
1439 1868 1452 1884 ·
1511 1854 1579 1925 ἣν
1620 1854 1683 1925 δὴ
1716 1855 1808 1906 καὶ
1839 1892 1883 1953 Β

242 1942 463 2010 πατρίδα
494 1943 665 2012 ἔχειν,
694 1945 787 1997 καὶ
811 1945 936 2007 τοὺς
958 1945 1258 2015 προγόνους
1285 1945 1498 1998 ἐκεῖθεν
1526 1947 1806 2016 ὁρμᾶσθαι

243 2033 466 2100 ἐλέγετο.
504 2037 615 2090 Καὶ
642 2036 741 2104 τὴν
784 2037 881 2103 μὲν
910 2037 984 2089 ἐω
1017 2038 1332 2092 παντάπασι
1370 2039 1594 2107 φεύγειν
1639 2057 1807 2093 κατε-
1840 2025 1843 2029 ’

244 2124 497 2193 ψηφίζετο
519 2140 536 2156 '
583 2127 858 2198 Ἰλλυριῶν
885 2130 940 2183 δὲ
976 2129 1069 2183 καὶ
1101 2130 1199 2199 τῆς
1231 2131 1421 2201 πρόσω
1449 2132 1554 2201 γῆς
1585 2131 1809 2185 ἐπιόαί-

244 2234 345 2270 νειν
394 2222 453 2273 ἐν
505 2221 789 2294 ἐλευθερίᾳ
848 2223 997 2294 πάσῃ
1058 2225 1357 2294 παρέσχεν.
1425 2226 1668 2279 Ἐκεῖθεν
1708 2227 1809 2280 δ’ὁ

244 2309 469 2381 ἔπαρχος
508 2312 673 2379 ἐξιὼν
703 2308 919 2385 σύναμα
942 2315 1018 2386 τῷ
1043 2316 1299 2371 δυσσεϐεῖ
1325 2316 1664 2388 Μακεδονίῳ,
1687 2317 1812 2388 δρο-

247 2403 413 2470 μαίως
439 2407 529 2485 εἰς
566 2404 667 2475 τὴν
701 2407 999 2478 ἐκκλησίαν
1034 2409 1374 2479 είσήλαυνον.
1419 2410 1492 2463 Τὸ
1521 2409 1576 2463 δέ
1607 2409 1810 2478 πλῆθος

249 2490 549 2562 σύμμικτον
584 2496 644 2561 ἐξ
673 2499 933 2553 ἁπάντων
953 2501 1272 2566 διακοῦσαν,
1304 2502 1454 2572 παρὰ
1484 2502 1585 2571 τὴν
1615 2502 1813 2573 ἐκκλη-

247 2586 359 2687 σίαν
385 2588 608 2653 ἐφοίτα,
636 2591 881 2643 σπεύδων
921 2593 1152 2658 ἕκαστος
1195 2594 1653 2665 προκαταλαϐεῖν,
1675 2599 1812 2664 ἄφα-

245 2678 318 2723 τοί
362 2691 517 2738 τινες
563 2678 660 2731 καὶ
711 2678 949 2749 ἀριθμοῦ
994 2683 1284 2753 κρείττους
1319 2684 1664 2756 συρρέοντες.
1701 2686 1813 2740 Καὶ

246 2769 356 2838 χεὶρ
382 2769 437 2820 δέ
471 2774 859 2843 στρατιωτικὴ
917 2774 1180 2844 ξιφήρης,
1227 2776 1346 2841 δέος
1394 2777 1703 2847 ἐμποιοῦσα
1736 2778 1813 2849 τῷ

249 2860 429 2932 πλήθει
459 2866 797 2931 παρείπετο.
844 2868 996 2921 Ἐπεὶ
1025 2868 1081 2923 δέ
1113 2871 1344 2940 ἄγχιστα
1376 2871 1476 2939 τῆς
1507 2872 1813 2943 ἐκκλησίας

246 2958 466 3026 ἐγένετο,
510 2960 744 3029 πάροδος
775 2960 830 3013 δέ
860 2961 958 3014 οὐκ
987 2958 1075 3031 ἦν,
1110 2963 1199 3016 τοῦ
1236 2964 1430 3017 πολλοῦ
1455 2964 1614 3037 ὄχλου
1639 2966 1817 3020 ἁπαν-

246 3051 398 3119 ταχοῦ
433 3053 814 3120 περιθέοντος,
848 3053 1093 3123 ὠθισμὸς
1128 3060 1241 3120 τοῖς
1272 3061 1638 3127 στρατιώταις
1666 3059 1816 3114 ἐτολ-

250 3145 375 3210 μᾶτο
408 3148 513 3197 στιν
553 3144 666 3216 βίᾳ.
722 3145 812 3215 Μὴ
863 3148 975 3200 οἴου
1036 3148 1092 3201 δὲ
1150 3151 1304 3213 ὄντος
1361 3152 1676 3215 συνιζάνειν
1720 3151 1813 3206 τοῦ

1904 661 2170 722 potestate
2200 651 2524 722 dignitatem
2570 658 2683 701 tum
2716 646 3088 708 obtinentem,
3131 643 3375 711 scripsit.
3413 650 3475 695 ut

1899 746 2069 801 Paulo
2100 746 2234 801 urbe
2263 744 2461 816 ejecto,
2513 740 2832 798 Macedonio
2879 737 3176 791 Ecclesiam
3212 734 3475 788 traderet.

1903 837 2189 907 Philippus
2213 854 2278 892 ex
2315 834 2677 906 Hermogenis
2705 848 2833 887 casu
2861 828 3075 884 cautior
3104 827 3304 889 factus,
3328 822 3477 894 quod

1901 928 2270 985 multitudinis
2304 928 2544 982 furorem
2589 910 3052 986 metuerctfarte
3087 919 3320 991 quadam
3364 932 3477 970 rem

1901 1029 1985 1076 est
2021 1037 2330 1092 aggressus.
2348 1020 2675 1087 Priusquam
2706 1018 2851 1072 enim
2886 1031 2948 1070 ea
2978 1014 3316 1082 vulgaretur,
3353 1025 3480 1079 pcr-

1906 1115 2030 1169 inde
2057 1114 2210 1185 quasi
2243 1113 2311 1168 de
2351 1112 2587 1182 publicis
2623 1109 2956 1180 quibusdam
2994 1108 3158 1162 rebus
3186 1105 3477 1158 consilium

1904 1208 2216 1263 habiturus.
2244 1205 2467 1259 Paulum
2507 1203 2575 1258 ad
2611 1218 2668 1257 se
2721 1203 2773 1256 iu
2805 1201 3147 1269 Zeuxippum
3184 1196 3347 1266 tquod
3378 1210 3481 1261 pu-

1904 1300 2107 1353 blicum
2141 1307 2196 1353 ct
2245 1297 2460 1352 celebre
2510 1294 3020 1364 amplissimumque
3070 1297 3154 1344 est
3195 1289 3481 1344 balnetnn,

1906 1403 2092 1462 pustca
2127 1392 2490 1446 Numerorum
2536 1386 3007 1458 cognominatum)
3045 1382 3284 1442 vocavit,
3322 1378 3483 1447 eique

1906 1485 2119 1538 decenti
2141 1499 2264 1540 cum
2295 1483 2503 1536 honore
2534 1478 2870 1539 advenienti,
2894 1472 3243 1544 imperatoris
3270 1471 3485 1524 litteras

1906 1576 2175 1631 exhibuit.
2226 1576 2304 1630 Ac
2357 1573 2637 1628 hominem
2698 1586 2794 1641 pcr
2850 1567 3110 1638 palatium
3172 1561 3482 1633 imperiale,

1907 1668 2105 1724 balneo
2129 1668 2277 1739 quod
2308 1667 2548 1721 diximus
2579 1666 2843 1726 vicinum,
2876 1660 2943 1715 ad
2978 1675 3128 1714 mare
3162 1656 3482 1711 deductum,

1907 1761 2230 1830 navigioque
2252 1759 2593 1829 impositum,
2628 1754 3079 1810 Thessalonicam
3110 1748 3259 1803 misit
3287 1762 3484 1815 :quam

1910 1854 2073 1909 etiam
2121 1850 2353 1923 patriam
2415 1850 2639 1909 habere,
2682 1858 2736 1903 et
2771 1862 2799 1900 a
2835 1843 3134 1915 majoribus
3193 1839 3310 1894 suis
3361 1836 3487 1889 inde

1912 1945 2181 2000 oriundus
2228 1958 2349 1998 esse
2409 1940 2720 1996 dicebatur.
2756 1938 3059 2005 Eidemque
3086 1932 3311 1987 Oriente
3374 1936 3488 1981 toto

1910 2036 2264 2096 interdicens,
2321 2035 2375 2088 in
2407 2032 2617 2104 Illyrico
2666 2040 2722 2085 et
2779 2026 3137 2083 ulterioribus
3192 2022 3359 2080 terris
3404 2022 3486 2075 vi-

1910 2129 2075 2185 vendi
2107 2128 2337 2183 liberam
2377 2124 2626 2196 permisit
2679 2130 3030 2192 potestatem.
3080 2117 3380 2173 Praefectus
3425 2132 3490 2170 ex

1911 2239 1978 2280 eo
2010 2224 2153 2285 loco,
2180 2237 2285 2277 una
2312 2218 2640 2297 cum‘impio
2670 2213 3028 2280 Macedonio,
3062 2211 3289 2266 incitato
3320 2224 3488 2264 cursu

1913 2315 1967 2370 in
1994 2313 2282 2370 ecclesiam
2338 2312 2419 2366 ire
2451 2306 2738 2365 contendit
2766 2323 2782 2359 :
2813 2314 2871 2360 et
2900 2301 3197 2359 multitudo
3228 2317 3295 2357 ex
3339 2300 3491 2355 omni

1914 2408 2198 2464 hominum
2234 2405 2427 2460 ordine
2465 2402 2646 2466 mista,
2679 2416 2741 2456 ea
2778 2414 2835 2455 re
2874 2398 3085 2462 audita,
3121 2412 3220 2467 pro
3244 2410 3303 2449 se
3335 2395 3493 2464 quis-

1913 2518 2021 2573 que
2046 2500 2225 2556 locum
2253 2507 2579 2567 antecapere
2610 2493 2899 2553 festinans.
2935 2490 3002 2545 ad
3040 2505 3159 2545 eam
3192 2488 3490 2543 ecclesiam

1913 2595 2176 2651 cucurrit.
2234 2591 2512 2647 lnuumeri
2567 2602 2814 2659 prorsus,
2863 2583 2956 2657 qui
3003 2598 3070 2639 eo
3119 2582 3491 2642 conﬂuebant,

1913 2693 2090 2738 erant.
2154 2681 2223 2735 Et
2292 2679 2548 2733 militaris
2599 2691 2795 2731 manus
2829 2682 3041 2728 armata
3092 2672 3160 2727 ad
3221 2682 3490 2727 terrorem

1914 2775 2090 2846 plebis
2142 2770 2601 2842 consequebatur.
2636 2773 2814 2838 Atque
2870 2782 2931 2822 ea
2976 2765 3066 2821 ubi
3121 2765 3369 2835 proxime
3425 2766 3491 2818 ad

1916 2866 2201 2923 ecclesiam
2238 2864 2408 2928 venit,
2442 2877 2543 2915 nec
2578 2860 2626 2915 ei
2678 2874 2937 2914 accessus
2968 2866 3193 2927 propter
3246 2855 3495 2925 undique

1917 2968 2338 3016 concurrentem
2383 2956 2596 3009 turbam
2624 2960 2837 3022 pateret
2869 2991 2883 3015 ,
2917 2948 3123 3004 milites
3153 2952 3200 3002 vi
3238 2948 3492 3002 homines

1919 3052 2146 3122 rejicere
2193 3065 2290 3119 per
2340 3045 2623 3101 audaciam
2674 3048 2984 3112 cmperunt.
3022 3038 3159 3098 Cum
3221 3053 3352 3093 vero
3412 3037 3495 3093 illi

1917 3153 2141 3214 propter
2190 3138 2596 3195 multitudinem
2653 3133 2853 3206 oppido
2902 3133 2953 3185 in
2992 3139 3283 3199 angustum
3337 3128 3499 3183 reda-

250 3235 477 3304 πλῄθους
517 3236 603 3306 τῷ
640 3238 720 3300 εἰς
755 3237 1009 3291 πλεῖστον
1039 3243 1518 3311 στενοχωρεῖσθαι,
1554 3243 1815 3311 νομίσαν-

1922 3233 2311 3297 ctam,cedere
2347 3240 2404 3285 et
2432 3227 2719 3285 considere
2773 3241 2882 3280 non
2928 3231 3174 3293 possent,
3234 3219 3496 3275 resistere

251 3345 329 3391 τες
357 3333 403 3381 οἱ
435 3331 779 3399 στρατιῶται
829 3332 890 3385 τὸ
940 3333 1145 3404 πλῆθος
1193 3335 1574 3402 ἀνθίστασθαι,
1604 3339 1697 3390 καὶ
1740 3337 1817 3408 μὴ

252 3420 528 3491 βούλεσθαι
552 3426 739 3478 ἑκοντὶ
760 3425 958 3479 διδόναι
980 3424 1079 3498 τὴν
1105 3427 1295 3489 δίοδον,
1320 3430 1548 3497 γυμνοῖς
1577 3427 1818 3499 ἐχρῶντο

248 3518 350 3578 τοῖς
383 3517 605 3584 ξίφεσι,
653 3516 750 3570 καὶ
801 3520 877 3581 ὡς
935 3520 1295 3583 άντεπιόντας
1344 3518 1653 3588 ᾒμύνοντο·
1722 3522 1818 3574 καὶ

252 3607 468 3671 πολλοὺς
503 3608 739 3672 τούτους
769 3610 844 3673 ὡς
876 3610 1022 3674 είκὸς
1047 3612 1427 3681 διεχρήσαντο.
1456 3612 1571 3665 Ούκ
1600 3612 1819 3680 ὀλίγους

257 3701 427 3770 μέντοι
461 3703 566 3756 καὶ
596 3700 690 3754 ὑπ’
721 3701 966 3771 ἀλλήλων
992 3704 1482 3773 συμπατουμένους
1520 3703 1676 3772 λόγος
1701 3706 1820 3757 δια·

255 3791 521 3862 φθαρῆναι
552 3810 567 3823 ο
619 3794 698 3856 ὡς
751 3789 891 3846 εἶναι
948 3794 1008 3847 τὸ
1060 3793 1263 3861 πλῆθος
1318 3794 1425 3846 τῶν
1460 3796 1821 3865 ἀνῃρημένων

258 3884 388 3955 ῠπέρ
423 3886 765 3956 τρισχιλίους
800 3887 993 3940 ἐκατὶν
1047 3888 1140 3938 καὶ
1170 3887 1535 3955 πεντήκοντα.
1571 3886 1821 3940 Μακεδό-

253 3995 355 4042 tuo;
387 3978 444 4030 δέ
488 3979 570 4041 ὡς
619 3980 830 4043 οὐδενὸς
879 3979 1074 4048 καιροῦ
1106 3980 1416 4048 γεγονότος,
1442 3978 1633 4050 ὥσπερ
1662 3998 1746 4043 τις
1777 3980 1822 4032 δ’

254 4069 417 4133 άοῶος
445 4071 546 4123 καὶ
585 4069 824 4140 καθαρὸς
857 4071 924 4137 τὰ
956 4069 1309 4138 ἐπισατήρια,
1338 4067 1414 4132 ὡς
1443 4072 1506 4123 ἐκ
1538 4072 1822 4138 μαγγάνου

254 4163 407 4225 τινος,
440 4162 473 4234 ῆ
518 4161 643 4221 05o,-
681 4162 740 4213 τὸ
773 4161 1071 4231 λεγόμενον
1104 4162 1211 4215 ἀπὸ
1247 4164 1525 4232 μηχανῆς,
1563 4164 1825 4233 ἱεράρχης

255 4256 569 4321 ἀναφανεὶς,
604 4254 710 4306 ὑπὸ
742 4252 838 4305 τοῦ
872 4254 1115 4319 ἐπάρχου
1149 4253 1355 4323 μᾶλλον
1388 4254 1421 4322 ἢ
1458 4256 1600 4307 κατὰ
1633 4256 1700 4307 τὰ
1724 4256 1823 4324 τῆς

266 4347 586 4418 Ἐκκλησίας
668 4346 833 4415 ἔθιμα
880 4345 1296 4417 ἐνθρονίζεται·
1348 4348 1441 4399 καὶ
1488 4347 1677 4399 τοῦτον
1735 4348 1824 4401 τὸν

255 4442 466 4511 τρόπον,
504 4441 605 4495 καὶ
655 4441 742 4493 διὰ
788 4438 1059 4493 τοσούτων
1113 4442 1311 4509 φόνων,
1341 4441 1367 4492 ὃ
1398 4458 1456 4491 τε
1490 4440 1824 4503 Μακεδόνιος

258 4536 344 4586 καὶ
378 4534 662 4602 Ἀρειανοὶ
692 4532 788 4601 τὴν
818 4532 1117 4602 ἐκκλησίαν
1139 4534 1426 4602 κατέσχον.
1454 4532 1611 4586 Οὕτω
1640 4533 1696 4585 δὲ
1730 4535 1823 4587 καὶ

255 4625 281 4676 ὁ
314 4626 521 4688 Παῦλος
547 4625 652 4694 τὴν
683 4624 869 4677 ἄδικον
901 4623 1118 4694 ἐξορίαν
1144 4624 1456 4692 ὑφίσταται.
1498 4624 1822 4687 Ἀθανάσιος
1855 4609 1899 4666 ί)

255 4716 305 4769 δὲ
345 4720 440 4777 τὰς
476 4715 715 4777 ἀπειλὰς
764 4716 1152 4769 Κωνσταντίου
1188 4716 1395 4779 δείσας.
1431 4717 1578 4785 φυγῇ
1616 4716 1827 4787 χρησά-

258 4825 408 4875 μενος
440 4809 663 4877 ἀφανὴς
697 4802 787 4877 ἦν.
854 4806 1099 4860 Ἠπείλει
1132 4808 1240 4877 γὰρ
1296 4806 1447 4878 αὐτῷ
1504 4806 1696 4874 κόψειν
1727 4807 1826 4879 τὴν

258 4901 514 4972 κεφαλὴν,
545 4900 658 4953 τῶν
691 4898 999 4952 ἐπιϐούλων
1028 4899 1101 4961 ὡς
1136 4898 1408 4966 στασιώδη
1442 4898 1787 4968 αἰτιωμένων
1812 4914 1824 4928 ·

261 4994 341 5043 καὶ
356 4992 427 5056 ὡς
450 4995 519 5064 τῇ
540 4990 711 5045 αὑτοῦ
736 4990 814 5054 είς
837 4990 935 5061 τὴν
959 4988 1258 5059 ἐκκλησίαν
1278 4990 1340 5041 ἐκ
1372 4988 1593 5058 Ῥώμης
1616 4989 1827 5059 εἰσόδῳ,

261 5084 386 5136 πολὺ
443 5082 811 5154 συμπατηθέν
865 5081 1145 5153 ἐτεθνήκει
1200 5080 1425 5150 πλῆθος.
1481 5081 1737 5134 Μάλιστα
1784 5080 1830 5134 δ’

262 5178 549 5249 ἀνηρέθισε
583 5177 773 5230 τοῦτον
800 5176 1137 5245 συκοφαντία
1163 5176 1229 5246 ἦν
1250 5178 1299 5226 oi.
1326 5175 1382 5240 ἐξ
1419 5175 1637 5245 ’Ἀρείου
1665 5174 1833 5242 ἐγρά-

261 5268 460 5338 ψαγτω
510 5271 589 5332 ὡς
628 5270 715 5339 εἴη
748 5268 808 5320 τὸ
839 5267 947 5320 τῶν
984 5269 1216 5337 πτωχῶν
1254 5267 1586 5336 σιτηρέσιον,
1616 5265 1643 5318 ὂ
1674 5268 1831 5318 Κων-

266 5367 534 5428 σταντῖνος
563 5367 589 5417 ὀ
626 5362 806 5432 πατὴρ
838 5361 933 5415 τοῦ
965 5359 1298 5431 κρατοῦντος
1332 5363 1444 5421 τοῖς
1476 5363 1531 5412 ἐν
1575 5359 1830 5422 Ἀλεξαν-

264 5454 412 5527 δρείᾳ.
465 5458 704 5526 πτωχοῖς
756 5459 835 5520 εἰς
892 5454 1191 5525 διατροφὴν
1246 5452 1506 5506 ἐθέσπισε
1559 5453 1826 5514 δίδοσθαι,

266 5550 476 5614 πωλῶν,
531 5551 625 5602 καὶ
678 5546 1178 5618 ἐξαργυριζόμενος
1239 5546 1584 5608 Ἀθανάσιος.
1621 5543 1831 5598 Εξδέναι

267 5641 445 5708 μέντοι
479 5640 679 5713 χρεὼν,
730 5641 804 5703 ὼς
853 5638 976 5693 καθ’
1030 5639 1090 5693 ὃν
1139 5639 1332 5710 καιρὸν
1368 5639 1469 5709 τὴν
1526 5639 1830 5707 ἱερωσύνην

269 5734 525 5804 κατέσχεν
556 5736 585 5787 ὁ
634 5735 991 5799 Μακεδόνιος,
1027 5735 1413 5797 Κωνστάντιος
1446 5734 1545 5804 τὴν
1583 5729 1829 5802 μεγάλην

345 5908 415 5972 tl)
451 5908 833 5966 lm'cstitnram
870 5927 1015 5967 nunc
1044 5922 1258 5967 vocant.

1920 3346 2037 3396 eos,
2082 3327 2315 3390 milites,
2372 3337 2550 3393 neque
2600 3327 2796 3391 sponte
2844 3315 3136 3373 transitum
3172 3314 3304 3369 dare
3354 3312 3496 3369 velle

1922 3419 2153 3493 opinati,
2199 3415 2410 3474 strictis
2445 3414 2527 3469 usi
2579 3411 2801 3482 gladiis,
2829 3408 2999 3464 veluti
3036 3406 3373 3460 reluctantes
3403 3419 3496 3458 ce-

1922 3516 2126 3574 cidere,
2159 3511 2468 3580 multosque
2501 3507 2584 3578 (ut
2622 3503 2736 3559 fieri
2763 3500 2923 3572 solet)
2952 3499 3073 3555 neci
3115 3498 3341 3553 dedere.
3376 3496 3497 3552 Non

1923 3606 2083 3678 pauci
2119 3604 2284 3659 etiam
2322 3601 2466 3656 inter
2491 3614 2550 3655 se
2582 3593 2889 3653 conculcati
2922 3601 3086 3664 atque
3119 3590 3293 3646 attriti
3328 3589 3500 3644 inter-

1926 3702 2053 3758 iisse
2083 3700 2362 3763 dicuntur,
2404 3694 2481 3750 ita
2520 3702 2581 3749 ut
2616 3691 2922 3748 occisorum
2966 3688 3124 3743 turba
3175 3687 3342 3740 trium
3374 3684 3497 3737 mil-

1923 3793 2057 3848 lium
2083 3798 2303 3847 centum
2325 3797 2380 3844 et
2409 3782 2805 3867 quinquaginta
2822 3795 3112 3836 numerum
3132 3778 3497 3849 superaverit.

1923 3885 2092 3958 688
2120 3882 2289 3938 Porro
2320 3878 2669 3937 Macedonius
2692 3918 2707 3942 ,
2740 3872 2969 3946 perinde
3000 3884 3165 3942 atque
3194 3870 3319 3923 novi
3359 3868 3499 3922 nihil

1926 3978 2128 4033 factum
2154 3983 2322 4040 esset,
2371 3982 2628 4042 tanquam
2664 3968 2928 4021 innocens
2958 3974 3013 4019 et
3058 3978 3249 4033 purus,
3276 3963 3328 4015 in
3384 3961 3501 4029 cpi-

1925 4070 2264 4126 bateriurum
2316 4064 2391 4137 (l)
2438 4059 2814 4128 introitusque
2864 4055 3242 4112 arcanioribus
3304 4052 3497 4116 sacris,

1925 4162 2079 4234 quasi
2131 4176 2197 4217 ex
2244 4159 2425 4228 aliqua
2480 4152 2879 4223 oracstigiarum
2933 4165 3095 4206 scena
3128 4148 3349 4218 aliquis,
3405 4159 3501 4200 aut

1928 4260 2062 4313 deus
2111 4252 2278 4326 (quod
2342 4248 2566 4319 dicitur)
2619 4262 2685 4301 ex
2735 4242 3010 4307 machina,
3074 4240 3141 4296 de
3200 4239 3501 4309 improviso

1927 4346 2220 4404 hierarcha
2269 4356 2561 4414 apparens,
2614 4355 2644 4395 a
2677 4336 2932 4409 praefecto
2984 4333 3192 4401 magis,
3239 4347 3402 4401 quam
3432 4344 3503 4383 ex

1932 4438 2187 4496 Ecclesiae
2220 4427 2641 4496 consuetudine,
2677 4428 2750 4485 ab
2777 4427 3162 4498 episcoporum
3195 4422 3391 4479 ordine
3447 4422 3501 4475 in

1932 4532 2187 4585 thronum
2213 4534 2297 4580 est
2325 4523 2613 4579 deductus.
2638 4520 2718 4575 Ad
2749 4519 2897 4574 hunc
2922 4517 3165 4581 modum,
3199 4525 3256 4571 et
3285 4530 3383 4584 per
3408 4512 3506 4567 has

1928 4621 2106 4678 caedes
2128 4617 2481 4673 Macedonius
2502 4625 2560 4670 et
2593 4613 2776 4670 Ariani
2804 4612 3109 4668 Ecclesiam
3140 4622 3501 4678 occupavere.

1931 4713 2010 4769 lta
2036 4711 2199 4767 etiam
2230 4707 2434 4765 Paulus
2462 4706 2637 4761 solum
2668 4702 2841 4774 iniqui
2870 4701 3049 4757 exsilii
3080 4699 3255 4772 gratia
3287 4704 3506 4751 vertere

1930 4812 2013 4859 est
2062 4809 2305 4857 coactus.
2353 4796 2686 4853 Athanasius
2740 4802 2922 4848 autem
2955 4790 3261 4848 Cotistantii
3326 4788 3507 4842 minas

1930 4897 2162 4961 veritus,
2196 4894 2317 4964 fuga
2347 4892 2448 4947 sibi
2476 4890 2767 4945 consulens
2799 4885 3091 4957 disparuit.
3122 4884 3255 4939 Nam
3286 4882 3379 4936 ille
3418 4896 3509 4934 ca-

1933 4989 2047 5060 pite
2104 4987 2158 5049 in
2209 4999 2335 5040 eum
2389 4998 2448 5038 se
2506 4979 3025 5036 animadversurum
3057 4972 3504 5037 denuntiaverat,

1932 5083 2079 5154 quod
2105 5082 2507 5138 obtrectatores
2536 5078 2654 5149 ejus
2700 5082 2756 5130 et
2792 5071 3144 5127 insidiatores
3170 5082 3296 5121 eum
3330 5076 3391 5120 ut
3419 5080 3509 5120 se-

1934 5178 2192 5231 ditiosum
2247 5174 2582 5235 detulerant,
2630 5166 2806 5221 reditu
2841 5165 2961 5233 ejus
2990 5176 3058 5214 ex
3084 5158 3218 5214 urbe
3256 5158 3505 5212 Romana

1934 5271 1987 5323 in
2017 5267 2328 5333 ecclesiam,
2365 5259 2770 5317 multitudinem
2802 5256 3081 5325 ingentem
3124 5250 3504 5305 conculcatam

1928 5359 2206 5425 interiisse
2233 5355 2549 5424 allegantes.
2588 5346 2819 5403 Maxime
2868 5358 3000 5411 vero
3029 5339 3415 5398 Constantium
3447 5338 3503 5392 in

1932 5467 2057 5508 eum
2094 5450 2415 5504 incitaverat
2461 5442 2733 5498 calumnia
2765 5439 2832 5493 ab
2860 5437 3075 5491 Arianis
3104 5435 3155 5490 ei
3212 5434 3506 5492 intentata,

1930 5542 2099 5595 veluti
2123 5551 2393 5594 annonam
2431 5546 2755 5605 pauperum,
2779 5545 2941 5601 quam
2973 5524 3321 5599 imperatoris
3346 5533 3503 5595 pater

1930 5630 2324 5691 Constantinus
2382 5624 2743 5689 Alexandriae,
2784 5624 2835 5677 iu
2883 5636 3183 5693 egenorum
3242 5618 3502 5673 alimenta

1932 5718 2372 5780 distribuendam
2425 5723 2699 5782 sanxerat,
2759 5713 3090 5768 Athanasius
3138 5708 3499 5785 vendidisset,
