3928 6536
215 385 304 450 9.·ἰὲ)

1141 393 1747 458 ECCLESIASTIC/E
1790 399 2181 462 HlSTORI/E
2223 405 2373 466 LIB.
2411 407 2512 468 IX.

3333 404 3442 466 2E0

217 497 322 566 ρίας
353 494 661 548 ἐπισκοπῶν
703 497 928 570 Μάρκος
957 515 968 528 ·
1007 502 1058 554 o'l
1091 506 1186 558 καὶ
1215 507 1296 570 εἰς
1333 507 1566 562 Ἰταλίαν
1590 511 1759 578 ἀφιγ-

1888 513 1956 582 ιιιί
1996 515 2265 570 rationem
2317 515 2386 571 de
2413 515 2699 570 Athanasii
2723 525 2780 572 et
2810 516 2960 571 Pauli
2986 518 3441 574 exauctoratione

217 587 368 654 μένοι,
395 585 610 640 ἔπειθον
646 587 871 658 βασιλέα
897 594 1116 646 δικαίαν
1147 593 1286 653 εἶναι
1313 599 1420 653 τῶν
1453 602 1540 654 ἐπ’
1571 603 1759 666 αὐτοῖς

215 679 604 748 πεπραγμένων
631 681 728 754 τὴν
753 684 934 754 ψῆφον
959 701 974 718 ⁸
1004 689 1098 742 καὶ
1125 692 1241 754 τοῖς
1266 695 1398 764 περὶ
1433 693 1760 750 Ἀθανάσιον

214 774 278 834 εἰς
306 771 486 836 λὸγους
517 771 693 826 ἐλθεῖν
723 776 784 827 οὐ
816 778 1186 847 προσήκαντο.
1224 783 1376 836 Ἐπεὶ
1407 784 1465 836 δέ
1493 787 1588 838 καὶ
1611 787 1763 850 ὅπως

217 862 537 916 πιστεύουσιν
569 864 922 935 ὲξητάζοντο,
950 871 1145 942 ἑτέραν
1170 875 1320 945 παρὰ
1346 877 1443 946 τὴν
1465 880 1523 931 ἐν
1558 878 1766 934 Ἀντιο-

215 959 320 1028 χεῐα
360 955 714 1027 συνθέμενοι,
763 961 1063 1015 ἐπιδιεοῦσι
1099 963 1176 1036 τῷ
1223 967 1570 1036 Κώνσταντι,
1621 972 1764 1028 οὕτω

215 1052 332 1102 κατὰ
363 1049 512 1120 ρἧα
545 1051 852 1118 διεξιοῦσαν
876 1070 891 1085 ο
919 1076 936 1106 ι
974 1057 1318 1126 Πιστεύομεν
1348 1065 1430 1124 είς
1474 1062 1570 1116 ἕνα
1603 1064 1764 1133 Θεὸν,

216 1141 405 1212 Πατέρα
460 1147 903 1216 παντοκράτορα,
959 1149 1188 1222 κτίστην
1223 1155 1320 1206 καὶ
1369 1160 1603 1226 ποιητὴν
1657 1159 1766 1212 τῶν

217 1235 438 1288 πάντων·
465 1235 526 1301 ἐξ
555 1229 616 1289 οὗ
651 1240 805 1293 πᾶσα
833 1244 1041 1314 πατριὰ
1063 1245 1122 1297 ἐν
1146 1246 1364 1317 οὐρανῷ
1393 1251 1488 1302 καὶ
1526 1251 1623 1304 ἐπὶ
1658 1254 1765 1322 γῆς

213 1326 554 1396 ὀνομάζεται·
591 1332 689 1385 καὶ
738 1333 819 1394 είς
858 1334 951 1386 τὸν
998 1338 1263 1408 μονογενῆ
1311 1339 1480 1394 αὐτοῦ
1517 1342 1649 1396 Υίὺν
1675 1343 1767 1398 τὸν

215 1416 392 1485 Κύριον
423 1419 582 1489 ἡμῶν
625 1419 830 1492 Ἰησοῦν
852 1424 1110 1496 Χριστὸν,
1139 1427 1230 1482 τὸν
1260 1431 1368 1500 πρὸ
1398 1432 1617 1486 πάντων
1653 1435 1763 1488 τῶν

215 1509 404 1566 αῖὼιιων
454 1513 518 1564 ἐκ
567 1513 662 1566 τοῦ
700 1517 914 1584 [ἰατρὸς
941 1519 1297 1594 γεννηθέντα,
1339 1523 1476 1578 Θεὸν
1507 1526 1574 1578 ἐκ
1603 1525 1764 1594 Θεοῦ,

217 1603 314 1670 φῶς
339 1603 396 1654 ἐκ
429 1604 636 1669 τρωτὸς,
665 1605 733 1658 δι’
758 1600 821 1662 οὗ
851 1609 1068 1676 ἐγένετο
1101 1612 1171 1666 τὰ
1203 1613 1384 1668 πάντα
1419 1617 1478 1670 ἐν
1527 1619 1643 1682 τοῖς
1671 1620 1766 1671 οὒ-

216 1694 367 1757 ρανοῖς
393 1695 491 1745 καὶ
524 1696 619 1750 ἐπὶ
648 1698 738 1767 τῆς
763 1699 890 1767 γῆς,
922 1703 992 1756 τά
1023 1719 1080 1756 τε
1113 1706 1285 1776 ὁρατὰ
1317 1706 1409 1760 καὶ
1439 1708 1508 1761 τὰ
1531 1710 1767 1780 ἀόρατα·

217 1786 365 1856 Λόγον
409 1787 542 1842 ὄντα
593 1791 687 1842 καὶ
719 1795 910 1858 σοφίαν
953 1796 1046 1848 καὶ
1076 1796 1310 1864 δύναμιν
1345 1802 1442 1854 καὶ
1478 1801 1650 1870 ζωὴν,
1677 1805 1771 1859 καὶ

215 1877 312 1943 φῶς
330 1877 584 1946 ἀληθινόν
604 1895 621 1911 ⁶
653 1882 744 1934 τδν
770 1883 856 1937 ἐπ’
890 1885 1126 1954 ἐσχάτου
1150 1888 1260 1942 τῶν
1283 1893 1505 1963 ἡμερῶν
1525 1894 1596 1947 δι’
1618 1897 1768 1964 ἡμᾶς

216 1969 700 2042 ἐνανθρωπήσαντα
729 1976 823 2028 καὶ
849 1978 1184 2045 γεννηθέντα
1214 1983 1278 2034 ἐκ
1302 1984 1403 2051 τῆς
1428 1985 1589 2053 ἁγίας
1621 1988 1770 2056 ΙΙαρο

216 2061 346 2116 θένου
367 2077 380 2091 ·
411 2063 506 2116 τὸν
559 2067 946 2139 σταυρωθέντα
983 2072 1076 2124 καὶ
1107 2073 1452 2128 ἀποθανόντα
1477 2093 1490 2108 ·
1527 2080 1624 2132 καὶ
1670 2097 1770 2133 τα-

217 2153 357 2222 φέντα
391 2157 490 2208 καὶ
523 2157 837 2214 ἀναστάντα
871 2163 936 2214 ἐκ
988 2165 1202 2234 νεκρῶν
1233 2170 1300 2237 τῇ
1331 2170 1494 2242 τρίτῃ
1545 2171 1768 2243 ἡμέραι

216 2247 292 2298 καὶ
317 2246 679 2317 ἀνεληλυθὸτα
711 2250 790 2312 είς
821 2250 950 2314 τοὺς
979 2252 1267 2323 οὐρανοὺς,
1311 2257 1405 2309 καὶ
1439 2257 1772 2314 καθεσθέντα

217 2338 264 2389 ὲν
289 2337 432 2410 δεξιᾷ
465 2341 558 2393 τοῦ
599 2341 836 2411 Πατρὸς,
871 2349 965 2397 καί
1001 2346 1304 2415 ἐρχόμενον
1355 2351 1448 2403 ἐπὶ
1481 2353 1774 2424 συντελείᾳ

217 2429 307 2481 τῶν
353 2433 566 2484 αἰώνων
617 2435 801 2502 κρῖναι
835 2435 1045 2500 ζῶντας
1095 2439 1190 2490 καὶ
1223 2442 1478 2510 νεκροὺς,
1508 2445 1601 2497 καὶ
1631 2445 1772 2497 ἀπο-

215 2521 374 2574 δ;ῦναι
409 2524 624 2593 ἑκάστῳ
661 2527 804 2581 κατὰ
835 2528 904 2579 τὰ
938 2526 1078 2598 ἔργα
1112 2530 1278 2584 αὐτοῦ
1307 2548 1320 2562 ·
1363 2533 1424 2587 οῦ
1457 2535 1488 2605 ἠ
1521 2535 1774 2604 βκσιλεία

216 2617 626 2681 citati-nauata;
687 2617 822 2670 οὖσα
877 2619 1128 2688 διαμένει
1177 2625 1257 2686 εἰς
1316 2627 1443 2688 τοὺς
1507 2628 1772 2694 ἀπείρους

215 2705 400 2768 αἰῶνας
425 2722 438 2737 ο
492 2708 645 2761 ἔσται
676 2709 786 2779 γὰρ
823 2709 1198 2778 καθεζόμενος
1231 2717 1288 2768 ἐν
1318 2715 1471 2790 δεξιᾷ
1517 2720 1610 2772 τοῦ
1663 2722 1775 2776 Πα-

214 2799 326 2863 τρὶς
353 2797 412 2849 οῦ
449 2797 608 2866 μόνον
637 2799 695 2850 ἐν
748 2799 825 2868 τῷ
869 2803 1031 2854 uim
1080 2805 1278 2875 τούτῳ,
1323 2807 1455 2862 ἀλλὰ
1485 2809 1578 2860 καὶ
1606 2810 1664 2861 ἐν
1694 2810 1774 2880 τῷ

219 2889 471 2956 μέλλοντι·
513 2893 609 2946 καὶ
633 2894 714 2956 είς
752 2893 812 2945 τὸ
844 2895 1069 2965 Πνεῦμα
1101 2897 1160 2949 τὸ
1192 2896 1371 2966 ἆγιον,
1400 2902 1648 2956 τουτέστι
1682 2905 1774 2957 τὸν

218 2981 557 3053 Παράκλητον
584 3000 596 3014 ’
627 2984 764 3053 ὅπερ
791 2987 1263 3059 ἐπαγγειλάμενος
1287 2997 1402 3055 τοῖς
1432 2996 1772 3061 ἀποστόλοις,

217 3074 340 3139 μετὰ
373 3076 474 3143 τὴν
506 3077 587 3140 είς
617 3079 887 3149 οὐρανοὺς
923 3082 1090 3135 αὐτοῦ
1140 3082 1326 3136 ἄνοδον
1372 3087 1661 3142 ἀπέστειλε
1693 3091 1774 3142 δι-

1863 615 2219 672 exponerent.
2267 608 2349 662 Ad
2401 607 2451 662 id
2495 607 2696 662 delecti
2744 618 2874 662 sunt
2929 609 3218 665 Narcissus
3256 610 3443 664 lreno-

1864 699 2004 766 polis
2037 699 2271 765 Ciliciae,
2309 699 2638 758 Theodorus
2665 701 2934 766 Perinthi,
2965 711 3022 754 et
3059 701 3272 756 Marcus
3304 701 3445 756 Are-

1867 789 2040 844 thusa!
2065 789 2235 862 Syria:
2265 792 2530 862 episcopi.
2561 792 2663 857 Qui
2723 792 2778 845 in
2821 793 3032 847 Italiam
3082 808 3206 846 cum
3256 793 3444 846 venis-

1865 893 2008 946 sent,
2032 883 2347 952 imperatori
2379 883 2665 940 Constanti
2693 885 2897 954 justam
2947 899 3087 950 esse,
3111 901 3232 954 qua!
3253 894 3444 939 contra

1868 973 1992 1028 illos
2021 975 2127 1030 lata
2156 973 2329 1030 fuerat
2348 1017 2364 1042 ,
2393 977 2722 1031 sententiam
2757 977 3092 1047 persuadere
3128 977 3446 1030 voluerunt.

1869 1067 1926 1120 ln
1956 1067 2236 1122 Athanasii
2273 1084 2402 1122 vero
2425 1070 2759 1139 colloquium
2786 1070 2974 1125 venire
3009 1085 3120 1122 non
3165 1068 3447 1123 sustinue-

1869 1170 2020 1216 runt.
2052 1159 2220 1214 Porro
2248 1159 2342 1215 ubi
2386 1161 2454 1217 de
2487 1162 2846 1226 tideieorum
2895 1162 3110 1216 ratione
3156 1160 3445 1230 qua‘situm

1869 1259 1974 1317 est,
2015 1250 2178 1305 aliam
2229 1251 2370 1321 ejus,
2407 1266 2572 1320 quam
2624 1268 2745 1322 quae
2783 1251 3091 1306 Antiochiae
3143 1250 3448 1319 composita

1869 1355 1986 1399 erat
2037 1343 2324 1399 Constanti
2380 1343 2672 1398 formulam
2725 1343 3015 1406 obtulere,
3067 1342 3220 1396 hisce
3263 1340 3451 1394 verbis

1870 1451 2230 1506 expressam:
2287 1455 2304 1488 ι
2334 1435 2626 1492 Credimus
2678 1435 2731 1489 in
2770 1451 2938 1488 unum
2973 1435 3144 1488 Deum
3172 1471 3188 1496 ,
3233 1433 3449 1487 Patrem

1871 1530 2328 1600 omnipotentem,
2383 1539 2688 1586 creatorem
2747 1537 2804 1581 et
2856 1526 3120 1580 factorem
3171 1525 3453 1579 universo-

1873 1637 1994 1676 rum
2026 1640 2040 1675 :
2080 1639 2146 1676 ex
2180 1639 2290 1693 quo
2321 1623 2505 1676 omnis
2531 1621 2830 1692 pateruitas
2864 1620 2917 1673 in
2959 1619 3100 1673 cmlo
3127 1627 3182 1672 et
3217 1619 3270 1671 in
3305 1627 3455 1671 terra

1873 1714 2209 1770 nominatur.
2239 1715 2307 1770 Et
2333 1717 2386 1770 in
2407 1715 2752 1783 unigenitum
2782 1713 2902 1782 ejus
2930 1711 3128 1765 Filium
3161 1709 3452 1764 Dominum

1874 1815 2125 1862 nostrum
2173 1807 2359 1862 Jesum
2415 1807 2718 1868 Christum,
2751 1815 2876 1859 ante
2924 1803 3108 1858 omnia
3149 1801 3343 1857 sarcula
3387 1813 3456 1854 ex

1877 1899 2033 1952 Patre
2083 1899 2352 1968 genitum,
2387 1899 2560 1953 Deum
2595 1898 2662 1952 de
2695 1897 2829 1961 Deo,
2881 1895 3066 1948 lumen
3097 1892 3164 1946 de
3223 1891 3454 1954 lumine,

1871 1989 2040 2060 690
2079 2005 2174 2057 per
2203 2005 2365 2058 quem
2419 1991 2560 2043 facta
2603 1999 2732 2044 sunt
2771 1986 2958 2044 omnia
3012 1986 3064 2038 in
3101 1984 3258 2039 caelis
3297 1993 3356 2038 et
3403 1983 3458 2036 in

1877 2092 2044 2143 terra,
2072 2082 2310 2136 visibilia
2341 2081 2503 2137 simul
2539 2091 2596 2137 et
2640 2079 2942 2136 invisibilia
2972 2095 2986 2132 :
3043 2076 3284 2132 Verbum
3316 2075 3463 2128 exsi-

1874 2184 2131 2237 stentem,
2163 2184 2219 2228 et
2248 2177 2596 2244 sapientiam,
2629 2184 2684 2228 et
2717 2174 2978 2228 virtutem
3005 2214 3020 2238 ,
3050 2180 3109 2229 et
3145 2169 3312 2222 vitam
3335 2207 3348 2230 .
3399 2176 3456 2221 et

1873 2265 2060 2320 lumen
2099 2281 2312 2320 verum.
2344 2267 2448 2332 Qui
2487 2267 2538 2318 in
2563 2276 2816 2320 extremo
2851 2266 3068 2320 dierum
3101 2269 3328 2334 propter
3365 2273 3464 2311 nos

1877 2357 2041 2412 homo
2085 2359 2284 2424 factus,
2315 2369 2371 2412 et
2423 2370 2581 2413 natus
2610 2369 2789 2414 estex
2833 2359 3054 2430 Virgine
3105 2365 3317 2414 saneta.
3350 2351 3456 2424 Qui

1875 2451 2193 2509 cruciﬁxus.
2219 2463 2274 2504 et
2307 2463 2578 2516 mortuus,
2619 2463 2674 2508 et
2726 2453 2979 2521 sepultus
3010 2460 3094 2506 est
3131 2467 3146 2504 :
3176 2459 3234 2505 et
3276 2465 3466 2504 resur-

1877 2544 2018 2597 rexit
2049 2560 2114 2597 ex
2141 2545 2374 2596 mortuis
2431 2547 2590 2599 tertia
2647 2545 2756 2609 die,
2785 2555 2839 2600 et
2891 2544 3138 2598 ascendit
3170 2545 3224 2598 in
3267 2544 3460 2606 caelos,

1875 2646 1932 2690 ct
1954 2635 2202 2689 consedit
2237 2637 2289 2688 in
2328 2636 2519 2689 dextra
2553 2637 2733 2690 Patris
2759 2677 2773 2702 ,
2812 2647 3083 2691 venturus
3117 2636 3171 2690 in
3203 2650 3463 2690 consum-

1880 2725 2120 2779 matione
2150 2726 2484 2779 smeulorum
2512 2726 2966 2796 adjudirandum
3010 2729 3166 2781 vivos
3210 2734 3268 2781 et
3313 2741 3462 2778 mor-

1879 2827 2024 2882 tuos,
2056 2828 2111 2872 ct
2167 2819 2509 2872 reddendum
2561 2819 2863 2888 unicuique
2923 2819 3226 2874 secundum
3293 2833 3466 2888 opera

1877 2927 1994 2966 sua.
2026 2911 2195 2982 Cujus
2229 2928 2457 2972 regulum
2515 2911 2928 2964 interminatam
2985 2912 3041 2964 in
3078 2911 3292 2965 inﬁnita
3341 2925 3466 2979 per-

1879 3013 2063 3058 manet
2110 3004 2329 3058 smcala.
2361 3004 2583 3057 Sed-hit
2631 3017 2866 3072 namque
2923 3003 2976 3057 in
3015 3003 3210 3058 dextra
3258 3004 3459 3066 Patris,

1880 3112 1986 3151 non
2008 3097 2185 3149 solum
2214 3095 2264 3148 in
2301 3096 2503 3148 sarculo
2524 3096 2801 3164 praesenti,
2835 3095 2928 3150 sed
2952 3096 3118 3150 etiam
3154 3095 3209 3150 in
3242 3095 3456 3150 futuro.

215 3165 352 3230 δάξαι
379 3170 474 3220 καὶ
499 3169 814 3241 ὑπομνῆσαι
837 3176 1016 3227 πάντα
1045 3192 1056 3205 ·
1087 3174 1155 3228 δι’
1178 3175 1240 3228 οὗ
1275 3181 1369 3231 καί
1401 3180 1767 3251 ἁγιασθήτω-

1888 3191 1942 3244 Et
1967 3190 2018 3242 in
2055 3189 2317 3257 Spiritum
2359 3199 2632 3252 satu-tum,
2669 3189 2775 3242 hoc
2797 3199 2880 3243 est
2900 3189 3240 3243 Paracletum
3267 3204 3466 3258 :qucm

215 3276 294 3312 ται
319 3264 373 3315 αἱ
405 3263 514 3316 τῶν
543 3265 854 3336 εἰλικρινῶς
888 3269 970 3332 εἰς
1007 3269 1168 3324 αὑτὸν
1201 3278 1650 3328 πεπιστευκότων
1675 3277 1778 3344 ψυ-

132 3367 138 3376 ·
217 3351 318 3420 καί.
354 3354 495 3418 Τοὺς
527 3356 583 3409 δέ
614 3357 874 3426 λέγοντας
911 3359 971 3426 ἐξ
1019 3364 1121 3416 οὐκ
1164 3364 1336 3416 ὅντων
1363 3366 1452 3419 τὸν
1484 3367 1686 3438 Υἰὸν,ῆ
1720 3371 1777 3434 ἐξ

219 3446 396 3515 ἑτέρας
430 3449 799 3516 ὑποστάσεως,
827 3452 922 3505 καὶ⁸
961 3453 1036 3524 μὴ
1101 3455 1166 3509 ἐκ
1223 3455 1384 3520 Θεοῦ,
1430 3460 1545 3526 καὶ,
1574 3459 1657 3513 ὅτι
1707 3457 1776 3532 ἦν

223 3541 343 3592 ποτὲ
364 3541 547 3609 χρόνος
579 3543 670 3596 ὅτε
699 3543 800 3596 οὐκ
829 3540 920 3616 ἦν,
938 3545 1257 3617 ἀλλοτρίους
1286 3544 1426 3601 οἶδεν
1446 3552 1480 3621 ὴ
1513 3533 1776 3624 καθολική

231 3631 532 3702 Ἐκκλησία.
579 3655 598 3687 ι
638 3636 857 3707 Ταύτην
911 3639 1171 3694 δεδωκόσι
1221 3642 1320 3712 τὴν
1353 3641 1595 3708 ἔκθεσιν,
1631 3663 1780 3699 συνι-

224 3720 323 3771 δὼν
352 3723 378 3773 ὁ
411 3723 671 3786 Κώκστας
707 3725 781 3788 ὡς
815 3727 1015 3790 ἀδίκως
1049 3730 1141 3781 ἐπὶ
1191 3734 1302 3795 τοῖς
1355 3731 1518 3798 θείοις
1548 3735 1782 3804 ἐκείνοις

225 3813 438 3898 ἀνδράσι
488 3816 831 3888 σινέστηςαν
860 3837 873 3853 ο
911 3822 974 3874 οὑ
1009 3822 1120 3893 γὰρ
1173 3823 1541 3895 ἐγκλημάτων
1594 3828 1778 3898 χάριν,

225 3901 338 3956 οὐεὲ
388 3903 502 3972 βίου
555 3906 859 3977 φαυλότητι
915 3911 1014 3979 τὴν
1072 3911 1298 3965 ἐκείνων
1347 3913 1782 3984 ἀπεστράφησαν

227 3999 518 4063 κοινωνξαν,
550 3997 625 4062 ὡς
667 4000 890 4071 ἐδήλουν
921 4003 990 4056 τὰ
1025 4003 1418 4076 ὑπομνήματα,
1453 4009 1571 4061 ἀλλ’
1599 4011 1720 4064 ὅλον
1749 4015 1782 4081 ἡ

229 4089 345 4174 περὶ
367 4089 423 4140 τὸ
454 4091 636 4160 δόγμα
667 4092 946 4162 διαφωνία
978 4091 1046 4166 ἦν
1070 4112 1083 4127 ο
1115 4097 1284 4168 μηδὲν
1318 4099 1629 4166 ἀνύσαντας
1656 4108 1784 4174 περὶ

229 4173 297 4234 ὧν
335 4183 707 4254 ἐληλύθεισαν,
745 4187 920 4240 ὀπίσω
949 4189 1260 4260 ἀνέπεμπε.
1303 4193 1412 4246 Καὶ
1447 4195 1639 4266 χάσμα
1671 4173 1787 4262 τοῖς

231 4274 371 4344 ἑῴοις
423 4279 516 4330 καὶ
569 4279 848 4350 ἑσπερίοις
906 4277 975 4353 ἦν
1014 4285 1047 4352 ἡ
1103 4283 1266 4354 μέσον
1315 4287 1584 4358 διαφορά·
1635 4291 1693 4343 ἐν
1743 4287 1786 4359 ᾧ

232 4365 391 4434 χρόνῳ
435 4369 529 4419 καί
560 4367 705 4421 κατὰ
737 4369 985 4440 Σίρμιον,
1025 4371 1296 4444 Ἰλλυρική
1337 4375 1395 4428 δὲ
1431 4375 1569 4448 αὕτη
1607 4379 1784 4446 πόλις,

233 4457 266 4524 ἠ
291 4461 418 4513 κατὰ
443 4461 710 4516 Φωτεινδν
756 4465 969 4536 αἵρεσις
1005 4467 1297 4535 ἐπεγένετο
1318 4485 1332 4501 ο
1359 4469 1419 4534 ὃς
1446 4472 1544 4540 τῆς
1582 4477 1787 4542 μικρᾶς

1884 3269 2006 3335 οιιῖη
2042 3279 2694 3350 apostolispromisisset,
2731 3290 2852 3348 post
2893 3281 3274 3335 ascensionem
3307 3296 3464 3334 suam

1886 3377 1939 3430 in
1960 3375 2149 3439 cmlos,
2174 3374 2341 3439 misit,
2371 3383 2428 3426 ut
2459 3373 2682 3427 doceret
2714 3381 2770 3426 et
2794 3383 3113 3442 suggereret
3141 3373 3224 3426 eis
3253 3372 3464 3425 omnia.

1887 3467 1989 3521 Per
2019 3483 2182 3536 quem
2217 3468 2382 3520 etiam
2429 3467 2925 3521 sanctiticahuntur
2967 3479 3162 3519 eorum
3215 3463 3308 3532 qui
3345 3464 3465 3518 sin-

1885 3575 2009 3615 cere
2045 3561 2096 3612 iu
2126 3575 2250 3614 eum
2284 3559 2603 3623 credidere,
2646 3557 2861 3612 animae.
2913 3557 3023 3611 Eos
3055 3565 3238 3610 autem
3269 3556 3364 3624 qui
3396 3570 3463 3609 ex

1885 3668 1996 3706 non
2027 3652 2422 3706 exsistent'rbns
2465 3651 2659 3704 dicunt
2690 3665 2812 3705 esse
2857 3648 3093 3712 Filium,
3121 3658 3216 3702 aut
3246 3664 3313 3702 ex
3363 3648 3469 3702 alia

1885 3744 2266 3808 subsistentia,
2299 3753 2354 3797 et
2385 3759 2493 3796 non
2523 3759 2590 3796 ex
2633 3743 2764 3806 Deo,
2817 3750 2874 3796 et
2923 3741 3094 3796 fuisse
3135 3739 3469 3810 quandoque

1889 3843 2106 3904 tempus
2135 3849 2260 3888 cum
2292 3849 2400 3887 non
2428 3834 2610 3897 fuerit,
2649 3833 2862 3888 alienos
2889 3847 3010 3889 esse
3041 3833 3196 3886 novit
3221 3830 3465 3886 Ecclesia

1890 3928 2178 3983 catholica.
2223 3947 2242 3978 ι
2299 3928 2448 3981 lianc
2483 3927 2786 3982 exhibuere
2839 3925 3150 3979 formulam.
3205 3923 3471 3978 Constans

1891 4029 2076 4072 autem
2111 4027 2460 4086 perspectum
2505 4018 2734 4077 habens.
2785 4033 2882 4072 eos
2916 4016 3104 4084 inique
3134 4025 3330 4070 contra
3387 4017 3470 4066 di-

1893 4111 2049 4164 vinos
2096 4110 2242 4164 virus
2272 4111 2642 4180 conspirasse,
2694 4124 2878 4177 neque
2917 4108 3212 4161 criminum
3259 4105 3474 4174 aliquo-

1893 4216 2012 4255 rum
2045 4201 2240 4271 gratia,
2265 4217 2444 4271 neque
2477 4211 2698 4272 propter
2736 4201 2861 4254 vitae
2895 4200 3221 4270 pravitatem
3253 4239 3268 4264 ,
3301 4199 3465 4252 sicuti

1891 4284 2272 4351 attestationes
2327 4295 2707 4359 declarabant,
2743 4293 3192 4348 communionem
3249 4291 3467 4344 illorum

1895 4398 2196 4452 aversatus,
2231 4388 2328 4442 scd
2359 4387 2632 4458 dogmatis
2663 4387 3056 4442 dissonantiam
3087 4400 3314 4454 prorsus
3345 4399 3474 4437 cau-

1896 4495 2009 4533 sam
2041 4480 2254 4534 dissidii
2289 4495 2412 4535 esse
2452 4480 2690 4535 :infecta
2715 4480 2874 4550 cujus
2911 4494 3070 4533 causa
3099 4484 3368 4531 venerant
3388 4491 3467 4537 re,

236 4546 486 4614 Γαλατίας
515 4551 614 4617 ὣν,
664 4555 760 4607 καὶ
790 4555 865 4625 τῷ
913 4559 1304 4628 προειρημένῳ
1348 4561 1658 4631 Μαρκέλλῳ
1689 4567 1776 4635 τῆς

1897 4587 1994 4627 eos
2027 4573 2254 4627 dimisit.
2292 4573 2359 4626 Et
2408 4546 2798 4626 Orientalibus-
2821 4581 2987 4640 atque
3021 4568 3472 4624 Occidentahhus

235 4641 472 4710 πατρίδος
499 4646 792 4718 ἐπισκόπῳ
825 4649 1220 4720 μαθητευθεὶς,
1247 4653 1358 4706 τῶν
1389 4655 1570 4708 ἐκεῖσε
1601 4656 1792 4726 ἡγεῖτο

238 4733 542 4805 ἐκκλησιῶν,
565 4738 720 4808 ιιιλδν
743 4741 1033 4812 ἄνθρωπον
1051 4743 1404 4815 δογματίζων
1419 4745 1513 4800 τὸν
1536 4747 1580 4800 Χ
1589 4749 1792 4818 ριστόν.

241 4825 357 4895 Περὶ
383 4823 452 4882 ὧν
479 4831 623 4885 κατὰ
649 4830 838 4902 χώραν
867 4832 1133 4903 ἐροῦμεν.

1899 4664 2067 4718 veluti
2086 4665 2306 4718 chasma
2337 4679 2433 4719 seu
2457 4664 2643 4718 hiatus
2664 4663 2786 4730 fuit,
2811 4678 2932 4732 quae
2961 4663 3040 4716 eis
3068 4662 3473 4719 intercesserat,

1897 4754 2194 4808 dissensio.
2229 4755 2346 4821 Qua
2385 4763 2707 4824 tempestate
2739 4762 2794 4808 et
2827 4754 2883 4806 in
2925 4753 3150 4814 Sirmio,
3196 4765 3317 4820 quae
3348 4749 3474 4818 lily-

1896 4845 1999 4900 rici
2025 4845 2158 4902 urbs
2185 4855 2290 4910 est,
2323 4846 2545 4906 thini
2588 4845 2814 4900 haeresis
2852 4845 3121 4897 emersit:
3159 4841 3252 4910 qui
3287 4843 3339 4893 in
3373 4839 3472 4891 mi-

239 4934 354 4974 nore
387 4920 555 4978 Gallia
589 4936 769 4989 ortus,
800 4936 855 4983 et
907 4944 939 4983 a
973 4929 1250 4996 Marcello,
1281 4931 1349 4986 de
1401 4948 1512 5003 quo
1550 4932 1811 5002 diximus,
1850 4937 1958 4993 loci
1993 4939 2116 5010 ejus
2147 4941 2438 5008 episcopo,
2473 4938 2753 5004 eruditus,
2797 4935 3047 4991 ecclesiis
3117 4933 3193 4987 ibi
3235 4921 3472 5002 praefuit,

241 5031 428 5071 merum
458 5035 581 5076 esse
626 5021 906 5080 hominem
959 5025 1254 5082 Dominum
1285 5027 1512 5088 docens.
1548 5031 1624 5085 De
1649 5047 1761 5102 quo
1795 5051 1896 5089 suo
1923 5042 2170 5106 tempore
2205 5036 2473 5091 dicemus.

801 5143 1054 5200 ΚΕΦΑΛ.
1103 5144 1207 5200 IA'.

255 5232 336 5299 Ὠς
360 5233 750 5315 τῆς-’ἑσπέρας
776 5239 875 5292 καὶ
897 5239 992 5315 ’ἔω
1026 5240 1372 5315 διαστάσης
1395 5243 1529 5310 περὶ
1563 5244 1626 5297 τὸ
1655 5245 1792 5315 δκῗγ-

299 5322 374 5379 μα
406 5310 515 5379 τῇς
547 5310 839 5379 γπίστεως
884 5311 984 5362 ἐπὶ
1044 5313 1246 5379 τρισὶν
1297 5313 1523 5377 ἐτεσιν,
1573 5318 1628 5367 ot
1677 5310 1794 5370 cii-ct

307 5376 408 5452 ζὴζ
438 5376 512 5428 ἔω
531 5378 856 5452 ἐπίσκοποι
889 5381 1002 5447 τὴν
1027 5376 1366 5449 λεγομένην
1379 5376 1797 5452 μακρόστιχον

303 5444 534 5568 ἔκθεσιν
563 5444 982 5520 ποιησάμενοι,
1003 5444 1127 5518 τοῖς
1157 5444 1467 5522 ἑσπερίοις
1501 5444 1796 5510 ’ἀπ’ἐσῖει-

341 5532 429 5569 ar.

317 5629 400 5696 Ἐξ
431 5633 639 5686 ἐκείνου
691 5634 747 5687 δὲ
775 5635 942 5706 τριῶν
975 5635 1114 5690 ἔτιον
1149 5637 1568 5708 διαγεγονότων,
1605 5645 1655 5696 ot
1693 5645 1795 5712 τῆς

245 5719 311 5780 ἔω
340 5725 622 5780 ἐπίσκοποι
655 5729 851 5797 ἑτέραν
898 5735 1118 5800 γραφὴν
1152 5732 1492 5802 συνθέμενοι,
1547 5740 1660 5800 τοῖς
1691 5737 1794 5790 ἀνὰ

247 5813 331 5888 τὴν
362 5819 594 5892 ἑσπέραν
629 5821 876 5890 ἔπεμπον
932 5823 1205 5893 ἱερεῦσιν,
1272 5827 1336 5895 ἣν
1382 5830 1793 5899 μακρόστιχίεν

2394 5151 2554 5222 691
2621 5147 2844 5204 cum
2882 5145 2976 5200 xu.

1903 5243 1967 5298 Ut
2030 5245 2457 5316 occidentalibus
2505 5254 2551 5296 et
2600 5241 2954 5317 Oiientulibns
2985 5238 3223 5317 portibus
3275 5233 3338 5317 de
3391 5233 3479 5316 do:

1972 5311 2146 5369 ctrina
2219 5317 2343 5383 ﬁdei
2419 5316 2736 5383 triennium_
2781 5311 3184 5383 dissidentibus,
3250 5311 3478 5376 episcopi

1975 5380 2272 5440 Orientales
2300 5385 2670 5456 expositionem
2703 5381 2823 5448 ﬁdei
2853 5380 3273 5456 composuerint,
3317 5392 3476 5456 quam

1975 5457 2262 5526 longiorem
2319 5448 2698 5520 norninarunt,
2776 5463 2824 5505 et
2901 5448 3318 5506 Occidentalibus
3375 5448 3478 5498 ini-

1973 5529 2160 5580 δεῖξαι.

1979 5643 2244 5697 Triennio
2295 5641 2498 5698 deinde
2561 5641 2780 5711 elapso,
2838 5638 3148 5694 Orientales
3229 5632 3473 5705 episcOpi

1905 5737 2111 5805 scripto
2134 5736 2242 5789 alio
2270 5737 2601 5806 composito,
2633 5735 2700 5788 ad
2733 5732 3116 5789 Occidentales
3150 5729 3202 5784 id
3224 5727 3420 5782 misere
3455 5741 3472 5780 :

1905 5830 2047 5903 quod
2110 5829 2495 5900 μακρόστιχον,
2559 5828 2660 5883 hoc
2715 5837 2822 5888 est,
2864 5827 3170 5896 longiorem
3203 5824 3470 5892 vocarunt
