3928 6536
437 363 541 428 255

1613 388 2031 453 NICEPHORI
2075 394 2420 461 C.-\I.I.lSTl

3582 420 3685 484 956

444 477 669 538 ιίίδιιεηιν
721 476 836 533 sive
883 480 1241 540 invisibilium
1312 503 1409 545 seu
1472 494 1798 563 visibilium,
1830 511 1986 570 utqu

444 566 749 607 euhcietpnc
786 570 1024 607 Var-Imm
1063 576 1130 607 οἱ.
1167 579 1342 607 n...-:..
1395 594 1441 607 -.
1474 587 1613 607 nhu
1660 606 1669 607 ,
1746 593 1784 607 τι
1914 594 1975 607 η.

2115 507 2320 574 αἰῶνας
2356 513 2466 565 τῶν
2511 515 2750 573 αἰώνων.
2790 519 2961 575 Οὐδὲν
3014 525 3122 596 γὰρ
3155 531 3473 602 πρόσφατον
3505 539 3531 591 ό
3564 539 3688 607 Χρι-

440 566 750 624 subsistens
786 570 1025 627 Verbum
1063 576 1134 630 sit
1167 579 1366 648 Patris,
1392 594 1447 638 et
1474 587 1617 642 Deus
1650 606 1715 643 ex
1746 593 1875 646 Deo.
1914 594 2012 649 llic

437 658 584 711 enim
616 670 699 714 est
729 661 794 713 ad
819 679 981 731 quem
1018 667 1177 722 Pater
1207 671 1343 726 dixit
1376 690 1389 725 :
1430 675 1718 733 Faciamus
1749 684 2010 740 hominem

435 752 717 805 secundum
790 755 1072 820 imaginem
1155 772 1396 819 nostram
1485 779 1532 821 et
1586 772 2006 846 similitudinem,

439 842 531 908 qui
584 854 639 895 et
695 859 725 895 a
781 847 1029 913 patribus
1072 853 1223 908 visus
1246 866 1328 910 est
1356 872 1483 913 cum
1514 862 1688 932 legem
1723 867 1911 935 ferret,
1954 882 2008 927 et

438 929 657 987 loeutus
684 944 769 988 est
809 952 905 1006 per
938 943 1272 1010 prophetas;
1318 958 1373 1003 et
1401 952 1495 1019 qni
1530 965 1808 1022 postremo
1845 964 2008 1037 homo

437 1021 614 1076 factus
676 1034 782 1088 est,
833 1040 889 1083 et
934 1029 1148 1086 Patrem
1191 1051 1350 1092 suum
1388 1043 1647 1101 omnibus
1681 1034 2002 1111 hominibus

439 1113 828 1180 manifestavit,
860 1122 1065 1190 quique
1098 1134 1290 1195 regn‘at
1340 1131 1393 1183 in
1430 1137 1626 1190 sa:cula
1657 1126 2002 1201 sméulorum.

440 1202 721 1273 Siquidem
778 1212 914 1266 nihil
972 1232 1124 1271 novae
1166 1220 1450 1291 dignitatis
1475 1228 1729 1287 Christus
1757 1251 1992 1308 assump.

436 1294 526 1357 sit,
549 1297 643 1350 sed
675 1315 798 1353 eum
843 1312 1001 1357 antea
1030 1310 1355 1378 perfectum,
1392 1326 1448 1371 et
1507 1319 1650 1378 Patri
1684 1342 1783 1394 per
1820 1332 2013 1388 omnia

434 1386 669 1442 similem
697 1407 817 1448 esse
839 1396 1140 1455 credimus.
1175 1405 1354 1474 Atque
1406 1409 1619 1480 itidem,
1659 1432 1755 1474 eos
1790 1424 1882 1490 qui
1920 1424 2003 1477 di-

434 1490 569 1534 cunt
621 1485 871 1540 eumdem
916 1505 1037 1546 esse
1095 1493 1307 1553 Patrem
1341 1504 1612 1560 etFilium
1651 1520 1707 1564 et
1735 1512 2001 1582 Spiritum

435 1583 709 1637 sanctum.
752 1587 808 1632 et
864 1583 1031 1638 unius
1058 1587 1420 1662 ejusdemque
1443 1598 1517 1652 rei
1542 1610 1597 1653 et
1626 1617 1874 1669 personae
1900 1610 2002 1665 tria

433 1664 550 1719 inec
596 1670 817 1725 nomina
870 1674 1037 1746 impie
1091 1683 1388 1752 accipiunt,
1432 1693 1628 1747 merito
1659 1695 1727 1749 ab
1761 1698 2001 1758 Ecclesia

432 1762 825 1825 proscribimus
856 1783 869 1815 :
899 1772 1161 1838 quoniam
1221 1777 1437 1834 Patrem
1489 1787 1998 1859 quicomprebendi

430 1861 687 1920 nequeat,
741 1865 905 1927 atque
950 1867 1295 1932 perpessioni
1347 1872 1621 1932 obnoxius
1672 1897 1780 1936 non
1824 1885 1916 1951 sit,
1944 1899 1999 1943 et.
2029 1862 2074 1917 Β

430 1946 1004 2019 comprehensibilem,
1061 1966 1119 2012 et
1185 1966 1525 2032 perpessioni
1553 1972 1872 2029 obstrictum
1903 1993 2003 2047 per

430 2034 933 2098 inhumanatinnem
960 2051 1319 2111 constituunt.
1352 2058 1517 2130 694
1560 2062 1717 2119 Tales
1738 2034 1999 2139 sunt,qui

430 2128 838 2199 Patmpassiani
905 2141 1050 2208 apud
1119 2144 1419 2215 Romanos,
1487 2128 1797 2213 —Sabclliani
1855 2128 1996 2232 apud

427 2235 529 2275 nos
577 2223 863 2283 dicuntur.
915 2229 1198 2300 Siquidem
1221 2240 1475 2295 novimus
1515 2245 1725 2302 Patrem
1751 2252 1994 2320 quidem,

427 2312 520 2379 qui
566 2316 792 2382 miserit,
851 2318 904 2372 iu
968 2338 1068 2376 suo
1128 2325 1818 2395 immutabilisdivinitatis
1851 2353 1992 2399 statu

425 2408 794 2470 permansisse
828 2414 959 2482 :qui
992 2432 1119 2471 vero
1141 2421 1342 2476 missus
1390 2435 1475 2478 est
1499 2428 1799 2494 Christum,
1833 2435 1995 2489 inlut-

426 2498 755 2555 manationis
778 2506 1140 2561 oeconomiam
1173 2519 1228 2564 et
1258 2527 1457 2569 munus
1483 2517 1706 2575 obiisse.
1730 2525 1995 2581 Consimi-

422 2584 552 2640 liter
601 2600 785 2646 autem
849 2610 945 2650 eos
1000 2600 1092 2668 qui
1139 2601 1328 2671 impie,
1387 2623 1497 2661 non
1532 2615 1786 2669 consulto
1815 2634 1990 2687 neque

422 2676 705 2733 voluntate
750 2685 992 2750 genitum
1020 2704 1140 2743 esse
1168 2690 1453 2749 Christum
1486 2699 1697 2765 dicunt,
1748 2707 1991 2760 necessi-

424 2778 589 2826 tatem
622 2774 877 2831 videlicet
909 2783 1198 2848 quamdam
1256 2786 1622 2856 imponentes,
1646 2803 1701 2847 et
1738 2797 1993 2852 substan-

424 2862 555 2917 tiam
613 2867 897 2923 voluntate
945 2882 1000 2927 et
1049 2875 1263 2932 delectu
1300 2893 1574 2937 carentem
1604 2885 1713 2940 Deo
1742 2888 1989 2945 tribuen-

423 2963 526 3019 tes,
595 2956 693 3021 ita,
762 2969 821 3013 ut
849 2962 1055 3019 invitus
1084 2967 1276 3023 Filium
1316 2976 1592 3043 genuerit,
1634 2980 1989 3046 impiissimos

418 3056 474 3098 et
527 3062 554 3099 a
602 3051 833 3106 veritate
885 3055 1255 3114 alienissimos
1281 3068 1685 3133 cognoscimus.
1716 3071 1985 3137 Quoniam

417 3137 682 3195 adversus
736 3158 1057 3203 communes
1098 3151 1165 3204 de
1200 3153 1308 3207 Deo
1339 3157 1589 3225 notitias,
1618 3171 1784 3231 atque
1815 3167 1982 3223 etiam

418 3228 683 3285 adversus
701 3234 968 3291 divinitus
1008 3238 1285 3310 iuSpirata:
1311 3246 1608 3315 Scriptura?
1637 3259 1986 3326 sententiam,

417 3312 545 3374 talia
594 3324 661 3376 de
716 3339 782 3379 eo
828 3337 1070 3384 statuere
1115 3334 1346 3390 audent.
1390 3339 1500 3393 Nos
1529 3345 1731 3399 etenim
1771 3348 1991 3406 absolu-

406 3412 645 3468 ‘tissimaa
713 3422 1025 3487 potestatis,
1079 3438 1206 3477 eum
1295 3443 1440 3493 esse,
1491 3432 1988 3509 perfectissimique

412 3503 556 3571 juris
607 3508 691 3561 sui
753 3510 921 3565 Deum
956 3514 1217 3581 scientes,
1260 3530 1454 3587 sponte
1486 3534 1542 3576 et
1580 3526 1860 3584 voluntate
1889 3548 1986 3587 sua

418 3596 618 3651 Filium
673 3603 1061 3675 genuisse,pie
1092 3610 1490 3668 existimamus.
1529 3617 1745 3674 Etcum
1787 3624 1985 3683 timore

415 3688 549 3743 iilud
576 3691 645 3746 de
671 3708 738 3746 eo
763 3694 966 3750 dictum
1019 3713 1139 3753 esse
1176 3703 1485 3770 credentes,
1525 3709 1791 3767 Dominus
1830 3733 1984 3772 crea-

415 3781 488 3831 vit
534 3797 613 3834 me
668 3784 883 3839 initium
912 3788 1144 3843 'viarum
1200 3809 1424 3850 suarum
1490 3802 1560 3853 ad
1599 3819 1757 3873 opera
1791 3813 1928 3862 sua'
1964 3828 1979 3867 :

416 3887 527 3925 non
584 3874 771 3929 itidem
814 3893 947 3932 eum
974 3891 1031 3934 ut
1054 3892 1339 3942 creaturas
1369 3890 1723 3964 iacturasque
1747 3899 1869 3969 ejus
1896 3918 1982 3973 ge-

416 3965 594 4018 nitum
638 3981 758 4021 esse
786 3970 1141 4032 arbitramur.
1194 3978 1425 4047 lmpium
1459 3986 1607 4040 enim
1644 3998 1750 4056 est,
1787 4004 1842 4047 et
1912 3997 1981 4052 ab

408 4056 779 4113 ecclesiastica
811 4060 915 4116 (ide
937 4065 1201 4131 alienum,
1232 4070 1582 4131 Conditorem
1607 4094 1732 4136 cum
1765 4095 1978 4141 creatu-

408 4148 481 4198 ris
517 4162 615 4215 per
647 4165 772 4204 eum
808 4154 1045 4209 conditis
1062 4168 1789 4241 comparare,eumdemque
1807 4177 1976 4232 etiam

406 4252 532 4290 eum
571 4243 945 4308 generationis
972 4247 1193 4303 modum
1229 4268 1351 4306 cum
1398 4255 1477 4310 eis
1502 4274 1625 4326 quae
1657 4262 1727 4317 ab
1757 4280 1824 4319 eo
1845 4279 1978 4323 sunt

404 4330 582 4383 aliena
626 4331 831 4388 habere
886 4346 1100 4402 putare.
1142 4341 1327 4398 Solum
1356 4362 1616 4419 namque,
1645 4363 1699 4408 et
1726 4357 1843 4412 solo
1877 4376 1974 4416 sett

407 4421 569 4475 unico
628 4425 789 4477 modo
824 4428 1164 4496 unigenitum
1211 4435 1405 4491 Filium
1430 4456 1688 4509 germane
1730 4462 1826 4502 seu
1876 4466 1973 4506 na-

2117 598 2237 660 στὸς
2279 604 2646 673 προσείληφεν
2670 608 2888 680 ἀξίωμα
2907 628 2920 643 ·
2948 614 3085 670 ἀλλὰ
3120 598 3328 676 ἄνωθεν
3361 627 3573 681 τέλειον
3596 598 3685 682 αύ-

2112 690 2227 751 τὸν,
2267 694 2361 744 καὶ
2395 694 2471 764 τῷ
2501 699 2673 766 Πατρὶ
2707 702 2847 756 κατᾶ
2883 705 3061 759 πάντα
3098 709 3290 777 ὅμοιον
3318 720 3685 772 πεπιστεύκαο

2116 799 2237 850 μεν.
2269 786 2378 838 Καὶ
2409 790 2533 845 τοὺς
2566 790 2825 857 λέγοντας
2856 797 2945 850 τὸν
2979 801 3144 854 αὑτὸν
3175 800 3317 859 εἶναι
3348 809 3574 880 Πατέρα
3599 814 3685 867 καὶ

2112 874 2239 926 Υίὺν
2273 877 2368 928 καὶ
2418 877 2573 944 ἅγιον
2632 883 2879 952 Πνεῦμα,
2936 889 3063 941 καθ’
3118 892 3233 955 ἐνὸς
3272 896 3366 947 καὶ
3394 874 3682 952 τοῦ-αὑτοῦ

2114 966 2443 1034 πράγματός
2468 988 2524 1022 τε
2558 975 2653 1026 καὶ
2683 976 2980 1044 προσώπου
3013 981 3080 1032 τὰ
3111 983 3237 1051 τρία
3284 986 3524 1055 ὀνόματα
3566 992 3686 1042 ἀσε-

2109 1056 2220 1119 ϐῶς
2270 1060 2738 1132 ἐκλαμὸἀνοντας,
2794 1070 3026 1134 εἰκότως
3089 1075 3561 1147 ἁποκηρύσσομεν
3590 1083 3681 1150 τῆς

2120 1148 2486 1221 Ἐκκλησίαςο
2525 1157 2605 1209 ὅτι
2642 1159 2732 1212 τὸν
2765 1161 3052 1232 ἁχώρητον
3093 1170 3189 1220 καὶ
3239 1170 3423 1241 ἅπαθῆ
3464 1148 3680 1240 Πατέρα

2107 1247 2357 1313 χωρητὸν
2394 1249 2487 1300 καὶ
2522 1250 2768 1318 παθητὸν
2802 1253 2890 1305 διὰ
2922 1257 3019 1324 τῆς
3051 1259 3522 1331 ὲνανθρωπήσεως
3552 1267 3681 1319 157:0-

2106 1333 2365 1390 τίθενται.
2398 1337 2642 1395 Τοιούτοι
2672 1345 2778 1413 γάρ
2808 1349 2949 1400 εἰσιν
2998 1352 3048 1402 οἱ
3083 1352 3500 1424 Πατροπασανοὶ
3531 1359 3679 1428 παρὰ

2118 1418 2432 1490 Ῥωμαίοις,
2496 1428 2854 1486 Σαὸελλιανοὶ
2905 1434 2961 1488 δὲ
3027 1439 3160 1509 παρ’
3205 1418 3340 1510 ημῖν
3374 1418 3675 1511 λεγόμενοι.

2105 1512 2345 1583 Οἴδαμεν
2374 1518 2480 1593 γὰρ
2514 1521 2695 1589 ἡμεῖς,
2731 1523 2822 1577 τὸν
2847 1527 2947 1594 μὲν
2978 1529 3385 1588 ἀποστείλαντα
3438 1539 3675 1607 Πατέρα,

2103 1606 2160 1658 ὲν
2184 1607 2262 1677 τῷ
2292 1610 2478 1679 οἰκείῳ
2506 1612 2605 1682 τῆς
2635 1614 3003 1671 ἀναλλοιὼτου
3047 1620 3301 1693 θεότητος
3353 1626 3473 1696 ἤθει
3510 1645 3676 1696 μεμε-

2103 1701 2352 1767 νηκέναι,
2383 1702 2475 1754 τὸν
2497 1702 2553 1755 δὲ
2589 1704 2976 1764 ἀποσταλέντα
2999 1713 3240 1783 Χριστὸν
3270 1715 3370 1785 τὴν
3404 1717 3504 1785 τῆς
3532 1721 3679 1771 ἐναν·

2106 1789 2449 1863 θρωπήσεως
2477 1797 2792 1868 οἰκονομίαν
2816 1804 3267 1873 πεπληρωκέναι.
3315 1809 3556 1878 Ὁμοίως
3587 1814 3677 1864 καὶ

2103 1883 2229 1948 τοὺς
2253 1885 2314 1939 οὑ
2350 1884 2604 1957 βουλήσει
2635 1891 2755 1944 οὐδὲ
2781 1892 3002 1965 θελήσει
3027 1901 3394 1971 γεγεννῆσθαι
3423 1904 3518 1957 τὸν
3548 1907 3676 1973 Χρι-

2104 1976 2229 2029 στὸν
2284 1978 2577 2049 εἰρηκότας
2637 1983 2972 2051 ἁνευλαεῶς,
3023 1990 3276 2060 ἀνάγκην
3328 1993 3381 2046 δὲ
3428 1995 3674 2065 δηλονότι

2100 2068 2399 2141 ἀϐούλητον
2421 2073 2611 2126 οὑσίαν
2668 2077 2765 2130 καὶ
2799 2078 3168 2149 ἀπροαίρετον
3216 2087 3672 2154 περιτεθεικόεας

2098 2160 2174 2230 τῷ
2195 2162 2331 2233 Θεῷ,
2370 2165 2456 2217 ἵνα
2482 2167 2631 2221 ἄκων
2654 2172 2892 2240 γεννήσῃ
2915 2174 3006 2224 τὸν
3037 2173 3186 2241 Υίὸν,
3212 2177 3673 2245 δυσσεϐεστὰτους

2098 2255 2192 2307 καὶ
2224 2256 2321 2324 τῆς
2350 2257 2612 2326 ἀληθείας
2636 2261 2820 2327 ξένους
2840 2265 3314 2338 ἐπιγινώσκομενο
3335 2271 3416 2324 ὃτι
3434 2288 3493 2323 τε
3523 2275 3671 2339 παρὰ

2096 2346 2194 2409 τὰς
2217 2350 2403 2412 κοινὰς
2436 2352 2647 2414 ἐννοίας
2680 2355 2811 2424 περὶ
2844 2356 3004 2420 Θεοῦ,
3037 2359 3131 2412 καὶ
3165 2361 3228 2430 δὴ
3260 2364 3414 2428 παρὰ
3463 2365 3523 2416 τὸ
3551 2364 3674 2432 βούο

2096 2437 2247 2507 λημα
2273 2442 2370 2510 τῆς
2406 2442 2768 2499 θεοπνεύστου
2825 2448 3070 2520 Γραφῆς,
3135 2454 3363 2507 τοιαῦτα,
3402 2458 3673 2526 τετολμῆ-

2097 2548 2224 2583 κασι
2265 2532 2396 2602 περὶ
2446 2535 2614 2588 αὑτοῦ
2672 2538 3059 2607 διορίσασθαι·
3118 2544 3504 2616 αὐτοκράτορα
3564 2549 3671 2616 γὰρ

2095 2620 2255 2688 ἡμεῖς
2308 2621 2403 2674 τὸν
2456 2622 2588 2675 Θεὸν
2639 2625 2735 2676 καὶ
2790 2627 2999 2697 Κύριον
3044 2630 3208 2683 αὑτὸν
3240 2632 3434 2686 ἑαυτοῦ
3468 2636 3672 2699 εξδότες

2094 2711 2361 2774 ἑκουσίως
2389 2714 2554 2767 αὐτὸν
2582 2717 2675 2769 καὶ
2711 2717 2935 2772 θέλοντα
2970 2720 3064 2773 τὸν
3114 2723 3244 2775 Υἱὸν
3271 2726 3670 2793 γεγεννηκέναι

2092 2803 2335 2867 εὐσεϐῶς
2367 2806 2778 2876 ὑπειλήφαμεν.
2806 2809 3167 2876 Πιστεύοντες
3197 2813 3255 2866 δὲ
3291 2815 3551 2884 ὲμφὸϐως
3576 2820 3671 2869 καὶ

2091 2896 2152 2950 τὸ
2178 2899 2307 2968 περὶ
2334 2898 2502 2952 αὑτοῦ
2531 2901 2850 2971 λεγόμενον,
2884 2905 3104 2972 Κύριος
3134 2908 3342 2961 ἕκτισέ
3356 2925 3434 2977 με
3470 2908 3671 2978 ἀρχὴν

2091 2988 2249 3042 ὁδῶν
2271 2991 2480 3056 αὐτοῦ,
2508 2996 2596 3059 είς
2617 2995 2760 3062 ἔργα
2784 2996 2993 3059 αὑτοῦ,
3016 3001 3115 3068 οὐχ
3141 2999 3342 3068 ὁμοίως
3369 3001 3531 3054 αὐτὸν
3553 3003 3670 3064 τοῖς
3704 3082 3713 3093 .

2090 3080 2158 3133 δι’
2197 3083 2362 3136 αὑτοῦ
2399 3087 2720 3155 γδνομένοις
2779 3088 3079 3156 κτίσμασιν
3110 3091 3140 3161 ἢ
3170 3093 3446 3161 ποιήμασι
3479 3110 3671 3161 γεγεν-

2082 3173 2289 3242 νῆσθαι
2327 3175 2581 3245 νοοῦμεν.
2614 3176 2839 3241 ’Λσεϐὲς
2871 3180 2979 3249 γὰρ
3012 3181 3107 3234 καὶ
3136 3181 3235 3250 τῆς
3280 3182 3669 3254 ἐκκλησιαστι-

2092 3269 2193 3334 κῆς
2221 3268 2456 3332 πίστεως
2490 3270 2772 3341 ἀλλότριον
2804 3272 2862 3323 τδ
2884 3273 2977 3326 τὸν
3011 3276 3236 3344 κτίστην
3265 3280 3381 3340 τοῖς
3402 3277 3472 3331 δι’
3496 3279 3667 3333 αὑτοῦ

2091 3357 2436 3426 ἐκτισμένοις
2496 3361 2954 3434 δημιουργήμασι
3017 3368 3418 3437 παραϐάλλειν,
3448 3373 3547 3425 καὶ
3574 3373 3670 3425 τὸν

2088 3449 2250 3502 αὑτὸν
2279 3451 2382 3520 τῆς
2410 3454 2678 3517 γενέσεως
2701 3459 2814 3519 τοῖς
2836 3458 3138 3528 ἀλλοτρίοις
3162 3463 3364 3532 τρόπον
3391 3461 3539 3532 ἔχειν
3570 3467 3669 3519 καὶ

2088 3541 2249 3596 αὑτὸν
2281 3544 2548 3612 νομίζειν.
2589 3548 2909 3618 Μόνονγὰρ
2942 3553 3037 3603 καὶ
3067 3552 3248 3619 μόνως
3276 3554 3367 3606 τὸν
3399 3556 3665 3626 μονογενῆ

2088 3633 2217 3685 Υίὺν
2256 3636 2495 3700 γνησίως
2527 3654 2583 3689 τε
2642 3640 2737 3690 καὶ
2766 3640 2987 3711 ἀληθῶς
3041 3643 3393 3701 διδάσκουσιν
3420 3648 3568 3717 ἡμᾶς
3607 3649 3669 3702 αἱ

2087 3724 2229 3777 θεῖαι
2254 3726 2467 3795 Γραφαὶ
2492 3732 2898 3799 γεγεννῆσθαι·
2950 3734 3069 3787 ἀλλ’
3100 3737 3224 3790 οὑδὲ
3258 3741 3351 3794 τὸν
3378 3740 3507 3792 Υίδν
3539 3741 3667 3794 καθ’

2085 3817 2279 3871 ἑαυτὸν
2303 3813 2465 3883 εἶναι,
2501 3819 2600 3890 ζῇν
2629 3839 2687 3874 τε
2726 3825 2820 3876 καὶ
2854 3826 3124 3897 ὑπάρχειν
3149 3828 3349 3898 ὁμοίως
3374 3830 3453 3899 τῷ
3487 3832 3666 3903 Ha.th

2082 3908 2353 3976 λέγοντες,
2382 3911 2470 3964 διὰ
2506 3912 2663 3965 τοῦτο
2710 3916 3019 3988 χωρίζομεν
3070 3919 3235 3972 αὑτὸν
3265 3922 3358 3974 τοῦ
3401 3923 3613 3991 Harpe;
3644 3961 3661 3984 ,

2079 4001 2280 4064 τόπους
2300 4001 2353 4054 δὲ
2375 4003 2470 4055 καὶ
2494 4004 2843 4073 διαστήματα
2865 4025 2988 4061 τινα
3012 4010 3218 4079 μεταξὺ
3238 4012 3337 4081 τῆς
3361 4016 3663 4081 συναφείας

2081 4092 2259 4144 αὐτῶν
2288 4095 2617 4163 σωματικῶς
2644 4096 2987 4162 ἐπινοοῦντες
3008 4116 3024 4131 ·
3061 4102 3518 4171 πεπιστεύκαμεν
3550 4104 3661 4175 γὰρ

2079 4184 2452 4252 ἀμεσιτεύτως
2506 4188 2704 4250 αὑτοὺς
2756 4193 2850 4244 καὶ
2885 4190 3226 4257 ἀδιαστάτως
3257 4195 3655 4265 ὲπισυνῆφθαι,

2080 4276 2171 4328 καὶ
2201 4277 2521 4346 ἀχωρίστως
2564 4279 2837 4350 ὑπάρχειν
2863 4284 3076 4337 ἑαυτῶν
3098 4324 3113 4349 ,
3138 4285 3259 4339 ὅλον
3294 4286 3397 4356 μὲν
3421 4288 3517 4341 τοῦ
3547 4291 3657 4343 Πα-

2075 4367 2203 4436 τρὸς
2250 4371 2706 4440 ἐνστερνισμένου
2761 4374 2851 4426 τὸν
2916 4375 3078 4440 Υίὸν,
3137 4378 3262 4432 ὅλου
3301 4379 3359 4432 δὲ
3393 4381 3489 4435 τοῦ
3522 4383 3653 4435 Υίοῦ

2076 4458 2451 4531 ἐξηρτημένου
2512 4464 2605 4516 καὶ
2665 4469 3122 4537 προσπεφυκότος
3168 4471 3248 4539 τῷ
3301 4473 3518 4543 Πατρὶ,
3560 4479 3652 4529 καὶ

403 4514 511 4568 live
563 4526 726 4584 atque
776 4533 906 4575 vere
951 4526 1193 4592 genitum
1242 4546 1382 4594 esse,
1414 4550 1512 4589 nos
1537 4536 1974 4619 divinaeLitterte

403 4605 597 4636 ιιηηηιιο
650 4607 793 4636 n..:..
837 4628 1009 4636 η-,..-,
1215 4620 1312 4636 ηιμ
1621 4628 1631 4636 .

2115 4514 2133 4526 .
2159 4514 2190 4531 ι.
2267 4514 2298 4531 η
2555 4514 2577 4516 ν
2672 4514 2796 4537 "rw
2819 4514 3118 4535 "'r"""v
3178 4514 3245 4539 -τ
3301 4514 3477 4543 ιη’-ι’-
3500 4515 3518 4539 ν
3560 4514 3652 4529 ’νι-

2090 4554 2242 4605 λόνου
2271 4555 2381 4617 τοῖς
2413 4554 2691 4626 πατρῴοις
2736 4559 2961 4622 κόλποις
3012 4562 3441 4633 ἀναπαυομένου
3473 4568 3652 4636 διηνε-

399 4605 622 4660 docent.
650 4607 794 4674 Quin
836 4628 1013 4681 neque
1049 4615 1178 4670 dum
1214 4620 1409 4675 Filium
1436 4641 1534 4693 per
1556 4628 1797 4698 seipsum
1823 4609 1970 4702 esse,

400 4698 607 4761 \ivere,
667 4714 724 4756 et
788 4706 1058 4762 exsistere
1120 4713 1487 4770 consimiliter
1526 4719 1673 4774 Patri
1710 4722 1967 4795 dicimus,

397 4800 690 4860 propterea
740 4810 863 4849 eum
909 4812 938 4851 a
984 4800 1145 4857 Patre
1175 4820 1547 4883 segregaturus,
1568 4811 1689 4868 loca
1713 4819 1968 4875 etinter-

396 4884 535 4936 valla
590 4886 837 4953 quaedam
888 4891 1035 4947 inter
1069 4909 1260 4971 eorum
1293 4901 1739 4970 conjunctionem
1767 4925 1968 4982 corpo-

394 4977 586 5030 raliter
632 4981 1011 5049 imaginantes.
1060 4984 1350 5045 Credimus
1406 4994 1552 5047 enim
1602 4998 1723 5054 sine
1754 5005 1958 5072 medio,

394 5076 451 5117 et
483 5068 603 5121 sine
631 5074 811 5139 spatio
866 5076 998 5140 ullo,
1034 5077 1180 5146 ipsos
1205 5084 1530 5153 conjunctos
1556 5104 1699 5155 esse,
1731 5102 1787 5147 et
1814 5094 1964 5152 inse-

396 5160 715 5226 parabiliter
762 5183 790 5220 a
818 5168 1015 5237 scipsis
1031 5173 1299 5227 exsistere
1332 5190 1346 5227 :
1376 5175 1539 5232 Patre
1568 5182 1789 5250 quidem
1813 5202 1961 5243 eom-

392 5252 685 5319 plcctente,
747 5269 802 5313 et
870 5265 1081 5331 pectori
1147 5266 1456 5335 applicantc
1503 5273 1699 5330 Filium
1736 5288 1955 5335 totum:

394 5342 529 5395 Filio
553 5360 679 5399 vero
707 5358 819 5402 toto
845 5368 1070 5419 prorsus
1108 5355 1365 5412 devincto
1394 5373 1447 5414 et
1479 5366 1753 5433 applicato
1782 5370 1957 5436 Patri,

384 5450 561 5504 coque
587 5441 704 5493 solo
738 5454 1002 5511 perpetuo
1035 5446 1088 5499 in
1108 5450 1230 5501 sinu
1252 5459 1479 5515 paterno
1498 5462 1919 5527 conquiescente
1940 5507 1952 5519 .

281 5571 298 5587 ,
387 5527 574 5597 Itaque
610 5572 626 5594 ,
658 5533 709 5587 in
777 5535 955 5589 modis
1009 5540 1266 5594 munibus
1302 5545 1597 5610 perfectam
1630 5561 1686 5605 et
1717 5560 1950 5612 sanctis-

384 5621 579 5675 simam
644 5625 969 5681 Trinitatem
1034 5631 1323 5690 credcntes
1384 5635 1707 5711 Patremque
1780 5648 1947 5706 Deum

466 5809 481 5839 ¹
519 5810 661 5863 Prov
712 5828 826 5879 \lll,
852 5816 939 5869 9‘2.

2076 4646 2208 4709 κῶς.
2242 4647 2596 4711 Πιστεύοντες
2626 4646 2718 4704 οὖν
2740 4653 2820 4711 εἰς
2838 4653 2939 4721 τὴν
2970 4655 3289 4709 παντέλειον
3320 4658 3529 4728 Τριάδα
3552 4660 3649 4730 τὴν

2071 4737 2406 4808 ἀγιωτάτην,
2429 4740 2523 4793 τὸν
2554 4742 2776 4813 Πατέρα
2802 4744 3054 4811 λέγοντες
3080 4746 3219 4799 Θεὸν
3249 4748 3345 4801 καὶ
3367 4749 3457 4801 τὸν
3492 4750 3642 4814 Υίδν,

2070 4830 2130 4883 οὑ
2163 4829 2257 4883 δύο
2285 4830 2512 4896 τούτους
2543 4832 2720 4897 Οεοὺς,
2747 4834 2865 4888 ἀλλ’
2888 4835 2984 4889 ἕνα
3017 4838 3391 4909 ὁμολογοῦμεν
3421 4841 3559 4894 κατὰ
3581 4842 3643 4894 τὸ

2069 4923 2166 4991 τῆς
2197 4922 2450 4993 Θεότητος
2508 4925 2751 4995 ἀξίωμα,
2808 4930 2902 4982 καὶ
2937 4930 3067 4999 μίαν
3121 4933 3328 5005 ἀκριὸῆ
3358 4934 3461 5004 τῆς
3494 4934 3642 5004 βασι·

2071 5009 2220 5073 λείας
2276 5012 2375 5083 τὴν
2410 5014 2709 5083 συνάφειαν
2730 5032 2743 5046 ·
2799 5020 3245 5089 πανταρχοῦντος
3278 5023 3378 5091 μὲν
3411 5024 3635 5077 καθόλου

2069 5101 2160 5153 τοῦ
2216 5104 2432 5173 Πατρὸς
2502 5109 2720 5161 πάντων
2755 5108 2848 5161 καὶ
2900 5110 3067 5163 αὑτοῦ
3129 5113 3224 5165 τοῦ
3266 5113 3418 5178 Υἱοῦ,
3450 5114 3541 5168 τοῦ
3576 5115 3635 5168 δὲ

2066 5194 2199 5247 Υίοῦ
2254 5198 2705 5267 ὑποτεταγμένοι»
2765 5202 2844 5270 τῷ
2898 5203 3109 5272 Πατρί’
3177 5205 3334 5267 ἐκτὸς
3386 5206 3443 5259 δὲ
3475 5204 3630 5261 αὑτοῦ

2065 5289 2283 5341 πάντων
2326 5288 2436 5343 τῶν
2487 5291 2606 5359 μετ’
2631 5292 2792 5347 αὑτὸν
2828 5294 3209 5362 βασιλεύοντος
3232 5296 3341 5349 τῶν
3368 5298 3437 5350 δι’
3468 5298 3627 5351 αὑτοῦ

2062 5380 2392 5449 γενομένων,
2454 5384 2549 5436 κοιλ⁹
2582 5383 2679 5453 τὴν
2718 5384 2811 5437 τοῦ
2879 5386 3037 5453 ἁγίου
3092 5387 3415 5458 Πνεύματος
3472 5390 3629 5460 χάριν

2062 5470 2309 5537 ἀφθόνως
2331 5476 2443 5536 τοῖς
2467 5475 2641 5542 ἁγίοις
2662 5477 3008 5547 δωρουμένου
3031 5482 3282 5552 πατρικῷ
3305 5481 3623 5553 βουλήματι.

2063 5561 2220 5615 Οὕτω
2245 5564 2349 5631 γὰρ
2393 5566 2484 5617 τὸν
2535 5568 2664 5636 περὶ
2690 5568 2788 5638 τῆς
2812 5572 2870 5621 ὲν
2911 5571 3134 5641 Χριστῷ
3171 5576 3476 5645 μοναρχίας
3509 5592 3631 5626 συν-

2065 5655 2314 5710 ίστασθαι
2376 5657 2532 5729 λόγον
2564 5662 3014 5732 παρέδεὸώκασιν
3043 5666 3173 5736 ἡμῖν
3203 5668 3250 5721 οἱ
3286 5670 3424 5740 ἱεροὶ
3456 5668 3622 5738 λόγοι.
