3928 6546
226 385 319 451 257

1143 354 2180 443 Εεειιιδιλετιείε’Πιδτοιιιχιε
2221 385 2373 444 LIB.
2423 387 2520 445 ιχ.

3345 393 3454 456 ‘2’3

224 505 392 560 Ταῦτα
417 498 845 570 ἡναγκάσθησαν
889 497 1023 568 μετὰ
1055 497 1154 568 τὴν
1186 497 1244 549 ἐν
1272 497 1507 567 ἐπιτομῇ
1542 495 1768 548 ἐκτεθεῖ-

1882 496 2152 562 dicentes,
2216 508 2272 551 et
2333 498 2552 560 Filium,
2609 513 2716 551 non
2775 498 2926 568 ipsos
2979 503 3120 558 duos
3159 505 3316 573 deos,
3355 511 3451 566 sed

224 613 314 649 σαν
341 592 518 644 πίστιν
565 589 902 658 πλατύτερον
953 587 1462 658 ἐπεξεργάσασθαι,
1522 587 1584 639 οὐ
1635 587 1776 639 κατὰ

225 683 467 755 περιττὴν
497 679 840 750 φιλοτιμίαν,
870 679 988 732 ἀλλ’
1022 681 1112 732 ἵνα
1144 681 1324 732 πᾶσαν
1369 678 1471 748 τὴν
1501 679 1642 731 κατὰ
1677 679 1776 747 τῆς

223 775 478 846 ἡμετέρας
558 770 882 838 ὑπολήψεως
961 768 1250 838 ἀλλοτρίαν
1329 767 1776 838 ἀποκαθάρωμεν

223 867 442 933 fixed/{av
497 863 648 930 παρᾶ
705 865 816 924 τοῖς
858 860 927 913 τὰ
962 860 1086 913 καθ’
1140 859 1299 931 ἡμῶν
1353 859 1648 928 ἀγνοοῦσι·
1680 860 1774 912 καὶ

224 959 407 1028 γνῶσιν
429 955 478 1008 οἱ
513 955 654 1008 κατὰ
679 955 779 1025 τὴν
811 954 957 1007 δόσιν
998 954 1201 1016 πάντες
1229 952 1369 1020 ὁμοῦ
1419 953 1518 1021 μὲν
1556 954 1652 1021 τῆς
1685 970 1778 1004 συ-

223 1045 501 1114 κοφαντίας
531 1045 638 1096 τῶν
695 1042 1023 1113 ἑτεροδόξων
1079 1043 1174 1110 τὴν
1205 1043 1502 1107 ἀναίδειαν,
1535 1041 1675 1114 ὁμοῦ
1717 1041 1774 1096 δὲ

225 1137 311 1190 καὶ
345 1135 445 1188 τῶν
503 1135 839 1188 ἀνατολικῶν
881 1135 940 1188 τὸ
989 1135 1452 1204 ἐκκλησιαστικὸν
1488 1136 1771 1207 φρόνημα,
1818 1159 1824 1166 ·

224 1225 654 1296 μαρτυρούμενον
725 1223 1004 1288 ἁϐιάστως
1053 1225 1160 1279 ὑπὸ
1220 1225 1328 1278 τῶν
1395 1225 1776 1279 θεοπνεύστων

221 1317 435 1386 Γραφῶν
499 1318 632 1385 παρ’
669 1317 854 1380 αὐτοῖς
890 1317 1287 1386 ἀδιαστρόφως.
1355 1335 1374 1368 ι
1433 1317 1522 1369 Ἐν
1565 1317 1776 1381 τούτοις

221 1407 362 1478 μὲνὴ
400 1409 763 1478 μακρόστιχος
803 1408 986 1478 ἐκείνη
1021 1408 1236 1470 ἔκθεσις
1263 1408 1649 1478 περιείληπτο.

1882 601 2052 640 unum
2115 587 2470 652 confitemur,
2499 589 2652 659 juxta
2679 589 2983 646 divinitatis
3014 596 3452 666 amplitudinem,

1881 689 1937 732 ct
1994 696 2161 734 unam
2223 691 2428 736 certam
2473 684 2895 753 absolutamque
2926 689 3077 757 regni
3107 693 3454 760 conjunctio-

1883 784 2008 822 nem
2041 787 2054 823 :
2089 770 2472 824 universarum
2516 773 2736 841 quidem
2763 786 2944 828 rerum
2979 793 3077 846 per
3105 782 3288 834 omnia
3325 799 3449 837 cum

1880 875 2094 915 summa
2151 872 2423 929 potestate
2479 866 2768 933 imperium
2817 868 3102 925 obtinente
3156 873 3451 928 Patreom-

1879 951 2058 1016 nium.
2110 963 2164 1008 et
2213 955 2386 1022 ipsius
2446 957 2568 1010 Filii
2607 957 2719 1028 (l);
2758 959 2896 1014 Filio
2928 972 3111 1016 autem
3146 965 3289 1019 Patri
3327 968 3454 1033 qni-

1877 1047 2000 1098 dcm
2060 1045 2330 1116 subjecto,
2362 1059 2518 1103 extra
2558 1066 2686 1104 vero
2737 1067 2862 1106 eum
2896 1054 3150 1111 universa
3180 1067 3300 1126 post
3325 1075 3450 1112 eum

1877 1149 1998 1204 qtae
2053 1153 2153 1206 per
2215 1138 2394 1207 ipsum
2447 1141 2589 1196 facta
2641 1152 2770 1198 sunt
2834 1155 3082 1216 regente,
3132 1158 3187 1203 et
3214 1150 3453 1218 Spiritus

1877 1227 2052 1281 sancti
2092 1229 2297 1298 prolixe
2341 1245 2405 1286 ex
2451 1234 2732 1290 voluntate
2790 1237 2968 1292 Patris
3001 1241 3226 1309 gratiam
3248 1245 3455 1296 sanctis

1877 1320 2138 1377 donante.
2208 1325 2370 1396 695
2417 1327 2496 1380 Ad
2553 1329 2698 1382 hunc
2754 1332 3450 1402 enintmodum,ordinem

1877 1425 1932 1469 et
1964 1417 2232 1472 rationem
2262 1421 2594 1476 monarchize
2651 1424 2922 1494 uniusque
2969 1427 3183 1496 imperii
3207 1427 3260 1482 iu
3295 1428 3456 1483 Chri-

217 1513 291 1558 sto
331 1515 581 1560 constare
637 1506 799 1560 nobis
833 1520 984 1560 sacra
1040 1504 1332 1575 prodidere
1361 1507 1608 1563 oracula.
1679 1507 1805 1564 Haec
1849 1521 1909 1565 ut
1977 1523 2103 1582 post
2125 1515 2435 1570 breviorem
2477 1517 2604 1572 lidei
2634 1517 2926 1574 formulam
2992 1521 3168 1576 fusius
3212 1540 3454 1594 evpone-

217 1613 404 1663 reatus,
471 1600 772 1654 necessitas
829 1599 987 1654 nobis
1045 1599 1300 1670 imposita
1361 1610 1470 1666 est,
1529 1617 1640 1655 non
1711 1618 1809 1672 per
1849 1607 2181 1675 superﬂuam
2225 1610 2608 1678 ambitionem,
2665 1612 2778 1668 sive
2815 1614 3292 1684 venditationem,
3355 1621 3448 1672 sed

218 1704 271 1747 ut
295 1709 508 1749 omnem
531 1695 767 1750 alienam
792 1696 1171 1766 suspicionem
1239 1705 1432 1752 contra
1511 1700 1842 1753 sententiam
1885 1711 2132 1758 nostram
2191 1715 2532 1776 conceptam,
2592 1708 2738 1778 apud
2782 1725 2878 1764 eos
2945 1711 3169 1780 quires
3235 1725 3451 1770 nostras

217 1790 477 1856 ignorant,
506 1790 996 1860 abstergeremus:
1035 1800 1090 1845 et
1141 1801 1200 1846 ut
1264 1791 1650 1848 Occidentales
1721 1812 1912 1851 omnes
1976 1807 2117 1852 cum"
2181 1802 2468 1857 calumniae
2519 1804 2965 1860 adversariorum
3030 1807 3448 1878 impudentiam,

217 1892 318 1937 tum
373 1884 806 1941 ecclesiasticam
869 1885 1232 1942 Orientalium
1289 1887 1606 1959 opinionem
1683 1901 2038 1958 cognoscant,
2085 1894 2172 1948 cui
2227 1897 2472 1966 opinioni
2525 1898 2790 1954 divinitus
2820 1901 3094 1968 inspirata
3133 1904 3452 1974 Scriptum,

216 1992 321 2048 quae
346 1979 489 2047 apud
539 1995 635 2035 eos
675 1981 945 2036 inviolatae
972 1992 1392 2049 conservantur,
1435 1999 1528 2054 per
1568 1985 1772 2040 nullam
1811 1999 2054 2043 coactam
2107 2001 2202 2047 aut
2231 1975 2552 2050 violentam.
2579 1996 3112 2066 interpretationem,
3161 2002 3451 2071 perhibent

217 2069 592 2127 testimonium.
625 2093 644 2126 ι
682 2075 796 2130 Iloc
850 2075 1070 2147 quidem
1106 2077 1269 2131 modo
1301 2077 1563 2148 prolixior
1595 2079 1686 2133 illa
1710 2081 1982 2150 expositio
2008 2084 2185 2139 fuerat
2217 2086 2486 2144 instituta.

786 2216 1032 2271 ΚΕΦΑΛ.
1070 2216 1170 2272 1Β’.

499 2311 633 2380 Περὶ
657 2309 770 2377 τῆς
795 2309 864 2363 ἐν
889 2307 1154 2378 Σαρδικῇ
1183 2311 1474 2365 συνόδου.

286 2426 364 2492 Ὦς
393 2425 442 2478 δ’
469 2424 752 2494 ἀπηξὶωτο
784 2426 895 2488 τοῖς
931 2425 989 2478 ἐν
1017 2424 1250 2495 ἑσπέρᾳ.
1286 2423 1552 2488 Κώνστας
1579 2427 1607 2479 ὁ
1639 2427 1774 2480 καῖ.

217 2538 306 2592 cap
345 2520 477 2588 μίαν
503 2516 807 2588 ᾗτειχάριν
843 2514 933 2568 τὸν
965 2515 1216 2583 ὰόελιρὸν,
1253 2515 1448 2586 Παύλῳ
1489 2518 1580 2570 καὶ
1609 2517 1774 2571 Ἀθα-

215 2611 369 2682 νασίῳ
402 2611 530 2672 τοὺς
556 2609 792 2670 οίκείους
823 2607 1053 2678 θρόνους
1077 2607 1390 2662 ἀναλαϐεῖν.
1437 2608 1526 2672 ἷΩς
1551 2608 1606 2662 δὲ
1636 2610 1773 2680 γρά-

214 2722 316 2774 φων
343 2703 497 2758 οὐδὲν
533 2701 736 2772 μᾶλλον
765 2701 920 2772 ἤνυε,
946 2699 1054 2752 τῶν
1081 2699 1148 2753 δι’
1178 2700 1432 2763 ἐναντίας
1471 2699 1773 2769 ἀντιπρατ-

211 2798 420 2862 τόντων,
475 2797 572 2849 καὶ
619 2795 728 2848 τῶν
785 2793 935 2847 λαῶν
981 2793 1070 2848 διὰ
1122 2793 1296 2847 ταῦτα
1345 2791 1768 2857 στασιαζόντων,

215 2890 523 2960 προσιόντες
547 2886 866 2939 Κώνσταντι
892 2886 942 2937 οἱ
966 2883 1093 2952 περὶ
1121 2883 1353 2949 Παῦλον,
1377 2884 1593 2936 σύνοδον
1609 2883 1772 2953 ᾔτουν

211 2955 584 3048 οίκουμενικὴν
615 2976 895 3044 γενέσθαι,
930 2975 1072 3029 ὥστε
1099 2975 1165 3046 δὴ
1196 2976 1292 3028 καὶ
1314 2974 1384 3028 τὰ
1406 2975 1504 3044 τῆς
1537 2975 1773 3038 πίστεως

211 3073 298 3125 καὶ
327 3072 394 3123 τὰ
431 3069 552 3123 κατ’
608 3069 808 3131 αὐτοὺς
865 3068 1112 3139 ἀκριϐῶς
1160 3067 1490 3136 ἐτασθῆναι.
1523 3067 1632 3138 Τὴν
1663 3068 1771 3140 γὰρ

210 3163 522 3235 καθαίρεσιν
553 3162 817 3232 ὑποσχεῖν
843 3159 1169 3214 διετείνοντο
1203 3161 1294 3214 διὰ
1321 3161 1382 3214 τὸ
1404 3162 1504 3232 τῆς
1535 3163 1772 3226 πίστεως

211 3255 526 3326 ἀκραιφνές.
561 3253 763 3324 Γνώμη
795 3254 980 3306 τοίνυν
1015 3255 1129 3306 τοῖν
1157 3253 1306 3306 δυοῖν
1336 3253 1614 3323 βασιλέοιν
1663 3254 1776 3323 ἐγί-

211 3366 339 3415 νετο,
368 3351 496 3412 τοὺς
522 3347 617 3418 ἀφ’
642 3347 919 3417 ἑκατέρας
970 3345 1288 3417 ἀρχομένης
1328 3348 1663 3414 ἐπισκόπους
1691 3351 1772 3411 είς

211 3440 373 3511 ῥητὴν
395 3439 609 3512 ἡμέραν
637 3437 969 3492 καταλαϐεῖν
996 3439 1095 3507 τὴν
1122 3436 1416 3510 Σαρδικὴν,
1459 3439 1683 3508 Ἰλλυρὶς
1714 3440 1772 3492 δὲ

1801 2225 1848 2285 Β

2461 2231 2692 2287 CAPUT
2731 2233 2847 2289 XII.

2335 2321 2410 2376 De
2445 2323 2747 2380 Sardicenst’
2771 2330 2989 2397 synodo.

1948 2435 2015 2490 Ut
2047 2445 2228 2491 autem
2261 2439 2328 2492 ab
2358 2431 2808 2500 Occidentalibus
2845 2458 2929 2504 est
2970 2453 3278 2521 repudiata,
3309 2456 3452 2512 Con-

1875 2537 2027 2582 stans
2057 2528 2240 2583 Caesar
2276 2546 2444 2590 unum
2481 2534 2616 2588 illud
2652 2553 2680 2590 a
2714 2538 2881 2595 fratre
2912 2541 3016 2596 sibi
3051 2543 3168 2598 dari
3205 2551 3414 2616 postula
3438 2581 3450 2592 -

1878 2618 1976 2682 vit,
2011 2631 2070 2675 ut
2101 2623 2304 2678 Paulus
2333 2636 2388 2678 et
2413 2626 2746 2684 Athanasius
2775 2633 2934 2687 sedes
2961 2652 3090 2690 suas
3118 2638 3449 2709 reciperent.

1873 2711 1944 2765 At
1997 2729 2122 2766 eum
2181 2715 2383 2772 litteris
2431 2719 2549 2773 suis
2605 2722 2743 2776 nihil
2794 2724 3105 2793 effecisset,
3159 2741 3448 2800 propterea

1874 2804 2020 2871 quod
2062 2805 2363 2861 adversarii
2397 2819 2590 2864 contra
2637 2814 2949 2870 niterentur
2977 2837 2989 2872 :
3023 2830 3077 2873 et
3107 2837 3232 2875 cum
3269 2840 3450 2894 popu-

1873 2895 1959 2950 lus
2009 2914 2073 2952 ea
2127 2900 2194 2954 de
2242 2915 2405 2956 causa
2454 2903 2782 2960 seditionem
2834 2924 3096 2978 moveret,
3151 2914 3353 2986 Paulus
3391 2929 3446 2974 et

1873 2990 2206 3046 Athanasius
2245 3008 2462 3048 rursum
2499 2993 2852 3052 Constantem
2898 3001 3107 3064 adiere.
3139 3014 3195 3060 et
3233 3016 3291 3061 ut
3327 3011 3447 3064 uni.

1874 3083 2102 3137 versalis
2146 3085 2386 3152 synodus
2427 3098 2716 3156 cogeretur
2759 3093 2989 3160 petiere,
3030 3106 3089 3150 ut
3125 3097 3195 3153 de
3237 3104 3450 3170 profes-

1873 3177 2028 3230 sione
2064 3175 2213 3241 ﬁdei,
2245 3186 2302 3230 et
2346 3179 2416 3231 de
2447 3195 2637 3234 eorum
2671 3184 3201 3245 causis'accuratius
3237 3209 3322 3247 res
3349 3210 3448 3250 ex-

1874 3269 2076 3338 plorari
2123 3280 2328 3339 posset.
2375 3272 2854 3332 Exauctorationis
2894 3281 3040 3335 enim
3091 3284 3448 3352 ignominiam

1872 3375 1931 3414 se
1961 3372 2182 3431 propter
2212 3361 2337 3417 fidei
2370 3365 2745 3422 sinceritatem
2774 3369 3051 3427 sustinere
3081 3374 3444 3433 aﬂirmarunt.

1873 3453 2220 3522 Quapropter
2249 3456 2316 3509 de
2351 3455 2586 3511 duorum
2625 3459 3020 3530 imperatorum
3055 3467 3286 3523 istorum
3323 3486 3448 3526 sen-

213 3530 357 3593 πόλις
408 3529 568 3600 αὕτη,
628 3529 724 3583 τοῦ
786 3530 887 3602 μὲν
939 3530 1244 3594 αἰτοῦντος,
1292 3531 1678 3584 Κωνσταντίου
1712 3533 1768 3585 δέ

1875 3546 2043 3600 tentia
2085 3555 2374 3611 statutum,
2405 3556 2464 3600 ut
2499 3529 2790 3620 utriusque
2837 3552 3053 3622 imperii
3087 3558 3330 3628 episcopi
3377 3561 3445 3614 ad

212 3621 594 3687 ὑπακούοντος,
635 3621 776 3674 ὥστε
806 3623 907 3691 τὴν
938 3621 1128 3675 στάσιν
1153 3622 1494 3692 διαλυθῆναι.
1532 3624 1768 3677 Κα“ιὰπδ

213 3715 304 3785 μὲν
329 3715 433 3767 τῶν
467 3717 602 3786 πρὸς
639 3713 882 3786 ἑσπέραν
910 3714 1096 3785 μερῶν
1135 3715 1280 3784 ἀμφὶ
1308 3717 1615 3784 τριακόσιοι
1645 3735 1770 3771 συν-

208 3813 366 3883 ῆλθον
402 3811 716 3878 ἐπίσκοποι,
745 3811 820 3874 ῶς
845 3808 948 3863 πού
993 3826 1160 3879 φησιν
1180 3812 1208 3863 ό
1245 3811 1391 3881 ίερδς
1422 3808 1764 3876 ’Δθανόισιος,

207 3907 267 3960 ἐκ
291 3905 350 3959 δὲ
370 3906 460 3976 τῆς
493 3906 568 3959 ἕω
595 3905 656 3972 ἓξ
685 3921 744 3958 τε
771 3905 866 3958 καὶ
893 3903 1268 3975 ἑϐδομήκοντα
1288 3919 1304 3936 ⁸
1343 3903 1571 3968 Σαϐῖνος
1596 3905 1622 3958 ὁ
1648 3905 1769 3958 Μα-

206 3999 434 4063 nemo;
462 3998 620 4052 τοῦτό
653 4015 818 4068 φησιν
844 4013 860 4030 ·
899 3992 979 4054 οἷς
1019 3997 1446 4065 συγκατείλεκτο
1468 3997 1562 4050 καὶ
1591 3995 1768 4066 ’ἰσχύ-

211 4109 304 4162 ρας
345 4092 562 4154 ἐκεῖνος,
588 4093 616 4144 δ
641 4090 700 4157 ἐξ
749 4088 944 4144 ἑαυτοῦ
979 4089 1082 4158 τὴν
1118 4087 1426 4160 ἱερωσύνην
1455 4089 1762 4144 ἀναλαϐών.

209 4183 314 4236 Καὶ
342 4181 476 4234 κατὰ.
499 4181 659 4234 τοῦτο
691 4181 948 4250 διάφορος
978 4181 1260 4242 καταστὰς
1299 4180 1625 4248 Ἀθανασίῳ,
1653 4181 1765 4245 τοῖς

207 4275 262 4326 δὲ
292 4273 355 4327 δι’
382 4273 629 4336 ἐναντίας
656 4271 925 4342 προσιὼν,
958 4273 1054 4325 καὶ
1095 4273 1162 4325 τὰ
1187 4271 1358 4342 ψεύδη
1415 4273 1760 4341 συμπλάσας,

207 4367 491 4430 ἐπίσκοπος
544 4367 850 4437 Μαρεώτου
901 4365 1033 4434 παρ’
1096 4365 1322 4418 ἐκείνων
1385 4363 1761 4436 ἁνεκηρύχθη.

209 4459 271 4510 Οἱ
289 4457 329 4510 δ’
355 4458 496 4512 ἄλλοι
533 4459 594 4511 τὸ
631 4457 816 4510 στένὺν
850 4456 946 4510 τοῦ
991 4457 1302 4526 ὁρισθέντος
1357 4456 1553 4528 καιροῦ
1583 4457 1641 4509 ἐν
1673 4459 1762 4511 αἱ·

207 4552 346 4613 τίαις
387 4552 624 4622 θέμενοι,
689 4551 1126 4623 ἀπελείφθησαν,
1181 4551 1341 4613 ἄλλος
1365 4552 1492 4604 ἄλλο
1529 4569 1579 4604 τι
1633 4568 1765 4622 προ-

209 4639 532 4710 ϐαλλόμενοι,
551 4639 760 4708 Ἰουλίῳ
783 4656 844 4706 γε
881 4639 987 4711 μὴν
1020 4638 1118 4710 τὴν
1157 4638 1366 4709 μέμψιν
1391 4639 1761 4707 ἀνατιθέντες,

211 4733 296 4784 καὶ
321 4731 495 4786 ’ταῦτα
533 4733 637 4800 πρὸ
660 4733 833 4783 εἴκοσι
871 4729 1062 4800 μηνῶν
1095 4729 1190 4800 τῆς
1228 4731 1465 4798 ἀφίξεως
1500 4730 1606 4783 τῶν
1642 4733 1764 4784 ἑπι-

213 4825 414 4876 σκόπων
441 4824 884 4892 κεκηρυγμένης.
936 4818 1044 4876 Ἦν
1071 4821 1128 4874 δὲ
1157 4821 1316 4874 τοῦτο
1355 4823 1582 4875 δέκατον
1616 4825 1758 4886 ἔτος,

1875 3639 2023 3693 diem
2076 3655 2288 3696 certum
2329 3643 2640 3710 Sardicam,
2673 3662 2793 3716 qua:
2845 3647 3054 3718 Illyrica
3103 3651 3298 3708 civitas
3339 3664 3442 3716 est.

1875 3733 2258 3789 convenirent.
2301 3734 2357 3788 ld
2400 3737 2546 3805 quod
2587 3736 2859 3794 Constans
2894 3739 2972 3796 sic
3005 3742 3266 3810 petierat,
3297 3745 3446 3800 Con-

1874 3822 2110 3876 Stantius
2145 3833 2328 3878 autem
2369 3838 2697 3890 assenserat.
2733 3842 2792 3884 ut
2821 3831 3080 3888 videlicet
3109 3835 3307 3890 seditio
3337 3840 3448 3893 sol-

1870 3919 2116 3965 veretur.
2153 3914 2332 3981 Atque
2363 3931 2426 3968 ει
2457 3916 2771 3972 Occidentis
2802 3921 3053 3988 partibus
3084 3926 3304 3980 circiter
3339 3937 3448 3982 tre-

1871 4003 2020 4056 centi
2059 4017 2370 4060 convenere
2404 4007 2672 4078 episcopi,
2711 4010 2872 4065 sicuti
2922 4013 3122 4068 alicubi
3170 4031 3324 4073 sacer
3362 4021 3445 4074 di-

1871 4096 1948 4150 cit
1978 4096 2312 4151 Athanasius
2353 4115 2366 4164 ;
2403 4115 2468 4153 cx
2504 4100 2726 4156 Oriente
2757 4119 2912 4168 vero,
2947 4105 3155 4160 Sabino
3193 4109 3444 4164 Maccdo—

1871 4189 2038 4242 uiano
2071 4189 2368 4254 referente,
2397 4207 2490 4245 sex
2523 4201 2577 4248 ct
2609 4196 2972 4265 septuaginta.
3001 4197 3214 4264 Quibus
3242 4217 3442 4257 arcen-

1871 4295 1965 4335 sus
2011 4290 2097 4336 est
2138 4291 2192 4336 et
2237 4283 2490 4354 Ischyras
2528 4285 2642 4348 ille,
2673 4301 2740 4341 ex
2776 4303 2904 4366 sese
2942 4301 3098 4346 ortus
3135 4296 3441 4367 presbyter.

1870 4369 1952 4424 Ob
1982 4385 2147 4440 quam
2177 4386 2424 4439 causam,
2448 4389 2572 4429 cum
2603 4377 2877 4446 negotium
2903 4380 2953 4433 ei
2985 4396 3109 4435 cum
3142 4383 3445 4440 Athanasio

1868 4472 2056 4530 esset,
2103 4465 2158 4518 in
2209 4465 2656 4522 adversariorum
2706 4482 2893 4538 partes
2942 4476 3251 4541 concessit,
3295 4481 3440 4547 apud

1868 4571 2010 4626 quos
2053 4567 2278 4628 propter
2335 4561 2620 4615 mendacia
2675 4564 2912 4618 conficta
2953 4567 3249 4636 episcopus
3299 4575 3442 4640 apud

1869 4649 2162 4719 Mareoten.
2199 4660 2284 4705 est
2329 4665 2569 4707 creatus.
2610 4655 2778 4725 696
2830 4657 3048 4728 llcliqui
3103 4674 3286 4716 autem
3343 4680 3442 4717 an-

1870 4745 2081 4813 gustias
2140 4746 2427 4800 constituti
2489 4751 2754 4817 temporis
2815 4761 3219 4819 praetexentes,
3278 4765 3444 4824 atque
3501 4754 3503 4756 ’

1869 4836 2008 4890 alios
2054 4837 2218 4890 aliam
2266 4853 2488 4892 causam
2537 4841 2858 4910 allegantes,
2900 4859 3007 4897 non
3059 4859 3436 4914 contpztruerc.

212 4913 301 4981 ἀφ’
337 4911 391 4970 οὗ
429 4917 841 4976 Κωνσταντίνος
897 4917 924 4966 ὁ
952 4916 1136 4984 πατὴρ
1181 4906 1296 4967 τοῖν
1322 4914 1595 4984 βασιλέοιν
1623 4915 1761 4985 πρὸς

1874 4929 2219 4984 Potissimum
2264 4945 2398 4984 vero
2443 4931 2496 4985 in
2538 4931 2743 4986 Julium
2779 4936 2994 5002 culpam
3036 4939 3154 5003 ejus
3187 4937 3261 4990 rei
3305 4953 3439 4990 cou-
3493 4922 3506 4932 ’

212 5008 306 5078 τὴν
331 5008 532 5077 ἀμείνω
557 5007 715 5078 λῆξιν
739 5007 962 5078 ἐχώρει.
994 5006 1138 5059 Ἀλλ’
1168 5009 1218 5059 οἱ
1245 5007 1341 5078 μὲν
1366 5008 1514 5077 ἑῷοι,
1558 5009 1638 5072 είς
1663 5009 1762 5072 τὴν

211 5097 460 5152 Φιλίππου
515 5100 674 5152 πόλιν
719 5098 819 5169 τῆς
863 5101 1086 5170 Θρᾴκης
1119 5101 1568 5166 γενόμενοι,τοῖς
1604 5103 1765 5154 ἑσπε-

216 5191 342 5256 ρίοις
366 5191 632 5262 ἔγραψαν,
663 5191 1144 5261 προκαταλαϐοῦσι
1168 5191 1266 5262 τὴν
1315 5192 1602 5263 Σαρδικὴν,
1635 5192 1760 5247 διώ-

217 5283 396 5336 σασθαι
417 5285 543 5347 τοὺς
594 5302 660 5336 πε
673 5285 726 5354 pl.
753 5284 1073 5338 Ἀθανάσιον
1104 5291 1200 5338 τοῦ
1237 5285 1520 5354 συλλόγου,
1549 5287 1624 5348 ὡς
1653 5289 1760 5341 ἄπο

1869 5017 2142 5084 ferebant,
2177 5034 2300 5072 cum
2341 5021 2565 5089 quidem
2609 5024 2890 5078 mensibus
2927 5025 3114 5094 viginti
3155 5035 3282 5077 ante
3319 5028 3440 5094 epi-

1870 5124 2164 5179 scoporum
2196 5111 2490 5166 adventum
2517 5113 2632 5168 dies
2659 5124 2804 5169 esset
2833 5116 3152 5170 constituta.
3186 5117 3439 5172 Decimus

1868 5203 1916 5257 is
1953 5214 2072 5257 erat
2116 5219 2316 5268 annus,
2363 5221 2429 5258 ex
2475 5221 2584 5274 quo
2629 5207 3046 5266 Constantinus,
3094 5208 3440 5274 imperatoris

1870 5298 2158 5364 utriusque
2202 5307 2383 5366 pater,
2421 5299 2488 5350 ad
2541 5299 2826 5351 meliorem
2875 5299 3204 5363 migraverat
3243 5302 3438 5358 vitam.

215 5374 299 5427 τοῦ
341 5377 579 5446 ἱερᾶσθαι
620 5377 1048 5446 γεγενημένοις·
1111 5379 1247 5446 μηδέ
1299 5379 1408 5446 γὰρ
1464 5377 1535 5431 ἂν
1581 5380 1758 5444 ἄλλως

1874 5382 1932 5436 ΕΙ.
1965 5383 2295 5448 Orientales,
2329 5385 2423 5452 qui
2462 5385 2884 5456 Philippopolim
2920 5389 2972 5442 in
3007 5388 3237 5444 Thracia
3273 5407 3436 5446 vene-

217 5463 335 5519 εἶναι
381 5469 494 5533 ἐξὸν
551 5471 634 5530 εἰς
697 5467 754 5521 ἓν
788 5471 1029 5522 συνιέναι
1052 5483 1068 5500 ο
1121 5470 1311 5522 ἔπειτα
1334 5470 1511 5524 δὲκαὶ
1547 5473 1627 5534 είς
1657 5472 1756 5542 τὴν

218 5555 461 5630 Σαρδικὴν
509 5561 820 5630 γενόμενοι,
877 5561 947 5612 τὰ.
1000 5560 1580 5642 ἶσαιδιισχυρίζοντω
1617 5565 1665 5616 οἱ
1710 5563 1755 5616 δ’

275 5737 340 5808 (l)
374 5741 544 5821 Etiam
578 5747 762 5821 aliter,
791 5755 846 5802 et
878 5747 1112 5804 fortasse
1140 5749 1346 5804 rectius
1375 5749 1448 5805 ita
1481 5755 1616 5807 verti
1655 5768 1753 5821 po-

226 5821 344 5868 test:
379 5811 535 5868 Patre
581 5818 790 5887 quidem
835 5835 1010 5873 rerum
1043 5821 1404 5873 triversarum
1456 5840 1547 5892 ριί·
1578 5811 1755 5878 omnia

1865 5485 2011 5540 rant,
2034 5475 2504 5542 Occidentalibus,
2527 5481 2622 5546 qui
2647 5479 2886 5535 Sardicae
2903 5481 3015 5551 jam
3041 5494 3236 5552 praesto
3255 5493 3436 5552 erant,

1862 5568 2154 5638 scripsere,
2207 5579 2265 5623 ut
2315 5571 2698 5638 Athanasium,
2751 5576 2982 5648 ejusque
3029 5577 3330 5646 studiosos,
3377 5587 3437 5632 ut

1857 5769 1976 5876 erant
2025 5769 2233 5807 summa
2270 5764 2526 5825 potestate
2579 5761 2859 5832 imperium
2907 5762 3069 5816 etiam
3119 5762 3176 5816 in
3227 5759 3435 5818 Filium

1865 5843 1893 5876 ο
1931 5835 2147 5876 tmcnte.
2179 5836 2285 5876 etc.

1865 5835 2147 5888 obtinente,
2179 5836 2285 5882 ctc.
