3934 6584
462 453 572 517 259

1642 446 2059 506 NICEi’llORl
2102 435 2446 504 CALLlSTi

3607 433 3710 499 Ξῦθ

465 565 673 638 quibus
704 562 877 623 sacris
910 559 1233 616 ministeriis
1264 557 1622 614 interdictum
1654 566 1819 624 esset,
1850 573 1880 611 a
1911 572 2041 613 con-

2156 556 2410 625 ἑσπέριοι,
2462 554 2560 607 καὶ
2592 553 2828 621 μάλιστα
2857 550 3049 613 Ὀσιος
3085 548 3114 602 ό
3158 544 3531 616 Κουδρούσης,
3558 545 3708 606 πόλις

468 662 598 717 cilio
643 666 995 713 removerent
1031 673 1046 711 :
1082 656 1240 711 aliter
1269 655 1416 710 enim
1452 653 1571 708 ﬁeri
1610 669 1718 707 non
1763 665 1945 721 posse,
1979 660 2037 705 ut

467 755 524 809 in
561 768 732 808 unum
775 752 1157 806 convenirent.
1204 748 1362 815 Quod
1407 747 1625 817 quidem
1669 754 1856 816 postea
1895 757 2036 813 quo-

469 861 598 915 que,
631 861 757 901 cum
793 844 1033 901 Sardicae
1076 852 1282 907 essent,
1315 841 1565 896 obtinere
1603 837 2035 894 contendebant.

468 937 851 993 Occidentales
896 945 1102 999 autem,
1138 946 1303 1005 atque
1341 935 1396 989 in
1445 932 1639 1002 primis
1675 931 1876 986 Hosius
1905 927 2039 984 Cor-

468 1028 628 1084 dubae
661 1029 768 1086 (est
800 1038 984 1082 autem
1037 1027 1150 1083 haec
1186 1026 1385 1081 civitas
1420 1019 1716 1092 Hispaniae)
1762 1033 1817 1076 et
1849 1021 2044 1075 Proto-

469 1134 638 1190 genes
677 1118 916 1175 Sardica:
957 1114 1199 1187 episcopi
1258 1114 1611 1185 respondere,
1659 1126 1939 1182 nunquam
1978 1124 2038 1164 se

469 1209 911 1265 communionem
941 1208 1155 1262 illorum
1178 1206 1474 1267 devitasse,
1497 1219 1673 1273 neque
1693 1219 1856 1272 porro
1872 1200 2036 1256 etiam

468 1301 739 1356 vitaturus
783 1315 903 1355 esse
942 1316 955 1352 :
1002 1312 1127 1351 cum
1173 1296 1354 1353 Julius
1402 1295 1693 1366 episcopus
1734 1293 2038 1353 Romanus,

470 1409 633 1450 causa
666 1407 858 1447 eorum
890 1398 1195 1461 perspecta.
1220 1389 1533 1458 inique'cos
1560 1384 1778 1440 insidiis
1805 1384 2041 1439 circum-

440 1490 669 1543 'veutos
698 1500 818 1540 esse
847 1483 1130 1555 judicarit.
1164 1482 1371 1537 Adesse
1409 1480 1558 1551 ipsos
1587 1492 1829 1547 quoque,
1858 1485 1913 1531 et
1956 1490 2042 1530 re-

469 1581 733 1649 darguere
771 1576 1023 1646 iniquum
1059 1574 1193 1629 illud
1228 1573 1493 1643 judicium
1531 1572 1694 1625 velle.
1723 1571 1885 1626 Plura
1904 1585 2045 1640 quo-

2136 646 2194 700 δὲ
2218 645 2357 716 αὕτη
2386 645 2495 698 τῶν
2529 643 2815 705 Ἰσπανῶν,
2849 639 2946 694 καὶ
2970 636 3333 710 Πρωτογένης
3356 635 3384 688 ό
3406 633 3709 704 Σαρᾱκῆς,

2137 734 2318 802 εἷπον,
2350 736 2425 800 ὡς
2457 734 2716 789 οὐδέποτε
2754 734 3073 802 ἀπέστησαν
3108 728 3211 799 τῆς
3259 724 3485 780 ἐκείνων
3520 740 3711 777 κοινωι

2138 830 2284 892 νίας,
2305 828 2427 883 οὐδὲ
2448 826 2545 881 νῦν
2569 828 3003 896 ἀποστήσονται,
3031 821 3127 876 καὶ
3162 819 3337 874 ταῦτα
3355 816 3585 872 Ἰουλίου
3618 816 3709 869 τοῦ

2146 920 2438 991 Ῥωμαίων
2488 918 2797 973 ἐπισκόπου
2852 916 2924 971 τὰ
2957 915 3085 970 κατ’
3120 913 3317 975 αὐτοὺς
3337 909 3709 980 διασκεψαμὲ-

2136 1030 2256 1079 νου,
2283 1015 2377 1066 καὶ
2403 1013 2683 1081 κρίνοντος
2707 1009 2909 1072 ἀδίκως
2933 1004 3390 1061 ἐπιϐουλεύεσθαι
3408 1021 3422 1035 ·
3450 1005 3707 1073 παρεῖναι

2137 1106 2193 1160 δὲ
2228 1106 2318 1159 καὶ
2343 1105 2565 1169 αὐτοὺς,
2597 1104 2691 1157 καὶ
2714 1102 3024 1170 ἐξελέγχειν
3057 1097 3437 1169 πειρωμένους
3460 1095 3564 1167 τὴν
3599 1094 3709 1148 ἀδι-

2137 1217 2234 1254 κον
2275 1200 2493 1267 ἐκείνην
2544 1198 2723 1268 δίκην.
2792 1197 2903 1250 Καὶ
2934 1194 3052 1249 ἀλλ’
3083 1193 3222 1248 ἄττα
3275 1191 3414 1263 πρὸς
3441 1189 3710 1260 ἀλλήλους

2136 1289 2374 1358 ἔγραφόν
2409 1306 2467 1341 τε
2492 1288 2586 1340 καὶ
2611 1288 2952 1355 ἀντεμήνυον
2973 1302 2989 1318 ·
3027 1284 3094 1339 δι’
3116 1277 3191 1338 ὧν
3229 1283 3325 1336 καὶ
3359 1281 3571 1352 μείζων
3596 1279 3711 1333 κατ’

2142 1381 2386 1451 ἀλλήλων
2417 1379 2628 1448 ἐξήφθη
2679 1378 2978 1448 δυσμένεια
3001 1394 3014 1409 ’
3052 1376 3408 1446 ὑπερήμερος
3461 1370 3521 1424 δὲ
3554 1372 3648 1425 καὶ
3677 1370 3708 1440 ἡ

2140 1475 2311 1543 κυρία
2357 1473 2591 1541 ἐγίνετο.
2631 1470 2808 1535 Εὐθὺς
2861 1465 2955 1523 οὖν
2984 1466 3079 1523 ἀπ’
3109 1465 3360 1536 ἀλλήλων
3392 1463 3710 1532 διέστησαν·

2143 1570 2237 1623 καὶ
2301 1565 2651 1627 συνελθόντες
2717 1564 2974 1633 ἑκάτεροι
3024 1560 3176 1631 παρά
3234 1559 3428 1628 μέρος,
3460 1556 3709 1616 ἐναντίας

470 1682 577 1737 que
612 1668 718 1721 alia
754 1644 898 1720 ultro
933 1666 1188 1734 citroque
1231 1674 1285 1719 et
1316 1663 1609 1731 scripsere.
1644 1673 1699 1716 et
1740 1677 1838 1732 per
1870 1660 2046 1714 inter-

2156 1658 2265 1713 κατ’
2300 1656 2550 1727 ἀλλήλων
2602 1656 2843 1726 ἤνεγκαν
2895 1652 3133 1722 ψήφους.
3193 1651 3255 1703 Οἱ
3309 1650 3409 1720 μὲν
3436 1646 3552 1725 γάρ
3589 1644 3709 1716 ἑῷοι

474 1760 699 1814 nuntios
752 1758 914 1814 alteri
972 1757 1162 1812 alteris
1209 1755 1620 1826 signiﬁcavere,
1668 1753 1815 1808 unde
1868 1752 2046 1821 major

2156 1750 2249 1804 1νά
2286 1748 2382 1818 τὴν
2422 1749 2690 1802 Φιλίππου
2737 1747 2799 1800 τὺ
2852 1747 3132 1815 συνέδριον
3187 1741 3468 1806 ἐκάθιζον,
3527 1740 3624 1793 καὶ
3646 1738 3709 1792 τά

471 1857 634 1908 οιίιηιι
677 1854 820 1907 inter
841 1868 935 1907 eos
963 1862 1046 1905 est
1068 1851 1300 1904 excitata
1332 1847 1599 1910 simultas,
1627 1846 1804 1918 majus
1830 1845 2042 1907 odium,

2156 1843 2267 1896 κατ’
2306 1842 2648 1905 Ἀθανὰσιον,
2715 1839 2929 1893 Παῦλόν
2989 1854 3050 1890 τε
3093 1836 3188 1890 καὶ
3235 1832 3564 1902 Ἀσκληπᾶν
3620 1830 3711 1883 καὶ

474 1946 592 1999 dies
648 1958 867 2014 quoque
929 1943 1224 1997 constituta
1286 1938 1572 2008 prmteriit.
1626 1915 2036 1993 iit-confestim

2156 1934 2471 2007 Μάρκελλον
2512 1933 2590 1987 ἔτι
2630 1931 3000 2002 κυρώσαντες,
3050 1927 3147 1982 καὶ
3192 1924 3414 1978 Ἰούλιον
3443 1923 3539 1977 τὸν
3578 1917 3708 1974 Ῥω-

474 2037 813 2090 discessione
870 2033 1051 2097 facta,
1112 2032 1454 2101 seorsimque
1506 2030 1760 2095 utrisque
1810 2027 2041 2084 consilia

474 2126 831 2197 agitantibus,
864 2124 1171 2179 contrarias
1202 2123 1357 2176 alteri
1389 2122 1652 2176 adversus
1681 2120 1882 2174 alteros
1911 2132 2039 2173 sen-

477 2213 677 2266 tentias
742 2210 1303 2276 tulere.‘0rieutales
1368 2224 1607 2279 namque
1669 2207 2039 2277 Philippopoli

474 2310 809 2355 cumentum
842 2313 1025 2369 egere,
1065 2313 1232 2368 atque
1264 2299 1338 2354 ibi
1371 2298 1607 2353 decretis
1637 2299 1753 2355 suis
1786 2298 1839 2352 in
1876 2297 2042 2351 Atha-

476 2393 716 2458 msium,
767 2392 1018 2457 Paulum,
1065 2393 1368 2461 Asclepam,
1414 2401 1470 2446 et
1514 2375 1829 2445 Marcellum
1872 2388 2044 2459 magis

474 2483 638 2537 etiam
661 2480 1180 2542 conﬁrmatisJulio
1209 2481 1433 2550 insuper
1459 2481 1644 2535 Roma:
1672 2477 1903 2533 antistiti
1925 2493 2043 2531 ma-

476 2574 765 2643 gistratum
799 2558 1233 2627 ecclesiasticum
1264 2572 1622 2638 abrogavere,
1653 2570 1797 2640 quod
1832 2568 2044 2639 primus

477 2666 595 2733 ipse
634 2680 756 2719 cum
793 2664 902 2718 illis
936 2664 1419 2717 communicasset.
1452 2661 1843 2717 Confessorem
1877 2659 2043 2715 etiam

479 2757 706 2809 Husium
760 2771 825 2811 ea
875 2756 944 2810 de
992 2770 1180 2820 causa,
1220 2765 1277 2809 et
1331 2763 1593 2824 praeterea
1645 2752 1791 2821 quod
1836 2752 2046 2807 amicus

476 2848 753 2905 Eustathii
803 2858 859 2904 et
902 2848 1116 2903 Paulini
1159 2846 1515 2901 Antiochenam
1553 2845 1798 2899 ecclesiae
1831 2843 2046 2913 episco-

483 2959 677 3014 purum
726 2941 911 3005 fuerit,
951 2947 1405 2995 exauctorarunt.
1454 2936 1663 2991 Deinde
1704 2946 1760 2990 et
1803 2933 2047 2990 Maximi-

481 3052 612 3090 num
648 3033 1003 3089 Trevirorum
1048 3031 1375 3095 antistitem,
1411 3029 1503 3100 qui
1543 3028 1753 3098 primus
1789 3027 1856 3081 ad
1895 3040 2049 3082 com-

480 3128 801 3182 munionem
829 3125 1061 3179 Paulum
1092 3121 1424 3187 admiserat,
1453 3121 1799 3188 reditumque
1844 3118 1963 3189 ejus
1993 3117 2048 3171 in

482 3220 671 3273 urbem
709 3213 1378 3284 Constantinopolitanam
1414 3218 1807 3281 procuraverat
1847 3227 1861 3264 :
1896 3209 2050 3263 insu-

483 3327 582 3383 per
616 3308 762 3380 quod
794 3307 1106 3363 Orientales
1143 3307 1433 3375 episcopos
1461 3304 1515 3358 in
1552 3302 1905 3359 Occidentem
1960 3317 2055 3357 ve-

497 3405 712 3457 nientes
739 3400 1159 3470 proscripserat.
1182 3398 1295 3453 Nec
1329 3398 1398 3452 iis
1427 3406 1635 3451 tantum
1664 3411 1873 3451 sacram
1926 3394 2058 3450 ade-

486 3510 638 3549 mere
656 3493 997 3563 dignitatem,
1015 3491 1109 3546 sed
1137 3500 1192 3545 ct
1219 3490 1507 3560 Protogeni
1544 3488 1889 3544 Sardicensi:
1914 3502 2055 3553 quo-

485 3589 633 3640 niam
660 3584 975 3638 Marcellum
993 3584 1335 3652 Ancyranum
1363 3595 1524 3650 quem
1553 3588 1713 3634 antea
1729 3578 1939 3633 calculo
1958 3593 2058 3632 suo

488 3679 989 3744 daumaverat,ope
1032 3689 1129 3728 sua
1156 3674 1505 3737 sublevaret;
1549 3681 1712 3740 atque
1740 3672 1866 3724 item
1906 3668 2058 3724 Gau-

485 3769 757 3831 dentium,
788 3766 914 3836 quia
945 3765 1174 3834 quosilli
1207 3779 1305 3834 per
1359 3762 1768 3833 abrogatiouem
1820 3760 2059 3829 ignomi-

486 3864 577 3915 nia
602 3860 922 3923 affecerant,
954 3856 1125 3911 multo
1148 3863 1575 3925 prosequeretur
1610 3853 1813 3906 honore
1846 3870 1858 3908 :
1890 3851 2052 3922 697

482 3962 543 4006 et
570 3952 716 4021 quod
745 3950 901 4005 aliter
932 3948 1000 4003 de
1025 3950 1189 4002 rebus
1210 3947 1412 4001 divinis
1440 3961 1601 4015 quam
1640 3944 1902 4017 Cyriacus
1931 3961 2059 3998 sen-

480 4050 639 4109 tiret,
674 4045 831 4115 cujus
852 4044 967 4114 ipse
990 4056 1277 4098 successor
1295 4049 1431 4095 erat.
1456 4040 1623 4095 Porro
1650 4039 1703 4092 in
1738 4052 1900 4092 causa
1934 4036 2059 4091 lidei

479 4137 773 4207 Δδόμοούσιον
796 4133 1264 4190 consubstantiale
1296 4132 1516 4202 quidem
1548 4131 1925 4199 repudiarunt,
1963 4129 2058 4180 τοῦ

488 4231 748 4297 ἀνομοίου
779 4226 1063 4282 dissimilis
1092 4240 1222 4281 vero
1256 4225 1571 4295 opinionem
1605 4222 1806 4277 litteris
1841 4221 1894 4274 in
1935 4236 2057 4290 par-

481 4330 572 4375 tes
599 4335 790 4375 omnes
812 4319 1034 4387 scriptis
1055 4316 1410 4385 divulgarunt
1438 4331 1452 4367 :
1488 4314 1539 4367 in
1570 4314 1771 4382 quibus
1809 4314 2057 4368 locorum

480 4413 879 4480 plerarumque
905 4407 1182 4477 episcOpis
1198 4421 1418 4476 quoque
1446 4403 1849 4475 signiﬁcarunt,
1883 4420 1949 4457 ne
1967 4420 2062 4459 eos

475 4518 630 4573 quos
652 4501 895 4564 proxime
912 4499 1185 4554 sententia
1199 4513 1294 4552 sua
1320 4497 1718 4560 notassent,vel
1749 4496 1802 4550 in
1820 4512 2063 4551 commu-

2152 2029 2327 2100 μαίων
2357 2026 2653 2097 καθῄρουν,
2690 2024 2763 2087 ὡς
2797 2021 3149 2092 κατάρξαντα
3180 2016 3281 2087 τῆς
3305 2012 3603 2077 κοινωνίας
3621 2013 3709 2066 αύ-

2147 2124 2276 2184 τοίς.
2315 2121 2414 2173 Διά
2449 2117 2624 2172 ταῦτα
2651 2116 2708 2170 δὲ
2744 2117 2838 2169 καὶ
2865 2115 2957 2168 τὸν
2986 2110 3329 2183 ὁμολογητὴν
3352 2109 3549 2163 Ὀσιον
3584 2104 3709 2160 καθ·

2149 2214 2312 2275 εἷλον,
2350 2214 2444 2266 καὶ
2471 2213 2664 2281 ὅτιπερ
2690 2209 2844 2279 φίλος
2867 2209 3088 2276 ἐγένετο
3108 2203 3411 2261 Εύσταθίου
3446 2201 3547 2254 καὶ
3572 2199 3710 2252 Παυ-

2148 2304 2319 2368 λίνου,
2348 2304 2397 2357 οἳ
2418 2305 2513 2371 τῆς
2543 2301 2878 2371 Ἀντιοχείας
2906 2301 3188 2370 ἡγήσαντο
3207 2315 3222 2329 ·
3253 2296 3346 2351 ἐπὶ
3374 2293 3592 2356 τούτοις
3620 2290 3709 2345 καὶ

2149 2395 2479 2467 Μαξιμϊνον,
2540 2394 2599 2459 ὃς
2661 2392 2976 2464 Τριϐἑρεως
3028 2387 3098 2463 ἦν
3151 2389 3490 2452 ἐπίσκοπος·
3525 2388 3710 2454 ὅτιπερ

2152 2489 2371 2559 πρῶτος
2404 2487 2605 2557 Παύλῳ
2638 2485 2925 2548 κοινωνίας
2953 2482 3226 2555 μετέδωκε
3242 2482 3339 2537 καὶ
3375 2482 3481 2553 τὴν
3510 2481 3588 2545 είς
3617 2478 3709 2549 τὴν

2152 2578 2736 2634 Κωνσταντινούπολιν
2820 2576 3053 2631 κάθοδον
3112 2575 3277 2639 αὐτὸς
3328 2573 3708 2644 προεξενησεν.

2155 2672 2276 2726 Ἐτι
2298 2673 2352 2726 δὲ
2373 2673 2467 2727 καὶ
2481 2671 2556 2736 ὼς
2582 2673 2707 2732 τοὺς
2736 2672 2792 2737 ἑξ
2813 2668 2950 2741 ἑῴας
2975 2669 3052 2733 είς
3076 2667 3313 2736 ἑσπέραν
3340 2668 3578 2736 ἥκοντας
3600 2666 3710 2718 ἔπι-

2156 2767 2395 2827 σκόπους
2445 2761 2827 2832 ἀπεκήρυξεν·
2878 2761 2939 2814 ού
2970 2758 3199 2822 τούτους
3231 2758 3291 2812 δὲ
3324 2758 3553 2829 μόνους,
3578 2757 3711 2811 ἀλλά

2152 2860 2249 2912 καὶ
2274 2856 2597 2927 Πρωτογένη
2624 2856 2713 2910 τὸν
2743 2854 3032 2923 Σαρδικῆς,
3059 2853 3152 2906 καὶ
3183 2852 3539 2913 Γαυδέντιον,
3568 2853 3709 2921 Πρω.

2155 2949 2387 3019 τογένην
2413 2950 2535 3019 μὲν,
2560 2948 2634 3011 ὡς
2659 2946 3051 3018 συναιρόμενον
3074 2944 3388 3014 Μαρκέλλῳ
3413 2942 3496 3014 τῷ
3527 2941 3710 3010 Ἀγκύ-

2160 3056 2283 3110 ρας,
2313 3038 2374 3092 οὗ
2435 3037 2855 3109 κατεψηφίσατο
2913 3036 3213 3110 πρότερον·
3259 3035 3354 3089 τὶν
3379 3035 3463 3100 δὲ,
3500 3035 3576 3099 ὡς
3594 3032 3708 3097 τοὺς

2157 3134 2293 3203 πρὸς
2323 3132 2509 3187 αὐτῶν
2532 3130 2973 3200 καθαιρεθέντας
2998 3129 3201 3199 πολλῆς
3242 3128 3502 3196 ἀξιοῦντα
3533 3129 3706 3199 τιμῆς.

2159 3228 2255 3282 καὶ⁸
2283 3227 2476 3296 ὅτιπερ
2510 3224 2775 3279 τάναντία
2803 3222 3025 3295 ἐφρόνει
3061 3222 3351 3295 Κυριακῷ,
3389 3215 3454 3276 οὗ
3484 3221 3708 3290 διάδοχος

2148 3314 2246 3397 ᾖν.
2282 3319 2419 3389 Περὶ
2437 3318 2494 3371 δὲ
2518 3318 2756 3380 πίστεως
2785 3316 2845 3370 τὸ
2877 3316 2976 3386 μὲν
3007 3315 3296 3385 ὀμοούσιον
3330 3313 3707 3369 ἀπελαύνουσι·

2157 3417 2258 3481 τὴν
2286 3410 2344 3463 δὲ
2381 3409 2475 3464 τοῦ
2511 3408 2772 3480 ἀνομοίου
2792 3407 2951 3475 δόξαν
2978 3407 3262 3478 πανταχοῦ
3281 3408 3588 3479 γράφοντες
3609 3405 3711 3458 δια-

2158 3504 2469 3571 πέμπουσιν
2489 3518 2504 3531 ο
2546 3502 2605 3553 ὲν
2715 3501 2811 3555 καί
2841 3502 2954 3564 τοῖς
2984 3498 3125 3554 κατά
3158 3500 3341 3571 χώραν
3371 3498 3614 3570 ἔγραφον
3641 3493 3708 3566 μὴ

2159 3593 2239 3656 είς
2265 3590 2553 3646 κοινωνίαν
2578 3591 2833 3660 δέχεσθαι
2858 3594 2953 3644 καὶ
2971 3589 3064 3655 οὓς
3089 3591 3294 3661 ἀρτίως
3314 3587 3711 3660 κατεψηφίσανο

2158 3693 2221 3729 το
2240 3692 2254 3707 ο
2292 3676 2428 3730 ἀλλά
2476 3674 2614 3746 μηδὲ
2661 3674 3012 3745 γραμμάτων
3041 3674 3239 3736 αὐτοὺς
3268 3672 3479 3740 ἀξιοῦν.
3509 3671 3710 3739 Ἐτεροι

2159 3769 2214 3821 δέ
2255 3785 2442 3838 φασιν,
2481 3769 2563 3820 ὅτι
2603 3769 2736 3837 περὶ
2762 3766 3000 3828 πίστεως
3052 3764 3196 3819 κατά
3228 3765 3323 3835 τὴν
3346 3757 3711 3828 ὑποτεταγμέ-

2159 3876 2258 3928 νην
2288 3860 2503 3930 μακρὰν
2524 3857 2741 3912 ἔκθεσιν
2768 3856 3048 3910 πιστεύειν
3070 3856 3325 3910 ικέλευον
3348 3871 3362 3887 ·
3384 3855 3448 3910 ὲν
3475 3849 3507 3929 ᾗ
3531 3856 3712 3925 dumu-

2161 3952 2278 4005 σίου
2308 3950 2408 4021 μὲν
2435 3950 2688 4020 οὐδαμῶς
2725 3948 2918 4019 μνείαν
2948 3948 3268 4019 πεποίηντο,
3299 3948 3412 4002 τῶν
3439 3947 3498 4002 δὲ
3536 3943 3709 4012 λεγόν-

2159 4059 2268 4095 των
2296 4041 2448 4113 τρεῖς
2473 4036 2618 4096 εῐναι
2644 4041 2835 4105 Θεοὺς,
2861 4041 2896 4108 ἢ
2925 4041 3016 4095 τὸν
3035 4041 3274 4113 Χριστὸν
3296 4041 3373 4112 μὴ
3401 4034 3545 4094 εἶναι
3569 4036 3706 4096 Θεδν,

2161 4133 2193 4204 ἢ
2226 4135 2320 4186 τὸν
2354 4134 2517 4186 αὐτὸν
2548 4128 2691 4187 εἶναι
2727 4132 2949 4203 Πατέρα
2978 4134 3075 4185 καὶ
3102 4132 3229 4186 Υίδν
3264 4132 3357 4185 καὶ
3390 4133 3545 4201 ἅγιον
3560 4125 3709 4183 Πνεῦ-

2165 4245 2260 4299 μα,
2284 4225 2319 4296 ἦ
2355 4226 2653 4294 ἀγέννητον
2696 4226 2788 4276 τὴν
2817 4225 2967 4289 Υίὶν,
3025 4224 3059 4294 ἦ
3092 4226 3172 4277 ὅτι
3203 4219 3271 4294 ἦν
3303 4240 3436 4276 ποτε
3475 4215 3704 4293 χρόνοςῆ

2162 4317 2296 4371 αἰὼν
2326 4319 2413 4370 ὅτε
2446 4318 2545 4369 οὐκ
2570 4314 2658 4387 ἦν.
2693 4317 2933 4370 Τοιαῦτα
2970 4317 3066 4385 μὲν
3098 4316 3148 4367 οἱ
3176 4314 3276 4385 τῆς
3313 4314 3388 4368 ἔω
3424 4315 3584 4383 ἱερεῖς
3617 4307 3707 4362 ἀιιά

2163 4413 2260 4480 τὴν
2293 4409 2564 4463 Φιλίππου
2605 4410 2704 4478 τῆς
2741 4409 2965 4479 θρᾲκης
3024 4409 3307 4476 γενόμενοι
3337 4406 3508 4477 ἔδρων
3533 4421 3546 4434 ’
3601 4405 3644 4453 οἱ
3667 4399 3707 4452 δ’

2165 4503 2306 4574 ἀμφὶ
2345 4502 2434 4556 τὸν
2470 4502 2659 4554 Ὀσιον
2692 4502 2822 4571 περὶ
2850 4499 3121 4569 Σαρδικὴν
3153 4499 3346 4567 πρῶτα
3381 4500 3481 4567 μὶν
3516 4496 3709 4564 ἐρήμην

480 4596 717 4647 ἰιίοιιειη
761 4592 1097 4660 reciperent,
1128 4589 1214 4644 vel
1250 4589 1448 4643 litteris
1480 4589 1646 4643 etiam
1683 4587 2051 4655 dignarentur.

2164 4596 2372 4649 τούτων
2403 4595 2882 4663 ιιοιηιτεψηφίσοιντο⁹
2912 4593 3166 4657 ἐδέξαντο
3218 4593 3316 4661 μὲν
3368 4594 3477 4662 γὰρ
3502 4586 3709 4642 Ἀθανά-

484 4686 596 4739 Alii
642 4694 824 4738 autem
871 4683 1084 4745 dicunt,
1118 4694 1217 4736 eos
1248 4681 1318 4735 de
1352 4679 1659 4752 [iderjuxta
1706 4680 2060 4748 prolixiorem

479 4791 655 4847 quam
688 4774 1057 4843 praemisimus
1089 4772 1403 4836 formulam,
1435 4770 1666 4825 credere
1695 4770 1924 4841 jussisse
1958 4785 1974 4824 :
2007 4772 2060 4823 in

475 4885 609 4936 «qua
649 4866 745 4919 τοῦ
796 4867 1087 4936 ὁμοουσίου
1138 4863 1626 4920 consubstantialis
1680 4863 1853 4916 verbo
1909 4862 2063 4915 nullo

479 4960 833 5022 auenninere;
871 4956 967 5009 sed
1000 4969 1192 5009 eorum
1226 4963 1439 5008 tantum
1472 4953 1568 5022 qui
1613 4963 1725 5007 tres
1760 4954 1889 5008 deos
1917 4966 2060 5015 esse,

478 5058 592 5103 aaut
635 5049 917 5102 Christum
968 5032 1075 5100 non
1124 5060 1245 5099 esse
1275 5045 1469 5105 Deum,
1502 5055 1597 5098 aut
1644 5043 1900 5098 eumdem
1941 5059 2065 5099 esse

483 5144 713 5196 Patrem
746 5152 797 5195 et
828 5139 1035 5194 Filium
1076 5138 1403 5206 ingenitum,
1424 5128 1535 5190 ‘aut
1571 5137 1740 5191 fuisse
1771 5137 2066 5205 aliquando

497 5245 718 5300 tempus
747 5241 844 5285 aut
874 5230 1133 5285 saeculum
1170 5244 1295 5283 cum
1337 5230 1451 5297 ipse
1487 5243 1597 5282 non
1630 5227 1817 5293 fuerit,
1851 5228 2064 5283 dicunt.

405 5365 408 5368 .
499 5325 626 5378 Haec
674 5324 895 5394 quidem
939 5323 1186 5392 episcopi
1229 5320 1539 5377 Orientales
1588 5321 1955 5391 Philippopoli
2009 5323 2066 5376 iu

497 5413 732 5467 Thracia
782 5412 1037 5481 agebant.
1090 5411 1290 5466 Hosius
1336 5421 1544 5477 autem,
1578 5422 1635 5466 et
1683 5412 1779 5482 qui
1829 5427 1955 5466 cum
1998 5426 2066 5466 eo

483 5504 739 5559 Serdica:
790 5512 971 5564 erant,
1008 5503 1249 5571 primum
1309 5502 1532 5572 quidem
1589 5503 1709 5557 illos
1761 5503 1965 5558 indicta
2013 5512 2068 5558 et

497 5599 713 5648 deserta
756 5607 919 5647 causa
974 5602 1197 5662 propter
1241 5597 1641 5649 contumaciam
1687 5595 2065 5649 damnarunt:

484 5686 858 5739 Athanasium
915 5695 1285 5754 receperunt,
1342 5697 1398 5739 et
1448 5703 1569 5755 qua:
1624 5690 1887 5741 adversus
1939 5704 2067 5741 eum

496 5779 625 5849 Tyri
681 5791 801 5832 aeta
858 5779 1119 5840 fuerant,
1178 5779 1528 5833 anathemate
1582 5789 1712 5832 sunt
1768 5782 2063 5849 pet-Secuti.

496 5870 750 5926 Marcello
795 5872 1176 5942 episcopatum
1205 5886 1364 5926 suum
1406 5871 1787 5936 reddiderunt,
1820 5872 1967 5940 quod
2007 5890 2063 5927 se

2165 4707 2302 4753 σιον,
2335 4692 2431 4741 καὶ
2469 4688 2537 4739 τὰ
2576 4690 2631 4738 ἐν
2660 4687 2823 4757 Τύρῳ
2855 4685 2975 4740 κατ’
3007 4684 3173 4739 αὐτοῦ
3208 4685 3524 4754 πραχθέντα
3547 4677 3710 4734 ἀνεθε-

2169 4781 2424 4848 μάτισαν.
2468 4777 2558 4846 Τῷ
2615 4776 2924 4847 Μαρκέλλῳ
2978 4777 3070 4828 τὸν
3117 4776 3287 4828 τόπον
3316 4776 3615 4835 ἀπέδωκαν,
3642 4766 3707 4826 ὡς

2168 4868 2241 4937 μὴ
2273 4869 2402 4921 τάδε
2454 4867 2673 4936 φρονεῖν
2705 4865 3144 4934 ὁμολογήσαντα,
3195 4865 3230 4919 ἃ.
3256 4865 3584 4919 διεϐάλλετο.
3615 4856 3709 4910 Καὶ

2178 4958 2464 5028 ’Δσκληπᾷ
2492 4959 2671 5027 δὲτὴν
2702 4958 2802 5025 τῆς
2847 4958 3025 5025 Γάζης
3075 4957 3382 5025 ἐπισκοπὴν
3427 4954 3706 5023 ἐκύρωσαν,

2163 5050 2238 5112 ὡς
2274 5054 2371 5106 καὶ
2406 5051 2671 5118 πρότερον
2702 5050 2870 5119 Mrem
2905 5050 3114 5100 πολλῶν
3141 5049 3477 5113 ἐπισκόπων,
3506 5045 3592 5097 καὶ
3620 5040 3709 5108 μά-

2165 5141 2323 5193 λιστα
2377 5138 2641 5192 Εὑσεϐίου
2699 5140 2796 5191 τοῦ
2852 5138 3163 5208 Παμφίλου,
3211 5140 3313 5207 τὴν
3373 5130 3708 5197 ὲπισκοπικὴν

2167 5233 2448 5302 εἰληφότος
2482 5231 2662 5294 ἀξίαν.
2724 5232 2828 5282 Καὶ
2866 5230 3137 5297 τάσφαλὲς
3168 5230 3225 5281 δὲ
3258 5229 3498 5299 παριστᾷ
3540 5219 3706 5288 τὸτῆς

2167 5324 2321 5394 δίκης
2352 5324 2661 5393 ὑπόμνημα
2681 5339 2697 5355 ·
2727 5321 3063 5394 ἀνώρθωσάν
3097 5340 3157 5375 τε
3195 5324 3291 5377 καὶ
3344 5322 3588 5379 Λούκιον,
3614 5316 3706 5366 τῷν

2170 5416 2336 5469 αὑτοῦ
2361 5415 2687 5485 κατηγόρων
2746 5415 3115 5485 χρησαμένων
3162 5414 3431 5486 δρασμιῖν
3461 5412 3553 5466 καὶ
3604 5404 3707 5465 ταῖς

2168 5506 2394 5558 ἐκείνων
2424 5504 2741 5576 παροικίαις
2769 5506 3035 5575 ἔγραφον,
3068 5506 3144 5576 μὴ
3173 5505 3367 5569 ἀλλους
3396 5502 3508 5559 ἀλλ’
3528 5494 3708 5553 αὐτοὺς

2168 5596 2313 5667 ἔχειν
2336 5598 2695 5662 ἐπισκόπους,
2729 5600 2823 5652 καὶ
2851 5599 2975 5651 ὅσον
2997 5598 3155 5652 οὔπω
3180 5600 3278 5653 καὶ
3294 5597 3394 5668 τὴν
3419 5592 3589 5651 αὐτῶν
3617 5601 3708 5639 και

2172 5689 2418 5758 ραδοκείν
2451 5687 2656 5755 ἄφιξιν.
2713 5689 3053 5758 Καθαιροῦσι
3103 5691 3162 5743 δὲ
3215 5692 3312 5744 καὶ
3368 5683 3511 5743 οὗτοι
3549 5681 3633 5735 τὸν
3658 5679 3708 5727 έν

2185 5780 2563 5849 Ἀλεξανδρεία
2595 5781 2913 5850 ι’ρηγόριον,
2936 5782 3220 5835 Βασίλειόν
3243 5798 3303 5835 τε
3328 5781 3418 5833 τὸν
3438 5773 3704 5846 Ἀγκύραςο

2177 5876 2475 5926 Κυντιανόν
2508 5878 2597 5925 τὸ)
2636 5878 2691 5926 ἐν
2728 5875 2873 5944 Γάξῃ
2903 5890 2916 5903 ·
2946 5876 3037 5928 καὶ
3072 5878 3231 5946 μήτοι
3280 5893 3344 5946 γε
3381 5872 3702 5928 tam}.an
