3928 6552
398 404 502 469 263

1542 382 1543 385 ‘
1634 384 2063 453 NICEI‘HORI
2101 372 2444 446 CALLISTI
3566 370 3658 439 ἓί

399 524 532 578 lisse
562 520 662 590 (l).
704 517 923 588 Scripto
958 529 1200 585 namque
1228 526 1295 568 eo
1327 512 1379 566 in
1411 519 1597 583 partes
1626 524 1754 565 suas
1782 507 1983 569 diviso,
2016 557 2019 567 ,

2132 503 2284 555 mou
2318 496 2586 568 ἀνέτρεψε
2634 495 2981 566 σύγγραμμα
3004 534 3019 559 ,
3052 482 3128 559 ὡς
3175 493 3268 547 καὶ
3301 491 3493 565 πρώην
3522 497 3665 566 εἱρη-

402 613 606 669 deinde
641 609 1079 665 confutationem
1115 608 1283 661 infert
1320 622 1334 659 :
1373 604 1539 673 idque
1573 602 1627 655 in
1666 609 1780 655 toto
1819 611 1985 668 opere

402 705 552 761 facit.
614 704 692 758 Ex
741 699 1162 771 quibuslibris
1210 697 1468 753 Socrates
1511 693 1751 764 scriptor
1806 690 1986 761 eccle-

404 796 664 851 siasticus
722 792 965 863 plurima
1021 789 1259 858 allegat,
1320 792 1658 854 quapropter
1708 780 1985 836 Eusebius

406 888 562 958 quasi
596 886 839 940 Arianus
874 891 1094 938 taxatus
1122 880 1209 933 sit.
1247 881 1324 932 Ac
1354 876 1616 943 deinceps
1648 873 1842 936 refert,
1877 870 1990 940 pri-

404 997 509 1035 mae
565 978 780 1050 synodo
842 991 969 1030 eum
1023 972 1379 1034 interfuisse,
1433 968 1663 1034 aliisque
1717 962 1993 1034 epise0pis

408 1074 655 1129 decretis
712 1067 983 1124 faciendis
1034 1064 1383 1119 consensisse
1437 1078 1450 1113 :
1501 1059 1664 1113 sicuti
1718 1054 1995 1112 Eusebius

409 1168 529 1236 ipse
584 1164 638 1218 in
692 1162 856 1216 tertio
910 1158 976 1212 ad
1030 1155 1453 1211 Constantinum
1506 1152 1651 1205 libro
1705 1154 1991 1202 memoret.

409 1257 629 1313 Profert
666 1270 799 1307 vero
834 1253 976 1306 idem
1013 1257 1069 1303 et
1104 1249 1244 1316 piam
1291 1246 1409 1315 ejus
1449 1244 1501 1297 in
1548 1243 1705 1307 illud,
1744 1240 1996 1292 Dominus

411 1347 607 1404 creavit
638 1363 717 1400 me
746 1346 960 1398 initium
1003 1342 1215 1395 viarum
1250 1354 1470 1392 suarum
1499 1337 1541 1399 ‘,
1576 1334 1997 1403 interpretatio-

413 1457 563 1507 nem,
610 1440 664 1492 in
716 1453 825 1506 qua
880 1435 1000 1488 hmc
1048 1436 1130 1487 sic
1181 1432 1423 1486 scribit:
1464 1448 1481 1480 ι
1525 1428 1681 1495 Quod
1730 1425 1997 1479 Dominus

415 1531 658 1601 seipsutn
706 1535 954 1582 creatum
988 1539 1112 1579 esse
1148 1523 1249 1587 ait,
1286 1538 1394 1576 non
1432 1520 1536 1575 hoc
1567 1534 1699 1574 sane
1735 1518 1805 1572 ita
1840 1516 1997 1581 dicit,

417 1634 677 1692 tanquam
732 1621 826 1689 qui
880 1629 1041 1672 antea
1093 1632 1205 1670 non
1253 1615 1448 1679 fuerit,
1485 1624 1549 1667 ac
1598 1620 1712 1665 tum
1761 1611 1998 1680 primum

416 1732 536 1772 esse
568 1714 803 1783 emperit
836 1728 850 1765 :
884 1721 946 1765 ut
997 1706 1463 1780 quemadmodum
1508 1704 1737 1773 reliqua:
1781 1700 2003 1755 creatu-

418 1825 515 1873 rae,
555 1807 746 1861 itidem
800 1814 857 1859 et
910 1805 1027 1872 ipse
1081 1818 1147 1856 ex
1194 1815 1306 1853 non
1353 1798 1653 1853 exsistente
1704 1792 1999 1856 exstiterit,

2095 609 2295 663 καμεν,
2349 589 2418 642 τὰ
2474 588 2611 657 πρὸς
2655 586 2979 657 Μάρκελλον
3031 584 3354 655 ἐπιγράψας
3401 584 3466 638 τὸ
3509 590 3666 639 σπού-

2095 688 2303 756 δασμα.
2332 683 2634 754 Διαιρήσας
2673 681 2780 750 γὰρ
2817 682 2896 743 εἰς
2930 679 3095 749 μέρη,
3125 678 3318 730 ἔπειτα
3357 677 3458 749 τὴν
3490 679 3667 751 ἁντίῤ.

2101 782 2264 850 ρησιν
2296 775 2515 843 ἐπάγειο
2535 777 2629 827 καί
2666 773 2829 827 τοῦτο
2849 772 2915 826 δι’
2938 773 3060 826 ὃλου
3102 774 3261 825 ποιεῖ.
3306 772 3396 838 Ἐξ
3421 764 3482 825 οὗ
3516 789 3670 825 σπουο

2097 873 2377 942 δάσματος
2412 869 2589 921 πολλὰ
2632 866 2957 938 παρατιθεὶς
2992 864 3293 936 Σωκράτης
3322 867 3350 918 ό
3390 866 3458 919 τὰ
3483 866 3672 935 ἐκκλη-

2101 963 2360 1017 σιαστικᾶ
2380 960 2866 1030 συγγραψάμενος,
2893 960 3176 1012 ἐνίσταται
3205 960 3453 1020 πλεῖστα,
3473 958 3549 1020 ὼς
3569 958 3674 1010 δια-

2104 1058 2356 1110 ϐάλλοιτο
2404 1053 2763 1116 Εὐσέϐιος.τὰ
2801 1052 3013 1122 ’Δρείου
3050 1052 3267 1120 φρονῶν
3295 1068 3308 1081 ο
3350 1052 3675 1119 παρεισάγει

2100 1150 2210 1217 γὰρ
2231 1149 2308 1218 τῷ
2325 1164 2383 1199 τε
2408 1149 2474 1218 τῇ
2500 1146 2691 1215 πρώτῃ
2727 1144 2933 1213 συνόδῳ
2959 1143 3123 1195 αὑτὸν
3155 1144 3435 1211 παρεῖναι.
3453 1144 3550 1196 καὶ
3572 1146 3675 1207 τοῖς

2099 1242 2307 1301 λοιποῖς
2328 1239 2610 1308 ὁμόφρονα
2633 1235 3007 1305 καταστῆναι·
3030 1233 3103 1296 ὡς
3130 1234 3187 1286 ὲν
3212 1230 3476 1303 τῷτρέτῳ
3495 1233 3676 1304 βιϐλίῳ

2103 1332 2241 1399 πρὸς
2275 1331 2692 1383 Κωνσταντῖνον
2717 1328 2881 1389 αὐτὸς
2909 1327 3120 1389 ἐκεῖνός
3168 1342 3356 1394 φησιν.
3405 1324 3678 1395 Ἑκτίθησι

2101 1424 2158 1476 δὲ
2185 1424 2279 1476 καὶ
2304 1424 2403 1492 τὴν
2445 1424 2525 1484 εἰς
2571 1422 2651 1485 τὸ,
2693 1421 2914 1485 Κύριος
2946 1418 3152 1472 ἔκτισέ
3176 1435 3253 1487 με
3283 1417 3484 1486 ἀρχὴν
3532 1417 3681 1473 ὁδῶν

2102 1513 2311 1577 αὐτοῦ,
2348 1513 2550 1580 εὐσεϐῆ
2587 1513 2869 1580 ἐξήγησιν·
2892 1511 2950 1562 ὲν
3050 1510 3144 1562 καί⁸
3164 1509 3340 1565 ταῦτά
3358 1526 3557 1580 φησιν·
3585 1497 3680 1563 «ΕΞ

2105 1602 2162 1655 δὲ
2189 1601 2338 1667 λέγει
2356 1602 2382 1654 ό
2403 1600 2605 1670 Κύριος
2632 1598 2880 1652 ἐκτίσθαι
2918 1599 3134 1664 ἑαυτὸν,
3164 1598 3263 1667 οὐχ
3289 1598 3365 1660 ὼς
3398 1600 3464 1651 ὲκ
3490 1597 3590 1650 τοῦ
3614 1599 3683 1666 μὴ

2106 1694 2259 1757 ὄντος
2283 1696 2362 1757 είς
2389 1693 2449 1746 τὸ
2474 1690 2614 1746 εἶναι
2644 1693 2958 1762 παρελθὼν,
2982 1690 3157 1745 ταῦτα
3176 1691 3243 1745 ἂν
3271 1693 3414 1746 εἴποι
3438 1695 3555 1756 τοῖς
3586 1691 3685 1745 λο-

2110 1790 2229 1850 ποῖς
2253 1788 2520 1856 κτίσμασι
2547 1787 2643 1841 καὶ
2674 1787 2839 1849 αὐτὸς
2868 1787 3073 1854 ὁμοίως
3100 1789 3165 1840 ἐκ
3191 1786 3283 1839 τοῦ
3315 1788 3391 1858 μὴ
3421 1789 3575 1852 ὄντος
3598 1806 3686 1854 γε·

419 1899 669 1955 nonnulli
719 1913 827 1951 non
875 1904 1025 1950 recte
1075 1902 1442 1962 acceperunt;
1493 1893 1586 1943 sed
1632 1897 1694 1942 ut
1741 1896 1999 1942 constans

2126 1878 2297 1945 Ὃνὼς,
2325 1880 2515 1943 ὃτινες
2543 1879 2643 1933 οὐκ
2672 1879 2853 1951 ὀρθῶς
2893 1880 3420 1948 ὑπειλήφασιν,ἀλλ’
3456 1882 3532 1944 ὡς
3565 1882 3687 1948 ὕφε-

420 1993 644 2063 quidetn
676 2000 729 2044 et
762 1991 954 2044 vivens
983 1995 1038 2041 et
1069 1986 1461 2056 prmexsistens
1491 1993 1655 2051 atque
1692 1980 2005 2035 subsistens

423 2094 552 2138 ante
604 2084 777 2137 totius
822 2080 1015 2134 mundi
1063 2077 1547 2142 constitutionem,
1588 2074 1656 2129 ad
1706 2074 2005 2143 regendum

424 2184 610 2230 autem
646 2185 701 2229 et
743 2173 1246 2232 administrandum
1285 2170 1541 2223 universa
1572 2183 1601 2221 a
1634 2167 1867 2221 Domino
1907 2181 2007 2219 suo

426 2267 602 2337 ipsius
658 2265 819 2319 Patre
858 2263 1184 2326 ordinatus;
1239 2271 1298 2314 ut
1349 2276 1415 2314 eo
1460 2259 1581 2313 loco
1625 2258 1727 2311 hoc
1776 2256 2006 2311 verbum

428 2357 646 2418 creavit,
685 2371 783 2424 pro
829 2355 997 2407 verbo
1031 2353 1293 2406 ordinavit
1346 2366 1441 2403 seu
1496 2350 1793 2412 constituit,
1826 2349 1896 2401 sit
1929 2346 2007 2399 di-

430 2457 601 2502 ctum.
635 2447 835 2515 Aperte
868 2453 1019 2497 certe
1054 2442 1279 2511 quidem
1319 2439 1604 2493 hominum
1645 2437 1921 2505 principes
1958 2446 2012 2489 et

432 2541 603 2596 duces
665 2548 973 2593 creaturam
1040 2534 1350 2589 nominavit
1411 2533 1695 2601 apostolus
1752 2530 1942 2583 dicens
1995 2544 2009 2580 :

433 2633 665 2700 Snbjccti
712 2630 874 2699 igitur
918 2636 1082 2681 estote
1119 2626 1263 2679 onmi
1298 2626 1545 2679 humatur
1580 2634 1842 2675 creatura:
1888 2635 2014 2689 pro-

434 2734 550 2795 pter
604 2723 923 2783 Dominum,
972 2720 1079 2773 sive
1134 2719 1244 2788 regi
1289 2716 1442 2786 quasi
1495 2714 1853 2785 prwcellenti,
1912 2714 2019 2767 sive

433 2818 648 2870 ducibus
704 2828 961 2884 tanquam
1004 2811 1068 2865 ab
1119 2826 1177 2864 eo
1218 2810 1389 2863 missis
1426 2809 1469 2863 ’.
1528 2809 1591 2861 lit
1630 2807 1897 2878 propheta
1952 2820 2019 2858 ex

436 2926 671 2978 persona
718 2910 808 2960 ltei
842 2907 1075 2959 dicens:
1108 2903 1243 2957 Ecce
1296 2918 1389 2972 ego
1439 2901 1663 2968 ﬁrmans
1705 2902 2018 2962 tonitruum,

440 3010 488 3052 et
525 3004 709 3053 errans
748 3000 1034 3068 Spiritum,
1066 3006 1113 3050 ct
1145 2994 1474 3067 annurqtians
1506 2994 1574 3047 ad
1605 2994 1838 3047 homines
1874 2992 2025 3047 Chri-

437 3102 576 3146 stum
605 3093 716 3161 ejus
749 3092 768 3122 ³
805 3110 818 3145 :
855 3092 955 3145 hoc
985 3088 1212 3142 verbum
1236 3103 1460 3153 .creans,
1490 3102 1601 3139 non
1629 3101 1690 3139 ea
1724 3086 2024 3147 sententia,

440 3185 587 3252 quod
646 3191 807 3235 antea
861 3196 972 3234 non
1025 3180 1212 3244 fuerit,
1265 3178 1507 3247 accepit;
1559 3192 1668 3231 non
1713 3177 1861 3231 enim
1907 3184 2021 3229 tum

442 3276 587 3329 Deus
637 3274 847 3328 creavit
890 3272 1181 3342 Spiritum,
1226 3288 1354 3326 cum
1398 3271 1674 3325 Christum
1720 3285 1881 3324 suum
1929 3285 2026 3339 per

445 3379 572 3417 eum
629 3362 953 3418 hominibus
1013 3362 1397 3424 annnntiavit;
1451 3374 1631 3429 neque
1680 3373 1875 3412 recens
1923 3356 2027 3411 sub

444 3458 559 3510 sole
590 3456 715 3513 fuit,
751 3455 858 3510 Sed
890 3455 1071 3508 fuerat
1104 3454 1328 3523 quidem
1359 3453 1471 3519 ille,
1501 3462 1558 3507 et
1585 3452 1984 3521 prmexstiterat
2011 3468 2025 3505 :

447 3549 651 3603 missus
686 3555 870 3601 autem
908 3555 1023 3599 tum
1059 3555 1164 3609 est,
1197 3560 1308 3615 quo
1344 3553 1594 3613 tempore
1633 3543 1865 3611 apostoli
1902 3558 2028 3595 con-

450 3639 658 3711 gregali
713 3650 870 3693 erant
913 3655 1040 3693 cum
1078 3640 1248 3693 instar
1280 3637 1518 3692 tonitrus
1563 3652 1593 3691 e
1642 3637 1781 3691 cmlo
1814 3636 2029 3691 sonitus

452 3735 732 3802 provenit,
770 3740 1029 3801 tanquam
1063 3731 1415 3785 advenientis
1450 3730 1611 3784 ﬂatus
1644 3730 1986 3784 vehementis
2014 3746 2029 3783 :

454 3826 559 3878 hoc
601 3825 768 3878 verbo
802 3840 1011 3887 creans,
1047 3839 1147 3891 pro
1181 3837 1248 3877 eo
1287 3821 1434 3891 quod
1483 3833 1568 3876 est
1605 3821 1903 3883 demittens,
1936 3830 2032 3874 aut

451 3915 705 3968 ordinans
756 3931 852 3968 seu
901 3924 1163 3976 statuens,
1203 3913 1419 3982 posito;
1464 3912 1667 3966 tonitru
1714 3928 1842 3966 vero
1890 3912 2029 3981 ipso,

452 4008 561 4061 alio
621 4010 860 4077 quodam
937 4008 1101 4061 modo
1156 4006 1531 4075 evangelicam
1586 4004 2032 4074 praedicationem

454 4100 825 4170 signiﬁcante.
858 4098 991 4153 Tale
1029 4106 1113 4153 est
1158 4109 1215 4153 et
1259 4096 1393 4151 illud
1428 4115 1440 4150 :
1477 4096 1583 4152 Cor
1620 4098 1873 4151 mundum
1912 4112 2032 4149 crea

455 4192 511 4244 in
544 4208 645 4255 me,
679 4192 814 4245 Deus
844 4194 884 4244 ⁸.
907 4192 1068 4261 ’7οο
1111 4192 1203 4246 ubi
1250 4207 1361 4245 non
1392 4191 1484 4245 ille
1518 4191 1740 4259 quidem
1776 4199 2033 4258 tanquam

454 4301 552 4338 cur
584 4301 693 4337 non
725 4286 956 4348 habens,
984 4286 1078 4338 sed
1113 4293 1173 4338 ut
1200 4284 1418 4337 tandem
1449 4283 1670 4337 habenti
1701 4294 1756 4337 et
1784 4283 2040 4351 puriﬁca-

459 4386 615 4429 retur
663 4384 719 4428 et
773 4377 1156 4443 perﬁceretur,
1203 4386 1458 4444 precatus
1501 4384 1603 4428 est.
1643 4375 1709 4429 Et
1747 4374 1879 4429 illud
1919 4393 1931 4428 :
1974 4374 2037 4428 Ut

457 4477 663 4519 crearet
709 4468 840 4519 duos
892 4468 945 4519 in
1001 4483 1161 4519 unum
1207 4483 1392 4520 novum
1435 4469 1695 4521 hominem
1725 4468 1782 4533 ⁸,
1822 4484 1920 4537 pro
1957 4484 2042 4519 co-

459 4569 602 4627 geret
651 4575 748 4612 seu
797 4569 1164 4628 congregaret.
1212 4559 1349 4612 Vide
1384 4574 1550 4627 porro
1579 4573 1647 4611 an
1684 4574 1794 4612 non
1836 4558 1939 4612 tale
1972 4559 2044 4611 sit
2079 4525 2119 4575 Ι)

460 4661 516 4705 et
552 4650 683 4703 illud
722 4674 730 4703 :
765 4649 978 4704 Induite
1020 4668 1209 4704 norum
1245 4651 1530 4712 hominem,
1562 4651 1846 4702 secundum
1885 4650 2049 4702 Deum

460 4754 703 4795 creatum
728 4744 767 4795 ‘.
803 4744 935 4796 Item
973 4742 1105 4795 illud
1143 4760 1156 4796 :
1190 4741 1248 4796 Si
1276 4744 1393 4812 quis
1428 4743 1479 4794 in
1506 4741 1714 4795 Christo
1743 4759 1874 4795 nova
1899 4759 2047 4795 σεα-

464 4848 587 4890 tura
618 4838 663 4902 ";
697 4847 753 4889 et
789 4853 1133 4906 qua-cunque
1170 4846 1299 4890 sunt
1343 4835 1638 4905 ejusmodi.
1676 4835 1742 4889 Ut
1784 4852 1848 4890 ue
1884 4837 2050 4889 mire-

468 4946 566 4992 rts,
596 4930 640 4982 si
690 4930 1067 4997 tnetaphoriee
1096 4937 1151 4982 et
1184 4944 1281 4997 per
1315 4928 1733 4981 translationem
1775 4928 1830 4980 in
1866 4928 2049 4980 verbis

471 5024 591 5077 Istis
617 5041 629 5076 :
667 5022 921 5076 Dominus
953 5024 1147 5076 creavit
1185 5038 1264 5075 me
1294 5022 1345 5074 in
1379 5022 1530 5074 initio
1557 5022 1764 5073 viarum
1793 5036 2045 5084 suarum;

466 5117 680 5181 crearit,
718 5132 815 5185 pro
861 5117 1155 5177 constituit,
1211 5125 1303 5168 aut
1352 5114 1617 5167 ordinavit
1650 5112 1858 5166 dictum
1891 5114 1983 5166 sit.
2023 5132 2041 5164 ι

469 5206 593 5261 "ilic
630 5209 682 5261 in
718 5210 885 5263 tertio
928 5210 1199 5262 adversus
1233 5207 1551 5260 Marcellum
1587 5206 1724 5259 libro
1755 5205 2047 5260 Eusebius.

472 5300 732 5354 Socrates
764 5309 947 5355 autem
985 5282 1101 5354 haec
1146 5315 1367 5368 quoque
1402 5299 1552 5351 hisce
1579 5297 1764 5351 verbis
1808 5312 1906 5366 pro
1942 5298 2051 5351 Eu-

470 5396 624 5450 sebio
658 5396 827 5449 refert
861 5413 874 5448 :
908 5414 925 5446 ι
965 5394 1101 5449 Cum
1130 5394 1312 5462 itaque
1348 5392 1621 5446 Eusebius
1665 5390 1894 5445 Nicaeum
1924 5406 2051 5460 syn-

477 5487 561 5541 )άί
618 5487 958 5541 mentionem
1005 5486 1236 5552 faciens,
1281 5487 1457 5541 soluta
1490 5499 1612 5539 esse
1642 5495 1696 5539 et
1729 5484 2052 5551 constituta,

568 5603 585 5636 ¹
612 5603 776 5659 Prov.
814 5616 931 5667 vm,
959 5600 1049 5654 22.
1129 5602 1149 5632 ²
1183 5600 1202 5655 1
1234 5601 1380 5656 Pctr.
1418 5600 1485 5668 ll,
1515 5600 1717 5668 15,15.

473 5675 563 5730 24.
640 5674 661 5704 ⁷
690 5672 732 5725 ll
765 5672 895 5726 Cor.
923 5687 978 5737 ν,
1016 5670 1105 5724 17.

547 5838 624 5911 (ι)
666 5839 824 5894 Socr.
862 5837 959 5893 lib.
1000 5852 1057 5906 ιι,
1090 5853 1211 5908 cap.
1244 5838 1333 5893 ΞΟ.

1817 5601 1837 5631 ³
1878 5600 2043 5656 Amos
2079 5615 2154 5668 tv,
2180 5598 2270 5655 15.

2110 1968 2252 2035 στὼς
2294 1969 2393 2040 μὲν
2438 1972 2535 2024 καὶ
2567 1970 2678 2034 ζῶν
2700 2008 2715 2033 ,
2746 1971 2934 2044 προών
2962 1988 3022 2026 τε
3058 1974 3152 2026 καὶ
3188 1976 3565 2043 προῦπάρχων
3595 1975 3687 2043 τῆς

2110 2062 2206 2114 τοῦ
2240 2061 2443 2124 παντὸς
2466 2061 2681 2130 κόσμου
2717 2061 3298 2133 συστάσεως.Ἀρχειν
3321 2062 3377 2114 δὲ
3423 2065 3534 2115 τῶν
3559 2064 3691 2115 ὅλων

2111 2155 2214 2207 ὑπὸ
2236 2153 2328 2209 τοῦ
2359 2155 2567 2231 Κυρίου
2589 2155 2684 2207 τοῦ
2703 2153 2899 2208 ἑαυτοῦ
2933 2156 3147 2227 Πατρός
3177 2158 3655 2225 κατατεταγμένος
3676 2193 3692 2219 ,

2110 2247 2206 2300 τοῦ
2235 2247 2518 2314 ἔκτισεν,
2549 2245 2791 2301 ὲνταῦοα
2829 2246 2954 2302 ἀντὶ
2996 2247 3089 2300 τοῦ
3127 2246 3458 2311 κατέταξεν
3490 2247 3525 2311 ἢ
3560 2264 3694 2300 κατ·

2112 2339 2474 2403 εσκεύασεν,
2499 2339 2817 2409 εἰρημένου.
2855 2339 3168 2409 Διαρρήδην
3197 2338 3290 2391 οὖν
3318 2340 3448 2401 τοὺς
3493 2340 3554 2389 ὲν
3609 2340 3700 2390 ἀνι

2100 2432 2230 2503 ’Θρώ
2242 2450 2359 2495 ποις
2378 2432 2647 2502 ἄρχοντας
2674 2432 2769 2485 καὶ
2800 2433 3077 2500 ἡγεμόνας
3102 2430 3280 2483 κτίσιν
3311 2430 3603 2499 ὠνόμασεν
3624 2433 3701 2482 εἰ·

2116 2525 2236 2580 πὼν
2266 2526 2295 2577 ό
2333 2524 2633 2587 ἀπόστολος
2658 2539 2670 2551 ·
2713 2523 3086 2592 ’Υποτάγητε
3113 2519 3229 2578 οὖν
3269 2523 3445 2596 πάσῃ
3475 2526 3702 2593 ἀνθρωι

2118 2618 2262 2684 πίνῃ
2283 2616 2479 2670 κτίσει
2506 2616 2603 2668 διὰ
2624 2617 2731 2669 τὸν
2753 2616 2974 2684 Κύριον
2990 2632 3004 2646 °
3021 2617 3143 2668 εἴτε
3158 2616 3413 2680 ,ϐασιλεῖ
3431 2619 3511 2683 ὡς
3530 2622 3708 2685 ὑπερ

2118 2710 2345 2778 έχοντι,
2369 2709 2488 2762 εἴτε
2520 2709 2815 2778 ἡγεμόσιν
2838 2708 2918 2773 ὡς
2941 2708 3013 2760 δι’
3048 2708 3236 2761 αὐτοῦ
3274 2709 3702 2778 πεμπομένοις.

2121 2805 2231 2856 Καὶ
2259 2805 2287 2854 ό
2319 2800 2490 2856 εἰπὼν
2522 2802 2575 2853 δὲ
2604 2801 2896 2871 προφήτης
2940 2801 3050 2854 ἀπὸ
3077 2802 3169 2854 τοῦ
3198 2800 3356 2868 Θεοῦ,
3399 2803 3558 2858 Ἰδοὺ
3591 2804 3707 2870 ἐγὼ

2123 2894 2389 2963 στερεῶν
2433 2895 2715 2963 ,βροντὴν
2749 2893 2850 2947 καὶ
2890 2893 3107 2958 κτίζων
3132 2894 3394 2964 Πνεῦμα,
3430 2897 3528 2948 καί
3559 2899 3709 2950 απο-

2122 2990 2397 3043 στέλλων
2426 2992 2514 3055 εις
2555 2986 2915 3055 ἀνθρώπους
2954 2986 3068 3040 τὸν
3121 2990 3380 3055 Χριστὸν
3408 2988 3619 3053 αὐτοῦ,
3650 2988 3712 3041 τὸ

2125 3082 2357 3149 κτίζων,
2394 3084 2493 3135 οὐκ
2545 3083 2608 3134 ἐκ
2659 3080 2755 3132 τοῦ
2784 3081 3073 3150 γεγονότος
3108 3082 3191 3143 εἰς
3224 3081 3570 3151 ὰνυπαρξίαν
3597 3099 3707 3134 πα-

2137 3176 2398 3246 ρείληφεν
2422 3189 2437 3204 ⁸
2465 3176 2528 3227 οὐ
2560 3174 2667 3245 γὰρ
2701 3175 2822 3227 τότε
2860 3175 3078 3227 ἔκτισεν
3128 3178 3155 3227 ό
3185 3175 3319 3239 Θεὸς
3353 3178 3413 3227 τὸ
3452 3175 3711 3244 Πνεῦμα.

2133 3268 2221 3320 ὅτε
2257 3269 2349 3320 τὸν
2383 3265 2620 3338 Χριστὸν
2651 3265 2819 3319 αὐτοῦ
2869 3266 2938 3320 δι’
2972 3266 3142 3320 αὑτοῦ
3184 3269 3352 3321 πᾶσιν
3388 3268 3714 3339 ἀνθρώποις

2131 3360 2522 3429 κατήγγειλεν*
2555 3358 2675 3412 οὐδὲ
2723 3360 2831 3428 γὰρ
2878 3361 3196 3431 πρόσφατον
3232 3360 3339 3412 ὑπὸ
3385 3359 3480 3411 τὸν
3528 3359 3713 3430 ἥλιον

2126 3452 2252 3505 ἀλλ’
2281 3447 2349 3521 ἦν
2386 3451 2490 3522 μὲν
2521 3452 2616 3505 καὶ
2646 3452 3006 3522 προϋπῆρχεν
3029 3467 3041 3480 ·
3078 3451 3444 3506 ἀπεστέλλετο
3473 3452 3557 3514 δὲ,
3585 3449 3718 3503 καθ’

2132 3543 2191 3596 ὃν
2220 3545 2411 3613 καιρδν
2463 3539 2605 3615 ἦσαν
2650 3545 2700 3595 oi
2745 3544 3032 3597 ἀπόστολοι
3063 3546 3414 3614 συνηγμένοι,
3446 3545 3538 3597 ὅτε
3558 3544 3722 3612 δίκην

2138 3635 2373 3703 βροντῆς
2406 3637 2627 3701 ἐγένετο
2662 3630 2796 3704 ἦχος
2826 3637 2890 3688 ὲκ
2921 3634 3014 3687 τοῦ
3054 3636 3288 3705 οὐρανοῦ
3322 3641 3516 3708 ὥσπερ
3548 3654 3721 3707 φερο-

2140 3726 2309 3795 μένης
2347 3727 2515 3797 πνοῆς
2545 3726 2729 3797 βιαίας
2751 3744 2765 3759 ο
2802 3727 2895 3782 τοῦ
2929 3727 3140 3790 κτίζων
3168 3730 3288 3782 ἀντὶ
3305 3729 3399 3783 τοῦ
3418 3733 3728 3799 καταπέμ-

2136 3833 2266 3873 πων
2291 3820 2323 3890 ἢ
2352 3821 2761 3875 κατατάσσων
2788 3824 3107 3892 είρημένου’
3133 3823 3229 3891 τῆς
3249 3824 3305 3876 δὲ
3338 3824 3568 3894 βροντῆς
3595 3823 3730 3877 καθ’

2138 3912 2327 3982 ἕτερον
2371 3917 2573 3983 τρόπον
2618 3913 2679 3966 τὸ
2728 3915 3088 3982 εὐαγγελικὸν
3114 3918 3382 3984 κήρυγμα
3423 3916 3729 3986 δηλούση,’

2140 4004 2395 4058 Τοιοῦτόν
2428 4007 2545 4059 ἐστι
2570 4008 2666 4059 καὶ
2694 4007 2776 4070 τὸ,
2805 4006 3075 4076 Καρδίαν
3108 4010 3377 4077 καθαρὰν
3405 4011 3626 4063 κτίσιν
3657 4011 3735 4061 ἐν

2139 4098 2291 4168 ἐμοὶ,
2327 4102 2359 4152 ὀ
2397 4101 2536 4166 Θεός
2568 4115 2582 4130 ο
2624 4100 2723 4169 οὐχ
2774 4101 2849 4164 ὡς
2904 4102 2978 4173 μὴ
3037 4103 3197 4171 ἔχων,
3234 4102 3349 4155 ἀλλ’
3387 4104 3468 4157 ὅτι
3520 4106 3733 4173 δήποτε

2140 4192 2468 4258 τελεσθῆναι
2505 4193 2768 4262 τοιαύτην
2826 4192 3045 4263 ηὔχετοο
3095 4198 3192 4248 καὶ
3228 4196 3310 4261 τὸ,
3354 4197 3487 4250 Ἵνα
3539 4197 3733 4264 κτίσῃ

2142 4284 2286 4350 τοὺς
2331 4284 2442 4338 δύο
2504 4288 2590 4349 εἱς
2641 4285 2751 4338 ἕνα
2814 4286 3029 4339 καινὸν
3080 4287 3431 4355 ἄνθρωπον,
3465 4289 3587 4341 ἀντὶ
3630 4289 3737 4340 τοῦ

2144 4380 2483 4443 συναγάγῃ.
2532 4377 2679 4443 “Ορα
2728 4377 2938 4443 μήποτε
2999 4378 3244 4429 τοιοῦτόν
3295 4381 3414 4432 ἐστι
3471 4380 3566 4431 καὶ
3619 4384 3689 4431 τὶ
3720 4420 3738 4442 ,

2158 4464 2536 4517 Ἐνδύσασθε
2590 4465 2699 4515 τὸν
2753 4465 2969 4517 καινὸν
3019 4465 3337 4533 ἄνθρωπον
3396 4468 3504 4520 τὸν
3574 4468 3742 4522 κατὰ

2156 4555 2304 4609 Θεὸν
2335 4555 2676 4608 κτισθέντα·
2719 4557 2813 4608 καί
2841 4559 2921 4621 τὸ,
2956 4558 3027 4610 El
3063 4575 3152 4623 τις
3192 4560 3261 4611 ἐν
3284 4559 3517 4627 Χριστῷ
3548 4579 3673 4614 κιαι
3707 4561 3742 4627 ἡ

2153 4651 2389 4711 κτίσις²
2423 4648 2518 4698 καὶ
2549 4647 2650 4697 ὅσα
2700 4648 2839 4701 ἄλλα
2893 4649 3142 4701 τοιαῦτα.
3203 4652 3292 4719 Μὴ
3353 4653 3645 4725 θαυμάσῃς
3689 4658 3744 4707 εἰ

2157 4748 2544 4816 μεταςέορικὼς
2593 4750 2689 4800 καὶ
2736 4751 2793 4800 ἐν
2823 4748 2923 4815 τῷ,
2958 4750 3175 4816 Κύριος
3207 4733 3414 4803 ἔκτισε(
3433 4768 3511 4820 με
3535 4753 3752 4819 ἀρχὴν

2153 4834 2308 4889 dear
2341 4834 2558 4898 αὐτοῦ,
2595 4836 2654 4887 τὸ
2701 4836 2947 4890 ἔκτισεν
2992 4842 3110 4890 ἀντὶ
3143 4840 3236 4891 τοῦ
3277 4842 3659 4907 κατέστησεν
3713 4840 3748 4907 ἧ

2160 4928 2490 4990 κατέταξεν
2516 4928 2758 4996 εἴρηται.
2797 4929 2983 4982 Ταῦτα
3016 4932 3073 4982 ἐν
3098 4930 3176 4999 τῷ
3203 4932 3375 5002 τρίτῳ
3412 4934 3549 4998 πρὸς
3580 4934 3755 5002 Μάρ-

2154 5022 2343 5076 κελλον
2387 5025 2415 5076 ό
2454 5024 2738 5087 Εὐσέϐιος.
2798 5025 2909 5077 Καὶ
2951 5025 3124 5079 ταῦτα
3174 5026 3229 5077 δὲ
3290 5027 3499 5091 λέξεσιν
3544 5029 3758 5091 αὑτεῖς

2157 5119 2452 5186 Σωκράτης
2487 5119 2631 5190 ὑπὲρ
2663 5119 2830 5173 αὐτοῦ
2871 5136 3062 5189 φησιν·
3100 5139 3119 5172 ι
3159 5121 3221 5173 Εἰ
3260 5121 3445 5173 τοίνυν
3480 5122 3757 5183 Εὐσέϐιος

2153 5211 2252 5278 τῆς
2285 5212 2340 5263 ἐν
2396 5211 2606 5279 Νικαίᾳ
2661 5211 2882 5263 συνόδου
2920 5212 3145 5281 μνήμην
3194 5214 3546 5284 ποιούμενος,
3576 5213 3756 5264 λελύ-

2156 5305 2282 5355 σθαι
2333 5303 2434 5371 μὲν
2476 5302 2545 5354 τὰ
2591 5303 2717 5355 τότε
2756 5303 3254 5373 ἀμφισϐητούμενα
3309 5306 3492 5373 λέγει,
3530 5306 3760 5365 πάντας

2153 5394 2211 5447 δὲ
2242 5394 2598 5462 όμοφωνῆσαι
2645 5394 2739 5444 καὶ
2786 5394 3147 5462 όμοδοξῆσαιο
3213 5397 3329 5459 πῶς
3373 5397 3759 5468 Ἀρειανίςειν

2158 5485 2302 5545 τινὲς
2348 5483 2511 5535 αὑτὸν
2545 5482 3026 5551 ὑπολαμϐάνουσις
3066 5485 3383 5538 [ιλανῶνται
3421 5487 3478 5538 δὲ
3525 5487 3763 5554 Ἄρειοι-

2350 5600 2370 5632 ¹⁵
2395 5599 2537 5656 Psal.
2567 5616 2620 5667 ι,
2659 5599 2749 5655 12.
2826 5603 2846 5635 ⁵
2876 5602 3079 5672 Ephes.
3112 5617 3174 5669 ιι,
3211 5604 3298 5658 15.
3378 5603 3397 5632 ⁸
3421 5602 3619 5674 Ephes.
3658 5620 3754 5671 tv,
