3934 6540
217 312 322 378 Ξ69

1164 308 1780 374 ΕεειΕειΑεΤιειΕ
1817 311 2211 374 HISTORI/E
2250 313 2398 375 LIB.
2444 312 2549 376 IX.

3363 311 3470 376 ⁵270

220 422 318 492 τῆς
349 417 522 474 αὐτῶν
551 417 806 482 παιδείας
839 418 1004 486 λόγου
1035 420 1235 474 πολλοῦ
1269 421 1397 488 ἀξια
1430 423 1552 484 ταῖς
1580 421 1784 492 ἐκκλη-

1893 429 1999 480 tem
2024 437 2224 477 omnes
2255 421 2358 478 hac
2395 422 2451 507 in
2503 430 2659 493 parte
2686 421 2861 491 gloria
2910 422 3221 492 prazcellere
3242 463 3256 488 ,
3304 432 3472 494 atque

221 514 361 578 σίαις
380 511 866 567 καταλελοίπασιν.
912 512 1110 585 Ἐῴκει
1145 513 1204 566 δὲ
1237 513 1450 576 πάντας
1485 512 1664 582 τούτῳ
1704 511 1784 581 τῷ

224 609 378 677 μέρει
407 609 856 678 παρευδοκιμεῖν,
893 607 993 660 καὶ
1027 607 1126 677 τὴν
1161 607 1401 660 καθόλου
1445 606 1785 675 Ἐκκλησίαν

221 700 525 770 σεμνύνειν,
565 701 810 772 Ἐφραὶμ
837 704 866 755 ὁ
900 701 1093 774 Σύρος.
1139 701 1458 771 Τηνικαῦτα
1487 702 1530 754 δ’
1568 700 1787 773 ἤκμαζε

221 796 316 847 καὶ
354 793 626 863 Λουκξφερ
679 793 774 846 καὶ
829 793 1060 862 Δίδυμος
1095 795 1190 846 καὶ
1230 794 1462 857 ’Δέτιος,
1509 795 1787 862 ἐλλόγιμοι

224 891 319 957 μὲν
362 886 762 956 διαφερόντως,
803 887 870 955 τῇ
907 885 963 938 δὲ
1008 885 1242 956 ἀληθείᾳ
1279 884 1424 954 μάλα
1459 885 1784 955 μαχόμενοι.

231 979 320 1042 Ὦς
353 978 546 1030 ἐπίπαν
597 977 656 1030 δὲ
705 977 895 1046 φάναι,
944 976 994 1029 οἱ
1025 977 1285 1048 τηνικάδε
1326 978 1435 1030 τῶν
1477 977 1788 1047 ἐκκλησιῶν

221 1071 481 1142 ἡγεμόνες
523 1067 788 1140 πλείστης
825 1069 1114 1141 ἀκριϐείας
1149 1069 1294 1123 κατὰ
1333 1068 1448 1140 βίον
1486 1068 1786 1140 ἐξείχοντοο

221 1165 311 1232 ὑφ’
340 1160 415 1217 ὧν
453 1163 523 1215 τὰ
572 1161 756 1234 πλήθη
810 1163 994 1225 καλῶς
1053 1164 1485 1234 ποιμαινόμενα,
1515 1164 1609 1218 τοῦ
1645 1164 1790 1219 κατά

221 1255 452 1326 Χριστὸν
509 1255 863 1325 σεϐάσματος
930 1255 1164 1326 εἴχοντο,
1214 1256 1311 1310 καὶ
1365 1255 1496 1310 καθ’
1547 1256 1788 1327 ἑκάστην

225 1347 395 1418 αὔξην
427 1350 460 1418 ἠ
492 1347 678 1409 πίστις
728 1345 1062 1416 ἐλάμϐανεν.
1100 1347 1316 1420 Ἠρέμα
1343 1349 1451 1418 γὰρ
1482 1350 1515 1421 ἠ
1558 1348 1791 1418 Ἐκκλη-

221 1440 307 1493 σία
332 1444 399 1510 τῇ
437 1440 635 1514 ὲνούσῃ
668 1442 842 1512 ἀρετῇ
896 1441 996 1495 καὶ
1047 1443 1114 1513 τῇ
1165 1443 1482 1513 λαμπηδόνι
1507 1441 1618 1497 τῶν
1647 1445 1789 1511 ἀγα-

218 1532 324 1584 θῶν
379 1531 626 1600 πράξεων
655 1571 673 1596 ,
719 1530 812 1602 ὑφ’
867 1527 945 1585 ὧν
991 1533 1262 1604 τεράστια
1312 1533 1408 1586 καὶ
1459 1533 1788 1603 Θεοσημείαι

218 1619 472 1688 ἐγίνοντο,
505 1623 662 1695 παρά
717 1640 778 1677 τε
838 1623 1006 1694 ιερῶν
1041 1623 1279 1694 ἀνδρῶν,
1324 1623 1422 1678 καὶ
1473 1623 1648 1686 ἄλλως
1691 1623 1788 1678 ἐκ-

217 1713 642 1782 κλησιαστικῶν,
693 1716 789 1768 ἐπὶ
844 1716 993 1787 μέγα
1039 1716 1201 1788 δόξης
1258 1718 1572 1787 προήγετοο
1605 1719 1704 1772 καὶ
1749 1719 1783 1790 ἠ

215 1809 319 1862 τῶν
355 1808 718 1880 Ἑλληνιστῶν
777 1809 1050 1882 θρησκεία
1123 1809 1453 1876 διεσυλᾶτο,
1519 1811 1630 1864 κάκ
1683 1811 1784 1881 τῆς

219 1902 491 1971 μοχθηρᾶς
543 1903 841 1972 τερθρείας
905 1904 1043 1974 πρὸς
1101 1901 1202 1974 τὴν
1275 1903 1541 1976 ἀληθινὴν
1600 1902 1788 1957 πίστιν

219 1995 576 2064 μετὲρρεπεν.
626 1994 782 2048 Ἐπεὶ
812 1995 870 2050 δὲ
901 1995 1012 2049 τῶν
1036 1995 1202 2050 ὁσίων
1251 1995 1460 2049 τούτων
1501 1995 1788 2068 ἐμνήσθην

215 2088 433 2158 ἀνδρῶν,
461 2088 576 2142 δεῖν
599 2084 756 2158 οῐμαι
783 2090 923 2154 τέως
953 2088 1129 2158 τούτῳ
1155 2090 1233 2160 τῷ
1259 2089 1403 2158 λόγῳ
1433 2089 1788 2160 ἐπιδραμεῖν,

218 2182 307 2235 καὶ
355 2182 467 2234 ὅσοι
525 2181 594 2253 δὴ
647 2181 799 2236 ἄλλοι
863 2184 1194 2252 περιφανεῖς
1249 2181 1442 2252 ἄνδρες
1496 2182 1788 2252 τηνικαῦτ’

217 2276 561 2344 ἀκμάσαντες
592 2276 748 2338 κλέος
770 2276 947 2347 ἔσχον.
986 2278 1099 2330 Καὶ
1128 2274 1544 2346 προκείσθωσαν
1574 2275 1624 2329 οἳ
1670 2275 1790 2330 ἀοί-

214 2371 354 2440 διμοι
384 2371 484 2440 τῆς
531 2370 788 2438 Σκήτεως
820 2372 1093 2439 ἡγεμόνες
1125 2371 1220 2422 καὶ
1249 2370 1362 2421 τῶν
1401 2369 1584 2422 ἐκεῖσε
1615 2369 1788 2440 ὀρέων

217 2467 576 2536 κατέστησαν.
612 2463 896 2532 Μακάριοι
951 2463 1009 2516 δὲ
1060 2463 1398 2534 ἀμφοτέροις
1447 2458 1514 2531 ἦν
1572 2461 1786 2532 ὄνομα·

216 2553 287 2612 ὧν
314 2561 341 2611 ὁ
369 2559 469 2627 μὲν
494 2559 780 2625 Αἰγύπτου
821 2556 1070 2626 ὡρμᾶτο·
1106 2557 1300 2625 ἅτερος
1329 2555 1373 2607 δ’
1426 2553 1618 2618 ’Δστδς
1651 2553 1789 2608 ὠνο-

223 2652 448 2720 μάζετο·
475 2648 579 2720 τὴν
626 2651 737 2717 γὰρ
779 2647 1138 2717 Ἀλεξάνδρου
1179 2641 1294 2716 εἶχε
1336 2646 1599 2717 πατρίδα.
1633 2648 1788 2700 eam

215 2744 268 2798 δὲ
295 2745 487 2814 ἄνδρες
531 2742 630 2795 καὶ
659 2742 830 2812 ἄμφω
859 2740 1129 2807 ἐγένοντο.
1163 2738 1480 2808 Θαυμάσιοι
1509 2737 1568 2791 δὲ
1599 2739 1696 2794 καὶ
1728 2737 1790 2790 τὸ

215 2840 523 2907 φιλοσοφεῖν
555 2832 694 2909 ἦσαν
717 2876 732 2900 ,
781 2836 880 2887 καὶ
927 2835 1028 2886 οὐκ
1073 2831 1435 2904 ἁμοιροῦντες
1473 2831 1626 2895 θείας
1655 2849 1791 2901 προ-

217 2935 484 3002 γνώσεως·
513 2931 682 2996 δεξιοὶ
707 2930 764 2984 δὲ
796 2928 895 2981 καὶ
924 2926 1193 2996 δαίμονας
1223 2926 1455 2996 ἁπελᾷν*
1482 2925 1788 2996 τεραστίων

214 3028 264 3078 δὲ
294 3029 388 3080 καὶ
432 3024 687 3093 ἰαμάτων
743 3023 1030 3093 πρόχειροι
1081 3019 1399 3088 αὐτουργοί.
1452 3012 1553 3072 Ὦν
1591 3017 1788 3089 ἅτερος

1891 514 2193 570 Ecclesiam
2247 515 2614 570 universalem
2647 529 2920 571 exornare
2963 513 3224 585 Ephraim
3279 516 3470 588 Syrus.

1889 607 2028 662 Tum
2059 623 2280 678 quoque
2313 607 2577 662 exstitere
2631 595 2906 675 Lucifer,
2944 605 3226 679 Didymus,
3257 609 3471 674 Aetius,

1889 701 2185 756 admodum
2252 689 2606 772 quidem'illi
2656 702 2844 756 eximii
2881 702 3008 765 viri.
3063 702 3158 756 sed
3207 701 3474 756 adversus

1889 793 2178 847 veritatem
2235 794 2533 861 plurimum
2569 796 2737 851 etiam
2794 805 3134 866 pugnarunt.
3188 797 3361 865 Atque
3411 804 3471 850 ut

1889 888 2201 943 summatim
2228 887 2429 952 dicam,
2461 889 2700 960 praefecti
2730 905 2792 942 ea
2837 899 3165 960 tempestate
3211 889 3470 946 ecclesia-

1892 993 2013 1032 rum
2071 980 2439 1036 exaetissimis
2500 982 2624 1037 vita:
2681 983 2947 1036 institutis
2982 981 3152 1037 dediti
3202 990 3383 1042 erant.
3439 997 3469 1035 a

1888 1072 2093 1143 quibus
2127 1073 2314 1142 plebes
2344 1074 2468 1128 rite
2496 1073 2830 1145 gubernata.
2885 1075 3090 1131 Christi
3149 1073 3470 1146 religionem

1889 1174 2206 1233 constanter
2237 1165 2432 1233 coluit,
2460 1176 2518 1222 et
2545 1167 2728 1223 indies
2755 1167 2890 1222 ﬁdes
2915 1168 3275 1238 estoadaucta,
3304 1177 3473 1238 atque

1892 1255 2140 1312 Ecclesia
2165 1259 2368 1311 sensim
2396 1272 2496 1328 pro
2517 1257 2681 1313 insita
2705 1260 2758 1313 ei
2785 1259 2988 1313 virtute
3002 1267 3168 1328 atque
3203 1260 3472 1312 bonorum

1890 1362 2122 1418 operum
2155 1349 2472 1418 splendore,
2507 1359 2562 1405 et
2586 1351 2733 1419 quod
2759 1367 2788 1405 a
2822 1350 2994 1405 sacris
3019 1350 3253 1420 aliisque
3290 1351 3472 1405 eccle-
3526 1389 3536 1394 -

1891 1440 2128 1496 siasticis
2162 1441 2292 1496 viris
2316 1442 2565 1512 prodigia
2594 1442 2894 1512 divinaque
2942 1442 3206 1497 miracula
3240 1441 3470 1506 ﬁebant,

1889 1530 1956 1585 ad
2004 1530 2286 1601 ingentem
2339 1514 2572 1600 gloriam
2616 1532 2903 1602 pervenit:
2937 1531 3256 1586 Cra-corum
3289 1541 3474 1586 autem

1891 1624 2217 1694 superstitio
2269 1638 2489 1694 pessum
2547 1624 2638 1684 iit.
2695 1626 2848 1680 etab
2904 1625 3172 1694 improbis
3197 1626 3359 1694 nugis
3403 1626 3472 1679 ad

1895 1732 2079 1772 veram
2119 1716 2282 1772 ﬁdem
2315 1715 2553 1770 transiit.
2589 1716 2654 1770 Et
2688 1716 2948 1786 quoniam
2989 1727 3304 1772 sanctorum
3340 1717 3473 1772 isto-

1893 1826 2013 1865 rum
2071 1811 2318 1864 virorum
2373 1809 2512 1867 facta
2567 1818 2652 1866 est
2702 1811 2928 1876 mentio,
2983 1809 3295 1866 faciendum
3349 1823 3472 1866 csse

1891 1901 2048 1965 duxi,
2081 1911 2140 1956 ut
2175 1900 2419 1957 breviter
2452 1911 2643 1963 eos,et
2665 1900 2710 1955 si
2742 1901 2836 1971 qui
2865 1901 3094 1969 insuper
3115 1915 3187 1956 eo
3223 1911 3471 1970 tempore

1893 1993 2136 2050 illustres
2187 1994 2439 2049 homines
2486 2008 2610 2048 cum
2670 1994 2832 2049 laude
2893 1982 3155 2056 ﬂoruere,
3219 1994 3472 2048 oratione

1892 2101 2214 2157 persequar.
2248 2086 2327 2142 Ac
2349 2087 2528 2157 primo
2569 2087 2690 2141 loco
2718 2086 3068 2157 pel-celebres
3108 2087 3186 2142 illi
3229 2102 3472 2141 comme-

1891 2188 2180 2235 morentur
2214 2179 2338 2245 viri,
2371 2179 2463 2250 qui
2497 2177 2677 2234 Scetis
2720 2182 3098 2250 montiumque
3144 2180 3265 2250 ejus
3301 2185 3471 2234 duces

1890 2272 2067 2328 fuere.
2097 2272 2330 2342 Utrique
2362 2287 2564 2327 nomen
2597 2282 2718 2328 erat
2751 2272 3030 2330 Macario:
3060 2289 3296 2344 quorum
3328 2273 3472 2328 alter

1893 2366 1948 2420 in
1983 2364 2220 2437 [Egypto
2249 2374 2567 2430 ortuserat,
2606 2369 2746 2424 alter
2790 2368 3177 2422 Alexandriam
3236 2369 3469 2435 patriam

1893 2457 2106 2522 habuit,
2147 2468 2204 2513 et
2257 2474 2560 2530 cognomen
2601 2460 2849 2516 Urbani:
2903 2459 3066 2514 ambo
3108 2472 3262 2514 certe
3296 2461 3470 2515 divini

1888 2565 2120 2621 prorsus
2150 2553 2274 2618 viri,
2307 2562 2472 2622 atque
2519 2554 2574 2608 in
2619 2555 2918 2610 monastica
2966 2554 3314 2624 philosophia
3373 2553 3472 2607 ad-

1893 2647 2152 2711 mirandi,
2199 2647 2512 2701 divinarum
2564 2647 2988 2716 praedictionum
3037 2663 3145 2702 non
3195 2655 3468 2718 expertes,

1889 2741 2198 2795 daemonum
2221 2741 2481 2796 industrii
2511 2743 2858 2810 expulsores,
2884 2751 2942 2797 et
2976 2742 3348 2812 prodigiorum
3382 2757 3473 2797 sa-

1891 2831 2286 2901 nationumque
2313 2834 2546 2902 prompti
2575 2843 2631 2888 et
2658 2833 2902 2902 expediti
2934 2843 3214 2890 auctores.
3256 2833 3468 2889 llorum

1889 2924 2050 2987 alter,
2073 2923 2360 2994 IEgyptius
2379 2925 2611 2988 scilicet,
2630 2934 2906 2980 mortuum
2929 2941 3149 2996 quoque
3169 2928 3468 2982 excitavit:

1871 3025 1951 3089 ’,ιιι
2000 3015 2292 3084 quemdam
2322 3016 2484 3071 alieni
2516 3015 2788 3086 dogmatis
2827 3027 3190 3081 sectatorem,
3241 3019 3309 3072 ad
3340 3034 3470 3075 ere-

216 3123 241 3169 ὀ
287 3091 596 3186 Αἰγύπτιος
655 3120 753 3169 καὶ
1068 3111 1288 3175 ἀνίστα,
1341 3109 1420 3174 ὡς
1459 3110 1526 3165 ἀν
1570 3111 1634 3178 γέ
1668 3127 1786 3165 τινα

1891 3105 2134 3160 dendum
2169 3116 2416 3162 mortuos
2447 3123 2758 3177 resurgere,
2807 3109 3166 3179 persuasione
3195 3126 3259 3166 ea
3287 3111 3469 3167 addu-
3517 3179 3520 3182 ί

213 3213 478 3282 δόγματος
529 3209 814 3280 ἀλλοτρίου
846 3209 1032 3262 πείσοι
1080 3206 1363 3261 πιστεύειν
1413 3207 1646 3278 νεκροὺς
1694 3207 1787 3258 ἀν-

217 3304 484 3358 ίστασὸαι.
541 3303 692 3370 Πέρα
731 3300 788 3353 δὲ
817 3301 928 3352 τῶν
963 3297 1011 3366 ι,’
1044 3298 1354 3369 παρελάσαι
1387 3297 1546 3365 λόγος
1578 3298 1788 3349 ἐκεῖνον

215 3395 271 3444 τὸ
299 3394 425 3462 ζῇν.
467 3392 559 3445 Ὧν
606 3391 677 3444 τὰ
711 3391 851 3460 ὑπὲρ
901 3389 1080 3460 ἥμισυ
1130 3392 1199 3460 τῇ
1250 3390 1308 3442 ὲν
1359 3390 1554 3458 ἐρήμῳ
1599 3387 1788 3441 ἐπόνει

215 3480 486 3550 διατρι6ᾗ⁶
528 3479 674 3549 μάλα
711 3478 768 3532 δὲ
811 3478 909 3533 καὶ
955 3477 1036 3531 ἔτι
1081 3475 1200 3540 νέος
1249 3476 1327 3531 ὢν
1394 3480 1463 3547 τῇ
1496 3473 1788 3544 φιλοσοφίᾳ

215 3572 526 3642 διέπρεπεν,
586 3568 710 3622 ὅθεν
753 3569 851 3622 καὶ
899 3567 1346 3638 Παιδαριογέρων
1391 3566 1452 3618 τὸ
1495 3565 1786 3634 ἐπώνυμον

215 3664 352 3733 Εηε,
393 3665 492 3715 καὶ
533 3661 629 3714 τὸν
670 3658 766 3713 τοῦ
810 3659 1190 3730 πρετϐυτέρου
1235 3658 1293 3712 δὲ
1328 3656 1540 3727 βαθμὸν
1575 3655 1785 3719 ἔϐαινε,

218 3753 768 3828 τεσσαρακοντοὺτης
821 3753 1140 3821 γενόμενος.
1206 3751 1265 3804 '0
1306 3748 1367 3804 δὲ
1399 3747 1681 3810 Πολιτικὸς
1728 3749 1786 3802 ἐν

212 3851 452 3904 ἐλάττονι
481 3849 664 3918 χρόνῳ
709 3847 771 3899 τὸ
802 3847 920 3899 ἴσον
958 3844 1061 3914 τῆς
1092 3843 1253 3909 ἀξίας
1298 3842 1524 3910 εὕρατο·
1559 3842 1786 3911 ἀπάσης

213 3943 253 3995 δ’
281 3943 581 4012 ἀσκήσεως
616 3941 718 4010 τὴν
748 3940 948 4009 πεῖραν
981 3939 1060 4000 είς
1105 3937 1280 4005 ἄκρον
1311 3935 1526 4005 εἴληφε.
1567 3933 1650 3986 Τά
1684 3934 1784 4003 μὲν

213 4037 314 4105 γὰρ
345 4034 517 4095 αὐτὸς
573 4031 826 4102 εὕρισκε,
859 4030 931 4081 τὰ
987 4028 1032 4081 δ’
1091 4029 1335 4090 ἀκούων,
1372 4028 1540 4081 παντὶ
1593 4027 1785 4097 τρόπῳ

212 4122 517 4195 κατορθοῦν
556 4122 842 4191 ἐπειρᾶτο.
893 4120 984 4181 Ἐς
1020 4119 1278 4173 τοσοῦτον
1308 4119 1353 4172 δ’
1383 4114 1451 4190 ᾖν
1487 4135 1786 4186 συντετηγ-

218 4217 368 4284 μένος
401 4233 462 4267 τε
506 4215 606 4267 καὶ
632 4212 1050 4282 κατεσκληκώς,
1081 4211 1156 4275 ὡς
1193 4212 1318 4282 μηδ’
1345 4215 1552 4264 ἐνεῖναι
1585 4213 1782 4283 τρίχας

214 4309 363 4376 φύειν
395 4311 490 4361 τὸν
525 4306 789 4375 πώγωνα.
823 4301 932 4357 Ἦν
985 4305 1030 4356 δ’
1063 4306 1090 4358 ὁ
1131 4304 1232 4374 μὲν
1280 4302 1582 4384 Αἰγύπτιος
1645 4305 1784 4373 μετᾶ

212 4403 299 4454 τοῦ
345 4402 614 4464 εὐλαόοὖς
643 4399 940 4469 αὐστηρός·
977 4400 1176 4470 ἅτερος
1212 4399 1274 4451 δὲ
1320 4401 1350 4450 ό
1395 4399 1784 4471 Ἀλεξανδρεὺς

213 4493 597 4562 παραπλήσιος
635 4490 720 4559 ἐφ’
752 4489 930 4543 ἅπασι
961 4489 1040 4558 τῷ
1075 4489 1362 4558 Αἰγυπτίῳ
1391 4488 1491 4552 ὢν,
1529 4492 1587 4542 ἐν
1607 4490 1786 4559 τούτῳ
1816 4471 1860 4525 Ῑ)

214 4582 620 4652 παρήλλαττεν,
653 4581 849 4650 ὅτιπερ
875 4580 1060 4648 ίλαρδς
1095 4582 1206 4642 τοῖς
1233 4580 1661 4649 ἐντυγχάνουσιν
1693 4577 1783 4653 ἦν.

214 4677 401 4742 καὶτῷ
433 4672 887 4742 χαριεντίζεσϐαι
930 4672 1059 4734 τοὺς
1096 4674 1254 4732 νέους
1300 4668 1402 4742 ἦγε
1434 4672 1570 4743 πρὸς
1609 4675 1784 4744 ἄσκη.

216 4783 315 4822 σιν.
367 4767 594 4821 Τούτων
644 4768 918 4836 Εὑάγριος
959 4769 1178 4834 ἐγένετο
1227 4767 1479 4837 μαθητής
1505 4780 1520 4796 ⁸
1561 4767 1655 4819 καὶ
1687 4767 1787 4834 τὴν

216 4860 278 4912 δι’
319 4862 504 4931 ἔργων
568 4861 894 4930 φιλοσοφίαν
942 4863 1252 4929 ἐκτήσατο,
1311 4861 1584 4928 πρότερον
1634 4857 1784 4929 λόγῳ

219 4954 355 5024 μόνῳ
383 4955 716 5023 φιλοσοφῶν,
752 4955 932 5024 χρόνῳ
967 4953 1013 5006 δ’
1041 4955 1247 5023 -ὲκείνῳ
1286 4953 1432 5006 κατὰ
1481 4953 1574 5006 τὸν
1616 4953 1785 5006 αὑτὸν

215 5044 380 5113 χῶρον
419 5046 887 5112 συνεφιλοσόφουν
936 5045 1122 5107 αὐτοῖς
1163 5043 1376 5112 Παμϐώ
1405 5060 1466 5096 τε
1497 5045 1526 5096 ὁ
1557 5045 1786 5114 διαϐόη-

215 5153 316 5201 τος,
354 5141 451 5191 καὶ
481 5138 511 5189 ὁ
553 5137 845 5206 ίσάγγελον
887 5138 1048 5207 εἴπερ
1084 5154 1168 5200 τις
1207 5137 1490 5191 πολιτείαν
1529 5136 1784 5204 ἀσκήσας

217 5229 484 5298 Παησιος,
534 5227 898 5299 Ἡρακλείδης
929 5245 986 5280 τε
1034 5229 1131 5281 καὶ
1163 5229 1410 5298 Κρόνιος,
1445 5228 1784 5299 Παφνούτιός

282 5357 351 5423 (l)
388 5357 599 5411 Pambo
633 5374 756 5412 cum
792 5357 1105 5413 illitteratus
1133 5366 1297 5420 esset,
1326 5357 1606 5412 doctorem
1635 5359 1783 5412 Psal-

217 5439 325 5497 mos
364 5440 731 5496 exponentem
779 5431 912 5483 adiit
942 5447 954 5482 :
984 5438 1040 5482 et
1090 5444 1214 5482 cum
1263 5432 1499 5497 primum
1562 5445 1780 5482 versum

219 5495 345 5550 l'sal.
399 5495 604 5551 xxxvm
648 5499 818 5566 (Dixi,
861 5498 1166 5555 Custodiam
1214 5495 1326 5552 eius
1371 5515 1536 5564 meus,
1571 5509 1626 5551 ut
1679 5516 1784 5552 non

216 5568 509 5636 delinquant
551 5571 607 5621 in
639 5570 820 5638 lingua
855 5574 994 5638 mea)
1039 5568 1306 5632 audisset,
1337 5569 1612 5634 discessit,
1639 5569 1785 5624 sutli-

218 5650 329 5689 rere
369 5639 475 5691 sibi
507 5640 762 5707 inquiens
807 5655 1024 5695 versum
1080 5639 1265 5702 istum,
1301 5647 1361 5693 ut
1415 5639 1568 5692 illum
1623 5640 1782 5694 factis

217 5708 514 5780 exprimere
569 5709 898 5764 addisceret.
941 5711 1141 5763 Doctor
1175 5724 1301 5764 cum
1352 5725 1420 5765 eo
1469 5715 1784 5780 expostula-

221 5788 306 5844 ιιι,
338 5779 484 5847 quod
520 5793 645 5833 eum
700 5782 769 5835 ab
817 5796 883 5838 eo
915 5789 1162 5850 tempore
1216 5780 1346 5838 totis
1375 5795 1469 5836 sex
1503 5779 1787 5839 mensibus

1892 3208 2067 3252 ceret.
2091 3197 2194 3252 llic
2223 3198 2361 3252 ultra
2410 3201 2706 3267 nenaginta
2741 3215 2914 3256 annos
2945 3201 3149 3258 vixisse
3204 3205 3469 3275 perbibe-

1895 3299 2004 3352 tur,
2032 3304 2263 3358 quorum
2295 3290 2419 3358 plus
2461 3305 2625 3359 quam
2657 3290 2939 3346 dimidiam
2981 3304 3193 3364 partem
3246 3297 3304 3351 in
3355 3297 3468 3352 vita

1892 3381 2130 3436 solitaria
2160 3382 2443 3452 transegit.
2468 3382 2536 3437 Et
2570 3383 2891 3439 adolescens
2915 3385 3214 3441 admodum
3241 3391 3433 3457 sapien
3453 3420 3470 3432 ο
3571 3371 3574 3374 ’

1893 3476 1979 3531 tiae
2000 3476 2196 3532 studiis
2222 3476 2513 3531 excelluit:
2543 3485 2602 3531 et
2629 3477 2701 3532 ob
2726 3477 2778 3532 id
2811 3479 3285 3554 Παιδαριογέρων,
3309 3485 3467 3553 quasi

1888 3583 2122 3638 puerum
2180 3569 2406 3624 senilem
2453 3570 2627 3634 dicas.
2674 3587 2976 3642 cognomen
3000 3575 3262 3631 obtinuit.
3297 3577 3464 3634 Pres-

1889 3661 2069 3731 byteri
2095 3661 2410 3732 dignitatem
2437 3663 2907 3733 quadringenarias
2923 3669 3187 3738 suscepit.
3205 3670 3462 3727 Urbanus

1888 3769 2022 3808 vero
2052 3754 2308 3809 breviore
2364 3765 2613 3826 tempore
2646 3758 2717 3812 ad
2744 3761 2994 3815 eamdem
3029 3764 3280 3833 pervenit
3305 3766 3469 3839 704

1887 3845 2231 3916 dignitatem.
2287 3848 2558 3905 Exercitia
2587 3851 2809 3920 pietatis
2855 3856 3040 3910 omnia
3085 3857 3151 3911 ad
3183 3875 3463 3916 sunnnum

1883 3939 2148 4005 excoluit,
2181 3955 2303 4008 qua:
2335 3941 2532 4008 partim
2581 3943 2698 4012 ipse
2735 3946 2966 4015 invenit,
2997 3950 3193 4018 partim
3222 3965 3292 4005 ex
3343 3952 3468 4008 aliis

1887 4029 2071 4084 audita
2110 4030 2288 4085 modis
2319 4031 2576 4086 erunibus
2605 4034 2892 4109 absolvere
2923 4047 3010 4090 est
3036 4049 3288 4094 conatus.
3311 4042 3468 4096 Adeo

1887 4130 2070 4175 autem
2102 4132 2428 4176 extenuatus
2462 4131 2519 4178 et
2559 4127 2731 4178 macie
2761 4126 3048 4183 confectus
3074 4129 3197 4192 fuit,
3255 4144 3315 4186 ut
3354 4151 3467 4192 non

1886 4223 2033 4268 esset
2061 4213 2204 4267 unde
2247 4215 2340 4282 pili
2385 4215 2568 4270 barba:
2602 4230 3014 4275 excrescerent.
3055 4220 3119 4275 Et
3150 4223 3466 4296 zEgyptius,

1886 4322 2010 4360 cum
2064 4307 2375 4361 reverentia
2423 4309 2656 4379 quadam
2713 4317 3468 4377 austerum-Alexandrinus

1887 4408 2069 4452 autem
2111 4415 2238 4454 cum
2283 4401 2336 4454 in
2369 4402 2490 4457 aliis
2546 4404 2807 4460 erunibus
2857 4421 2958 4476 par
2993 4407 3250 4480 {Egyptio
3296 4421 3465 4476 esset,

1891 4491 1946 4544 in
1978 4491 2082 4546 hoc
2115 4500 2324 4545 tantum
2355 4493 2424 4546 ab
2463 4495 2556 4549 illo
2587 4497 2844 4560 variavit,
2879 4501 3028 4568 quod
3080 4501 3134 4554 in
3171 4503 3468 4574 colloquiis

1893 4582 2087 4636 hilaris
2109 4593 2166 4637 et
2190 4584 2489 4653 jucundus,
2533 4589 2758 4644 urbanis
2798 4591 3008 4646 salibus
3034 4604 3213 4658 utens,
3235 4596 3469 4666 juvenes

1889 4674 1958 4727 ad
2013 4675 2257 4729 studium
2295 4686 2350 4730 et
2377 4681 2830 4738 exercitationem
2883 4684 3106 4753 pietatis
3141 4687 3465 4743 adduceret.

1890 4766 2096 4822 ﬂorum
2129 4769 2435 4840 discipulus
2466 4771 2568 4827 fuit
2622 4775 2911 4846 Evagrius,
2945 4779 3091 4849 apud
3117 4797 3257 4850 quos
3287 4785 3468 4852 philo-

1890 4860 2096 4930 sOphiae
2129 4864 2423 4919 sanctioris
2468 4877 2742 4936 prmeepta
2775 4868 2936 4923 factis
2965 4872 3277 4940 exprimere
3318 4874 3466 4928 didi-

1890 4954 1984 5019 cit,
2012 4967 2135 5006 cum
2173 4963 2327 5010 antea
2359 4957 2542 5012 verbis
2576 4959 2706 5014 solis
2731 4963 3015 5031 sapientize
3066 4965 3311 5018 studium
3341 4983 3466 5036 pro-
3497 4989 3499 4991 ί

1888 5043 2066 5098 fessus
2098 5043 2312 5102 fuisset.
2352 5047 2559 5103 Eodem
2598 5065 2728 5104 vero
2759 5059 3002 5120 tempore
3029 5093 3044 5118 ,
3077 5063 3133 5106 et
3163 5055 3370 5110 eisdem
3411 5059 3463 5112 in

1889 5136 2043 5201 locis,
2069 5153 2194 5192 cum
2240 5139 2352 5194 illis
2405 5141 2776 5212 philosorrhati
2807 5152 2960 5208 sunt,
2997 5144 3324 5202 decantatus
3374 5148 3465 5204 ille

1890 5227 2095 5282 Pambo
2137 5229 2211 5301 (l)
2246 5246 2261 5282 :
2305 5240 2469 5300 atque
2500 5233 2594 5301 qui
2644 5234 2944 5302 angelicam
2979 5251 3228 5305 prorsus,
3259 5239 3304 5292 si
3341 5244 3467 5310 quis

1888 5375 1996 5413 non
2048 5359 2293 5414 vidisset.
2331 5362 2399 5414 At
2433 5361 3027 5432 Pamborespondeus
3065 5383 3080 5420 :
3117 5367 3275 5432 Quod
3325 5384 3468 5422 non-

1885 5432 2016 5484 dum
2067 5446 2124 5483 re
2168 5432 2282 5502 ipsa
2315 5446 2532 5502 versum
2587 5431 2822 5500 primum
2873 5431 3160 5490 assecutus
3207 5449 3376 5502 esset,
3408 5455 3467 5494 se

1886 5502 2189 5554 excusavit.
2232 5500 2384 5554 Multi
2423 5503 2790 5559 intercessere
2836 5507 2964 5558 anni
3003 5525 3016 5556 :
3050 5515 3103 5560 et
3139 5511 3314 5562 amico
3341 5500 3432 5561 cui

1887 5571 2012 5623 dam
2063 5570 2297 5638 roganti,
2335 5587 2465 5624 num
2503 5585 2721 5626 versum
2773 5590 2898 5628 eum
2934 5577 3330 5634 addidicisset?
3364 5578 3464 5633 Vix
3533 5583 3544 5590 ”

1889 5640 2296 5716 tairdetli,jait._
2322 5641 2513 5716 decem
2561 5653 2618 5695 et
2674 5658 2870 5716 novem
2934 5647 3114 5709 annis,
3144 5649 3306 5701 factis
3333 5655 3467 5716 ipsis

1886 5724 2012 5785 eum
2053 5709 2323 5785 addidici.
2356 5711 2548 5785 Eidem
2591 5714 2717 5767 auri
2752 5726 2968 5771 eertum
3017 5732 3314 5771 nurnerqu
3340 5709 3465 5785 qui-

1888 5781 2012 5835 dam
2053 5781 2106 5834 in
2129 5795 2432 5852 pauperum
2467 5783 2726 5840 alimenta
2753 5785 2926 5857 dedit,
2948 5796 3024 5854 et,
3051 5789 3288 5843 Numera
3313 5781 3460 5858 quod
