3934 6548
428 315 527 381 271

1625 314 2048 381 NICEPHORI
2089 315 2435 380 CALLIS’I‘I
3573 311 3685 372 Ξτὲ

430 436 592 495 alius,
625 438 680 485 et
727 430 843 500 ipse
911 429 1156 484 exercuit
1207 427 1372 483 vitam
1419 428 1648 484 Paesius
1691 428 1810 498 (l):
1869 428 2000 483 item

2122 447 2163 483 ξε
2225 430 2322 482 καὶ
2356 424 2781 496 Πουτουδάστης
2837 423 2933 478 καὶ
2974 421 3273 494 ’Λρσίσιος,
3310 421 3410 475 καὶ
3439 420 3468 474 ὁ
3504 423 3685 484 πολὺς

432 523 746 580 lleraclides
770 520 1026 583 Cronius,
1056 521 1416 592 Paphnutius.
1451 521 1801 584 l‘utubastes,
1828 523 1997 574 Arse-

432 617 567 679 sius,
601 624 658 669 ct
688 629 916 684 magnus
970 614 1259 682 Serapion.
1294 613 1558 668 Praeterea
1608 612 1848 683 Pityrlon
1884 611 1995 676 ille.

433 707 524 776 qui
547 719 722 761 tamen
744 706 894 771 alibi,
920 706 1062 776 apud
1091 705 1332 760 Athenas
1353 705 1624 768 videlicet,
1644 702 1995 765 ascetcrium,

433 814 527 852 seu
548 797 866 852 exercenda:
897 797 1165 865 religiosze
1189 795 1407 866 pietatis
1429 795 1766 848 domicilium
1789 793 1996 846 habuit.

436 893 662 961 Insuper
703 892 892 959 ingens
923 905 1141 960 quoque
1173 889 1263 942 ille
1314 887 1662 948 Pachomius,
1688 885 1780 953 qui
1811 885 1919 938 dux
1947 892 2003 938 et

436 991 630 1035 auctor
661 980 781 1033 vita:
816 979 1337 1034 'l‘abcnnesiotarum
1387 977 1554 1032 fuisse
1601 975 1824 1030 dicitur.
1852 973 2002 1028 Nova

437 1081 618 1126 autem
644 1071 888 1141 quzedam
928 1071 1034 1124 illis
1066 1080 1149 1125 est
1194 1070 1317 1124 vita:
1376 1070 1515 1123 ratio
1543 1109 1557 1132 ,
1591 1069 1645 1122 in
1677 1067 2000 1137 quibusdam

430 1163 648 1218 Erebusa
681 1161 910 1231 reliquis
958 1162 1241 1216 monachis
1265 1161 1543 1215 evarians.
1571 1158 1826 1214 Animum
1856 1157 2003 1212 enim

437 1252 730 1306 assuefaeit
763 1251 827 1305 ad
849 1251 1108 1305 virtutem
1139 1252 1404 1321 aspirare,
1439 1261 1496 1305 et
1532 1261 1749 1304 terrena
1784 1248 2001 1319 procul-

435 1359 563 1398 care
587 1353 639 1398 et
683 1358 898 1397 sursum
938 1343 1211 1412 respicere
1247 1359 1465 1412 semper
1499 1357 1516 1396 :
1549 1351 1605 1396 ut
1635 1340 1792 1396 facile
1847 1339 2007 1394 dein-

2102 520 2383 589 Σεραπίων
2407 536 2419 548 °
2453 519 2588 590 πρὸς
2639 518 2696 570 δέ
2733 517 3010 586 Τιτυρίων
3041 518 3268 578 ἐκεῖνος,
3299 513 3361 578 δς
3406 512 3687 582 ἀλλαχοῦ,

2102 613 2233 682 παρ’
2283 610 2590 680 ’Δθηναίοις
2615 608 2838 680 δηλαδὴ,
2877 609 2937 661 τὸ
2968 607 3307 677 άσκητήριον
3331 602 3483 674 εἶχε*
3521 606 3628 657 καὶ
3658 605 3690 658 δ

2102 705 2271 766 πολὺς
2295 704 2502 766 ἐκεῖνος
2539 703 2854 772 Παχώμιος,
2905 701 2966 754 δν
3009 699 3281 769 κατάρξαι
3328 700 3425 751 καὶ
3463 699 3690 767 ἡγήσα-

2107 795 2231 848 σθαι
2262 794 2363 862 τῆς
2393 795 2503 847 τῶν
2537 795 3004 864 Ταϐεννησιωτῖν
3024 792 3236 861 διαίτης
3271 794 3366 844 καὶ
3391 791 3692 851 πολιτείας

2103 887 2285 953 λόγος.
2324 885 2494 956 Καινη
2526 886 2582 938 δέ
2612 903 2692 946 τις
2716 881 2780 955 ἢν
2811 885 3038 948 ἐκείνοις
3074 885 3106 954 ἡ
3139 886 3385 936 πολιτεία
3463 882 3523 935 έν
3571 898 3690 933 τισι

2108 979 2568 1050 παραλλάττουσα
2595 978 2704 1031 τῶν
2738 976 2942 1030 λοιπῶν
2988 976 3262 1046 μοναχῶν·
3300 975 3449 1044 ψυχῇ
3486 973 3689 1044 μέντοι

2107 1069 2228 1132 ἔθος
2258 1069 2468 1122 ἐνιεῖσα
2521 1071 2658 1139 πρὸς
2718 1068 2920 1139 ἀρετὴν
2970 1066 3255 1137 αίρεσθαι,
3297 1066 3392 1118 καὶ
3441 1065 3512 1116 τὰ
3552 1062 3693 1129 περὶ

2104 1164 2209 1232 γῆν
2239 1163 2298 1216 ἐν
2327 1161 2564 1232 δευτέρῳ
2617 1165 2818 1227 ποιεῖν,
2848 1164 2962 1215 ἂνω
2990 1162 3046 1214 δὲ
3080 1161 3304 1231 βλέπειν
3347 1160 3436 1213 ἀεί
3456 1174 3470 1188 °
3503 1159 3593 1221 ὡς
3624 1159 3693 1210 ἄν

2107 1253 2161 1322 γ’
2209 1255 2266 1308 ἐν
2299 1255 2554 1327 ῥᾳστώνῃ
2597 1255 2683 1323 εἴη
2714 1254 2852 1322 πρὸς
2901 1255 2994 1306 τὸν
3032 1253 3286 1324 οὐράνιον
3318 1252 3541 1322 ἀφορᾷ-ι
3583 1247 3695 1319 χιτ-

2112 1365 2225 1417 ρον,
2261 1349 2414 1400 κάτω
2464 1364 2570 1400 που
2614 1347 2924 1416 τιθεμένοις
2975 1345 3068 1399 τὸν
3100 1347 3252 1416 χοῦν.
3287 1345 3537 1414 Μηλωτὴ
3579 1344 3696 1411 γὰρ

433 1449 567 1502 ceps
596 1435 665 1488 sit
689 1434 968 1503 pulverem
999 1435 1145 1488 hunc
1171 1433 1602 1503 deponentibns,
1639 1433 1694 1487 in
1726 1431 2006 1487 caelestem

2122 1436 2178 1512 ἣν
2211 1440 2438 1500 ἐκείνοις
2496 1440 2558 1491 τὸ
2612 1439 2854 1508 ἔνδυμα·
2890 1438 3164 1507 σύμὸολον
3216 1435 3371 1507 οἶμαι
3427 1437 3536 1504 τῆς
3593 1433 3694 1487 τοῦ

440 1527 730 1596 pervenire
777 1527 1076 1595 regionem.
1121 1525 1404 1595 Siquidem
1463 1525 1846 1580 indumentum
1901 1523 2010 1577 illis

2122 1529 2374 1583 Βεσδίτου
2408 1529 2661 1596 γενναίας
2699 1528 2837 1598 πρὸς
2858 1530 2926 1581 τὰ
2955 1527 3244 1597 ἀφροδίσια
3298 1525 3392 1580 καὶ
3423 1527 3531 1587 τὰς
3569 1526 3697 1575 ἐπι·-

441 1630 562 1674 erat
625 1619 824 1674 melota
869 1633 964 1673 seu
1009 1617 1170 1688 pellis
1218 1616 1379 1672 ovilla
1419 1636 1432 1672 :
1488 1616 1795 1688 symbolum
1845 1625 2010 1683 atque

2122 1622 2316 1692 θυμίας
2376 1620 2686 1691 συντήξεως
2733 1621 2828 1674 καὶ
2875 1620 3197 1689 νεκρὼσεως
3226 1634 3242 1648 ο
3294 1619 3425 1680 ἴσως
3471 1616 3533 1669 δὲ
3595 1616 3698 1668 καὶ

443 1719 881 1775 monumentum,
916 1720 977 1764 ut
1017 1710 1236 1779 opinor,
1270 1725 1548 1780 generosae
1576 1718 1632 1766 ct
1658 1711 1814 1766 fortis
1861 1709 2008 1766 illius

2122 1714 2262 1784 ζήλῳ
2290 1713 2402 1767 τῶν
2435 1715 2567 1768 ῑσων
2601 1712 2793 1782 ἐκείνῳ
2824 1712 3082 1776 ἐλπίδων,
3113 1711 3252 1782 πρὸς
3280 1713 3340 1763 τὸ
3373 1710 3699 1778 σωφρονεῖν

443 1802 614 1857 Heliae
631 1802 936 1872 Theshytaa,
960 1803 1036 1856 rei
1060 1803 1314 1876 Venet-ea:
1341 1804 1868 1874 etconcupiscentize
1896 1819 2011 1858 ma-

441 1895 736 1948 cerationis
761 1903 924 1962 atque
955 1893 1424 1961 mortiﬁcationis,
1458 1905 1518 1950 ut
1563 1895 1910 1950 aemulatione
1958 1903 2013 1951 et

2122 1900 2170 1953 tv
2193 1900 2458 1969 Αἰγύπτῳ
2493 1899 2745 1969 μοναχῶν
2779 1897 3169 1968 περιδλήματα
3198 1896 3355 1964 λόγος
3391 1895 3510 1964 εχει
3554 1892 3702 1962 πρός

445 1986 641 2039 ardore
673 1985 918 2054 ejusdem
949 2001 1074 2040 cum
1107 1987 1198 2040 illo
1259 1987 1373 2057 spei
1422 1987 1488 2041 ad
1537 1987 1926 2042 continentiam
1958 1998 2014 2043 et

2122 2006 2165 2042 τι
2220 1989 2542 2058 φιλοσοφίας
2599 1989 2914 2058 ὑπόδειγμα
2960 1988 3217 2057 ἀφορᾷν·
3263 1985 3399 2056 μηδέ
3457 1985 3582 2052 γὰρ
3632 1984 3702 2035 ἂν

2117 1807 2349 1877 ἑτοίμως
2375 1807 2594 1876 χωρεῖν.
2628 1807 2704 1858 Οὐ
2733 1806 2841 1876 μὴν
2867 1805 2925 1858 δὲ
2951 1803 3089 1858 ἀλλὰ
3118 1807 3214 1858 καὶ
3244 1804 3313 1856 τὰ
3342 1802 3450 1857 τῶν
3477 1802 3576 1854 ἐτέ
3584 1817 3701 1871 ρων
3789 1802 3795 1808 ’

444 2079 752 2133 castitatem
780 2091 1004 2133 strenue
1038 2095 1438 2150 grassarentur.
1470 2079 1738 2134 Caeterum
1777 2081 2016 2149 reliquo-

444 2183 570 2223 rum
605 2185 822 2240 quoque
873 2169 1250 2241 Egyptiorum
1316 2172 1708 2226 monachorum
1760 2174 2012 2237 amictus,

448 2271 510 2315 ut
538 2261 724 2330 opinio
769 2261 894 2326 fert,
915 2263 981 2315 ad
1029 2263 1338 2330 exemplum
1371 2263 1590 2331 aliquod
1625 2273 1680 2318 et
1734 2263 2013 2332 specimen

445 2355 749 2410 arcanioris
781 2355 1139 2425 philosOphiie
1179 2365 1409 2426 spectat.
1461 2356 1577 2412 Non
1611 2357 1756 2412 enim
1814 2359 1887 2411 illi
1931 2368 2015 2412 te-

449 2459 603 2500 mere
627 2460 656 2499 a
686 2446 965 2500 communi
1010 2446 1196 2500 habitu
1219 2445 1477 2500 vestitum
1519 2463 1678 2500 suum
1712 2457 2013 2503 mutavere.

448 2537 759 2590 Amiculum
792 2551 1026 2606 namque
1058 2537 1285 2592 manicis
1315 2551 1528 2604 carens,
1559 2539 1822 2594 indicium
1851 2548 2016 2610 atque

453 2628 854 2682 institutionem
889 2644 1010 2682 esse
1040 2629 1303 2695 arbitror,
1329 2645 1397 2684 ne
1436 2645 1630 2686 manus
1661 2632 1728 2685 ad
1763 2633 2014 2701 injuriam

451 2721 792 2775 inferendam
848 2722 1031 2777 faciles
1058 2724 1199 2787 sint,
1238 2733 1292 2775 et
1326 2731 1606 2793 promptae.
1644 2723 1855 2792 Capitis
1882 2740 2014 2778 vero

451 2823 668 2882 tegmen
696 2813 1088 2877 acnminatum,
1131 2825 1191 2869 ut
1231 2815 1509 2883 simplices
1538 2815 1669 2880 sint,
1697 2825 1753 2870 et
1787 2816 2019 2886 injurias

453 2919 565 2958 non
597 2905 896 2967 vindicent,
927 2920 1174 2973 pureque
1209 2914 1264 2958 et
1316 2905 1636 2960 innocenter
1665 2908 1890 2962 vivant:
1936 2907 2018 2960 la-

453 2997 718 3051 ctentium
776 3011 1072 3064 puerorum
1134 2995 1330 3060 instar,
1374 3013 1610 3067 quorum
1640 2999 1816 3066 capita
1867 2999 2019 3066 ejus-

2115 2079 2308 2146 οὕτως,
2342 2081 2418 2144 ὡς
2452 2082 2612 2150 ἔτυχε
2634 2121 2649 2144 ,
2682 2081 2782 2150 τῆς
2823 2081 2932 2132 τῶν
2981 2079 3196 2132 πολλῶν
3249 2076 3527 2144 ἀναϐολῆς
3594 2091 3705 2127 πα-

2118 2173 2467 2244 ραλλάσσειν.
2501 2173 2576 2225 Τὸ
2609 2173 2708 2241 μὲν
2737 2171 2848 2242 γὰρ
2877 2171 3236 2241 ἀχειρίδωτον
3283 2168 3490 2236 ἐνδυμα
3529 2163 3704 2234 οῐμσί

2119 2281 2222 2317 που
2254 2264 2536 2334 παίδευμα
2589 2259 2730 2316 εἶναι
2785 2262 2860 2332 μὴ
2910 2263 3008 2322 τὰς
3052 2263 3240 2330 χεῖρας
3291 2259 3484 2328 ῥᾳδίας
3544 2256 3705 2325 ἔχειν

2117 2356 2252 2424 πρὸς
2281 2355 2460 2424 ὓδρινο
2511 2355 2572 2406 τὺ
2624 2353 2682 2406 δὲ
2727 2355 2827 2422 τῆς
2876 2352 3126 2420 κεφαλῆς
3174 2351 3446 2417 κάλυμμα
3477 2350 3567 2408 εἰς
3602 2346 3704 2410 ὀξὺ

2114 2450 2305 2517 λῆγον,
2341 2447 2472 2500 ὥσθ’
2521 2447 2732 2509 ἁπλοῦς
2787 2441 2932 2499 εἶναι
2962 2446 3058 2497 καὶ
3099 2444 3174 2514 μὴ
3208 2441 3520 2512 ἀμύνεσθαι
3548 2481 3565 2501 ,
3601 2456 3706 2492 κα-

2118 2541 2300 2610 θαρῶς
2331 2539 2388 2592 δέ
2429 2540 2527 2592 καὶ
2555 2537 2832 2608 ἀκεραίως
2865 2536 3039 2606 βιοῦν,
3074 2537 3270 2604 ἐπίσης
3299 2536 3409 2597 τοῖς
3448 2533 3705 2603 γάλακτι

2115 2632 2476 2704 τρεφομένοις
2527 2632 2744 2694 παισὶν,
2797 2623 2878 2691 οἷς
2903 2628 3057 2697 φίλον
3096 2626 3371 2684 τοιαύταις
3397 2624 3459 2687 ἐξ
3494 2623 3704 2691 ὀθόνης

2115 2728 2330 2796 τιάραις
2382 2723 2782 2786 καλύπτεσθαι,
2823 2721 2880 2774 αῖ
2918 2722 2979 2773 τὸ
3028 2719 3368 2790 ἡγεμονικὸν
3413 2714 3704 2768 σκέπουσι

2117 2834 2177 2869 τε
2209 2817 2324 2886 ἅμα
2365 2817 2461 2868 καὶ
2491 2814 2943 2884 περιθάλπουσιν.
2997 2814 3062 2866 Ἡ
3106 2813 3164 2865 δὲ.
3191 2811 3334 2880 ζώνη
3369 2811 3464 2862 καὶ
3495 2811 3524 2862 ὁ
3568 2809 3705 2871 τοὺς

2119 2907 2304 2978 ὤμους
2334 2907 2638 2979 διατρέχων
2673 2906 2968 2968 ἁναδολεὺς
3004 2906 3101 2959 καὶ
3131 2903 3428 2974 βραχίονας
3457 2903 3524 2954 τὸ
3554 2901 3708 2953 itot-

2126 3019 2226 3071 μον
2271 3001 2352 3061 είς
2394 2998 2675 3052 διακονίαν
2725 2996 2861 3049 Θεοῦ
2905 2998 3316 3058 ὑπαινίσσεται,
3353 2994 3450 3046 καὶ
3480 2986 3560 3045 ὧν
3597 3009 3709 3044 πα-

455 3089 599 3143 modi
628 3089 788 3142 lineis
840 3089 1014 3142 mitris
1055 3087 1258 3156 operiri
1297 3089 1508 3151 solent,
1545 3106 1666 3158 quae
1697 3100 1902 3158 partem
1935 3103 2020 3142 ra—

2130 3091 2486 3163 ρακελεύεται
2558 3093 2660 3156 τὴν
2716 3088 3114 3157 ἐκπλήρωσιν,
3185 3087 3437 3151 εὐζώνως
3493 3084 3704 3138 τελεῖν.

451 3180 623 3232 tionis
648 3179 1014 3247 principatum
1042 3178 1444 3248 imperiumque
1477 3180 1814 3233 obtinentem
1835 3190 2019 3250 tegunt

450 3279 618 3339 atque
644 3269 846 3323 fovent.
881 3268 1040 3338 705
1073 3268 1219 3322 Zona
1250 3279 1509 3338 porro,ct
1538 3285 1660 3340 quae
1689 3271 1947 3326 humeros
1966 3283 2022 3326 et

455 3361 679 3414 brachia
707 3359 1017 3428 comprimit
1042 3361 1310 3417 cinctura.
1341 3367 1646 3428 promptam
1682 3359 2020 3413 alacritatem

451 3453 512 3507 in
579 3453 883 3505 ministerio
939 3450 1033 3503 Dei
1079 3448 1419 3518 subobscure
1477 3449 1730 3504 indicat:
1791 3459 1849 3503 ut
1903 3467 2023 3518 quae

459 3543 910 3612 adimplerejussi
941 3550 1093 3604 sunt,
1125 3540 1392 3595 succincti
1437 3541 1738 3610 perliciant.
1775 3541 2024 3597 Fortasse

444 3649 640 3692 autem
701 3637 791 3688 alii
831 3634 962 3688 alias
1008 3632 1346 3688 reddiderint
1399 3633 1637 3687 rationes
1697 3635 2016 3690 monasticae

461 3725 818 3796 philosophiae
861 3723 1138 3792 appositas
1175 3738 1189 3776 :
1240 3721 1372 3776 mihi
1415 3721 1533 3776 hzec
1565 3721 1769 3777 dixisse
1804 3732 1889 3778 sat
1916 3734 2020 3778 est.

452 3820 536 3872 'De
580 3815 873 3872 Pachomio
901 3830 1030 3868 vero
1063 3814 1301 3877 dicitur,
1331 3828 1454 3870 cum
1496 3815 1733 3884 primum
1761 3815 1814 3869 in
1865 3827 2025 3870 antro

462 3909 700 3979 quodam
759 3916 1074 3962 constanter
1106 3907 1465 3976 philosOpbite
1507 3905 1637 3962 huic
1663 3907 2023 3973 incumberet,

454 4003 516 4054 ei
565 4001 816 4070 angelum
856 3999 1076 4053 caelitus
1107 3999 1453 4052 assisteutem
1485 4000 1797 4064 mandasse,
1830 4010 1890 4054 ut
1926 4017 2028 4055 no-

365 4122 367 4124 -
465 4108 590 4146 vum
644 4091 1034 4145 monachorum
1067 4101 1268 4144 coetum
1302 4101 1542 4160 cogeret.
1573 4090 1839 4160 Oportere
1877 4107 2031 4145 nam-

463 4202 570 4254 que
591 4201 716 4238 eum
742 4185 833 4253 qui
873 4186 974 4237 rite
1002 4185 1269 4236 veriorem
1306 4181 1780 4251 irreprehensihili
1805 4182 1912 4234 vita
1941 4196 2030 4234 re-

465 4283 818 4345 prmsentaret
836 4272 1264 4342 philosophiam,
1278 4270 1472 4326 ducem
1495 4270 1812 4334 multorum,
1832 4271 2032 4339 quibus

466 4368 726 4437 prodesse
757 4376 960 4435 posset,
1017 4364 1153 4429 ﬁeri,
1205 4380 1411 4434 eosque
1435 4365 1603 4419 certis
1631 4363 1920 4417 instituere
1954 4362 2032 4417 le-

2127 3187 2287 3246 Ίσως
2339 3183 2382 3236 δ’
2446 3184 2513 3236 ἂν
2582 3187 2679 3236 καὶ
2729 3180 2884 3234 ἁλλοι
2932 3180 3122 3242 ἄλλους
3192 3179 3440 3234 ἀποδοῖεν
3499 3177 3707 3246 λόγους

2121 3279 2500 3347 προσήκοντας
2546 3273 2624 3342 τῷ
2673 3273 3025 3342 φιλοσοφεῖν·
3082 3273 3207 3340 ἐμοὶ
3255 3273 3300 3325 δ’
3351 3271 3582 3340 ἀπόχρη
3617 3288 3708 3323 το·

2124 3371 2316 3425 σοῦτον
2346 3370 2546 3422 εἰπεῖν.
2580 3369 2716 3438 Περὶ
2741 3367 2798 3420 δέ
2831 3366 3150 3436 Παχωμίου,
3179 3364 3340 3433 λόγος
3370 3367 3557 3433 ἄντρῳ
3591 3364 3708 3415 τινί

2124 3465 2340 3536 πρῶτον
2376 3461 2830 3531 προσκαρτερεῖν,
2882 3459 3210 3528 σχολάζοντα
3252 3455 3331 3525 τῷ
3354 3455 3705 3525 φιλοσοφεῖ»

2124 3555 2353 3626 ἄγγελον
2381 3555 2425 3607 δ’
2449 3552 2742 3623 οὐρανόθεν
2786 3553 3087 3604 ἐπιστάντα
3108 3590 3122 3614 ,
3157 3550 3405 3603 νεολαίαν
3435 3549 3708 3614 ἀθροῖσαι

2125 3641 2641 3713 παρακελεύσασθαι
2697 3640 2989 3710 μοναχῶν,
3045 3640 3138 3693 καὶ
3203 3641 3439 3692 συνεῖναι
3484 3639 3706 3699 αὐτοῖς.

2126 3733 2218 3785 Δεῖ
2247 3747 2306 3782 σε
2345 3731 2474 3801 γὰρ,
2526 3717 2682 3799 φησὶ,
2728 3728 2907 3790 καλῶς
2940 3728 3038 3798 τὴν
3071 3726 3248 3797 ἀληθῆ
3289 3726 3710 3797 κατωρθωκότα

2126 3824 2464 3892 φιλοσοφίαν,
2498 3821 2851 3891 καθηγεμόνα
2896 3820 3105 3874 πολλῶν
3155 3819 3428 3887 γενέσθαι,
3463 3819 3712 3888 δυνάμε-

2128 3929 2217 3966 νον
2274 3911 2530 3980 ὠφελεῖν,
2585 3912 2679 3964 καὶ
2734 3909 2964 3963 τοιοῖσδε
3024 3909 3211 3973 νόμοις
3267 3908 3424 3976 ἄγειν
3473 3909 3710 3970 αὐτούς.

2128 4002 2313 4057 Ταῦτα
2353 4005 2546 4072 λέγων,
2584 4003 2764 4056 δέλτον
2802 4003 2953 4072 αὐτῷ
3005 4001 3323 4071 ἐνεχείριζε,
3354 4001 3449 4053 καὶ
3501 4001 3712 4054 ἐαυτιν

2128 4093 2454 4164 παρεδείκνυ
2487 4094 2558 4155 ὠς
2601 4089 2710 4161 εἶχε
2745 4093 2934 4162 στολῆς
2961 4108 2976 4123 ·
3019 4091 3056 4145 ἃ.
3091 4093 3154 4161 δὴ
3187 4093 3282 4144 καὶ
3314 4092 3370 4154 ἐς
3401 4089 3570 4160 δεῦρο
3602 4107 3713 4158 φυ-

2129 4182 2403 4234 λάττεται.
2445 4182 2676 4250 Ἑνῆσαν
2737 4181 2794 4234 δι
2849 4184 2915 4251 τῇ
2947 4182 3130 4250 γραφῇ
3177 4179 3254 4242 ὡς
3283 4181 3340 4232 ὲν
3375 4179 3711 4249 προστάξει,

2129 4271 2376 4324 ἀνεῖσθαι
2407 4274 2572 4322 παντὶ
2627 4274 2824 4341 φαγεῖν
2878 4271 2976 4324 καὶ
3032 4272 3178 4324 πιεῖν
3219 4270 3317 4322 καὶ
3341 4270 3709 4336 ἐργάζεσθαι,

2131 4364 2204 4424 ὠέ
2237 4365 2451 4432 ἑκάστῳ
2495 4363 2725 4432 δύναμίς
2760 4367 2879 4416 ἐστι
2909 4363 3004 4415 καὶ
3026 4362 3370 4434 προαίρεσις.
3417 4361 3713 4425 Ὡσαύτως

465 4461 644 4529 gibus.
675 4457 769 4511 llis
802 4459 892 4512 ille
922 4457 1101 4522 dictis,
1134 4456 1372 4512 tabulam
1403 4457 1451 4511 ei
1477 4456 1650 4522 dedit,
1681 4465 1735 4510 et
1765 4457 2020 4524 scipsum,

2133 4456 2190 4508 δὲ
2234 4456 2330 4508 καὶ
2369 4455 2652 4522 νηστεύειν
2689 4455 2785 4507 καὶ
2839 4456 2932 4524 μὴ’
2978 4456 3072 4508 καὶ
3126 4457 3239 4517 τοῖς
3289 4455 3386 4523 μιν
3430 4455 3569 4507 πολὺ
3615 4453 3716 4508 καὶ

469 4563 528 4605 ut
558 4552 695 4604 stola
729 4551 952 4603 indutus
986 4548 1182 4614 fuerat,
1232 4549 1500 4605 exhibuit.
1535 4547 1666 4614 Quae
1693 4563 1824 4602 sane
1849 4548 2033 4601 tabula

467 4645 534 4695 ad
559 4642 888 4696 hodiernum
926 4655 1096 4709 usque
1134 4641 1280 4694 diem
1321 4649 1593 4692 servatur.
1626 4639 1680 4690 In
1715 4653 1782 4692 eo
1809 4638 2032 4706 scripto,

466 4737 616 4804 leges
651 4732 1052 4802 prtescribentis
1079 4747 1253 4794 more,
1283 4731 1592 4798 expositum
1618 4739 1759 4794 erat,
1795 4729 2033 4798 permitti

468 4827 671 4879 debere
725 4825 1043 4890 nnfcuique,
1099 4837 1156 4876 ut
1200 4831 1466 4889 quantum
1510 4828 1694 4887 posset
1745 4827 1802 4872 et
1848 4817 2033 4879 vellet,

469 4917 682 4976 ederet,
738 4914 971 4972 biberet,
1009 4919 1327 4980 operaretur
1360 4926 1374 4962 :
1419 4918 1583 4976 atque
1631 4907 1818 4960 itidem
1854 4918 1911 4959 ut
1939 4923 2036 4976 pro

469 5009 702 5062 arbitrio
753 5021 853 5058 suo
899 5004 1193 5074 jejunaret,
1247 5008 1341 5051 aut
1375 5014 1482 5051 non
1529 4998 1823 5066 jejunaret.
1877 4997 1943 5051 Et
1981 5008 2038 5052 ut

472 5099 708 5152 validius
735 5095 920 5148 cibum
963 5088 1334 5158 capientibus,
1357 5087 1608 5142 duriores
1644 5086 1858 5141 labores
1893 5104 1904 5138 :
1944 5091 2035 5154 qui

470 5208 602 5245 vero
661 5189 880 5258 parcius
925 5179 1204 5236 alimentis
1247 5188 1570 5240 uterentur.
1612 5190 1667 5235 et
1698 5181 1763 5233 ad
1822 5182 2040 5250 pietatis

471 5396 660 5446 datum
712 5402 816 5453 est,
871 5389 1067 5457 inquit.
1095 5385 1232 5439 Tum
1269 5386 1354 5457 ille
1386 5403 1399 5438 :
1430 5385 1670 5439 Numero
1721 5385 1822 5457 hac
1880 5386 1930 5438 in
1984 5402 2040 5441 re

469 5479 612 5529 ιψιις
647 5478 752 5513 non
783 5468 886 5519 est,
921 5455 1016 5511 sed
1043 5457 1210 5529 animi
1233 5456 1531 5529 patres-tione
1561 5457 1648 5524 pia
1678 5467 1763 5529 et
1785 5455 2037 5529 benigna.

343 5554 368 5565 ο
476 5526 654 5599 (Socr.
693 5531 784 5582 lib.
827 5545 900 5588 tv.
931 5543 1051 5594 cap.
1085 5526 1201 5594 25.)
1230 5527 1374 5580 Idem
1410 5526 1610 5599 Pantho
1641 5526 1719 5599 ab
1743 5526 2042 5599 Athanasio

469 5596 732 5669 episcopo
783 5608 1150 5669 evocatus.“
1196 5612 1382 5669 eremo
1431 5596 1813 5669 Alexandriam
1869 5598 2038 5669 venit.

473 5667 550 5725 lbi
583 5669 798 5724 scenica
823 5668 1224 5738 gesticulatrice
1248 5668 1384 5732 visa,
1405 5667 1612 5738 prolixe
1646 5667 1821 5738 illacr)
1842 5668 2039 5738 movit:

469 5757 526 5796 et
581 5742 772 5796 amicis
822 5736 983 5794 fletus
1032 5753 1250 5794 causam
1307 5737 1731 5807 inquirentibus,
1770 5736 2040 5804 duplicem

2138 4544 2436 4615 ρωμαλέως
2471 4543 2713 4598 ἐσθίουσι
2768 4546 2837 4598 τὰ
2893 4546 3171 4616 βαρύτερα
3223 4546 3546 4616 ἐπιτρέπειν
3596 4547 3714 4605 τῶν

2137 4635 2332 4706 ἔργων·
2367 4635 2466 4688 ὅσα
2507 4636 2565 4688 δέ
2600 4635 2779 4704 κοῦφα
2825 4637 2920 4688 καὶ
2949 4637 3140 4707 ῥᾴδια,
3173 4639 3283 4698 τοῖς
3320 4633 3483 4707 ἦττον
3528 4642 3714 4708 τροφῇ

2137 4727 2476 4797 χρωμένοις,
2531 4731 2623 4783 καὶ
2658 4730 2794 4798 πρὸς
2833 4729 3068 4798 ἄσκησιν
3099 4729 3574 4800 διεγηγερμένοις.
3610 4729 3714 4786 0i-

2137 4819 2259 4880 κὶας
2304 4817 2361 4871 δὲ
2394 4818 2600 4888 σεμνὰς
2633 4818 2949 4890 περικύκλῳ
2975 4816 3113 4872 εἶναι
3143 4819 3346 4882 αὐτοῖς·
3375 4819 3462 4887 ἐφ’
3498 4821 3716 4891 ἑκάστῃ

2136 4913 2192 4964 δὲ
2243 4916 2390 4983 τρεῖς
2437 4913 2786 4982 καταμένειν.
2836 4914 2948 4982 Τήν
2990 4929 3049 4981 γε
3085 4913 3194 4981 μὴν
3243 4913 3448 4982 τροφὴν
3476 4913 3584 4966 ὑπὸ
3613 4914 3717 4966 ’ἐνα

2139 4997 2290 5056 οἷκον
2334 5005 2585 5072 ἐπιμήκη
2637 5004 2817 5064 αὐτοῖς
2869 5003 3116 5068 γίνεσθαι
3149 5002 3481 5068 διετάττετο,
3526 5005 3626 5055 καὶ
3655 5005 3718 5055 ἐν
3799 5063 3802 5066 ,

2142 5094 2296 5162 βαθεῖ
2339 5094 2552 5164 σιωπῆς
2609 5095 2950 5162 καθημένους
2998 5095 3224 5158 ἐσθίειν,
3257 5095 3716 5164 καλυπτομένους

2139 5187 2209 5238 τὰ
2244 5185 2531 5255 πρόσωπα,
2567 5185 2642 5249 ὡς
2675 5189 2809 5256 μήτε
2840 5186 3099 5254 ἀλλήλους
3142 5189 3296 5258 ὀρᾷν,
3335 5186 3456 5256 μηδ’
3488 5185 3620 5239 ἄλλο
3659 5202 3715 5237 τι

2143 5405 2263 5444 esse
2319 5391 2600 5458 respondit
2637 5407 2648 5442 :
2681 5389 2939 5451 alteram,
2988 5389 3328 5444 muliercula:
3383 5391 3556 5457 ipsius
3597 5391 3717 5442 exi-

2145 5471 2280 5512 ιιιιιη
2317 5477 2331 5512 :
2365 5460 2789 5527 alteram,quod
2852 5462 2965 5526 ipse
3019 5476 3126 5512 non
3184 5469 3397 5513 tantmn
3440 5461 3608 5513 studii
3656 5464 3715 5512 in

2145 5530 2250 5582 hoc
2285 5529 2624 5598 impenderet
2666 5539 2727 5598 ut
2767 5529 2873 5582 Deo
2907 5529 3166 5597 placeret,
3212 5541 3484 5597 quantum
3527 5532 3613 5584 illa
3655 5539 3718 5583 ut

2146 5597 2460 5652 hominibus
2493 5599 2650 5652 lmdis
2685 5597 2940 5661 placeret.
2974 5598 3164 5661 (Idem,
3192 5600 3344 5668 ibid.)
3527 5622 3538 5632 ·

2215 5672 2288 5738 t2;
2325 5669 2481 5724 llnnc
2516 5669 2732 5724 Βοιοιιι.
2768 5685 2873 5722 non
2904 5670 3069 5724 habet
3097 5670 3194 5724 lib.
3229 5684 3316 5735 ιιι,
3346 5685 3471 5740 cap.
3506 5669 3592 5725 ll.
