3928 6554
231 502 316 563 2'3

1112 507 1715 572 ECCLESIASTICIE
1747 514 2136 579 HISTOerE
2178 521 2319 586 LIB.
2366 525 2466 584 ΙΧ.

3332 531 3398 592 (ἐὶῖ
3408 529 3456 591 47

228 625 348 694 πλὴν
365 623 460 693 τῆς
487 621 766 693 τραπέζης
806 626 900 677 καὶ
932 625 1038 678 τῶν
1067 628 1547 698 παρατιθεμένων.
1580 629 1759 684 ’Δλλό-

1863 637 2187 693 exercitium
2243 640 2586 696 incitatiorcs
2649 652 2839 696 essent
2892 642 3022 710 (l),
3080 643 3231 698 leves
3287 656 3468 713 atque-

226 733 403 789 σχημον
441 715 502 767 δὲ
544 715 618 786 μὴ
665 715 769 782 τῆς
821 717 997 786 αὐτῆς
1038 721 1318 772 κοινωνεῖν
1359 720 1681 791 τραπέζης,
1711 725 1763 775 sl

229 814 292 881 μή
329 807 421 860 πού
466 823 552 870 τις
606 808 928 878 παροδεύων
959 811 1339 882 ἐπιξενωοείη.
1370 813 1669 882 Συμϐόλοις
1705 815 1763 867 δέ

228 918 317 954 τισι
341 899 736 967 κτυπουμένοις
791 900 852 951 τὸ
913 901 1052 969 πρὸς
1103 903 1294 972 χρείαν
1345 896 1760 976 διασημαίνειν*

222 995 249 1064 ἦ
279 991 495 1058 νεύμασι
523 992 649 1054 ταῖς
675 992 999 1058 τραπέζαις,
1055 995 1186 1064 παρ’
1218 989 1262 1062 ᾧ
1300 995 1456 1067 λάχοι
1477 1036 1494 1058 .
1539 999 1764 1052 ἐπιστα-

221 1086 334 1136 τεῖν.
362 1083 415 1135 Ei
451 1082 506 1135 δέ
536 1099 620 1144 τις
660 1082 887 1148 ἐκείνοις
915 1085 1090 1139 ’ἐλοιτο
1124 1092 1418 1152 συνοικεῖν,
1464 1090 1557 1142 ἐπὶ
1582 1091 1762 1161 τρισὶν

220 1175 453 1236 ἐνιαυτοῖς
496 1174 791 1244 πρότερον,
835 1178 1029 1247 μικρὸν
1063 1178 1426 1249 ἠλλοιωμένος
1461 1181 1518 1234 τὸ
1551 1183 1760 1253 σχῆμα,

221 1269 276 1321 τὰ
298 1266 393 1318 τῶν
426 1265 604 1336 ἔργων
655 1267 872 1338 ἐργώδη
934 1269 1233 1324 διαπονεῖν·
1285 1274 1382 1327 καὶ
1425 1273 1601 1338 οὕτως
1654 1277 1763 1329 τῶν

219 1360 326 1410 ίσων
348 1359 596 1426 μετέχειν
648 1361 1216 1430 μυσταγιυγοὺμενος.
1265 1363 1506 1431 Ἰμάτιον
1551 1362 1762 1422 δἐἶναι

220 1448 347 1516 αὑτῷ
394 1449 663 1518 διφθέραν
692 1471 703 1482 ·
761 1455 854 1505 καὶ
911 1455 968 1520 ἐξ
1031 1458 1181 1526 ἐρίου
1211 1460 1408 1530 τιάραν
1445 1463 1511 1530 τῇ
1548 1462 1760 1534 κεφαλῇ

216 1541 520 1608 σκέπασμαο
557 1541 623 1605 ἃς
676 1542 740 1614 δὴ
784 1545 981 1614 τιάρας
1016 1551 1416 1614 καταστίκτους
1455 1547 1596 1606 εἶναι
1629 1571 1763 1623 πορ·

215 1634 374 1699 φυρτιῖς
404 1649 519 1684 τισι
569 1637 905 1704 προσέταττε
941 1639 1170 1708 νήμασι,
1199 1640 1402 1711 κέντρα
1430 1644 1550 1699 τινὰ
1590 1662 1759 1698 σταυ-

221 1722 300 1787 pob
352 1722 543 1793 σχῆμα
602 1726 1001 1786 διατυποῦντα.
1051 1731 1190 1793 Τοὶς
1231 1733 1290 1786 δὲ
1343 1734 1576 1804 χιτῶνας
1621 1733 1762 1791 εἶναι

133 1837 145 1863 ι
218 1814 392 1877 λινυῦς,
447 1817 542 1869 καὶ
593 1820 693 1881 τὰς
737 1819 914 1884 ζώνας
974 1825 1204 1894 ἐπίσηςο
1260 1827 1378 1893 μεθ’
1409 1822 1484 1880 ὧν
1515 1830 1613 1882 σὺν
1641 1833 1763 1894 ταῖς

215 1906 477 1976 διφθέραις
537 1908 886 1977 καθημένους
943 1913 1322 1985 οἱκοδομητοῖς
1385 1920 1444 1970 ἐν
1501 1918 1756 1989 θρόνοις,

217 1992 342 2061 ὕπνῳ
368 1994 580 2065 μετρίῳ
629 1999 863 2066 χρῆσθαι
891 2014 905 2028 °
935 1999 1118 2070 κύκλῳ
1150 2002 1206 2056 δὲ
1242 1991 1557 2077 πεφράχθαι
1586 2010 1646 2062 τὸ
1679 2012 1757 2064 οί-

213 2081 500 2150 κοδόμημα,
532 2085 662 2138 ὥσθ’
684 2087 899 2156 ἑκάστῳ
929 2090 1027 2160 τὴν
1057 2094 1346 2165 στρωμνὴν
1380 2097 1646 2168 συνέχειν.
1674 2101 1754 2170 Τῇ

213 2170 257 2222 δὲ
297 2173 486 2246 πρώτῃ
539 2179 635 2231 καὶ
667 2179 1004 2250 κυριωνύμῳ
1047 2182 1156 2236 τῶν
1191 2185 1433 2254 ἡμερῶν,
1468 2190 1604 2260 πρὸς
1639 2208 1755 2244 κοι-

215 2265 390 2316 νωνίαν
419 2267 528 2318 τῶν
561 2267 722 2323 θείων
760 2275 1076 2342 μυστηρίων
1110 2277 1308 2341 ίόντας,
1344 2279 1493 2335 λύειν
1531 2283 1630 2350 μὲν
1655 2285 1754 2348 τὰς

216 2354 368 2420 ζώνας
414 2360 645 2422 καὶτὰς
696 2363 962 2435 διφθέρας
1011 2368 1409 2425 ἀποτίθεσθαι·
1454 2373 1756 2440 δωδεκάκις

210 2451 256 2502 δέ
281 2453 368 2521 τῆς
406 2455 619 2527 ἡμέρας
658 2458 890 2512 ἕκαστον
920 2462 1085 2533 εὐχὰς
1118 2468 1318 2518 ποιεῖν·
1345 2467 1547 2534 ὁμοίως
1575 2470 1630 2522 δὲ
1659 2472 1754 2523 καὶ

210 2545 324 2612 πρὸς
358 2546 633 2618 ἑσπέραν·
677 2551 876 2621 ἐπίσης
904 2553 960 2607 δέ
1007 2561 1104 2609 καὶ
1151 2558 1366 2622 νυκτός·
1396 2562 1462 2630 τῇ
1497 2561 1543 2613 δ’
1591 2561 1752 2633 ἐνάτῃ

209 2633 312 2704 ὥρᾳ
336 2637 552 2706 τρίτονο
609 2642 707 2694 καὶ
760 2646 1000 2714 ὁπηνίκα
1036 2648 1149 2702 δέοι
1201 2651 1406 2720 τροφῆς
1440 2659 1752 2726 μετασχεῖν,

210 2727 284 2794 ἐφ’
313 2729 541 2798 ἑκάστης
581 2734 748 2805 εὐχῆς
792 2738 886 2790 τὸν
914 2738 1130 2808 ψαλμὸν
1168 2743 1554 2812 προηγεῖσθαι.
1598 2747 1754 2802 Κατὰ

208 2818 255 2870 δέ
290 2821 516 2894 μίμησιν
550 2827 656 2880 τῶν
697 2828 1032 2898 Ἑλληνικῶν
1062 2835 1368 2904 στοιχείων,
1400 2838 1483 2902 είς
1518 2839 1596 2892 κδ’
1623 2841 1757 2909 τάγ-

211 2931 340 2979 ματα
384 2916 602 2973 ἆπασαν
663 2922 859 2976 διελεῖν
917 2925 1016 2995 τὴν
1073 2929 1368 2984 συνοικίαν.
1412 2931 1754 3002 Ἑφαρμόσαι

209 3005 250 3056 δ’
279 3007 487 3080 ἑκάστῳ
531 3013 845 3082 ἀνήκουσαν
891 3017 990 3087 τὴν
1025 3021 1423 3090 προσηγορίαν.
1453 3023 1529 3086 ὡς
1557 3023 1752 3098 γνώμη

210 3101 293 3151 καὶ
322 3101 434 3171 βίος
464 3107 559 3157 καὶ
583 3104 714 3176 ἦθος
740 3103 830 3179 ἦν·
864 3104 977 3166 οἷον
1021 3113 1149 3176 τοὺς
1198 3114 1303 3183 μὲν
1348 3113 1755 3188 ἁπλουστέρους

214 3191 327 3246 ἰῶτα
356 3196 564 3263 ἐκάλει,
621 3198 652 3261 ζ
701 3199 758 3254 δὲ
809 3203 902 3254 καὶ
939 3203 988 3268 ξ,
1047 3205 1164 3258 ὅσοι
1221 3207 1430 3264 σκολιοὶ
1479 3203 1620 3281 ἦσαν
1658 3209 1756 3263 καὶ

213 3282 279 3352 μὴ
305 3285 500 3349 εὐθείςο
533 3291 630 3340 καὶ
677 3292 806 3354 τοὺς
837 3291 1032 3356 ἄλλους
1084 3295 1264 3359 ἄλλως
1283 3335 1300 3360 ,
1336 3298 1480 3352 κατὰ
1504 3298 1604 3370 τὴν
1635 3300 1762 3354 ἐκά-
1788 3314 1830 3372 c

213 3388 320 3426 στου
356 3377 677 3447 προαίρεσιν
733 3383 829 3436 καὶ
884 3383 944 3436 τὸ
1003 3386 1189 3455 σχῆμα
1241 3385 1336 3441 τοῦ
1395 3390 1767 3460 γράμματος,

210 3463 444 3536 εὔστοχον
469 3471 567 3540 τὴν
623 3471 920 3542 ὀνομασίαν
965 3477 1161 3540 τιθείς.
1210 3480 1492 3545 Τοιούτοις
1535 3483 1601 3551 δή
1643 3501 1756 3540 τισι

211 3552 378 3622 νόμοις
437 3557 728 3630 Παχώμιος
761 3564 888 3627 τοὺς
935 3564 1030 3620 ὑπ’
1064 3569 1226 3623 αὐτὸν
1267 3565 1402 3640 ἦγε,
1437 3571 1756 3645 φιλάνθρω⁹

211 3662 301 3708 πος
333 3648 559 3716 μάλιστα
599 3653 696 3706 καὶ
717 3654 974 3727 θεοφιλὴς
1007 3662 1322 3731 γενόμενος·
1356 3667 1451 3718 καὶ
1481 3665 1576 3718 ἐπὶ
1598 3665 1756 3721 τόσον

209 3736 418 3805 ἐλάσαι,
467 3741 544 3806 ὡς
600 3744 734 3814 μηδὲ
793 3746 894 3818 τὴν
944 3749 1052 3804 τῶν
1117 3753 1396 3822 ἐσομένων
1447 3757 1756 3827 πρόγνωσιν

209 3829 430 3897 ἀγνοεῖν·
463 3836 671 3906 ταύτην
716 3838 761 3892 δ’
788 3840 990 3896 εἰδόναι
1045 3842 1412 3917 διαφερόντως
1461 3851 1550 3903 ἀεὶ
1585 3851 1754 3920 ἀγγέ-

209 3921 312 3987 λοις
341 3926 770 3998 διομιλούμενον.
813 3932 902 3987 Ἑν
945 3935 1174 4004 Θηϐαΐδι
1205 3939 1263 3992 δέ
1299 3940 1361 3993 τὸ
1391 3945 1489 4013 τῆς
1537 3939 1757 4011 φιλοσο-

207 4015 325 4106 φίας
365 4020 723 4091 ἐργαστήριον
761 4018 907 4095 εἶχεν
961 4026 1019 4081 ἐν
1071 4044 1178 4084 τινι
1222 4032 1370 4103 νήσῳ
1393 4073 1409 4100 ,
1441 4033 1476 4105 ἢ
1507 4035 1751 4106 Ταδέννη

207 4105 490 4178 ὠνόμαστο·
526 4112 587 4178 ἐξ
610 4109 679 4187 ἦς
707 4116 1152 4189 Ταδεννησιῶται
1178 4122 1236 4184 ἐς
1265 4123 1426 4192 δεῦρο
1462 4125 1527 4198 δὴ
1555 4105 1756 4198 όνομάέ

209 4199 397 4262 ζονται·
431 4202 479 4254 οῖ
513 4204 578 4273 δὴ
627 4204 706 4275 τῷ
751 4207 930 4286 χρόνῳ
958 4212 1055 4262 καὶ
1087 4211 1171 4274 είς
1217 4212 1423 4285 πολλήν
1464 4233 1584 4268 τινα
1620 4234 1756 4288 προ-

208 4291 359 4358 ἦλθον
407 4295 687 4364 ἐπίδοσιν,
726 4299 803 4364 ὡς
850 4301 948 4356 καὶ
993 4303 1072 4366 εἰς
1127 4304 1575 4377 ἑπτακισχιλίους
1601 4349 1616 4372 ,
1657 4311 1754 4364 καὶ

211 4386 498 4454 περιδόξους
528 4389 676 4458 μάλα
705 4393 964 4460 γενέσθαι
995 4398 1060 4466 τῇ
1095 4395 1202 4450 τῶν
1231 4398 1542 4468 εἰρημένων
1571 4402 1752 4472 νόμων

208 4475 403 4562 άκριδεῖ
455 4483 730 4553 πολιτείᾳ.
781 4485 972 4539 Ἐνδον
1024 4486 1131 4558 γὰρ
1183 4490 1484 4560 Τασέννης,
1527 4494 1645 4562 μεθ’
1675 4489 1752 4548 ὧν

208 4560 269 4633 ἦν
295 4568 382 4623 καὶ
412 4570 728 4643 Παχώμιος,
766 4575 926 4642 λόγος
976 4580 1119 4649 ἀμφὶ
1173 4582 1379 4650 χιλίους
1407 4586 1504 4638 καὶ
1529 4560 1754 4655 sputato-

213 4656 340 4722 σίους
391 4657 552 4718 εῖναι.
613 4667 679 4718 οι
727 4666 776 4720 δ’
820 4670 973 4723 ἄλλοι.
1027 4674 1168 4726 κατά
1203 4675 1448 4744 Θηϐαΐδα
1506 4681 1600 4732 καὶ
1649 4680 1752 4748 τὴν
1781 4657 1825 4717 C

212 4750 357 4844 άλλην
399 4757 678 4825 Αἴγυπτον
735 4760 950 4831 ᾤκουν·
1000 4760 1078 4818 ὧν
1129 4767 1390 4821 ἁπάντων
1441 4772 1540 4839 μία
1594 4768 1662 4844 ἦν
1715 4775 1748 4844 ἠ

212 4842 377 4916 ἀγωγὴ
406 4851 500 4903 καὶ
539 4851 574 4919 ἠ
608 4850 813 4919 δίαιτα,
855 4855 950 4907 καὶ
999 4858 1155 4910 κοινὰ
1185 4859 1362 4913 πάντα
1397 4863 1561 4914 πᾶσιν
1598 4842 1754 4932 ἐτύγέ

214 4952 372 5003 χανον,
406 4936 494 4994 οἷά
536 4959 661 4996 τινα
712 4946 1048 5016 μητρόπολιν
1077 4950 1179 5018 τὴν
1221 4951 1384 5020 νῆσον
1429 4953 1752 5024 ἡγούμενοι,

213 5031 291 5080 καὶ
327 5034 565 5104 πατέρας
620 5037 749 5100 τοὺς
788 5041 976 5094 ἐκεῖσε
1039 5043 1472 5112 ἡγεμονεύοντας
1499 5062 1514 5077 °
1548 5047 1642 5118 ἀφ’
1679 5042 1755 5104 ὧν

211 5122 292 5173 καὶ
336 5124 593 5195 ἄρχοντες
642 5130 730 5198 ἐφ’
778 5132 984 5204 ἑκαστῃ
1039 5137 1286 5207 συνοικίᾳ
1344 5139 1394 5192 οἳ
1443 5139 1553 5193 τῶν
1611 5143 1753 5196 ἐθῶν

213 5213 650 5304 καθειστήκεισαν
670 5221 908 5292 ζηλωταὶ
931 5226 1316 5296 διεπέμποντο.
1352 5232 1460 5284 Καὶ
1487 5234 1618 5302 περὶ
1655 5237 1753 5304 μὲν

217 5300 490 5378 Παχωμίου
540 5313 802 5369 τοσαῦτα.
836 5317 926 5386 Τῷ
957 5318 1002 5370 δ’
1023 5319 1174 5390 αὑτῷ
1213 5323 1389 5392 χρόνῳ
1431 5327 1528 5378 καὶ
1560 5300 1756 5379 Ἄπολ-

217 5392 387 5485 λώνιος
427 5401 516 5454 ἐπὶ
563 5407 632 5474 τῇ
685 5407 830 5458 κατὰ
895 5408 1032 5463 Θεὸν
1089 5412 1382 5485 φιλοσοφίᾳ
1443 5418 1615 5469 πολὺν
1667 5419 1759 5472 τὸν

215 5483 373 5552 ἔρωτα
407 5491 568 5562 σχὼν,
607 5494 928 5566 διαπρέπων
981 5495 1070 5569 ἧν.
1113 5501 1214 5565 ’ος
1247 5483 1366 5556 ἔτει
1403 5507 1758 5558 πεντεκαιδε-

218 5590 351 5665 κατῳ
375 5580 471 5651 τῆς
499 5585 724 5655 ἡλικίας
772 5588 1156 5660 ἐπαρξάμενος
1200 5593 1260 5648 ἐν
1296 5596 1503 5666 ἐρημίᾳ
1543 5597 1757 5664 φιλοσοο

215 5672 355 5738 φεῖν,
408 5677 530 5731 ἐπεὶ
569 5682 1017 5748 τεσσαρακοστοῦ
1078 5685 1249 5757 ἐπέδη
1305 5689 1556 5741 ἐνιαυτοῦ
1588 5729 1602 5754 ,
1634 5689 1756 5761 θείᾳ

1867 725 2056 800 faciles
2103 744 2283 798 operai
2336 731 2746 786 mandarentur.
2790 732 3073 786 Domicilia
3103 745 3286 786 autem
3320 736 3450 789 rcli'

1865 817 2014 881 giusa
2039 818 2390 876 circumcirca
2418 824 2500 876 eis
2528 823 2731 877 exstrui
2754 823 2938 892 jussit,
2961 824 3016 878 in
3047 841 3280 894 quorum
3312 842 3450 880 ιιιιη-

1867 926 2091 979 quoque
2132 921 2244 968 tres
2295 924 2603 970 manerent.
2645 914 2840 971 Cibum
2871 932 3035 986 porro
3079 916 3131 971 in
3167 918 3290 971 unis
3325 933 3445 970 am-

1869 1005 2137 1073 plioribus
2165 1007 2378 1061 sedibus
2403 1017 2463 1063 ut
2488 1020 2746 1078 caperem
2777 1009 3084 1071 constituit,
3121 1009 3284 1077 idque
3318 1024 3442 1062 cum

1865 1096 1974 1150 alto
2007 1096 2229 1152 silentio
2255 1100 2640 1154 considentes:
2669 1099 2806 1153 facie
2835 1100 2906 1153 ita
2934 1110 3144 1169 operta,
3182 1111 3242 1153 ιιι
3265 1116 3451 1168 neque-

1863 1186 2008 1242 alius
2035 1187 2224 1254 alimn,
2263 1205 2438 1257 neque
2467 1201 2726 1260 praeterea
2747 1191 2897 1245 aliud
2934 1191 3257 1260 quidquam,
3277 1208 3442 1261 quant

1866 1294 2106 1334 mensam
2135 1292 2191 1336 et
2225 1281 2408 1336 cibum
2441 1284 2778 1352 propositum
2806 1300 3033 1338 cernere
3067 1297 3278 1354 posset.
3303 1284 3440 1338 Cum

1864 1371 1934 1426 iis
1973 1387 2041 1427 ne
2067 1373 2209 1427 alius
2239 1373 2530 1443 quisquam
2569 1373 2756 1428 habitu
2787 1376 2894 1429 alio
2925 1379 2976 1428 in
3013 1376 3208 1430 eadem
3253 1390 3441 1430 mensa

1863 1465 2047 1519 cibum
2075 1473 2339 1530 sumeret,
2378 1479 2737 1536 praeterquam
2768 1467 2814 1522 si
2842 1468 3040 1537 hospes
3065 1483 3132 1523 eo
3161 1468 3443 1522 divertens

1862 1557 2227 1626 acciperetur.
2256 1558 2436 1628 Signis
2462 1567 2644 1613 autem
2666 1559 3016 1628 quibusdam,
3052 1575 3312 1614 manuum
3339 1560 3443 1613 im-

1863 1648 2131 1717 pulsione,
2147 1649 2231 1704 vel
2261 1650 2486 1705 nutibus
2517 1665 2631 1706 rem
2655 1651 3020 1706 necessariam
3043 1651 3112 1706 ab
3133 1651 3214 1706 eis
3236 1651 3442 1721 quibus

1862 1750 2030 1808 sorte,
2066 1751 2125 1798 ut
2150 1758 2352 1818 mensae
2378 1753 2700 1813 pratessent,
2725 1744 3063 1805 obvenisset,
3097 1743 3435 1798 insinuando

1865 1839 2132 1899 peterent.
2169 1829 2326 1896 Quod
2356 1833 2404 1886 si
2441 1831 2566 1902 quis
2607 1847 2733 1920 epm
2771 1832 2877 1887 illis
2926 1833 3111 1888 vivere
3148 1832 3332 1892 vellet.
3378 1839 3438 1885 ut

1868 1920 2041 1974 tribus
2059 1921 2209 1989 prius
2234 1919 2413 1988 annis,
2463 1919 2672 1976 mutato
2697 1922 2916 1991 paulum
2950 1921 3163 1987 habitu,
3185 1921 3438 1976 duriores

1863 2014 2128 2082 perferret
2158 2013 2375 2069 labores
2410 2031 2425 2068 :
2458 2022 2622 2084 atque
2647 2015 2720 2070 ita
2759 2015 2976 2069 tandem
3005 2014 3223 2069 arcanis
3241 2029 3436 2070 eorum

1857 2103 2028 2158 sacris
2059 2103 2366 2168 institutus,
2398 2103 2594 2160 eodem
2619 2118 2746 2158 cum
2785 2104 2891 2160 illis
2920 2105 3040 2161 loco
3063 2114 3226 2162 esset.
3255 2107 3434 2162 Vesti-

1858 2204 2102 2250 mentum
2137 2204 2318 2250 autem
2348 2205 2407 2250 ut
2426 2203 2571 2251 esset
2593 2211 2784 2266 sagum
2817 2197 3131 2266 pelliceum,
3158 2206 3214 2252 et
3237 2199 3438 2264 capitis

1858 2295 2068 2356 tegmen
2099 2287 2258 2343 mitra
2291 2286 2488 2342 lanea:
2521 2303 2642 2357 quae
2671 2285 3185 2359 mitra'quibusdam
3219 2305 3435 2359 purpu-

1856 2380 1964 2432 rcis
1981 2378 2240 2435 distincta
2259 2377 2382 2445 illis,
2403 2389 2603 2449 puncta
2619 2395 2716 2434 sua
2736 2380 2984 2445 haberet,
3004 2381 3184 2434 crucis
3204 2379 3432 2434 formam

1856 2470 2168 2525 referentia.
2206 2470 2430 2528 Tunica:
2470 2480 2654 2526 autem
2693 2480 2749 2526 et
2774 2488 2924 2529 zonae
2956 2473 3142 2528 itidem
3184 2484 3241 2526 ut
3274 2472 3434 2528 lineae

1853 2575 2038 2618 essent
2069 2579 2084 2616 :
2111 2563 2165 2618 in
2205 2564 2404 2634 quibus
2439 2564 2604 2620 simul
2645 2573 2701 2620 et
2749 2567 2804 2620 in
2867 2567 3010 2637 sagis
3062 2565 3432 2628 considentes,

1855 2656 2324 2723 snperexstruetis
2353 2655 2488 2712 toris
2514 2654 2846 2710 mediocrem
2865 2667 3126 2724 caperent
3150 2670 3433 2724 somnum.

1857 2746 2018 2817 706
2057 2747 2402 2802 Domicilium
2455 2762 2620 2818 porro
2651 2757 2709 2802 ut
2753 2748 2828 2803 ita
2860 2749 3167 2818 sepimento
3193 2750 3436 2803 circnm-

1855 2840 2152 2893 vallaretur
2185 2878 2202 2904 ,
2272 2848 2334 2894 ut
2379 2839 2432 2893 id
2489 2837 2691 2894 lectum
2735 2840 3003 2908 cujusque
3055 2839 3426 2894 concluderet.

1854 2930 2121 2985 Primaria
2152 2939 2334 2986 autem
2365 2939 2420 2986 et
2450 2930 2735 2986 Duminica
2760 2929 2849 2985 die
2897 2938 2954 2984 ut
2991 2929 3061 2985 ad
3085 2930 3429 2984 communio-

1855 3037 1980 3078 nem
2008 3029 2065 3078 et
2099 3023 2510 3093 perceptionem
2565 3021 2880 3076 divinorum
2925 3022 3311 3092 mysteriorum
3345 3037 3433 3076 ac-

1854 3118 2135 3182 cedentes,
2157 3117 2366 3172 solutas
2401 3131 2569 3171 zonas
2593 3125 2649 3172 et
2681 3115 2872 3186 sagula
2897 3115 3125 3184 pellicea
3177 3113 3426 3184 depone-

1857 3218 2000 3264 rent.
2035 3209 2214 3277 Atque
2238 3207 2614 3265 utduodecies
2644 3207 2884 3264 interdiu
2920 3223 3137 3278 semper
3161 3220 3385 3264 orarent
3414 3225 3430 3263 :

1863 3301 2054 3356 itidem
2082 3315 2215 3356 vero
2258 3300 2328 3355 ad
2357 3315 2660 3369 vesperam,
2706 3309 2870 3355 noctu
2913 3299 3189 3366 similiter,
3211 3308 3267 3354 et
3299 3300 3434 3356 item

1859 3393 1994 3449 hora
2037 3408 2184 3447 nona
2211 3393 2398 3447 tertio.
2431 3393 2641 3446 Etcum
2665 3391 2820 3447 cibus
2846 3401 2994 3447 esset
3021 3390 3342 3462 capiendus,
3371 3401 3432 3445 ut

1858 3487 2100 3555 singulas
2144 3485 2424 3542 orationes
2463 3486 2706 3559 psalguus
2752 3481 3103 3554 praecederet.
3159 3485 3431 3541 Praeterea

1857 3592 1919 3639 ut
1950 3580 2020 3635 ad
2045 3596 2336 3636 numerum
2360 3563 2670 3635 (It-arearum
2710 3579 3018 3633 litterarum
3067 3588 3269 3634 castum
3313 3593 3429 3632 mo-

1857 3673 2156 3727 nachorum
2189 3670 2624 3726 cohabitantium
2670 3669 2724 3724 in
2755 3669 2947 3740 viginti
2987 3678 3227 3740 quatuor
3265 3669 3421 3724 ordi-

1856 3777 1953 3817 nes
1984 3760 2275 3829 divideret,
2307 3770 2364 3816 et
2386 3761 2586 3831 cuique
2603 3761 2782 3815 ordini
2817 3771 3231 3830 congruentem.
3255 3759 3420 3815 sicuti

1855 3853 2093 3916 animus,
2127 3851 2237 3906 vita
2260 3862 2317 3907 et
2349 3867 2529 3908 mores
2557 3851 2824 3922 cujusque
2861 3851 3086 3917 ferrent,
3117 3851 3424 3921 imponeret

1855 3945 2272 4015 appellationem
2314 3963 2328 3999 :
2363 3946 2572 4002 scilicet
2617 3957 2676 4000 ut
2711 3946 3076 4016 simpliciores
3101 3965 3139 4008 ι,
3170 3945 3264 4014 qui
3302 3961 3431 3999 vero

1856 4037 2008 4108 pravi
2043 4047 2250 4102 essent,
2297 4047 2356 4092 et
2389 4037 2573 4093 minus
2617 4038 2772 4100 recti,
2808 4036 2841 4100 ζ
2887 4049 2944 4092 et
2989 4035 3018 4101 ξ
3058 4045 3426 4092 vocarentur:

1853 4139 2017 4200 atque
2045 4129 2203 4184 aliter
2239 4128 2355 4192 alii,
2379 4129 2539 4199 juxta
2595 4129 2874 4200 cujusque
2895 4128 3232 4194 institutum,
3261 4138 3317 4182 et
3339 4129 3430 4184 Iit-

1857 4231 1986 4278 ιρι-ιιι
2016 4223 2189 4292 ipsius
2214 4222 2486 4290 habitum,
2516 4230 2703 4292 aptum
2739 4222 3204 4278 accommodanda
3224 4239 3431 4292 cogno-

1856 4331 2001 4370 men.
2028 4313 2303 4385 Ejusmodi
2333 4329 2466 4370 sane
2511 4313 2725 4384 legibus
2770 4314 3100 4370 Pachomius
3127 4315 3433 4369 monachos

1853 4408 2169 4461 suos'rexit.
2222 4406 2325 4471 Qui
2361 4405 2580 4476 quidem
2618 4405 2892 4459 humanus
2948 4405 3185 4458 maxime
3220 4414 3274 4458 et
3331 4404 3430 4459 Dei

1853 4512 2045 4552 anians
2107 4496 2228 4561 fuit,
2286 4512 2354 4552 eo
2401 4497 2779 4567 amplitudinis
2829 4511 3173 4568 progressus,
3225 4505 3284 4551 ut
3337 4513 3431 4552 res

1855 4604 2074 4662 quoque
2103 4588 2318 4643 futuras
2349 4605 2456 4643 non
2494 4589 2768 4659 ignoraret
2802 4607 2816 4644 :
2874 4591 3073 4660 quippe
3101 4605 3238 4660 quas
3285 4607 3428 4662 pra:-

1855 4686 2017 4753 cipue
2057 4697 2124 4738 ex
2149 4684 2416 4737 continuo
2461 4683 2779 4754 angelorum
2828 4685 3100 4755 colloquio
3137 4700 3430 4756 cognosce-

1860 4774 1971 4828 bat.
2002 4773 2058 4828 Ιιι
2093 4773 2373 4828 Thebaide
2404 4783 2588 4830 autem
2632 4775 2985 4846 pliilOSOpbia:
3015 4793 3130 4832 sua:
3154 4777 3428 4832 ollicinam
3524 4798 3528 4801 -

1860 4865 2072 4929 habuit,
2107 4865 2162 4919 in
2198 4865 2432 4935 quadam
2462 4867 2638 4921 insula
2669 4883 2790 4937 quae
2840 4867 3098 4923 Tabcnna
3147 4869 3427 4923 nominata

1861 4966 1947 5012 est
1983 4972 2050 5011 :a
2081 4972 2188 5026 qua
2227 4958 2512 5030 hucusque
2553 4959 2972 5015 Tabennesiota:
3003 4959 3285 5015 dicuntur.
3321 4959 3427 5027 Qui

1862 5062 1989 5102 cum
2022 5059 2265 5119 tempore
2307 5067 2499 5121 magna
2535 5067 2729 5120 cepere
2783 5052 3141 5117 incrementa,
3171 5052 3310 5106 adeo
3368 5062 3432 5106 ut

1861 5139 2064 5207 septies
2097 5141 2266 5205 mille,
2291 5152 2347 5197 et
2376 5144 2596 5212 quidem
2626 5143 2918 5197 admodum
2958 5143 3227 5208 celebres,
3259 5143 3426 5199 vitam

1862 5228 1945 5282 eis
1971 5245 2106 5297 quas
2137 5230 2373 5285 diximus
2419 5231 2630 5301 legibus
2681 5233 2746 5286 ad
2786 5241 3032 5286 exactam
3076 5247 3306 5301 prorsus
3339 5249 3429 5289 rae

1864 5321 2066 5376 tionem
2096 5330 2322 5391 agentes
2359 5323 2693 5378 exstiterint.
2733 5324 2878 5378 Intra
2917 5323 3233 5380 Tabennam
3275 5343 3430 5380 nam-

1860 5428 1990 5482 que,
2045 5430 2168 5469 cum
2200 5414 2401 5484 quibus
2442 5417 2608 5470 etiam
2643 5415 2971 5471 Pachomius
3012 5429 3152 5484 erat,
3205 5419 3433 5475 circiter

1861 5507 2010 5561 mille
2047 5516 2104 5562 et
2149 5507 2379 5562 trecenti
2433 5507 2601 5562 fuisse
2634 5508 2896 5564 dicuntur
2926 5526 2940 5563 :
2989 5511 3081 5565 alii
3115 5521 3298 5565 autem
3331 5526 3428 5580 per

1859 5598 2220 5663 Thebaidem,
2247 5611 2303 5654 et
2332 5600 2594 5670 reliquam
2623 5600 2915 5673 Egyptum
2945 5605 3188 5658 coluere.
3220 5603 3436 5657 Eorum.

1856 5693 2100 5745 omnium
2141 5707 2309 5746 unum
2343 5701 2462 5749 erat
2501 5695 2834 5762 institutum,
2880 5713 3022 5751 unus
3053 5696 3275 5753 vivendi
3310 5711 3427 5751 mo.

270 5857 339 5947 εί)
371 5859 570 5918 Ascctae
623 5863 908 5935 cujusdam
970 5865 1102 5923 scite
1160 5867 1365 5925 dictum
1427 5879 1534 5937 est,
1602 5869 1952 5942 Monachum,
2024 5873 2127 5930 nisi
2179 5890 2319 5945 opus
2372 5875 2557 5944 iaciat,
2629 5894 2796 5935 avaro
2839 5877 3057 5934 homini
3087 5892 3210 5934 esse
3247 5871 3430 5947 persi-

207 5927 394 5984 milem.
