3934 6568
398 528 506 593 275

1626 523 1676 586 Ν
1682 523 2048 586 ICEPHORI
2089 521 2444 586 CALLISTI

3555 510 3672 580 2Ίὸ

397 644 506 700 dus
532 641 848 698 communia
878 638 1060 694 omnia
1089 637 1237 693 inter
1277 652 1336 694 se
1365 637 1712 694 habentium.
1741 638 1979 694 insulam
2008 689 2014 700 .

2125 637 2203 705 ικει
2249 635 2578 706 πειθόμενος
2601 675 2622 701 ,
2661 633 2764 704 τὴν
2798 629 3131 701 οἰκουμένην
3161 628 3322 694 αὖθις
3351 629 3630 684 κατέλαϐε
3662 645 3676 657 ·

403 739 574 807 ipsam
601 733 757 805 quasi
791 731 1139 802 metropolim
1192 730 1492 801 quamdam
1519 745 1640 786 esse
1666 730 1936 801 putabant
1964 749 1977 784 :

400 838 458 884 et
486 828 578 899 qui
614 825 686 881 ibi
718 826 884 880 rebus
923 832 1212 894 prmerant,
1259 832 1460 894 patres.
1497 823 1575 878 Ex
1616 823 1816 893 quibus
1848 837 1984 894 quo-

402 935 531 990 que,
589 922 680 989 qui
733 918 972 973 instituti
1024 917 1146 988 ejus
1195 915 1546 971 armulatores
1599 924 1780 980 erant,
1812 915 1982 970 cmtui

340 1032 344 1040 '
400 1013 608 1082 cuique
661 1022 717 1077 et
769 1010 1050 1065 domicilio
1107 1007 1391 1078 praefectos
1452 1023 1583 1064 suos
1637 1019 1986 1065 accersentes

403 1106 772 1176 accipiebant.
804 1104 929 1159 Haec
951 1104 1019 1160 de
1063 1103 1377 1159 Pachomio.
1423 1101 1630 1158 Eadem
1662 1119 1794 1157 vero
1825 1112 1985 1158 aetate

403 1199 806 1270 ctApollonius
864 1197 1073 1269 ingenti
1104 1212 1231 1268 erga
1281 1197 1526 1252 divinam
1577 1197 1985 1266 phil050phiam

406 1307 595 1346 amore
639 1290 872 1361 ﬂagrans
930 1288 1215 1359 pollebat:
1271 1290 1364 1358 qui
1399 1288 1755 1359 quindecimo
1811 1293 1990 1345 aetatis

407 1400 554 1440 anno
577 1384 834 1440 solitariae
859 1382 1222 1453 philosophia:
1251 1382 1504 1437 initiatus
1533 1382 1721 1444 sacris,
1751 1382 1988 1452 quadra-

408 1477 667 1544 genarius
703 1475 903 1530 divina:
929 1477 1241 1546 obsequens
1271 1474 1467 1530 visioni
1509 1475 1564 1529 in
1601 1474 1885 1543 publicum
1920 1474 1989 1528 ad

409 1571 529 1624 loca
587 1568 906 1624 hominibus
944 1567 1187 1622 habitata
1238 1583 1431 1622 rursus
1479 1568 1705 1638 prodiit,
1736 1577 1899 1637 atque
1933 1568 1986 1621 in

409 1660 692 1717 Thebaide
723 1661 1059 1732 tuguriolum
1110 1659 1213 1716 sibi
1269 1659 1540 1714 condidit.
1575 1660 1738 1730 707
1770 1657 1833 1713 Et
1864 1674 1990 1712 cum

411 1757 487 1810 in.
517 1754 715 1826 primis
739 1753 833 1809 Dei
871 1763 1018 1808 esset
1044 1752 1482 1814 amantissimus.
1521 1750 1844 1806 admiranda
1875 1751 1990 1806 ειῖὶο

411 1846 490 1900 dit
517 1859 684 1916 opera
720 1860 734 1898 :
791 1843 1042 1914 nihilque
1092 1857 1274 1904 rerum
1309 1843 1496 1897 omisit
1528 1842 1800 1906 omnium,
1858 1843 1991 1911 quin

411 1936 469 1991 in
495 1936 576 1992 eis
606 1935 883 2006 praecipue
914 1933 1230 1997 excelleret,
1259 1947 1601 2002 quaecunque
1634 1931 1700 1985 ad
1733 1933 1786 1987 id
1821 1947 1994 2002 genus

2090 731 2185 784 καὶ
2221 730 2364 784 κατά
2401 727 2645 800 Θηὸαἲδα
2683 727 2783 797 τὴν
2821 725 3068 796 μάνδραν
3099 725 3364 794 ἐπήξατο.
3396 723 3683 794 Θεοφιλὴς

2089 823 2146 877 δὲ
2197 823 2265 876 τὰ
2313 822 2553 893 μάλιστα
2586 819 2827 890 γεγονὼς
2877 817 3206 888 παραδόξων
3247 817 3552 886 αὐτουργὸς
3583 810 3680 886 ἧν.

2091 917 2351 987 Πράξεως
2399 916 2456 970 δὲ
2510 914 2666 968 οὐδὲν
2706 911 3013 976 ἐλλείπων,
3065 911 3168 964 ὅσα
3209 911 3288 972 εἰς
3326 909 3426 978 τὴν
3459 908 3684 962 τοιάνδε

2090 1011 2412 1080 φιλοσοφίαν
2447 1010 2662 1078 ἀνήκει,
2721 1005 3090 1076 διαφερόντως
3132 999 3281 1074 εἶχεν
3308 1017 3326 1033 ⁸
3379 1000 3588 1068 ἀγαθὸς
3613 999 3682 1053 εὖ

2095 1104 2243 1172 μάλα
2279 1103 2339 1156 τὸ
2379 1100 2511 1174 ἦθος
2544 1100 2642 1165 ὣν,
2688 1106 2782 1154 καὶ
2836 1101 2935 1153 σὺν
2982 1099 3166 1169 χάριτι
3214 1095 3451 1164 ἄφθονον
3484 1094 3550 1147 τὸ
3574 1092 3682 1159 τῆς

2090 1194 2450 1257 διδασκαλίας
2501 1195 2655 1262 νᾶμα
2710 1192 2994 1261 προχέων·
3034 1187 3368 1248 καταπειθές
3422 1186 3470 1238 δ’
3501 1184 3686 1246 οὓτως

2092 1287 2238 1358 ἔχειν
2268 1289 2386 1351 τοῖς
2431 1287 2784 1356 αἰτουμένοις
2831 1285 2891 1339 τδ
2942 1286 3118 1348 Θεῖον,
3167 1283 3244 1346 ὡς
3300 1280 3467 1351 μηδὲν
3497 1279 3689 1332 αἰτου-

2097 1381 2244 1452 μένῳ
2272 1382 2544 1452 ἀνήνυτον
2567 1375 2728 1433 εἶναι.
2777 1381 3000 1441 Πάντως
3040 1376 3086 1431 δ’
3117 1379 3302 1429 ἐκεῖνα
3322 1375 3471 1446 ᾔτει,
3514 1371 3689 1439 σοφδς

2093 1471 2190 1538 ὢν,
2242 1467 2324 1536 οἷς
2389 1471 2605 1542 χαίρειν
2649 1471 2850 1524 διδόναι
2903 1473 2966 1523 ἐκ
3018 1467 3112 1521 τοῦ
3160 1467 3361 1539 ῥᾴστου
3416 1463 3481 1518 τδ
3521 1462 3690 1516 Θεῖον

2093 1566 2207 1638 ἔχει
2231 1567 2369 1636 πρὸς
2406 1565 2644 1635 φύσεως.
2685 1564 2947 1632 Ἤκμαζε
2997 1562 3053 1616 δὲ
3104 1561 3202 1614 καὶ
3242 1557 3435 1612 Ἀνοὺδ
3467 1558 3690 1617 ἐκεῖνος

2095 1661 2221 1716 κατ’
2241 1663 2418 1714 ἐκεῖνο
2454 1659 2651 1731 καιροῦ
2677 1676 2692 1692 ο
2735 1658 2795 1713 δι
2818 1659 2979 1728 λόγος
3019 1657 3160 1724 μετά
3189 1655 3288 1726 τὴν
3316 1657 3374 1708 ἐν
3402 1653 3687 1721 διωγμοῖς

2095 1749 2392 1819 ὁμολογίαν
2445 1748 2588 1820 ὑπὲρ
2631 1747 2870 1818 Χριστοῦ
2895 1785 2909 1808 ,
2947 1750 3158 1817 μήποτε
3192 1740 3529 1814 ψεύσασθαι·
3564 1736 3696 1792 ἀλλ’

2095 1843 2218 1898 οὖδέ
2263 1860 2411 1906 τινος
2462 1845 2572 1896 τῶν
2625 1841 2941 1910 προσγείων
2996 1842 3077 1902 είς
3127 1837 3430 1908 ἐπιθυμίαν
3477 1832 3690 1886 ἐλθεῖν.

2097 1929 2199 1989 Ὧν
2237 1937 2293 1989 δέ
2350 1934 2486 2006 πρὸς
2542 1933 2682 1988 Θεοῦ
2744 1934 2966 2004 δεηθείη
2996 1974 3012 1998 ,
3083 1929 3312 2003 μηδενὸς
3353 1925 3696 1994 ἀστοχῆσαν

412 2028 779 2100 philosophiae
811 2028 1111 2098 pertinent.
1143 2026 1388 2081 Moribus
1434 2025 1540 2081 fuit
1562 2025 1810 2096 optimis,
1839 2035 1894 2081 et
1934 2025 1988 2080 in

2131 2029 2224 2100 είῳ
2268 2029 2315 2081 δ’
2346 2029 2566 2100 ἀγγέλῳ
2631 2028 2920 2099 καθηγητῇ
2984 2026 3377 2097 χρησάμενον,
3435 2019 3567 2073 ὅσον
3624 2011 3700 2085 ἣν

415 2123 619 2192 pietate
641 2121 851 2192 prolixe
883 2119 1128 2176 docenda
1179 2135 1370 2188 magna
1398 2119 1592 2190 gratia.
1625 2119 1686 2174 in
1717 2119 1992 2188 precatio.

414 2213 580 2268 nibus
623 2213 760 2268 adeo
817 2212 1010 2267 habuit
1040 2211 1342 2283 benignum
1372 2224 1428 2266 et
1465 2211 1765 2282 propitium
1801 2212 1992 2277 Deum,

2102 2122 2308 2192 ἀρετῆς
2345 2124 2426 2186 είς
2462 2122 2636 2193 ἀκρον
2677 2123 2944 2192 ἀσκῆσαι.
2998 2120 3162 2172 Ἀλλὰ
3191 2116 3320 2187 περὶ
3361 2115 3467 2184 μὲν
3487 2109 3602 2164 τῶν
3639 2107 3704 2158 ἐν

2102 2214 2366 2285 Αἰγύπτῳ
2405 2215 2662 2286 μοναχῶν
2697 2213 2917 2284 ἀπόχρη
2949 2210 3192 2266 τοσαῦτα
3243 2211 3444 2263 εἰπεῖν.

415 2323 479 2368 ιιι
503 2314 571 2368 ab
596 2328 844 2369 eoorans
875 2312 1008 2366 nihil
1032 2327 1143 2366 non
1177 2319 1453 2368 exorarct.
1531 2313 1595 2366 Et
1629 2327 1727 2382 pro
1799 2313 2071 2382 sapientia
2111 2328 2208 2368 sua
2251 2329 2316 2368 ea
2365 2329 2590 2383 prorsus
2619 2314 2865 2382 petebat,
2896 2327 3018 2382 quae
3056 2310 3215 2366 facile
3262 2311 3408 2366 Deus
3445 2309 3704 2365 tribuere

415 2407 576 2461 solet.
635 2405 846 2461 Floruit
882 2415 994 2460 tum
1028 2421 1247 2476 quoque
1285 2405 1450 2459 Anub
1487 2403 1614 2470 ille,
1647 2419 1809 2474 quem
1865 2416 1989 2475 post
2026 2405 2431 2462 confessionem
2457 2421 2561 2477 pro
2605 2406 2831 2461 Christo
2875 2405 2929 2459 iu
3000 2403 3389 2474 persecutione
3456 2401 3702 2464 obitam,

416 2511 899 2571 feruntnunquim
936 2510 1123 2572 postea
1151 2499 1498 2556 mendacium
1532 2498 1775 2563 dixisse,
1848 2515 2026 2571 neque
2066 2500 2368 2571 quidquam
2425 2511 2657 2557 terrenae
2709 2499 2787 2554 rei
2836 2497 3262 2568 concupivisse:
3328 2511 3451 2566 qua:
3498 2508 3639 2548 vero
3673 2507 3704 2546 a

419 2595 532 2651 Deo
565 2605 800 2659 orasset,
834 2595 1018 2649 omnia
1055 2593 1364 2649 obtinuisse
1396 2609 1410 2646 ι
1442 2592 1745 2664 angeloque
1768 2591 1957 2648 divino
2004 2595 2140 2650 adeo
2179 2595 2498 2651 institutore
2556 2609 2739 2657 usum,
2797 2593 3015 2663 pictatis
3039 2591 3239 2644 virtute
3269 2586 3580 2644 exercenda
3630 2585 3706 2642 ad

419 2702 701 2744 summum
729 2701 902 2758 usque
937 2686 1272 2757 pervenisse.
1311 2685 1417 2742 Sed
1456 2687 1601 2740 enim
1633 2684 1700 2740 de
1739 2683 2002 2757 (Egyptiis
2051 2686 2334 2742 monachis
2383 2687 2497 2740 hinc
2529 2686 2663 2744 satis
2712 2693 2796 2739 est
2829 2683 3054 2738 dixisse.

1023 2801 1248 2859 CAPUT
1289 2801 1404 2857 XV.
1440 2835 1445 2840 -

709 2899 788 2954 De
819 2898 1118 2954 Pala'szmaz
1143 2906 1191 2949 et
1231 2894 1401 2968 Syriae
1433 2893 1720 2949 monachis.

494 3017 631 3074 lude
687 3031 821 3071 vero
887 3014 1052 3069 etiam
1117 3012 1403 3068 Palmstina
1472 3009 1702 3076 educta,
1758 3008 2008 3064 eamdem

2732 2797 2988 2852 ΚΕΦΑΛ.
3019 2796 3124 2852 ῙΕ’.

2189 2894 2329 2965 Περί
2357 2895 2475 2950 τῶν
2505 2894 2576 2948 ἐν
2603 2890 2980 2960 Παλαιστίνῃ
3013 2887 3112 2942 καί
3133 2887 3319 2956 Συρίᾳ
3333 2885 3651 2956 peragar.

2201 3011 2445 3066 Ἐκεῖθεν
2491 3011 2550 3064 δὲ
2599 3009 2692 3062 καὶ
2734 3004 3067 3075 Παλαιστίνη
3113 3003 3467 3075 ὁδηγηθεῖσα,
3505 3001 3577 3054 τὰ
3616 3000 3714 3054 ἴσα

341 4084 354 4102 ι
443 4047 582 4102 tidie
639 4044 795 4100 multi
826 4045 1182 4106 ventitarent,
1225 4040 1334 4094 voti
1369 4052 1597 4109 compos
1633 4036 1754 4092 ﬂeri
1784 4051 1894 4090 non
1931 4049 2028 4104 po-

424 3109 856 3183 philosOphaudi
903 3113 1174 3162 rationem
1220 3103 1517 3176 complecti
1546 3104 1737 3174 carpit.
1791 3103 1847 3156 In
1901 3117 2009 3172 qua

2125 3106 2435 3176 φιλοσοφεῖν
2461 3102 2669 3175 ἡρξατο
2695 3116 2709 3130 ·
2746 3101 2806 3153 ἐν
2894 3098 3112 3168 πρῶτος
3141 3097 3378 3167 meum
3416 3093 3674 3163 Ἱλαρίων
3692 3107 3708 3123 ·

426 3203 644 3275 primus
675 3202 860 3256 ﬂoruit
887 3199 1134 3254 llilarion
1169 3214 1184 3252 :
1222 3198 1314 3252 cui
1363 3199 1540 3266 patria
1587 3195 1691 3250 fuit
1726 3194 1880 3249 vicus
1909 3209 2012 3249 no-

2125 3194 2164 3266 ᾢ
2200 3199 2400 3268 πατρὶς
2432 3197 2530 3266 μὲν
2559 3190 2628 3266 ἦν
2655 3191 2816 3263 κώμη
2857 3191 3085 3260 Θηδασᾶ
3129 3187 3328 3257 ὄνομα,
3348 3187 3447 3240 οὐκ
3475 3185 3715 3239 ἔλαττον
3757 3233 3761 3236 ,

427 3298 581 3353 mine
614 3295 859 3350 Thcbasa
889 3293 989 3366 (ί),
1019 3290 1112 3362 qui
1143 3305 1252 3346 non
1278 3290 1478 3359 tniinus
1509 3303 1671 3359 quam
1697 3286 2013 3358 quindecim

2125 3290 2153 3361 ἢ
2191 3289 2250 3343 ιε’
2284 3288 2532 3350 σταδίους
2557 3286 2836 3356 ἀπέχουσα
2869 3283 3072 3350 Γάζης,
3114 3283 3253 3350 πρὸς
3280 3280 3432 3333 νότον
3465 3277 3714 3348 κειμένη

431 3391 628 3448 stadiis
655 3389 800 3446 Gaza
833 3389 1026 3451 abest,
1061 3394 1312 3441 austrum
1347 3399 1540 3439 versus
1588 3383 1658 3437 ad
1708 3391 2014 3437 torrentem

2125 3384 2274 3455 παρά
2322 3382 2415 3436 τὸν
2467 3380 2794 3451 χείμαρρον,
2821 3380 2880 3442 ὃς
2923 3379 3017 3431 ἐπὶ
3064 3377 3347 3432 θάλασσαν
3387 3374 3554 3443 ῥέων,
3584 3373 3716 3423 ἐπι-

433 3485 577 3542 situs
604 3525 619 3548 ,
651 3485 744 3554 qui
774 3497 923 3537 mare
947 3481 1184 3536 inﬂuens
1201 3479 1556 3541 vernaculum
1583 3492 1613 3531 a
1638 3477 1766 3532 vico
1788 3476 1908 3546 ipso
1929 3490 2014 3530 ae-

2125 3479 2326 3550 χώριον
2373 3477 2483 3532 ἀπὸ
2525 3478 2626 3546 τῆς
2664 3474 2862 3544 κώμης
2893 3472 3118 3542 εἴληφεν
3148 3470 3322 3533 ὄνομα
3348 3484 3363 3498 ·
3400 3467 3515 3530 τοῖς
3559 3462 3610 3516 δ’
3655 3465 3717 3515 ἐν

434 3583 582 3652 cepit
610 3595 829 3634 nomen.
862 3578 1001 3634 Cum
1040 3585 1222 3630 autem
1262 3573 1661 3628 Alexandrinas
1690 3571 2014 3640 frequenta-

2137 3564 2522 3638 Ἀλεξανδρείᾳ
2567 3564 2833 3634 φοιτήσας
2885 3559 3305 3623 διδασκαλείοις,
3355 3556 3455 3626 τῆς
3511 3554 3723 3606 Ἀντω-

436 3687 524 3731 ret
578 3670 1095 3738 scholas,'Antonii
1143 3667 1284 3722 fama
1331 3681 1455 3736 quae
1503 3676 1618 3720 tum
1671 3664 2014 3719 increbuerat

2125 3662 2236 3714 νίου
2270 3659 2441 3729 ἀκοῆς
2472 3659 2872 3727 διαδοωμένης,
2908 3659 3048 3709 κατά
3087 3653 3218 3708 θέαν
3263 3649 3470 3704 ἐκείνου
3502 3649 3587 3710 είς
3617 3646 3722 3718 τὴν

439 3769 650 3833 audita,
686 3766 910 3823 videndi
941 3764 1063 3836 eius
1119 3762 1294 3838 gratia
1320 3759 1678 3815 solitudinem
1716 3757 1919 3827 petiit:
1965 3763 2014 3809 el

2127 3757 2337 3825 ἔρημον
2369 3748 2474 3827 ἧκε
2498 3759 2515 3775 ⁹
2565 3753 2659 3806 καὶ
2695 3751 2782 3804 ἐπ’
2829 3749 3012 3817 ὀλίγον
3057 3747 3350 3817 διατρίψας
3396 3744 3624 3814 ἐκείνῳ,
3650 3744 3725 3795 τὰ

441 3860 843 3933 aliquantulum
881 3872 1004 3914 cum
1041 3871 1110 3912 eo
1137 3834 1407 3918 moratus,
1460 3853 1603 3907 idem
1638 3850 1762 3905 vita;
1794 3847 2014 3904 institu-

2129 3850 2220 3903 ῖσα
2269 3847 2584 3918 φιλοσοφεῖν
2643 3845 2904 3914 αἱρεῖται.
2957 3839 3176 3895 Πολλῶν
3221 3839 3266 3892 δ’
3315 3841 3374 3901 ἐς
3424 3834 3723 3890 ’Λντώνιον

443 3926 561 4010 tum
596 3953 751 4024 sequi
775 3950 1084 4006 constituit.
1109 3946 1267 4014 Quod
1291 3961 1420 4000 vero
1458 3945 1526 3999 ad
1558 3943 1859 3999 Antonium
1887 3954 2014 4011 quot

2129 3943 2256 3998 καθ’
2296 3939 2546 4016 ¹ἑκάστην
2588 3937 2799 4001 ἰόντων,
2832 3935 3064 4007 ἠρεμεῖν
3092 3933 3192 3987 οὐκ
3239 3926 3355 4002 εἶχε
3405 3928 3551 3982 κατά
3592 3944 3726 3980 σκο-

2133 4035 2256 4090 πόν.
2279 4033 2392 4105 Τὴν
2424 4031 2666 4097 πατρίδα
2707 4029 2765 4084 δὲ
2797 4026 3150 4091 καταλαϐὼν,
3183 4026 3309 4078 ἐπεὶ
3339 4023 3436 4076 καὶ
3457 4022 3508 4075 οῖ
3537 4021 3726 4089 γονεῖς

444 4141 788 4212 tuit.ltaque
849 4139 904 4193 in
955 4137 1193 4208 patriam
1241 4147 1523 4197 reversus,
1582 4143 1710 4186 cum
1766 4134 2014 4198 parentes

2133 4124 2303 4180 αὐτοῦ
2355 4121 2449 4176 τὸν
2496 4121 2623 4193 τῇδε
2681 4119 2798 4190 βίον
2842 4117 3136 4182 ἀπέλιπον,
3170 4114 3286 4176 τοῖς
3319 4111 3576 4180 ἀδελφοῖς
3627 4109 3728 4164 καὶ

443 4239 620 4310 ejuse
663 4236 771 4290 vita
809 4233 912 4287 hac
949 4233 1275 4302 migrassent
1302 4268 1318 4289 ,
1356 4226 1526 4281 multa
1577 4219 1890 4278 substantia
1931 4233 2014 4274 su:

2131 4223 2245 4277 τοῖς
2271 4218 2478 4273 ἐνδεέσι
2507 4217 2608 4288 τὴν
2655 4213 2858 4284 πολλὴν
2901 4209 3227 4282 περιουσίαν
3259 4207 3584 4277 ἐσκόρπισε,
3617 4221 3730 4274 μη-

446 4296 598 4385 oinni
655 4328 918 4383 fratribus
940 4337 996 4381 et
1030 4296 1221 4395 egenis
1241 4320 1533 4376 distributa
1561 4357 1575 4380 ,
1644 4314 1782 4370 nihil
1826 4313 1932 4368 sibi
1964 4327 2014 4368 et

2135 4313 2227 4367 δέν
2257 4331 2311 4366 τι
2352 4311 2414 4366 τὸ
2445 4309 2669 4364 σύνολον
2702 4305 3022 4361 καταλιπὼν
3052 4303 3255 4374 ἐαυτῷ.
3291 4299 3403 4354 Καὶ
3440 4298 3635 4352 λοιπὸν
3671 4296 3730 4350 ἐν

447 4439 516 4478 ea
579 4422 859 4490 reliquum
905 4391 1256 4484 iecit.'708
1290 4411 1358 4465 Et
1396 4425 1522 4463 mox
1561 4404 1759 4462 deinde
1800 4403 1853 4458 in
1913 4403 2014 4457 loc<

2135 4422 2244 4458 τινι
2271 4405 2424 4474 τόπῳ
2447 4402 2585 4474 πρὸς
2611 4399 2889 4454 θάλασσαν
2917 4399 3090 4451 εῖκοσι
3122 4394 3366 4458 σταδίους
3397 4393 3496 4464 τῆς
3524 4391 3727 4461 κώμης

454 4512 695 4584 quodam
726 4509 1025 4574 maritimo,
1066 4506 1259 4577 viginti
1297 4503 1488 4558 stadiis
1520 4515 1550 4554 a
1597 4500 1720 4553 vico
1767 4496 2030 4560 distante,

2139 4499 2372 4569 διέχοντι
2423 4495 2671 4566 καλύῦην
2728 4495 2794 4546 ἐκ
2851 4491 3092 4545 πλίνθων
3137 4491 3435 4559 ἐπήγνυτο,
3501 4485 3730 4555 φορυτῷ

454 4605 738 4679 tugurium
764 4620 794 4658 e
834 4603 1001 4657 latere
1033 4600 1140 4654 sibi
1179 4596 1472 4658 exstruxit,
1520 4591 1781 4663 congerie
1836 4589 2010 4643 fracta

2146 4593 2411 4663 κεράμων
2456 4589 2810 4658 κατεαγότων
2858 4583 3312 4654 κεκαλυμμένην.
3349 4569 3525 4636 Τὸσον
3565 4580 3613 4632 δ’
3659 4574 3730 4650 ἦν

457 4714 582 4754 rum
620 4706 883 4753 testarutn
938 4703 1161 4748 tectum.
1201 4687 1372 4759 Cujus
1425 4694 1572 4740 tanta
1624 4684 1728 4738 fuit
1773 4679 2032 4742 latitudo,

452 4791 742 4865 longitudo
766 4799 821 4845 et
855 4786 1116 4852 altitudo,
1162 4793 1221 4838 ut
1247 4794 1483 4838 stantem
1517 4795 1641 4835 eum
1675 4785 1841 4848 caput
1873 4774 2036 4830 incli-

454 4903 611 4950 nare,
643 4883 970 4940 recumbere
993 4888 1176 4934 autem
1198 4878 1472 4933 volentem
1497 4873 1662 4943 pedes
1695 4871 1759 4924 ad
1793 4871 2035 4938 seipsum

457 4973 786 5030 contrahere
819 4970 1131 5025 necessario
1159 4972 1462 5036 oporteret.
1517 4962 1616 5016 ilic
1651 4961 1819 5014 rebus
1852 4956 2037 5013 omni-

458 5069 564 5123 bus
599 5083 698 5138 per
744 5063 1160 5121 assuetudinem
1185 5099 1199 5122 ,
1229 5069 1536 5130 promptam
1580 5053 1687 5109 sibi
1732 5065 1788 5109 et
1822 5052 2038 5107 facilem

459 5161 698 5216 faciebat
727 5172 1046 5230 :cnmmam.
1095 5155 1274 5222 Atque
1315 5151 1371 5205 in
1405 5147 1786 5203 moderatione
1817 5153 1874 5201 et
1901 5155 2044 5198 tem-

461 5251 711 5323 perantia
755 5249 975 5321 egrcgie
1037 5247 1368 5309 elaboratis,
1421 5241 1633 5295 nullum
1685 5253 1914 5310 prorsus
1974 5252 2040 5290 ex

461 5345 625 5402 factis
660 5337 796 5400 suis
819 5342 1075 5413 concepit
1108 5341 1306 5396 fastum
1335 5380 1348 5403 ,
1384 5353 1511 5393 cum
1546 5335 1771 5406 quidem
1802 5350 1868 5389 ea
1896 5333 1952 5386 in
1985 5347 2045 5389 te

464 5438 809 5512 superiorem
873 5439 1106 5494 haberet
1165 5435 1468 5490 neminem.
1534 5431 1796 5503 Corporis
1858 5439 2044 5484 autem

463 5537 775 5605 voluptates
832 5541 889 5590 et
946 5532 1142 5586 animae
1207 5529 1502 5584 blanditias
1563 5526 1865 5590 edomans,
1921 5539 2045 5579 cum

466 5629 676 5692 inedia,
709 5627 822 5692 siti,
854 5627 1076 5696 frigore,
1099 5635 1155 5680 et
1179 5635 1312 5678 aestu
1350 5632 1574 5677 strenue
1600 5617 2046 5675 conﬂictabatur.

468 5722 713 5777 Moribus
741 5719 973 5789 integris
999 5718 1262 5788 prazditus
1308 5716 1434 5781 fuit,
1478 5729 1735 5770 sermone
1777 5712 2050 5767 hutnanus

466 5825 521 5871 et
559 5812 848 5885 placidus:
892 5819 949 5867 et
977 5824 1319 5880 quaecunque
1359 5823 1641 5863 sacrorum
1699 5802 2049 5859 oraculorum

470 5907 776 5973 didicisset,
821 5914 1076 5962 accurate
1125 5904 1392 5959 memoria
1432 5901 1670 5959 tenebat.
1729 5897 2048 5968 Tantepere

544 6021 623 6093 (1)
662 6021 950 6089 TItubat/ta,
979 6019 1194 6078 Somni.

2143 4687 2330 4757 ἐκείνη
2383 4683 2578 4753 εὔρους
2617 4683 2712 4735 καὶ
2773 4683 2982 4752 μήκους
3035 4679 3128 4730 καὶ
3183 4674 3375 4744 ὕψους,
3405 4672 3482 4734 ὡς
3525 4673 3733 4740 δεῆσαν

2146 4781 2394 4844 ἑστάναι,
2413 4779 2642 4832 κύπτειν
2668 4775 2768 4846 τὴν
2802 4771 3048 4842 κεφαλήν
3067 4787 3081 4801 ·
3118 4770 3308 4820 πεσεῖν
3331 4766 3377 4821 δ’
3411 4767 3733 4832 ἐπάναγκες

2145 4876 2226 4939 ὃν,
2268 4875 2396 4936 τοὺς
2449 4872 2616 4934 πόδας
2657 4868 2966 4932 συνιζάνειν
3015 4864 3152 4935 πρὸς
3186 4860 3400 4914 ἑαυτόν.
3435 4858 3576 4910 lida:
3619 4857 3733 4926 γὰρ

2147 4969 2372 5041 τρόποις
2417 4965 2608 5035 ἔθιμον
2659 4959 3010 5029 ἐποίειαῦτῷ
3036 4958 3140 5028 τὴν
3181 4951 3588 5020 ταλαιπωρίαν.
3629 4951 3735 5002 [Ιο-

2150 5039 2258 5117 νών
2314 5079 2374 5116 τε
2431 5064 2496 5132 τῇ
2554 5056 2856 5130 ἐγκρατείᾳ
2900 5053 3166 5122 δοκίμως,
3201 5050 3407 5115 ἄτυφον
3463 5039 3577 5114 εἶχε
3633 5044 3734 5110 τὴν

2153 5157 2376 5228 πρᾶξιν,
2407 5156 2503 5208 καὶ
2533 5150 2709 5205 ταῦτα
2749 5147 2940 5220 μηδενὶ
2966 5146 3044 5216 τῷ
3079 5145 3228 5216 ἔργῳ
3266 5143 3446 5211 τούτῳ
3477 5137 3738 5192 καταλεί-

2155 5270 2274 5305 πων
2325 5249 2657 5321 ὑπερδολήν.
2703 5242 2939 5315 Κρατῶν
2984 5240 3031 5294 δ’
3079 5241 3203 5293 ὅσαι
3256 5235 3513 5305 σώματος
3547 5233 3736 5302 ἡδονώ⁵

2155 5342 2248 5395 καὶ
2295 5338 2474 5410 ψυχῆς
2533 5335 2790 5397 θωπεῖαι,
2847 5332 2986 5401 πρὸς
3025 5326 3244 5385 ἀσιτίαν
3296 5326 3392 5379 καὶ
3443 5324 3595 5392 δίψος
3643 5324 3736 5371 καὶ

2159 5437 2311 5506 ῥῖγος
2361 5432 2457 5484 καὶ
2499 5429 2693 5494 πνῖγος
2745 5423 2992 5497 στερρῶς
3031 5419 3356 5492 ἠγωνίζετο.
3385 5416 3460 5469 Τὸ
3507 5414 3607 5483 μὲν
3643 5409 3738 5465 οὖν

2155 5521 2288 5598 ἦθος
2343 5522 2626 5584 σπουδαῖός
2682 5537 2767 5581 τις
2819 5514 2909 5589 ἦν,
2944 5512 3182 5587 καὶτὸν
3236 5511 3397 5578 λόγον
3449 5507 3735 5573 ἐπιεικὴςσ

2157 5597 2387 5689 ἀκριϐὲς
2421 5615 2468 5668 δ’
2501 5609 2615 5684 εἷχε
2665 5610 2979 5683 μεμνῆσθαι
3025 5607 3126 5661 ὅσα
3181 5604 3292 5657 τῶν
3347 5601 3510 5671 ἱερῶν
3542 5597 3736 5666 λογίων

2158 5713 2458 5782 ἐξὴσκησε.
2493 5709 2665 5762 Τόσον
2717 5704 2772 5759 δὲ
2821 5703 2887 5757 δι’
2937 5701 3145 5772 ἀρετῆς
3187 5697 3433 5770 ᾠκείωτο
3481 5693 3560 5763 τῷ
3595 5689 3735 5758 Θεῷ.

2161 5803 2235 5866 ὡς
2282 5802 2452 5856 είσέτι
2493 5803 2588 5855 καὶ
2638 5798 2732 5853 νῦν
2777 5795 3006 5857 πολλοὺς
3035 5793 3147 5846 τῶν
3193 5791 3391 5862 ἀνίατα
3432 5787 3736 5840 νοσούντων

2163 5897 2369 5969 ἰᾶσθαι,
2432 5893 2529 5949 καὶ
2576 5891 2841 5964 δαίμονας
2909 5887 3161 5942 ἐλαύνειν
3225 5879 3511 5954 εἰληφέναι
3577 5877 3736 5949 χάριν
