3934 6546
241 433 324 488 281
1155 438 1760 504 ECCLESIASTICA!
1801 443 2196 510 HISTORIAE
2239 452 2368 513 LIB
2433 454 2537 519 1X.

3349 455 3457 522 282

241 540 455 638 λη’ρθεὶς,
606 544 665 598 ἐν
697 546 1054 620 Ταρακηναῖς
1082 555 1383 626 ἐκκλησίας
1414 558 1514 628 τὴν
1551 562 1773 631 ἐπιτρο-

1877 574 2028 620 recte
2064 565 2133 622 de
2161 566 2401 624 Nicaenis
2431 568 2672 627 decretis
2703 570 3016 638 sentientis,
3049 571 3276 628 insidias
3307 573 3454 628 veri-

241 633 330 702 πὴν
355 633 515 704 ἔσχεν.
562 636 686 691 Ἐπὶ
716 641 872 695 τόσον
901 643 957 696 δὲ
990 648 1103 708 τοῖς
1145 648 1311 712 θείοις
1344 651 1769 722 ὲναγλαῖσθῆναι

238 724 422 794 δώροις,
453 726 524 789 ὠς
551 729 644 782 καὶ
672 734 889 802 νεκροῖς
935 737 1199 807 παρέχειν
1227 741 1288 794 τὸ
1312 741 1433 814 ζῇν.
1467 743 1683 813 Τὲρατα
1713 745 1771 798 δὲ

238 819 319 870 καὶ
347 820 534 886 σημεῖα
567 821 800 877 πλεῖστα
847 827 1182 896 ἐπιτελέσαι,
1215 835 1276 888 οὐ
1309 834 1465 904 παρὰ
1501 835 1633 890 πολὺ
1661 835 1772 889 τῶν

239 909 574 963 ἁποστο).ικῶν
620 914 942 978 ἀποδέοντα.
976 922 1144 988 ,Κατὰ
1193 925 1258 994 δὴ
1314 926 1403 980 τὸν
1460 928 1624 983 αὑτὸν
1675 929 1772 984 καὶ

236 1001 514 1067 κρνενονκαὶ
561 1004 727 1060 τόπον
775 1013 1128 1084 συνακμάσαι
1181 1017 1274 1070 καὶ
1337 1018 1570 1091 Ἰλάριον
1613 1021 1772 1089 λόγος

236 1093 432 1160 ἐκεῖνον,
462 1095 604 1150 θεῖόν
640 1116 762 1154 τινα
797 1104 987 1175 ἄνδρα,
1018 1107 1076 1170 δς
1104 1110 1344 1180 ὁπηνίκα
1386 1116 1578 1184 φεύγοι
1615 1117 1772 1186 Μαρ-

236 1187 378 1251 τῖνος,
402 1187 502 1240 τῶν
531 1190 664 1244 ῐσων
696 1197 789 1248 καὶ
821 1197 983 1262 αὐτὸς
1015 1202 1296 1257 ἐκοινώνει
1329 1207 1537 1270 κακῶν,
1571 1207 1668 1262 ἆτι
1706 1207 1772 1278 δὴ

237 1275 356 1346 ὑπὲρ
398 1277 492 1348 τῆς
538 1283 780 1350 πίστεως
825 1287 920 1340 τοῦ
970 1292 1086 1346 {seu
1134 1277 1306 1364 ζήλου
1358 1296 1622 1367 μετέχων.
1659 1275 1772 1367 Τῆς

240 1367 524 1423 Ποικτάϐων
568 1372 614 1424 δ’
655 1377 956 1449 ἐκκλησίας
1001 1383 1096 1436 καὶ
1143 1384 1299 1450 οὗτος
1329 1388 1598 1457 ἡγήσατο.
1631 1389 1770 1459 Παρ’

249 1459 440 1525 Ἰταλοῖς
487 1465 540 1517 δὲ
592 1471 686 1520 καὶ
714 1473 829 1534 τοῖς
879 1473 1136 1530 ἐπέκεινα
1168 1478 1358 1543 τόποις
1387 1481 1646 1542 Εὐσέϐιος
1677 1481 1771 1535 καὶ

239 1549 482 1624 Διυκίφερ
537 1555 838 1628 διέπρεπον
899 1564 987 1616 ἐπ’
1040 1569 1210 1639 ἀρετῇ
1273 1571 1519 1641 πατρίων
1571 1571 1768 1640 λόγων,

239 1642 403 1735 μηδενὶ
432 1647 520 1698 τὸν
550 1650 664 1702 ἴσον
694 1651 862 1706 τόπον
897 1657 1114 1723 ἐῶντες.
1165 1661 1394 1730 Ίλάριος
1424 1664 1481 1718 δὲ
1516 1666 1610 1718 καὶ
1646 1665 1772 1735 περὶ

237 1733 438 1826 πίστεως
468 1740 561 1792 καὶ
609 1746 754 1799 κατά
788 1767 938 1814 τινας
966 1751 1224 1825 ἀλλότρια
1255 1755 1349 1809 τοῦ
1397 1757 1583 1826 ὑγιοῦς
1621 1733 1776 1822 δοξᾶ-

237 1824 399 1918 ςοντας
439 1829 708 1899 δόγματος
757 1835 949 1904 λόγους
979 1843 1116 1896 πολὺ
1139 1824 1210 1897 τὸ
1249 1824 1540 1914 ἐπαγωγὸν
1571 1849 1772 1918 προϐε-

1877 663 2000 724 tus,
2052 658 2304 714 discessit
2335 676 2350 714 :
2383 669 2439 716 et
2469 676 2526 742 se
2564 662 2618 717 in
2657 663 2892 717 insulam
2937 665 3226 735 quamdam
3247 706 3262 730 ,
3283 666 3448 736 711

1873 763 1994 817 quae
2047 754 2340 809 vernaculo
2394 757 2616 811 nomine
2667 756 2950 819 Galinaria
3007 757 3081 826 (l)
3140 757 3451 823 dicebatur,

1873 841 2103 897 abdidit.
2139 845 2199 899 In
2234 845 2336 901 hac
2371 847 2634 903 alimento
2675 849 2922 903 radicum
2959 848 3254 903 herbarum
3292 849 3450 904 vixit.

1875 933 2056 991 Insula
2085 945 2268 994 autem
2297 940 2416 1012 ipsa
2439 942 2634 1012 exigua
2662 941 2962 997 admodum
2990 950 3096 1008 est,
3125 951 3180 997 et
3205 923 3452 998 aediliciis

1873 1041 2090 1091 carens.
2127 1029 2476 1102 Tyrrhenum
2520 1032 2830 1103 respiciens
2880 1049 3051 1089 mare.
3096 1033 3277 1103 Atque
3321 1033 3451 1092 inde

1873 1119 2166 1184 abductus,
2194 1120 2733 1180 administrationem
2765 1125 3015 1180 ecclesia:
3053 1123 3451 1179 Taraeenensis

1871 1212 1960 1266 vel
2005 1213 2189 1282 potius
2237 1213 2577 1271 Turonensis
2622 1217 2887 1286 suscepit.
2944 1219 3004 1271 In
3061 1226 3274 1272 tantum
3321 1232 3450 1272 vero

1874 1303 2074 1358 divinis
2105 1305 2450 1376 resplenduit
2480 1306 2676 1373 donis,
2714 1316 2774 1361 ut
2802 1316 2858 1362 et
2897 1318 3148 1363 mortuos
3193 1309 3245 1361 in
3278 1309 3450 1362 vitam

1874 1391 2205 1459 restitu'erit.
2243 1398 2610 1468 prodigiaque
2643 1408 2699 1454 et
2735 1399 2994 1455 miracula
3030 1400 3290 1472 plurima,
3327 1415 3450 1468 qua:

1873 1500 1982 1541 non
2015 1488 2246 1544 multum
2277 1489 2346 1544 ab
2375 1490 2694 1558 apostolicis
2720 1492 2982 1547 abessent
3033 1491 3227 1559 signis,
3261 1491 3475 1546 εοεαε-λ

1875 1581 1967 1636 rit.
2001 1581 2208 1636 Eodem
2243 1591 2298 1637 et
2326 1591 2574 1654 tempore
2605 1592 2661 1637 et
2689 1583 2812 1638 loco
2845 1583 3006 1638 simul
3044 1598 3262 1660 quoque
3297 1583 3450 1637 llila-

1875 1663 1990 1728 rius
2033 1673 2122 1730 ille
2187 1674 2396 1745 viguit,
2446 1675 2531 1728 vir
2560 1675 2816 1741 divinus,
2861 1676 2954 1745 qui
3004 1691 3129 1730 cum
3180 1675 3450 1730 Martinus

1873 1763 2226 1835 profugeret,
2279 1765 2530 1821 eamdem
2582 1768 2849 1825 sustinuit
2884 1767 3159 1822 fortunam
3195 1783 3210 1821 :
3247 1767 3451 1836 quippe

1876 1855 1968 1924 qui
2001 1855 2194 1910 eodem
2233 1871 2359 1911 cum
2396 1857 2490 1910 illo
2526 1857 2722 1914 ardore
2761 1859 2814 1912 in
2853 1858 3016 1914 fidem
3048 1857 3309 1913 ferretur.
3351 1857 3452 1912 Hie

236 1915 783 2021 ϐλημένουςξξέδοτο.
826 1931 884 1984 '0
925 1933 970 1986 δ’
1017 1935 1276 2002 Εὐσέϐιος
1309 1940 1533 2021 καὶτῆς
1574 1915 1774 2009 ἐκκλη-

1877 1915 2278 2001 ῥὶςιιινίεηεθιιι
2324 1947 2653 2018 gubernavit
2691 1949 2996 2005 Ecclesium
3024 1948 3125 2019 (2),
3177 1959 3341 2019 atque
3381 1948 3451 2002 de

240 2007 336 2124 ῒίας
374 2011 683 2124 Βρεκέλλων
720 2023 986 2124 προέστη.
1021 2026 1300 2100 Λουκίφερ
1351 2030 1427 2096 δὲ,
1458 2007 1533 2095 ὥς
1579 2007 1773 2101 μικρδν

1877 2035 2002 2102 fide,
2035 2045 2091 2093 et
2129 2007 2394 2094 adversus
2425 2041 2690 2109 quosdam
2731 2041 2824 2110 qui
2861 2007 3131 2094 alienas'a
3165 2007 3298 2096 sana
3319 2038 3447 2094 doc-

238 2101 811 2200 ἔρτιροσθενέροῦμεν,
844 2114 939 2167 καὶ
989 2117 1280 2188 ἐπωνύμου
1335 2121 1486 2192 αὐτῷ
1532 2122 1770 2194 προέστη

1876 2101 2018 2184 trina
2047 2129 2309 2185 afferrent
2340 2101 2632 2200 opiniones
2653 2171 2668 2197 ,
2704 2101 2872 2184 libros
2905 2130 2972 2184 ad
3005 2129 3453 2200 persuadendum

237 2190 483 2260 αἱρέσεως.
529 2196 652 2248 Ἐπὶ
683 2199 747 2269 δὴ
795 2203 1008 2267 τούτοις
1037 2208 1129 2260 καὶ
1159 2190 1462 2274 Φλαυῖανὸς-
1503 2190 1599 2265 καί⁹
1632 2190 1775 2266 Παυλ

236 2281 371 2376 λίνος,
401 2287 448 2339 οἶ
493 2295 633 2358 μετὰ
681 2297 854 2350 ταῦτα
904 2298 996 2350 τὸν
1044 2301 1144 2372 τῆς
1202 2303 1534 2374 Ἀντιοχείας
1585 2306 1773 2376 θρόνον

235 2375 352 2447 ἦσαν
395 2381 842 2456 διανειμάμενοι⁶
880 2389 976 2455 οὓς
1022 2392 1086 2464 δὴ
1119 2394 1213 2448 καὶ
1257 2396 1535 2462 Λεόντιος,
1581 2375 1657 2462 ὥς
1695 2399 1772 2470 μὴ

235 2475 584 2543 ὀζιοδοξοῦντας
634 2483 850 2554 ἐκείνῳ,
897 2487 1166 2541 καθεῖλεν.
1224 2484 1384 2544 Οὗτοι
1440 2491 1484 2542 δ’
1535 2487 1675 2563 ἦσαν
1721 2494 1771 2547 οἳ

236 2565 485 2640 Εὐσταθίῳ
514 2573 612 2642 τὴν
639 2574 892 2645 μεθόριον
922 2578 1259 2650 ἀπαγομένῳ
1302 2581 1642 2636 συνείποντο.
1674 2582 1772 2647 ’ος

233 2657 325 2708 τῖον
358 2658 508 2726 ἱερῶν
555 2663 653 2730 τῆς
719 2666 1054 2738 Ἀντιοχείας
1103 2672 1425 2741 φροντίδων,
1461 2673 1668 2743 μᾶλλον
1715 2675 1772 2727 δὲ

234 2749 343 2818 ὅλης
376 2753 466 2822 τῆς
509 2755 817 2824 εὐσεϐείας,
871 2761 1024 2816 οὐδὲν
1080 2763 1342 2834 ἠνέσχετο
1400 2770 1512 2828 τοῖς
1557 2771 1772 2839 καιροῖς

234 2839 434 2906 ἐκείνοις
458 2848 1037 2917 συγκαπηλεύσασθαι.
1068 2854 1158 2924 Τῷ
1199 2855 1245 2908 δ’
1279 2856 1430 2927 αὐτῷ
1467 2857 1642 2929 χρόνῳ
1675 2859 1772 2910 καὶ

245 2932 459 3024 ’ξφραὶμ
502 2941 529 2991 ὁ
583 2939 755 3011 Σύρος
805 2943 986 3016 πολλῷ
1032 2947 1243 3011 πάντας
1295 2950 1655 3020 παρελαύνων
1695 2951 1771 3024 τῷ

235 3022 367 3114 μέσῳ
393 3027 784 3102 ἁνεγνωρίζετο
807 3050 822 3066 '
854 3035 914 3101 ὃς
953 3039 1172 3094 Νίσιϐιν
1209 3044 1306 3111 μὲν
1341 3037 1454 3114 εἶχε
1496 3022 1768 3114 πατρίδα)

234 3113 317 3180 τὴν
356 3117 490 3167 κατὰ
520 3121 794 3189 μοναχοὺς
837 3121 883 3176 δ’
911 3125 1174 3195 ἀσκηθεὶς
1207 3126 1548 3195 φιλοσοφίαν,
1581 3113 1771 3197 ἐξαπί-

1872 2223 2031 2277 valde
2073 2223 2380 2293 appositos,
2409 2223 2681 2279 condidit.
2714 2225 2872 2294 Apud
2920 2224 3088 2278 Italos
3131 2238 3265 2278 sane
3309 2232 3365 2277 et
3395 2224 3453 2277 in

1873 2311 2010 2366 locis
2063 2311 2423 2369 ulterioribus
2472 2315 2729 2368 euituere
2783 2314 3058 2368 Eusebius
3103 2323 3158 2368 et
3207 2311 3454 2376 Lucifer,

1873 2404 2061 2473 patriae
2113 2404 2444 2474 eloquentia:
2492 2405 2542 2458 vi
2593 2405 2736 2460 alios
2788 2421 2982 2461 omnes
3029 2405 3453 2460 antecellentes.

1875 2495 2146 2550 Eusebius
2183 2497 2348 2550 etiam
2380 2496 2631 2552 ccclesire
2666 2497 3000 2552 Vercellensi
3037 2495 3298 2566 praefuit:
3342 2495 3456 2549 Lu-

1845 2575 2008 2643 ‘cifcr
2047 2604 2198 2652 vero,
2245 2589 2405 2644 siculi
2434 2590 2597 2659 paulo
2639 2599 2761 2660 post
2793 2589 3062 2652 dicemus,
3098 2590 3343 2644 nominis
3365 2588 3458 2643 sui

1873 2683 2067 2740 limresi
2125 2684 2304 2754 pra-iit
2356 2684 2453 2748 (3).
2515 2684 2786 2739 Praeterea
2845 2683 3136 2738 Flavianus
3200 2692 3256 2738 et
3308 2684 3454 2738 Pau-

1872 2776 2020 2830 linus
2047 2776 2180 2830 clari
2208 2784 2320 2830 tum
2351 2775 2525 2840 fuere,
2551 2776 2645 2845 qui
2671 2785 2859 2846 postea
2888 2771 3246 2832 Antiochensi
3273 2777 3456 2832 eccle-

1873 2868 1966 2923 siae
2013 2884 2100 2924 res
2143 2868 2600 2924 administravere
2636 2885 2652 2923 :
2698 2870 2906 2939 quibus
2959 2871 3125 2924 etiam
3162 2870 3456 2935 Leontius,

1873 2961 2018 3031 quod
2055 2960 2346 3016 sententiis
2375 2961 2442 3014 ab
2483 2975 2548 3015 eo
2607 2959 3022 3026 discordarent,
3073 2963 3452 3032 episcopatum

1872 3052 2177 3124 abrogavit.
2224 3053 2264 3108 li
2298 3064 2449 3118 sunt,
2478 3054 2571 3124 qui
2620 3054 2913 3110 Eustathio
2959 3055 3012 3109 in
3057 3055 3314 3111 exsilium
3355 3055 3454 3110 de-

1873 3156 2090 3216 portato
2115 3145 2346 3202 comites
2377 3145 2568 3212 fuere;
2596 3147 2688 3216 qui
2717 3161 2850 3200 sane
2882 3147 3019 3200 nihil
3049 3161 3279 3216 prorsus
3313 3155 3454 3201 tem-

235 3219 316 3271 νης
339 3208 467 3260 κατὰ
496 3208 593 3280 τὴν
625 3211 817 3283 Σύρων
867 3217 1052 3288 φωνὴν
1102 3220 1354 3275 τοσοῦτον
1384 3222 1645 3288 ἐπέδωκε,
1681 3225 1772 3279 καὶ

1876 3237 2100 3309 poribus
2133 3237 2262 3304 illis,
2295 3237 2362 3293 de
2393 3238 2567 3293 sacris
2601 3238 2964 3293 Antioeheme
3001 3237 3260 3294 Ecclesiae
3299 3241 3456 3294 curis

235 3297 384 3353 ταῦτα
413 3304 547 3373 μήτε
577 3307 979 3379 προδιδαχθεὶς,
1021 3313 1150 3384 μήτ’
1197 3314 1260 3369 ἐκ
1293 3333 1454 3370 τινων
1484 3318 1772 3387 συμϐόλων

233 3390 494 3464 ὖπόσχεσιν
548 3396 672 3462 δοὺς
727 3403 972 3466 τοιοῦτος
1027 3407 1354 3474 φανεῖσθαι,
1405 3408 1481 3472 ὡς
1543 3413 1610 3480 τῇ
1672 3411 1775 3480 μὲν

234 3485 438 3553 ἀσκήσει
463 3490 518 3549 ἐς
547 3490 718 3562 ἄκρον
755 3493 969 3548 ἱκέσθαι
998 3496 1388 3571 τῆς-θεωρίας,
1429 3502 1506 3572 τῷ
1535 3501 1590 3556 δὲ
1636 3501 1774 3572 λαμ-

233 3576 338 3646 πρῷ
369 3580 455 3631 καὶ
501 3585 783 3662 προχείρῳ
815 3587 911 3640 καὶ
953 3589 1075 3660 ἡδεῖ
1119 3591 1216 3645 τοῦ
1247 3592 1406 3660 λόγου
1440 3596 1534 3647 καὶ
1561 3593 1638 3666 τῷ
1668 3596 1776 3650 τῶν

234 3673 492 3738 νοημάτων
536 3677 727 3747 πυκνῷ
773 3696 832 3732 τε
868 3683 959 3734 καὶ
1012 3683 1248 3755 σώφρονι
1292 3688 1386 3741 καὶ
1427 3688 1556 3753 τοὺς
1608 3689 1776 3746 πάλαι

236 3766 344 3818 ποτὲ
386 3769 513 3835 παρ’
550 3767 811 3843 Ἕλλησιν
863 3774 1298 3849 εὑδοκιμηκότας
1349 3770 1774 3851 ὑπερϐαλέσθαι.

237 3856 325 3910 Καὶ
376 3862 478 3932 γάρ
527 3881 645 3928 πως
685 3866 915 3921 ἐκείνων
961 3869 1016 3922 ετ
1057 3888 1140 3936 τις
1184 3872 1265 3937 είς
1312 3874 1500 3946 Σύρων
1545 3877 1708 3948 τυχὸν
1743 3878 1777 3946 ἦ

235 3951 458 4016 γλῶσσαν
496 3957 691 4027 ἑτέραν
733 3960 1094 4028 μεταϐάλλειν
1123 3966 1331 4036 αἱροίτο
1383 3970 1482 4031 τὰς
1527 3986 1778 4040 συγγρα-

237 4044 346 4108 φὰς,
391 4047 481 4100 καὶ
537 4049 638 4122 τὴν
693 4051 1038 4108 ἐπανθοῦσαν
1083 4057 1244 4128 χάριν
1289 4059 1396 4113 τῶν
1445 4060 1776 4133 Ἑλληνικῶν
1840 4054 1842 4056 ’

238 4141 644 4208 κιρυκευμάτων
697 4143 992 4212 ἀφέλοιτο,
1052 4148 1148 4202 καὶ
1203 4149 1300 4220 τὴν
1353 4152 1777 4224 ὲπιχρὼζουσαν

238 4228 499 4299 τερθρείαν
545 4237 638 4288 καὶ
689 4237 948 4306 γοητείαν
992 4239 1102 4293 τῶν
1143 4239 1364 4308 λέξεων,
1395 4245 1596 4298 αὐτίκα
1644 4249 1780 4317 πρό-

237 4319 369 4388 δῃλον
393 4324 450 4377 τὸ
479 4326 586 4379 τῶν
619 4329 908 4398 νοημάτων
945 4331 1044 4385 οὐκ
1096 4332 1339 4402 εὐγενὲς,
1369 4336 1468 4406 τῆς
1499 4354 1782 4408 κομμωτι-

240 4414 325 4480 κῆς
352 4417 503 4482 εὐθὺς
531 4421 756 4491 χάριτος
786 4424 1188 4496 ἀπορρεούσης.
1213 4429 1338 4491 Τοῖς
1363 4445 1425 4496 γε
1457 4430 1566 4500 μὴν
1598 4431 1780 4499 λόγοις

1876 3346 1940 3385 ac
1962 3333 2144 3400 potius
2167 3331 2236 3386 de
2264 3341 2372 3386 tota
2397 3331 2698 3386 sinceriore
2724 3331 2927 3402 pietate
2947 3331 3132 3386 vitiari
3160 3332 3448 3389 sustinuit.

1877 3422 2080 3479 Eadem
2113 3423 2216 3479 hac
2243 3431 2403 3479 aetate
2427 3432 2482 3478 et
2509 3423 2764 3494 Ephraim
2791 3423 2964 3496 Syrus
2990 3424 3287 3494 praeclarus
3318 3425 3443 3490 fuit,
3517 3455 3528 3466 κ

1877 3515 1971 3584 qui
2003 3515 2224 3585 quidem
2257 3513 2421 3583 longo
2452 3514 2748 3570 intervallo
2787 3530 2985 3572 omnes
3019 3517 3324 3586 praecessit.
3357 3517 3457 3573 llic

1876 3605 2108 3660 Nisibim
2136 3605 2370 3676 patriam
2404 3604 2616 3672 habuit,
2649 3613 2708 3662 et
2739 3606 2796 3660 iu
2829 3606 3233 3662 monachorum
3267 3608 3454 3678 philo-

1878 3698 2070 3768 sophia
2117 3698 2470 3766 exereitatus,
2501 3699 2653 3754 brevi
2704 3708 2916 3754 tantum
2962 3700 3017 3756 in
3051 3700 3236 3772 lingua
3285 3701 3458 3774 Syro-

1878 3808 2023 3857 rum,
2047 3807 2171 3847 cum
2202 3791 2426 3862 quidem
2457 3807 2576 3848 eam
2608 3793 2764 3863 prius
2791 3799 2859 3848 ah
2883 3795 3006 3849 aliis
3034 3811 3146 3849 non
3172 3796 3458 3852 didicisset

1881 3899 2058 3954 neque
2114 3884 2390 3953 Specimen
2441 3883 2664 3954 aliquod
2713 3892 2811 3939 aut
2855 3901 3048 3954 spem,
3103 3887 3267 3941 talem
3322 3902 3454 3943 eum

1880 3976 2019 4040 fore,
2052 3975 2397 4046 praebuisset,
2444 3976 2704 4046 profecit,
2748 3985 2808 4032 ut
2849 3991 2977 4032 cum
3029 3969 3458 4048 pietatis'exer-

1881 4070 2013 4127 eitio
2041 4069 2108 4124 ad
2135 4083 2412 4124 summum
2447 4069 2940 4139 contemplationis
2971 4073 3305 4140 pervenerit,
3339 4084 3462 4130 tum

1883 4163 2195 4232 splendore,
2217 4161 2478 4217 facilitate
2505 4171 2560 4216 et
2584 4163 2860 4218 suavitate
2890 4140 3212 4232 verborum:
3239 4181 3456 4220 necnon

1881 4255 2156 4311 densitate
2184 4261 2241 4309 et
2270 4254 2542 4325 gravitate
2574 4253 3000 4320 sententiarum,
3039 4255 3203 4310 etiam
3234 4258 3460 4324 praecla-

1881 4348 2126 4403 rissimos
2162 4362 2410 4418 quosque
2439 4345 2780 4412 Graecorum,
2810 4346 2906 4416 qui
2951 4346 3268 4418 eloquentia
3304 4349 3459 4402 auti-

1881 4440 2068 4510 quitus
2109 4440 2520 4504 excelluissent,
2565 4440 2938 4509 superaverit.
2987 4440 3203 4495 Etenim
3253 4441 3298 4495 si
3331 4441 3460 4511 quis

249 4503 465 4602 I’Eopalp
516 4512 690 4575 ἄλλως
752 4516 897 4585 ἔχει·
929 4520 1021 4570 καὶ
1066 4518 1174 4588 γὰρ
1223 4519 1328 4583 ἕως
1367 4520 1426 4574 οὗ
1462 4527 1657 4592 περιῆν
1689 4524 1776 4579 καὶ

1885 4503 2103 4587 illorum
2134 4530 2321 4587 Graeca
2361 4531 2566 4600 scripta
2609 4503 2664 4585 in
2702 4531 2971 4602 Syrorum
3005 4531 3151 4588 forte
3182 4541 3279 4586 aut
3308 4503 3456 4586 alio-

239 4597 257 4646 ὲ

238 4690 631 4765 ἀλλοιουμένων,
672 4698 734 4752 οὐ
778 4698 921 4753 πάνυ
977 4703 1168 4775 πόρρω
1204 4703 1304 4768 τῆς
1355 4705 1777 4778 ὲνοικουρούσης

241 4786 533 4851 ἀφίστανται
591 4791 812 4862 ἀρετῆς.
851 4793 1050 4861 Θαῦμα
1095 4794 1140 4848 δ’
1183 4797 1303 4851 ἐστὶ
1350 4800 1462 4860 τοῖς
1492 4799 1774 4865 ἀκούουσι,

241 4879 315 4929 aui
341 4878 530 4952 Ἕλλην
579 4884 674 4936 καὶ
729 4882 897 4954 Σύρος
947 4886 1498 4956 ἀναγινωσκόμενοςο
1548 4889 1641 4943 διά
1695 4907 1779 4944 τοι

240 4972 318 5020 καὶ
353 4975 378 5026 ὁ
413 4976 577 5038 πολὺς
627 4978 686 5029 ὲν
727 4977 869 5048 λόγῳ
924 4981 1017 5031 καὶ
1065 4979 1236 5050 ἀρετῇ
1285 4981 1589 5047 Βασίλειος,
1621 4984 1648 5036 δ
1679 4985 1778 5051 τὴν

241 5061 594 5121 Καππαδοκῶν
623 5071 1050 5141 κατακοσμήσας
1093 5073 1452 5144 μητρόπολιν,
1481 5075 1780 5145 ὑπερφυῶς

240 5151 316 5204 τὸν
351 5157 508 5229 ἄνδρα
560 5159 870 5230 ἐθαύμασε,
921 5163 1016 5216 καὶ
1060 5163 1160 5234 τῆς
1211 5164 1462 5228 παιδείας
1511 5167 1782 5236 μακάριον

241 5242 435 5311 ἥγηται.
479 5249 564 5314 Ὠς
613 5251 772 5322 δῆλον
808 5249 951 5307 εἶναι
1007 5257 1073 5326 τῇ
1115 5253 1323 5308 ἐκείνου
1372 5256 1592 5324 ἀκριϐεῖ
1641 5275 1782 5328 μαρ-

243 5335 399 5407 τυρίᾳ,
426 5341 516 5394 καὶ
544 5345 697 5411 κοινῇ
734 5347 885 5414 παρὰ
909 5343 1018 5398 τῶν
1045 5346 1103 5398 ὲν
1138 5346 1315 5413 λόγοις
1347 5345 1782 5417 θαυμαζομένων

252 5425 490 5500 Ἑλλήνων
561 5435 859 5504 τηνικάδε,
920 5442 1139 5492 πάντων
1200 5439 1631 5509 ἐλλογιμώτερον
1690 5442 1781 5494 τὸν

247 5586 454 5709 mania
504 5594 641 5647 mari
698 5593 880 5649 Tusco
929 5605 1118 5650 contra
1178 5606 1395 5653 montes
1457 5595 1781 5667 Lygusticos

307 5727 372 5795 (2)
405 5732 562 5788 Divus
591 5734 833 5790 Hilarius
860 5737 1059 5808 eonjux
1093 5737 1194 5792 fuit
1237 5756 1249 5791 :

339 5816 451 5896 {Vtut
481 5827 658 5896 nocuit
696 5826 792 5877 tibi
837 5829 1128 5896 progenies,
1168 5845 1266 5880 mm
1297 5828 1495 5883 obstitit
1525 5846 1674 5896 uxor,

340 5886 574 5954 Leqitimo
607 5886 891 5958 coniuncta
928 5886 1094 5962 thoro,
1116 5886 1218 5954 ium
1251 5898 1452 5953 horruit
1480 5900 1577 5955 illa

266 4598 363 4694 ζῇς,
389 4603 466 4666 είς
491 4606 590 4675 τὴν
626 4606 906 4678 Ἑλληνίδα
937 4609 1184 4678 γλῶτταν
1217 4612 1326 4666 τῶν
1354 4613 1568 4666 ἐκείνου
1598 4613 1776 4682 λόγων

1883 4639 2004 4678 rum
2037 4623 2384 4694 peregrinam
2411 4622 2657 4693 linguam
2691 4623 3042 4689 transferret,
3077 4633 3133 4678 et
3166 4623 3457 4678 florentem

1880 4716 2028 4770 illam
2085 4715 2400 4770 Graecorum
2440 4725 2898 4770 ornamentorum
2925 4717 3198 4786 gratiam;
3252 4717 3458 4771 decen-

1883 4816 2107 4877 temque
2141 4809 2383 4864 nitorem
2416 4819 2471 4864 et
2504 4824 2734 4863 succum
2777 4809 3074 4864 verborum
3116 4808 3457 4870 detraheret.

1883 4900 2044 4969 712
2091 4899 2239 4954 illico
2282 4915 2504 4969 quoque
2549 4899 2808 4956 ascititiis
2855 4900 3140 4955 coloribus
3189 4899 3457 4953 deficien-

1881 4990 2055 5050 tibus,
2107 4991 2511 5044 sententiarum
2543 4990 2862 5044 obscuritas
2909 5006 3030 5045 sese
3065 4990 3354 5059 prodebat.
3388 4995 3459 5042 At

1882 5079 2140 5148 prraim
2175 5080 2357 5151 [longe
2407 5080 2516 5136 alia
2573 5091 2693 5136 erat
2751 5082 2953 5138 eratin.
3017 5081 3152 5134 Nam
3208 5096 3333 5135 cum
3388 5096 3459 5135 eo

1881 5170 2065 5226 adhuc
2111 5171 2450 5242 superstite,
2497 5182 2663 5242 atque
2709 5173 2877 5228 etiam
2917 5171 3207 5238 defuncto,
3263 5181 3455 5241 postea

1881 5262 2010 5318 libri
2035 5263 2156 5332 ejus
2196 5262 2250 5316 in
2282 5261 2524 5319 Graecam
2551 5263 2791 5334 linguam
2822 5273 3302 5326 converterentur,
3337 5281 3445 5318 non

1882 5353 2046 5424 longe
2093 5352 2394 5408 admodum
2431 5369 2462 5408 a
2511 5355 2735 5424 propria
2786 5364 2844 5407 et
2891 5355 3076 5408 nativa
3113 5353 3462 5409 decedebant

1883 5449 2108 5500 virtute.
2167 5445 2368 5501 Mirum
2429 5447 2652 5515 quidem
2703 5445 2898 5502 auditu
2939 5456 3057 5513 est,
3101 5447 3358 5503 eumdem
3403 5457 3472 5503 et

1988 5600 2311 5668 Tempestate
2343 5600 2480 5654 Deus
2503 5603 2785 5671 thammos,
2821 5605 3104 5670 cunabula,
3128 5607 3316 5659 twdas.

1990 5671 2115 5744 Sola
2135 5675 2320 5724 eratin
2343 5671 2658 5744 pretio,quae
2689 5691 2827 5728 nunc
2859 5676 3126 5744 inruguila
3152 5679 3329 5730 virtus

1989 5741 2200 5804 δοκέει,
2237 5751 2286 5794 et
2317 5742 2500 5795 attrito
2537 5741 2658 5797 uicit
2690 5762 2809 5798 eum
2837 5741 2999 5815 plebe
3015 5752 3240 5802 cucullo.

2726 5816 2905 5886 (Bapt.
2933 5817 3328 5887 Mantuanus.»

1952 5902 2027 5972 (ὅ)
2056 5898 2185 5966 Qum
2220 5910 2274 5958 et
2306 5901 2876 5975 llomonymiauorum
2901 5912 3066 5960 dicta.

3425 5864 3457 5885 κ
