3928 6538
440 461 545 521 Ξδι

1657 467 1700 520 Ν
1717 463 2078 521 IUEPHOKI
2122 461 2462 522 CALLISTI

3593 461 3686 520 est

443 578 632 633 Gnece
673 583 730 630 et
762 573 990 646 Syriace
1020 572 1150 643 legi.
1181 572 1356 640 Quam
1405 573 1476 629 ob
1523 587 1745 630 causam
1786 591 2019 644 magnus

2135 576 2376 648 Ἐφραὶμ
2426 576 2706 649 κριθῆναι,
2743 577 2881 647 μηδὲ
2924 575 3032 646 γὰρ
3065 577 3131 630 ἂν
3162 577 3236 639 ὡς
3267 577 3420 647 ἔτυχε
3462 576 3560 646 τὴν
3593 578 3689 629 Bz-

445 671 533 724 ille
556 677 612 723 et
642 669 892 723 oratione
921 677 976 723 et
1003 667 1204 722 virtute
1229 667 1487 733 Basilius,
1515 670 1607 738 qui
1630 667 2017 738 Cappadocum

447 761 796 832 metropolim
831 761 1154 831 episcopatu
1188 776 1291 816 suo
1321 762 1632 825 exornavit,
1668 777 2021 831 summopere

443 857 624 923 virum
655 863 741 909 est
773 853 1109 918 admiratus,
1146 853 1513 922 eamdemque
1547 853 1878 908 eruditionis
1917 868 2020 908 no-

447 947 598 1000 mine
624 945 843 1000 beatum
873 945 1108 1000 censuit.
1143 945 1213 1001 Ut
1237 945 1371 999 tanti
1408 945 1511 998 viri
1541 955 1648 1000 tam
1681 955 1836 1001 certo
1867 946 2020 1002 testi-

448 1039 634 1093 monio
663 1039 1016 1093 manifestum
1048 1038 1141 1103 sit,
1166 1037 1538 1093 communiter
1567 1053 1787 1108 quoque
1812 1054 1840 1092 a
1872 1037 2022 1095 Grac-

446 1132 562 1195 cis,
623 1129 719 1199 qui
777 1138 891 1184 tum
957 1129 1186 1185 clarum
1229 1129 1284 1183 in
1342 1127 1665 1198 eloquentia
1727 1131 2022 1185 obtinuere

453 1234 690 1287 nomen,
735 1221 1251 1292 praestantissimum
1297 1221 1543 1275 omnium
1576 1221 1836 1292 Ephraim
1869 1222 2022 1294 judi-

450 1323 633 1366 catmn
679 1329 818 1369 esse.
880 1312 992 1367 Vox
1041 1327 1172 1366 sane
1217 1312 1406 1367 Basilii
1469 1313 1593 1368 talis
1660 1329 1767 1368 non
1814 1318 2021 1396 temere

453 1410 660 1477 prolata
689 1422 809 1462 esse
831 1405 1198 1460 existimanda
1223 1413 1329 1460 est.
1359 1405 1576 1460 Dicitur
1595 1414 1777 1460 autem
1804 1405 2024 1462 divinus

450 1498 710 1567 Ephraim
776 1503 1052 1551 trecentas
1107 1511 1374 1550 versuum
1430 1496 1708 1567 myriades
1770 1497 2022 1552 conscri-

449 1588 642 1656 psisse.
682 1586 832 1642 Multi
865 1600 1088 1656 quoque
1124 1585 1174 1640 ei
1211 1585 1368 1641 fuere
1409 1586 1694 1656 discipuli,
1732 1586 1828 1656 qui
1863 1587 2021 1641 insti-

451 1677 716 1729 tutionem
758 1683 814 1730 et
856 1674 1265 1746 philosophiam
1307 1676 1430 1747 ejus
1460 1685 1590 1731 sunt
1632 1677 1919 1732 aemulati:
1964 1677 2021 1733 in

447 1767 653 1835 quibus
680 1767 1016 1822 celebriores
1076 1775 1208 1821 sunt
1237 1767 1421 1823 Abbas
1443 1809 1457 1831 ,
1489 1768 1772 1825 Zenobius
1793 1810 1807 1835 ,
1840 1770 2021 1825 Abra-

451 1860 599 1924 ham,
623 1860 832 1926 Maran,
863 1868 918 1914 et
948 1860 1205 1930 Symeon,
1233 1862 1374 1931 apud
1403 1851 1568 1933 Syros
1603 1862 1810 1933 ingenti
1843 1865 2018 1934 gloria

2125 671 2327 724 σιλείου
2366 663 2550 743 φωνὴν
2583 671 2917 741 λογίζεσθαι.
2957 670 3131 738 Λόγος
3179 686 3242 738 γε
3295 671 3402 740 μὴν
3433 669 3521 722 τὸν
3557 668 3689 721 θεῖον

2135 764 2375 834 Ἐφραὶμ
2439 766 2761 836 τριακοσίας
2818 764 3088 835 μυριάδας
3144 761 3295 816 ἐπῶν
3356 761 3688 831 συγγράψαι.

2123 855 2317 908 Πολλοὶ
2365 855 2424 908 δὲ
2474 857 2570 909 καὶ
2629 839 2926 926 φοιτῶντεξ
2982 849 3127 926 ἦσαν
3172 853 3317 922 αύτῷ
3347 855 3490 908 κατά
3540 853 3692 922 ζῆλον

2125 945 2458 1010 παιδεύσεως
2511 947 2606 999 καὶ
2662 946 3023 1015 φιλοσοφίας·
3077 938 3154 998 ὦν
3204 944 3466 1012 ἐπίσημοι
3522 941 3691 1012 τούτῳ

2123 1038 2418 1106 γεγόνασιν
2474 1037 2674 1100 ’Δϐὃᾶς
2727 1039 2821 1091 καὶ
2869 1037 3155 1108 Ζηνόὸιος,
3205 1035 3460 1104 Ἀϐραάμ
3504 1050 3567 1087 τε
3603 1033 3691 1086 καὶ

2114 1129 2322 1199 Μαρὰν
2350 1129 2444 1183 καὶ
2493 1127 2740 1198 Συμεὼν,
2777 1129 2972 1199 Σύροις
3013 1129 3157 1197 μέγα
3187 1125 3344 1189 κλέος
3372 1127 3524 1188 ὄντες
3551 1165 3566 1187 ,
3600 1123 3689 1177 καὶ

2122 1223 2237 1277 ὅσοι
2270 1221 2358 1275 ἐπ’
2391 1222 2619 1291 ἀκριϐὲς
2647 1222 2748 1292 τῆς
2779 1221 3001 1274 ἐκείνων
3033 1219 3297 1288 μετέσχον
3329 1215 3658 1296 παιδεύσεως
3678 1231 3691 1244 ⁸

2123 1315 2181 1368 ἐν
2229 1313 2364 1377 ίσοις
2411 1315 2469 1368 δὲ
2515 1315 2700 1378 τόποις
2733 1315 2938 1379 αὐτοῖς,
2973 1312 3071 1367 καὶ¹
3113 1312 3208 1364 ἐπὶ
3256 1308 3564 1379 εὖγλωττίᾳ
3596 1310 3693 1377 ps-

2124 1407 2304 1473 λιστα,
2360 1407 2657 1470 Παυλωνᾶς
2707 1423 2768 1460 τε
2816 1407 2910 1460 καὶ
2951 1405 3204 1474 Ἀναρὰδ,
3265 1403 3357 1466 οὓς
3414 1403 3695 1471 ὁλισῖἧσαι

2123 1502 2280 1571 λόγος
2315 1505 2372 1564 ἐς
2421 1501 2649 1571 ὕστερον
2706 1500 2802 1554 καὶ
2849 1500 2945 1570 τῆς
3000 1497 3187 1566 ύγιοῦς
3237 1496 3475 1559 πίστεως
3505 1497 3697 1562 ἐκτρα-

2123 1597 2317 1665 πῆναι.
2367 1595 2473 1647 Καὶ
2521 1594 2670 1649 ἄλλοι
2727 1593 2772 1646 δ’
2827 1594 2882 1645 ἐν
2938 1592 3248 1662 Ὀσροηνοίς
3300 1589 3572 1658 ἐγένοντο,
3611 1588 3698 1640 τὸν

2126 1691 2240 1744 ῐσον
2267 1689 2471 1759 τρὸπον
2513 1687 2798 1758 ἐλλόγιμοι
2824 1703 2839 1718 ο
2871 1684 3230 1755 Βαρόησάνης
3266 1699 3328 1735 τε
3366 1682 3462 1734 καὶ
3501 1683 3528 1734 ὁ
3575 1681 3699 1741 παῖς

2135 1783 2446 1853 Ἀρμόνιος,
2477 1774 2551 1834 ὧν
2602 1782 2630 1833 ὁ
2683 1781 2782 1850 μέν
2828 1778 2924 1845 τὴν
2977 1777 3267 1845 ἐπώνυμον
3333 1775 3700 1842 συνεστήσατο

2125 1875 2339 1944 αἵρεσιν
2360 1889 2374 1902 ’
2412 1873 2439 1926 ὀ
2471 1873 2528 1926 δὲ
2560 1874 2688 1934 παῖς
2716 1869 3088 1939 ἀποχρώντως
3114 1866 3203 1919 διά
3226 1865 3334 1918 τῶν
3368 1862 3701 1932 Ἑλληνικῶν

451 1949 552 2003 viri
584 1967 596 2002 :
621 1958 675 2003 et
702 1949 794 2003 alii
817 1949 1145 2018 quibuscum
1193 1959 1453 2019 praeterea
1482 1951 1629 2007 hunc
1655 1955 1777 2009 vitae
1799 1957 2018 2011 modum

2321 1923 2538 2029 dedets,
2566 1923 2787 2027 μέτροις
2815 1923 2995 2026 νῖμων
3025 1923 3120 2007 καὶ
3153 1955 3437 2022 μουσικοῖς
3474 1923 3700 2022 μοῖς

451 2041 526 2095 illi
555 2042 1053 2096 connnunicavere.
1084 2041 1142 2095 In
1173 2041 1312 2098 locis
1344 2057 1475 2098 vero
1506 2045 1735 2112 eisdem,
1762 2045 2019 2104 facundia

450 2133 684 2187 maxime
707 2141 1054 2202 praestantes,
1078 2133 1356 2190 Paulonas
1383 2145 1439 2191 et
1472 2136 1688 2192 Anarad
1711 2140 1974 2196 exstitere
2000 2159 2014 2195 :

449 2226 544 2295 qui
581 2225 780 2280 deinde
807 2224 968 2295 lapsi,
1002 2240 1134 2280 sana
1166 2226 1421 2282 excidere
1453 2227 1579 2284 fidei
1611 2229 1886 2288 doctrina.
1909 2234 2020 2289 Alii

450 2318 678 2388 insuper
728 2316 872 2383 apud
928 2315 1207 2372 Osroenos
1266 2317 1462 2386 fuere,
1508 2320 1703 2377 eodem
1767 2327 2022 2394 praeclari

451 2409 638 2474 modo,
693 2407 1068 2472 Bardesanes,
1114 2419 1171 2463 et
1205 2408 1350 2465 filius
1394 2412 1513 2482 ejus
1567 2412 1918 2472 Harmonius.
1954 2418 2023 2475 Et

452 2509 611 2571 pater
641 2501 866 2570 quidem
895 2500 1138 2556 nominis
1165 2502 1250 2556 sui
1280 2504 1531 2559 haeresim
1561 2505 1842 2564 instituit:
1877 2509 2022 2566 ﬁlius

451 2603 636 2647 autem
690 2591 896 2647 Graecis
949 2592 1258 2662 disciplinis
1313 2595 1448 2649 satis
1501 2598 1795 2662 eruditus,
1853 2601 2023 2671 patris

452 2689 680 2743 vocibus
728 2687 990 2758 legitimis
1037 2689 1214 2742 modis
1265 2690 1603 2762 musicisque
1640 2695 1888 2751 numeris
1931 2696 2022 2752 in-

451 2781 620 2835 clusis
652 2781 847 2834 ordine
881 2780 1142 2834 circulari
1175 2781 1231 2834 in
1265 2781 1436 2837 choro
1466 2798 1562 2838 eas
1594 2786 1718 2840 cani
1757 2787 2020 2854 instituit,

454 2887 595 2940 quos
622 2887 687 2926 ex
719 2888 785 2926 eo
819 2882 1070 2942 tempore
1097 2872 1382 2942 hucusque
1404 2874 1523 2945 Syri
1553 2877 1849 2947 psallentes
1867 2896 2028 2936 usur-

454 2975 626 3033 pant:
658 2977 765 3016 non
815 2963 894 3018 illi
935 2963 1159 3034 quidem
1201 2966 1541 3022 carminibus
1579 2967 1716 3038 ipsis
1754 2970 1918 3026 sicuti
1953 2972 2024 3027 ab

452 3057 545 3110 illo
570 3065 695 3111 sunt
729 3056 967 3126 prodita,
999 3057 1098 3113 sed
1126 3057 1274 3113 sonis
1303 3069 1517 3114 tantum
1547 3075 1738 3116 eorum
1777 3072 2019 3120 utentes.

450 3150 586 3204 Nam
613 3151 703 3204 ille
727 3150 792 3204 ad
823 3160 1107 3220 paternam
1132 3152 1391 3223 delapsus
1415 3152 1692 3220 haeresim,
1717 3155 2023 3228 eademque

2128 2054 2230 2116 τὰς
2267 2052 2533 2123 πατρίους
2566 2051 2744 2119 ὑπῆγε
2777 2049 2984 2119 φωνὰς,
3012 2049 3108 2100 καὶ
3154 2046 3297 2101 κατὰ
3327 2046 3530 2100 κύκλον
3561 2043 3701 2115 ᾄδειν

2129 2143 2293 2216 χοροῦ
2353 2142 2660 2214 παρεδίδου,
2690 2141 2790 2193 ὃσα
2852 2139 2947 2192 καὶ
3005 2137 3100 2193 νῦν
3156 2137 3214 2201 ἐξ
3276 2136 3490 2188 ἐκείνου
3541 2133 3700 2202 Σύροι

2128 2236 2343 2307 ἔχοντες
2397 2234 2702 2306 ψάλλουσι⁹
2748 2232 2889 2304 πλὴν
2944 2231 3048 2284 ούκ
3099 2229 3238 2282 αύτά
3283 2229 3466 2282 ἐκεῖνα
3516 2225 3699 2294 ὥσπερ

2129 2331 2334 2390 ἐκεῖνος
2389 2327 2628 2392 ἐξέθετο,
2660 2327 2843 2396 μόνοις
2890 2325 2946 2378 δὲ
2996 2327 3103 2386 τοῖς
3153 2323 3343 2392 μέλεσι
3400 2319 3695 2391 χρώμενοι.

2129 2422 2242 2492 Τῆς
2271 2422 2379 2490 γὰρ
2409 2418 2686 2491 πατρικῆς
2729 2418 2994 2489 αἱρέσεως
3034 2413 3346 2485 μετασχὼν,
3378 2413 3473 2465 καὶ
3505 2411 3699 2479 ἐπίσης

2129 2514 2360 2585 Ἕλλησι
2393 2514 2520 2580 περὶ
2546 2511 2814 2582 γενέσεως
2845 2509 3022 2579 ψυχῆς
3054 2509 3147 2560 καὶ
3180 2505 3390 2575 φθορᾶς
3421 2503 3696 2571 σώματος,

2127 2608 2222 2660 καὶ
2255 2607 2353 2676 τῆς
2393 2605 2661 2675 ἐσομένης
2691 2599 3110 2669 παλιγγενεσίας
3142 2598 3403 2664 δοξάζων,
3437 2598 3554 2657 τοῖς
3596 2595 3700 2661 ὑπὸ

2129 2699 2300 2767 λύραν
2335 2697 2523 2767 μέλεσι
2558 2697 2656 2757 τὰς
2704 2694 2959 2758 τοιαύτας
3003 2694 3159 2758 δόξας
3201 2692 3570 2759 ὑπέσπειρενο
3622 2683 3699 2750 οἷς

2127 2791 2177 2845 οἱ
2212 2791 2392 2844 πολλοὶ
2435 2789 2548 2843 τῶν
2604 2788 2791 2860 Σύρων
2827 2786 3323 2856 κατακηλούμενοι,
3355 2784 3541 2853 ἡρέμα
3588 2797 3699 2843 πως

2129 2881 2536 2955 προσειθίζοντο
2583 2882 2681 2946 τὰς
2720 2881 2981 2949 τοιαύτας
3021 2879 3181 2945 δόξας
3228 2877 3551 2945 προσίεσθαι
3601 2875 3698 2926 ὑπὸ

2126 2973 2223 3030 τοῦ
2275 2973 2505 3037 κάλλους
2544 2973 2656 3026 τῶν
2704 2971 2988 3042 ὀνομάτων
3041 2971 3137 3024 καὶ
3171 2969 3263 3023 τοῦ
3298 2969 3397 3038 τῆς
3427 2967 3698 3037 μελῳδίας

2132 3066 2364 3138 ῥυθμοῦ.
2407 3065 2469 3119 ’0
2502 3064 2683 3119 τοίνυν
2737 3065 2880 3127 θεῖος
2920 3062 3162 3132 Ἐφραὶμ
3212 3059 3374 3113 τοῦτο
3428 3076 3698 3127 συνεγνω-

2129 3158 2263 3222 κὼς,
2293 3161 2500 3226 καίπερ
2542 3155 2860 3224 Ἑλληνικῆς
2892 3152 3146 3212 παιδείας
3195 3150 3425 3220 ἄμοιρος
3457 3148 3556 3212 ὢν,
3588 3150 3699 3210 τοῖς

449 3257 573 3297 cum
607 3241 810 3297 Gmcis
839 3243 906 3298 de
929 3243 1126 3298 animm
1162 3245 1525 3315 generatione
1557 3255 1613 3301 et
1646 3251 1900 3318 corporis
1930 3250 2022 3306 in-

2132 3249 2352 3318 μέτροις
2395 3243 2687 3316 Ἀρμονίου
2738 3243 3132 3310 ἐπιστατήσας,
3179 3241 3272 3294 καὶ
3321 3244 3432 3302 τοῖς
3485 3240 3697 3292 ἐκείνου

453 3334 620 3389 teritu
644 3376 658 3397 ,
702 3350 916 3390 necnon
948 3336 1015 3390 de
1045 3337 1231 3392 futura
1272 3338 1694 3409 regeneratione
1736 3341 2020 3412 Opinatus,

455 3427 640 3496 lyricis
664 3427 903 3482 modulis
923 3427 1205 3485 doctrinas
1230 3430 1500 3501 ejusmodi
1529 3431 1790 3501 aspersit.
1814 3432 2024 3500 Quibus

454 3519 613 3573 multi
661 3535 724 3573 ex
767 3518 919 3590 Syris
965 3527 1190 3590 propter
1239 3520 1536 3577 verborum
1587 3532 1933 3579 venustatem
1969 3533 2025 3580 et

457 3623 720 3665 sonorum
756 3627 1016 3666 numeros
1058 3612 1331 3679 demulsi,
1375 3613 1635 3683 paulatim
1671 3616 2026 3685 Opinionibns

457 3700 659 3756 talibus
691 3701 1024 3771 recipiendis
1053 3711 1183 3758 sunt
1213 3703 1531 3760 assuefacti.
1560 3705 1832 3762 Craterum
1864 3707 2026 3765 divus

456 3793 716 3863 Ephraim
747 3809 810 3848 ea
841 3809 901 3849 re
930 3795 1170 3866 cognita,
1199 3799 1453 3864 quamvis
1476 3796 1790 3854 Graecarum
1820 3802 2023 3857 artium

455 3897 674 3955 expers,
706 3887 990 3942 Harmonii
1030 3903 1292 3944 numeros
1338 3889 1658 3945 moderatus
1692 3900 1820 3947 est:
1859 3901 2026 3965 atque

390 4031 393 4034 ,
457 3978 706 4049 ejusdem
751 3978 1014 4042 modulis,
1060 3979 1397 4035 carminibus
1447 3982 1833 4038 ecclesiasticae
1899 3999 2027 4040 sen-

458 4071 644 4125 tentiae
675 4071 958 4137 consonis,
986 4069 1240 4140 adjectis,
1274 4071 1427 4142 Syris
1454 4073 1520 4127 ad
1552 4073 1657 4128 hoc
1689 4089 1862 4144 usque
1891 4084 2026 4132 tem-

456 4179 559 4233 pus
582 4178 646 4218 ca
675 4163 920 4218 canenda
949 4162 1120 4217 dedit.
1152 4163 1313 4233 713
1346 4163 1480 4219 Nam
1515 4164 1736 4221 divinos
1794 4166 2027 4238 hymnos

456 4255 750 4324 plurimos,
781 4255 986 4324 quibus
1018 4254 1188 4308 Deum
1219 4255 1273 4308 in
1307 4255 1505 4323 primis
1533 4256 1797 4318 celebrat.
1830 4268 1886 4312 ct
1912 4257 2030 4313 lau-

457 4347 556 4402 des
598 4354 861 4416 pra-lerca
904 4347 1150 4400 virorum
1187 4347 1279 4417 qui
1324 4347 1582 4403 instituto
1611 4349 1724 4404 Deo
1751 4350 2026 4420 ,‘placuere

457 4439 629 4500 canit.
663 4439 730 4492 ad
767 4437 1052 4492 llarinonii
1090 4439 1396 4494 carminum
1430 4441 1582 4511 leges
1613 4442 1960 4512 composuit:
1995 4459 2027 4499 a

456 4531 685 4599 quibus.
717 4538 779 4583 ut
827 4530 1078 4599 equidem
1111 4540 1277 4600 puto,
1324 4548 1420 4601 per
1454 4534 1824 4590 aemulationis
1868 4535 2028 4590 ardo-

2127 3339 2314 3410 μέλεσι
2344 3335 2671 3406 συμφώνους
2722 3333 2865 3405 ᾠδὰς
2911 3335 3024 3397 τοῖς
3059 3332 3535 3403 ἐκκλησιαστικοῖς
3573 3331 3697 3398 δόγο

2126 3447 2257 3500 μασι
2328 3427 2743 3498 παραθέμενος,
2818 3427 2872 3490 ἐς
2926 3423 3087 3496 δεῦρο
3140 3425 3334 3496 Σύροις
3411 3423 3698 3494 παρέδωκε

2123 3521 2367 3592 ψάλλειν.
2422 3519 2612 3582 Θείους
2664 3518 2772 3588 γάρ
2831 3514 3036 3586 ὕμνους
3087 3514 3381 3577 πλείστους
3441 3515 3698 3582 ἐπόνησε,

2124 3610 2244 3682 Θεῷ
2295 3611 2390 3665 τὸν
2442 3605 2592 3664 αῐνον
2635 3607 2956 3671 ἀνατιθείςο
3014 3609 3109 3662 καὶ
3169 3608 3424 3677 ἐγκώμια
3488 3608 3698 3678 ἀνδρῶν

2124 3703 2316 3772 ἀγωγῇ
2349 3700 2469 3771 βίου
2514 3698 3005 3770 εὐαρεστησάντων
3036 3697 3179 3769 Θεῷ,
3209 3700 3350 3752 κατά
3389 3699 3556 3768 νόμον
3600 3700 3699 3767 τῆς

2139 3793 2424 3863 Ἂρμονίου
2453 3789 2597 3862 ᾠδῆς
2623 3805 2640 3823 ο
2669 3790 2763 3858 ἀφ’
2796 3787 2871 3842 ὧν
2921 3789 3059 3860 πρὸς
3107 3790 3269 3858 ζῆλον
3308 3785 3466 3859 οἶμαι
3516 3790 3611 3842 καὶ
3651 3791 3698 3841 oi

2129 3883 2425 3953 μετέπειτα
2456 3882 2556 3951 τῆς
2598 3879 2925 3949 Ἐκκλησίας
2982 3878 3263 3950 μελοποιοὶ
3301 3883 3400 3943 τὰς
3445 3881 3700 3950 ἀφορμὰς

2125 3976 2234 4030 τῶν
2271 3975 2450 4046 μελῶν
2486 3975 2865 4045 πορισάμενοι,
2896 3973 2991 4025 ἐπὶ
3019 3972 3223 4043 μᾶλλον
3255 3973 3490 4043 αὐξῆσαι
3526 3974 3699 4026 ταῦτα

2127 4068 2222 4120 καὶ
2251 4065 2533 4120 ἐπιδοῦναι
2568 4058 3074 4136 παρεσκευάσαντο.
3109 4065 3326 4129 ὐποῖος
3355 4066 3455 4134 μὲν
3485 4065 3580 4118 οὖν
3609 4067 3698 4118 τὸν

2125 4161 2282 4230 λόγον
2317 4161 2408 4214 καὶ¹
2441 4163 2504 4214 ἐκ
2538 4161 2733 4214 τούτου
2786 4160 3044 4227 συνάγειν
3088 4159 3237 4225 ἔστιν
3265 4178 3281 4193 ·
3307 4165 3333 4215 ὁ
3367 4163 3424 4215 δὲ
3461 4164 3573 4232 βίος
3601 4165 3699 4216 αὖ·

2125 4250 2221 4303 τοῦ
2247 4250 2366 4302 λίαν
2413 4250 2818 4321 ἡκριϐωμένος,
2855 4253 2976 4313 ταῖς
3021 4250 3255 4319 ἀγαθαῖς
3291 4254 3399 4306 τῶν
3447 4257 3701 4324 πράξεων

2126 4342 2543 4412 καλλυνόμενος.
2579 4344 2751 4406 Πολὺς
2796 4342 2842 4396 δ’
2875 4345 3088 4411 ἐπάγαν
3141 4341 3208 4416 ἦν
3261 4347 3410 4417 αὐτῷ
3452 4353 3548 4402 καὶ
3601 4351 3699 4416 τῆς

2127 4436 2356 4506 ἡσυχίας
2403 4437 2430 4488 ὁ
2477 4436 2638 4505 ἔρως.
2699 4435 2904 4506 Σεμνδς
2949 4435 2995 4490 δ’
3036 4437 3134 4507 ούχ
3171 4432 3334 4510 ἦττον
3385 4439 3480 4506 ὢν,
3523 4443 3580 4505 ἐς
3614 4460 3701 4494 το-

2133 4527 2319 4580 σοῦτον
2356 4527 2454 4591 τάς
2485 4527 2748 4598 διαφορὰς
2787 4528 3097 4598 ηύλαὸεῖτο,
3132 4531 3208 4595 ὡς
3254 4533 3442 4602 σχεδὸν
3472 4537 3565 4589 καὶ
3597 4537 3702 4588 πᾶ-

458 4638 574 4677 rem
604 4664 618 4686 ,
671 4622 1014 4692 posteriores
1067 4624 1315 4679 ecclesia:
1365 4636 1625 4681 cantores
1672 4626 2022 4682 modulorum

2131 4633 2228 4670 σαν
2276 4617 2400 4688 ὄψιν
2449 4618 2816 4688 ἐκτρέπεσθαι
2865 4621 3145 4687 γυναικός.
3197 4623 3431 4693 Φέρεται
3466 4621 3582 4689 οὖν,
3625 4627 3700 4689 ὡς

456 4715 725 4770 formulas
757 4715 1013 4775 mutuati.
1051 4716 1222 4787 magis
1243 4716 1409 4771 etiam
1437 4728 1602 4788 atque
1627 4719 1797 4788 magis
1821 4735 2024 4790 augere

455 4819 622 4878 atque
658 4824 964 4880 propagare
997 4825 1092 4864 eas
1120 4821 1248 4865 sunt
1281 4813 1542 4881 aggressi.
1573 4811 1762 4879 Qualis
1789 4814 1956 4884 igitur
1979 4816 2026 4870 is

453 4918 711 4956 Sermone
761 4902 945 4966 fuerit,
979 4903 1062 4956 vel
1113 4918 1179 4956 ex
1228 4902 1335 4957 hoc
1387 4903 1503 4970 ipso
1549 4903 1829 4973 conjicere
1875 4904 2023 4960 licet.

461 4991 580 5047 Vita
612 5009 743 5047 vero
778 4993 851 5047 ci‘
874 4993 1031 5047 valde
1075 5002 1290 5058 exacta,
1325 5002 1380 5047 et
1420 4992 1580 5047 bonis
1611 4993 1872 5062 operibus
1895 5009 2026 5064 spc-

455 5091 599 5136 ctata
627 5082 751 5136 fuit.
778 5082 1032 5148 Quietem
1059 5082 1223 5136 etiam
1249 5082 1423 5136 multo
1451 5081 1634 5136 studio
1655 5092 1738 5136 est
1759 5092 2024 5139 sectatus.

454 5173 522 5227 Et
559 5184 787 5242 propter
816 5189 1033 5228 morum
1059 5173 1367 5227 castitatem
1401 5180 1687 5243 tantopere
1719 5174 2024 5229 calumnias

453 5266 739 5327 devitavit,
788 5273 850 5319 ut
901 5265 1015 5319 fere
1064 5281 1093 5319 a
1141 5273 1445 5333 conspectu
1495 5265 1747 5321 mulieris
1796 5282 2025 5336 prorsus

454 5359 829 5415 abtnurruerit.
886 5358 1082 5413 Fertur
1126 5373 1289 5424 sane,
1343 5374 1467 5412 cum
1521 5358 1719 5413 mulier
1771 5358 2023 5428 quaedam

455 5451 604 5505 nulla
644 5465 870 5520 prorsus
903 5451 1027 5503 vitae
1061 5449 1377 5518 disciplina,
1421 5459 1478 5504 et
1520 5449 1731 5519 pudore
1763 5451 1933 5517 nullo,
1967 5451 2023 5506 iu

454 5552 686 5612 angusto
719 5540 1014 5595 admodum
1055 5541 1174 5596 loco
1209 5541 1260 5596 ei
1301 5541 1457 5596 obvia
1495 5541 1634 5596 facta
1658 5582 1673 5607 ,
1720 5542 1833 5596 sive
1884 5557 2023 5596 con-

455 5635 600 5687 sulto
649 5633 816 5687 veluti
861 5632 1040 5685 virum
1080 5641 1384 5698 tentatura,
1424 5648 1521 5687 seu
1552 5633 1620 5686 ab
1657 5633 1780 5686 aliis
1823 5645 1882 5687 ut
1918 5634 2023 5688 hoc

452 5725 662 5779 faceret
704 5725 959 5779 mercede
1002 5725 1312 5785 conducta.
1348 5726 1540 5781 oculos
1583 5726 1702 5780 sine
1741 5726 2021 5780 intermis~

447 5818 608 5871 sione
633 5817 686 5870 in
722 5831 846 5870 cum
885 5816 1208 5886 conjiceret.
1245 5817 1538 5888 increpans
1570 5819 1623 5872 in
1659 5827 1860 5872 terram
1897 5835 2014 5873 eam

456 5909 771 5978 ιιτυιρῖςριτξ
822 5908 1089 5980 Ῑιιεεὶξεο,
1149 5910 1403 5981 illamque
1459 5911 1806 5972 resnondisw
1842 5954 1855 5967 .
1909 5911 2016 5969 Sed

2125 4713 2264 4780 γυνὴ
2313 4711 2629 4765 παντάπασι
2669 4711 2765 4764 τοῦ
2811 4711 2927 4782 βίου
2959 4714 3268 4783 ἀνάγωγος,
3302 4717 3399 4770 καὶ
3437 4718 3699 4789 αίσχύνης

2124 4805 2197 4866 ὼς
2249 4805 2610 4875 πορρωτάτω,
2675 4805 2767 4857 ἐπί
2818 4823 2926 4859 τινι
2995 4807 3257 4878 στενωπῴ
3309 4809 3386 4879 τῷ
3456 4812 3701 4882 Ἐφραὶμ

2126 4896 2509 4965 ἀπαντήσασα,
2536 4897 2568 4966 ἢ
2601 4896 2762 4949 τοῦτο
2792 4897 3132 4968 προθεμένη,
3165 4899 3259 4953 ἆτε
3291 4901 3356 4968 δὴ
3381 4901 3477 4956 τοῦ
3507 4904 3699 4974 magi;

2127 4989 2396 5058 πειρῶσα,
2431 4989 2464 5058 ἢ
2503 4987 2696 5058 μισθοῦ
2727 4989 2911 5053 ἄλλοις
2943 4991 3105 5045 τοῦτο
3134 4994 3480 5065 πράττουσα,
3511 4999 3696 5060 ἀτενὲς

2126 5081 2429 5134 είσὸἀλλειν
2475 5081 2576 5145 τὰς
2628 5081 2780 5152 ὄψεις
2827 5085 2998 5155 αὐτῷ.
3042 5087 3148 5141 Τὸν
3194 5087 3240 5141 δ’
3272 5091 3694 5161 ἐπιτιμήσαντα,

2125 5173 2205 5234 είς
2253 5173 2356 5241 γῆν
2393 5174 2522 5244 ὀρᾷν
2566 5173 2843 5229 κελεῦσαι.
2883 5177 2948 5230 Ἦ
2973 5175 3040 5243 δ’,
3084 5179 3244 5232 Ἀλλά
3288 5181 3429 5246 πῶς,
3459 5182 3585 5253 ἔφη,
3616 5186 3698 5244 εἰς

2125 5263 2232 5332 γῆν
2262 5266 2373 5332 ἐγὼ
2409 5265 2838 5336 βλέψωςπολλῷ
2869 5269 2980 5339 γάρ
3014 5286 3072 5322 σε
3116 5271 3458 5342 δικαιότερον
3492 5275 3695 5342 ταύτην

2125 5359 2277 5428 ὁρᾷν,
2320 5359 2662 5429 πρόσλημμα
2691 5360 2895 5431 ταύτης
2947 5361 3095 5416 ὄντα.
3127 5363 3160 5432 ἢ
3188 5365 3308 5432 ἐμέ.
3365 5366 3520 5432 Ἐμοὶ
3559 5367 3602 5420 δ’
3631 5369 3698 5420 ἐκ

2127 5449 2222 5502 σοῦ
2275 5451 2373 5519 τὴν
2424 5453 2638 5516 γένεσιν
2688 5453 2978 5524 ἐσχηκυῖα,
3015 5455 3107 5506 καὶ
3174 5457 3308 5524 πρός
3357 5475 3418 5509 σε
3477 5459 3694 5528 βλέπειν

2125 5540 2366 5608 εὔλογον.
2413 5543 2650 5596 Ἐκεῖνον
2706 5545 2764 5596 δὲ
2813 5545 3091 5614 ἀγάμενον
3147 5547 3207 5600 τὸ
3249 5549 3439 5618 ῥηθὲν,
3479 5551 3698 5622 γραφῆς

2123 5633 2352 5698 ἀξιῶσαι
2380 5651 2394 5664 ·
2429 5633 2457 5686 ὃ
2488 5639 2579 5688 καὶ
2608 5636 2766 5704 Σύροι
2837 5638 2911 5700 ὡς
2939 5639 2997 5691 ἓν
3035 5656 3090 5691 τι
3135 5639 3242 5691 τῶν
3270 5641 3482 5694 ἐκείνου
3528 5659 3694 5695 σπου-

2122 5726 2286 5779 δαίων
2316 5726 2642 5795 λογίζονται.
2694 5729 2859 5801 Ὀργῇ
2897 5731 2953 5784 δὲ
2991 5732 3060 5784 τὰ
3112 5733 3309 5801 πρῶτα
3357 5734 3688 5803 ἡττώμενος,

2126 5821 2185 5884 ἐξ
2217 5814 2276 5873 οὗ
2319 5821 2630 5889 φιλοσοφεῖν
2675 5823 2900 5892 ἤρξατο,
2933 5826 3198 5894 μηδαμῶς
3233 5827 3491 5897 θεαθῆναι
3535 5826 3694 5894 θυμῷ

2124 5914 2460 5984 κινούμενος.
2484 5915 2590 5967 Καὶ
2625 5915 2685 5985 δή
2721 5918 2838 5971 ποτ’
2863 5919 2954 5972 ἐπὶ
2978 5919 3198 5983 πολλαῖς
3223 5922 3477 5993 ἡμέραις,
3503 5922 3690 5984 εἰωθὸς
