3934 6546
212 333 300 395 ἓέθ
1149 281 1747 394 EtiCLESlASTlC'E
1790 329 2174 390 lllSTORl/E
2216 331 2358 392 LIB.
2404 330 2500 394 IX.

3316 331 3427 394 20

213 468 350 521 μενον
377 447 692 518 ὀφθαλμῶν,
727 442 808 511 οἷς
843 449 1064 518 μέτεστι
1097 449 1191 502 καὶ
1226 449 1361 517 μυσὶ
1395 449 1492 500 καὶ
1528 445 1761 514 σαύραις

1867 443 2022 512 cipue
2057 459 2187 499 vero
2226 459 2351 499 eum
2399 443 2740 500 clarissimus
2789 444 2876 502 ille
2911 443 3129 517 pietatis
3161 449 3428 504 exercitio

211 543 289 596 καὶ
314 541 414 602 τοῖς
443 540 712 608 ἀφαυροῖς
737 539 849 593 τῶν
881 538 1134 606 ζωῦφίων
1166 554 1181 568 ο
1211 539 1435 608 ἣδεσθαι
1461 537 1518 591 δὲ
1551 537 1753 604 μᾶλλον

213 634 291 688 καὶ
340 631 563 701 χαίρειν,
599 626 682 696 οἷς
723 631 1129 701 παραπλησίως
1169 631 1420 699 ἀγγέλοις
1461 632 1574 693 τοῖς
1609 628 1754 682 ἔνδον

213 727 324 796 δρᾷς
367 724 679 793 όρθαλμοῖς,
711 724 780 777 δι’
831 717 906 776 ὧν
957 723 1169 792 τρανῶς
1206 723 1305 794 τὴν
1350 723 1629 792 ἀκήρατον
1657 716 1754 772 καὶ

215 817 344 870 θείαν
371 815 564 882 γνῶσιν
598 817 904 880 κατανοεῖς,
947 816 1040 868 καὶ
1066 817 1166 884 τὴν
1213 815 1470 882 ἀλήθειαν
1513 811 1754 882 ἀκριϐῶς

216 909 422 974 είσορᾷς.
447 905 633 958 Βιϐλία
657 904 715 957 δὲ
734 898 887 967 οὗτος
910 905 1268 958 καταλέλοιπε
1303 903 1473 957 ταῦτα
1496 922 1507 934 ·
1543 905 1635 965 Εἰς
1659 903 1755 972 τὴν

216 1000 306 1052 τῶν
329 997 559 1065 Ψαλμῶν
589 997 771 1066 βίϐλον
798 998 926 1066 ὅλην
954 997 1191 1068 διάφορα
1235 997 1608 1067 ὑπομνήματα
1637 1011 1650 1025 ·
1675 996 1755 1058 είς

217 1093 297 1144 τὸν
334 1091 478 1158 Ὠσηὲ
516 1091 608 1142 καὶ
638 1090 942 1161 Ζαχαρίαν,
971 1090 1164 1159 λόγους
1201 1090 1364 1143 πέντε
1393 1107 1408 1122 ’
1438 1092 1514 1152 εἰς
1541 1093 1630 1141 τὸν
1665 1088 1758 1140 Ἤ-

222 1184 356 1235 σαϊαν
387 1183 567 1249 λόγους
611 1181 894 1234 δεκαοκτώ
923 1199 936 1212 ·
966 1185 1047 1245 είς
1082 1182 1144 1235 τὸ
1183 1182 1324 1235 κατὰ
1355 1181 1636 1234 Ματθαῖον
1662 1179 1753 1232 καὶ

221 1276 339 1328 κατὰ
376 1275 617 1344 Ἰωάννην
660 1277 760 1327 οὐκ
792 1275 1051 1345 ἐλάχιστα
1095 1275 1487 1343 ὑπομνήματα.
1528 1273 1646 1324 Ἔτι
1698 1271 1754 1325 δὲ

222 1367 301 1419 καὶ
327 1369 453 1418 κατὰ
481 1366 800 1436 Ἀρειανῶν,
824 1370 916 1421 καὶ
941 1368 1078 1437 ὑπὲρ
1102 1365 1195 1420 τοῦ
1219 1367 1375 1435 ἁγίου
1404 1367 1719 1435 [Ii/stipato;
1737 1381 1752 1398 ο

222 1459 300 1510 καὶ
341 1457 494 1526 ἕτερα
544 1459 958 1529 συγγράμματα
1011 1460 1254 1512 πλείστα.
1305 1458 1561 1528 ’ίίκμαζε
1613 1457 1658 1510 δ’
1699 1460 1756 1510 ἐν

221 1549 389 1618 ὲκείνῳ
421 1551 509 1603 τοῦ
553 1553 749 1620 χρόνου
789 1553 882 1604 καὶ
913 1554 940 1604 6
985 1551 1155 1622 Σύρος
1205 1552 1434 1615 Ἀέτιος,
1469 1550 1604 1621 πρὸς
1648 1548 1756 1603 τῶν

220 1641 450 1693 τᾶναντία
478 1643 884 1712 πρεσὸευόντων
914 1643 1224 1713 θαυμαστός
1262 1659 1346 1706 τις
1377 1638 1518 1696 εἶναι
1557 1639 1754 1703 δοκῶν,

221 1732 268 1784 ἒν
288 1749 339 1784 τε
362 1733 578 1800 διαλέξει
603 1735 698 1787 καὶ
725 1734 863 1804 έριδι
888 1735 1082 1804 λόγων,
1111 1736 1206 1789 καὶ
1239 1735 1638 1805 συλλογισμοϊς,
1663 1736 1756 1786 καὶ

1861 535 2129 590 Antonius
2191 534 2497 590 admiratus
2562 544 2668 590 est.
2741 537 2913 602 Quem
2991 539 3226 606 dicunt,
3298 557 3424 594 cum

1860 627 2241 681 Alexandriam
2276 628 2547 691 venisset,
2597 639 2658 682 ut
2691 631 2989 684 Athanasio
3041 631 3206 686 ﬁrma:
3236 643 3428 686 certae-

1859 733 1967 787 que
2009 718 2132 774 ﬁdei
2184 719 2505 788 perhiberet
2542 721 2951 784 testimonium,
3001 722 3116 777 haec
3152 725 3216 776 ad
3262 725 3432 794 Didy-

1861 823 2010 862 tnutn
2064 810 2407 880 prolocutum
2456 827 2576 866 esse
2632 813 2793 866 verba
2827 831 2840 867 :
2871 813 2988 868 Non
3041 824 3146 878 cst,
3177 815 3424 886 Didyme,

1861 902 2006 972 quod
2045 904 2279 974 teipsum
2331 906 2570 962 maerore
2606 907 2885 971 conﬁcias,
2941 917 3229 978 propterea
3280 911 3428 978 quod

1861 997 2036 1052 oculis
2079 1014 2288 1062 careas,
2328 1017 2466 1071 qttos
2498 1016 2706 1064 mures.
2751 1002 2992 1067 lacertae,
3041 1011 3096 1058 et
3141 1003 3269 1057 vilia
3305 1004 3425 1057 ani-

1863 1089 2095 1143 malcula
2124 1089 2348 1148 habent.
2387 1093 2676 1161 Voluptate
2710 1094 2894 1162 potius
2929 1104 2985 1148 et
3021 1094 3204 1150 laetitia
3228 1095 3428 1148 'eti‘crri

1864 1191 1915 1235 te
1955 1183 2236 1254 convenit,
2269 1187 2361 1254 qui
2396 1184 2586 1238 itidem
2621 1193 2678 1238 ιιι
2716 1186 2892 1256 angeli
2930 1188 3164 1243 internis
3193 1187 3430 1242 maxime

1861 1271 2048 1341 vigcas
2067 1275 2245 1329 oculis
2273 1293 2286 1328 :
2311 1275 2514 1345 quibus
2539 1276 2686 1331 clare
2711 1276 3074 1332 immortalem
3110 1288 3166 1332 et
3191 1280 3428 1333 divinam

1861 1365 2231 1433 cognitionem
2269 1367 2541 1436 percipis,
2572 1369 2976 1436 veritatemque
3012 1369 3185 1438 ipsam
3240 1379 3432 1426 exacte

1863 1457 2150 1526 perspicis.
2205 1457 2304 1512 llic
2357 1459 2524 1514 hosce
2580 1459 2805 1529 reliquit
2856 1461 3026 1516 libros
3082 1479 3095 1517 :
3143 1462 3201 1516 ln
3257 1473 3432 1518 totum

1863 1548 2202 1603 Psaltnorum
2230 1549 2428 1604 librum
2463 1551 2643 1606 varios
2673 1557 3120 1621 commentarios,
3151 1557 3203 1610 in
3234 1555 3435 1611 Oscam

1863 1649 1917 1694 et
1969 1640 2290 1701 Zachariam
2351 1642 2524 1698 libros
2583 1646 2849 1716 quinque,
2911 1647 2964 1700 itt
3019 1647 3208 1701 Isaiam
3254 1649 3438 1704 libros.

1864 1732 2262 1804 duodeviginti,
2296 1734 2347 1788 in
2386 1735 2734 1806 Evangelium
2771 1738 3078 1794 secundum
3120 1740 3438 1796 Matthaeunv

225 1828 456 1894 στροφαῖς
481 1826 700 1893 λέξεων,
743 1829 928 1891 ίκανός
957 1845 1058 1892 τις,
1097 1830 1192 1881 καὶ
1226 1829 1326 1896 τὴν
1358 1829 1591 1898 σπουδὴν
1616 1828 1759 1882 ᾶπα-

1867 1835 1920 1879 et
1965 1825 2268 1879 secundum
2316 1824 2583 1882 Joannem
2625 1843 2734 1882 non
2779 1844 2975 1899 parvos
3006 1835 3434 1887 commentarios

225 1935 310 1971 σαν
335 1919 557 1988 ἀτεχνῶς
589 1921 650 1972 ὲν
698 1920 909 1984 τούτοις
942 1922 1384 1978 καταναλίσκων.
1430 1923 1530 1977 Διά
1560 1940 1641 1975 τοι
1674 1924 1764 1976 καὶ

223 2007 285 2070 ὡς
307 2009 524 2073 τοιοῦτος
547 2009 644 2073 ὢν,
677 2011 970 2081 πρόχειρός
999 2028 1056 2064 τε
1084 2012 1144 2064 τὸ
1174 2013 1481 2083 προστυχὸν
1507 2013 1598 2064 ἐπὶ
1626 2011 1763 2065 Θεοῦ

225 2099 537 2167 κακοτχόλως
593 2099 894 2167 θεολτλγείν,
939 2101 1100 2164 ἄθεος
1151 2102 1417 2157 ἐκαλεῖτο.
1469 2103 1677 2172 Πατρὶς
1707 2101 1763 2154 δὲ

225 2190 351 2259 αὐτῷ
374 2192 404 2260 ὴ
430 2191 593 2260 Κοίλη
616 2191 789 2260 Συρία
811 2187 901 2262 ἦν.
921 2193 1027 2245 Τοῦ
1053 2193 1110 2245 δὲ
1135 2193 1338 2258 πατρὸς
1355 2193 1501 2264 αὐτῷ
1525 2195 1582 2245 ὲν
1605 2209 1767 2263 στρα-

226 2283 325 2352 τεία
351 2284 828 2354 δυσπραγήσαντος
871 2288 965 2340 καὶ
995 2286 1084 2340 τὸν
1109 2287 1228 2357 βίον
1257 2289 1509 2350 λιπόντος
1538 2286 1629 2340 τὸν
1667 2288 1766 2357 μὲν

227 2373 446 2443 τηνικάδε
471 2375 709 2443 ἄρχοντα
743 2375 1083 2446 δημοσιῶσαι
1112 2378 1201 2428 τδν
1235 2377 1349 2444 βίον
1374 2391 1390 2407 ο
1416 2377 1495 2439 είς
1531 2375 1763 2446 ἔσχατον

226 2467 273 2520 δὲ
315 2467 486 2530 πενίας
525 2469 624 2521 σὺν
669 2470 737 2537 τῇ
771 2471 939 2539 μητρὶ
972 2469 1242 2523 ἐλάσαντα
1280 2468 1370 2522 τὸν
1410 2469 1638 2534 Ἀέτιον,
1672 2469 1766 2521 ἐπὶ

228 2560 275 2610 τὸ
314 2562 616 2628 χρυσοχοείν
657 2561 922 2630 ὁρμῆσαι,
972 2561 1046 2625 ὡς
1094 2561 1159 2614 ἂν
1189 2562 1535 2632 ἁμωσγέτξως
1581 2562 1641 2614 τὸ
1669 2561 1766 2630 ζῇν

227 2652 510 2720 πορίζηται.
565 2652 963 2722 Ἀποχρὼντως
1007 2653 1066 2706 δὲ
1107 2655 1170 2724 τῇ
1209 2654 1378 2725 τέχνῃ
1416 2652 1765 2722 χρησάμενον

228 2740 301 2792 διὰ
338 2740 516 2810 ῥώμην
545 2741 782 2810 φύσεως,
815 2743 906 2796 ἐπὶ
936 2743 1035 2814 τὴν
1085 2742 1309 2812 λογικὴν
1346 2743 1652 2812 στραφῆναι
1681 2741 1768 2794 τέ-

229 2847 377 2902 χνην
423 2837 512 2886 καὶ
550 2833 818 2887 Παυλίνου
863 2837 962 2905 μὲν
992 2836 1388 2905 ἀκροάσασθαι,
1447 2833 1507 2896 ὃς
1553 2835 1617 2888 ὲκ
1669 2834 1765 2903 τῆς

231 2925 455 2996 ἐφορείας
495 2927 674 2997 Τύρου
719 2929 954 2997 μετέστη
975 2929 1055 2991 είς
1097 2928 1462 2998 ’Δντιόχειανο
1490 2928 1684 2998 πέρατι
1709 2927 1766 2980 δὲ

233 3017 331 3086 βίθυ
356 3018 445 3086 τῆς
472 3019 674 3090 μητρὸς
701 3019 1080 3089 χρησαμένης,
1099 3020 1167 3072 δι’
1202 3021 1275 3090 ἦν.
1296 3019 1444 3090 αὑτῷ
1474 3019 1570 3073 καὶ
1599 3020 1766 3089 ήέπι·

1866 1918 2100 1986 scripsit.
2134 1919 2361 1988 insuper
2390 1929 2583 1974 contra
2615 1921 2848 1976 Arianos
2887 1933 2942 1978 et
2975 1926 3040 1978 de
3067 1925 3272 1994 Spiritu
3301 1942 3427 1979 san-

1866 2019 1979 2072 cto,
2027 2009 2244 2080 aliaque
2302 2010 2505 2081 scripta
2556 2012 2790 2082 plurima
2842 2017 3170 2084 composuit.
3227 2017 3436 2071 Floruit

1865 2099 2056 2152 eadem
2109 2108 2267 2155 aetate
2320 2101 2489 2170 Syrus
2547 2117 2770 2172 quoque
2827 2105 3056 2168 Aetius,
3089 2106 3184 2175 qui
3238 2108 3307 2160 ab
3353 2112 3434 2163 eis

1867 2190 2177 2260 disputator
2211 2191 2572 2248 admirandus
2611 2195 2830 2249 habitus
2870 2205 2977 2260 est,
3024 2199 3117 2267 qui
3148 2198 3362 2256 diversa
3403 2217 3433 2255 a

1866 2285 2024 2340 nobis
2071 2285 2290 2340 docent.
2349 2286 2403 2340 ln
2446 2286 2902 2343 altercationibus
2953 2290 3179 2360 quippe,
3235 2295 3432 2347 verho-

1867 2391 2099 2445 rumque
2145 2377 2613 2444 contentionibus,
2655 2380 3191 2449 ratiocinationibus,
3236 2393 3293 2438 et
3337 2387 3436 2439 fal-

1871 2468 2026 2523 laciis
2059 2468 2511 2535 ludiﬁcantibos,
2545 2472 2704 2526 valde
2738 2474 3094 2539 commodus,
3131 2487 3191 2530 ut
3231 2476 3323 2546 qui
3367 2493 3435 2533 ex

1865 2560 2113 2630 professo
2159 2561 2212 2615 in
2260 2562 2425 2617 rebus
2477 2563 2746 2633 ejusmodi
2801 2565 3058 2622 studium
3097 2583 3260 2624 omne
3301 2585 3436 2624 con-

1865 2651 2207 2720 sumpsisset.
2247 2653 2314 2706 Et
2343 2652 2573 2722 proinde
2609 2654 2755 2723 quod
2794 2655 2916 2709 talis
2961 2666 3144 2721 esset,
3175 2658 3441 2726 quodque

1868 2743 2025 2798 facile
2061 2744 2329 2814 quidquid
2359 2760 2482 2799 sors
2511 2745 2750 2812 tulisset,
2784 2749 2922 2802 male
2954 2749 3184 2804 feriatus
3216 2748 3284 2804 de
3319 2751 3439 2804 Deo

1869 2834 2284 2904 tlteologaretur
2317 2850 2414 2889 seu
2444 2835 2767 2891 blatterarct
2793 2839 3000 2906 potius,
3031 2839 3188 2901 ἄθεος
3212 2849 3267 2894 et
3299 2854 3436 2894 con-

1869 2933 2110 2996 temptor
2137 2926 2300 2980 deum
2327 2927 2632 2997 appellatus
2662 2936 2766 2982 est.
2813 2929 2992 2984 Patria
3024 2932 3074 2985 ei
3119 2933 3221 2984 ruit
3254 2932 3436 2987 Coele-

1868 3016 2030 3087 syria.
2073 3016 2242 3087 Cujus
2288 3025 2442 3086 pater
2471 3030 2596 3072 cum
2645 3017 2699 3072 in
2750 3019 2943 3073 militia
2987 3019 3232 3076 adversis
3266 3023 3432 3077 rebus

235 3109 484 3178 μορφοῦσα
511 3113 601 3164 τὸν
641 3111 844 3181 χρυσὸν
873 3112 1033 3182 τέχνη
1065 3112 1421 3174 ἐσπούδαστο,
1455 3112 1614 3175 εὐθὺς
1644 3111 1763 3172 ὅλος

1871 3108 2216 3164 conﬂictatus
2249 3109 2466 3164 tandem
2503 3109 2825 3172 interiissct.
2861 3112 2997 3167 bona
3028 3113 3147 3183 ejus
3185 3115 3277 3184 qui
3321 3126 3434 3169 tum

233 3203 311 3253 ἐπὶ
334 3205 422 3270 τὴν
453 3202 680 3272 λογικὴν
717 3203 1077 3272 μετετάττετο
1127 3203 1346 3274 τέχνην,
1378 3203 1472 3256 καὶ⁹
1501 3203 1608 3256 τῶν
1643 3201 1770 3256 πολ-

231 3291 322 3344 λῶν
356 3294 569 3364 ἐκράτει
632 3293 750 3364 μετ’
782 3294 966 3363 ὀλίγου
1017 3295 1249 3366 ἁμίλλας
1307 3297 1493 3350 ἱστῶν.
1541 3295 1696 3348 Ἐπεὶ
1724 3295 1768 3348 δ’

234 3384 458 3448 nam»;
493 3387 629 3457 μετὰ
660 3387 925 3441 Παυλῖνον
953 3390 1034 3452 είς
1068 3389 1158 3442 τὸν
1195 3387 1385 3459 θρόνον
1421 3389 1522 3455 τῆς
1564 3387 1770 3441 Ἀντ;ό·

233 3494 311 3547 χον
333 3481 579 3550 κατέστη,
606 3479 804 3532 πολλοῦ
833 3481 1050 3547 στίφους
1077 3482 1202 3534 κατ’
1231 3481 1397 3534 αὐτοῦ
1421 3481 1766 3548 κινουμένου,

234 3569 482 3624 ἐλαύνεται
505 3573 532 3625 ὁ
554 3559 798 3634 ’Ᾱέτιοςς
834 3573 928 3624 καὶ
959 3574 1037 3636 είς
1065 3576 1166 3642 τὴν
1199 3573 1300 3643 τῆς
1333 3573 1586 3634 Κιλικίας
1611 3574 1772 3626 Ἀνα-

236 3662 408 3734 ζαρὸδν
449 3665 762 3734 γενόμενος,
785 3667 852 3735 τῇ
884 3665 1045 3736 τέχνῃ
1076 3665 1233 3728 αὖθις
1261 3667 1396 3736 πρὸς
1420 3666 1480 3718 τὸ
1511 3664 1608 3738 ζῇν
1633 3669 1769 3720 ἅπε-

233 3757 400 3827 χρῆτο,
433 3758 550 3811 οὐδὲ
599 3757 700 3828 τῆς
733 3761 864 3828 περι
908 3757 1101 3826 λόγους
1136 3759 1370 3828 ἁμίλλης
1422 3757 1768 3828 ἀφεστηκώς,

236 3849 466 3916 anth
511 3850 567 3903 δέ
606 3867 754 3914 τινος
797 3851 894 3920 τὴν
932 3851 1142 3903 Ἀετίου
1172 3851 1336 3920 φύσιν
1373 3850 1465 3902 διὰ
1495 3850 1771 3918 θαύματος

237 3943 548 4013 ποιουμένου,
581 3943 681 3997 καὶ
709 3941 808 4012 τῆς
840 3943 1034 4014 τέχνης
1065 3944 1214 4012 αὐτῷ
1250 3943 1578 4012 μεταδοῦναι
1609 3959 1770 3996 amu-

235 4032 480 4099 δᾶζοντος,
531 4036 887 4099 είσοικισθεὶς
941 4036 1089 4106 αὐτῷ
1155 4036 1405 4106 ἑθήτευε,
1459 4037 1644 4090 πᾶσαν
1695 4035 1769 4098 ὡς

238 4127 386 4192 χρεὼν
415 4127 683 4196 οἰκετικὴν
707 4127 1041 4198 ἀποπληρῶν
1067 4127 1437 4196 λειτουργίαν.
1475 4128 1583 4178 Καὶ
1610 4127 1638 4177 6
1673 4125 1770 4187 μὲν

1871 3215 2054 3255 rerum
2087 3200 2397 3269 potiebatur
2432 3200 2688 3271 princeps
2732 3203 3056 3272 publicavit.
3086 3205 3200 3270 Qua
3234 3222 3292 3261 re
3328 3224 3440 3262 una.

1867 3307 1992 3346 cunt
2031 3301 2204 3347 matre
2258 3294 2450 3348 Aetius
2498 3293 2564 3348 ad
2603 3303 2902 3349 extremam
2936 3296 3190 3353 redactus
3233 3314 3438 3368 paupe-

1869 3383 2028 3450 riem,
2054 3383 2119 3439 ad
2139 3385 2424 3440 aurincum
2452 3396 2626 3440 artem
2654 3386 2969 3442 discendam
2995 3404 3053 3445 se
3077 3391 3312 3445 contulit
3337 3392 3437 3462 (t).

1870 3487 1929 3531 ut
1959 3493 2294 3547 quocunque
2322 3487 2506 3548 posset
2533 3479 2698 3532 modo
2725 3479 2928 3533 victum
2963 3481 3064 3534 sibi
3093 3493 3330 3550 pararet.
3368 3484 3446 3538 [ia

1868 3580 1985 3623 arte
2037 3569 2127 3622 ubi
2183 3570 2315 3623 satis
2360 3578 2445 3623 est
2497 3585 2652 3635 usus,
2702 3579 2928 3640 propter
2971 3571 3172 3640 ingenii
3219 3575 3325 3627 vim
3373 3578 3438 3628 ad

1870 3660 2086 3716 dicendi
2133 3660 2478 3729 disciplinam
2511 3671 2594 3715 est
2640 3676 2990 3716 conversus:
3040 3663 3446 3734 Paulinumque

1870 3753 2113 3817 audivit,
2153 3755 2244 3822 qui
2281 3769 2342 3807 ex
2386 3753 2618 3808 ecclesia
2665 3753 2828 3824 Tyria
2875 3755 3217 3809 Antiochiam
3262 3755 3444 3812 luerat

1873 3845 2189 3899 translatus.
2237 3845 2406 3900 Porro
2443 3855 2658 3899 mortua
2706 3855 2903 3908 matre.
2943 3848 3099 3917 cujus
3131 3849 3302 3918 gratia
3340 3864 3432 3902 an-

1871 3949 1990 3985 rum
2041 3935 2430 3990 eouformandi
2465 3937 2568 3988 arti
2622 3950 2845 4005 operam
2893 3949 3225 4004 navaverat,
3289 3947 3443 3993 totus

1867 4020 2054 4075 statim
2092 4021 2144 4074 itt
2176 4022 2394 4076 dicendi
2423 4025 2665 4078 studium
2702 4026 2952 4078 incubuit
2975 4068 2990 4090 ,
3019 4027 3283 4096 brevique
3315 4044 3439 4082 cer-

1873 4121 2054 4166 tamen
2096 4112 2345 4178 subiens,
2380 4114 2582 4168 multos
2614 4114 2950 4184 disputando
2984 4119 3244 4173 convicit.
3277 4121 3442 4190 717

237 4215 320 4282 τὴν
348 4219 732 4288 γραμματικὴν
779 4219 928 4288 αὐτῷ
979 4217 1304 4289 παρεδίδουο
1350 4217 1556 4280 ’Δέτιος
1609 4217 1666 4270 δὲ
1692 4217 1764 4285 τῷ

1873 4205 2164 4272 Postquam
2193 4214 2377 4259 autem
2415 4206 2660 4262 Eulalius
2686 4216 2806 4277 post
2838 4210 3124 4264 Paulinum
3161 4212 3214 4265 in
3250 4214 3442 4266 Antiu-

239 4311 385 4381 κυρίῳ
415 4313 486 4373 είς
522 4312 744 4380 ἔλεγχον
775 4312 873 4379 τῆς
908 4311 1038 4380 περὶ
1069 4311 1138 4362 τὰ
1171 4310 1293 4362 θεῖα
1319 4310 1474 4378 λόγια
1504 4310 1578 4379 μὴ
1605 4309 1764 4380 ὀρθῆς

1869 4298 2045 4352 chena
2083 4299 2211 4352 sede
2244 4307 2328 4352 est
2375 4298 2692 4362 collocatus,
2737 4301 3034 4355 multitudo
3072 4303 3262 4374 ingens
3290 4316 3440 4361 motu

239 4401 492 4466 διαθέσεως
526 4404 840 4456 καθίστατο.
869 4403 976 4455 Καὶ
1005 4403 1068 4472 δὴ
1101 4401 1292 4470 μισθὸν
1321 4403 1420 4470 τῆς
1455 4400 1764 4468 εὐεργετού-

1871 4389 2140 4444 adversus
2170 4390 2389 4443 Aetium
2417 4389 2717 4453 concitato,
2747 4392 2882 4445 urbe
2905 4406 3032 4446 eum
3063 4394 3293 4463 expulit.
3321 4396 3442 4468 Quo

242 4509 322 4560 σης
345 4465 492 4547 αὑτὸν
509 4494 684 4555 οἰκίας
709 4493 1012 4562 ἐλάμϐανεν
1035 4465 1215 4562 dated)
1226 4465 1398 4560 puétv'.
1430 4465 1698 4546 Κάκείθεν
1712 4491 1764 4544 δὲ

1877 4491 2119 4550 tempore
2163 4479 2510 4535 Anazarbum
2547 4480 2752 4536 Ciliciae
2791 4486 3100 4550 concessit,
3155 4496 3318 4556 atque
3357 4465 3442 4543 ibi

241 4585 481 4653 διωχθεὶς,
506 4587 582 4657 τῷ
610 4587 707 4654 τὴν
761 4585 1095 4654 Ἀναζαρόδν
1134 4583 1425 4638 διοικοῦντι
1463 4584 1764 4650 Ἀθανασίῳ

1871 4583 2043 4627 artem
2077 4589 2268 4627 rursus
2283 4588 2434 4627 suam
2463 4574 2560 4638 ita,
2591 4574 2820 4642 parandi
2848 4580 3026 4632 victus
3054 4581 3248 4648 gratia,
3283 4597 3448 4635 exora
3521 4623 3533 4636 .

1872 4667 2008 4730 cuit,
2053 4673 2113 4718 ut
2152 4679 2264 4719 non
2305 4679 2535 4734 prorsus
2561 4665 2783 4721 dicendi
2822 4677 3098 4724 certamen
3137 4675 3439 4729 omitteret.

1874 4756 2088 4810 Accidit
2132 4767 2267 4817 tum,
2305 4765 2363 4808 ttt
2416 4757 2662 4825 sophista
2709 4759 2932 4826 quidam
2984 4761 3124 4814 Aetii
3161 4764 3443 4831 ingenium

245 4681 541 4746 συγγίνεται,
571 4677 704 4747 παρ’
724 4669 769 4746 ᾧ
797 4679 921 4741 τοὺς
955 4677 1348 4744 εὐαγγελιστάς
1389 4676 1603 4742 ἀνέγνω
1634 4677 1768 4744 πρὸς

242 4766 408 4820 λεπτὴν
446 4773 741 4840 ὶπιστήσας
791 4769 994 4830 αὐτοῖς.
1025 4765 1158 4820 Ἐἶτ’
1188 4767 1400 4819 ἐκεῖθεν
1457 4765 1771 4830 ἀφικνεῖται

245 4860 358 4926 πρὸς
378 4861 651 4917 Ἀντώνιον
673 4865 730 4914 ὲν
754 4861 980 4932 Ταρσῷ,
1001 4860 1057 4922 ὃς
1091 4857 1366 4929 γνώριμος
1393 4854 1463 4928 ἦν
1487 4859 1772 4930 Λουκιανῷ

245 4952 307 5019 τῷ
341 4953 580 5025 μάρτυρι,
610 4953 668 5018 ἐξ
695 4950 756 5010 οὗ
784 4955 875 5006 τὸν
918 4949 1242 5007 Ἀπόστολον
1272 4950 1667 5021 ἀναδιδαχθεὶς,
1689 4945 1772 5016 ἐφ’

249 5039 400 5093 ἱκανὸν
418 5045 596 5112 ἐκείνῳ
621 5043 1010 5111 συνδιατρίϐει,
1039 5041 1119 5094 ἐτι
1144 5042 1243 5111 τὴν
1268 5041 1362 5093 τοῦ
1395 5041 1770 5110 πρεσϐυτέρου

245 5132 373 5196 τάξιν
400 5137 705 5206 πληροῦντι.
723 5136 780 5189 Ἐ
794 5138 878 5188 πεί
899 5136 943 5188 δ’
975 5135 1257 5197 Ἀντώνιος
1280 5134 1474 5205 ἔφορος
1503 5135 1771 5202 ἐγεγόνει,

247 5225 321 5274 καὶ
345 5226 434 5295 οὐχ
463 5225 570 5290 οἷός
601 5245 660 5280 τε
690 5223 759 5297 ἦν
783 5231 845 5296 τῇ
879 5225 1178 5296 σοφιζοῠσῃ
1195 5225 1288 5277 τὸν
1325 5225 1530 5278 Ἀέτιον
1556 5227 1775 5294 ἐνασχο-

247 5314 425 5371 ὶείεθαι
449 5320 786 5390 διδασκαλίᾳ,
816 5319 1024 5372 ἐκεῖθεν
1053 5322 1080 5372 6
1127 5319 1336 5381 Ἀἐτιος
1366 5317 1464 5387 τὴν
1498 5317 1775 5386 Ἀντιόχου

246 5409 615 5476 γαταλαμϐἁνει
636 5431 649 5444 ο
687 5413 781 5466 καὶ
812 5413 959 5481 παρὰ
995 5411 1247 5465 Λεοντίου
1278 5410 1357 5462 ἔτι
1400 5408 1774 5479 πρεσϐυτέρου

249 5497 392 5565 δντος,
429 5505 718 5558 Λουκιανοῦ
749 5504 806 5558 δὲ
838 5503 934 5556 τοῦ
968 5505 1246 5573 μάρτυρος
1270 5502 1366 5554 καὶ
1401 5495 1554 5562 οὗτος
1585 5515 1774 5569 φοιτη-

1874 4849 2214 4910 admiratus,
2252 4858 2426 4904 artem
2464 4865 2618 4904 suam
2654 4865 2778 4904 cum
2814 4866 2881 4905 eo
2923 4854 3441 4910 communicandum

1874 4943 2120 4997 duceret.
2153 4943 2329 5012 Atque
2373 4942 2466 4996 ille
2507 4942 2561 4995 in
2618 4943 2877 5011 sophistae
2903 4945 3126 4998 domum
3161 4957 3438 5016 receptus,

1879 5031 2084 5086 homini
2119 5032 2449 5098 inserviens,
2474 5047 2636 5086 omne
2672 5040 2756 5101 (ut
2790 5034 2904 5087 licri
2934 5034 3094 5100 solet)
3134 5033 3320 5090 [amuli
3348 5040 3443 5091 nti-

1876 5125 2162 5181 nisterium
2200 5125 2470 5194 praestitit.
2509 5124 2765 5194 Sophista
2789 5127 3178 5193 grammaticen
3217 5138 3272 5182 ct
3303 5128 3446 5202 logi-

1875 5234 1975 5273 een
2019 5220 2067 5271 ei
2115 5217 2356 5272 tradidit.
2408 5217 2515 5284 lpsi
2559 5232 2688 5270 vero
2734 5232 2857 5271 eum
2906 5219 3096 5272 bcrum
3145 5222 3214 5273 ob
3259 5226 3440 5278 minus

1876 5323 2078 5366 rectam
2129 5311 2197 5364 de
2245 5311 2448 5365 divinis
2492 5310 2732 5364 oraculis
2781 5311 3095 5378 opinionem
3162 5325 3438 5381 argueret,

1876 5403 2186 5458 mercedem
2215 5403 2356 5456 bene
2383 5401 2450 5454 de
2479 5415 2537 5456 se
2571 5401 2778 5454 merita:
2809 5401 3004 5456 domus
3033 5402 3438 5457 abdicationem

1876 5498 2019 5550 tulit.
2051 5497 2223 5564 Atque
2258 5494 2385 5548 inde
2413 5493 2642 5563 eiectus,
2672 5508 2797 5547 cum
2831 5493 3136 5549 Athanasio
3169 5497 3440 5550 Anazarbi

251 5593 331 5656 τὴς
352 5593 685 5663 ὲχρπμιάτισε,
710 5599 833 5659 τοὺς
863 5597 1168 5666 προφήτας,
1195 5595 1286 5647 καὶ
1315 5593 1518 5663 μᾶλλον
1553 5592 1645 5646 τὸν
1675 5592 1764 5645 Ἰε-

1873 5586 2118 5642 antistite
2178 5585 2350 5649 vixit,
2410 5584 2552 5656 apud
2613 5599 2775 5656 quem
2833 5589 3201 5658 evangelistas
3251 5599 3442 5642 exacte

311 5757 379 5831 (l)
408 5761 610 5822 Sozotn.
641 5770 736 5825 lib.
763 5786 844 5834 tn,
875 5787 994 5842 cap.
1033 5770 1119 5836 l5,
1150 5768 1366 5826 Aetium
1398 5765 1633 5837 primum
1671 5759 1944 5816 medicum
1976 5755 2144 5811 fuisse
2177 5752 2332 5810 dicit.
