  <div class='ocr_page' id='page_1' title='image "/cluster/home/n/w/nwhite01/storage/ocr_20150623/146/hvd.32044019208347/153.png"; bbox 0 0 3934 6570; ppageno 0'>
   <div class='ocr_carea' id='block_1_1' title="bbox 495 280 599 343">
    <p class='ocr_par' dir='ltr' id='par_1_1' title="bbox 495 280 599 343">
     <span class='ocr_line' id='line_1_1' title="bbox 495 280 599 343; baseline 0 -1"><span class='ocrx_word' id='word_1_1' title='bbox 495 280 599 343; x_wconf 78' lang='grc'><strong>291</strong></span> 
     </span>
    </p>
   </div>
   <div class='ocr_carea' id='block_1_2' title="bbox 1716 271 2532 336">
    <p class='ocr_par' dir='ltr' id='par_1_2' title="bbox 1716 271 2532 336">
     <span class='ocr_line' id='line_1_2' title="bbox 1716 271 2532 336; baseline -0.004 -1"><span class='ocrx_word' id='word_1_2' title='bbox 1716 271 2140 336; x_wconf 76' lang='lat' dir='ltr'><strong>NICEPHORI</strong></span> <span class='ocrx_word' id='word_1_3' title='bbox 2182 271 2532 332; x_wconf 78' lang='lat' dir='ltr'><strong>CALLISTI</strong></span> 
     </span>
    </p>
   </div>
   <div class='ocr_carea' id='block_1_3' title="bbox 3637 279 3738 344">
    <p class='ocr_par' dir='ltr' id='par_1_3' title="bbox 3637 279 3738 344">
     <span class='ocr_line' id='line_1_3' title="bbox 3637 279 3738 344; baseline 0.02 -3"><span class='ocrx_word' id='word_1_4' title='bbox 3637 279 3738 344; x_wconf 67' lang='lat'><strong>992</strong></span> 
     </span>
    </p>
   </div>
   <div class='ocr_carea' id='block_1_4' title="bbox 494 380 2063 462">
    <p class='ocr_par' dir='ltr' id='par_1_4' title="bbox 494 382 2063 462">
     <span class='ocr_line' id='line_1_4' title="bbox 494 382 2063 462; baseline -0.01 -11"><span class='ocrx_word' id='word_1_5' title='bbox 494 393 782 451; x_wconf 81' lang='lat' dir='ltr'><strong>excutiens</strong></span> <span class='ocrx_word' id='word_1_6' title='bbox 811 391 962 462; x_wconf 74' lang='lat' dir='ltr'><strong>legit.</strong></span> <span class='ocrx_word' id='word_1_7' title='bbox 999 387 1206 445; x_wconf 83' lang='lat' dir='ltr'><strong>Deinde</strong></span> <span class='ocrx_word' id='word_1_8' title='bbox 1237 386 1469 443; x_wconf 78' lang='lat' dir='ltr'><strong>Tarsum</strong></span> <span class='ocrx_word' id='word_1_9' title='bbox 1499 384 1567 440; x_wconf 87' lang='lat' dir='ltr'><strong>ad</strong></span> <span class='ocrx_word' id='word_1_10' title='bbox 1595 385 1922 448; x_wconf 85' lang='lat' dir='ltr'><strong>Antonium,</strong></span> <span class='ocrx_word' id='word_1_11' title='bbox 1951 382 2063 437; x_wconf 89' lang='lat' dir='ltr'><strong>Lu-</strong></span> 
     </span>
    </p>
   </div>
   <div class='ocr_carea' id='block_1_5' title="bbox 2168 380 3736 462">
    <p class='ocr_par' dir='ltr' id='par_1_5' title="bbox 2169 380 3736 457">
     <span class='ocr_line' id='line_1_5' title="bbox 2169 380 3736 457; baseline 0.003 -19"><span class='ocrx_word' id='word_1_12' title='bbox 2169 383 2357 455; x_wconf 80' lang='grc' dir='ltr'>ζεκιὴλ</span> <span class='ocrx_word' id='word_1_13' title='bbox 2391 381 2687 453; x_wconf 83' lang='grc' dir='ltr'>διδαχθεὶς,</span> <span class='ocrx_word' id='word_1_14' title='bbox 2743 380 2990 454; x_wconf 83' lang='grc' dir='ltr'>ἀκρασίᾳ</span> <span class='ocrx_word' id='word_1_15' title='bbox 3024 381 3292 453; x_wconf 83' lang='grc' dir='ltr'>γλώττης,</span> <span class='ocrx_word' id='word_1_16' title='bbox 3328 385 3422 438; x_wconf 78' lang='grc' dir='ltr'>καὶ</span> <span class='ocrx_word' id='word_1_17' title='bbox 3453 385 3533 457; x_wconf 83' lang='grc' dir='ltr'><strong>τῷ</strong></span> <span class='ocrx_word' id='word_1_18' title='bbox 3563 386 3736 444; x_wconf 87' lang='grc' dir='ltr'>δυσσε-</span> 
     </span>
    </p>
   </div>
   <div class='ocr_carea' id='block_1_6' title="bbox 491 476 2073 556">
    <p class='ocr_par' dir='ltr' id='par_1_6' title="bbox 491 476 2073 556">
     <span class='ocr_line' id='line_1_6' title="bbox 491 476 2073 556; baseline -0.009 -12"><span class='ocrx_word' id='word_1_19' title='bbox 491 491 655 544; x_wconf 88' lang='lat' dir='ltr'><strong>ciano</strong></span> <span class='ocrx_word' id='word_1_20' title='bbox 685 485 915 556; x_wconf 85' lang='lat' dir='ltr'><strong>martyri</strong></span> <span class='ocrx_word' id='word_1_21' title='bbox 958 495 1170 545; x_wconf 89' lang='lat' dir='ltr'><strong>notum.</strong></span> <span class='ocrx_word' id='word_1_22' title='bbox 1205 482 1382 539; x_wconf 88' lang='lat' dir='ltr'><strong>venit.</strong></span> <span class='ocrx_word' id='word_1_23' title='bbox 1418 482 1464 536; x_wconf 91' lang='lat' dir='ltr'><strong>A</strong></span> <span class='ocrx_word' id='word_1_24' title='bbox 1499 494 1608 552; x_wconf 92' lang='lat' dir='ltr'><strong>quo</strong></span> <span class='ocrx_word' id='word_1_25' title='bbox 1639 477 1958 550; x_wconf 87' lang='lat' dir='ltr'><strong>Apostolum</strong></span> <span class='ocrx_word' id='word_1_26' title='bbox 1991 476 2073 531; x_wconf 89' lang='lat' dir='ltr'><strong>di-</strong></span> 
     </span>
    </p>
   </div>
   <div class='ocr_carea' id='block_1_7' title="bbox 492 568 2071 641">
    <p class='ocr_par' dir='ltr' id='par_1_7' title="bbox 492 568 2071 641">
     <span class='ocr_line' id='line_1_7' title="bbox 492 568 2071 641; baseline -0.006 -7"><span class='ocrx_word' id='word_1_27' title='bbox 492 593 674 641; x_wconf 82' lang='lat' dir='ltr'><strong>scens,</strong></span> <span class='ocrx_word' id='word_1_28' title='bbox 717 577 849 631; x_wconf 89' lang='lat' dir='ltr'><strong>satis</strong></span> <span class='ocrx_word' id='word_1_29' title='bbox 885 576 976 630; x_wconf 88' lang='lat' dir='ltr'><strong>diu</strong></span> <span class='ocrx_word' id='word_1_30' title='bbox 1012 591 1136 630; x_wconf 88' lang='lat' dir='ltr'><strong>eum</strong></span> <span class='ocrx_word' id='word_1_31' title='bbox 1181 590 1270 639; x_wconf 90' lang='lat' dir='ltr'><strong>eo,</strong></span> <span class='ocrx_word' id='word_1_32' title='bbox 1320 588 1444 628; x_wconf 89' lang='lat' dir='ltr'><strong>cum</strong></span> <span class='ocrx_word' id='word_1_33' title='bbox 1477 572 1660 627; x_wconf 89' lang='lat' dir='ltr'><strong>adhuc</strong></span> <span class='ocrx_word' id='word_1_34' title='bbox 1701 572 1755 625; x_wconf 92' lang='lat' dir='ltr'><strong>in</strong></span> <span class='ocrx_word' id='word_1_35' title='bbox 1787 568 2071 640; x_wconf 82' lang='lat' dir='ltr'><strong>presbyte-</strong></span> 
     </span>
    </p>
   </div>
   <div class='ocr_carea' id='block_1_8' title="bbox 496 659 2073 729">
    <p class='ocr_par' dir='ltr' id='par_1_8' title="bbox 496 659 2073 729">
     <span class='ocr_line' id='line_1_8' title="bbox 496 659 2073 729; baseline -0.005 -9"><span class='ocrx_word' id='word_1_36' title='bbox 496 684 681 722; x_wconf 89' lang='lat' dir='ltr'><strong>rorum</strong></span> <span class='ocrx_word' id='word_1_37' title='bbox 732 667 927 720; x_wconf 80' lang='lat' dir='ltr'><strong>ordine</strong></span> <span class='ocrx_word' id='word_1_38' title='bbox 970 673 1135 729; x_wconf 89' lang='lat' dir='ltr'><strong>esset,</strong></span> <span class='ocrx_word' id='word_1_39' title='bbox 1195 663 1418 720; x_wconf 87' lang='lat' dir='ltr'><strong>mansit.</strong></span> <span class='ocrx_word' id='word_1_40' title='bbox 1467 662 1569 719; x_wconf 90' lang='lat' dir='ltr'><strong>Ubi</strong></span> <span class='ocrx_word' id='word_1_41' title='bbox 1618 676 1750 716; x_wconf 90' lang='lat' dir='ltr'><strong>vero</strong></span> <span class='ocrx_word' id='word_1_42' title='bbox 1796 659 2073 715; x_wconf 89' lang='lat' dir='ltr'><strong>Antonius</strong></span> 
     </span>
    </p>
   </div>
   <div class='ocr_carea' id='block_1_9' title="bbox 492 747 2068 830">
    <p class='ocr_par' dir='ltr' id='par_1_9' title="bbox 492 747 2068 830">
     <span class='ocr_line' id='line_1_9' title="bbox 492 747 2068 830; baseline -0.004 -16"><span class='ocrx_word' id='word_1_43' title='bbox 492 761 736 830; x_wconf 77' lang='lat' dir='ltr'><strong>episcopi</strong></span> <span class='ocrx_word' id='word_1_44' title='bbox 773 759 1110 814; x_wconf 72' lang='lat' dir='ltr'><strong>iunctionem</strong></span> <span class='ocrx_word' id='word_1_45' title='bbox 1137 759 1402 827; x_wconf 84' lang='lat' dir='ltr'><strong>suscepit.</strong></span> <span class='ocrx_word' id='word_1_46' title='bbox 1433 770 1614 825; x_wconf 86' lang='lat' dir='ltr'><strong>neque</strong></span> <span class='ocrx_word' id='word_1_47' title='bbox 1639 747 1749 825; x_wconf 66' lang='lat' dir='ltr'><strong>iam</strong></span> <span class='ocrx_word' id='word_1_48' title='bbox 1781 752 2068 814; x_wconf 69' lang='lat' dir='ltr'><strong>doctrinm.</strong></span> 
     </span>
    </p>
   </div>
   <div class='ocr_carea' id='block_1_10' title="bbox 493 842 2074 921">
    <p class='ocr_par' dir='ltr' id='par_1_10' title="bbox 493 842 2074 921">
     <span class='ocr_line' id='line_1_10' title="bbox 493 842 2074 921; baseline -0.003 -18"><span class='ocrx_word' id='word_1_49' title='bbox 493 869 600 921; x_wconf 83' lang='lat' dir='ltr'><strong>qua</strong></span> <span class='ocrx_word' id='word_1_50' title='bbox 642 852 861 906; x_wconf 87' lang='lat' dir='ltr'><strong>Aelium</strong></span> <span class='ocrx_word' id='word_1_51' title='bbox 907 850 1220 914; x_wconf 75' lang='lat' dir='ltr'><strong>erudiebat,</strong></span> <span class='ocrx_word' id='word_1_52' title='bbox 1256 862 1451 902; x_wconf 86' lang='lat' dir='ltr'><strong>vacare</strong></span> <span class='ocrx_word' id='word_1_53' title='bbox 1499 853 1712 916; x_wconf 81' lang='lat' dir='ltr'><strong>posset,</strong></span> <span class='ocrx_word' id='word_1_54' title='bbox 1748 845 1838 900; x_wconf 92' lang='lat' dir='ltr'><strong>ille</strong></span> <span class='ocrx_word' id='word_1_55' title='bbox 1882 842 2074 898; x_wconf 85' lang='lat' dir='ltr'><strong>Antio-</strong></span> 
     </span>
    </p>
   </div>
   <div class='ocr_carea' id='block_1_11' title="bbox 498 937 2073 997">
    <p class='ocr_par' dir='ltr' id='par_1_11' title="bbox 498 937 2073 997">
     <span class='ocr_line' id='line_1_11' title="bbox 498 937 2073 997; baseline -0.003 -1"><span class='ocrx_word' id='word_1_56' title='bbox 498 945 681 996; x_wconf 67' lang='lat' dir='ltr'><strong>c-biam</strong></span> <span class='ocrx_word' id='word_1_57' title='bbox 729 953 816 997; x_wconf 85' lang='lat' dir='ltr'><strong>est</strong></span> <span class='ocrx_word' id='word_1_58' title='bbox 857 958 1132 996; x_wconf 84' lang='lat' dir='ltr'><strong>reversus.</strong></span> <span class='ocrx_word' id='word_1_59' title='bbox 1179 939 1244 992; x_wconf 89' lang='lat' dir='ltr'><strong>Et</strong></span> <span class='ocrx_word' id='word_1_60' title='bbox 1287 938 1362 993; x_wconf 85' lang='lat' dir='ltr'><strong>ibi</strong></span> <span class='ocrx_word' id='word_1_61' title='bbox 1403 955 1527 994; x_wconf 91' lang='lat' dir='ltr'><strong>cum</strong></span> <span class='ocrx_word' id='word_1_62' title='bbox 1566 954 1595 992; x_wconf 87' lang='lat' dir='ltr'><strong>a</strong></span> <span class='ocrx_word' id='word_1_63' title='bbox 1625 938 1857 993; x_wconf 86' lang='lat' dir='ltr'><strong>Leontio</strong></span> <span class='ocrx_word' id='word_1_64' title='bbox 1889 937 2073 992; x_wconf 88' lang='lat' dir='ltr'><strong>adhuc</strong></span> 
     </span>
    </p>
   </div>
   <div class='ocr_carea' id='block_1_12' title="bbox 495 1030 2073 1106">
    <p class='ocr_par' dir='ltr' id='par_1_12' title="bbox 495 1030 2073 1106">
     <span class='ocr_line' id='line_1_12' title="bbox 495 1030 2073 1106; baseline -0.003 -19"><span class='ocrx_word' id='word_1_65' title='bbox 495 1037 820 1106; x_wconf 80' lang='lat' dir='ltr'><strong>presbytero</strong></span> <span class='ocrx_word' id='word_1_66' title='bbox 856 1035 1102 1102; x_wconf 83' lang='lat' dir='ltr'><strong>(Luciani</strong></span> <span class='ocrx_word' id='word_1_67' title='bbox 1144 1033 1399 1104; x_wconf 73' lang='lat' dir='ltr'><strong>martyris</strong></span> <span class='ocrx_word' id='word_1_68' title='bbox 1427 1041 1484 1086; x_wconf 89' lang='lat' dir='ltr'><strong>et</strong></span> <span class='ocrx_word' id='word_1_69' title='bbox 1531 1031 1620 1086; x_wconf 82' lang='lat' dir='ltr'><strong>hic</strong></span> <span class='ocrx_word' id='word_1_70' title='bbox 1649 1030 1872 1085; x_wconf 88' lang='lat' dir='ltr'><strong>habitus</strong></span> <span class='ocrx_word' id='word_1_71' title='bbox 1897 1039 2073 1084; x_wconf 88' lang='lat' dir='ltr'><strong>secta-</strong></span> 
     </span>
    </p>
   </div>
   <div class='ocr_carea' id='block_1_13' title="bbox 496 1121 2073 1196">
    <p class='ocr_par' dir='ltr' id='par_1_13' title="bbox 496 1121 2073 1196">
     <span class='ocr_line' id='line_1_13' title="bbox 496 1121 2073 1196; baseline -0.003 -15"><span class='ocrx_word' id='word_1_72' title='bbox 496 1128 604 1196; x_wconf 83' lang='lat' dir='ltr'><strong>tor)</strong></span> <span class='ocrx_word' id='word_1_73' title='bbox 643 1127 961 1196; x_wconf 76' lang='lat' dir='ltr'><strong>prophetas,</strong></span> <span class='ocrx_word' id='word_1_74' title='bbox 997 1137 1159 1193; x_wconf 88' lang='lat' dir='ltr'><strong>atque</strong></span> <span class='ocrx_word' id='word_1_75' title='bbox 1198 1125 1251 1177; x_wconf 91' lang='lat' dir='ltr'><strong>in</strong></span> <span class='ocrx_word' id='word_1_76' title='bbox 1299 1124 1490 1194; x_wconf 82' lang='lat' dir='ltr'><strong>primis</strong></span> <span class='ocrx_word' id='word_1_77' title='bbox 1524 1123 1872 1177; x_wconf 86' lang='lat' dir='ltr'><strong>Ezechielem</strong></span> <span class='ocrx_word' id='word_1_78' title='bbox 1908 1121 2073 1177; x_wconf 88' lang='lat' dir='ltr'><strong>doce-</strong></span> 
     </span>
    </p>
   </div>
   <div class='ocr_carea' id='block_1_14' title="bbox 495 1215 2074 1287">
    <p class='ocr_par' dir='ltr' id='par_1_14' title="bbox 495 1215 2074 1287">
     <span class='ocr_line' id='line_1_14' title="bbox 495 1215 2074 1287; baseline -0.002 -16"><span class='ocrx_word' id='word_1_79' title='bbox 495 1227 667 1283; x_wconf 89' lang='lat' dir='ltr'><strong>retur,</strong></span> <span class='ocrx_word' id='word_1_80' title='bbox 732 1226 956 1287; x_wconf 87' lang='lat' dir='ltr'><strong>propter</strong></span> <span class='ocrx_word' id='word_1_81' title='bbox 1001 1217 1199 1286; x_wconf 74' lang='lat' dir='ltr'><strong>lingnze</strong></span> <span class='ocrx_word' id='word_1_82' title='bbox 1232 1215 1736 1286; x_wconf 81' lang='lat' dir='ltr'><strong>intemperantiam,</strong></span> <span class='ocrx_word' id='word_1_83' title='bbox 1769 1225 1823 1270; x_wconf 87' lang='lat' dir='ltr'><strong>et</strong></span> <span class='ocrx_word' id='word_1_84' title='bbox 1853 1223 2074 1271; x_wconf 86' lang='lat' dir='ltr'><strong>senten-</strong></span> 
     </span>
    </p>
   </div>
   <div class='ocr_carea' id='block_1_15' title="bbox 497 1308 2070 1380">
    <p class='ocr_par' dir='ltr' id='par_1_15' title="bbox 497 1308 2070 1380">
     <span class='ocr_line' id='line_1_15' title="bbox 497 1308 2070 1380; baseline -0.001 -16"><span class='ocrx_word' id='word_1_85' title='bbox 497 1315 587 1365; x_wconf 68' lang='lat' dir='ltr'><strong>tia:</strong></span> <span class='ocrx_word' id='word_1_86' title='bbox 634 1312 993 1379; x_wconf 83' lang='lat' dir='ltr'><strong>impietatem,</strong></span> <span class='ocrx_word' id='word_1_87' title='bbox 1040 1311 1169 1365; x_wconf 88' lang='lat' dir='ltr'><strong>inde</strong></span> <span class='ocrx_word' id='word_1_88' title='bbox 1203 1325 1396 1365; x_wconf 88' lang='lat' dir='ltr'><strong>rursus</strong></span> <span class='ocrx_word' id='word_1_89' title='bbox 1430 1319 1517 1365; x_wconf 89' lang='lat' dir='ltr'><strong>est</strong></span> <span class='ocrx_word' id='word_1_90' title='bbox 1551 1310 1835 1380; x_wconf 83' lang='lat' dir='ltr'><strong>expulsus.</strong></span> <span class='ocrx_word' id='word_1_91' title='bbox 1883 1308 2070 1378; x_wconf 81' lang='lat' dir='ltr'><strong>Itaque</strong></span> 
     </span>
    </p>
   </div>
   <div class='ocr_carea' id='block_1_16' title="bbox 499 1400 2070 1474">
    <p class='ocr_par' dir='ltr' id='par_1_16' title="bbox 499 1400 2070 1474">
     <span class='ocr_line' id='line_1_16' title="bbox 499 1400 2070 1474; baseline -0.001 -18"><span class='ocrx_word' id='word_1_92' title='bbox 499 1405 853 1474; x_wconf 75' lang='lat' dir='ltr'><strong>sophisticam</strong></span> <span class='ocrx_word' id='word_1_93' title='bbox 896 1420 1185 1469; x_wconf 86' lang='lat' dir='ltr'><strong>exercens,</strong></span> <span class='ocrx_word' id='word_1_94' title='bbox 1233 1413 1289 1458; x_wconf 89' lang='lat' dir='ltr'><strong>et</strong></span> <span class='ocrx_word' id='word_1_95' title='bbox 1325 1403 1627 1459; x_wconf 84' lang='lat' dir='ltr'><strong>certamine</strong></span> <span class='ocrx_word' id='word_1_96' title='bbox 1670 1417 1796 1458; x_wconf 92' lang='lat' dir='ltr'><strong>eum</strong></span> <span class='ocrx_word' id='word_1_97' title='bbox 1844 1401 1926 1456; x_wconf 89' lang='lat' dir='ltr'><strong>eis</strong></span> <span class='ocrx_word' id='word_1_98' title='bbox 1976 1400 2070 1471; x_wconf 86' lang='lat' dir='ltr'><strong>qui</strong></span> 
     </span>
    </p>
   </div>
   <div class='ocr_carea' id='block_1_17' title="bbox 491 1492 2072 1564">
    <p class='ocr_par' dir='ltr' id='par_1_17' title="bbox 491 1492 2072 1564">
     <span class='ocr_line' id='line_1_17' title="bbox 491 1492 2072 1564; baseline -0.001 -17"><span class='ocrx_word' id='word_1_99' title='bbox 491 1494 628 1547; x_wconf 80' lang='lat' dir='ltr'><strong>clari</strong></span> <span class='ocrx_word' id='word_1_100' title='bbox 661 1509 727 1548; x_wconf 87' lang='lat' dir='ltr'><strong>eo</strong></span> <span class='ocrx_word' id='word_1_101' title='bbox 771 1494 954 1556; x_wconf 83' lang='lat' dir='ltr'><strong>studio</strong></span> <span class='ocrx_word' id='word_1_102' title='bbox 990 1503 1151 1549; x_wconf 81' lang='lat' dir='ltr'><strong>erant</strong></span> <span class='ocrx_word' id='word_1_103' title='bbox 1183 1494 1569 1564; x_wconf 83' lang='lat' dir='ltr'><strong>congrediens,</strong></span> <span class='ocrx_word' id='word_1_104' title='bbox 1608 1492 1726 1548; x_wconf 81' lang='lat' dir='ltr'><strong>loca</strong></span> <span class='ocrx_word' id='word_1_105' title='bbox 1759 1492 1929 1547; x_wconf 87' lang='lat' dir='ltr'><strong>multa</strong></span> <span class='ocrx_word' id='word_1_106' title='bbox 1965 1492 2072 1546; x_wconf 91' lang='lat' dir='ltr'><strong>cir-</strong></span> 
     </span>
    </p>
   </div>
   <div class='ocr_carea' id='block_1_18' title="bbox 491 1585 2072 1642">
    <p class='ocr_par' dir='ltr' id='par_1_18' title="bbox 491 1585 2072 1642">
     <span class='ocr_line' id='line_1_18' title="bbox 491 1585 2072 1642; baseline -0.001 -1"><span class='ocrx_word' id='word_1_107' title='bbox 491 1588 706 1641; x_wconf 84' lang='lat' dir='ltr'><strong>cumiit.</strong></span> <span class='ocrx_word' id='word_1_108' title='bbox 754 1588 950 1642; x_wconf 86' lang='lat' dir='ltr'><strong>Postea</strong></span> <span class='ocrx_word' id='word_1_109' title='bbox 997 1603 1130 1641; x_wconf 85' lang='lat' dir='ltr'><strong>vero</strong></span> <span class='ocrx_word' id='word_1_110' title='bbox 1178 1594 1233 1640; x_wconf 89' lang='lat' dir='ltr'><strong>et</strong></span> <span class='ocrx_word' id='word_1_111' title='bbox 1278 1585 1548 1640; x_wconf 86' lang='lat' dir='ltr'><strong>medicam</strong></span> <span class='ocrx_word' id='word_1_112' title='bbox 1591 1593 1766 1640; x_wconf 88' lang='lat' dir='ltr'><strong>artem</strong></span> <span class='ocrx_word' id='word_1_113' title='bbox 1813 1593 2072 1640; x_wconf 84' lang='lat' dir='ltr'><strong>accurate</strong></span> 
     </span>
    </p>
   </div>
   <div class='ocr_carea' id='block_1_19' title="bbox 491 1671 2062 1748">
    <p class='ocr_par' dir='ltr' id='par_1_19' title="bbox 491 1671 2062 1748">
     <span class='ocr_line' id='line_1_19' title="bbox 491 1671 2062 1748; baseline -0.001 -16"><span class='ocrx_word' id='word_1_114' title='bbox 491 1681 701 1734; x_wconf 79' lang='lat' dir='ltr'><strong>didicit.</strong></span> <span class='ocrx_word' id='word_1_115' title='bbox 757 1671 976 1748; x_wconf 85' lang='lat' dir='ltr'><strong>Sopolis</strong></span> <span class='ocrx_word' id='word_1_116' title='bbox 1030 1679 1082 1730; x_wconf 92' lang='lat' dir='ltr'><strong>in</strong></span> <span class='ocrx_word' id='word_1_117' title='bbox 1143 1677 1236 1731; x_wconf 89' lang='lat' dir='ltr'><strong>tali</strong></span> <span class='ocrx_word' id='word_1_118' title='bbox 1279 1677 1568 1744; x_wconf 89' lang='lat' dir='ltr'><strong>disciplina</strong></span> <span class='ocrx_word' id='word_1_119' title='bbox 1607 1677 1806 1730; x_wconf 88' lang='lat' dir='ltr'><strong>doctor</strong></span> <span class='ocrx_word' id='word_1_120' title='bbox 1839 1677 1890 1731; x_wconf 91' lang='lat' dir='ltr'><strong>ei</strong></span> <span class='ocrx_word' id='word_1_121' title='bbox 1941 1675 2062 1741; x_wconf 80' lang='lat' dir='ltr'><strong>fuit,</strong></span> 
     </span>
    </p>
   </div>
   <div class='ocr_carea' id='block_1_20' title="bbox 489 1770 2059 1844">
    <p class='ocr_par' dir='ltr' id='par_1_20' title="bbox 489 1770 2059 1844">
     <span class='ocr_line' id='line_1_20' title="bbox 489 1770 2059 1844; baseline -0.001 -20"><span class='ocrx_word' id='word_1_122' title='bbox 489 1774 574 1827; x_wconf 83' lang='lat' dir='ltr'><strong>vir</strong></span> <span class='ocrx_word' id='word_1_123' title='bbox 625 1773 678 1826; x_wconf 88' lang='lat' dir='ltr'><strong>in</strong></span> <span class='ocrx_word' id='word_1_124' title='bbox 731 1787 798 1826; x_wconf 92' lang='lat' dir='ltr'><strong>eo</strong></span> <span class='ocrx_word' id='word_1_125' title='bbox 863 1771 1052 1826; x_wconf 89' lang='lat' dir='ltr'><strong>stndio</strong></span> <span class='ocrx_word' id='word_1_126' title='bbox 1122 1771 1328 1844; x_wconf 86' lang='lat' dir='ltr'><strong>nemini</strong></span> <span class='ocrx_word' id='word_1_127' title='bbox 1377 1770 1673 1826; x_wconf 89' lang='lat' dir='ltr'><strong>secundus.</strong></span> <span class='ocrx_word' id='word_1_128' title='bbox 1725 1771 1845 1840; x_wconf 90' lang='lat' dir='ltr'><strong>Ipse</strong></span> <span class='ocrx_word' id='word_1_129' title='bbox 1895 1770 2059 1824; x_wconf 89' lang='lat' dir='ltr'><strong>etiam</strong></span> 
     </span>
    </p>
   </div>
   <div class='ocr_carea' id='block_1_21' title="bbox 487 1865 2064 1936">
    <p class='ocr_par' dir='ltr' id='par_1_21' title="bbox 487 1865 2064 1936">
     <span class='ocr_line' id='line_1_21' title="bbox 487 1865 2064 1936; baseline -0.003 -14"><span class='ocrx_word' id='word_1_130' title='bbox 487 1867 680 1922; x_wconf 88' lang='lat' dir='ltr'><strong>Aetius</strong></span> <span class='ocrx_word' id='word_1_131' title='bbox 720 1865 966 1936; x_wconf 72' lang='lat' dir='ltr'><strong>optimus</strong></span> <span class='ocrx_word' id='word_1_132' title='bbox 1004 1865 1056 1919; x_wconf 93' lang='lat' dir='ltr'><strong>in</strong></span> <span class='ocrx_word' id='word_1_133' title='bbox 1095 1880 1164 1920; x_wconf 90' lang='lat' dir='ltr'><strong>eo</strong></span> <span class='ocrx_word' id='word_1_134' title='bbox 1209 1865 1450 1930; x_wconf 89' lang='lat' dir='ltr'><strong>habitus,</strong></span> <span class='ocrx_word' id='word_1_135' title='bbox 1498 1865 1742 1936; x_wconf 75' lang='lat' dir='ltr'><strong>gratuito</strong></span> <span class='ocrx_word' id='word_1_136' title='bbox 1791 1877 2064 1934; x_wconf 84' lang='lat' dir='ltr'><strong>pauperes</strong></span> 
     </span>
    </p>
   </div>
   <div class='ocr_carea' id='block_1_22' title="bbox 488 1957 2064 2028">
    <p class='ocr_par' dir='ltr' id='par_1_22' title="bbox 488 1957 2064 2028">
     <span class='ocr_line' id='line_1_22' title="bbox 488 1957 2064 2028; baseline -0.002 -14"><span class='ocrx_word' id='word_1_137' title='bbox 488 1960 720 2014; x_wconf 82' lang='lat' dir='ltr'><strong>curavit.</strong></span> <span class='ocrx_word' id='word_1_138' title='bbox 753 1959 908 2026; x_wconf 86' lang='lat' dir='ltr'><strong>Quod</strong></span> <span class='ocrx_word' id='word_1_139' title='bbox 946 1959 989 2014; x_wconf 90' lang='lat' dir='ltr'><strong>si</strong></span> <span class='ocrx_word' id='word_1_140' title='bbox 1021 1959 1320 2022; x_wconf 79' lang='lat' dir='ltr'><strong>aliquando</strong></span> <span class='ocrx_word' id='word_1_141' title='bbox 1342 1969 1544 2027; x_wconf 77' lang='lat' dir='ltr'><strong>egeret.</strong></span> <span class='ocrx_word' id='word_1_142' title='bbox 1576 1967 1742 2013; x_wconf 90' lang='lat' dir='ltr'><strong>noctu</strong></span> <span class='ocrx_word' id='word_1_143' title='bbox 1767 1957 1835 2013; x_wconf 90' lang='lat' dir='ltr'><strong>ad</strong></span> <span class='ocrx_word' id='word_1_144' title='bbox 1871 1973 2064 2028; x_wconf 86' lang='lat' dir='ltr'><strong>quem-</strong></span> 
     </span>
    </p>
   </div>
   <div class='ocr_carea' id='block_1_23' title="bbox 487 2051 2064 2123">
    <p class='ocr_par' dir='ltr' id='par_1_23' title="bbox 487 2051 2064 2123">
     <span class='ocr_line' id='line_1_23' title="bbox 487 2051 2064 2123; baseline -0.001 -16"><span class='ocrx_word' id='word_1_145' title='bbox 487 2053 633 2122; x_wconf 70' lang='lat' dir='ltr'><strong>l-iam</strong></span> <span class='ocrx_word' id='word_1_146' title='bbox 683 2053 815 2108; x_wconf 86' lang='lat' dir='ltr'><strong>artis</strong></span> <span class='ocrx_word' id='word_1_147' title='bbox 861 2067 974 2108; x_wconf 63' lang='lat' dir='ltr'><strong>sua!</strong></span> <span class='ocrx_word' id='word_1_148' title='bbox 1025 2053 1310 2123; x_wconf 86' lang='lat' dir='ltr'><strong>peritum,</strong></span> <span class='ocrx_word' id='word_1_149' title='bbox 1359 2067 1428 2106; x_wconf 87' lang='lat' dir='ltr'><strong>ne</strong></span> <span class='ocrx_word' id='word_1_150' title='bbox 1485 2051 1728 2107; x_wconf 84' lang='lat' dir='ltr'><strong>interdiu</strong></span> <span class='ocrx_word' id='word_1_151' title='bbox 1785 2066 1817 2106; x_wconf 82' lang='lat' dir='ltr'><strong>a</strong></span> <span class='ocrx_word' id='word_1_152' title='bbox 1864 2051 2064 2106; x_wconf 85' lang='lat' dir='ltr'><strong>studiis</strong></span> 
     </span>
    </p>
   </div>
   <div class='ocr_carea' id='block_1_24' title="bbox 487 2144 2060 2216">
    <p class='ocr_par' dir='ltr' id='par_1_24' title="bbox 487 2144 2060 2216">
     <span class='ocr_line' id='line_1_24' title="bbox 487 2144 2060 2216; baseline -0.001 -15"><span class='ocrx_word' id='word_1_153' title='bbox 487 2146 798 2216; x_wconf 85' lang='lat' dir='ltr'><strong>potioribus</strong></span> <span class='ocrx_word' id='word_1_154' title='bbox 831 2144 1223 2212; x_wconf 82' lang='lat' dir='ltr'><strong>abduceretur,</strong></span> <span class='ocrx_word' id='word_1_155' title='bbox 1274 2145 1459 2200; x_wconf 85' lang='lat' dir='ltr'><strong>adibat</strong></span> <span class='ocrx_word' id='word_1_156' title='bbox 1492 2161 1505 2198; x_wconf 89' lang='lat'><strong>:</strong></span> <span class='ocrx_word' id='word_1_157' title='bbox 1540 2155 1594 2199; x_wconf 92' lang='lat' dir='ltr'><strong>et</strong></span> <span class='ocrx_word' id='word_1_158' title='bbox 1633 2160 1828 2198; x_wconf 88' lang='lat' dir='ltr'><strong>aurum</strong></span> <span class='ocrx_word' id='word_1_159' title='bbox 1856 2183 1873 2211; x_wconf 92' lang='lat'><strong>,</strong></span> <span class='ocrx_word' id='word_1_160' title='bbox 1915 2145 2060 2214; x_wconf 91' lang='lat' dir='ltr'><strong>quod</strong></span> 
     </span>
    </p>
   </div>
   <div class='ocr_carea' id='block_1_25' title="bbox 485 2235 2060 2307">
    <p class='ocr_par' dir='ltr' id='par_1_25' title="bbox 485 2235 2060 2307">
     <span class='ocr_line' id='line_1_25' title="bbox 485 2235 2060 2307; baseline -0.001 -14"><span class='ocrx_word' id='word_1_161' title='bbox 485 2239 833 2294; x_wconf 90' lang='lat' dir='ltr'><strong>accuratiore</strong></span> <span class='ocrx_word' id='word_1_162' title='bbox 890 2246 1007 2293; x_wconf 89' lang='lat' dir='ltr'><strong>arte</strong></span> <span class='ocrx_word' id='word_1_163' title='bbox 1072 2235 1470 2292; x_wconf 88' lang='lat' dir='ltr'><strong>elaborandum</strong></span> <span class='ocrx_word' id='word_1_164' title='bbox 1527 2245 1708 2301; x_wconf 87' lang='lat' dir='ltr'><strong>esset,</strong></span> <span class='ocrx_word' id='word_1_165' title='bbox 1774 2236 1996 2307; x_wconf 86' lang='lat' dir='ltr'><strong>petebat</strong></span> <span class='ocrx_word' id='word_1_166' title='bbox 2044 2252 2060 2291; x_wconf 88' lang='lat'><strong>:</strong></span> 
     </span>
    </p>
   </div>
   <div class='ocr_carea' id='block_1_26' title="bbox 488 2329 2062 2402">
    <p class='ocr_par' dir='ltr' id='par_1_26' title="bbox 488 2329 2062 2402">
     <span class='ocr_line' id='line_1_26' title="bbox 488 2329 2062 2402; baseline -0.001 -16"><span class='ocrx_word' id='word_1_167' title='bbox 488 2344 655 2402; x_wconf 82' lang='lat' dir='ltr'><strong>atque</strong></span> <span class='ocrx_word' id='word_1_168' title='bbox 695 2347 863 2401; x_wconf 90' lang='lat' dir='ltr'><strong>opere</strong></span> <span class='ocrx_word' id='word_1_169' title='bbox 895 2331 1151 2386; x_wconf 90' lang='lat' dir='ltr'><strong>celeriter</strong></span> <span class='ocrx_word' id='word_1_170' title='bbox 1176 2330 1441 2400; x_wconf 75' lang='lat' dir='ltr'><strong>perfecto,</strong></span> <span class='ocrx_word' id='word_1_171' title='bbox 1473 2337 1530 2384; x_wconf 92' lang='lat' dir='ltr'><strong>et</strong></span> <span class='ocrx_word' id='word_1_172' title='bbox 1555 2329 1622 2384; x_wconf 90' lang='lat' dir='ltr'><strong>ab</strong></span> <span class='ocrx_word' id='word_1_173' title='bbox 1654 2330 1902 2399; x_wconf 82' lang='lat' dir='ltr'><strong>ejusdem</strong></span> <span class='ocrx_word' id='word_1_174' title='bbox 1930 2329 2062 2385; x_wconf 89' lang='lat' dir='ltr'><strong>artis</strong></span> 
     </span>
    </p>
   </div>
   <div class='ocr_carea' id='block_1_27' title="bbox 485 2421 2063 2494">
    <p class='ocr_par' dir='ltr' id='par_1_27' title="bbox 485 2421 2063 2494">
     <span class='ocr_line' id='line_1_27' title="bbox 485 2421 2063 2494; baseline -0.002 -17"><span class='ocrx_word' id='word_1_175' title='bbox 485 2425 683 2494; x_wconf 78' lang='lat' dir='ltr'><strong>opiﬁce</strong></span> <span class='ocrx_word' id='word_1_176' title='bbox 731 2421 982 2478; x_wconf 85' lang='lat' dir='ltr'><strong>mercede</strong></span> <span class='ocrx_word' id='word_1_177' title='bbox 1014 2431 1261 2492; x_wconf 84' lang='lat' dir='ltr'><strong>accepta,</strong></span> <span class='ocrx_word' id='word_1_178' title='bbox 1293 2423 1460 2474; x_wconf 90' lang='lat' dir='ltr'><strong>vitam</strong></span> <span class='ocrx_word' id='word_1_179' title='bbox 1509 2421 1787 2476; x_wconf 81' lang='lat' dir='ltr'><strong>toleravit.</strong></span> <span class='ocrx_word' id='word_1_180' title='bbox 1829 2421 2063 2475; x_wconf 88' lang='lat' dir='ltr'><strong>Leontio</strong></span> 
     </span>
    </p>
   </div>
   <div class='ocr_carea' id='block_1_28' title="bbox 486 2513 2062 2584">
    <p class='ocr_par' dir='ltr' id='par_1_28' title="bbox 486 2513 2062 2584">
     <span class='ocr_line' id='line_1_28' title="bbox 486 2513 2062 2584; baseline 0.001 -15"><span class='ocrx_word' id='word_1_181' title='bbox 486 2531 621 2572; x_wconf 88' lang='lat' dir='ltr'><strong>vero</strong></span> <span class='ocrx_word' id='word_1_182' title='bbox 650 2514 717 2569; x_wconf 82' lang='lat' dir='ltr'><strong>ad</strong></span> <span class='ocrx_word' id='word_1_183' title='bbox 757 2517 1135 2584; x_wconf 84' lang='lat' dir='ltr'><strong>episcopatum</strong></span> <span class='ocrx_word' id='word_1_184' title='bbox 1173 2513 1580 2568; x_wconf 78' lang='lat' dir='ltr'><strong>Antiochenum</strong></span> <span class='ocrx_word' id='word_1_185' title='bbox 1614 2525 1831 2581; x_wconf 84' lang='lat' dir='ltr'><strong>evecto,</strong></span> <span class='ocrx_word' id='word_1_186' title='bbox 1867 2516 2062 2570; x_wconf 87' lang='lat' dir='ltr'><strong>Aetius</strong></span> 
     </span>
    </p>
   </div>
   <div class='ocr_carea' id='block_1_29' title="bbox 489 2607 2061 2678">
    <p class='ocr_par' dir='ltr' id='par_1_29' title="bbox 489 2607 2061 2678">
     <span class='ocr_line' id='line_1_29' title="bbox 489 2607 2061 2678; baseline 0.001 -15"><span class='ocrx_word' id='word_1_187' title='bbox 489 2611 557 2665; x_wconf 84' lang='lat' dir='ltr'><strong>ab</strong></span> <span class='ocrx_word' id='word_1_188' title='bbox 579 2625 645 2664; x_wconf 94' lang='lat' dir='ltr'><strong>eo</strong></span> <span class='ocrx_word' id='word_1_189' title='bbox 671 2609 936 2663; x_wconf 87' lang='lat' dir='ltr'><strong>diaconus</strong></span> <span class='ocrx_word' id='word_1_190' title='bbox 962 2607 1300 2678; x_wconf 79' lang='lat' dir='ltr'><strong>designatus,</strong></span> <span class='ocrx_word' id='word_1_191' title='bbox 1331 2617 1386 2662; x_wconf 89' lang='lat' dir='ltr'><strong>et</strong></span> <span class='ocrx_word' id='word_1_192' title='bbox 1411 2607 1478 2672; x_wconf 82' lang='lat' dir='ltr'><strong>ad</strong></span> <span class='ocrx_word' id='word_1_193' title='bbox 1504 2622 1704 2662; x_wconf 91' lang='lat' dir='ltr'><strong>munus</strong></span> <span class='ocrx_word' id='word_1_194' title='bbox 1733 2609 1787 2661; x_wconf 88' lang='lat' dir='ltr'><strong>in</strong></span> <span class='ocrx_word' id='word_1_195' title='bbox 1827 2608 2061 2664; x_wconf 84' lang='lat' dir='ltr'><strong>ecclesia</strong></span> 
     </span>
    </p>
   </div>
   <div class='ocr_carea' id='block_1_30' title="bbox 485 2699 2062 2770">
    <p class='ocr_par' dir='ltr' id='par_1_30' title="bbox 485 2699 2062 2770">
     <span class='ocr_line' id='line_1_30' title="bbox 485 2699 2062 2770; baseline 0.001 -16"><span class='ocrx_word' id='word_1_196' title='bbox 485 2700 718 2755; x_wconf 87' lang='lat' dir='ltr'><strong>docendi</strong></span> <span class='ocrx_word' id='word_1_197' title='bbox 746 2699 992 2754; x_wconf 87' lang='lat' dir='ltr'><strong>delectus</strong></span> <span class='ocrx_word' id='word_1_198' title='bbox 1017 2709 1121 2754; x_wconf 88' lang='lat' dir='ltr'><strong>est.</strong></span> <span class='ocrx_word' id='word_1_199' title='bbox 1155 2700 1225 2754; x_wconf 82' lang='lat' dir='ltr'><strong>At</strong></span> <span class='ocrx_word' id='word_1_200' title='bbox 1252 2700 1370 2769; x_wconf 86' lang='lat' dir='ltr'><strong>ipse</strong></span> <span class='ocrx_word' id='word_1_201' title='bbox 1397 2699 1746 2754; x_wconf 85' lang='lat' dir='ltr'><strong>diaconatum</strong></span> <span class='ocrx_word' id='word_1_202' title='bbox 1778 2700 2062 2770; x_wconf 89' lang='lat' dir='ltr'><strong>suscipere</strong></span> 
     </span>
    </p>
   </div>
   <div class='ocr_carea' id='block_1_31' title="bbox 484 2791 2058 2864">
    <p class='ocr_par' dir='ltr' id='par_1_31' title="bbox 484 2791 2058 2864">
     <span class='ocr_line' id='line_1_31' title="bbox 484 2791 2058 2864; baseline 0.001 -18"><span class='ocrx_word' id='word_1_203' title='bbox 484 2793 720 2855; x_wconf 79' lang='lat' dir='ltr'><strong>veritus,</strong></span> <span class='ocrx_word' id='word_1_204' title='bbox 751 2792 984 2846; x_wconf 89' lang='lat' dir='ltr'><strong>docendi</strong></span> <span class='ocrx_word' id='word_1_205' title='bbox 1017 2791 1358 2847; x_wconf 71' lang='lat' dir='ltr'><strong>iunctionem</strong></span> <span class='ocrx_word' id='word_1_206' title='bbox 1385 2808 1493 2846; x_wconf 86' lang='lat' dir='ltr'><strong>non</strong></span> <span class='ocrx_word' id='word_1_207' title='bbox 1532 2793 1746 2863; x_wconf 86' lang='lat' dir='ltr'><strong>rejecit.</strong></span> <span class='ocrx_word' id='word_1_208' title='bbox 1777 2792 1953 2864; x_wconf 84' lang='lat' dir='ltr'><strong>Atque</strong></span> <span class='ocrx_word' id='word_1_209' title='bbox 1981 2794 2058 2848; x_wconf 89' lang='lat' dir='ltr'><strong>ibi</strong></span> 
     </span>
    </p>
   </div>
   <div class='ocr_carea' id='block_1_32' title="bbox 485 2885 2058 2951">
    <p class='ocr_par' dir='ltr' id='par_1_32' title="bbox 485 2885 2058 2951">
     <span class='ocr_line' id='line_1_32' title="bbox 485 2885 2058 2951; baseline 0 -11"><span class='ocrx_word' id='word_1_210' title='bbox 485 2885 622 2940; x_wconf 86' lang='lat' dir='ltr'><strong>satis</strong></span> <span class='ocrx_word' id='word_1_211' title='bbox 650 2885 739 2940; x_wconf 89' lang='lat' dir='ltr'><strong>diu</strong></span> <span class='ocrx_word' id='word_1_212' title='bbox 772 2895 1041 2951; x_wconf 77' lang='lat' dir='ltr'><strong>versatus,</strong></span> <span class='ocrx_word' id='word_1_213' title='bbox 1078 2885 1465 2939; x_wconf 79' lang='lat' dir='ltr'><strong>Alexandriam</strong></span> <span class='ocrx_word' id='word_1_214' title='bbox 1495 2885 1666 2950; x_wconf 86' lang='lat' dir='ltr'><strong>venit,</strong></span> <span class='ocrx_word' id='word_1_215' title='bbox 1698 2886 2058 2941; x_wconf 83' lang='lat' dir='ltr'><strong>Athanasium</strong></span> 
     </span>
    </p>
   </div>
   <div class='ocr_carea' id='block_1_33' title="bbox 483 2975 2060 3047">
    <p class='ocr_par' dir='ltr' id='par_1_33' title="bbox 483 2975 2060 3047">
     <span class='ocr_line' id='line_1_33' title="bbox 483 2975 2060 3047; baseline 0 -16"><span class='ocrx_word' id='word_1_216' title='bbox 483 2986 930 3047; x_wconf 76' lang='lat' dir='ltr'><strong>oppugnaturus,</strong></span> <span class='ocrx_word' id='word_1_217' title='bbox 975 2976 1342 3030; x_wconf 86' lang='lat' dir='ltr'><strong>Vehementer</strong></span> <span class='ocrx_word' id='word_1_218' title='bbox 1397 2991 1632 3045; x_wconf 88' lang='lat' dir='ltr'><strong>namque</strong></span> <span class='ocrx_word' id='word_1_219' title='bbox 1694 2975 1762 3030; x_wconf 88' lang='lat' dir='ltr'><strong>de</strong></span> <span class='ocrx_word' id='word_1_220' title='bbox 1820 2976 2060 3031; x_wconf 85' lang='lat' dir='ltr'><strong>consub-</strong></span> 
     </span>
    </p>
   </div>
   <div class='ocr_carea' id='block_1_34' title="bbox 2174 475 3741 548">
    <p class='ocr_par' dir='ltr' id='par_1_34' title="bbox 2174 475 3741 548">
     <span class='ocr_line' id='line_1_34' title="bbox 2174 475 3741 548; baseline -0.001 -20"><span class='ocrx_word' id='word_1_221' title='bbox 2174 477 2259 529; x_wconf 76' lang='grc' dir='ltr'><strong>δεῖ</strong></span> <span class='ocrx_word' id='word_1_222' title='bbox 2290 475 2385 529; x_wconf 83' lang='grc' dir='ltr'>τοῦ</span> <span class='ocrx_word' id='word_1_223' title='bbox 2430 477 2803 547; x_wconf 79' lang='grc' dir='ltr'>φρονήματος,</span> <span class='ocrx_word' id='word_1_224' title='bbox 2854 475 3067 528; x_wconf 79' lang='grc' dir='ltr'>ἐκεῖθεν</span> <span class='ocrx_word' id='word_1_225' title='bbox 3104 475 3413 530; x_wconf 45' lang='grc' dir='ltr'>ὲλαύιεται.</span> <span class='ocrx_word' id='word_1_226' title='bbox 3451 479 3562 531; x_wconf 70' lang='grc' dir='ltr'><strong>Καὶ</strong></span> <span class='ocrx_word' id='word_1_227' title='bbox 3605 496 3741 548; x_wconf 79' lang='grc' dir='ltr'>σοφι.</span> 
     </span>
    </p>
   </div>
   <div class='ocr_carea' id='block_1_35' title="bbox 2175 567 3713 639">
    <p class='ocr_par' dir='ltr' id='par_1_35' title="bbox 2175 567 3713 639">
     <span class='ocr_line' id='line_1_35' title="bbox 2175 567 3713 639; baseline 0.003 -19"><span class='ocrx_word' id='word_1_228' title='bbox 2175 567 2382 620; x_wconf 81' lang='grc' dir='ltr'><strong>στεύων</strong></span> <span class='ocrx_word' id='word_1_229' title='bbox 2411 567 2573 638; x_wconf 76' lang='grc' dir='ltr'>διῄει,</span> <span class='ocrx_word' id='word_1_230' title='bbox 2602 570 2683 630; x_wconf 83' lang='grc' dir='ltr'>εἰς</span> <span class='ocrx_word' id='word_1_231' title='bbox 2714 567 2950 639; x_wconf 72' lang='grc' dir='ltr'>ἅμιλλαν</span> <span class='ocrx_word' id='word_1_232' title='bbox 2975 568 3152 635; x_wconf 82' lang='grc' dir='ltr'>λόγων</span> <span class='ocrx_word' id='word_1_233' title='bbox 3174 571 3286 630; x_wconf 84' lang='grc' dir='ltr'>τοῖς</span> <span class='ocrx_word' id='word_1_234' title='bbox 3309 584 3376 619; x_wconf 88' lang='grc' dir='ltr'><strong>πε</strong></span> <span class='ocrx_word' id='word_1_235' title='bbox 3388 569 3438 636; x_wconf 73' lang='lat' dir='ltr'><strong>pl.</strong></span> <span class='ocrx_word' id='word_1_236' title='bbox 3462 571 3616 624; x_wconf 83' lang='grc' dir='ltr'>τοῦτο</span> <span class='ocrx_word' id='word_1_237' title='bbox 3643 574 3713 625; x_wconf 84' lang='grc' dir='ltr'><strong>δει</strong></span> 
     </span>
    </p>
   </div>
   <div class='ocr_carea' id='block_1_36' title="bbox 2174 661 3740 736">
    <p class='ocr_par' dir='ltr' id='par_1_36' title="bbox 2174 661 3740 736">
     <span class='ocr_line' id='line_1_36' title="bbox 2174 661 3740 736; baseline 0.002 -23"><span class='ocrx_word' id='word_1_238' title='bbox 2174 661 2286 724; x_wconf 85' lang='grc' dir='ltr'>νοῐς</span> <span class='ocrx_word' id='word_1_239' title='bbox 2305 661 2782 730; x_wconf 71' lang='grc' dir='ltr'>συμπλεκόμενος.</span> <span class='ocrx_word' id='word_1_240' title='bbox 2819 662 2913 726; x_wconf 81' lang='grc' dir='ltr'>Εἰς</span> <span class='ocrx_word' id='word_1_241' title='bbox 2941 662 3113 733; x_wconf 70' lang='grc' dir='ltr'>ἄκρον</span> <span class='ocrx_word' id='word_1_242' title='bbox 3144 662 3192 714; x_wconf 82' lang='grc' dir='ltr'>δ’</span> <span class='ocrx_word' id='word_1_243' title='bbox 3226 663 3420 714; x_wconf 73' lang='grc' dir='ltr'>ἔπειτα</span> <span class='ocrx_word' id='word_1_244' title='bbox 3450 664 3550 734; x_wconf 78' lang='grc' dir='ltr'><strong>τὴν</strong></span> <span class='ocrx_word' id='word_1_245' title='bbox 3587 667 3740 736; x_wconf 72' lang='grc' dir='ltr'>ἰατρι-</span> 
     </span>
    </p>
   </div>
   <div class='ocr_carea' id='block_1_37' title="bbox 2173 749 3738 824">
    <p class='ocr_par' dir='ltr' id='par_1_37' title="bbox 2173 749 3738 824">
     <span class='ocr_line' id='line_1_37' title="bbox 2173 749 3738 824; baseline 0.004 -20"><span class='ocrx_word' id='word_1_246' title='bbox 2173 751 2277 820; x_wconf 72' lang='grc' dir='ltr'>κὴν</span> <span class='ocrx_word' id='word_1_247' title='bbox 2314 751 2543 822; x_wconf 73' lang='grc' dir='ltr'>ἧσκητο.</span> <span class='ocrx_word' id='word_1_248' title='bbox 2576 751 2820 815; x_wconf 76' lang='grc' dir='ltr'><strong>Σώπολις</strong></span> <span class='ocrx_word' id='word_1_249' title='bbox 2869 753 2916 806; x_wconf 74' lang='grc' dir='ltr'>δ’</span> <span class='ocrx_word' id='word_1_250' title='bbox 2949 749 3018 823; x_wconf 79' lang='grc' dir='ltr'>ἦν</span> <span class='ocrx_word' id='word_1_251' title='bbox 3053 753 3205 824; x_wconf 77' lang='grc' dir='ltr'>αὐτῷ</span> <span class='ocrx_word' id='word_1_252' title='bbox 3240 753 3337 806; x_wconf 77' lang='grc' dir='ltr'>τοῦ</span> <span class='ocrx_word' id='word_1_253' title='bbox 3376 755 3687 824; x_wconf 80' lang='grc' dir='ltr'>μαθήματος</span> <span class='ocrx_word' id='word_1_254' title='bbox 3715 762 3738 811; x_wconf 81' lang='grc' dir='ltr'>ὀ</span> 
     </span>
    </p>
   </div>
   <div class='ocr_carea' id='block_1_38' title="bbox 2173 843 3736 916">
    <p class='ocr_par' dir='ltr' id='par_1_38' title="bbox 2173 843 3736 916">
     <span class='ocr_line' id='line_1_38' title="bbox 2173 843 3736 916; baseline 0.004 -20"><span class='ocrx_word' id='word_1_255' title='bbox 2173 843 2521 907; x_wconf 81' lang='grc' dir='ltr'>διδάσκαλος.</span> <span class='ocrx_word' id='word_1_256' title='bbox 2557 845 2696 915; x_wconf 78' lang='grc' dir='ltr'>ἀνὴρ</span> <span class='ocrx_word' id='word_1_257' title='bbox 2731 846 2789 898; x_wconf 82' lang='grc' dir='ltr'>ὲν</span> <span class='ocrx_word' id='word_1_258' title='bbox 2824 847 3078 916; x_wconf 75' lang='grc' dir='ltr'>τῇτέχνῃ</span> <span class='ocrx_word' id='word_1_259' title='bbox 3113 847 3339 915; x_wconf 69' lang='grc' dir='ltr'>μηδενδς</span> <span class='ocrx_word' id='word_1_260' title='bbox 3374 847 3512 916; x_wconf 77' lang='grc' dir='ltr'>ἔχων</span> <span class='ocrx_word' id='word_1_261' title='bbox 3537 851 3603 899; x_wconf 77' lang='grc' dir='ltr'>τὰ</span> <span class='ocrx_word' id='word_1_262' title='bbox 3629 850 3736 902; x_wconf 80' lang='grc' dir='ltr'>δεύο</span> 
     </span>
    </p>
   </div>
   <div class='ocr_carea' id='block_1_39' title="bbox 2173 936 3738 1008">
    <p class='ocr_par' dir='ltr' id='par_1_39' title="bbox 2173 936 3738 1008">
     <span class='ocr_line' id='line_1_39' title="bbox 2173 936 3738 1008; baseline 0.001 -18"><span class='ocrx_word' id='word_1_263' title='bbox 2173 938 2595 1008; x_wconf 73' lang='grc' dir='ltr'>τέρσηἋριστος</span> <span class='ocrx_word' id='word_1_264' title='bbox 2627 937 2671 990; x_wconf 87' lang='grc' dir='ltr'>δ’</span> <span class='ocrx_word' id='word_1_265' title='bbox 2703 939 2762 991; x_wconf 80' lang='grc' dir='ltr'>ἐν</span> <span class='ocrx_word' id='word_1_266' title='bbox 2790 936 2968 1007; x_wconf 77' lang='grc' dir='ltr'>ταύτῃ</span> <span class='ocrx_word' id='word_1_267' title='bbox 3007 939 3198 1005; x_wconf 80' lang='grc' dir='ltr'>φανεὶς</span> <span class='ocrx_word' id='word_1_268' title='bbox 3225 938 3320 990; x_wconf 78' lang='grc' dir='ltr'>καὶ</span> <span class='ocrx_word' id='word_1_269' title='bbox 3364 937 3592 1002; x_wconf 78' lang='grc' dir='ltr'>Ἀέτιος,</span> <span class='ocrx_word' id='word_1_270' title='bbox 3625 941 3738 1008; x_wconf 63' lang='lat' dir='ltr'><strong>5p:-</strong></span> 
     </span>
    </p>
   </div>
   <div class='ocr_carea' id='block_1_40' title="bbox 2175 1030 3734 1101">
    <p class='ocr_par' dir='ltr' id='par_1_40' title="bbox 2175 1030 3734 1101">
     <span class='ocr_line' id='line_1_40' title="bbox 2175 1030 3734 1101; baseline 0.003 -19"><span class='ocrx_word' id='word_1_271' title='bbox 2175 1031 2301 1084; x_wconf 88' lang='grc' dir='ltr'>σθον</span> <span class='ocrx_word' id='word_1_272' title='bbox 2350 1032 2580 1101; x_wconf 81' lang='grc' dir='ltr'>παρεῖχε</span> <span class='ocrx_word' id='word_1_273' title='bbox 2629 1033 2740 1093; x_wconf 85' lang='grc' dir='ltr'>τοῖς</span> <span class='ocrx_word' id='word_1_274' title='bbox 2783 1030 3064 1100; x_wconf 83' lang='grc' dir='ltr'><strong>δεομένοις</strong></span> <span class='ocrx_word' id='word_1_275' title='bbox 3098 1032 3200 1098; x_wconf 71' lang='grc' dir='ltr'>τὴν</span> <span class='ocrx_word' id='word_1_276' title='bbox 3240 1031 3562 1100; x_wconf 86' lang='grc' dir='ltr'>θεραπείαν.</span> <span class='ocrx_word' id='word_1_277' title='bbox 3594 1033 3652 1086; x_wconf 85' lang='lat' dir='ltr'><strong>El</strong></span> <span class='ocrx_word' id='word_1_278' title='bbox 3686 1033 3734 1086; x_wconf 80' lang='grc' dir='ltr'><strong>δέ</strong></span> 
     </span>
    </p>
   </div>
   <div class='ocr_carea' id='block_1_41' title="bbox 2174 1117 3734 1192">
    <p class='ocr_par' dir='ltr' id='par_1_41' title="bbox 2174 1117 3734 1192">
     <span class='ocr_line' id='line_1_41' title="bbox 2174 1117 3734 1192; baseline 0.003 -21"><span class='ocrx_word' id='word_1_279' title='bbox 2174 1135 2278 1172; x_wconf 86' lang='grc' dir='ltr'><strong>που</strong></span> <span class='ocrx_word' id='word_1_280' title='bbox 2310 1117 2401 1172; x_wconf 90' lang='grc' dir='ltr'><strong>καί</strong></span> <span class='ocrx_word' id='word_1_281' title='bbox 2428 1137 2574 1184; x_wconf 88' lang='grc' dir='ltr'>τινος</span> <span class='ocrx_word' id='word_1_282' title='bbox 2603 1120 2713 1173; x_wconf 85' lang='grc' dir='ltr'><strong>τῶν</strong></span> <span class='ocrx_word' id='word_1_283' title='bbox 2741 1119 3060 1188; x_wconf 77' lang='grc' dir='ltr'><strong>ἀναγκαίων</strong></span> <span class='ocrx_word' id='word_1_284' title='bbox 3089 1119 3311 1187; x_wconf 74' lang='grc' dir='ltr'>ἐδέησεν</span> <span class='ocrx_word' id='word_1_285' title='bbox 3338 1120 3508 1191; x_wconf 79' lang='grc' dir='ltr'>αὐτῷ,</span> <span class='ocrx_word' id='word_1_286' title='bbox 3538 1121 3734 1192; x_wconf 80' lang='grc' dir='ltr'><strong>νύκτωρ</strong></span> 
     </span>
    </p>
   </div>
   <div class='ocr_carea' id='block_1_42' title="bbox 2173 1214 3731 1286">
    <p class='ocr_par' dir='ltr' id='par_1_42' title="bbox 2173 1214 3731 1286">
     <span class='ocr_line' id='line_1_42' title="bbox 2173 1214 3731 1286; baseline 0.003 -21"><span class='ocrx_word' id='word_1_287' title='bbox 2173 1215 2327 1282; x_wconf 82' lang='grc' dir='ltr'>παρά</span> <span class='ocrx_word' id='word_1_288' title='bbox 2364 1230 2470 1268; x_wconf 86' lang='grc' dir='ltr'>τινι</span> <span class='ocrx_word' id='word_1_289' title='bbox 2503 1214 2615 1268; x_wconf 85' lang='grc' dir='ltr'>τῶν</span> <span class='ocrx_word' id='word_1_290' title='bbox 2656 1215 2968 1284; x_wconf 77' lang='grc' dir='ltr'><strong>ὁμοτέχνων</strong></span> <span class='ocrx_word' id='word_1_291' title='bbox 3019 1216 3243 1284; x_wconf 81' lang='grc' dir='ltr'>φοιτῶν,</span> <span class='ocrx_word' id='word_1_292' title='bbox 3294 1216 3382 1268; x_wconf 81' lang='grc' dir='ltr'><strong>ἱνα</strong></span> <span class='ocrx_word' id='word_1_293' title='bbox 3417 1217 3491 1285; x_wconf 85' lang='grc' dir='ltr'>μὴ</span> <span class='ocrx_word' id='word_1_294' title='bbox 3536 1218 3731 1286; x_wconf 72' lang='grc' dir='ltr'>ἡμέρας</span> 
     </span>
    </p>
   </div>
   <div class='ocr_carea' id='block_1_43' title="bbox 2171 1307 3734 1379">
    <p class='ocr_par' dir='ltr' id='par_1_43' title="bbox 2171 1307 3734 1379">
     <span class='ocr_line' id='line_1_43' title="bbox 2171 1307 3734 1379; baseline 0.002 -18"><span class='ocrx_word' id='word_1_295' title='bbox 2171 1308 2282 1361; x_wconf 84' lang='grc' dir='ltr'><strong>τῶν</strong></span> <span class='ocrx_word' id='word_1_296' title='bbox 2322 1307 2758 1377; x_wconf 79' lang='grc' dir='ltr'>σπουδαιοτέρων</span> <span class='ocrx_word' id='word_1_297' title='bbox 2801 1309 3092 1375; x_wconf 77' lang='grc' dir='ltr'><strong>ἀπάγοιτο,</strong></span> <span class='ocrx_word' id='word_1_298' title='bbox 3123 1310 3248 1361; x_wconf 82' lang='grc' dir='ltr'>ὅσον</span> <span class='ocrx_word' id='word_1_299' title='bbox 3287 1309 3382 1360; x_wconf 81' lang='grc' dir='ltr'>τοῦ</span> <span class='ocrx_word' id='word_1_300' title='bbox 3413 1310 3634 1379; x_wconf 85' lang='grc' dir='ltr'>χρυσίου</span> <span class='ocrx_word' id='word_1_301' title='bbox 3657 1328 3734 1364; x_wconf 87' lang='grc' dir='ltr'>τε·</span> 
     </span>
    </p>
   </div>
   <div class='ocr_carea' id='block_1_44' title="bbox 2173 1400 3730 1473">
    <p class='ocr_par' dir='ltr' id='par_1_44' title="bbox 2173 1400 3730 1473">
     <span class='ocr_line' id='line_1_44' title="bbox 2173 1400 3730 1473; baseline 0.001 -21"><span class='ocrx_word' id='word_1_302' title='bbox 2173 1400 2512 1472; x_wconf 80' lang='grc' dir='ltr'>χνικωτέρας</span> <span class='ocrx_word' id='word_1_303' title='bbox 2543 1400 2712 1453; x_wconf 68' lang='grc' dir='ltr'>ἐδεῖτο</span> <span class='ocrx_word' id='word_1_304' title='bbox 2736 1400 2940 1470; x_wconf 78' lang='grc' dir='ltr'>χειρός.</span> <span class='ocrx_word' id='word_1_305' title='bbox 2969 1400 3142 1454; x_wconf 82' lang='grc' dir='ltr'>Τοῦτο</span> <span class='ocrx_word' id='word_1_306' title='bbox 3172 1400 3226 1453; x_wconf 81' lang='grc' dir='ltr'>δὲ</span> <span class='ocrx_word' id='word_1_307' title='bbox 3254 1401 3362 1470; x_wconf 78' lang='grc' dir='ltr'>ἄρα</span> <span class='ocrx_word' id='word_1_308' title='bbox 3390 1402 3730 1473; x_wconf 76' lang='grc' dir='ltr'>ἐξεργαζὸμι·</span> 
     </span>
    </p>
   </div>
   <div class='ocr_carea' id='block_1_45' title="bbox 2173 1492 3738 1566">
    <p class='ocr_par' dir='ltr' id='par_1_45' title="bbox 2173 1492 3738 1566">
     <span class='ocr_line' id='line_1_45' title="bbox 2173 1492 3738 1566; baseline 0.001 -20"><span class='ocrx_word' id='word_1_309' title='bbox 2173 1508 2265 1556; x_wconf 86' lang='grc' dir='ltr'><strong>νος</strong></span> <span class='ocrx_word' id='word_1_310' title='bbox 2295 1492 2513 1558; x_wconf 84' lang='grc' dir='ltr'>θᾶττον,</span> <span class='ocrx_word' id='word_1_311' title='bbox 2548 1493 2700 1562; x_wconf 78' lang='grc' dir='ltr'>παρὰ</span> <span class='ocrx_word' id='word_1_312' title='bbox 2736 1493 2832 1546; x_wconf 84' lang='grc' dir='ltr'>τοῦ</span> <span class='ocrx_word' id='word_1_313' title='bbox 2867 1495 3165 1564; x_wconf 80' lang='grc' dir='ltr'>ὁμοτέχνου</span> <span class='ocrx_word' id='word_1_314' title='bbox 3205 1495 3299 1547; x_wconf 82' lang='grc' dir='ltr'>τὸν</span> <span class='ocrx_word' id='word_1_315' title='bbox 3341 1496 3538 1563; x_wconf 68' lang='grc' dir='ltr'>μισθὸν</span> <span class='ocrx_word' id='word_1_316' title='bbox 3567 1498 3738 1566; x_wconf 75' lang='grc' dir='ltr'>ἐκομίο</span> 
     </span>
    </p>
   </div>
   <div class='ocr_carea' id='block_1_46' title="bbox 2173 1585 3737 1657">
    <p class='ocr_par' dir='ltr' id='par_1_46' title="bbox 2173 1585 3737 1657">
     <span class='ocr_line' id='line_1_46' title="bbox 2173 1585 3737 1657; baseline 0 -19"><span class='ocrx_word' id='word_1_317' title='bbox 2173 1585 2321 1651; x_wconf 78' lang='grc' dir='ltr'>ζετο,</span> <span class='ocrx_word' id='word_1_318' title='bbox 2356 1585 2454 1638; x_wconf 77' lang='grc' dir='ltr'>καὶ</span> <span class='ocrx_word' id='word_1_319' title='bbox 2489 1585 2581 1640; x_wconf 78' lang='grc' dir='ltr'><strong>τὸν</strong></span> <span class='ocrx_word' id='word_1_320' title='bbox 2620 1585 2814 1638; x_wconf 68' lang='grc' dir='ltr'>ἑαυτοῦ</span> <span class='ocrx_word' id='word_1_321' title='bbox 2849 1585 2963 1656; x_wconf 85' lang='grc' dir='ltr'>βίον</span> <span class='ocrx_word' id='word_1_322' title='bbox 2991 1591 3230 1657; x_wconf 88' lang='grc' dir='ltr'>συνεῖχε.</span> <span class='ocrx_word' id='word_1_323' title='bbox 3266 1589 3523 1640; x_wconf 79' lang='grc' dir='ltr'>Λεοντίου</span> <span class='ocrx_word' id='word_1_324' title='bbox 3559 1589 3612 1640; x_wconf 72' lang='grc' dir='ltr'>δὲ</span> <span class='ocrx_word' id='word_1_325' title='bbox 3657 1589 3737 1642; x_wconf 74' lang='grc' dir='ltr'><strong>τὸν</strong></span> 
     </span>
    </p>
   </div>
   <div class='ocr_carea' id='block_1_47' title="bbox 2173 1678 3736 1751">
    <p class='ocr_par' dir='ltr' id='par_1_47' title="bbox 2173 1678 3736 1751">
     <span class='ocr_line' id='line_1_47' title="bbox 2173 1678 3736 1751; baseline 0.003 -19"><span class='ocrx_word' id='word_1_326' title='bbox 2173 1680 2274 1748; x_wconf 79' lang='grc' dir='ltr'>τῆς</span> <span class='ocrx_word' id='word_1_327' title='bbox 2307 1678 2646 1750; x_wconf 81' lang='grc' dir='ltr'><strong>Ἀντιοχείας</strong></span> <span class='ocrx_word' id='word_1_328' title='bbox 2675 1680 2864 1751; x_wconf 73' lang='grc' dir='ltr'>θρόνον</span> <span class='ocrx_word' id='word_1_329' title='bbox 2897 1681 3349 1751; x_wconf 82' lang='grc' dir='ltr'>κληρωσαμένου,</span> <span class='ocrx_word' id='word_1_330' title='bbox 3379 1685 3407 1735; x_wconf 76' lang='grc' dir='ltr'><strong>δ</strong></span> <span class='ocrx_word' id='word_1_331' title='bbox 3430 1683 3637 1745; x_wconf 77' lang='grc' dir='ltr'>’Λέτιος</span> <span class='ocrx_word' id='word_1_332' title='bbox 3668 1687 3736 1749; x_wconf 88' lang='grc' dir='ltr'><strong>είς</strong></span> 
     </span>
    </p>
   </div>
   <div class='ocr_carea' id='block_1_48' title="bbox 2169 1773 3735 1847">
    <p class='ocr_par' dir='ltr' id='par_1_48' title="bbox 2169 1773 3735 1847">
     <span class='ocr_line' id='line_1_48' title="bbox 2169 1773 3735 1847; baseline 0.003 -21"><span class='ocrx_word' id='word_1_333' title='bbox 2169 1773 2450 1827; x_wconf 80' lang='grc' dir='ltr'>διακονίαν</span> <span class='ocrx_word' id='word_1_334' title='bbox 2492 1775 2690 1845; x_wconf 77' lang='grc' dir='ltr'>ἐκείνῳ</span> <span class='ocrx_word' id='word_1_335' title='bbox 2737 1773 3148 1847; x_wconf 81' lang='grc' dir='ltr'>προχειρίζεται</span> <span class='ocrx_word' id='word_1_336' title='bbox 3171 1791 3184 1806; x_wconf 99' lang='grc'><strong>⁸</strong></span> <span class='ocrx_word' id='word_1_337' title='bbox 3218 1777 3311 1829; x_wconf 72' lang='grc' dir='ltr'>καὶ</span> <span class='ocrx_word' id='word_1_338' title='bbox 3339 1777 3429 1828; x_wconf 76' lang='grc' dir='ltr'><strong>ἐπ’</strong></span> <span class='ocrx_word' id='word_1_339' title='bbox 3462 1777 3735 1846; x_wconf 77' lang='grc' dir='ltr'><strong>ἐκκλησίας</strong></span> 
     </span>
    </p>
   </div>
   <div class='ocr_carea' id='block_1_49' title="bbox 2165 1859 3735 1934">
    <p class='ocr_par' dir='ltr' id='par_1_49' title="bbox 2165 1859 3735 1934">
     <span class='ocr_line' id='line_1_49' title="bbox 2165 1859 3735 1934; baseline 0.002 -19"><span class='ocrx_word' id='word_1_340' title='bbox 2165 1859 2440 1915; x_wconf 73' lang='grc' dir='ltr'>διδάσκειν</span> <span class='ocrx_word' id='word_1_341' title='bbox 2475 1861 2872 1932; x_wconf 83' lang='grc' dir='ltr'>προύτρέπετο.</span> <span class='ocrx_word' id='word_1_342' title='bbox 2913 1863 2972 1916; x_wconf 88' lang='lat'><strong>&#39;0</strong></span> <span class='ocrx_word' id='word_1_343' title='bbox 3001 1864 3057 1916; x_wconf 75' lang='grc' dir='ltr'>δὲ</span> <span class='ocrx_word' id='word_1_344' title='bbox 3087 1864 3225 1934; x_wconf 68' lang='grc' dir='ltr'>πρδς</span> <span class='ocrx_word' id='word_1_345' title='bbox 3256 1865 3355 1934; x_wconf 83' lang='grc' dir='ltr'>μὲν</span> <span class='ocrx_word' id='word_1_346' title='bbox 3385 1864 3447 1916; x_wconf 72' lang='grc' dir='ltr'>το</span> <span class='ocrx_word' id='word_1_347' title='bbox 3481 1864 3735 1918; x_wconf 81' lang='grc' dir='ltr'>διακονεῖν</span> 
     </span>
    </p>
   </div>
   <div class='ocr_carea' id='block_1_50' title="bbox 2167 1955 3732 2026">
    <p class='ocr_par' dir='ltr' id='par_1_50' title="bbox 2167 1955 3732 2026">
     <span class='ocr_line' id='line_1_50' title="bbox 2167 1955 3732 2026; baseline 0.004 -19"><span class='ocrx_word' id='word_1_348' title='bbox 2167 1955 2489 2026; x_wconf 83' lang='grc' dir='ltr'>ὑπεστάλη⁸</span> <span class='ocrx_word' id='word_1_349' title='bbox 2540 1957 2600 2009; x_wconf 70' lang='grc' dir='ltr'>τὸ</span> <span class='ocrx_word' id='word_1_350' title='bbox 2649 1956 2706 2009; x_wconf 82' lang='grc' dir='ltr'>δὲ</span> <span class='ocrx_word' id='word_1_351' title='bbox 2760 1956 3032 2011; x_wconf 79' lang='grc' dir='ltr'>διδάσκειν</span> <span class='ocrx_word' id='word_1_352' title='bbox 3089 1957 3391 2026; x_wconf 72' lang='grc' dir='ltr'>ἀνεδέ-ςετο.</span> <span class='ocrx_word' id='word_1_353' title='bbox 3438 1957 3640 2011; x_wconf 71' lang='grc' dir='ltr'>’ἰκανὸν</span> <span class='ocrx_word' id='word_1_354' title='bbox 3685 1961 3732 2013; x_wconf 75' lang='grc' dir='ltr'>δὲ</span> 
     </span>
    </p>
   </div>
   <div class='ocr_carea' id='block_1_51' title="bbox 2165 2046 3734 2123">
    <p class='ocr_par' dir='ltr' id='par_1_51' title="bbox 2165 2046 3734 2123">
     <span class='ocr_line' id='line_1_51' title="bbox 2165 2046 3734 2123; baseline 0.003 -23"><span class='ocrx_word' id='word_1_355' title='bbox 2165 2046 2456 2118; x_wconf 81' lang='grc' dir='ltr'>διατρίψας</span> <span class='ocrx_word' id='word_1_356' title='bbox 2479 2049 2673 2119; x_wconf 79' lang='grc' dir='ltr'>χρόνον</span> <span class='ocrx_word' id='word_1_357' title='bbox 2694 2049 2872 2101; x_wconf 77' lang='grc' dir='ltr'>ἐκεῖσε</span> <span class='ocrx_word' id='word_1_358' title='bbox 2890 2052 2981 2103; x_wconf 69' lang='grc' dir='ltr'><strong>ἐπὶ</strong></span> <span class='ocrx_word' id='word_1_359' title='bbox 3013 2050 3111 2120; x_wconf 77' lang='grc' dir='ltr'>τὴν</span> <span class='ocrx_word' id='word_1_360' title='bbox 3139 2050 3555 2119; x_wconf 75' lang='grc' dir='ltr'>’Λλεξάνδρειαν</span> <span class='ocrx_word' id='word_1_361' title='bbox 3578 2069 3734 2123; x_wconf 81' lang='grc' dir='ltr'>παρα-</span> 
     </span>
    </p>
   </div>
   <div class='ocr_carea' id='block_1_52' title="bbox 2166 2139 3733 2214">
    <p class='ocr_par' dir='ltr' id='par_1_52' title="bbox 2166 2139 3733 2214">
     <span class='ocr_line' id='line_1_52' title="bbox 2166 2139 3733 2214; baseline 0.004 -23"><span class='ocrx_word' id='word_1_362' title='bbox 2166 2139 2377 2207; x_wconf 73' lang='grc' dir='ltr'>γίνεται</span> <span class='ocrx_word' id='word_1_363' title='bbox 2415 2142 2792 2194; x_wconf 84' lang='grc' dir='ltr'>άντιπνεύσων</span> <span class='ocrx_word' id='word_1_364' title='bbox 2827 2141 2990 2212; x_wconf 80' lang='grc' dir='ltr'>δῆθεν</span> <span class='ocrx_word' id='word_1_365' title='bbox 3035 2143 3347 2213; x_wconf 82' lang='grc' dir='ltr'>Ἀθανασίῳ</span> <span class='ocrx_word' id='word_1_366' title='bbox 3375 2158 3387 2172; x_wconf 86' lang='grc'><strong>⁸</strong></span> <span class='ocrx_word' id='word_1_367' title='bbox 3433 2144 3602 2208; x_wconf 77' lang='grc' dir='ltr'>πολὺς</span> <span class='ocrx_word' id='word_1_368' title='bbox 3640 2147 3733 2214; x_wconf 70' lang='grc' dir='ltr'><strong>γὰρ</strong></span> 
     </span>
    </p>
   </div>
   <div class='ocr_carea' id='block_1_53' title="bbox 2163 2227 3734 2306">
    <p class='ocr_par' dir='ltr' id='par_1_53' title="bbox 2163 2227 3734 2306">
     <span class='ocr_line' id='line_1_53' title="bbox 2163 2227 3734 2306; baseline 0.004 -21"><span class='ocrx_word' id='word_1_369' title='bbox 2163 2227 2232 2303; x_wconf 81' lang='grc' dir='ltr'>ἦν</span> <span class='ocrx_word' id='word_1_370' title='bbox 2255 2233 2396 2301; x_wconf 80' lang='grc' dir='ltr'>ὑπὲρ</span> <span class='ocrx_word' id='word_1_371' title='bbox 2428 2233 2520 2287; x_wconf 81' lang='grc' dir='ltr'>τοῦ</span> <span class='ocrx_word' id='word_1_372' title='bbox 2546 2235 2832 2304; x_wconf 83' lang='grc' dir='ltr'>ὁμοουσίου</span> <span class='ocrx_word' id='word_1_373' title='bbox 2859 2237 3018 2306; x_wconf 76' lang='grc' dir='ltr'>ῥέων.</span> <span class='ocrx_word' id='word_1_374' title='bbox 3060 2235 3218 2306; x_wconf 83' lang='grc' dir='ltr'>Παρά</span> <span class='ocrx_word' id='word_1_375' title='bbox 3245 2254 3408 2290; x_wconf 87' lang='grc' dir='ltr'>τινων</span> <span class='ocrx_word' id='word_1_376' title='bbox 3443 2237 3524 2303; x_wconf 78' lang='grc' dir='ltr'>δὲ,</span> <span class='ocrx_word' id='word_1_377' title='bbox 3558 2240 3645 2290; x_wconf 83' lang='grc' dir='ltr'>καὶ</span> <span class='ocrx_word' id='word_1_378' title='bbox 3663 2240 3734 2301; x_wconf 84' lang='grc' dir='ltr'><strong>είς</strong></span> 
     </span>
    </p>
   </div>
   <div class='ocr_carea' id='block_1_54' title="bbox 2164 2327 3732 2404">
    <p class='ocr_par' dir='ltr' id='par_1_54' title="bbox 2164 2327 3732 2404">
     <span class='ocr_line' id='line_1_54' title="bbox 2164 2327 3732 2404; baseline 0.003 -25"><span class='ocrx_word' id='word_1_379' title='bbox 2164 2327 2471 2398; x_wconf 77' lang='grc' dir='ltr'>ἐπισκοπὴν</span> <span class='ocrx_word' id='word_1_380' title='bbox 2518 2327 2980 2398; x_wconf 73' lang='grc' dir='ltr'>προϐαλλομένων</span> <span class='ocrx_word' id='word_1_381' title='bbox 3023 2329 3212 2398; x_wconf 71' lang='grc' dir='ltr'>αὐτὸν,</span> <span class='ocrx_word' id='word_1_382' title='bbox 3263 2330 3531 2400; x_wconf 78' lang='grc' dir='ltr'>ἀπηξίου.</span> <span class='ocrx_word' id='word_1_383' title='bbox 3582 2332 3732 2404; x_wconf 83' lang='grc' dir='ltr'>Πρινὴ</span> 
     </span>
    </p>
   </div>
   <div class='ocr_carea' id='block_1_55' title="bbox 2168 2416 3734 2492">
    <p class='ocr_par' dir='ltr' id='par_1_55' title="bbox 2168 2416 3734 2492">
     <span class='ocr_line' id='line_1_55' title="bbox 2168 2416 3734 2492; baseline 0.001 -18"><span class='ocrx_word' id='word_1_384' title='bbox 2168 2421 2268 2492; x_wconf 79' lang='grc' dir='ltr'>μὲν</span> <span class='ocrx_word' id='word_1_385' title='bbox 2308 2416 2402 2474; x_wconf 82' lang='grc' dir='ltr'>οὖν</span> <span class='ocrx_word' id='word_1_386' title='bbox 2451 2421 2650 2474; x_wconf 72' lang='grc' dir='ltr'>Ἀέτιον</span> <span class='ocrx_word' id='word_1_387' title='bbox 2703 2423 2814 2483; x_wconf 83' lang='grc' dir='ltr'>τοῖς</span> <span class='ocrx_word' id='word_1_388' title='bbox 2871 2421 2929 2485; x_wconf 76' lang='grc' dir='ltr'>ἐξ</span> <span class='ocrx_word' id='word_1_389' title='bbox 2973 2422 3194 2492; x_wconf 77' lang='grc' dir='ltr'>Ἀρείου</span> <span class='ocrx_word' id='word_1_390' title='bbox 3231 2424 3528 2492; x_wconf 79' lang='grc' dir='ltr'>συμμίξαι,</span> <span class='ocrx_word' id='word_1_391' title='bbox 3565 2425 3610 2476; x_wconf 85' lang='grc' dir='ltr'><strong>εί</strong></span> <span class='ocrx_word' id='word_1_392' title='bbox 3653 2426 3734 2476; x_wconf 77' lang='grc' dir='ltr'>καὶ</span> 
     </span>
    </p>
   </div>
   <div class='ocr_carea' id='block_1_56' title="bbox 2163 2513 3726 2586">
    <p class='ocr_par' dir='ltr' id='par_1_56' title="bbox 2163 2513 3726 2586">
     <span class='ocr_line' id='line_1_56' title="bbox 2163 2513 3726 2586; baseline 0.001 -20"><span class='ocrx_word' id='word_1_393' title='bbox 2163 2516 2274 2577; x_wconf 86' lang='grc' dir='ltr'>τοῖς</span> <span class='ocrx_word' id='word_1_394' title='bbox 2303 2514 2362 2566; x_wconf 78' lang='grc' dir='ltr'><strong>τὺ</strong></span> <span class='ocrx_word' id='word_1_395' title='bbox 2406 2513 2696 2581; x_wconf 72' lang='grc' dir='ltr'>ὀμοούσιον</span> <span class='ocrx_word' id='word_1_396' title='bbox 2726 2515 3094 2586; x_wconf 71' lang='grc' dir='ltr'>πρεσϐεύουσι</span> <span class='ocrx_word' id='word_1_397' title='bbox 3122 2515 3467 2585; x_wconf 68' lang='grc' dir='ltr'>διεφέροντο,</span> <span class='ocrx_word' id='word_1_398' title='bbox 3499 2516 3615 2570; x_wconf 82' lang='grc' dir='ltr'>ἀλλ’</span> <span class='ocrx_word' id='word_1_399' title='bbox 3646 2513 3726 2570; x_wconf 81' lang='grc' dir='ltr'>οὖν</span> 
     </span>
    </p>
   </div>
   <div class='ocr_carea' id='block_1_57' title="bbox 2165 2603 3730 2678">
    <p class='ocr_par' dir='ltr' id='par_1_57' title="bbox 2165 2603 3730 2678">
     <span class='ocr_line' id='line_1_57' title="bbox 2165 2603 3730 2678; baseline 0.001 -19"><span class='ocrx_word' id='word_1_400' title='bbox 2165 2605 2340 2675; x_wconf 78' lang='grc' dir='ltr'>εὐχῶν</span> <span class='ocrx_word' id='word_1_401' title='bbox 2363 2607 2455 2660; x_wconf 76' lang='grc' dir='ltr'>καὶ</span> <span class='ocrx_word' id='word_1_402' title='bbox 2486 2603 2670 2674; x_wconf 82' lang='grc' dir='ltr'>ὓμνων</span> <span class='ocrx_word' id='word_1_403' title='bbox 2697 2610 2787 2658; x_wconf 75' lang='grc' dir='ltr'><strong>καὶ</strong></span> <span class='ocrx_word' id='word_1_404' title='bbox 2820 2605 3231 2677; x_wconf 81' lang='grc' dir='ltr'>βουλευμάτων,</span> <span class='ocrx_word' id='word_1_405' title='bbox 3259 2610 3353 2662; x_wconf 77' lang='grc' dir='ltr'>καὶ</span> <span class='ocrx_word' id='word_1_406' title='bbox 3387 2609 3578 2678; x_wconf 64' lang='grc' dir='ltr'>σχεδὸν</span> <span class='ocrx_word' id='word_1_407' title='bbox 3613 2611 3730 2662; x_wconf 85' lang='grc' dir='ltr'>πάν-</span> 
     </span>
    </p>
   </div>
   <div class='ocr_carea' id='block_1_58' title="bbox 2165 2695 3733 2771">
    <p class='ocr_par' dir='ltr' id='par_1_58' title="bbox 2165 2695 3733 2771">
     <span class='ocr_line' id='line_1_58' title="bbox 2165 2695 3733 2771; baseline 0.003 -23"><span class='ocrx_word' id='word_1_408' title='bbox 2165 2712 2297 2757; x_wconf 87' lang='grc' dir='ltr'>των,</span> <span class='ocrx_word' id='word_1_409' title='bbox 2349 2695 2667 2748; x_wconf 77' lang='grc' dir='ltr'>ἐκοινώνουν</span> <span class='ocrx_word' id='word_1_410' title='bbox 2726 2696 2999 2766; x_wconf 79' lang='grc' dir='ltr'>ἀλληλοις,</span> <span class='ocrx_word' id='word_1_411' title='bbox 3032 2697 3174 2766; x_wconf 82' lang='grc' dir='ltr'>πλὴν</span> <span class='ocrx_word' id='word_1_412' title='bbox 3222 2702 3324 2771; x_wconf 82' lang='grc' dir='ltr'>τῆς</span> <span class='ocrx_word' id='word_1_413' title='bbox 3355 2700 3625 2769; x_wconf 78' lang='grc' dir='ltr'>μυστικῆς</span> <span class='ocrx_word' id='word_1_414' title='bbox 3655 2700 3733 2753; x_wconf 69' lang='grc' dir='ltr'>θνα</span> 
     </span>
    </p>
   </div>
   <div class='ocr_carea' id='block_1_59' title="bbox 2165 2788 3731 2863">
    <p class='ocr_par' dir='ltr' id='par_1_59' title="bbox 2165 2788 3731 2863">
     <span class='ocr_line' id='line_1_59' title="bbox 2165 2788 3731 2863; baseline 0.003 -22"><span class='ocrx_word' id='word_1_415' title='bbox 2165 2789 2308 2852; x_wconf 79' lang='grc' dir='ltr'>σίας.</span> <span class='ocrx_word' id='word_1_416' title='bbox 2352 2788 2592 2841; x_wconf 78' lang='grc' dir='ltr'>Ἐκεενου</span> <span class='ocrx_word' id='word_1_417' title='bbox 2625 2789 2682 2841; x_wconf 82' lang='grc' dir='ltr'>δὲ</span> <span class='ocrx_word' id='word_1_418' title='bbox 2715 2789 2935 2860; x_wconf 83' lang='grc' dir='ltr'>πρώτου</span> <span class='ocrx_word' id='word_1_419' title='bbox 2964 2792 3064 2860; x_wconf 78' lang='grc' dir='ltr'>τῆς</span> <span class='ocrx_word' id='word_1_420' title='bbox 3095 2791 3430 2855; x_wconf 78' lang='grc' dir='ltr'>διαστάσεως</span> <span class='ocrx_word' id='word_1_421' title='bbox 3466 2793 3731 2863; x_wconf 72' lang='grc' dir='ltr'>ἄρξαντος,</span> 
     </span>
    </p>
   </div>
   <div class='ocr_carea' id='block_1_60' title="bbox 2161 2881 3730 2954">
    <p class='ocr_par' dir='ltr' id='par_1_60' title="bbox 2161 2881 3730 2954">
     <span class='ocr_line' id='line_1_60' title="bbox 2161 2881 3730 2954; baseline 0.005 -21"><span class='ocrx_word' id='word_1_422' title='bbox 2161 2881 2320 2949; x_wconf 75' lang='grc' dir='ltr'>λόγος</span> <span class='ocrx_word' id='word_1_423' title='bbox 2365 2882 2464 2952; x_wconf 80' lang='grc' dir='ltr'>τὴν</span> <span class='ocrx_word' id='word_1_424' title='bbox 2493 2882 2778 2953; x_wconf 79' lang='grc' dir='ltr'>ὁμόφρονα</span> <span class='ocrx_word' id='word_1_425' title='bbox 2815 2885 3140 2954; x_wconf 79' lang='grc' dir='ltr'>συναγωγὴν</span> <span class='ocrx_word' id='word_1_426' title='bbox 3182 2886 3390 2950; x_wconf 82' lang='grc' dir='ltr'>πάντας</span> <span class='ocrx_word' id='word_1_427' title='bbox 3417 2889 3545 2950; x_wconf 79' lang='grc' dir='ltr'>τοὺς</span> <span class='ocrx_word' id='word_1_428' title='bbox 3575 2889 3730 2940; x_wconf 78' lang='grc' dir='ltr'>τοιοὺο</span> 
     </span>
    </p>
   </div>
   <div class='ocr_carea' id='block_1_61' title="bbox 2166 2975 3732 3050">
    <p class='ocr_par' dir='ltr' id='par_1_61' title="bbox 2166 2975 3732 3050">
     <span class='ocr_line' id='line_1_61' title="bbox 2166 2975 3732 3050; baseline 0.003 -22"><span class='ocrx_word' id='word_1_429' title='bbox 2166 2991 2300 3038; x_wconf 85' lang='grc' dir='ltr'>τους</span> <span class='ocrx_word' id='word_1_430' title='bbox 2332 2975 2521 3045; x_wconf 74' lang='grc' dir='ltr'>φιλίας</span> <span class='ocrx_word' id='word_1_431' title='bbox 2545 2977 2644 3029; x_wconf 72' lang='grc' dir='ltr'>καὶ</span> <span class='ocrx_word' id='word_1_432' title='bbox 2663 2977 2955 3046; x_wconf 73' lang='grc' dir='ltr'>συνηθείας</span> <span class='ocrx_word' id='word_1_433' title='bbox 2983 2977 3216 3049; x_wconf 73' lang='grc' dir='ltr'>δεσμοὶς</span> <span class='ocrx_word' id='word_1_434' title='bbox 3232 2979 3647 3050; x_wconf 69' lang='grc' dir='ltr'>διαρῤήξαντας,</span> <span class='ocrx_word' id='word_1_435' title='bbox 3667 2983 3732 3042; x_wconf 88' lang='grc' dir='ltr'><strong>είς</strong></span> 
     </span>
    </p>
   </div>
   <div class='ocr_carea' id='block_1_62' title="bbox 429 3067 2063 3142">
    <p class='ocr_par' dir='ltr' id='par_1_62' title="bbox 429 3067 2062 3138">
     <span class='ocr_line' id='line_1_62' title="bbox 429 3067 2062 3138; baseline -0.001 -16"><span class='ocrx_word' id='word_1_436' title='bbox 429 3081 437 3084; x_wconf 66' lang='lat'><strong>‘</strong></span> <span class='ocrx_word' id='word_1_437' title='bbox 485 3067 729 3122; x_wconf 89' lang='lat' dir='ltr'><strong>stantiali</strong></span> <span class='ocrx_word' id='word_1_438' title='bbox 776 3067 1172 3138; x_wconf 79' lang='lat' dir='ltr'><strong>propugnando</strong></span> <span class='ocrx_word' id='word_1_439' title='bbox 1223 3067 1388 3136; x_wconf 79' lang='lat'><strong>718</strong></span> <span class='ocrx_word' id='word_1_440' title='bbox 1437 3067 1771 3121; x_wconf 83' lang='lat' dir='ltr'><strong>Athanasius</strong></span> <span class='ocrx_word' id='word_1_441' title='bbox 1821 3067 1950 3138; x_wconf 69' lang='lat' dir='ltr'><strong>egit.</strong></span> <span class='ocrx_word' id='word_1_442' title='bbox 1995 3069 2062 3123; x_wconf 84' lang='lat' dir='ltr'><strong>Et</strong></span> 
     </span>
    </p>
   </div>
   <div class='ocr_carea' id='block_1_63' title="bbox 2168 3067 3732 3142">
    <p class='ocr_par' dir='ltr' id='par_1_63' title="bbox 2168 3067 3732 3142">
     <span class='ocr_line' id='line_1_63' title="bbox 2168 3067 3732 3142; baseline 0.003 -22"><span class='ocrx_word' id='word_1_443' title='bbox 2168 3067 2463 3122; x_wconf 83' lang='grc' dir='ltr'>ἀντίπαλον</span> <span class='ocrx_word' id='word_1_444' title='bbox 2479 3071 2588 3132; x_wconf 71' lang='grc' dir='ltr'>τοῖς</span> <span class='ocrx_word' id='word_1_445' title='bbox 2618 3069 2792 3130; x_wconf 77' lang='grc' dir='ltr'>ἄλλως</span> <span class='ocrx_word' id='word_1_446' title='bbox 2814 3067 3102 3136; x_wconf 73' lang='grc' dir='ltr'>δοξάζουσι</span> <span class='ocrx_word' id='word_1_447' title='bbox 3131 3072 3371 3141; x_wconf 84' lang='grc' dir='ltr'>μάλιστα</span> <span class='ocrx_word' id='word_1_448' title='bbox 3403 3073 3732 3142; x_wconf 74' lang='grc' dir='ltr'>παρασκευά-</span> 
     </span>
    </p>
   </div>
   <div class='ocr_carea' id='block_1_64' title="bbox 486 3160 2058 3230">
    <p class='ocr_par' dir='ltr' id='par_1_64' title="bbox 486 3160 2058 3230">
     <span class='ocr_line' id='line_1_64' title="bbox 486 3160 2058 3230; baseline 0 -15"><span class='ocrx_word' id='word_1_449' title='bbox 486 3176 612 3216; x_wconf 87' lang='lat' dir='ltr'><strong>cum</strong></span> <span class='ocrx_word' id='word_1_450' title='bbox 641 3177 672 3215; x_wconf 91' lang='lat' dir='ltr'><strong>a</strong></span> <span class='ocrx_word' id='word_1_451' title='bbox 694 3161 1024 3230; x_wconf 87' lang='lat' dir='ltr'><strong>quibusdam</strong></span> <span class='ocrx_word' id='word_1_452' title='bbox 1063 3160 1130 3214; x_wconf 90' lang='lat' dir='ltr'><strong>ad</strong></span> <span class='ocrx_word' id='word_1_453' title='bbox 1151 3160 1530 3230; x_wconf 81' lang='lat' dir='ltr'><strong>episcopatum</strong></span> <span class='ocrx_word' id='word_1_454' title='bbox 1565 3161 1756 3215; x_wconf 88' lang='lat' dir='ltr'><strong>Aetius</strong></span> <span class='ocrx_word' id='word_1_455' title='bbox 1787 3160 2058 3230; x_wconf 82' lang='lat' dir='ltr'><strong>recipien-</strong></span> 
     </span>
    </p>
   </div>
   <div class='ocr_carea' id='block_1_65' title="bbox 487 3251 2056 3323">
    <p class='ocr_par' dir='ltr' id='par_1_65' title="bbox 487 3251 2056 3323">
     <span class='ocr_line' id='line_1_65' title="bbox 487 3251 2056 3323; baseline 0 -14"><span class='ocrx_word' id='word_1_456' title='bbox 487 3255 619 3309; x_wconf 90' lang='lat' dir='ltr'><strong>dum</strong></span> <span class='ocrx_word' id='word_1_457' title='bbox 669 3253 914 3309; x_wconf 83' lang='lat' dir='ltr'><strong>delectus</strong></span> <span class='ocrx_word' id='word_1_458' title='bbox 957 3261 1129 3318; x_wconf 85' lang='lat' dir='ltr'><strong>esset,</strong></span> <span class='ocrx_word' id='word_1_459' title='bbox 1174 3251 1497 3323; x_wconf 74' lang='lat' dir='ltr'><strong>dignitatem</strong></span> <span class='ocrx_word' id='word_1_460' title='bbox 1543 3267 1664 3307; x_wconf 90' lang='lat' dir='ltr'><strong>eam</strong></span> <span class='ocrx_word' id='word_1_461' title='bbox 1705 3253 2056 3321; x_wconf 88' lang='lat' dir='ltr'><strong>contempsit.</strong></span> 
     </span>
    </p>
   </div>
   <div class='ocr_carea' id='block_1_66' title="bbox 488 3342 2056 3414">
    <p class='ocr_par' dir='ltr' id='par_1_66' title="bbox 488 3342 2056 3414">
     <span class='ocr_line' id='line_1_66' title="bbox 488 3342 2056 3414; baseline -0.001 -14"><span class='ocrx_word' id='word_1_462' title='bbox 488 3347 631 3400; x_wconf 84' lang='lat' dir='ltr'><strong>Sane</strong></span> <span class='ocrx_word' id='word_1_463' title='bbox 693 3355 986 3414; x_wconf 82' lang='lat' dir='ltr'><strong>antequam</strong></span> <span class='ocrx_word' id='word_1_464' title='bbox 1039 3344 1232 3401; x_wconf 85' lang='lat' dir='ltr'><strong>Aetius</strong></span> <span class='ocrx_word' id='word_1_465' title='bbox 1291 3342 1360 3398; x_wconf 89' lang='lat' dir='ltr'><strong>ad</strong></span> <span class='ocrx_word' id='word_1_466' title='bbox 1429 3342 1662 3398; x_wconf 75' lang='lat' dir='ltr'><strong>Arianos</strong></span> <span class='ocrx_word' id='word_1_467' title='bbox 1724 3343 2056 3410; x_wconf 75' lang='lat' dir='ltr'><strong>defecisset,</strong></span> 
     </span>
    </p>
   </div>
   <div class='ocr_carea' id='block_1_67' title="bbox 489 3437 2060 3509">
    <p class='ocr_par' dir='ltr' id='par_1_67' title="bbox 489 3437 2060 3509">
     <span class='ocr_line' id='line_1_67' title="bbox 489 3437 2060 3509; baseline 0 -15"><span class='ocrx_word' id='word_1_468' title='bbox 489 3439 708 3494; x_wconf 88' lang='lat' dir='ltr'><strong>tametsi</strong></span> <span class='ocrx_word' id='word_1_469' title='bbox 725 3438 816 3499; x_wconf 64' lang='lat' dir='ltr'><strong>-illi</strong></span> <span class='ocrx_word' id='word_1_470' title='bbox 857 3439 926 3494; x_wconf 89' lang='lat' dir='ltr'><strong>ab</strong></span> <span class='ocrx_word' id='word_1_471' title='bbox 967 3438 1256 3508; x_wconf 78' lang='grc' dir='ltr'>ὀμοούσιον</span> <span class='ocrx_word' id='word_1_472' title='bbox 1300 3437 1756 3493; x_wconf 75' lang='grc' dir='ltr'>εοηειιὺειαιιιίαίε</span> <span class='ocrx_word' id='word_1_473' title='bbox 1800 3437 2060 3509; x_wconf 82' lang='lat' dir='ltr'><strong>proﬁten-</strong></span> 
     </span>
    </p>
   </div>
   <div class='ocr_carea' id='block_1_68' title="bbox 491 3531 2059 3600">
    <p class='ocr_par' dir='ltr' id='par_1_68' title="bbox 491 3531 2059 3600">
     <span class='ocr_line' id='line_1_68' title="bbox 491 3531 2059 3600; baseline -0.002 -14"><span class='ocrx_word' id='word_1_474' title='bbox 491 3534 638 3586; x_wconf 86' lang='lat' dir='ltr'><strong>tibus</strong></span> <span class='ocrx_word' id='word_1_475' title='bbox 667 3531 1030 3598; x_wconf 77' lang='lat' dir='ltr'><strong>dissidebant,</strong></span> <span class='ocrx_word' id='word_1_476' title='bbox 1062 3531 1422 3586; x_wconf 86' lang='lat' dir='ltr'><strong>nihilominus</strong></span> <span class='ocrx_word' id='word_1_477' title='bbox 1453 3541 1633 3586; x_wconf 89' lang='lat' dir='ltr'><strong>tamen</strong></span> <span class='ocrx_word' id='word_1_478' title='bbox 1668 3545 1877 3600; x_wconf 90' lang='lat' dir='ltr'><strong>preces,</strong></span> <span class='ocrx_word' id='word_1_479' title='bbox 1905 3531 2059 3600; x_wconf 88' lang='lat' dir='ltr'><strong>hym-</strong></span> 
     </span>
    </p>
   </div>
   <div class='ocr_carea' id='block_1_69' title="bbox 486 3621 2056 3691">
    <p class='ocr_par' dir='ltr' id='par_1_69' title="bbox 486 3621 2056 3691">
     <span class='ocr_line' id='line_1_69' title="bbox 486 3621 2056 3691; baseline -0.002 -15"><span class='ocrx_word' id='word_1_480' title='bbox 486 3639 608 3686; x_wconf 88' lang='lat' dir='ltr'><strong>nos,</strong></span> <span class='ocrx_word' id='word_1_481' title='bbox 641 3623 868 3678; x_wconf 89' lang='lat' dir='ltr'><strong>consilia</strong></span> <span class='ocrx_word' id='word_1_482' title='bbox 903 3630 958 3676; x_wconf 90' lang='lat' dir='ltr'><strong>et</strong></span> <span class='ocrx_word' id='word_1_483' title='bbox 989 3637 1079 3677; x_wconf 81' lang='lat' dir='ltr'><strong>res</strong></span> <span class='ocrx_word' id='word_1_484' title='bbox 1105 3635 1275 3691; x_wconf 87' lang='lat' dir='ltr'><strong>prope</strong></span> <span class='ocrx_word' id='word_1_485' title='bbox 1315 3635 1508 3676; x_wconf 89' lang='lat' dir='ltr'><strong>omnes</strong></span> <span class='ocrx_word' id='word_1_486' title='bbox 1539 3635 1664 3675; x_wconf 87' lang='lat' dir='ltr'><strong>eum</strong></span> <span class='ocrx_word' id='word_1_487' title='bbox 1695 3621 1778 3676; x_wconf 88' lang='lat' dir='ltr'><strong>eis</strong></span> <span class='ocrx_word' id='word_1_488' title='bbox 1809 3635 2056 3675; x_wconf 89' lang='lat' dir='ltr'><strong>commu-</strong></span> 
     </span>
    </p>
   </div>
   <div class='ocr_carea' id='block_1_70' title="bbox 484 3712 2056 3785">
    <p class='ocr_par' dir='ltr' id='par_1_70' title="bbox 484 3712 2056 3785">
     <span class='ocr_line' id='line_1_70' title="bbox 484 3712 2056 3785; baseline -0.001 -17"><span class='ocrx_word' id='word_1_489' title='bbox 484 3715 769 3777; x_wconf 88' lang='lat' dir='ltr'><strong>nicabant,</strong></span> <span class='ocrx_word' id='word_1_490' title='bbox 806 3715 1041 3785; x_wconf 81' lang='lat' dir='ltr'><strong>mystico</strong></span> <span class='ocrx_word' id='word_1_491' title='bbox 1081 3713 1352 3768; x_wconf 80' lang='lat' dir='ltr'><strong>duntaxat</strong></span> <span class='ocrx_word' id='word_1_492' title='bbox 1385 3713 1656 3768; x_wconf 79' lang='lat' dir='ltr'><strong>sacriﬁcio</strong></span> <span class='ocrx_word' id='word_1_493' title='bbox 1692 3723 1945 3783; x_wconf 70' lang='lat' dir='ltr'><strong>excepto.</strong></span> <span class='ocrx_word' id='word_1_494' title='bbox 1977 3712 2056 3766; x_wconf 78' lang='lat' dir='ltr'><strong>Ex</strong></span> 
     </span>
    </p>
   </div>
   <div class='ocr_carea' id='block_1_71' title="bbox 482 3803 2052 3877">
    <p class='ocr_par' dir='ltr' id='par_1_71' title="bbox 482 3803 2052 3877">
     <span class='ocr_line' id='line_1_71' title="bbox 482 3803 2052 3877; baseline -0.003 -16"><span class='ocrx_word' id='word_1_495' title='bbox 482 3823 592 3877; x_wconf 92' lang='lat' dir='ltr'><strong>quo</strong></span> <span class='ocrx_word' id='word_1_496' title='bbox 627 3803 813 3861; x_wconf 86' lang='lat' dir='ltr'><strong>autem</strong></span> <span class='ocrx_word' id='word_1_497' title='bbox 863 3807 954 3862; x_wconf 89' lang='lat' dir='ltr'><strong>ille</strong></span> <span class='ocrx_word' id='word_1_498' title='bbox 985 3807 1198 3876; x_wconf 89' lang='lat' dir='ltr'><strong>primus</strong></span> <span class='ocrx_word' id='word_1_499' title='bbox 1243 3805 1615 3861; x_wconf 88' lang='lat' dir='ltr'><strong>secessionem</strong></span> <span class='ocrx_word' id='word_1_500' title='bbox 1651 3805 1834 3860; x_wconf 81' lang='lat' dir='ltr'><strong>facere</strong></span> <span class='ocrx_word' id='word_1_501' title='bbox 1866 3805 2052 3875; x_wconf 85' lang='lat' dir='ltr'><strong>coepit,</strong></span> 
     </span>
    </p>
   </div>
   <div class='ocr_carea' id='block_1_72' title="bbox 483 3902 2056 3967">
    <p class='ocr_par' dir='ltr' id='par_1_72' title="bbox 483 3902 2056 3967">
     <span class='ocr_line' id='line_1_72' title="bbox 483 3902 2056 3967; baseline 0.001 -12"><span class='ocrx_word' id='word_1_502' title='bbox 483 3903 762 3957; x_wconf 25' lang='lat' dir='ltr'><strong>omnibus,</strong></span> <span class='ocrx_word' id='word_1_503' title='bbox 799 3902 1201 3957; x_wconf 87' lang='lat' dir='ltr'><strong>consentientis</strong></span> <span class='ocrx_word' id='word_1_504' title='bbox 1249 3911 1600 3967; x_wconf 84' lang='lat' dir='ltr'><strong>conventus,</strong></span> <span class='ocrx_word' id='word_1_505' title='bbox 1656 3903 1950 3965; x_wconf 70' lang='lat' dir='ltr'><strong>amicitiae,</strong></span> <span class='ocrx_word' id='word_1_506' title='bbox 2000 3911 2056 3958; x_wconf 92' lang='lat' dir='ltr'><strong>et</strong></span> 
     </span>
    </p>
   </div>
   <div class='ocr_carea' id='block_1_73' title="bbox 483 3993 2054 4064">
    <p class='ocr_par' dir='ltr' id='par_1_73' title="bbox 483 3993 2054 4064">
     <span class='ocr_line' id='line_1_73' title="bbox 483 3993 2054 4064; baseline 0.001 -16"><span class='ocrx_word' id='word_1_507' title='bbox 483 3993 909 4050; x_wconf 83' lang='lat' dir='ltr'><strong>consuetudinis</strong></span> <span class='ocrx_word' id='word_1_508' title='bbox 940 3995 1179 4050; x_wconf 89' lang='lat' dir='ltr'><strong>vinculis</strong></span> <span class='ocrx_word' id='word_1_509' title='bbox 1213 3995 1414 4064; x_wconf 86' lang='lat' dir='ltr'><strong>ruptis,</strong></span> <span class='ocrx_word' id='word_1_510' title='bbox 1447 3995 1500 4050; x_wconf 91' lang='lat' dir='ltr'><strong>in</strong></span> <span class='ocrx_word' id='word_1_511' title='bbox 1549 3995 1810 4050; x_wconf 86' lang='lat' dir='ltr'><strong>adversas</strong></span> <span class='ocrx_word' id='word_1_512' title='bbox 1848 3996 1928 4050; x_wconf 90' lang='lat' dir='ltr'><strong>eis</strong></span> <span class='ocrx_word' id='word_1_513' title='bbox 1961 3996 2054 4064; x_wconf 90' lang='lat' dir='ltr'><strong>qui</strong></span> 
     </span>
    </p>
   </div>
   <div class='ocr_carea' id='block_1_74' title="bbox 484 4087 2058 4158">
    <p class='ocr_par' dir='ltr' id='par_1_74' title="bbox 484 4087 2058 4158">
     <span class='ocr_line' id='line_1_74' title="bbox 484 4087 2058 4158; baseline -0.001 -16"><span class='ocrx_word' id='word_1_514' title='bbox 484 4092 539 4142; x_wconf 90' lang='lat' dir='ltr'><strong>in</strong></span> <span class='ocrx_word' id='word_1_515' title='bbox 570 4089 673 4142; x_wconf 90' lang='lat' dir='ltr'><strong>alia</strong></span> <span class='ocrx_word' id='word_1_516' title='bbox 715 4097 900 4143; x_wconf 89' lang='lat' dir='ltr'><strong>essent</strong></span> <span class='ocrx_word' id='word_1_517' title='bbox 947 4087 1210 4156; x_wconf 82' lang='lat' dir='ltr'><strong>Opinione</strong></span> <span class='ocrx_word' id='word_1_518' title='bbox 1245 4087 1481 4142; x_wconf 81' lang='lat' dir='ltr'><strong>maxime</strong></span> <span class='ocrx_word' id='word_1_519' title='bbox 1513 4097 1696 4156; x_wconf 87' lang='lat' dir='ltr'><strong>partes</strong></span> <span class='ocrx_word' id='word_1_520' title='bbox 1733 4102 1832 4158; x_wconf 86' lang='lat' dir='ltr'><strong>per</strong></span> <span class='ocrx_word' id='word_1_521' title='bbox 1866 4087 2058 4141; x_wconf 77' lang='lat' dir='ltr'><strong>factio-</strong></span> 
     </span>
    </p>
   </div>
   <div class='ocr_carea' id='block_1_75' title="bbox 482 4177 2058 4246">
    <p class='ocr_par' dir='ltr' id='par_1_75' title="bbox 482 4177 2058 4246">
     <span class='ocr_line' id='line_1_75' title="bbox 482 4177 2058 4246; baseline -0.001 -14"><span class='ocrx_word' id='word_1_522' title='bbox 482 4193 607 4232; x_wconf 83' lang='lat' dir='ltr'><strong>nem</strong></span> <span class='ocrx_word' id='word_1_523' title='bbox 636 4178 938 4246; x_wconf 69' lang='lat' dir='ltr'><strong>transiere.</strong></span> <span class='ocrx_word' id='word_1_524' title='bbox 990 4177 1127 4231; x_wconf 87' lang='lat' dir='ltr'><strong>Tum</strong></span> <span class='ocrx_word' id='word_1_525' title='bbox 1170 4192 1304 4232; x_wconf 88' lang='lat' dir='ltr'><strong>vero</strong></span> <span class='ocrx_word' id='word_1_526' title='bbox 1350 4185 1406 4232; x_wconf 89' lang='lat' dir='ltr'><strong>et</strong></span> <span class='ocrx_word' id='word_1_527' title='bbox 1443 4177 1748 4232; x_wconf 86' lang='lat' dir='ltr'><strong>Eunomius</strong></span> <span class='ocrx_word' id='word_1_528' title='bbox 1783 4177 1922 4232; x_wconf 84' lang='lat' dir='ltr'><strong>Aetii</strong></span> <span class='ocrx_word' id='word_1_529' title='bbox 1973 4192 2058 4231; x_wconf 87' lang='lat' dir='ltr'><strong>sa-</strong></span> 
     </span>
    </p>
   </div>
   <div class='ocr_carea' id='block_1_76' title="bbox 480 4268 2053 4340">
    <p class='ocr_par' dir='ltr' id='par_1_76' title="bbox 480 4268 2053 4340">
     <span class='ocr_line' id='line_1_76' title="bbox 480 4268 2053 4340; baseline -0.001 -17"><span class='ocrx_word' id='word_1_530' title='bbox 480 4270 704 4340; x_wconf 67' lang='lat' dir='ltr'><strong>pientiae</strong></span> <span class='ocrx_word' id='word_1_531' title='bbox 733 4270 873 4323; x_wconf 79' lang='lat' dir='ltr'><strong>fama</strong></span> <span class='ocrx_word' id='word_1_532' title='bbox 909 4269 1203 4335; x_wconf 88' lang='lat' dir='ltr'><strong>adductus,</strong></span> <span class='ocrx_word' id='word_1_533' title='bbox 1234 4283 1299 4324; x_wconf 78' lang='lat' dir='ltr'><strong>ex</strong></span> <span class='ocrx_word' id='word_1_534' title='bbox 1331 4268 1678 4338; x_wconf 82' lang='lat' dir='ltr'><strong>Cappadocia</strong></span> <span class='ocrx_word' id='word_1_535' title='bbox 1707 4268 2053 4324; x_wconf 87' lang='lat' dir='ltr'><strong>Antiochiam</strong></span> 
     </span>
    </p>
   </div>
   <div class='ocr_carea' id='block_1_77' title="bbox 481 4359 2052 4432">
    <p class='ocr_par' dir='ltr' id='par_1_77' title="bbox 481 4359 2052 4432">
     <span class='ocr_line' id='line_1_77' title="bbox 481 4359 2052 4432; baseline 0 -18"><span class='ocrx_word' id='word_1_536' title='bbox 481 4363 762 4432; x_wconf 78' lang='lat' dir='ltr'><strong>prolccuts</strong></span> <span class='ocrx_word' id='word_1_537' title='bbox 795 4370 899 4426; x_wconf 87' lang='lat' dir='ltr'><strong>est,</strong></span> <span class='ocrx_word' id='word_1_538' title='bbox 952 4368 1008 4416; x_wconf 89' lang='lat' dir='ltr'><strong>et</strong></span> <span class='ocrx_word' id='word_1_539' title='bbox 1064 4361 1322 4416; x_wconf 88' lang='lat' dir='ltr'><strong>Secundo</strong></span> <span class='ocrx_word' id='word_1_540' title='bbox 1371 4376 1430 4416; x_wconf 89' lang='lat' dir='ltr'><strong>se</strong></span> <span class='ocrx_word' id='word_1_541' title='bbox 1466 4359 1543 4416; x_wconf 89' lang='lat' dir='ltr'><strong>ibi</strong></span> <span class='ocrx_word' id='word_1_542' title='bbox 1575 4360 1862 4430; x_wconf 80' lang='lat' dir='ltr'><strong>conjunxit</strong></span> <span class='ocrx_word' id='word_1_543' title='bbox 1897 4377 1911 4413; x_wconf 87' lang='lat'><strong>:</strong></span> <span class='ocrx_word' id='word_1_544' title='bbox 1958 4361 2052 4430; x_wconf 75' lang='lat' dir='ltr'><strong>qui</strong></span> 
     </span>
    </p>
   </div>
   <div class='ocr_carea' id='block_1_78' title="bbox 2170 3160 3732 3236">
    <p class='ocr_par' dir='ltr' id='par_1_78' title="bbox 2170 3160 3732 3236">
     <span class='ocr_line' id='line_1_78' title="bbox 2170 3160 3732 3236; baseline 0.005 -25"><span class='ocrx_word' id='word_1_545' title='bbox 2170 3175 2263 3212; x_wconf 89' lang='grc' dir='ltr'><strong>σαι</strong></span> <span class='ocrx_word' id='word_1_546' title='bbox 2295 3160 2639 3229; x_wconf 81' lang='grc' dir='ltr'>καταστῆναι</span> <span class='ocrx_word' id='word_1_547' title='bbox 2669 3162 2868 3232; x_wconf 85' lang='grc' dir='ltr'>μοῖραν</span> <span class='ocrx_word' id='word_1_548' title='bbox 2890 3177 2905 3194; x_wconf 91' lang='grc'><strong>⁸</strong></span> <span class='ocrx_word' id='word_1_549' title='bbox 2941 3163 3062 3217; x_wconf 83' lang='grc' dir='ltr'>τότε</span> <span class='ocrx_word' id='word_1_550' title='bbox 3089 3163 3146 3218; x_wconf 81' lang='grc' dir='ltr'>δὲ</span> <span class='ocrx_word' id='word_1_551' title='bbox 3177 3165 3272 3218; x_wconf 79' lang='grc' dir='ltr'>καὶ</span> <span class='ocrx_word' id='word_1_552' title='bbox 3311 3165 3579 3236; x_wconf 82' lang='grc' dir='ltr'>Εὑνόμιος</span> <span class='ocrx_word' id='word_1_553' title='bbox 3609 3166 3732 3219; x_wconf 65' lang='grc' dir='ltr'>κατὰ</span> 
     </span>
    </p>
   </div>
   <div class='ocr_carea' id='block_1_79' title="bbox 2171 3254 3732 3329">
    <p class='ocr_par' dir='ltr' id='par_1_79' title="bbox 2171 3254 3732 3329">
     <span class='ocr_line' id='line_1_79' title="bbox 2171 3254 3732 3329; baseline 0.003 -23"><span class='ocrx_word' id='word_1_554' title='bbox 2171 3254 2350 3307; x_wconf 84' lang='grc' dir='ltr'>πίστιν</span> <span class='ocrx_word' id='word_1_555' title='bbox 2379 3255 2476 3325; x_wconf 84' lang='grc' dir='ltr'>τῆς</span> <span class='ocrx_word' id='word_1_556' title='bbox 2514 3256 2725 3308; x_wconf 81' lang='grc' dir='ltr'>’Δετίου</span> <span class='ocrx_word' id='word_1_557' title='bbox 2769 3255 2961 3326; x_wconf 80' lang='grc' dir='ltr'>σοφίας</span> <span class='ocrx_word' id='word_1_558' title='bbox 3019 3257 3103 3320; x_wconf 87' lang='grc' dir='ltr'><strong>είς</strong></span> <span class='ocrx_word' id='word_1_559' title='bbox 3139 3258 3480 3329; x_wconf 71' lang='grc' dir='ltr'>Ἀντιόχειαν</span> <span class='ocrx_word' id='word_1_560' title='bbox 3506 3261 3568 3312; x_wconf 77' lang='grc' dir='ltr'>ὲκ</span> <span class='ocrx_word' id='word_1_561' title='bbox 3597 3260 3732 3312; x_wconf 78' lang='grc' dir='ltr'>Καπ-</span> 
     </span>
    </p>
   </div>
   <div class='ocr_carea' id='block_1_80' title="bbox 2169 3344 3733 3419">
    <p class='ocr_par' dir='ltr' id='par_1_80' title="bbox 2169 3344 3733 3419">
     <span class='ocr_line' id='line_1_80' title="bbox 2169 3344 3733 3419; baseline 0 -20"><span class='ocrx_word' id='word_1_562' title='bbox 2169 3345 2433 3408; x_wconf 85' lang='grc' dir='ltr'>παδοκίας</span> <span class='ocrx_word' id='word_1_563' title='bbox 2473 3344 2756 3417; x_wconf 82' lang='grc' dir='ltr'>Σεκούνδῳ</span> <span class='ocrx_word' id='word_1_564' title='bbox 2811 3348 3120 3418; x_wconf 77' lang='grc' dir='ltr'>συνέμιξεν.</span> <span class='ocrx_word' id='word_1_565' title='bbox 3169 3350 3232 3402; x_wconf 90' lang='grc'><strong>’0</strong></span> <span class='ocrx_word' id='word_1_566' title='bbox 3261 3349 3318 3402; x_wconf 75' lang='grc' dir='ltr'><strong>δι</strong></span> <span class='ocrx_word' id='word_1_567' title='bbox 3361 3350 3527 3404; x_wconf 72' lang='grc' dir='ltr'>αὑτὸν</span> <span class='ocrx_word' id='word_1_568' title='bbox 3563 3349 3733 3419; x_wconf 79' lang='grc' dir='ltr'>’Δετίῳ</span> 
     </span>
    </p>
   </div>
   <div class='ocr_carea' id='block_1_81' title="bbox 2170 3439 3734 3514">
    <p class='ocr_par' dir='ltr' id='par_1_81' title="bbox 2170 3439 3734 3514">
     <span class='ocr_line' id='line_1_81' title="bbox 2170 3439 3734 3514; baseline 0.002 -22"><span class='ocrx_word' id='word_1_569' title='bbox 2170 3439 2526 3511; x_wconf 77' lang='grc' dir='ltr'>συνέστησεν,</span> <span class='ocrx_word' id='word_1_570' title='bbox 2571 3441 2630 3493; x_wconf 81' lang='grc' dir='ltr'>ὲν</span> <span class='ocrx_word' id='word_1_571' title='bbox 2672 3440 3056 3513; x_wconf 66' lang='grc' dir='ltr'>’Δλεξανδρείᾳ</span> <span class='ocrx_word' id='word_1_572' title='bbox 3107 3443 3448 3514; x_wconf 79' lang='grc' dir='ltr'>διατρίϐοντι</span> <span class='ocrx_word' id='word_1_573' title='bbox 3491 3444 3590 3500; x_wconf 74' lang='grc' dir='ltr'>ἔτι.</span> <span class='ocrx_word' id='word_1_574' title='bbox 3643 3446 3734 3496; x_wconf 77' lang='grc' dir='ltr'><strong>Καὶ</strong></span> 
     </span>
    </p>
   </div>
   <div class='ocr_carea' id='block_1_82' title="bbox 2169 3532 3736 3606">
    <p class='ocr_par' dir='ltr' id='par_1_82' title="bbox 2169 3532 3736 3606">
     <span class='ocr_line' id='line_1_82' title="bbox 2169 3532 3736 3606; baseline 0.002 -22"><span class='ocrx_word' id='word_1_575' title='bbox 2169 3532 2442 3602; x_wconf 80' lang='grc' dir='ltr'>συνήστην</span> <span class='ocrx_word' id='word_1_576' title='bbox 2490 3532 2695 3603; x_wconf 77' lang='grc' dir='ltr'>ἄμφω·</span> <span class='ocrx_word' id='word_1_577' title='bbox 2727 3535 2755 3586; x_wconf 90' lang='grc' dir='ltr'>ὁ</span> <span class='ocrx_word' id='word_1_578' title='bbox 2786 3533 2887 3602; x_wconf 77' lang='grc' dir='ltr'>μὲν</span> <span class='ocrx_word' id='word_1_579' title='bbox 2935 3534 3230 3600; x_wconf 81' lang='grc' dir='ltr'>διδάσκων,</span> <span class='ocrx_word' id='word_1_580' title='bbox 3268 3536 3297 3588; x_wconf 80' lang='grc' dir='ltr'><strong>ὁ</strong></span> <span class='ocrx_word' id='word_1_581' title='bbox 3346 3537 3406 3590; x_wconf 71' lang='grc' dir='ltr'>δὲ</span> <span class='ocrx_word' id='word_1_582' title='bbox 3441 3539 3551 3600; x_wconf 83' lang='grc' dir='ltr'>τοῖς</span> <span class='ocrx_word' id='word_1_583' title='bbox 3588 3537 3736 3606; x_wconf 80' lang='grc' dir='ltr'>ἱεροῖς</span> 
     </span>
    </p>
   </div>
   <div class='ocr_carea' id='block_1_83' title="bbox 2170 3622 3736 3698">
    <p class='ocr_par' dir='ltr' id='par_1_83' title="bbox 2170 3622 3736 3698">
     <span class='ocr_line' id='line_1_83' title="bbox 2170 3622 3736 3698; baseline 0.003 -20"><span class='ocrx_word' id='word_1_584' title='bbox 2170 3622 2493 3694; x_wconf 76' lang='grc' dir='ltr'>μαθήμασιν</span> <span class='ocrx_word' id='word_1_585' title='bbox 2549 3625 2976 3696; x_wconf 61' lang='grc' dir='ltr'>ινασκούμενος.</span> <span class='ocrx_word' id='word_1_586' title='bbox 3034 3627 3319 3698; x_wconf 80' lang='grc' dir='ltr'>Γνώριμος</span> <span class='ocrx_word' id='word_1_587' title='bbox 3375 3629 3436 3682; x_wconf 77' lang='grc' dir='ltr'>δὲ</span> <span class='ocrx_word' id='word_1_588' title='bbox 3497 3631 3736 3694; x_wconf 81' lang='grc' dir='ltr'>ὁἈέτιος</span> 
     </span>
    </p>
   </div>
   <div class='ocr_carea' id='block_1_84' title="bbox 2166 3719 3737 3795">
    <p class='ocr_par' dir='ltr' id='par_1_84' title="bbox 2166 3719 3737 3795">
     <span class='ocr_line' id='line_1_84' title="bbox 2166 3719 3737 3795; baseline 0.006 -26"><span class='ocrx_word' id='word_1_589' title='bbox 2166 3719 2258 3770; x_wconf 77' lang='grc' dir='ltr'>καὶ</span> <span class='ocrx_word' id='word_1_590' title='bbox 2290 3719 2481 3786; x_wconf 81' lang='grc' dir='ltr'>Γάλλῳ</span> <span class='ocrx_word' id='word_1_591' title='bbox 2501 3720 2744 3788; x_wconf 72' lang='grc' dir='ltr'>ἐγεγόνει</span> <span class='ocrx_word' id='word_1_592' title='bbox 2767 3720 2843 3790; x_wconf 81' lang='grc' dir='ltr'>τῷ</span> <span class='ocrx_word' id='word_1_593' title='bbox 2865 3721 3126 3791; x_wconf 86' lang='grc' dir='ltr'>Καίσαρι,</span> <span class='ocrx_word' id='word_1_594' title='bbox 3151 3724 3322 3776; x_wconf 74' lang='grc' dir='ltr'>πολὺν</span> <span class='ocrx_word' id='word_1_595' title='bbox 3337 3719 3441 3794; x_wconf 76' lang='grc' dir='ltr'>’τῆς</span> <span class='ocrx_word' id='word_1_596' title='bbox 3462 3725 3737 3795; x_wconf 79' lang='grc' dir='ltr'>θρησκείας</span> 
     </span>
    </p>
   </div>
   <div class='ocr_carea' id='block_1_85' title="bbox 2164 3808 3736 3887">
    <p class='ocr_par' dir='ltr' id='par_1_85' title="bbox 2164 3808 3736 3887">
     <span class='ocr_line' id='line_1_85' title="bbox 2164 3808 3736 3887; baseline 0.008 -28"><span class='ocrx_word' id='word_1_597' title='bbox 2164 3808 2324 3876; x_wconf 82' lang='grc' dir='ltr'>λόγον</span> <span class='ocrx_word' id='word_1_598' title='bbox 2358 3810 2693 3880; x_wconf 76' lang='grc' dir='ltr'>ποιουμένῳ,</span> <span class='ocrx_word' id='word_1_599' title='bbox 2739 3811 2837 3865; x_wconf 87' lang='grc' dir='ltr'>καὶ</span> <span class='ocrx_word' id='word_1_600' title='bbox 2885 3815 2996 3876; x_wconf 85' lang='grc' dir='ltr'>τοῖς</span> <span class='ocrx_word' id='word_1_601' title='bbox 3047 3816 3176 3887; x_wconf 70' lang='grc' dir='ltr'>περὶ</span> <span class='ocrx_word' id='word_1_602' title='bbox 3208 3814 3406 3883; x_wconf 80' lang='grc' dir='ltr'>λόγους</span> <span class='ocrx_word' id='word_1_603' title='bbox 3456 3817 3629 3886; x_wconf 74' lang='grc' dir='ltr'>ἱεροὺς</span> <span class='ocrx_word' id='word_1_604' title='bbox 3655 3821 3736 3871; x_wconf 82' lang='grc' dir='ltr'>καὶ</span> 
     </span>
    </p>
   </div>
   <div class='ocr_carea' id='block_1_86' title="bbox 2165 3904 3734 3983">
    <p class='ocr_par' dir='ltr' id='par_1_86' title="bbox 2165 3904 3734 3983">
     <span class='ocr_line' id='line_1_86' title="bbox 2165 3904 3734 3983; baseline 0.005 -27"><span class='ocrx_word' id='word_1_605' title='bbox 2165 3904 2464 3972; x_wconf 78' lang='grc' dir='ltr'>ἐκκλησίας</span> <span class='ocrx_word' id='word_1_606' title='bbox 2513 3905 2833 3976; x_wconf 75' lang='grc' dir='ltr'>έσχολακόσι</span> <span class='ocrx_word' id='word_1_607' title='bbox 2885 3909 3155 3978; x_wconf 84' lang='grc' dir='ltr'>χαίροντι.</span> <span class='ocrx_word' id='word_1_608' title='bbox 3200 3911 3306 3964; x_wconf 77' lang='grc' dir='ltr'><strong>Καὶ</strong></span> <span class='ocrx_word' id='word_1_609' title='bbox 3355 3915 3425 3983; x_wconf 84' lang='grc' dir='ltr'>τῇ</span> <span class='ocrx_word' id='word_1_610' title='bbox 3484 3908 3734 3982; x_wconf 71' lang='grc' dir='ltr'><strong>ιτροφάσει</strong></span> 
     </span>
    </p>
   </div>
   <div class='ocr_carea' id='block_1_87' title="bbox 2164 3994 3737 4074">
    <p class='ocr_par' dir='ltr' id='par_1_87' title="bbox 2164 3994 3737 4074">
     <span class='ocr_line' id='line_1_87' title="bbox 2164 3994 3737 4074; baseline 0.004 -26"><span class='ocrx_word' id='word_1_611' title='bbox 2164 3994 2276 4048; x_wconf 84' lang='grc' dir='ltr'><strong>τῶν</strong></span> <span class='ocrx_word' id='word_1_612' title='bbox 2315 3995 2574 4049; x_wconf 78' lang='grc' dir='ltr'>τοιούτων</span> <span class='ocrx_word' id='word_1_613' title='bbox 2621 3996 2915 4062; x_wconf 79' lang='grc' dir='ltr'>διαλέξεων</span> <span class='ocrx_word' id='word_1_614' title='bbox 2954 3999 3114 4054; x_wconf 76' lang='grc' dir='ltr'>τοῦτο</span> <span class='ocrx_word' id='word_1_615' title='bbox 3145 4001 3202 4056; x_wconf 79' lang='grc' dir='ltr'>τὸ</span> <span class='ocrx_word' id='word_1_616' title='bbox 3263 3997 3405 4066; x_wconf 77' lang='grc' dir='ltr'>εἶδος</span> <span class='ocrx_word' id='word_1_617' title='bbox 3455 4005 3737 4074; x_wconf 73' lang='grc' dir='ltr'>ἀσκηθῆναι</span> 
     </span>
    </p>
   </div>
   <div class='ocr_carea' id='block_1_88' title="bbox 2163 4086 3737 4168">
    <p class='ocr_par' dir='ltr' id='par_1_88' title="bbox 2163 4086 3737 4168">
     <span class='ocr_line' id='line_1_88' title="bbox 2163 4086 3737 4168; baseline 0.004 -29"><span class='ocrx_word' id='word_1_618' title='bbox 2163 4086 2276 4139; x_wconf 84' lang='grc' dir='ltr'><strong>τῶν</strong></span> <span class='ocrx_word' id='word_1_619' title='bbox 2323 4087 2520 4155; x_wconf 75' lang='grc' dir='ltr'>λόγων,</span> <span class='ocrx_word' id='word_1_620' title='bbox 2575 4090 2663 4144; x_wconf 84' lang='grc' dir='ltr'>ἵνα</span> <span class='ocrx_word' id='word_1_621' title='bbox 2711 4090 2914 4159; x_wconf 84' lang='grc' dir='ltr'>μᾶλλον</span> <span class='ocrx_word' id='word_1_622' title='bbox 2955 4092 3162 4165; x_wconf 77' lang='grc' dir='ltr'>ἀρέσκῃ</span> <span class='ocrx_word' id='word_1_623' title='bbox 3188 4109 3202 4123; x_wconf 91' lang='grc'><strong>⁸</strong></span> <span class='ocrx_word' id='word_1_624' title='bbox 3259 4095 3486 4162; x_wconf 71' lang='grc' dir='ltr'>ἐλέγετο</span> <span class='ocrx_word' id='word_1_625' title='bbox 3526 4099 3626 4168; x_wconf 86' lang='grc' dir='ltr'><strong>γάρ</strong></span> <span class='ocrx_word' id='word_1_626' title='bbox 3657 4098 3737 4147; x_wconf 65' lang='grc' dir='ltr'>καὶ</span> 
     </span>
    </p>
   </div>
   <div class='ocr_carea' id='block_1_89' title="bbox 2162 4181 3736 4257">
    <p class='ocr_par' dir='ltr' id='par_1_89' title="bbox 2162 4181 3736 4257">
     <span class='ocr_line' id='line_1_89' title="bbox 2162 4181 3736 4257; baseline 0.005 -24"><span class='ocrx_word' id='word_1_627' title='bbox 2162 4181 2252 4234; x_wconf 82' lang='grc' dir='ltr'><strong>διά</strong></span> <span class='ocrx_word' id='word_1_628' title='bbox 2283 4183 2394 4234; x_wconf 86' lang='grc' dir='ltr'>τῶν</span> <span class='ocrx_word' id='word_1_629' title='bbox 2441 4183 2850 4251; x_wconf 77' lang='grc' dir='ltr'>Ἀριστοτέλους</span> <span class='ocrx_word' id='word_1_630' title='bbox 2893 4187 3238 4257; x_wconf 76' lang='grc' dir='ltr'>μαθημάτων</span> <span class='ocrx_word' id='word_1_631' title='bbox 3271 4189 3452 4242; x_wconf 76' lang='grc' dir='ltr'>ἐλθεῖν</span> <span class='ocrx_word' id='word_1_632' title='bbox 3474 4207 3488 4220; x_wconf 90' lang='grc'><strong>⁸</strong></span> <span class='ocrx_word' id='word_1_633' title='bbox 3526 4193 3615 4243; x_wconf 80' lang='grc' dir='ltr'>καὶ</span> <span class='ocrx_word' id='word_1_634' title='bbox 3636 4193 3736 4250; x_wconf 77' lang='grc' dir='ltr'>τοῖς</span> 
     </span>
    </p>
   </div>
   <div class='ocr_carea' id='block_1_90' title="bbox 2163 4274 3731 4352">
    <p class='ocr_par' dir='ltr' id='par_1_90' title="bbox 2163 4274 3731 4352">
     <span class='ocr_line' id='line_1_90' title="bbox 2163 4274 3731 4352; baseline 0.003 -27"><span class='ocrx_word' id='word_1_635' title='bbox 2163 4274 2340 4326; x_wconf 81' lang='grc' dir='ltr'>ταῦτα</span> <span class='ocrx_word' id='word_1_636' title='bbox 2387 4275 2706 4329; x_wconf 77' lang='grc' dir='ltr'>διδάσκουσι</span> <span class='ocrx_word' id='word_1_637' title='bbox 2800 4280 3056 4347; x_wconf 73' lang='grc' dir='ltr'>φοιτῆσαι</span> <span class='ocrx_word' id='word_1_638' title='bbox 3111 4281 3236 4333; x_wconf 82' lang='grc' dir='ltr'>κατ’</span> <span class='ocrx_word' id='word_1_639' title='bbox 3305 4280 3731 4352; x_wconf 77' lang='grc' dir='ltr'>Ἀλεξάνδρειαν⁸</span> 
     </span>
    </p>
   </div>
   <div class='ocr_carea' id='block_1_91' title="bbox 2164 4364 3734 4446">
    <p class='ocr_par' dir='ltr' id='par_1_91' title="bbox 2164 4364 3734 4446">
     <span class='ocr_line' id='line_1_91' title="bbox 2164 4364 3734 4446; baseline 0.005 -30"><span class='ocrx_word' id='word_1_640' title='bbox 2164 4364 2280 4416; x_wconf 81' lang='grc' dir='ltr'>ἀλλ’</span> <span class='ocrx_word' id='word_1_641' title='bbox 2305 4367 2381 4429; x_wconf 83' lang='grc' dir='ltr'><strong>είς</strong></span> <span class='ocrx_word' id='word_1_642' title='bbox 2412 4366 2614 4436; x_wconf 76' lang='grc' dir='ltr'>ἔχθραν</span> <span class='ocrx_word' id='word_1_643' title='bbox 2643 4369 2834 4441; x_wconf 81' lang='grc' dir='ltr'>Γάλλῳ</span> <span class='ocrx_word' id='word_1_644' title='bbox 2865 4372 3148 4436; x_wconf 73' lang='grc' dir='ltr'>καταστὰς</span> <span class='ocrx_word' id='word_1_645' title='bbox 3181 4373 3256 4434; x_wconf 78' lang='grc' dir='ltr'><strong>ὡς</strong></span> <span class='ocrx_word' id='word_1_646' title='bbox 3288 4375 3362 4446; x_wconf 82' lang='grc' dir='ltr'>μὴ</span> <span class='ocrx_word' id='word_1_647' title='bbox 3392 4377 3576 4439; x_wconf 83' lang='grc' dir='ltr'>καλῶς</span> <span class='ocrx_word' id='word_1_648' title='bbox 3600 4375 3734 4439; x_wconf 75' lang='grc' dir='ltr'>δοξά-</span> 
     </span>
    </p>
   </div>
   <div class='ocr_carea' id='block_1_92' title="bbox 482 4445 2063 4540">
    <p class='ocr_par' dir='ltr' id='par_1_92' title="bbox 482 4452 2059 4525">
     <span class='ocr_line' id='line_1_92' title="bbox 482 4452 2059 4525; baseline 0.002 -18"><span class='ocrx_word' id='word_1_649' title='bbox 482 4453 634 4508; x_wconf 91' lang='lat' dir='ltr'><strong>illum</strong></span> <span class='ocrx_word' id='word_1_650' title='bbox 672 4452 832 4507; x_wconf 83' lang='lat' dir='ltr'><strong>Aetio</strong></span> <span class='ocrx_word' id='word_1_651' title='bbox 878 4453 1223 4507; x_wconf 74' lang='lat' dir='ltr'><strong>Alexandria:</strong></span> <span class='ocrx_word' id='word_1_652' title='bbox 1262 4455 1446 4510; x_wconf 88' lang='lat' dir='ltr'><strong>adhuc</strong></span> <span class='ocrx_word' id='word_1_653' title='bbox 1489 4455 1732 4525; x_wconf 80' lang='lat' dir='ltr'><strong>degenti,</strong></span> <span class='ocrx_word' id='word_1_654' title='bbox 1781 4471 2059 4511; x_wconf 83' lang='lat' dir='ltr'><strong>commen-</strong></span> 
     </span>
    </p>
   </div>
   <div class='ocr_carea' id='block_1_93' title="bbox 2168 4445 3735 4540">
    <p class='ocr_par' dir='ltr' id='par_1_93' title="bbox 2168 4458 3735 4540">
     <span class='ocr_line' id='line_1_93' title="bbox 2168 4458 3735 4540; baseline 0.006 -30"><span class='ocrx_word' id='word_1_655' title='bbox 2168 4458 2294 4523; x_wconf 75' lang='grc' dir='ltr'>ζων,</span> <span class='ocrx_word' id='word_1_656' title='bbox 2359 4460 2611 4515; x_wconf 77' lang='grc' dir='ltr'>κελεύσει</span> <span class='ocrx_word' id='word_1_657' title='bbox 2666 4463 2881 4518; x_wconf 83' lang='grc' dir='ltr'>ἐκείνου</span> <span class='ocrx_word' id='word_1_658' title='bbox 2924 4468 3170 4540; x_wconf 83' lang='grc' dir='ltr'>κατεάγη</span> <span class='ocrx_word' id='word_1_659' title='bbox 3226 4470 3292 4522; x_wconf 78' lang='grc' dir='ltr'>ἂν</span> <span class='ocrx_word' id='word_1_660' title='bbox 3333 4471 3398 4523; x_wconf 77' lang='grc' dir='ltr'>ἐκ</span> <span class='ocrx_word' id='word_1_661' title='bbox 3443 4471 3589 4524; x_wconf 85' lang='grc' dir='ltr'>δυεῖν</span> <span class='ocrx_word' id='word_1_662' title='bbox 3634 4474 3735 4523; x_wconf 82' lang='grc' dir='ltr'>τοῖν</span> 
     </span>
    </p>
   </div>
   <div class='ocr_carea' id='block_1_94' title="bbox 483 4543 2062 4619">
    <p class='ocr_par' dir='ltr' id='par_1_94' title="bbox 483 4543 2062 4619">
     <span class='ocr_line' id='line_1_94' title="bbox 483 4543 2062 4619; baseline 0.003 -21"><span class='ocrx_word' id='word_1_663' title='bbox 483 4543 656 4599; x_wconf 83' lang='lat' dir='ltr'><strong>davit.</strong></span> <span class='ocrx_word' id='word_1_664' title='bbox 689 4547 866 4615; x_wconf 81' lang='lat' dir='ltr'><strong>Atque</strong></span> <span class='ocrx_word' id='word_1_665' title='bbox 901 4545 988 4600; x_wconf 92' lang='lat' dir='ltr'><strong>hic</strong></span> <span class='ocrx_word' id='word_1_666' title='bbox 1009 4546 1147 4602; x_wconf 89' lang='lat' dir='ltr'><strong>alter</strong></span> <span class='ocrx_word' id='word_1_667' title='bbox 1174 4547 1333 4602; x_wconf 88' lang='lat' dir='ltr'><strong>alteri</strong></span> <span class='ocrx_word' id='word_1_668' title='bbox 1365 4547 1688 4612; x_wconf 88' lang='lat' dir='ltr'><strong>obstrictus,</strong></span> <span class='ocrx_word' id='word_1_669' title='bbox 1721 4549 1809 4603; x_wconf 87' lang='lat' dir='ltr'><strong>ille</strong></span> <span class='ocrx_word' id='word_1_670' title='bbox 1840 4550 2062 4619; x_wconf 89' lang='lat' dir='ltr'><strong>quidem</strong></span> 
     </span>
    </p>
   </div>
   <div class='ocr_carea' id='block_1_95' title="bbox 483 4636 2064 4711">
    <p class='ocr_par' dir='ltr' id='par_1_95' title="bbox 483 4636 2064 4711">
     <span class='ocr_line' id='line_1_95' title="bbox 483 4636 2064 4711; baseline 0.003 -21"><span class='ocrx_word' id='word_1_671' title='bbox 483 4636 708 4702; x_wconf 89' lang='lat' dir='ltr'><strong>docens,</strong></span> <span class='ocrx_word' id='word_1_672' title='bbox 748 4637 838 4692; x_wconf 89' lang='lat' dir='ltr'><strong>hic</strong></span> <span class='ocrx_word' id='word_1_673' title='bbox 867 4649 1052 4692; x_wconf 91' lang='lat' dir='ltr'><strong>autem</strong></span> <span class='ocrx_word' id='word_1_674' title='bbox 1093 4638 1334 4704; x_wconf 88' lang='lat' dir='ltr'><strong>discens,</strong></span> <span class='ocrx_word' id='word_1_675' title='bbox 1378 4639 1433 4693; x_wconf 84' lang='lat' dir='ltr'><strong>in</strong></span> <span class='ocrx_word' id='word_1_676' title='bbox 1482 4640 1658 4694; x_wconf 87' lang='lat' dir='ltr'><strong>sacris</strong></span> <span class='ocrx_word' id='word_1_677' title='bbox 1700 4653 1929 4711; x_wconf 88' lang='lat' dir='ltr'><strong>uterque</strong></span> <span class='ocrx_word' id='word_1_678' title='bbox 1965 4642 2064 4696; x_wconf 86' lang='lat' dir='ltr'><strong>de-</strong></span> 
     </span>
    </p>
   </div>
   <div class='ocr_carea' id='block_1_96' title="bbox 480 4730 2063 4803">
    <p class='ocr_par' dir='ltr' id='par_1_96' title="bbox 480 4730 2063 4803">
     <span class='ocr_line' id='line_1_96' title="bbox 480 4730 2063 4803; baseline 0.003 -19"><span class='ocrx_word' id='word_1_679' title='bbox 480 4731 717 4785; x_wconf 80' lang='lat' dir='ltr'><strong>sudabat</strong></span> <span class='ocrx_word' id='word_1_680' title='bbox 767 4730 1058 4786; x_wconf 87' lang='lat' dir='ltr'><strong>doctrinis.</strong></span> <span class='ocrx_word' id='word_1_681' title='bbox 1117 4733 1308 4788; x_wconf 90' lang='lat' dir='ltr'><strong>Aetius</strong></span> <span class='ocrx_word' id='word_1_682' title='bbox 1363 4731 1519 4787; x_wconf 89' lang='lat' dir='ltr'><strong>Gallo</strong></span> <span class='ocrx_word' id='word_1_683' title='bbox 1577 4749 1798 4803; x_wconf 88' lang='lat' dir='ltr'><strong>quoque</strong></span> <span class='ocrx_word' id='word_1_684' title='bbox 1861 4735 2063 4789; x_wconf 76' lang='lat' dir='ltr'><strong>Czt&#39;Sari</strong></span> 
     </span>
    </p>
   </div>
   <div class='ocr_carea' id='block_1_97' title="bbox 482 4824 2062 4894">
    <p class='ocr_par' dir='ltr' id='par_1_97' title="bbox 482 4824 2062 4894">
     <span class='ocr_line' id='line_1_97' title="bbox 482 4824 2062 4894; baseline 0.003 -16"><span class='ocrx_word' id='word_1_685' title='bbox 482 4833 646 4878; x_wconf 89' lang='lat' dir='ltr'><strong>notus</strong></span> <span class='ocrx_word' id='word_1_686' title='bbox 676 4824 777 4877; x_wconf 81' lang='lat' dir='ltr'><strong>fuit</strong></span> <span class='ocrx_word' id='word_1_687' title='bbox 809 4841 822 4879; x_wconf 92' lang='lat'><strong>:</strong></span> <span class='ocrx_word' id='word_1_688' title='bbox 863 4825 953 4878; x_wconf 90' lang='lat' dir='ltr'><strong>cui</strong></span> <span class='ocrx_word' id='word_1_689' title='bbox 1003 4841 1126 4879; x_wconf 91' lang='lat' dir='ltr'><strong>cum</strong></span> <span class='ocrx_word' id='word_1_690' title='bbox 1163 4824 1354 4894; x_wconf 78' lang='lat' dir='ltr'><strong>religio</strong></span> <span class='ocrx_word' id='word_1_691' title='bbox 1387 4839 1715 4893; x_wconf 81' lang='lat' dir='ltr'><strong>magnopere</strong></span> <span class='ocrx_word' id='word_1_692' title='bbox 1745 4841 1912 4888; x_wconf 76' lang='lat' dir='ltr'><strong>cum,</strong></span> <span class='ocrx_word' id='word_1_693' title='bbox 1947 4838 2062 4883; x_wconf 91' lang='lat' dir='ltr'><strong>tum</strong></span> 
     </span>
    </p>
   </div>
   <div class='ocr_carea' id='block_1_98' title="bbox 481 4916 2065 4987">
    <p class='ocr_par' dir='ltr' id='par_1_98' title="bbox 481 4916 2065 4987">
     <span class='ocr_line' id='line_1_98' title="bbox 481 4916 2065 4987; baseline 0.004 -19"><span class='ocrx_word' id='word_1_694' title='bbox 481 4917 586 4971; x_wconf 86' lang='lat' dir='ltr'><strong>viri</strong></span> <span class='ocrx_word' id='word_1_695' title='bbox 620 4918 714 4987; x_wconf 87' lang='lat' dir='ltr'><strong>qui</strong></span> <span class='ocrx_word' id='word_1_696' title='bbox 757 4921 930 4971; x_wconf 90' lang='lat' dir='ltr'><strong>sacris</strong></span> <span class='ocrx_word' id='word_1_697' title='bbox 961 4916 1193 4971; x_wconf 88' lang='lat' dir='ltr'><strong>Litteris</strong></span> <span class='ocrx_word' id='word_1_698' title='bbox 1226 4927 1281 4970; x_wconf 91' lang='lat' dir='ltr'><strong>et</strong></span> <span class='ocrx_word' id='word_1_699' title='bbox 1312 4916 1562 4970; x_wconf 89' lang='lat' dir='ltr'><strong>ecclesiis</strong></span> <span class='ocrx_word' id='word_1_700' title='bbox 1595 4927 1878 4985; x_wconf 88' lang='lat' dir='ltr'><strong>navarent,</strong></span> <span class='ocrx_word' id='word_1_701' title='bbox 1911 4919 2065 4975; x_wconf 88' lang='lat' dir='ltr'><strong>chari</strong></span> 
     </span>
    </p>
   </div>
   <div class='ocr_carea' id='block_1_99' title="bbox 485 4991 2064 5078">
    <p class='ocr_par' dir='ltr' id='par_1_99' title="bbox 485 4991 2064 5078">
     <span class='ocr_line' id='line_1_99' title="bbox 485 4991 2064 5078; baseline 0.002 -18"><span class='ocrx_word' id='word_1_702' title='bbox 485 5010 660 5064; x_wconf 77' lang='lat' dir='ltr'><strong>fuere.</strong></span> <span class='ocrx_word' id='word_1_703' title='bbox 697 5006 1048 5078; x_wconf 87' lang='lat' dir='ltr'><strong>Quapropter</strong></span> <span class='ocrx_word' id='word_1_704' title='bbox 1085 5007 1273 5060; x_wconf 88' lang='lat' dir='ltr'><strong>talium</strong></span> <span class='ocrx_word' id='word_1_705' title='bbox 1306 5005 1761 5062; x_wconf 86' lang='lat' dir='ltr'><strong>dissertationum</strong></span> <span class='ocrx_word' id='word_1_706' title='bbox 1793 4991 1979 5074; x_wconf 81' lang='lat' dir='ltr'><strong>causa,</strong></span> <span class='ocrx_word' id='word_1_707' title='bbox 2010 5008 2064 5063; x_wconf 90' lang='lat' dir='ltr'><strong>in</strong></span> 
     </span>
    </p>
   </div>
   <div class='ocr_carea' id='block_1_100' title="bbox 485 5099 2067 5176">
    <p class='ocr_par' dir='ltr' id='par_1_100' title="bbox 485 5099 2067 5176">
     <span class='ocr_line' id='line_1_100' title="bbox 485 5099 2067 5176; baseline -0.002 -15"><span class='ocrx_word' id='word_1_708' title='bbox 485 5108 589 5161; x_wconf 88' lang='lat' dir='ltr'><strong>hoc</strong></span> <span class='ocrx_word' id='word_1_709' title='bbox 615 5119 834 5176; x_wconf 89' lang='lat' dir='ltr'><strong>quoque</strong></span> <span class='ocrx_word' id='word_1_710' title='bbox 869 5116 1076 5172; x_wconf 78' lang='lat' dir='ltr'><strong>genere</strong></span> <span class='ocrx_word' id='word_1_711' title='bbox 1125 5099 1590 5168; x_wconf 87' lang='lat' dir='ltr'><strong>disputationum,</strong></span> <span class='ocrx_word' id='word_1_712' title='bbox 1623 5110 1682 5154; x_wconf 94' lang='lat' dir='ltr'><strong>ut</strong></span> <span class='ocrx_word' id='word_1_713' title='bbox 1729 5101 1804 5155; x_wconf 87' lang='lat' dir='ltr'><strong>illi</strong></span> <span class='ocrx_word' id='word_1_714' title='bbox 1853 5105 2067 5172; x_wconf 75' lang='lat' dir='ltr'><strong>gratior</strong></span> 
     </span>
    </p>
   </div>
   <div class='ocr_carea' id='block_1_101' title="bbox 483 5191 2060 5264">
    <p class='ocr_par' dir='ltr' id='par_1_101' title="bbox 483 5191 2060 5264">
     <span class='ocr_line' id='line_1_101' title="bbox 483 5191 2060 5264; baseline -0.001 -10"><span class='ocrx_word' id='word_1_715' title='bbox 483 5207 666 5264; x_wconf 89' lang='lat' dir='ltr'><strong>esset,</strong></span> <span class='ocrx_word' id='word_1_716' title='bbox 714 5212 772 5251; x_wconf 89' lang='lat' dir='ltr'><strong>se</strong></span> <span class='ocrx_word' id='word_1_717' title='bbox 823 5194 1100 5249; x_wconf 76' lang='lat' dir='ltr'><strong>exercuit.</strong></span> <span class='ocrx_word' id='word_1_718' title='bbox 1159 5192 1349 5246; x_wconf 82' lang='lat' dir='ltr'><strong>Dictus</strong></span> <span class='ocrx_word' id='word_1_719' title='bbox 1385 5191 1531 5245; x_wconf 91' lang='lat' dir='ltr'><strong>enim</strong></span> <span class='ocrx_word' id='word_1_720' title='bbox 1585 5205 1662 5248; x_wconf 88' lang='lat' dir='ltr'><strong>est</strong></span> <span class='ocrx_word' id='word_1_721' title='bbox 1714 5194 2060 5252; x_wconf 85' lang='lat' dir='ltr'><strong>Aristotelica</strong></span> 
     </span>
    </p>
   </div>
   <div class='ocr_carea' id='block_1_102' title="bbox 480 5266 2079 5362">
    <p class='ocr_par' dir='ltr' id='par_1_102' title="bbox 480 5266 2079 5362">
     <span class='ocr_line' id='line_1_102' title="bbox 480 5266 2079 5362; baseline -0.003 -16"><span class='ocrx_word' id='word_1_722' title='bbox 480 5305 702 5362; x_wconf 83' lang='lat' dir='ltr'><strong>quoque</strong></span> <span class='ocrx_word' id='word_1_723' title='bbox 732 5303 900 5359; x_wconf 85' lang='lat' dir='ltr'><strong>opera</strong></span> <span class='ocrx_word' id='word_1_724' title='bbox 938 5284 1259 5356; x_wconf 67' lang='lat' dir='ltr'><strong>pet-legisse,</strong></span> <span class='ocrx_word' id='word_1_725' title='bbox 1293 5293 1348 5338; x_wconf 89' lang='lat' dir='ltr'><strong>et</strong></span> <span class='ocrx_word' id='word_1_726' title='bbox 1376 5284 1441 5337; x_wconf 88' lang='lat' dir='ltr'><strong>ad</strong></span> <span class='ocrx_word' id='word_1_727' title='bbox 1471 5299 1567 5338; x_wconf 91' lang='lat' dir='ltr'><strong>eos</strong></span> <span class='ocrx_word' id='word_1_728' title='bbox 1599 5285 1692 5354; x_wconf 86' lang='lat' dir='ltr'><strong>qui</strong></span> <span class='ocrx_word' id='word_1_729' title='bbox 1760 5286 1887 5340; x_wconf 71' lang='lat' dir='ltr'><strong>talia</strong></span> <span class='ocrx_word' id='word_1_730' title='bbox 1927 5266 2079 5354; x_wconf 59' lang='grc' dir='ltr'>’Λίοπ</span> 
     </span>
    </p>
   </div>
   <div class='ocr_carea' id='block_1_103' title="bbox 482 5377 2062 5449">
    <p class='ocr_par' dir='ltr' id='par_1_103' title="bbox 482 5377 2062 5449">
     <span class='ocr_line' id='line_1_103' title="bbox 482 5377 2062 5449; baseline 0 -13"><span class='ocrx_word' id='word_1_731' title='bbox 482 5381 730 5437; x_wconf 78' lang='lat' dir='ltr'><strong>xandriae</strong></span> <span class='ocrx_word' id='word_1_732' title='bbox 759 5379 1028 5434; x_wconf 90' lang='lat' dir='ltr'><strong>docerent</strong></span> <span class='ocrx_word' id='word_1_733' title='bbox 1063 5377 1467 5446; x_wconf 78' lang='lat' dir='ltr'><strong>frequentasse.</strong></span> <span class='ocrx_word' id='word_1_734' title='bbox 1505 5378 1780 5433; x_wconf 73' lang='lat' dir='ltr'><strong>Cat-terum</strong></span> <span class='ocrx_word' id='word_1_735' title='bbox 1826 5382 1971 5449; x_wconf 88' lang='lat' dir='ltr'><strong>quod</strong></span> <span class='ocrx_word' id='word_1_736' title='bbox 2007 5382 2062 5436; x_wconf 90' lang='lat' dir='ltr'><strong>in</strong></span> 
     </span>
    </p>
   </div>
   <div class='ocr_carea' id='block_1_104' title="bbox 479 5473 2058 5542">
    <p class='ocr_par' dir='ltr' id='par_1_104' title="bbox 479 5473 2058 5542">
     <span class='ocr_line' id='line_1_104' title="bbox 479 5473 2058 5542; baseline -0.001 -13"><span class='ocrx_word' id='word_1_737' title='bbox 479 5473 616 5530; x_wconf 87' lang='lat' dir='ltr'><strong>Galli</strong></span> <span class='ocrx_word' id='word_1_738' title='bbox 654 5473 840 5526; x_wconf 90' lang='lat' dir='ltr'><strong>odium</strong></span> <span class='ocrx_word' id='word_1_739' title='bbox 887 5481 1113 5540; x_wconf 89' lang='lat' dir='ltr'><strong>propter</strong></span> <span class='ocrx_word' id='word_1_740' title='bbox 1157 5485 1472 5540; x_wconf 80' lang='lat' dir='ltr'><strong>perversam</strong></span> <span class='ocrx_word' id='word_1_741' title='bbox 1526 5487 1680 5526; x_wconf 88' lang='lat' dir='ltr'><strong>suam</strong></span> <span class='ocrx_word' id='word_1_742' title='bbox 1739 5473 2058 5542; x_wconf 88' lang='lat' dir='ltr'><strong>opinionem</strong></span> 
     </span>
    </p>
   </div>
   <div class='ocr_carea' id='block_1_105' title="bbox 483 5560 2060 5633">
    <p class='ocr_par' dir='ltr' id='par_1_105' title="bbox 483 5560 2060 5633">
     <span class='ocr_line' id='line_1_105' title="bbox 483 5560 2060 5633; baseline 0.002 -17"><span class='ocrx_word' id='word_1_743' title='bbox 483 5563 772 5626; x_wconf 82' lang='lat' dir='ltr'><strong>inciderat,</strong></span> <span class='ocrx_word' id='word_1_744' title='bbox 797 5561 956 5631; x_wconf 84' lang='lat' dir='ltr'><strong>jussu</strong></span> <span class='ocrx_word' id='word_1_745' title='bbox 989 5560 1136 5614; x_wconf 89' lang='lat' dir='ltr'><strong>illius</strong></span> <span class='ocrx_word' id='word_1_746' title='bbox 1165 5569 1463 5631; x_wconf 85' lang='lat' dir='ltr'><strong>utrumque</strong></span> <span class='ocrx_word' id='word_1_747' title='bbox 1485 5563 1535 5616; x_wconf 88' lang='lat' dir='ltr'><strong>ei</strong></span> <span class='ocrx_word' id='word_1_748' title='bbox 1567 5577 1694 5617; x_wconf 90' lang='lat' dir='ltr'><strong>erus</strong></span> <span class='ocrx_word' id='word_1_749' title='bbox 1723 5563 2060 5633; x_wconf 84' lang='lat' dir='ltr'><strong>perfractum</strong></span> 
     </span>
    </p>
   </div>
   <div class='ocr_carea' id='block_1_106' title="bbox 481 5651 2120 5716">
    <p class='ocr_par' dir='ltr' id='par_1_106' title="bbox 481 5651 2120 5716">
     <span class='ocr_line' id='line_1_106' title="bbox 481 5651 2120 5716; baseline 0.002 -9"><span class='ocrx_word' id='word_1_750' title='bbox 481 5654 701 5716; x_wconf 79' lang='lat' dir='ltr'><strong>fuisset.</strong></span> <span class='ocrx_word' id='word_1_751' title='bbox 735 5652 840 5706; x_wconf 91' lang='lat' dir='ltr'><strong>nisi</strong></span> <span class='ocrx_word' id='word_1_752' title='bbox 890 5651 1160 5707; x_wconf 90' lang='lat' dir='ltr'><strong>Leontius</strong></span> <span class='ocrx_word' id='word_1_753' title='bbox 1193 5652 1572 5709; x_wconf 85' lang='lat' dir='ltr'><strong>Antiochenus</strong></span> <span class='ocrx_word' id='word_1_754' title='bbox 1595 5653 1940 5710; x_wconf 86' lang='lat' dir='ltr'><strong>dissuasione</strong></span> <span class='ocrx_word' id='word_1_755' title='bbox 1966 5671 2064 5710; x_wconf 89' lang='lat' dir='ltr'><strong>sua</strong></span> <span class='ocrx_word' id='word_1_756' title='bbox 2118 5657 2120 5659; x_wconf 73' lang='grc'><em>’</em></span> 
     </span>
    </p>
   </div>
   <div class='ocr_carea' id='block_1_107' title="bbox 477 5745 2063 5806">
    <p class='ocr_par' dir='ltr' id='par_1_107' title="bbox 477 5745 2063 5806">
     <span class='ocr_line' id='line_1_107' title="bbox 477 5745 2063 5806; baseline -0.002 -1"><span class='ocrx_word' id='word_1_757' title='bbox 477 5746 958 5806; x_wconf 80' lang='lat' dir='ltr'><strong>condemnationis</strong></span> <span class='ocrx_word' id='word_1_758' title='bbox 997 5745 1270 5803; x_wconf 85' lang='lat' dir='ltr'><strong>calculum</strong></span> <span class='ocrx_word' id='word_1_759' title='bbox 1301 5747 1619 5804; x_wconf 80' lang='lat' dir='ltr'><strong>amovisset.</strong></span> <span class='ocrx_word' id='word_1_760' title='bbox 1658 5747 1858 5806; x_wconf 79' lang='lat' dir='ltr'><strong>Verum</strong></span> <span class='ocrx_word' id='word_1_761' title='bbox 1887 5753 2063 5804; x_wconf 88' lang='lat' dir='ltr'><strong>cnim-</strong></span> 
     </span>
    </p>
   </div>
   <div class='ocr_carea' id='block_1_108' title="bbox 2171 4550 3736 4631">
    <p class='ocr_par' dir='ltr' id='par_1_108' title="bbox 2171 4550 3736 4631">
     <span class='ocr_line' id='line_1_108' title="bbox 2171 4550 3736 4631; baseline 0.004 -30"><span class='ocrx_word' id='word_1_762' title='bbox 2171 4550 2406 4613; x_wconf 86' lang='grc' dir='ltr'>σκελοῖν.</span> <span class='ocrx_word' id='word_1_763' title='bbox 2449 4553 2497 4605; x_wconf 88' lang='grc' dir='ltr'><strong>εί</strong></span> <span class='ocrx_word' id='word_1_764' title='bbox 2537 4555 2612 4624; x_wconf 84' lang='grc' dir='ltr'>μὴ</span> <span class='ocrx_word' id='word_1_765' title='bbox 2648 4555 2674 4607; x_wconf 82' lang='grc' dir='ltr'><em>ὁ</em></span> <span class='ocrx_word' id='word_1_766' title='bbox 2703 4555 2803 4624; x_wconf 86' lang='grc' dir='ltr'>τῆς</span> <span class='ocrx_word' id='word_1_767' title='bbox 2842 4555 3176 4626; x_wconf 76' lang='grc' dir='ltr'>Ἀντιοχείας</span> <span class='ocrx_word' id='word_1_768' title='bbox 3201 4559 3459 4622; x_wconf 85' lang='grc' dir='ltr'>Λεόντιος</span> <span class='ocrx_word' id='word_1_769' title='bbox 3498 4562 3736 4631; x_wconf 79' lang='grc' dir='ltr'>μεταπεί-</span> 
     </span>
    </p>
   </div>
   <div class='ocr_carea' id='block_1_109' title="bbox 2169 4642 3734 4720">
    <p class='ocr_par' dir='ltr' id='par_1_109' title="bbox 2169 4642 3734 4720">
     <span class='ocr_line' id='line_1_109' title="bbox 2169 4642 3734 4720; baseline 0.006 -28"><span class='ocrx_word' id='word_1_770' title='bbox 2169 4657 2293 4705; x_wconf 82' lang='grc' dir='ltr'>σας,</span> <span class='ocrx_word' id='word_1_771' title='bbox 2313 4642 2412 4713; x_wconf 75' lang='grc' dir='ltr'><strong>τὴν</strong></span> <span class='ocrx_word' id='word_1_772' title='bbox 2435 4646 2909 4711; x_wconf 80' lang='grc' dir='ltr'>καταδικάζουσαν</span> <span class='ocrx_word' id='word_1_773' title='bbox 2940 4650 3122 4702; x_wconf 77' lang='grc' dir='ltr'>ἀνεῖλε</span> <span class='ocrx_word' id='word_1_774' title='bbox 3145 4650 3350 4720; x_wconf 77' lang='grc' dir='ltr'>ψῆφον,</span> <span class='ocrx_word' id='word_1_775' title='bbox 3383 4655 3500 4708; x_wconf 72' lang='grc' dir='ltr'><strong>Καὶ</strong></span> <span class='ocrx_word' id='word_1_776' title='bbox 3526 4657 3600 4715; x_wconf 73' lang='grc' dir='ltr'>εἰς</span> <span class='ocrx_word' id='word_1_777' title='bbox 3622 4654 3734 4705; x_wconf 83' lang='grc' dir='ltr'>Θέαν</span> 
     </span>
    </p>
   </div>
   <div class='ocr_carea' id='block_1_110' title="bbox 2167 4733 3730 4812">
    <p class='ocr_par' dir='ltr' id='par_1_110' title="bbox 2167 4733 3730 4812">
     <span class='ocr_line' id='line_1_110' title="bbox 2167 4733 3730 4812; baseline 0.008 -28"><span class='ocrx_word' id='word_1_778' title='bbox 2167 4733 2244 4804; x_wconf 84' lang='grc' dir='ltr'><strong>τῷ</strong></span> <span class='ocrx_word' id='word_1_779' title='bbox 2277 4734 2464 4805; x_wconf 77' lang='grc' dir='ltr'>Γάλλῳ</span> <span class='ocrx_word' id='word_1_780' title='bbox 2498 4737 2814 4806; x_wconf 83' lang='grc' dir='ltr'>γενόμενος,</span> <span class='ocrx_word' id='word_1_781' title='bbox 2848 4739 3002 4808; x_wconf 81' lang='grc' dir='ltr'>φίλος</span> <span class='ocrx_word' id='word_1_782' title='bbox 3037 4743 3096 4796; x_wconf 79' lang='grc' dir='ltr'>ἐν</span> <span class='ocrx_word' id='word_1_783' title='bbox 3127 4746 3240 4807; x_wconf 88' lang='grc' dir='ltr'>τοῖς</span> <span class='ocrx_word' id='word_1_784' title='bbox 3274 4746 3514 4812; x_wconf 87' lang='grc' dir='ltr'>μάλιστα</span> <span class='ocrx_word' id='word_1_785' title='bbox 3559 4745 3730 4812; x_wconf 77' lang='grc' dir='ltr'>ἐγεγό-</span> 
     </span>
    </p>
   </div>
   <div class='ocr_carea' id='block_1_111' title="bbox 2167 4830 3728 4908">
    <p class='ocr_par' dir='ltr' id='par_1_111' title="bbox 2167 4830 3728 4908">
     <span class='ocr_line' id='line_1_111' title="bbox 2167 4830 3728 4908; baseline 0.008 -30"><span class='ocrx_word' id='word_1_786' title='bbox 2167 4843 2266 4889; x_wconf 90' lang='grc' dir='ltr'>νει,</span> <span class='ocrx_word' id='word_1_787' title='bbox 2318 4830 2586 4900; x_wconf 72' lang='grc' dir='ltr'>καὶπρὸς</span> <span class='ocrx_word' id='word_1_788' title='bbox 2634 4831 2925 4888; x_wconf 80' lang='grc' dir='ltr'>Ἱουλιανδν</span> <span class='ocrx_word' id='word_1_789' title='bbox 2979 4835 3184 4907; x_wconf 75' lang='grc' dir='ltr'>ἐστάλη</span> <span class='ocrx_word' id='word_1_790' title='bbox 3259 4838 3546 4906; x_wconf 82' lang='grc' dir='ltr'>πολλάκις,</span> <span class='ocrx_word' id='word_1_791' title='bbox 3586 4840 3728 4908; x_wconf 65' lang='grc' dir='ltr'>ἡνίκα</span> 
     </span>
    </p>
   </div>
   <div class='ocr_carea' id='block_1_112' title="bbox 2170 4919 3727 5002">
    <p class='ocr_par' dir='ltr' id='par_1_112' title="bbox 2170 4919 3727 5002">
     <span class='ocr_line' id='line_1_112' title="bbox 2170 4919 3727 5002; baseline 0.006 -30"><span class='ocrx_word' id='word_1_792' title='bbox 2170 4920 2306 4988; x_wconf 77' lang='grc' dir='ltr'>πρὸς</span> <span class='ocrx_word' id='word_1_793' title='bbox 2323 4919 2681 4994; x_wconf 83' lang='grc' dir='ltr'>Ἐλληνισμδν</span> <span class='ocrx_word' id='word_1_794' title='bbox 2697 4927 3011 4980; x_wconf 79' lang='grc' dir='ltr'>ἀποκλίνειν</span> <span class='ocrx_word' id='word_1_795' title='bbox 3033 4931 3241 4984; x_wconf 75' lang='grc' dir='ltr'>ἐκεῖνον</span> <span class='ocrx_word' id='word_1_796' title='bbox 3259 4933 3584 5002; x_wconf 77' lang='grc' dir='ltr'>ἐμάνθανεν,</span> <span class='ocrx_word' id='word_1_797' title='bbox 3605 4933 3727 4984; x_wconf 77' lang='grc' dir='ltr'>ὥστε</span> 
     </span>
    </p>
   </div>
   <div class='ocr_carea' id='block_1_113' title="bbox 2167 5014 3726 5096">
    <p class='ocr_par' dir='ltr' id='par_1_113' title="bbox 2167 5014 3726 5096">
     <span class='ocr_line' id='line_1_113' title="bbox 2167 5014 3726 5096; baseline 0.006 -31"><span class='ocrx_word' id='word_1_798' title='bbox 2167 5014 2263 5066; x_wconf 81' lang='grc' dir='ltr'>τοῦ</span> <span class='ocrx_word' id='word_1_799' title='bbox 2314 5015 2414 5084; x_wconf 76' lang='grc' dir='ltr'>τῆς</span> <span class='ocrx_word' id='word_1_800' title='bbox 2467 5016 2722 5081; x_wconf 80' lang='grc' dir='ltr'>ἀσεσείας</span> <span class='ocrx_word' id='word_1_801' title='bbox 2757 5021 3052 5076; x_wconf 82' lang='grc' dir='ltr'>ἁνελκῦσαι</span> <span class='ocrx_word' id='word_1_802' title='bbox 3086 5023 3387 5096; x_wconf 79' lang='grc' dir='ltr'>βαράθρου.</span> <span class='ocrx_word' id='word_1_803' title='bbox 3434 5029 3510 5081; x_wconf 86' lang='grc' dir='ltr'><strong>Οὐ</strong></span> <span class='ocrx_word' id='word_1_804' title='bbox 3552 5029 3652 5096; x_wconf 78' lang='grc' dir='ltr'>μὴν</span> <span class='ocrx_word' id='word_1_805' title='bbox 3681 5026 3726 5076; x_wconf 71' lang='grc' dir='ltr'>δὲ</span> 
     </span>
    </p>
   </div>
   <div class='ocr_carea' id='block_1_114' title="bbox 2167 5103 3726 5184">
    <p class='ocr_par' dir='ltr' id='par_1_114' title="bbox 2167 5103 3726 5184">
     <span class='ocr_line' id='line_1_114' title="bbox 2167 5103 3726 5184; baseline 0.007 -26"><span class='ocrx_word' id='word_1_806' title='bbox 2167 5105 2304 5158; x_wconf 79' lang='grc' dir='ltr'>ἀλλὰ</span> <span class='ocrx_word' id='word_1_807' title='bbox 2335 5108 2430 5159; x_wconf 77' lang='grc' dir='ltr'>καὶ</span> <span class='ocrx_word' id='word_1_808' title='bbox 2459 5108 2568 5161; x_wconf 85' lang='grc' dir='ltr'><strong>τῶν</strong></span> <span class='ocrx_word' id='word_1_809' title='bbox 2609 5103 2770 5163; x_wconf 84' lang='grc' dir='ltr'>θείων</span> <span class='ocrx_word' id='word_1_810' title='bbox 2815 5112 3156 5184; x_wconf 85' lang='grc' dir='ltr'>μαθημάτων</span> <span class='ocrx_word' id='word_1_811' title='bbox 3200 5121 3228 5170; x_wconf 83' lang='grc' dir='ltr'>ὁ</span> <span class='ocrx_word' id='word_1_812' title='bbox 3261 5119 3456 5182; x_wconf 75' lang='grc' dir='ltr'>Γάλλος</span> <span class='ocrx_word' id='word_1_813' title='bbox 3491 5121 3726 5173; x_wconf 71' lang='grc' dir='ltr'>διδάσκα-</span> 
     </span>
    </p>
   </div>
   <div class='ocr_carea' id='block_1_115' title="bbox 2165 5194 3729 5278">
    <p class='ocr_par' dir='ltr' id='par_1_115' title="bbox 2165 5194 3729 5278">
     <span class='ocr_line' id='line_1_115' title="bbox 2165 5194 3729 5278; baseline 0.008 -31"><span class='ocrx_word' id='word_1_814' title='bbox 2165 5194 2255 5248; x_wconf 89' lang='grc' dir='ltr'><strong>λον</strong></span> <span class='ocrx_word' id='word_1_815' title='bbox 2293 5197 2386 5250; x_wconf 81' lang='grc' dir='ltr'>τὸν</span> <span class='ocrx_word' id='word_1_816' title='bbox 2420 5196 2626 5252; x_wconf 74' lang='grc' dir='ltr'>Ἀέτιον</span> <span class='ocrx_word' id='word_1_817' title='bbox 2665 5203 2922 5260; x_wconf 80' lang='grc' dir='ltr'>ἐποιεῖτο.</span> <span class='ocrx_word' id='word_1_818' title='bbox 2959 5206 3093 5276; x_wconf 75' lang='grc' dir='ltr'>Περὶ</span> <span class='ocrx_word' id='word_1_819' title='bbox 3129 5209 3232 5278; x_wconf 76' lang='grc' dir='ltr'>μὲν</span> <span class='ocrx_word' id='word_1_820' title='bbox 3287 5205 3383 5263; x_wconf 80' lang='grc' dir='ltr'>οὖν</span> <span class='ocrx_word' id='word_1_821' title='bbox 3410 5209 3613 5264; x_wconf 78' lang='grc' dir='ltr'>Ἀετίου</span> <span class='ocrx_word' id='word_1_822' title='bbox 3651 5227 3729 5260; x_wconf 76' lang='grc' dir='ltr'>το-</span> 
     </span>
    </p>
   </div>
   <div class='ocr_carea' id='block_1_116' title="bbox 2169 5289 3727 5373">
    <p class='ocr_par' dir='ltr' id='par_1_116' title="bbox 2169 5289 3727 5373">
     <span class='ocr_line' id='line_1_116' title="bbox 2169 5289 3727 5373; baseline 0.004 -31"><span class='ocrx_word' id='word_1_823' title='bbox 2169 5289 2344 5344; x_wconf 83' lang='grc' dir='ltr'>σαῦτα</span> <span class='ocrx_word' id='word_1_824' title='bbox 2369 5306 2384 5322; x_wconf 91' lang='grc'><strong>⁸</strong></span> <span class='ocrx_word' id='word_1_825' title='bbox 2424 5292 2575 5356; x_wconf 83' lang='grc' dir='ltr'>ὅπως</span> <span class='ocrx_word' id='word_1_826' title='bbox 2633 5295 2818 5363; x_wconf 87' lang='grc' dir='ltr'>μέντοι</span> <span class='ocrx_word' id='word_1_827' title='bbox 2857 5297 3165 5368; x_wconf 77' lang='grc' dir='ltr'>ἱερωσύνης</span> <span class='ocrx_word' id='word_1_828' title='bbox 3213 5302 3410 5372; x_wconf 75' lang='grc' dir='ltr'>τυχὼν,</span> <span class='ocrx_word' id='word_1_829' title='bbox 3459 5306 3518 5355; x_wconf 79' lang='grc' dir='ltr'><strong>ού</strong></span> <span class='ocrx_word' id='word_1_830' title='bbox 3553 5303 3727 5373; x_wconf 65' lang='grc' dir='ltr'>μικρὸν</span> 
     </span>
    </p>
   </div>
   <div class='ocr_carea' id='block_1_117' title="bbox 2172 5383 3726 5461">
    <p class='ocr_par' dir='ltr' id='par_1_117' title="bbox 2172 5383 3726 5461">
     <span class='ocr_line' id='line_1_117' title="bbox 2172 5383 3726 5461; baseline 0.005 -26"><span class='ocrx_word' id='word_1_831' title='bbox 2172 5383 2336 5453; x_wconf 86' lang='grc' dir='ltr'>μέρος</span> <span class='ocrx_word' id='word_1_832' title='bbox 2372 5385 2483 5446; x_wconf 87' lang='grc' dir='ltr'>τοῖς</span> <span class='ocrx_word' id='word_1_833' title='bbox 2526 5385 2806 5456; x_wconf 81' lang='grc' dir='ltr'>ἀνομοίοις</span> <span class='ocrx_word' id='word_1_834' title='bbox 2837 5391 2932 5441; x_wconf 81' lang='grc' dir='ltr'>καὶ</span> <span class='ocrx_word' id='word_1_835' title='bbox 2963 5390 3327 5460; x_wconf 82' lang='grc' dir='ltr'>ὲτεροουσίοις</span> <span class='ocrx_word' id='word_1_836' title='bbox 3365 5396 3578 5461; x_wconf 76' lang='grc' dir='ltr'>ἐγένετο</span> <span class='ocrx_word' id='word_1_837' title='bbox 3601 5408 3615 5423; x_wconf 91' lang='grc'><strong>⁸</strong></span> <span class='ocrx_word' id='word_1_838' title='bbox 3647 5392 3726 5444; x_wconf 73' lang='grc' dir='ltr'>καὶ</span> 
     </span>
    </p>
   </div>
   <div class='ocr_carea' id='block_1_118' title="bbox 2165 5475 3724 5557">
    <p class='ocr_par' dir='ltr' id='par_1_118' title="bbox 2165 5475 3724 5557">
     <span class='ocr_line' id='line_1_118' title="bbox 2165 5475 3724 5557; baseline 0.006 -30"><span class='ocrx_word' id='word_1_839' title='bbox 2165 5475 2241 5538; x_wconf 84' lang='grc' dir='ltr'><strong>ὡς</strong></span> <span class='ocrx_word' id='word_1_840' title='bbox 2282 5477 2588 5548; x_wconf 78' lang='grc' dir='ltr'>καθῃρέθη,</span> <span class='ocrx_word' id='word_1_841' title='bbox 2619 5485 2715 5534; x_wconf 77' lang='grc' dir='ltr'>καὶ</span> <span class='ocrx_word' id='word_1_842' title='bbox 2741 5481 2820 5544; x_wconf 89' lang='grc' dir='ltr'><strong>είς</strong></span> <span class='ocrx_word' id='word_1_843' title='bbox 2852 5481 3068 5554; x_wconf 80' lang='grc' dir='ltr'>ὲξορίαν</span> <span class='ocrx_word' id='word_1_844' title='bbox 3096 5487 3347 5557; x_wconf 81' lang='grc' dir='ltr'>ἀπήχθη,</span> <span class='ocrx_word' id='word_1_845' title='bbox 3401 5489 3648 5556; x_wconf 74' lang='grc' dir='ltr'>Εὑνόμιος</span> <span class='ocrx_word' id='word_1_846' title='bbox 3678 5485 3724 5536; x_wconf 80' lang='grc' dir='ltr'>δὲ</span> 
     </span>
    </p>
   </div>
   <div class='ocr_carea' id='block_1_119' title="bbox 2166 5565 3726 5649">
    <p class='ocr_par' dir='ltr' id='par_1_119' title="bbox 2166 5565 3726 5649">
     <span class='ocr_line' id='line_1_119' title="bbox 2166 5565 3726 5649; baseline 0.007 -31"><span class='ocrx_word' id='word_1_847' title='bbox 2166 5565 2280 5618; x_wconf 80' lang='grc' dir='ltr'>ἀντ’</span> <span class='ocrx_word' id='word_1_848' title='bbox 2307 5567 2520 5619; x_wconf 82' lang='grc' dir='ltr'>ἐκείνου</span> <span class='ocrx_word' id='word_1_849' title='bbox 2548 5569 2728 5640; x_wconf 84' lang='grc' dir='ltr'>πολλῷ</span> <span class='ocrx_word' id='word_1_850' title='bbox 2755 5571 2953 5642; x_wconf 87' lang='grc' dir='ltr'>χείρων</span> <span class='ocrx_word' id='word_1_851' title='bbox 2980 5577 3240 5648; x_wconf 84' lang='grc' dir='ltr'>κατέστη,</span> <span class='ocrx_word' id='word_1_852' title='bbox 3269 5580 3368 5649; x_wconf 74' lang='grc' dir='ltr'>τὴν</span> <span class='ocrx_word' id='word_1_853' title='bbox 3394 5579 3556 5633; x_wconf 80' lang='grc' dir='ltr'>αὐτοῦ</span> <span class='ocrx_word' id='word_1_854' title='bbox 3587 5593 3726 5628; x_wconf 77' lang='grc' dir='ltr'>συκο-</span> 
     </span>
    </p>
   </div>
   <div class='ocr_carea' id='block_1_120' title="bbox 2167 5659 3723 5742">
    <p class='ocr_par' dir='ltr' id='par_1_120' title="bbox 2167 5659 3723 5742">
     <span class='ocr_line' id='line_1_120' title="bbox 2167 5659 3723 5742; baseline 0.012 -34"><span class='ocrx_word' id='word_1_855' title='bbox 2167 5659 2384 5722; x_wconf 78' lang='grc' dir='ltr'>φαντῶν</span> <span class='ocrx_word' id='word_1_856' title='bbox 2416 5660 2654 5730; x_wconf 83' lang='grc' dir='ltr'>φατρίαν</span> <span class='ocrx_word' id='word_1_857' title='bbox 2695 5663 2791 5716; x_wconf 76' lang='grc' dir='ltr'>καὶ</span> <span class='ocrx_word' id='word_1_858' title='bbox 2828 5666 2958 5734; x_wconf 80' lang='grc' dir='ltr'>περὶ</span> <span class='ocrx_word' id='word_1_859' title='bbox 2991 5668 3159 5723; x_wconf 82' lang='grc' dir='ltr'>αὐτοῦ</span> <span class='ocrx_word' id='word_1_860' title='bbox 3213 5671 3499 5742; x_wconf 73' lang='grc' dir='ltr'>Εὐνομίου,</span> <span class='ocrx_word' id='word_1_861' title='bbox 3545 5669 3723 5739; x_wconf 72' lang='grc' dir='ltr'>μικρὺν</span> 
     </span>
    </p>
   </div>
   <div class='ocr_carea' id='block_1_121' title="bbox 2165 5749 3718 5826">
    <p class='ocr_par' dir='ltr' id='par_1_121' title="bbox 2165 5749 3718 5826">
     <span class='ocr_line' id='line_1_121' title="bbox 2165 5749 3718 5826; baseline -0.005 -6"><span class='ocrx_word' id='word_1_862' title='bbox 2165 5749 2394 5823; x_wconf 73' lang='grc' dir='ltr'>ὕπερον</span> <span class='ocrx_word' id='word_1_863' title='bbox 2440 5749 2598 5820; x_wconf 57' lang='grc' dir='ltr'>δδξω.</span> <span class='ocrx_word' id='word_1_864' title='bbox 2635 5756 2954 5826; x_wconf 68' lang='grc' dir='ltr'>’τηνικαῦτα</span> <span class='ocrx_word' id='word_1_865' title='bbox 3004 5761 3058 5815; x_wconf 71' lang='grc' dir='ltr'>δὲ</span> <span class='ocrx_word' id='word_1_866' title='bbox 3092 5764 3185 5818; x_wconf 68' lang='grc' dir='ltr'><strong>καὶ</strong></span> <span class='ocrx_word' id='word_1_867' title='bbox 3215 5767 3352 5820; x_wconf 78' lang='grc' dir='ltr'>κατά</span> <span class='ocrx_word' id='word_1_868' title='bbox 3388 5769 3481 5822; x_wconf 60' lang='lat' dir='ltr'><strong>tis.-</strong></span> <span class='ocrx_word' id='word_1_869' title='bbox 3513 5763 3603 5821; x_wconf 68' lang='grc' dir='ltr'>τῆς</span> <span class='ocrx_word' id='word_1_870' title='bbox 3631 5760 3718 5813; x_wconf 63' lang='grc' dir='ltr'><strong>Συ-</strong></span> 
     </span>
    </p>
   </div>
  </div>
