3928 6572
233 302 338 368 293

1187 304 1796 366 ECCLESIASTIC/E
1836 307 2234 369 ΗΙδΤΟΡιΙιΕ
2270 310 2418 372 LIB.
2464 312 2570 371 IX.

3395 308 3508 375 εθι

238 429 356 499 ρῐας
399 423 724 480 Λαοδίκειαν
754 422 846 478 δύο
876 421 1070 493 ἄνδρες
1104 417 1246 491 ἦσαν
1283 423 1648 494 ἀκμάζοντες,
1674 423 1822 495 δμώ-

1941 439 2058 479 tero
2104 425 2293 481 Gallus
2346 426 2402 480 in
2455 435 2815 495 conspectum
2874 441 3034 483 suum
3081 441 3208 484 eum
3265 424 3505 498 primum

234 534 390 583 νυμοι
437 517 625 585 ἄμφω,
681 513 884 581 πατὴρ,
939 515 1032 565 καὶ
1067 512 1220 575 υῑός·
1271 513 1685 585 Ἀπολλινάριος
1707 515 1816 584 γὰρ

233 612 488 680 ἑκάτερος
518 608 787 661 ἐκαλεῖτο.
823 604 1206 677 Πρεσϐύτερος
1235 603 1284 658 δ’
1311 600 1380 676 ἦν
1409 605 1439 658 ὁ
1469 609 1687 679 πατήρ·
1717 608 1817 661 ὁδὶ

235 705 358 764 παῖς
387 701 488 770 τὴν
514 699 609 754 τοῦ
641 699 992 767 ἀναγνώστου
1024 698 1176 764 τάξιν
1203 699 1466 770 ἐπλήρου.
1484 700 1815 770 Ἑλληνικῶν

235 796 285 849 δὲ
316 795 412 848 καὶ
445 795 614 862 ἄμφω
645 792 1032 862 παιδευμάτων
1061 787 1205 864 ἦσαν
1233 792 1549 848 διδάσκαλοι
1577 809 1590 824 ο
1622 809 1814 863 γραμ-

241 886 486 958 ματικῶν
515 885 612 956 μὲν
634 886 663 938 ὀ
684 886 890 956 πατὴρ,
917 885 1210 956 ῥητορείας
1240 885 1285 940 δ’
1316 885 1572 955 ἐξηγεῖτο
1609 888 1638 940 ὀ
1660 887 1812 949 παῖς.

246 980 303 1032 'U
330 979 388 1032 δὲ
418 978 604 1048 γέρων
660 977 1074 1046 ’Δλεξανδτιείας
1107 977 1354 1046 ὡρμᾶτο.
1383 977 1658 1048 Σχολάσας
1682 978 1729 1032 δ’
1757 981 1814 1032 ὲν

238 1069 483 1140 Βηρυτῷ,
520 1070 600 1134 εἰς
634 1070 960 1124 Λαοδίκειαν
984 1071 1192 1140 γήμας,
1232 1071 1396 1142 γεννᾷ
1422 1070 1516 1122 τὸν
1564 1070 1816 1124 Ἀπολλι-

242 1163 446 1232 νάριον.
508 1160 815 1232 Ἐπιφανίῳ
845 1162 904 1217 δὲ
943 1163 1020 1232 τῷ
1061 1164 1290 1233 σοφιστῇ
1344 1161 1817 1229 συνακμάζοντες,

240 1255 600 1326 συνεκρότουν
631 1256 796 1309 αὑτὸν
829 1258 922 1309 an
956 1255 1169 1325 γνήσιοι
1200 1255 1368 1321 φίλοι.
1405 1254 1660 1314 Θεόδοτος
1689 1255 1818 1324 μέν-

235 1368 317 1405 τοι
348 1351 378 1402 ὁ
414 1349 670 1420 τηνικάδε
706 1351 806 1422 τὴν
832 1348 1143 1404 Λαοδικέων
1186 1348 1403 1414 ἰθύνων,
1432 1348 1616 1410 δείσας
1645 1347 1721 1420 μὴ
1748 1342 1817 1420 τῇ

239 1446 456 1514 συνεχεῖ
491 1443 678 1514 ὁμιλίᾳ
734 1441 872 1514 πρὸς
908 1440 1002 1496 τὸν
1047 1440 1402 1510 Ἐλληνισμὸν
1451 1441 1814 1503 ἀποκλίνωσι,

236 1537 428 1608 φοιτᾷν
457 1534 590 1603 παρ’
612 1534 761 1605 αὑτῷ
789 1532 1107 1589 διεκώλυεν.
1147 1533 1338 1603 Ἀλλ”ή
1374 1533 1694 1600 Ἐπιφανίου
1725 1549 1817 1601 φι-

234 1630 322 1683 λία
383 1628 829 1697 ὲπικρατεστέρα
875 1622 966 1697 ἦν.
995 1625 1189 1679 Ἔνθεν
1220 1643 1303 1678 τοι
1349 1628 1446 1680 καὶ
1491 1628 1519 1678 ὁ
1563 1625 1818 1678 Θεοδότου

235 1721 483 1791 διάδοχος
524 1718 800 1792 Γεὼργιος
833 1719 1004 1773 πολλὰ
1038 1719 1226 1773 παθὼν
1270 1718 1562 1788 διαστῆσαι
1598 1718 1824 1801 αὐτοὺς⁹

1924 517 2253 583 admissum,
2291 518 2523 573 charum
2577 520 2813 575 maxime
2845 521 3042 575 habuit
3081 537 3098 577 :
3133 531 3188 576 et
3235 522 3301 576 ad
3340 523 3510 579 Iulia-

1928 625 2057 664 num
2107 612 2303 665 crebro
2358 611 2530 674 misit,
2568 625 2696 666 cum
2739 613 2891 666 illum
2933 614 2997 666 ad
3046 613 3406 668 Graecismum
3451 622 3510 669 et

1930 703 2201 757 idolorum
2235 705 2444 758 cultum
2495 703 2730 758 deficere
2778 705 3157 764 intellexisset.
3208 717 3264 759 ut
3299 708 3510 762 scilicet

1932 795 2212 849 hominem
2247 812 2310 849 ex
2351 795 2652 866 impietatis
2693 795 2952 850 barathro
2995 801 3328 852 extraheret.
3365 799 3508 864 Quin

1927 896 1983 942 et
2038 887 2354 942 divinarum
2393 889 2724 943 Litterarum
2783 887 3064 942 doctorem
3118 889 3270 943 illum
3321 890 3512 944 Gallus

1927 981 2193 1037 instituit.
2229 979 2355 1038 Haec
2398 982 2468 1037 de
2501 982 2686 1037 Aetio.
2737 980 3024 1047 Quomodo
3055 993 3238 1035 autem
3283 983 3348 1036 ad
3394 984 3514 1050 epi-

1929 1082 2218 1142 scopatqu
2259 1083 2506 1138 evectus,
2538 1089 2648 1128 non
2693 1074 2890 1144 exigua
2938 1089 3066 1144 pars
3094 1089 3287 1131 eorum
3321 1074 3509 1138 fuerit,

1927 1167 2022 1236 qui
2057 1167 2118 1218 τὸ
2144 1166 2402 1228 ἀνόμοιον
2436 1168 2530 1217 καὶ
2560 1164 2928 1234 ἑτεροούσιον,
2964 1165 3067 1218 hoc
3097 1175 3202 1229 est,
3251 1166 3512 1221 dissimile

1932 1264 1985 1309 et
2046 1255 2270 1309 alterius
2328 1254 2648 1308 substantia:
2708 1255 3055 1316 docuerunt,
3121 1263 3288 1324 atque
3347 1255 3512 1310 etiam
3586 1249 3591 1254 ’

1929 1357 2325 1404 exauctoratus
2369 1348 2548 1403 solum
2590 1347 2768 1402 exsilii
2803 1363 2966 1402 causa
3007 1348 3232 1404 verterit
3277 1367 3290 1402 :
3329 1349 3516 1406 Euno-

1932 1441 2076 1495 mius
2115 1448 2296 1494 autem
2340 1440 2515 1494 multo
2546 1455 2613 1495 eo
2642 1440 2910 1504 deterior,
2951 1440 3183 1513 factione
3213 1441 3333 1511 ejus
3357 1457 3515 1512 syco-

1933 1533 2159 1603 phantia
2186 1532 2586 1598 circumventa,
2663 1532 2717 1587 in
2754 1535 2934 1588 locum
2971 1539 3090 1603 ejus
3121 1534 3385 1590 suffectus
3420 1536 3513 1600 sit,

1932 1634 1987 1679 et
2019 1626 2083 1679 de
2117 1626 2234 1694 ipso
2263 1625 2429 1678 etiam
2457 1626 2748 1688 Eunomia,
2785 1636 2973 1697 postea
3004 1628 3270 1682 dicemus.
3307 1628 3512 1681 tiodem

1934 1727 2182 1789 tempore
2212 1716 2496 1772 Laodicea:
2531 1719 2586 1772 in
2615 1717 2773 1790 Syria
2804 1719 2907 1774 viri
2943 1720 3108 1774 etiam
3139 1719 3250 1774 duo
3275 1719 3514 1776 floruere

236 1811 359 1866 ἐπεὶ
389 1812 656 1878 ἀνήνυτον
678 1811 826 1882 ἑώρα
848 1810 910 1864 τὸ
937 1811 1287 1880 σπούδασμα,
1313 1809 1412 1877 τῆς
1438 1809 1828 1879 ἐκκλησιαστι-

1941 1810 2306 1880 cognomines,
2342 1823 2500 1881 pater
2527 1812 2788 1867 videlicet
2811 1821 2866 1867 et
2899 1810 3044 1868 ﬂlius
3077 1830 3090 1867 :
3117 1812 3336 1882 utrique
3363 1813 3510 1867 enim

236 1907 341 1974 κῆς
372 1903 658 1968 κόινωνίας
690 1903 994 1972 asia-ta.“
1022 1906 1154 1966 παῖς
1191 1903 1246 1957 δὲ
1271 1901 1432 1969 ὓϐριν
1459 1897 1824 1970 ¹λογισάμενος

236 1998 295 2052 τὸ
336 1997 619 2069 πραχθὲν,
659 1999 782 2060 ταῖς
818 1997 1161 2066 σοφιστικαῖς
1205 1995 1542 2057 πλεκτάναις
1579 1992 1822 2064 θαρρῶν,

239 2091 438 2158 καινῆς
465 2107 613 2152 τινος
647 2089 917 2158 αἱρέσεως
951 2088 1281 2142 καθίσταται
1311 2087 1576 2158 ἀρχηγὸς,
1613 2085 1826 2139 ὲπὼνυ-

240 2198 343 2251 μον
395 2181 491 2234 τὸν
529 2181 762 2252 εὑρόντα
797 2180 1046 2251 ἐχούσης.
1081 2180 1253 2248 Λόγος
1278 2181 1322 2233 δ’
1365 2179 1502 2250 ἔχει,
1536 2179 1610 2249 μὴ
1636 2178 1726 2232 διὰ
1767 2178 1828 2230 τὸ

242 2268 650 2342 προειρημένον
682 2269 817 2340 πρὸς
832 2270 1109 2339 Γεὼργιον
1138 2269 1484 2339 διενεχθῆναι
1511 2282 1524 2296 ·
1556 2267 1828 2336 ἁλλ’ὄπιρ

243 2363 452 2423 ἐκεῖνος
486 2359 768 2428 ἀλλότριον
799 2360 1147 2429 ὲδογμάτιζε,
1189 2360 1284 2413 νῦν
1333 2361 1431 2428 μὲν
1477 2358 1576 2428 τὴν
1612 2359 1829 2429 Ἀρείου

243 2448 517 2501 συνιστῶν
559 2448 739 2514 δόξαν,
786 2449 880 2502 νῦν
909 2449 965 2502 δὲ
1011 2450 1201 2519 ὅμοιον
1238 2449 1330 2502 τὸν
1377 2450 1502 2504 Υίὸν
1549 2448 1626 2518 τῷ
1661 2449 1832 2518 ﬂat-pi.

240 2539 551 2609 ὁμολογῶν,
577 2541 720 2595 καθὰ
748 2544 806 2595 ὲν
826 2543 891 2612 τῇ
922 2541 1066 2595 κατὰ
1100 2542 1426 2596 Σελεύκειαν
1459 2541 1664 2613 συνόδῳ
1706 2558 1834 2595 συν-

241 2634 400 2687 ἐθετο
425 2650 443 2665 ·
477 2633 757 2704 πρόφασιν
799 2635 845 2687 δ’
879 2633 1130 2688 ἐντεῦθεν
1164 2634 1446 2700 λαϐόντες,
1479 2633 1694 2688 ἐκείνου
1729 2633 1833 2687 διί-

240 2741 442 2779 σταντο
460 2740 474 2754 ⁸
505 2726 733 2796 μηδενὸς
757 2725 802 2779 δ’
834 2727 1061 2784 ἐκείνοις
1087 2727 1468 2796 προσέχοντες,
1502 2725 1830 2789 ξενίζουσαί)ν

243 2818 557 2889 θρησκείαν
608 2819 913 2890 ἐπειρῶντο
951 2819 1195 2885 εἰσάγειν
1221 2835 1235 2850 ο
1288 2819 1383 2872 καὶ
1413 2819 1836 2889 δογματίζοντες

241 2915 463 2980 ελεγον,
506 2913 582 2984 μὴ
620 2915 803 2985 ψυχὴν
831 2913 1186 2984 ἀνειληφέναι
1219 2911 1310 2966 τὸν
1353 2911 1560 2983 Κύριον
1595 2913 1697 2992 τῂν
1733 2911 1837 2982 τῆς

244 3007 458 3076 σαρκὸς
482 3007 802 3075 οἰκονομίαν
829 3005 1228 3077 διενεργοῦντα.
1265 3001 1431 3068 Αὖθις
1459 3005 1517 3058 δὲ
1545 3007 1606 3057 τὸ
1636 3005 1837 3059 ἄτοπον

239 3098 320 3161 ὡς
359 3099 419 3150 ὲν
446 3098 742 3169 μεταμέλῳ
769 3094 1258 3167 ἑπιδιορθούμενοι,
1285 3093 1468 3164 ψυχὴν
1495 3092 1596 3163 μὲν
1620 3092 1838 3162 εἰληφέ-

239 3209 336 3244 ναι
361 3190 697 3261 προσέθεντο
715 3205 732 3222 ο
763 3187 839 3258 μὴ
868 3188 1016 3259 ἔχειν
1043 3187 1089 3240 δ’
1110 3185 1330 3256 ὲκείνην
1358 3185 1451 3239 τὸν
1480 3183 1832 3257 ἀνθρώπινον

240 3285 413 3338 νοῦνο
465 3285 656 3352 ἀρκεῖν
697 3263 807 3350 γὰρ
854 3281 978 3334 ἀντὶ
1023 3278 1118 3334 νοῦ
1163 3278 1264 3349 τὴν
1297 3277 1530 3348 θεότητα
1580 3277 1703 3349 ἦτις
1743 3275 1836 3330 τὸν

240 3376 542 3446 ἄνθρωπον
566 3372 954 3446 προσελάϐετο.
988 3373 1099 3426 Καὶ
1122 3373 1251 3443 περί
1278 3370 1472 3425 τούτου
1507 3369 1672 3440 μόνου
1699 3369 1840 3441 πρὸς

238 3473 371 3531 τοὺς
408 3467 472 3532 ἐξ
513 3467 729 3538 Ἀρείου
775 3467 869 3518 καὶ
918 3463 1258 3520 Μακεδονίου
1286 3463 1619 3534 διεφέροντο.
1671 3463 1754 3518 Τὰ
1787 3462 1834 3517 δ’

241 3560 386 3614 ἄλλα
419 3559 540 3620 τοῖς
591 3558 649 3610 tv
700 3556 906 3627 Νικαίᾳ
942 3555 1008 3609 τὰ
1069 3555 1162 3608 ίσα
1214 3551 1642 3623 δογματίζοντες
1673 3548 1839 3625 ἦσαν.

242 3652 422 3706 Ἀλλὰ
466 3652 598 3722 περὶ
629 3653 728 3722 μὲν
776 3647 1190 3718 Ἀπολλιναρίου
1222 3645 1318 3701 καὶ
1357 3645 1515 3710 αὖθις
1553 3646 1698 3701 κατὰ
1733 3645 1841 3717 χώ-

243 3764 360 3815 ραιε
373 3746 397 3798 ι
409 3744 642 3814 ροῦμεν.

1930 1905 2268 1973 Apollinaris
2301 1919 2500 1958 nomen
2538 1914 2680 1959 erat.
2715 1905 2782 1959 Et
2816 1913 2973 1974 pater
3005 1905 3331 1976 presbyteri,
3368 1904 3512 1960 filius

1929 1997 2156 2051 lectoris
2178 1995 2431 2050 ordinem
2461 1995 2764 2050 obtinebat.
2790 1997 2969 2051 Ambo
2995 1996 3308 2052 Graecarum
3343 1997 3513 2054 disci-

1932 2089 2246 2158 plinarum,
2299 2087 2668 2158 grammatica:
2721 2097 2914 2157 pater,
2977 2088 3269 2143 rhetorica:
3320 2087 3510 2153 ﬁlius,

1933 2182 2177 2253 magistri
2232 2188 2411 2235 erant.
2477 2179 2643 2250 719
2696 2179 2875 2234 Senex
2937 2180 3281 2238 Alexandria:
3331 2192 3513 2247 ortus,

1933 2273 2116 2336 Beryti
2160 2270 2356 2326 docuit
2390 2289 2402 2324 :
2439 2279 2494 2324 et
2520 2271 2682 2326 ducta
2720 2269 3004 2326 Laodiceae
3041 2273 3295 2342 conjuge,
3342 2271 3514 2342 Apol-

1932 2367 2148 2420 linarim
2181 2365 2354 2419 illium
2384 2364 2692 2435 progenuit.
2729 2364 2790 2418 Et
2822 2379 2946 2418 cum
2973 2362 3284 2434 Epiphanio
3325 2365 3515 2434 Sophi-

1931 2455 2125 2511 sticam
2159 2456 2476 2526 profitente.
2508 2457 2584 2510 illi
2626 2455 2790 2510 simul
2824 2455 3106 2515 ﬂorentes.
3139 2469 3265 2508 eum
3306 2464 3364 2508 ut
3394 2455 3512 2508 veri

1933 2545 2094 2600 amici
2151 2556 2282 2601 sunt
2329 2545 2624 2615 complexi.
2678 2544 2748 2598 At
2786 2544 3108 2600 Theodotus
3157 2544 3515 2600 Laodicensis

1936 2651 2051 2693 tum
2086 2639 2404 2708 episcopus.
2452 2637 2600 2707 quod
2649 2645 2924 2691 metueret
2958 2652 3027 2691 ne
3059 2637 3320 2692 continua
3367 2637 3517 2692 illius

1935 2728 2344 2784 consuetudine
2382 2725 2448 2781 ad
2484 2727 2733 2781 Graecam
2770 2727 3113 2796 impietatem
3146 2727 3513 2792 declinarent,

1936 2822 2317 2879 familiaritate
2343 2820 2490 2874 illius
2511 2820 2594 2874 eis
2621 2821 2933 2876 interdixit.
2959 2819 3064 2876 Sed
3088 2819 3201 2874 illis
3221 2819 3514 2889 Epiphanii

1937 2913 2180 2971 amicitia
2231 2912 2475 2982 episcopi
2521 2911 2723 2966 edictis
2788 2914 2970 2981 potior
3016 2912 3142 2966 fuit.
3197 2912 3432 2966 Proinde
3462 2922 3518 2966 et

1940 3004 2216 3063 Theodoti
2239 3018 2528 3059 successor
2552 3003 2842 3073 Georgius,
2868 3019 2992 3056 cum
3027 3004 3196 3057 multa
3227 3014 3513 3067 tentasset,

1944 3111 2004 3157 ut
2059 3101 2282 3156 illorum
2341 3097 2631 3152 dirimeret
2680 3097 3162 3167 coniunctionem,
3228 3109 3516 3166 postquam

1943 3207 2167 3264 operam
2202 3205 2357 3246 suam
2399 3190 2602 3244 frustra
2652 3203 2776 3244 esse
2807 3188 2982 3253 vidit,
3015 3189 3390 3243 ecclesiastiva
3421 3205 3516 3244 eos

1945 3282 2232 3355 prohibuit
2256 3280 2668 3337 communione.
2697 3280 2818 3347 Quo
2848 3281 2991 3335 facto
3023 3295 3126 3349 pro
3157 3279 3354 3350 insigni
3386 3295 3520 3334 con-

1944 3374 2167 3430 tumelia
2207 3383 2458 3443 accepto,
2507 3371 2654 3427 illius
2701 3371 3022 3442 solihisticis
3057 3370 3235 3424 fretus
3271 3370 3519 3440 capturis

1938 3473 1998 3520 et
2043 3463 2298 3535 argutiis,
2353 3477 2547 3518 novam
2596 3462 2894 3534 quamdam
2952 3461 3204 3516 haeresim
3255 3459 3516 3522 instituit,

1942 3571 2144 3613 nomen
2169 3556 2416 3612 aut-toris
2450 3555 2626 3626 ipsius
2660 3554 3016 3611 referentem.
3047 3556 3141 3609 Est
3177 3562 3233 3609 et
3265 3553 3371 3608 alia
3408 3553 3523 3623 opi-

1943 3648 2060 3713 nio,
2094 3662 2208 3701 non
2255 3645 2329 3702 ob
2370 3660 2492 3701 eam
2527 3661 2694 3717 quam
2727 3646 2940 3702 scilicet
2983 3646 3228 3701 diximus
3273 3660 3516 3705 causam,

1945 3739 2102 3794 illum
2135 3753 2167 3792 a
2213 3737 2452 3809 Georgio
2501 3737 2804 3794 descivisse
2851 3757 2866 3794 :
2915 3739 3009 3794 sed
3061 3739 3208 3808 quod
3255 3736 3525 3809 Georgius

241 3839 432 3893 aliena
467 3849 699 3907 prorsus
727 3843 786 3890 et
825 3831 1066 3889 absurda
1117 3832 1378 3905 Opinione
1445 3844 1593 3886 nunc
1666 3829 1785 3886 Arii
1861 3829 2168 3887 defendens
2212 3831 2568 3895 sententiam,
2619 3846 2767 3887 nunc
2798 3831 3065 3900 aequalem
3107 3829 3253 3884 Patri
3300 3827 3518 3884 Filium

247 3931 557 4000 proﬁtens,
583 3927 884 3982 conventui
916 3925 1186 3981 Seleucia:
1219 3934 1344 3980 acto
1377 3923 1706 3979 assensisset
1737 3939 1753 3978 :
1817 3939 1883 3980 ea
1921 3923 2268 3993 Apollinares
2340 3933 2562 3995 arrepta
2597 3924 2906 3990 occasione,
2935 3924 3327 3979 discessionem
3359 3924 3428 3979 ab
3454 3938 3524 3978 eo

243 4023 458 4078 fecisse
497 4041 511 4074 :
547 4031 603 4075 et
639 4036 763 4075 cum
799 4019 852 4075 id
898 4035 1059 4074 nemo
1092 4030 1352 4086 curaret.
1388 4016 1706 4088 opinionem
1778 4033 1977 4073 novam
2045 4016 2314 4072 inducere
2341 4030 2573 4073 conatos
2634 4033 2773 4074 esse.
2805 4018 3049 4072 Docnere
3074 4029 3283 4079 autem,
3337 4017 3528 4071 Domi-

247 4131 391 4170 num
427 4115 617 4168 carnis
653 4112 1020 4169 oeconomiam
1051 4122 1109 4168 et
1144 4112 1484 4167 functionem
1552 4112 1714 4168 factis
1785 4111 1923 4180 ipsis
1960 4110 2287 4174 obeuntem,
2334 4111 2575 4165 animam
2635 4127 2742 4166 non
2802 4112 3098 4181 recepisse.
3159 4113 3240 4166 Ac
3304 4127 3524 4165 rursum

248 4208 434 4264 veluti
486 4206 836 4261 absurditate
888 4221 952 4261 ea
1001 4221 1099 4276 per
1149 4207 1530 4276 pmttitentiam
1583 4213 1849 4271 correcta,
1923 4205 2163 4258 animam
2215 4202 2436 4272 quidem
2484 4204 2759 4273 recepisse
2812 4203 3093 4269 addidere,
3146 4219 3265 4258 eam
3343 4212 3525 4258 autem

251 4307 566 4359 humanam
601 4317 709 4356 non
753 4299 954 4355 habere
1012 4312 1272 4355 mentem.
1323 4300 1468 4356 Satis
1513 4314 1750 4370 namque
1792 4299 1842 4354 ei
1883 4313 1984 4370 pro
2058 4304 2241 4353 mente
2281 4297 2622 4352 divinitatem
2676 4297 2872 4361 fuisse,
2937 4313 3060 4367 quae
3108 4296 3390 4352 hominem
3438 4312 3528 4351 as-

247 4401 592 4469 sumpserit.
645 4399 823 4466 Atque
873 4411 936 4451 ea
972 4411 1031 4450 re
1078 4411 1185 4450 una
1216 4397 1285 4451 ab
1316 4396 1641 4452 orthodoxis
1702 4396 2060 4462 dissidentes,
2133 4396 2190 4449 in
2213 4393 2337 4450 aliis
2395 4395 2588 4448 eadem
2625 4409 2747 4464 quae
2777 4395 3124 4450 Nicarnorum
3181 4393 3529 4450 decretorum

249 4496 527 4558 studiosi,
572 4492 907 4549 sentiebant.
954 4492 1158 4548 Verum
1205 4492 1276 4548 de
1310 4492 1615 4564 Apollinari
1657 4502 1847 4563 postea
1885 4507 2106 4564 quoque
2135 4491 2258 4548 loco
2284 4505 2385 4546 suo
2418 4489 2654 4544 dicetur.

861 4610 1116 4665 ΚΕΦᾹΛ.
1154 4613 1268 4665 lH'.

630 4703 772 4773 Περὶ
799 4704 1101 4772 Θεοφίλου
1127 4703 1236 4758 τοῦ
1272 4701 1496 4758 Ἰνδοῦ.

342 4817 460 4874 Ἦν
505 4819 564 4871 δὲ
591 4818 672 4888 τῷ
706 4819 827 4871 τότε
861 4816 1028 4880 πολύς
1062 4833 1148 4880 τις
1198 4816 1285 4869 ἐπ’
1334 4818 1504 4887 ἀρετῇ
1550 4817 1645 4870 καὶ
1676 4816 1858 4885 λόγοις

175 4929 180 4931 ’
257 4912 618 4984 ὑμνούμενος
656 4913 752 4963 καλ⁵
791 4910 1055 4979 Θεόφιλος
1089 4911 1300 4972 ἐκεῖνος
1349 4909 1407 4973 ὃς
1435 4907 1716 4978 ἐπεκλήθη
1763 4907 1862 4962 ἰν-

2512 4611 2742 4668 CAPUT
2784 4610 2972 4665 XVlll.

2453 4705 2527 4758 De
2560 4705 2836 4773 TlteOpltilo
2881 4705 3039 4758 Indo.

2030 4821 2155 4874 Fuit
2205 4829 2318 4874 tum
2372 4819 2538 4874 etiam
2573 4830 2797 4890 propter
2837 4821 3098 4874 virtutem
3146 4830 3202 4876 et
3232 4820 3537 4877 doctrinam

1961 4928 2292 4983 magnopere
2324 4911 2581 4966 laudatus
2618 4911 2959 4981 Theophilus
2989 4911 3098 4973 ille,
3132 4911 3224 4981 qui
3252 4915 3539 4981 cognomi-

256 5009 363 5070 δὸς
387 5023 400 5033 ·
433 5003 494 5058 οὗ
521 5019 669 5067 τινος
698 5003 796 5073 μὶν
828 5002 1075 5072 ὲπάρξας
1105 5003 1392 5071 αἱρέσεως,
1426 5003 1503 5073 τῷ
1537 5002 1830 5074 Ἀρειανικι

1964 5011 2128 5058 natus
2151 5013 2234 5056 est
2264 5001 2435 5057 Indus
2468 5019 2482 5056 :
2522 5018 2628 5058 non
2663 5003 2753 5057 ille
2791 5003 3015 5072 quidem
3047 5001 3274 5056 hmresis
3305 5003 3543 5073 alicujus

257 5103 328 5154 δὲ
372 5099 524 5168 μάλα
553 5097 949 5167 προσκείμενος
979 5096 1344 5166 δόγματι.’ος
1377 5095 1472 5150 sui
1507 5093 1862 5148 Κωνσταντί-

257 5211 368 5247 νου
401 5191 528 5245 καθ’
547 5190 786 5260 ὁμηρίαν
805 5193 868 5242 ὲκ
891 5187 1171 5260 Διαϐηνῶν
1201 5188 1280 5251 εἰς
1312 5186 1617 5256 Ῥωμαίους
1641 5185 1859 5254 ἐστάλη,

1965 5104 2181 5156 auctor,
2232 5095 2326 5149 sed
2383 5094 2697 5150 Arianismo
2759 5095 3058 5164 plurimum
3106 5093 3381 5148 addictus.
3437 5095 3542 5162 Qui

1971 5187 2074 5240 sub
2121 5184 2486 5240 Constantino
2538 5186 2608 5242 ab
2662 5186 2958 5241 Adiabeuis
3012 5184 3311 5240 admodum
3361 5187 3545 5241 adhuc

262 5291 402 5350 νέος
445 5288 586 5339 πάνυ
617 5285 715 5355 τὴν
746 5283 963 5354 ἠλικίαν
995 5280 1090 5336 ὢν.
1140 5279 1205 5334 Ἦ
1233 5280 1288 5334 δὲ
1313 5279 1544 5344 Διαϐοὖς
1565 5280 1727 5350 νῆσός
1749 5282 1830 5332 ὲσι

1967 5278 2219 5348 juvenis,
2270 5278 2433 5332 obses
2493 5277 2548 5332 in
2600 5278 2968 5332 Romanorum
3051 5277 3319 5333 ditionem
3370 5279 3551 5334 fuerat

269 5377 504 5450 μεγάλη
529 5418 546 5443 ,
583 5374 740 5447 χώρα
769 5375 826 5428 δὲ
868 5374 1063 5442 Ἰνδικὴ
1098 5371 1402 5443 διαϐόητος.
1433 5371 1690 5440 Θεόφιλος
1718 5371 1773 5424 δὲ
1800 5391 1828 5422 τ

1975 5371 2196 5422 missus.
2255 5367 2536 5423 Adiabeno
2586 5368 2664 5437 (l)
2704 5383 2833 5422 vero
2877 5383 3070 5438 magna
3113 5378 3199 5424 est
3247 5359 3447 5432 insula,
3493 5382 3550 5425 et

266 5474 478 5544 μακρᾷ
509 5470 763 5541 διατριϐῇ
801 5473 871 5524 τά
898 5485 954 5522 τε
984 5467 1092 5538 ἤθη
1125 5467 1260 5538 πρὸς
1297 5465 1359 5518 τὸ
1391 5463 1704 5535 Ῥωμαϊκὸν
1737 5481 1867 5534 μετ-

1976 5461 2125 5529 regio
2159 5459 2382 5524 Indica,
2438 5460 2695 5516 celebris.
2745 5460 2825 5515 Ac
2862 5461 3204 5531 TheOphilus
3251 5475 3549 5519 consuetu-

261 5563 590 5637 ερρύθμισε
651 5562 862 5632 σχῆμα,
916 5562 992 5623 ὼς
1041 5559 1258 5612 καὶτὸν
1309 5557 1607 5627 ’μοναύλιον
1647 5556 1830 5608 ἑλέσθο

1974 5555 2101 5608 dine
2147 5553 2413 5607 diuturna
2458 5552 2598 5606 adeo
2649 5566 2833 5608 mores
2871 5551 2938 5608 ad
2987 5553 3364 5610 Romanorum
3399 5556 3553 5609 insti-

266 5659 429 5730 βίον,
457 5656 551 5710 καὶ
577 5657 657 5719 εἰς
685 5654 937 5709 διακόνου
972 5651 1338 5723 παραγγεῖλαι
1373 5648 1602 5719 βαθμὸν,
1641 5645 1736 5700 τοῦ
1773 5645 1870 5699 Νι-

1977 5654 2094 5699 tuta
2127 5642 2512 5713 conformavit,
2550 5643 2793 5716 720m
2819 5652 2874 5702 et
2905 5647 3263 5702 monasticam
3289 5646 3554 5717 delegi-rit

366 5771 444 5844 tl)
477 5772 633 5844 Apud
662 5771 802 5826 Plin.
831 5769 1110 5825 Adiabcne
1133 5765 1479 5838 Assyriorum
1505 5772 1589 5820 cst
1623 5762 1860 5832 initium,
1901 5762 1999 5820 lib.
2030 5777 2107 5829 vi,
2139 5775 2258 5832 cap.
2299 5761 2380 5816 i5.
