3934 6546
222 393 302 457 3M
1101 388 1711 452 ECCLESIASTICA‘J
1752 388 2138 448 HISTORL'E
2182 389 2329 448 LlB.
2377 389 2474 447 IX.

3311 385 3418 447 .302

222 516 273 563 τὰ
298 505 680 577 χθαμαλώτερα
711 504 877 556 τόπον
900 506 966 573 τῇ
1007 506 1143 572 ῥοπῇ
1182 504 1276 556 τοῦ
1315 502 1596 573 βρίθοντος
1627 499 1752 552 ὕδα-

1855 499 1905 552 id
1939 501 2218 554 etnittens.
2266 500 2391 554 Haec
2426 497 2627 568 quippe
2671 507 2755 550 est
2805 495 2893 550 illa
2928 511 3043 564 quae
3083 498 3258 551 medio
3287 517 3418 552 Lina

219 616 292 662 τος
327 595 630 666 παρασχών.
683 593 746 652 ’0
773 594 820 648 δ’
854 593 1014 654 αὐτὸς
1041 594 1260 664 είκασίᾳ
1301 592 1604 666 χρώμενος,
1636 591 1749 644 κεῖ-

222 690 328 744 σθαί
351 705 472 756 φησι
507 688 600 740 καὶ
651 686 744 739 τὸν
778 687 1111 756 παράδεισον
1145 686 1282 738 κατὰ
1311 687 1411 748 τὰς
1460 683 1749 754 ἰσημερίας

218 783 298 847 τῆς
324 779 476 847 ήοῦς·
499 775 745 844 ’πρῶτον
774 778 899 846 μὲν,
929 779 988 841 ἐξ
1019 773 1094 831 ὧν
1122 778 1189 830 τά
1216 777 1356 848 πρὸς
1398 775 1750 846 μεσημϐρίαν

218 873 330 941 δῆλά
357 873 466 924 ὲστι
503 871 682 923 πάντα
733 872 1034 938 οίκούμενα
1068 869 1257 938 σχεδὸν
1308 870 1469 938 μέχρι
1497 869 1596 936 τῆς
1648 866 1750 930 ἔξεο

221 966 477 1031 θαλάττης,
531 962 600 1032 ἢν
651 961 926 1015 θάλατταν
976 963 1003 1013 ό
1061 962 1215 1030 ήλιος
1266 961 1368 1032 ήδη
1424 960 1747 1030 ξυμφλέγει,

221 1058 452 1116 κατ’έτος
485 1057 572 1108 ἐπ’
599 1057 738 1123 αὐτῇ
771 1055 868 1117 τὰς
904 1056 1126 1117 ἀκτῖνας
1169 1055 1394 1124 ἐρείδων
1421 1071 1437 1088 ο
1470 1057 1566 1107 καὶ
1596 1057 1628 1124 ἠ
1663 1055 1751 1108 διὰ

223 1151 365 1215 μέσου
395 1149 658 1215 λεγομένη
689 1147 834 1215 ζώνη
863 1147 1026 1200 τοῦτό
1068 1149 1216 1199 ἐστιν
1246 1161 1261 1176 ο
1287 1145 1366 1198 ἔτι
1407 1145 1461 1198 δὲ
1493 1147 1587 1199 καὶ
1613 1146 1752 1198 διότι

220 1240 358 1293 ὀνῦν
391 1239 625 1306 Ὕφασις
672 1240 1008 1307 καλούμενος
1059 1239 1326 1306 ποταμὸς,
1372 1237 1432 1291 δν
1473 1239 1506 1308 ή
1558 1239 1751 1308 Γραφὴ

220 1326 396 1381 Φεισὼν
423 1325 702 1393 ὀνομάζει,
729 1328 824 1380 καὶ
853 1327 1017 1388 αὐτὸς
1042 1327 1135 1379 τοῦ
1159 1326 1489 1394 παραδείσου
1521 1325 1754 1378 ἀναϐλύ-

220 1421 326 1482 ζων,
349 1420 405 1470 ἐκ
441 1417 546 1470 τῶν
578 1417 848 1487 ἀρκτῴων
883 1417 1088 1487 μᾶλλον
1135 1418 1237 1486 τῆς
1265 1417 1532 1484 ἀνατολῆς
1569 1419 1753 1487 μερῶν

219 1513 298 1562 ἐπὶ
343 1511 432 1578 τὴν
467 1510 813 1579 μεσημϐρίαν
867 1511 1120 1578 φαίνεται
1174 1511 1334 1578 ῥέων,
1392 1511 1485 1571 καὶ
1536 1513 1615 1572 είς
1663 1509 1753 1563 τδν

219 1603 362 1671 ταύτῃ
400 1600 646 1654 Ὠκεανὸν
676 1601 738 1653 τὸ
767 1601 980 1671 ῥεῖθρον
1018 1600 1489 1669 είσερευγόμενος,
1522 1600 1751 1668 ἀντικρὺ

219 1697 298 1761 τῆς
332 1695 486 1763 νήσου
534 1693 901 1763 Ταπροϐάνης
928 1710 950 1724 ·
991 1687 1051 1746 οὗ
1093 1693 1245 1764 παρὰ
1291 1692 1390 1756 τὰς
1441 1691 1610 1762 ὄχθας
1658 1689 1752 1744 τοῦ

218 1789 430 1856 ποταμοῦ
461 1788 773 1857 εὑρίσκεται
797 1789 859 1841 τὸ
887 1786 1187 1856 λεγόμενον
1211 1785 1614 1857 καρυόφυλλον,
1641 1783 1753 1838 εἴτε

218 1883 416 1952 καρπὸς,
452 1883 561 1934 εἴτε
595 1881 654 1933 δὲ
684 1883 779 1934 καὶ
807 1881 972 1943 άνθος
1003 1882 1284 1950 τυγχάνει.
1314 1881 1426 1934 Καὶ
1455 1879 1752 1932 πεπιστεύ-

219 1993 351 2026 κασιν
394 1976 440 2026 οἱ
471 1974 652 2044 ἐκείνῃ
697 1974 979 2039 οἰκοῦντες
1029 1975 1137 2027 τῶν
1171 1975 1235 2027 ἐκ
1270 1974 1365 2025 τοῦ
1417 1973 1749 2042 παραδείσου

220 2065 350 2116 τοῦτο
378 2065 590 2130 δένδρον
616 2059 779 2118 εἶναι.
825 2066 936 2116 Καὶ
961 2063 1070 2134 γὰρ
1098 2065 1192 2116 καὶ
1225 2067 1256 2131 ή
1285 2065 1428 2132 ὑπὲρ
1453 2063 1651 2124 αὐτοὺς
1678 2063 1748 2130 γῆ

221 2156 393 2223 ἔρημός
417 2156 476 2207 τέ
511 2159 627 2208 ἐστι
665 2155 856 2217 δεινῶς
897 2155 1086 2209 ἅπασα
1115 2155 1210 2206 καὶ
1237 2156 1620 2223 ἁκαρποτάτη.
1658 2154 1753 2205 Ἐκ

221 2243 263 2295 δὲ
290 2241 372 2294 τοῦ
403 2243 585 2310 φέρειν
611 2242 704 2295 τὸν
742 2243 985 2309 ποταμὸν
1011 2243 1074 2296 τὸ
1100 2243 1259 2304 ἄνθος
1291 2242 1543 2310 ἐπίδηλον
1569 2242 1635 2296 ἂν
1661 2241 1748 2311 εἴη

221 2337 276 2395 ὡς
304 2329 445 2395 οὗτος
468 2338 496 2388 ὁ
532 2336 781 2403 ποταμὸς
809 2338 947 2405 ὑπὲρ
977 2335 1082 2404 γῆς
1123 2339 1270 2396 άπας
1304 2337 1439 2403 ῥέει,
1476 2336 1749 2404 μηδαμόθι

223 2427 586 2494 καταδυόμενος
612 2445 626 2458 ·
653 2430 718 2480 οὐ
758 2429 868 2497 γάρ
898 2430 963 2480 ἂν
1001 2430 1058 2480 το
1084 2428 1298 2481 ἐκεῖθεν
1329 2429 1602 2496 φυόμενον
1625 2428 1752 2495 ἡδύ-

230 2537 330 2571 ητο
382 2520 584 2588 φέρειν.
631 2521 787 2589 Ἔχει
826 2503 884 2572 δέ
935 2537 987 2572 τι
1031 2521 1124 2573 καὶ
1157 2519 1284 2573 ἄλλο
1338 2520 1606 2588 σύμϐολον
1649 2519 1752 2586 τῆς

225 2615 332 2683 περὶ
368 2615 452 2666 τὸν
495 2615 830 2684 παράδεισον
859 2615 1068 2682 γεηρᾶς
1113 2614 1420 2682 ἐπιμιξίας.
1477 2614 1614 2664 Φασὶ
1640 2613 1749 2678 γὰρ

221 2707 281 2767 ὡς
307 2707 388 2758 ἐάν
416 2722 496 2769 τις
519 2706 673 2774 τύχοι
705 2704 924 2775 πυρετῷ
953 2705 1140 2774 λάϐρῳ
1169 2704 1520 2773 φλεγόμενος,
1549 2707 1629 2767 είς
1660 2705 1750 2759 τὸν

223 2800 434 2868 ποταμὸν
480 2797 908 2867 βαπτισάμενος,
942 2797 1261 2868 παραυτίκα
1303 2796 1396 2849 τοῦ
1445 2799 1752 2866 νοσήματος

222 2889 612 2942 ἀπαλλάττεται.
665 2887 726 2940 '0
763 2889 820 2940 δὲ
867 2887 1057 2954 Τίγρις
1111 2887 1205 2938 καὶ
1248 2885 1569 2954 Εὐφράτης,
1613 2885 1750 2938 διότι

223 2979 520 3032 καταδύουσι
553 2981 648 3030 καὶ
681 2976 846 3031 πάλιν
869 2976 1204 3046 ἀνίσχουσιν,
1233 2974 1391 3026 οὐδὲν
1426 2974 1635 3026 ἐκεῖθεν
1660 2973 1752 3026 δύ-

222 3092 381 3127 νανται
409 3073 676 3140 κομίζειν,
691 3072 877 3142 ὥσπερ
899 3073 930 3123 ό
960 3070 1215 3137 Ὕφασις.
1241 3069 1376 3122 Οὺδέ
1401 3085 1464 3136 γε
1489 3073 1516 3120 ό
1540 3069 1750 3131 Νεῖλος⁶

1850 589 2072 644 dicitur.
2111 590 2316 644 Deinde
2359 588 2505 659 quod
2538 589 2584 643 is
2617 589 2709 657 qui
2735 604 2878 642 nunc
2911 586 3177 658 ilyphasis
3212 589 3420 644 dicitur

1849 679 2070 744 ﬂuvius,
2105 682 2160 736 in
2202 682 2504 752 Scripturis
2533 681 2702 735 sacris
2740 681 2944 734 Phison
2996 681 3328 744 nominatus,
3365 689 3421 735 et

1852 770 1966 839 ipse
2007 787 2036 825 e
2076 772 2328 841 paradiso
2372 780 2555 826 ortum
2600 771 2844 837 ducens,
2897 785 2958 822 ex
3001 770 3202 824 arctois
3250 771 3421 840 magis

1850 861 2092 917 Orientis
2142 865 2390 932 partibus
2433 863 2716 918 meridiem
2751 877 2942 916 versus
2973 863 3243 931 proﬂuere
3271 863 3423 916 vide-

1855 967 1964 1016 tur.
1996 965 2050 1009 et
2077 957 2131 1010 itt
2155 956 2274 1026 ejus
2295 956 2466 1025 ipsius
2494 971 2604 1010 orae
2635 954 3107 1024 Oceanumquas
3141 970 3268 1008 suas
3289 970 3422 1007 con-

1849 1047 2022 1118 jicere
2068 1063 2134 1101 ex
2193 1046 2427 1100 adverso
2477 1045 2820 1115 Taprobanae
2865 1046 3078 1100 insulae.
3133 1045 3214 1100 Ad
3262 1047 3420 1116 cujus

1853 1137 2100 1192 ﬂuminis
2134 1137 2281 1207 ripas
2309 1137 2591 1191 invenitur
2621 1138 2767 1206 quod
2814 1137 3227 1208 caryophyllnm
3259 1153 3422 1192 voca-

1856 1241 1964 1290 tur.
1999 1231 2115 1284 sive
2167 1229 2220 1282 id
2267 1231 2502 1289 fruetus.
2531 1243 2625 1282 seu
2677 1227 2779 1283 ﬂos
2828 1239 2935 1284 est.
2983 1231 3051 1284 Et
3097 1245 3420 1298 persuasum

1857 1321 2062 1374 habent
2109 1321 2203 1389 qui
2239 1318 2310 1373 ibi
2362 1318 2617 1373 habitant
2660 1319 2936 1382 homines,
2969 1320 3224 1374 arborem
3275 1319 3418 1387 ejus,

1855 1428 1921 1466 ex
1968 1414 2051 1467 eis
2103 1428 2226 1482 qua:
2278 1411 2333 1466 in
2381 1413 2635 1482 paradiso
2680 1422 2833 1476 sunt,
2867 1428 3029 1466 unam
3076 1428 3219 1468 esse.
3259 1412 3420 1482 724

1856 1504 2072 1558 Etenim
2127 1519 2192 1557 ea
2237 1519 2361 1572 qua:
2414 1519 2582 1572 supra
2633 1519 2731 1559 eos
2777 1514 2862 1559 est
2915 1513 3084 1568 terra,
3119 1505 3417 1559 admodum

1856 1596 2075 1650 deserta
2107 1605 2193 1650 est
2235 1604 2345 1650 tota
2377 1607 2432 1650 et
2477 1595 2710 1650 sterilis.
2739 1595 2894 1661 Quod
2928 1609 3110 1650 autem
3149 1598 3194 1651 is
3223 1595 3424 1650 ﬂuvius

1855 1687 2045 1742 ﬂorem
2079 1703 2205 1742 eum
2229 1688 2408 1750 aﬂ‘ert,
2436 1688 2569 1742 satis
2599 1691 2817 1744 constat
2846 1689 2998 1743 illum
3027 1704 3192 1758 super
3214 1698 3418 1742 terram

1856 1786 2034 1832 totum
2078 1778 2234 1842 ferri,
2269 1795 2449 1848 neque
2489 1779 2703 1848 uspiam
2759 1781 2863 1835 sub
2911 1792 3114 1834 terram
3163 1782 3220 1834 in
3262 1782 3418 1835 cuni-

1855 1872 2011 1928 culos
2041 1874 2256 1928 demitti
2293 1891 2308 1928 :
2346 1875 2509 1928 aliter
2537 1874 2708 1938 enim,
2743 1875 2886 1944 quod
2921 1877 2994 1929 ibi
3029 1885 3215 1930 natum
3248 1885 3418 1943 esset,

1854 1965 2099 2036 perferre
2141 1982 2248 2021 non
2280 1976 2485 2037 posset.
2523 1969 2702 2024 Habet
2738 1978 2792 2024 et
2838 1970 2999 2023 aliam
3051 1969 3257 2025 ﬂumen
3313 1971 3420 2025 hoc

1853 2066 2039 2110 notam
2081 2068 2314 2111 terrenae
2353 2074 2480 2112 cum
2510 2060 2771 2128 paradiso
2823 2061 3249 2116 contmistionis.
3288 2061 3421 2116 Fer—

1856 2156 1946 2200 tur
1975 2149 2144 2212 enim,
2198 2151 2243 2203 si
2284 2151 2412 2219 quis
2446 2151 2586 2205 febri
2622 2153 2840 2206 laboret
2867 2154 3108 2215 ardenti,
3138 2165 3198 2206 et
3232 2153 3286 2207 in
3317 2152 3422 2230 (In;

1855 2241 2005 2294 mine
2035 2256 2101 2295 eo
2124 2252 2424 2310 mergatur,
2455 2243 2756 2313 derepente
2786 2259 2912 2298 eum
2950 2246 3142 2300 morbo
3167 2245 3416 2301 liberari.
3514 2299 3517 2302 .

1854 2333 2034 2402 Tigris
2081 2349 2214 2388 vero
2262 2346 2320 2389 et
2355 2336 2686 2404 Euphrates,
2735 2338 2884 2406 quod
2918 2348 3119 2393 terram
3155 2341 3416 2406 subeant,

1853 2431 1909 2476 ct
1942 2438 2136 2478 rursus
2165 2433 2470 2493 emergant,
2507 2440 2614 2479 non
2649 2427 2858 2495 aliquid
2908 2429 3056 2490 inde,
3093 2437 3155 2482 ut
3201 2427 3422 2499 Hypha-

1853 2518 1930 2570 sis
1959 2517 2065 2586 (l),
2125 2516 2322 2572 efferre
2377 2527 2630 2587 possunt.
2683 2519 2789 2574 Sed
2845 2535 2913 2575 ne
2957 2520 3114 2576 Nilus
3144 2521 3416 2592 quidem:

1853 2625 1980 2663 nam
2004 2621 2060 2665 et
2088 2611 2235 2666 hunc
2263 2611 2439 2680 ipsum
2469 2612 2594 2668 inde
2616 2612 2911 2682 proﬂuere,
2947 2613 3229 2682 inspirata!
3255 2613 3419 2668 Mosa:

1853 2700 2054 2756 littera:
2087 2711 2382 2758 testantur.
2415 2705 2579 2759 Gzeon
2632 2706 2702 2758 ab
2753 2706 2894 2773 ipso,
2929 2721 2956 2757 a
2990 2706 3191 2760 Graecis
3231 2714 3414 2759 autem

1853 2795 2143 2866 Egyptius
2176 2798 2502 2866 appellatur.
2557 2797 2655 2851 Hic
2698 2813 2954 2867 namque,
2984 2807 3252 2865 quantum
3282 2814 3415 2852 con~

1849 2888 2024 2956 jicere
2063 2889 2210 2951 licet,
2251 2904 2280 2941 c
2335 2890 2592 2958 paradiso
2626 2905 2915 2957 proruens,
2958 2891 3279 2958 priusquam
3324 2891 3419 2942 ha-

1853 2977 2138 3032 bitabilem
2173 2978 2326 3032 orbis
2360 2990 2572 3046 partem
2623 2981 2826 3048 attigit,
2871 2982 2977 3033 sub
3026 2991 3226 3033 terram
3259 2981 3419 3034 cuni-

1854 3071 1994 3124 culis
2025 3071 2328 3132 immissus,
2365 3072 2492 3124 inde
2521 3071 2770 3125 Indicum
2799 3087 2949 3126 mare
2978 3073 3150 3132 subit,
3177 3073 3280 3126 sub
3305 3089 3417 3142 quo

223 3166 304 3218 tisi
330 3165 426 3234 γάρ
474 3165 567 3216 καὶ
621 3162 812 3215 τοῦτον
848 3160 1058 3213 ἐκεῖθεν
1107 3161 1246 3229 ῥεῖν,
1278 3160 1310 3225 ή
1353 3159 1601 3220 Μωσέως
1633 3157 1751 3210 ἐπί·

1855 3162 1910 3216 in
1943 3164 2132 3218 orbem
2187 3163 2624 3219 circuinvolntus
2659 3163 2741 3232 (ut
2786 3165 3111 3234 conjecto-ra
3158 3175 3266 3230 est,
3293 3166 3422 3234 quis

222 3273 360 3310 ιινοια
386 3256 552 3324 λέγει,
587 3255 766 3308 Γαιὼν
813 3253 975 3306 αὐτὸν
1023 3251 1401 3321 ὀνομάζουσαν
1433 3250 1493 3303 δν
1523 3253 1574 3302 οἱ
1622 3247 1758 3319 παρ’

224 3349 449 3418 Ἕλλησιν
494 3347 797 3413 Αἰγύπτιον
837 3344 1090 3397 ἐκάλουν.
1121 3337 1289 3402 Οὗτος
1341 3343 1470 3409 γὰρ,
1519 3342 1596 3405 ὡς
1639 3341 1757 3394 ἐστι

224 3441 512 3509 συμϐαλεῖν,
551 3440 803 3508 ἐξορμῶν
859 3435 952 3488 τοῦ
985 3436 1344 3504 παραδείσου,
1395 3436 1526 3504 πρὶν
1573 3437 1664 3486 ἐπὶ
1695 3434 1758 3486 τὺ

223 3531 505 3597 οἰκούμενον
537 3529 748 3598 φθάσαι
778 3529 1206 3597 καταδυόμενος,
1242 3527 1436 3579 ἔπειτα
1466 3527 1566 3594 τὴν
1609 3527 1758 3578 Ἰνδι-

224 3624 306 3690 κὴν
335 3624 602 3676 θάλασσαν
652 3622 903 3675 ὑπελθὼν
948 3621 1049 3683 ἔτι,
1100 3623 1194 3672 καὶ
1241 3619 1427 3688 κύκλῳ
1481 3636 1545 3686 γε
1587 3619 1757 3688 αὐτὴν

226 3715 559 3782 περιελιχθεὶς
588 3715 666 3776 ὡς
703 3713 925 3766 είκάσαι
947 3727 960 3742 ⁸
996 3712 1080 3774 τίς
1110 3713 1218 3782 γάρ
1267 3711 1573 3780 ἀνθρώπων
1600 3715 1758 3782 ἀκρι-

226 3806 391 3858 ϐὡσειε
431 3806 630 3868 τοῦτο;
675 3805 770 3857 καὶ
815 3805 920 3856 ὑπὸ
976 3806 1156 3856 πᾶσαν
1207 3804 1307 3873 τὴν
1341 3806 1400 3854 ἐν
1450 3805 1603 3872 μέσῳ
1652 3804 1757 3870 γῆν

226 3898 431 3966 ἐνεχθεὶς
463 3898 622 3968 μέχρι
656 3897 754 3964 τῆς
796 3895 1066 3965 Ἐρυθρᾶς
1092 3895 1406 3964 θαλάσσης·
1433 3897 1529 3964 καὶ
1554 3896 1758 3964 ταύτην

227 3988 544 4058 ὑποδραμὼν,
573 3989 670 4040 ἐπὶ
695 3989 927 4057 θάτερον
959 3989 1130 4055 αὐτῆς
1159 3988 1429 4040 ἐκδίδοται
1459 3992 1624 4057 μέρος
1652 3989 1757 4041 ὑπὸ

226 4081 382 4149 τὸτῆς
413 4085 643 4152 σελήνης
700 4082 1038 4147 καλούμενον
1077 4079 1196 4147 ὅρος
1243 4081 1322 4146 (ἐν
1353 4073 1395 4146 ᾧ
1430 4079 1524 4130 δύο
1572 4080 1757 4148 πηγάς

226 4172 414 4238 λέγεται
448 4177 645 4236 ποιεῖν,
713 4173 962 4242 ἀλλήλων
1006 4173 1107 4225 οὐκ
1151 4172 1333 4239 ὀλίγον
1383 4162 1756 4241 διεστηκυίας,

228 4267 437 4318 κάτωθεν
475 4267 666 4336 βιαίως
717 4264 1314 4334 ἀναῤῥοιϐδουμέναςγ
1374 4265 1469 4316 καὶ
1519 4264 1608 4316 διὰ
1654 4264 1757 4331 τῆς

226 4356 479 4420 Αἰθιοπίας
525 4356 792 4426 ἐνεχθεὶς,
843 4358 937 4407 ἐπὶ
973 4355 1082 4424 τὴν
1133 4356 1411 4422 Αἴγυπτον
1451 4355 1637 4423 χωρεῖ,
1667 4354 1758 4407 διὰ

229 4449 411 4515 πετρῶν
460 4449 814 4516 ὑψηλοτάτων
864 4447 1364 4515 καταραττόμενος.
1402 4447 1525 4498 Ἐτι
1561 4445 1620 4496 δὲ
1660 4446 1756 4497 καὶ

227 4539 358 4590 τοῦτο
408 4543 760 4610 προστίθησιν
820 4541 895 4601 ὡς
951 4541 1097 4592 ἆπαν
1158 4539 1218 4591 τὸ
1265 4539 1402 4609 πρὸς
1457 4538 1750 4606 ἀνίσχοντα

225 4628 370 4694 ήλιον,
399 4633 490 4685 καὶ
520 4635 649 4700 περὶ
670 4633 768 4702 τὴν
796 4630 1146 4700 μεσημϐρίαν
1178 4630 1376 4698 κλίμα,
1405 4631 1584 4681 καίτοι
1610 4631 1754 4697 πέρα

228 4721 308 4770 τοῦ
355 4725 539 4792 μέτρου
599 4725 957 4793 θαλπόμενον,
1000 4725 1149 4790 ὅμως
1213 4729 1283 4774 τὰ
1333 4725 1605 4792 κράτιστα
1658 4725 1754 4778 καὶ

232 4811 434 4878 μέγιστα
465 4819 617 4884 φέρει
646 4816 772 4877 τῶν,
806 4817 905 4868 ὅσα
955 4817 1022 4884 γῆ
1055 4833 1114 4867 τε
1153 4816 1247 4866 καὶ
1277 4815 1520 4868 θάλαττα
1552 4815 1752 4883 δυνατὴ

229 4905 433 4971 τρέέειν.
459 4909 539 4960 Τά
565 4925 623 4960 τε
659 4908 767 4977 γὰρ
793 4909 932 4977 κήτη
960 4909 1028 4960 τὰ
1059 4907 1412 4976 ὑπερμεγέθη
1447 4909 1586 4974 αὐτῇ
1618 4909 1754 4956 ἐνεῖο

229 5011 302 5045 ναι
330 5001 385 5066 τῇ
414 5001 641 5070 θαλάττῃ
664 5015 678 5030 ·
722 5003 816 5052 καὶ
852 5000 954 5069 ήδη
989 4998 1142 5066 ὤφθη
1183 4999 1441 5060 πολλάκις
1484 4997 1751 5050 ἐπιπολά-

233 5101 371 5138 σαντκ
405 5094 511 5153 τοῖς
562 5094 655 5144 τὸν
715 5091 970 5143 Ὠκεανὸν
1025 5094 1233 5142 ἐκεῖνον
1286 5088 1748 5157 ναυτιλλομένοις.

233 5174 293 5227 Ἥ
321 5195 372 5229 τε
401 5184 500 5250 γὰρ
548 5183 620 5249 γῆ
658 5185 786 5244 τοὺς
817 5182 1118 5247 ἐλέφαντας
1162 5180 1275 5249 ἔχει
1304 5181 1428 5240 τοὺς
1462 5181 1752 5247 μεγίστους

235 5270 313 5318 καὶ
339 5273 798 5341 ὑπερφυεστάτους
816 5290 832 5305 ⁸
866 5276 961 5326 καὶ⁹
982 5273 1046 5340 δὴ
1068 5275 1161 5325 καὶ
1186 5272 1309 5330 τοὺς
1337 5273 1752 5340 παρελέφαντας

233 5356 543 5428 λεγομένους,
576 5358 652 5417 ὧν
700 5364 760 5416 τὸ
795 5365 956 5431 γένος
993 5362 1062 5415 τὰ
1097 5363 1194 5430 μὲν
1239 5361 1372 5415 ἄλλα
1414 5362 1592 5413 πάντα
1625 5361 1751 5430 βοῦς

234 5450 335 5501 ἐστι
372 5454 630 5521 μέγιστος,
660 5456 759 5524 τὴν
780 5456 838 5507 δὲ
867 5453 1070 5524 βύρσαν
1096 5456 1190 5506 καὶ
1223 5455 1284 5505 τὸ
1313 5454 1511 5522 χρῶμα
1528 5454 1746 5521 ἐλέφας,

235 5586 431 5660 (ηονιιιιι
471 5593 652 5644 orbem
699 5595 918 5660 vocant)
983 5589 1283 5653 abundare,
1316 5605 1450 5657 quas
1497 5589 1748 5644 homines

233 5657 408 5717 colant,
437 5671 490 5711 et
518 5664 829 5715 universum
864 5657 1054 5715 orbem
1098 5661 1190 5727 qui
1236 5661 1437 5728 ubique
1469 5660 1540 5711 sit
1567 5660 1748 5713 vitalis

233 5737 353 5800 aunt
391 5731 658 5800 particeps,
691 5747 796 5784 non
841 5747 962 5784 esse
1010 5730 1422 5784 inhabitabilem
1457 5746 1470 5782 :
1502 5729 1554 5781 id
1600 5729 1745 5796 quod

234 5798 502 5862 antiquitus
562 5804 724 5854 etiam
789 5803 1020 5868 primum
1084 5800 1432 5853 Posidonium
1503 5800 1745 5868 philoso-

1781 4501 1833 4562 D

1853 3258 2002 3312 enim
2058 3258 2340 3314 hominum
2383 3260 2497 3314 haec
2551 3272 2704 3315 certo
2766 3269 3043 3316 asseveret
3097 3271 3150 3316 et
3190 3261 3422 3316 demon-

1853 3351 2056 3415 stret?)
2109 3360 2164 3404 et
2212 3361 2474 3418 praterea
2521 3355 2623 3407 sub
2662 3353 2808 3406 omni
2847 3368 2912 3406 ea
2951 3368 3073 3422 qua:
3124 3354 3178 3407 in
3236 3355 3421 3409 medio

1857 3443 2202 3512 protenditur
2258 3453 2424 3505 terra,
2472 3444 2540 3497 ad
2595 3460 2743 3498 mare
2781 3443 3026 3498 Rubrum
3061 3462 3418 3519 procurrens.

1855 3551 1920 3589 ac
1947 3537 2050 3590 sub
2077 3551 2147 3590 eo
2175 3552 2393 3606 quoque
2445 3538 2751 3605 prolapsus,
2783 3538 2837 3591 in
2871 3539 3105 3592 alterum
3139 3541 3262 3608 ejus
3321 3541 3420 3594 de-

1856 3628 2034 3682 fertur
2061 3628 2237 3688 littus.
2275 3629 2378 3682 sub
2406 3629 2458 3682 id
2492 3631 2640 3698 quod
2671 3631 2883 3684 dicitur
2919 3631 3061 3685 inme
3102 3639 3422 3700 promonto-

1858 3720 2001 3774 rium
2039 3722 2155 3789 (nbi
2191 3722 2333 3775 duos
2375 3725 2550 3776 fertur
2581 3723 2799 3778 eﬂicere
2830 3723 3034 3785 fontes,
3079 3741 3186 3778 non
3224 3739 3417 3793 parum

1858 3815 2003 3867 inter
2030 3829 2088 3868 se
2122 3814 2418 3879 distantes,
2447 3824 2505 3868 et
2537 3831 2757 3869 sursum
2789 3831 3008 3870 versum
3046 3833 3239 3888 magna
3265 3819 3317 3871 vi
3365 3829 3423 3873 et

1857 3906 2073 3972 fragore
2121 3916 2592 3976 prorumpentes),
2643 3917 2701 3963 et
2748 3909 2876 3963 inde
2928 3925 3027 3978 per
3082 3909 3420 3978 [Ethiopiam

1861 3995 2204 4062 provolutus,
2244 3997 2298 4048 in
2331 3997 2625 4065 A‘Tgyptum
2657 4001 2956 4065 procurrit,
2990 4013 3088 4066 per
3125 3998 3423 4053 altissimas

1858 4103 2027 4157 rupes
2061 4089 2294 4157 strepitu
2330 4091 2597 4143 immenso
2652 4090 3022 4159 praecipitans.
3065 4091 3232 4144 Addit
3267 4093 3422 4146 insu-

1856 4195 1955 4250 per
1987 4190 2042 4235 et
2072 4181 2228 4244 illud,
2263 4191 2496 4235 tractum
2548 4183 2702 4236 illum
2737 4183 2890 4236 orbis
2937 4184 3003 4234 ad
3045 4182 3328 4236 Orientem
3363 4193 3420 4238 et

1859 4271 2146 4324 meridiem
2182 4283 2422 4333 omnem,
2448 4273 2805 4340 quantumvis
2833 4273 2885 4324 in
2914 4273 3180 4327 immenso
3197 4275 3416 4336 ardore,

1859 4363 2094 4416 maxima
2143 4373 2324 4416 tamen
2359 4373 2414 4418 et
2451 4365 2831 4418 robustissima
2872 4362 3015 4418 ferre
3056 4370 3263 4429 omnia,
3299 4382 3420 4436 qua:

1861 4451 1946 4504 vel
1979 4460 2128 4504 terra
2161 4453 2244 4504 vel
2277 4468 2414 4520 aqua
2447 4453 2768 4522 gignuntur.
2799 4453 2857 4506 In
2888 4469 2954 4507 co
2978 4455 3124 4507 enim
3164 4458 3299 4508 mari
3328 4457 3423 4510 ad-

1864 4543 2126 4597 miranda:
2157 4545 2554 4612 magnitudinis
2589 4544 2850 4599 immania
2890 4555 3010 4600 cete
3041 4548 3420 4614 reperiuntur,

1859 4649 1983 4703 quae
2014 4649 2393 4702 saepenumero
2435 4637 2714 4690 Oceanum
2747 4652 2874 4691 eum
2907 4640 3296 4708 navigantibus
3331 4654 3425 4708 pe-

1859 4727 1982 4795 lago
2011 4727 2315 4780 innatantia
2340 4737 2398 4781 et
2415 4730 2752 4797 emergentia
2774 4739 3170 4796 apparuerunt,
3191 4740 3247 4782 et
3279 4743 3423 4783 terra

1861 4818 1977 4886 ipsa
2013 4818 2337 4886 elephantos
2371 4818 2535 4872 habet
2563 4820 2722 4887 longe
2765 4823 3031 4872 maximos
3080 4829 3136 4873 et
3170 4821 3422 4874 vastissi-

1861 4923 1982 4962 mos
2013 4926 2027 4962 :
2062 4919 2326 4975 praeterea
2359 4923 2454 4962 eos
2485 4911 2581 4978 qui
2614 4910 2788 4979 spurii
2819 4912 3097 4978 elephanti
3136 4911 3418 4973 dicuntur,

1859 5013 2098 5066 quorum
2128 5014 2303 5067 genus
2327 5010 2526 5054 caetera
2559 5002 2782 5070 quidem
2814 5001 2983 5054 boves
3018 5013 3144 5054 sunt
3175 5005 3420 5066 maximi,

1859 5091 2003 5158 pelle
2033 5099 2218 5143 autem
2267 5099 2324 5142 et
2353 5093 2562 5157 colore,
2598 5095 2826 5161 ipsaque
2857 5091 2996 5144 adeo
3045 5093 3421 5159 magnitudine

1858 5177 2160 5245 elephanti.
2197 5178 2338 5232 Sunt
2378 5181 2452 5232 ibi
2498 5197 2718 5249 quoque
2751 5182 3022 5234 dracones
3046 5182 3162 5234 sive
3195 5197 3424 5250 serpen-

1861 5281 1968 5335 tes,
1987 5270 2357 5326 crassitudine
2388 5273 2633 5326 trabibus
2652 5289 2760 5326 non
2790 5272 3054 5338 minores,
3081 5274 3422 5341 longitudine

1859 5365 1924 5415 ad
1959 5364 2274 5427 quindecim
2309 5365 2553 5431 protensi
2585 5377 2780 5430 orgyas
2809 5377 2905 5416 seu
2939 5379 3151 5432 passus,
3184 5381 3419 5431 quarunt

1859 5457 2067 5509 exuviae
2093 5456 2256 5509 etiam
2294 5457 2522 5508 Romam
2558 5455 2687 5508 visa
2735 5465 2865 5508 sunt
2898 5453 3148 5522 perferri.
3177 5455 3242 5508 Et
3271 5457 3416 5523 apud

1860 5591 2048 5660 phum.
2100 5588 2325 5643 Panaetii
2377 5588 2728 5657 discipulum,
2785 5588 2984 5642 deinde
3027 5602 3245 5657 quoque
3293 5591 3424 5641 Avi-

1858 5674 2086 5738 cennam
2110 5662 2348 5740 .Arahcm
2385 5663 2657 5714 medicum
2692 5661 3014 5713 observasse
3055 5660 3420 5726 quorumdam

1859 5739 1940 5783 est
1971 5742 2177 5795 Opinio.

1929 5799 2003 5867 (ι)
2035 5801 2186 5868 Apud
2225 5802 2361 5856 Plin.
2396 5801 2620 5872 Hypasis
2645 5811 2754 5870 est,
2790 5801 2891 5856 lib.
2929 5815 2988 5860 ιι,
3028 5812 3147 5866 cap.
3193 5797 3280 5852 75.
