3928 6550
494 371 597 433 303
632 420 636 422 γ

1709 373 2139 435 NICEPIIORI
2178 376 2522 443 CALLISTI
3616 404 3696 469 30L

492 505 587 543 ens
616 477 807 556 gentes
835 500 1181 555 monoceros,
1212 504 1309 544 seu
1346 490 1634 547 nnicornis
1664 493 1943 554 animans,
1978 505 2056 545 ca-

2166 496 2259 549 καὶ
2302 500 2489 569 σχεδὸν
2518 501 2714 566 εἰπεῖν,
2750 504 2846 556 καὶ
2890 505 2950 557 τὸ
2983 486 3236 574 μέγεθος.
3288 508 3449 563 Ἀλλὰ
3481 514 3565 567 καὶ
3587 519 3692 588 δρά.

495 590 594 649 put
625 580 885 634 draconis
919 580 1147 640 habens.
1179 582 1343 652 725
1374 591 1431 638 et
1457 597 1629 638 cornu
1659 598 1770 637 non
1799 597 2055 652 magnum

491 670 716 737 quidem
767 668 926 734 illud,
964 671 1061 725 sed
1116 681 1449 727 tortuosum.
1483 672 1726 727 Mentqu
1766 672 1845 726 illi
1895 688 2059 727 omne

488 760 657 814 barba
704 760 971 826 obsitum,
1014 762 1216 816 collum
1256 763 1479 833 longum
1523 763 1576 817 in
1612 764 1783 816 altum
1831 773 2057 833 proten-

488 869 633 915 sntn,
665 865 721 907 et
751 853 1028 918 serpentis
1063 854 1263 908 tractui
1299 869 1460 923 quam
1493 854 1860 909 simillimum.
1904 856 2051 909 Reli-

490 960 659 1010 quum
710 959 913 1014 corpus
948 959 1114 999 cervo
1165 945 1448 999 similius:
1491 947 1660 1016 pedes
1689 948 1872 1000 autem
1923 955 2055 1000 sunt

489 1036 690 1099 leonis,
723 1037 883 1105 cujus
915 1034 1147 1105 elﬁgiem
1178 1035 1457 1090 coloribus
1481 1051 1802 1105 expressam
1830 1052 1859 1090 a
1883 1038 2057 1106 picto-

492 1128 648 1182 ribus
683 1128 1009 1196 conSpicere
1056 1126 1208 1180 licet.
1264 1126 1729 1197 CameIOpardalis
1765 1129 1930 1183 etiam
1968 1142 2057 1182 re-

486 1216 668 1285 gionis
692 1216 817 1285 ejus
853 1225 938 1270 est
964 1215 1201 1280 soboles,
1236 1231 1360 1285 qua:
1393 1218 1613 1287 quidem
1643 1219 1768 1275 aliis
1794 1220 2046 1289 partibus

486 1308 635 1361 cervi
672 1307 1106 1377 magnitudinem
1138 1307 1327 1371 refert,
1365 1310 1701 1378 proceritate
1741 1322 1925 1365 autem
1963 1326 2055 1364 ca-

487 1405 611 1458 meli
646 1417 847 1473 corpus
871 1401 1142 1457 imitatur.
1170 1401 1388 1457 Collum
1416 1403 1796 1474 longissimum
1833 1416 1890 1460 et
1922 1407 2053 1460 reli-

485 1511 609 1565 qua:
637 1495 888 1563 corporis
922 1494 1268 1564 preportioni
1302 1504 1360 1551 et
1386 1497 1787 1552 convenientia:
1823 1498 2050 1552 minime

487 1584 850 1655 respondens,
906 1584 959 1638 in
1006 1585 1178 1639 altum
1222 1595 1471 1640 erectum
1520 1592 1747 1657 gestat:
1791 1602 1855 1641 ac
1905 1588 2050 1655 pelle

489 1686 602 1730 tota
630 1690 661 1728 a
695 1689 916 1730 summo
952 1675 1134 1744 capite
1184 1676 1250 1729 ad
1284 1676 1424 1730 imos
1466 1677 1636 1745 pedes
1684 1677 2044 1742 versicolore,

384 1824 391 1835 γ
486 1781 651 1838 quam
714 1766 970 1836 proxime
1028 1766 1096 1821 ad
1153 1761 1422 1836 pardalim
1476 1768 1711 1833 accedit,
1764 1767 2053 1837 pedesque

486 1832 703 1930 priores
716 1832 1138 1928 posterioribus
1155 1832 1388 1914 altiores
1418 1859 1605 1915 habet.
1632 1832 1729 1915 Est
1752 1832 1882 1915 item
1909 1832 2055 1929 apud
2083 1832 2131 1903 Β

486 1966 584 2007 eos
613 1951 708 2021 qui
743 1951 952 2004 dicitur
990 1950 1398 2019 aegopithecus,
1427 1951 1587 2007 simia
1626 1951 1896 2021 quadam.
1927 1951 2059 2006 Plu-

487 2045 628 2097 rima
670 2041 816 2098 enim
865 2051 994 2098 sunt
1038 2041 1329 2096 simiarnm
1379 2058 1582 2113 genera
1632 2043 2052 2113 :arct0pitbeci

487 2136 720 2198 scilicet,
772 2134 1211 2203 leontOpitheci,
1263 2143 1321 2190 et
1370 2134 1767 2206 c'ynocephali,
1824 2140 1881 2189 et
1936 2135 2061 2189 alia;

487 2224 614 2279 aliis
663 2223 965 2278 multarum
1011 2224 1381 2279 animantium
1436 2225 1730 2294 Speciebus
1764 2225 2059 2281 simiarum

488 2314 664 2377 [οι-ηδε
696 2313 979 2382 pertuista.
1029 2311 1279 2379 Quarum
1311 2314 1602 2382 permultae
1629 2313 1798 2369 etiam
1833 2315 1901 2369 ad
1957 2328 2059 2371 nos

488 2408 716 2476 perlata
738 2406 844 2460 hoc
873 2405 1169 2460 manifesto
1215 2405 1521 2461 declarant.
1548 2405 1623 2459 Ex
1646 2407 1850 2476 quibus
1890 2410 2055 2463 etiam

489 2514 577 2555 est
616 2500 661 2554 is
690 2498 786 2569 qui
837 2499 1040 2555 dicitur
1087 2497 1225 2563 Pan,
1260 2499 1466 2567 capite,
1497 2499 1654 2554 vultu
1698 2508 1756 2554 et
1791 2502 2058 2556 cantibus

488 2601 710 2661 eapra‘m
753 2589 1024 2654 referens,
1070 2599 1127 2644 et
1163 2589 1232 2643 ab
1264 2589 1431 2645 ilibus
1463 2591 1596 2645 item
1630 2592 1887 2646 deorsum
1931 2607 2055 2647 vero

487 2700 609 2740 sum
661 2683 906 2753 caprinis
960 2681 1197 2751 pedibus
1249 2682 1548 2747 insistens,
1598 2693 1791 2739 ventre
1847 2694 2055 2750 autem,

491 2783 713 2843 pectore
756 2784 813 2830 et
841 2772 1096 2828 manibus
1126 2787 1277 2827 mera
1310 2774 1472 2829 simia
1500 2790 1515 2828 :
1554 2789 1718 2843 quem
1767 2786 1880 2829 tum
1913 2791 2052 2845 quo-

489 2883 596 2936 que
655 2867 914 2922 Indorum
978 2883 1089 2929 rex.
1131 2867 1458 2924 Constantio
1498 2872 1668 2924 misit.
1714 2870 1870 2937 Quod
1922 2887 2056 2925 sane

488 2961 694 3014 animal
726 2960 793 3013 ad
838 2970 1056 3028 tempus
1092 2959 1339 3030 aliquod.
1376 2976 1503 3016 cum
1527 2961 1769 3017 ferretur
1798 2962 1855 3016 in
1886 2976 2055 3017 cavea

488 3061 713 3120 prepler
736 3051 1076 3106 ferocitatem
1109 3053 1407 3116 inclusum,
1440 3054 1597 3108 vixit.
1622 3053 1725 3110 Ubi
1752 3070 1884 3109 vero
1909 3068 2059 3108 mor-

491 3152 645 3197 tuum
706 3150 815 3205 est,
865 3143 1213 3199 aromatibus
1261 3144 1598 3199 condierunt
1641 3153 2051 3205 exenteratum,
2090 3160 2111 3205 _'

489 3235 582 3301 qui
619 3234 892 3297 ferebant,
923 3242 979 3289 et
1008 3234 1246 3291 insolitae
1277 3234 1469 3290 formae
1499 3236 1841 3291 ostentanda:
1877 3237 2061 3305 gratia.

487 3329 1023 3399 Constantinopolim
1060 3338 1341 3387 servatum
1379 3329 2061 3399 pertulerunt.~Videntur

490 3433 675 3479 autem
710 3422 845 3476 mihi
878 3422 1083 3476 animal
1108 3421 1212 3475 hoc
1236 3423 1367 3481 olim
1395 3422 1600 3476 vidisse
1620 3420 1818 3484 Graeci.
1846 3437 2051 3491 eosque

493 3515 793 3572 insolentia
834 3524 1093 3585 aspectus
1131 3514 1455 3578 exterritos,
1486 3513 1649 3570 deum
1683 3513 1789 3569 sibi
1833 3516 2057 3571 COIISli‘.

491 3609 665 3664 tuisse
692 3644 713 3671 ,
746 3623 869 3661 cum
905 3607 1151 3663 solemne
1192 3606 1297 3662 hoc
1328 3605 1437 3660 illis
1461 3615 1629 3670 esset,
1660 3615 1721 3661 ut
1750 3622 1871 3677 quae
1896 3608 2056 3665 ﬁdem

490 3699 849 3760 excellerent,
890 3713 954 3752 ea
989 3697 1044 3751 in
1080 3697 1216 3752 deos
1238 3684 1557 3753 'rel‘errent.
1592 3696 1650 3751 id
1683 3698 1830 3766 quod
1864 3698 1919 3752 in
1953 3697 2056 3753 Sa-

493 3800 614 3861 tyro
647 3804 869 3857 quoque
901 3788 971 3842 ab
1019 3789 1104 3842 eis
1132 3796 1217 3842 est
1267 3788 1499 3851 factum,
1528 3787 1622 3856 qui
1650 3798 1708 3843 et
1746 3788 1863 3858 ipse
1898 3790 2055 3844 simia

489 3893 596 3945 est,
632 3882 771 3937 facie
803 3882 995 3959 rubra,
1032 3880 1097 3934 ad
1130 3889 1339 3934 motum
1371 3878 1569 3944 facilis,
1596 3890 1651 3936 et
1676 3882 1926 3936 .caudam
1961 3882 2058 3936 ha-

493 3975 652 4030 hens.
688 3973 832 4039 Quin
882 3979 939 4027 et
982 3970 1195 4040 Sphinx
1241 3986 1308 4027 ex
1356 3987 1557 4042 genere
1605 3972 1892 4028 simiarum
1922 3983 2051 4028 est:

492 4065 652 4134 cujus
706 4064 982 4132 reliquum
1043 4075 1283 4128 corpus,
1341 4070 1403 4116 ut
1451 4062 1684 4116 aliarum
1738 4062 2055 4125 simiarum,

494 4157 771 4213 hirsutum
803 4164 914 4216 est,
946 4160 1138 4222 pectus
1170 4161 1353 4207 autem
1392 4151 1460 4206 ad
1493 4153 1694 4207 collum
1739 4168 1914 4222 usque
1945 4155 2059 4221 gla-

496 4251 682 4303 hrunt.
720 4247 986 4300 Mammas
1032 4259 1198 4314 porro
1231 4243 1480 4299 mulieris
1522 4244 1735 4298 habet:
1768 4253 2056 4314 totumque

493 4356 721 4410 corpus,
756 4353 863 4407 qua
899 4336 1107 4391 nudum
1135 4344 1243 4401 est,
1273 4335 1444 4390 rubra
1481 4335 1731 4404 quaedam
1763 4345 1821 4388 et
1849 4337 2053 4403 tenuis,

494 4433 630 4487 iniiii
682 4430 888 4501 specie,
921 4428 1223 4483 eminentia
1276 4428 1334 4482 itt
1385 4429 1579 4483 orbem
1620 4427 1952 4490 circumdat,
2002 4440 2058 4483 et

2167 606 2354 654 κοντες
2386 594 2445 645 ἒν
2487 593 2700 659 τούτοις
2735 596 2869 663 eici,
2908 599 3079 668 πάχος
3117 601 3215 670 μὲν
3243 600 3417 655 δοκῶν
3446 604 3541 657 οὒκ
3566 611 3693 665 ὲλάτ.

2163 696 2310 747 τους,
2347 683 2409 737 τὸ
2441 683 2502 738 δὲ
2536 687 2710 756 μῆκος
2739 690 2820 750 είς
2866 695 2928 739 ιε’
2979 692 3438 762 παρατεινόμενον
3483 694 3692 767 ὀργυιάς,

2166 772 2275 824 Καὶ
2309 775 2419 844 γὰρ
2447 778 2539 828 καὶ
2572 776 2727 847 δοραὶ
2767 779 2976 832 τούτων
3017 784 3074 843 ις
3120 784 3433 852 Ῥωμαίους
3471 787 3695 860 ὤφθησαν

2162 862 2694 933 διακομισθεῖσαι.”¹0
2724 885 2783 922 τε
2808 872 3118 941 μονόκερως
3145 875 3204 925 τὸ
3230 875 3371 938 ζῶον
3398 878 3527 946 παρ’
3546 883 3696 949 αὐτοῖς

2165 955 2305 1016 ἐστι,
2340 957 2442 1025 τὴν
2473 960 2718 1027 κεφαλὴν
2746 962 2848 1031 μὲν
2897 964 3191 1031 δράκοιτος
3222 967 3426 1036 φέρων,
3469 969 3617 1039 κέρας
3652 976 3697 1028 δὶ

2165 1046 2380 1098 σκολιὸν
2413 1050 2562 1120 αὑτῷ
2597 1053 2862 1121 πέφυκεν,
2893 1055 3010 1107 οὔτι
3054 1057 3260 1125 σφόδρα
3294 1058 3457 1127 μέγα.
3478 1058 3531 1114 ’0
3557 1061 3604 1116 δὲ
3624 1067 3699 1118 ἀν-

2162 1135 2367 1207 θερεὼν
2390 1140 2538 1209 αὐτῷ
2567 1141 2830 1210 πώγωνος
2862 1146 3283 1214 ὑποπίμπλαται
3328 1146 3700 1222 ἅπας’μακρὸς

2159 1228 2215 1282 δι
2235 1231 2264 1282 ό
2281 1231 2552 1302 τράχηλος
2570 1235 2650 1296 είς
2668 1233 2800 1305 ὕψος
2819 1237 3258 1305 ἀνατεινόμενος,
3279 1239 3421 1309 ὁλκῷ
3444 1240 3701 1311 δράκοντος

2161 1321 2443 1389 ἐγγύτατα
2489 1327 2897 1399 παραπλήσιος.
2931 1330 3002 1381 Τὸ
3051 1331 3107 1383 δὲ
3169 1333 3300 1385 ἄλλο
3347 1332 3506 1403 σῶμα
3547 1337 3701 1410 ἐλάφῳ

2165 1414 2458 1482 προσέοικε
2497 1418 2696 1487 μᾶλλον
2714 1433 2731 1450 ο
2762 1421 2892 1483 τοὺς
2921 1422 2977 1474 δὲ
3006 1422 3173 1486 πόδας
3214 1424 3432 1488 λέοντος
3459 1424 3565 1495 ἔχει
3584 1443 3598 1459 ·
3624 1434 3702 1485 καὶ

2161 1504 2276 1558 ἔστι
2307 1522 2371 1575 γε
2422 1509 2589 1563 αὑτοῦ
2621 1511 2684 1563 τὸ
2713 1512 3020 1583 ἑκτύπωμα
3069 1516 3229 1586 όρᾷν,
3262 1516 3551 1587 χρώμασιν
3583 1522 3704 1576 ιστο-

2165 1602 2447 1669 ρούμενον.
2478 1603 2588 1656 Καὶ
2616 1602 2681 1674 δὴ
2733 1606 2830 1660 καὶ
2860 1609 2892 1678 ἡ
2916 1609 3403 1678 καμηλοπάρδαλις
3429 1610 3527 1677 τῆς
3547 1613 3701 1687 ἐκείνῃ

2163 1691 2413 1759 γέννημα
2464 1691 2649 1763 χώρας
2676 1709 2690 1724 ·
2726 1696 2758 1765 ἠ
2786 1694 2854 1748 τὰ
2888 1698 2989 1767 μὲν
3018 1697 3154 1752 ἄλλα
3201 1698 3404 1768 ἐλαφός
3433 1702 3548 1754 ἐστι
3579 1704 3706 1771 μεγί-

2165 1793 2286 1845 στη,
2316 1778 2573 1848 καμήλου
2617 1782 2675 1836 δὲ
2715 1784 2777 1836 τὸ
2803 1783 2940 1854 ὕψος
2978 1788 3207 1841 ἐνέδωκε
3239 1788 3301 1840 τὸ
3354 1788 3517 1860 σῶμα
3549 1796 3705 1862 μιμεῖ-

2162 1867 2311 1924 σθαι.
2373 1868 2477 1923 Τὸν
2510 1873 2697 1940 μέντοι
2753 1877 2960 1945 αὐχένα
2999 1878 3265 1947 μήκιστον
3316 1882 3412 1934 καὶ
3461 1882 3599 1951 ὑπὲρ
3624 1885 3705 1955 τὴν

2162 1960 2460 2030 ἀναλογίαν
2491 1963 2588 2015 τοῦ
2619 1964 2812 2019 λοιποῦ
2842 1966 3097 2043 σώματος
3124 1972 3281 2040 φέρει
3308 1973 3388 2035 εἰς
3412 1971 3548 2040 ὕψος
3570 1978 3705 2046 ἀνορ-

2162 2049 2444 2119 θούμενον.
2489 2054 2651 2109 Ἀλλὰ
2680 2058 2775 2109 καὶ
2812 2057 2912 2128 τὴν
2939 2060 3104 2129 δορὰν
3153 2062 3376 2116 ἃπασαν
3410 2063 3519 2117 ἀπὸ
3558 2082 3705 2134 κεφα-

2160 2141 2257 2210 λῆς
2288 2141 2466 2212 ἄκρας
2517 2143 2626 2208 ἓως
2658 2146 2903 2215 ἐσχάτων
2955 2149 3137 2205 ποδῶν
3190 2152 3456 2221 παρδάλει
3500 2155 3706 2223 μάλιστα

2159 2233 2257 2303 τὴν
2283 2235 2562 2288 ποικιλίαν
2615 2242 3109 2312 προσφορωτάτην
3140 2243 3256 2314 ἔχει
3284 2259 3299 2278 ⁸
3337 2248 3436 2299 καὶ
3481 2247 3599 2311 τοὺς
3625 2249 3710 2318 ἔμ-

2161 2326 2401 2397 προσθεν
2429 2329 2597 2393 πόδας
2626 2331 3004 2402 ὑψηλοτάτους
3040 2334 3151 2389 τῶν
3179 2334 3430 2393 ὄπισθεν.
3471 2339 3602 2405 Παρ*
3628 2343 3710 2393 αὑ-

2158 2418 2270 2478 τοῖς
2298 2417 2358 2471 δέ
2378 2420 2499 2473 ἐστι
2529 2422 2623 2473 καὶ
2646 2423 2674 2475 ὀ
2692 2423 2982 2493 λεγόμενος
2996 2427 3372 2499 αίγοπίθηκος,
3400 2429 3625 2499 πίθηκός
3638 2448 3709 2494 τις

2158 2504 2233 2558 ῶν
2261 2522 2276 2537 ⁸
2312 2509 2488 2576 μυρία
2519 2511 2629 2578 γάρ
2662 2513 2781 2564 ἐστι
2821 2515 2956 2585 γένη
3001 2517 3255 2586 πιθήκων
3278 2536 3293 2549 ·
3329 2520 3709 2590 ἀρκτοπῐθηκοι

2159 2599 2269 2666 γάρ
2300 2601 2440 2651 εἰσιν
2470 2603 2528 2653 ὲν
2550 2603 2757 2668 αὐτοῖς,
2792 2606 2888 2657 καὶ
2915 2605 3353 2679 λεοντοπίθηκοι,
3384 2611 3482 2663 καὶ
3508 2613 3711 2664 κυνοκέ-

2159 2690 2341 2758 φαλοι,
2396 2693 2491 2744 καὶ
2535 2694 2728 2757 ἄλλαις
2779 2697 2992 2751 πολλῶν
3024 2697 3184 2762 ζώων
3220 2700 3393 2762 ἰδέαις
3430 2703 3534 2770 τῆς
3566 2705 3711 2774 πιθη-

2158 2783 2314 2845 κείας
2355 2783 2574 2854 μορφῆς
2622 2786 3090 2859 ὲπιμιγνυμίνης,
3121 2790 3196 2853 ὼς
3237 2793 3334 2845 καὶ
3387 2793 3561 2847 πολλὰ
3597 2794 3713 2863 δῆλα

2158 2873 2482 2926 καθίσταται
2513 2875 2645 2945 παρ’
2672 2878 2808 2946 ἡμῖν
2835 2878 3174 2948 κομιζᾶμενα
3195 2896 3208 2912 ⁶
3230 2883 3291 2933 ὲν
3316 2879 3401 2946 οἷς
3422 2886 3544 2936 ἐστι
3570 2887 3662 2939 καὶ
3690 2889 3715 2938 ό

2157 2965 2474 3035 ἐπικληθεὶς
2500 2967 2638 3030 Πὰν,
2669 2968 2730 3031 ὓς
2761 2970 2862 3040 τὴν
2901 2975 2999 3039 μὲν
3033 2974 3279 3044 κεφαλὴν
3302 2976 3712 3044 αἱγοπρόσωπός
3821 2990 3839 3018 ι

2158 3059 2295 3121 ἔστι,
2336 3059 2433 3111 καὶ
2466 3058 2800 3128 αἰγόκερως,
2845 3065 2942 3116 καὶ
2968 3066 3033 3116 ὲκ
3079 3065 3325 3131 λαγόνων
3359 3068 3430 3120 τὰ
3464 3070 3615 3122 κάτω
3644 3071 3717 3120 ai-

2157 3150 2465 3220 γοσκελής·
2496 3152 2595 3221 τὴν
2639 3153 2696 3206 δὲ
2746 3155 2959 3208 κοιλίαν
3001 3157 3185 3210 καὶτὸ
3232 3159 3462 3228 στέρνον
3510 3161 3605 3213 καὶ
3629 3165 3715 3222 τὰς

2159 3240 2353 3309 χεῖρας
2382 3241 2623 3312 καθαρὸς
2680 3244 2913 3314 πίθηκος
2937 3263 2953 3278 ·
2985 3246 3044 3300 ὃν
3079 3251 3173 3300 καὶ
3198 3250 3226 3301 δ
3265 3251 3375 3304 τῶν
3417 3251 3603 3304 Ἰνδῶν
3631 3252 3719 3321 βα-

2159 3331 2342 3394 σιλεὺς
2400 3333 2710 3399 τηνικαῦτα
2760 3337 3129 3409 Κωνσταντίῳ
3172 3342 3521 3397 ἀπέστειλεν.
3553 3345 3618 3397 Ὃ
3661 3344 3715 3413 δὴ

2156 3425 2315 3496 ζωὴν
2345 3425 2441 3495 ἔζη
2485 3427 2585 3496 μὲν
2617 3429 2923 3497 φερόμενον
2951 3432 3078 3501 ἄχρι
3111 3434 3287 3499 τινὸς,
3323 3435 3381 3487 ἔν
3425 3453 3540 3489 τινι
3572 3437 3722 3506 πλέγ-

2160 3534 2289 3588 ματι
2320 3519 2408 3571 διὰ
2436 3520 2498 3572 τὸ
2526 3520 2794 3591 θηριῶδες
2831 3526 3156 3595 είργμένονο
3195 3530 3316 3581 ἐπεὶ
3358 3530 3418 3583 δὲ
3469 3531 3717 3595 ἀπέθανε,

2154 3609 2581 3678 ταριχεύσαντες
2610 3613 2744 3666 αὐτὸ
2767 3618 2816 3667 oi
2856 3617 3200 3684 κομίζοντες,
3231 3619 3516 3689 θεάματος
3557 3640 3721 3692 παρα-

2158 3700 2310 3765 σχεῖν
2357 3699 2664 3771 ἀσυνήθους
2715 3705 2919 3769 είκόνα,
2959 3708 3122 3778 μέχρι
3170 3712 3271 3776 τῆς
3314 3712 3722 3767 Κωνσταντίνου

2156 3786 2485 3843 διεσώσαντο
2525 3793 2755 3856 πόλεως.
2791 3796 2899 3848 Καί
2938 3813 3031 3866 μοι
3055 3797 3274 3852 δοκοῦσι
3294 3801 3365 3854 τδ
3394 3802 3545 3865 ζῶον
3578 3805 3725 3859 τοῦτο

2160 3876 2422 3949 Ἕλληνες
2469 3882 2639 3937 πάλαι
2700 3886 2849 3951 ίδιίν,
2903 3890 2999 3943 καὶ
3041 3893 3415 3960 ἐκπλαγέντες
3471 3897 3555 3967 τῷ
3599 3898 3725 3965 ξένῳ

2157 3970 2259 4037 τῆς
2292 3970 2438 4037 θέας,
2469 3974 2591 4027 θεὸν
2623 3978 2777 4045 σφίσι
2812 3980 3055 4049 νομίσαι,
3092 3984 3403 4051 εἰθισμένον
3449 3990 3637 4053 αὐτοῖς
3666 3991 3727 4043 τὰ

2159 4060 2439 4131 παράδοξα
2492 4064 2767 4122 θεοποιεῖν
2790 4086 2805 4100 ⁸
2838 4069 3026 4143 ὥσπερ
3083 4075 3144 4147 δὴ
3190 4078 3292 4131 καὶ
3326 4078 3437 4132 ⁴τδν
3472 4082 3725 4152 Σάτυρον.

2163 4153 2321 4207 Ἐστι
2347 4155 2404 4208 δὲ
2431 4157 2528 4209 καὶ
2563 4160 2725 4212 τοῦτο
2758 4162 3017 4233 πίθηκος,
3046 4167 3283 4238 ἐρυθρὸς
3306 4173 3369 4224 τὸ
3414 4174 3727 4244 πρόσωπον,

2158 4246 2254 4299 καὶ
2285 4246 2485 4314 γοργὸς
2512 4248 2613 4319 τὴν
2641 4250 2883 4322 κίνησιν,
2915 4258 3008 4309 καὶ
3054 4259 3225 4325 οὐρὰν
3260 4261 3427 4330 ἔχων,
3465 4267 3581 4317 Καὶ
3629 4266 3726 4333 μὴν

2158 4336 2256 4388 καὶ
2288 4338 2321 4407 η
2353 4339 2519 4406 σφὶγξ
2568 4341 2726 4408 γένος
2754 4347 2877 4400 ἐστὶ
2922 4347 3175 4418 πιθήκων
3197 4368 3212 4383 ’
3244 4347 3311 4424 ἧς
3349 4354 3413 4407 τὺ
3451 4357 3561 4424 μὲν
3611 4356 3732 4413 ἄλλο

2161 4428 2322 4497 σῶμα
2351 4430 2537 4486 λάσιόν
2567 4436 2739 4498 ἐστιν,
2770 4436 2848 4500 ὡς
2877 4442 2997 4502 τοῖς
3029 4440 3236 4506 λοιποῖς
3282 4446 3568 4515 πιθήκοις,
3593 4450 3654 4501 τὸ
3678 4449 3731 4501 δὲ
3764 4474 3770 4479 ι

496 4529 730 4583 multum
761 4526 984 4581 decoris
1017 4534 1182 4595 atque
1210 4522 1400 4593 gratiae
1429 4520 1625 4584 colori,
1653 4520 1750 4590 qui
1784 4522 1841 4577 in
1869 4520 2053 4575 medio

2163 4520 2383 4588 στέρνον
2409 4521 2537 4591 ἄχρι
2569 4539 2633 4591 γε
2668 4526 2833 4579 αὑτοῦ
2865 4529 2961 4581 τοῦ
3009 4532 3281 4601 τραχήλου
3303 4535 3601 4604 ὲψίὶωται.
3625 4539 3736 4593 Μα-

497 4622 774 4674 ltumanus
798 4627 904 4684 est,
931 4616 1194 4671 conciliat
1227 4633 1242 4670 :
1275 4613 1446 4669 facies
1473 4612 1786 4682 plusculum
1818 4613 2055 4667 rotunda

494 4718 551 4763 et
578 4718 735 4762 acuta
768 4716 874 4769 est,
909 4704 1074 4775 726
1107 4713 1162 4759 et
1191 4702 1258 4757 ad
1291 4700 1616 4757 muliebrem
1650 4698 1923 4760 inclinans
1946 4701 2060 4755 for-

495 4818 663 4858 tnam.
696 4802 813 4857 Vox
839 4800 1030 4855 itidem
1073 4813 1304 4868 prorsus
1347 4798 1608 4859 humana,
1645 4794 1740 4850 sed
1773 4808 1883 4849 non
1919 4797 2056 4851 artic

494 4897 701 4957 culata,
722 4892 976 4947 celeriter
993 4905 1118 4946 cum
1141 4889 1377 4959 quadam
1413 4888 1571 4956 quasi
1593 4882 1973 4952 indignatione
2004 4896 2063 4942 et

495 4992 684 5046 dolore
715 4988 1012 5043 obscurum
1033 4986 1294 5056 quiddam
1325 4982 1647 5039 vociferanti
1680 4984 1880 5039 similis
1906 4998 2061 5052 :gra-

494 5083 615 5139 vior
637 5091 821 5138 autem
849 5087 938 5136 est
965 5087 1021 5132 et
1049 5076 1352 5139 molestior,
1390 5075 1440 5131 si
1497 5089 1565 5131 ea
1594 5083 1846 5130 acuetur.
1878 5076 2060 5144 Ipsum

492 5191 661 5247 porro
707 5173 911 5229 animal
961 5170 1142 5225 ferum
1192 5167 1488 5224 admodum
1536 5175 1646 5231 est,
1705 5175 1957 5222 astutum
2005 5175 2062 5221 et

496 5266 848 5327 tnalevolutn,
882 5275 1062 5330 neque
1087 5259 1226 5315 adeo
1260 5259 1423 5314 facile
1450 5259 1727 5313 domatur.
1764 5257 1875 5312 Hoc
1904 5257 2056 5312 auti-

464 5361 686 5426 muitus
713 5354 849 5410 mihi
879 5352 1101 5407 videtur
1127 5352 1345 5407 Thebas
1387 5349 1612 5405 Boeotia:
1648 5364 1770 5404 esse
1799 5359 2064 5417 apporta-

494 5460 610 5505 tum
644 5467 657 5503 :
698 5455 906 5502 etcum
936 5444 1081 5501 forte
1118 5444 1175 5498 in
1207 5444 1502 5514 quosdam,
1528 5442 1623 5513 qui
1652 5442 1721 5496 ad
1765 5450 2055 5509 spectaco.

492 5542 607 5594 lum
637 5539 756 5608 ejus
779 5534 1185 5601 conﬂuxerant,
1220 5534 1545 5599 insiluisset,
1573 5541 1630 5588 et
1652 5532 1837 5586 vultus
1862 5546 2057 5584 eorum

495 5630 777 5699 unguibus
807 5627 1194 5692 deformasset,
1235 5641 1343 5680 non
1379 5628 1643 5682 ferentem
1669 5620 1937 5694 OEdipum
1978 5624 2059 5679 ci-

498 5723 645 5775 vium
673 5734 897 5775 suorum
932 5717 1344 5779 contumeliam,
1377 5717 1550 5772 feram
1586 5715 1955 5776 interemisse,
1997 5722 2054 5768 et

495 5827 693 5869 nomen
750 5811 877 5868 inde
914 5811 1151 5873 .illustre
1196 5809 1471 5865 retulisse.
1525 5806 1797 5863 Caeterum
1851 5804 2050 5859 fabulae

2163 4611 2293 4677 ζοῦς
2349 4615 2407 4669 δὲ
2469 4621 2735 4685 γυναικὸς
2800 4620 2954 4690 ἔχει,
3014 4623 3248 4695 ἐρυθροῦ
3300 4642 3449 4691 τινος
3509 4631 3736 4698 βραχέος
3793 4663 3811 4683 .

2160 4711 2540 4779 κεγχροειδοῦς
2576 4714 2858 4783 ὲπαναστή
2868 4731 3042 4781 ματος
3071 4717 3219 4769 ἅπαν
3250 4720 3311 4769 ἐν
3345 4720 3542 4792 κύκλῳ
3564 4722 3633 4774 τὸ
3660 4737 3737 4783 τεο

2159 4800 2522 4869 γυμνωμόνον
2582 4802 2679 4855 τοῦ
2733 4803 2990 4871 σώματος
3052 4805 3433 4873 περιθέοντος,
3510 4811 3613 4862 καὶ
3663 4810 3738 4870 τίς

2162 4891 2368 4961 πολλήν
2394 4907 2519 4944 τινα
2572 4893 2906 4963 εὐπρέπειαν
2951 4898 3371 4968 ἀνθρωποφαπῖ
3406 4901 3532 4955 δντι
3572 4902 3655 4972 τῷ
3685 4905 3737 4955 tv

2164 4981 2315 5050 μέσῳ
2352 4980 2605 5051 χρώματι
2652 4985 3173 5056 συναρμοζομένου’
3218 4988 3282 5042 τό
3323 5005 3384 5043 τι
3430 4992 3741 5061 ’πρόσωπον

2161 5072 2664 5141 ὲνεστρογγύλωται
2721 5074 2945 5143 μᾶλλον,
2975 5078 3068 5131 καὶ
3098 5080 3189 5141 τίς
3219 5080 3553 5148 γυναικείαν
3597 5080 3741 5133 uitet

2164 5164 2406 5235 μορφήν.
2447 5165 2521 5219 Ἥ
2571 5183 2633 5219 τε
2672 5168 2823 5237 φωνὴ
2873 5170 3145 5234 ὶπιεικῶς
3194 5172 3550 5243 ἀνθρωπεία,
3608 5174 3742 5241 πλὴν

2161 5252 2286 5308 ὅσον
2314 5254 2415 5306 οὐκ
2454 5255 2536 5316 είς
2567 5254 2749 5325 ἄρθρα
2777 5255 3161 5329 διαιρουμένη,
3193 5260 3332 5315 ἀλλά
3379 5279 3496 5314 τινι
3529 5263 3742 5329 ταχέως

2163 5343 2257 5396 καὶ
2281 5339 2394 5398 οἷον
2427 5347 2568 5415 μετά
2593 5362 2737 5409 τινος
2770 5347 2939 5418 ὀργῆς
2964 5366 3028 5402 τε
3073 5352 3173 5404 καὶ
3217 5351 3523 5421 ἀχθηδόνος
3557 5356 3747 5422 ἄσημα

2164 5436 2657 5507 ὕποφθεγγομάνης
2706 5444 3097 5509 προσεοικυῖα⁸
3133 5443 3407 5512 βαρυτέρα
3434 5462 3504 5497 τε
3539 5445 3745 5515 μᾶλλόν

2163 5531 2309 5582 ἐστιν
2342 5528 2663 5599 ὀξυνομένη.
2694 5531 2921 5601 Ἀγριόν
2963 5534 3022 5585 τέ
3061 5536 3176 5588 ἑστι
3206 5535 3396 5596 δεινῶς
3438 5542 3510 5590 τὸ
3555 5538 3747 5606 θηρίον

2163 5622 2256 5675 καὶ
2289 5623 2754 5693 πανουργότατον,
2797 5626 2892 5677 καὶ
2930 5627 3052 5680 οὐδὲ
3085 5626 3285 5697 ῥᾳδίως
3331 5629 3746 5699 τιθασσευόμε-

2163 5730 2271 5769 νον.
2304 5711 2520 5782 Ταύτης
2555 5717 2633 5776 είς
2665 5714 2851 5785 Θήὸας
2887 5720 3153 5785 μοιδοκῶ
3184 5720 3284 5787 τῆς
3332 5721 3617 5783 Βοιωτίας
3647 5722 3749 5773 πά-

2162 5801 2249 5854 λαι
2289 5800 2661 5871 κομισθείσης,
2715 5805 2810 5857 καί
2856 5822 2998 5861 τισιν
3036 5806 3164 5871 ἴσως
3201 5807 3309 5861 τῶν
3361 5812 3457 5861 ἐπὶ
3485 5808 3599 5880 θέᾳ
3625 5826 3749 5862 συν-
