3928 6550
257 393 346 456 305
838 364 850 374 ’
1123 398 1723 464 ECCLESIASTICAZ
1760 405 2154 466 nis'i‘onue
2198 408 2340 468 LIB.
2380 408 2479 470 1x.

3332 409 3435 468 3(ὶῦ

255 503 562 576 ερῤυηκότων
608 502 969 573 ἔφαλλομένη;
1027 509 1117 562 καὶ
1157 515 1270 573 τοῖς
1317 515 1632 583 προσώποις
1681 517 1758 569 λυι

1883 522 2093 590 (Edipo
2116 522 2457 577 fortitudinis
2487 521 2703 575 laudem
2729 522 3080 584 adornamus,
3107 523 3218 575 alas
3242 522 3437 576 bellum

257 593 555 662 μηναμένης.
586 593 751 646 δεινὸν
784 598 1156 668 ποιησάμενος
1178 604 1205 654 ὁ
1237 604 1490 669 Οἰδίπους
1527 610 1626 669 τὰς
1659 610 1768 664 τῶν

252 681 503 752 ὁμοφύλων
539 680 728 746 λώϐας,
757 687 1156 751 καταφονεῦσαι
1200 692 1259 744 τὸ
1293 694 1431 756 ζῶον
1475 698 1565 749 καὶ
1598 698 1767 768 ὄνομα

250 769 470 836 λαμπρὸν
502 769 701 822 ἐκεῖθεν
731 771 941 827 λαὸεϊν.
974 777 1080 829 Καὶ
1114 779 1277 832 αὑτὸν
1305 785 1331 834 ὁ
1359 783 1530 852 μῦθος
1571 789 1647 848 εἰς
1675 789 1767 840 άν-

249 862 405 929 δρείαν
440 861 669 929 κοσμῶν,
699 861 1010 934 ὑπόπτερον
1040 872 1140 935 μὲν
1171 871 1227 923 τὸ
1256 872 1446 944 θηρίον
1489 879 1766 932 ἀναπλάτ-

246 967 332 1013 τει,
369 951 446 1002 διὰ
472 951 528 1003 τὸ
573 952 738 1015 ὀξέως
770 957 1042 1030 ὲπιπηδᾷν
1066 977 1079 989 ·
1137 965 1357 1033 στέρνον
1401 968 1457 1022 δὲ
1510 973 1768 1038 γυναικὸς

245 1041 556 1107 ἐφαρμόττει,
601 1044 696 1094 καὶ⁹
745 1047 805 1098 τὸ
853 1047 1011 1117 σῶμα
1053 1053 1301 1118 λέοντος·
1342 1062 1603 1125 γυναικὸς
1643 1064 1764 1132 μὲν,

241 1131 318 1182 διά
355 1132 407 1182 τὸ
451 1132 734 1222 πρόχειρον
763 1137 863 1206 τῆς
893 1143 1229 1211 γυμνώσεως
1279 1153 1372 1202 καὶ
1405 1153 1538 1220 πρὸς
1574 1131 1768 1222 τδγγυο

241 1222 452 1314 ναικεῖον
476 1218 611 1314 εἶδος
639 1227 973 1298 ὁμοιώσεως,
998 1235 1212 1302 λέοντος
1239 1240 1314 1301 δὲ,
1352 1218 1535 1296 ali-1:5
1562 1218 1764 1314 θηριῶ-

239 1311 345 1374 δες,
374 1311 463 1363 καὶ
484 1312 564 1365 δτι
604 1318 746 1370 κατὰ
774 1320 836 1370 τὸ
885 1323 1140 1380 πλεῖστον
1174 1333 1286 1393 τοῖς
1336 1334 1596 1405 τέσσαρσι
1634 1355 1766 1405 say;

239 1401 368 1495 χάνει
399 1401 556 1495 ιιιοσλνΔ
577 1404 945 1476 ἐρειδόμενον.
980 1415 1154 1482 Λόγου
1187 1418 1242 1470 δὲ
1266 1390 1367 1489 -τῷ
1395 1390 1570 1494 θηρίῳ
1603 1390 1772 1495 pars:

235 1486 355 1580 δωκε
377 1487 432 1539 τὸ
460 1488 707 1559 πλάσμα,
755 1497 842 1548 διά
869 1498 929 1550 τὸ
960 1501 1060 1570 τῆς
1100 1506 1286 1576 φωνῆς
1320 1486 1725 1580 άνθρωποεπιδὲς
1746 1531 1761 1545 ο

236 1577 599 1645 αἰνιγματῶδες
651 1584 726 1649 δὲ,
774 1586 862 1642 διὰ
893 1589 952 1642 τὸ
996 1593 1184 1664 ἄσημα
1241 1577 1598 1668 φθέγγεσθαι.
1657 1607 1765 1658 Καὶ

236 1669 515 1760 θαυμαστὸν
548 1673 705 1726 οὐδέν
727 1693 741 1708 ·
773 1678 944 1732 πολλὰ
972 1683 1082 1752 γὰρ
1108 1686 1200 1737 ιιιαλ⁵
1229 1687 1364 1741 ἄλλα
1396 1690 1627 1760 σύνηθες
1649 1697 1760 1758 τοῖς

237 1758 428 1855 ’ξλλησι
468 1763 604 1833 πρὸς
634 1768 696 1820 τὸ
729 1771 975 1837 μυθῶδες
1008 1776 1394 1835 ἀναπλάττειν.
1444 1758 1525 1835 Ἦ.
1548 1785 1683 1855 αὐτὴ
1705 1787 1763 1840 δὲ

1880 613 1971 667 isti
2019 612 2299 682 aflingunt,
2334 612 2480 683 quod
2515 612 2772 667 celeriter
2805 613 2858 666 in
2909 612 3098 667 obvios
3144 613 3430 666 involaret.

1875 704 2096 759 Eaedem
2131 706 2205 758 illi
2233 715 2426 774 pectus
2451 704 2703 758 mulieris
2727 711 2781 756 et
2804 719 3005 784 corpus
3029 703 3200 757 leonis
3223 718 3437 758 accom-

1874 794 2100 847 modant
2135 810 2149 846 :
2185 793 2320 846 illud
2359 802 2586 862 propter
2617 792 2884 848 nuditatis
2913 793 3352 845 commoditatem
3380 804 3437 845 et

1873 884 2169 937 muliebris
2206 884 2394 936 formae
2418 884 2860 950 similitudinem,
2896 884 3000 938 hoc
3037 895 3258 952 propter
3285 885 3432 937 fero-

1872 973 2120 1038 citatem,
2149 983 2204 1026 et
2237 974 2381 1042 quod
2423 974 2722 1044 plurimum
2755 984 2992 1044 quatuor
3023 976 3239 1029 insistat
3277 975 3432 1044 pedi.

1869 1065 1994 1118 bus.
2053 1064 2373 1117 Sermonem
2429 1080 2648 1133 quoque
2706 1065 2756 1117 ei
2822 1066 3137 1134 figmentum
3206 1066 3432 1127 tribuit.

1875 1157 2019 1223 quod
2049 1170 2148 1207 vox
2180 1156 2298 1224 ejus
2332 1155 2584 1210 humana:
2610 1155 2912 1210 conformis
2938 1166 3083 1211 esset
3111 1173 3126 1210 :
3160 1157 3353 1211 tribuit
3379 1169 3435 1212 et

1868 1245 2184 1315 aenigmata,
2230 1247 2375 1316 quod
2415 1247 2651 1302 obscura
2685 1256 2741 1303 et
2777 1265 2884 1303 non
2930 1250 3206 1304 intellecta
3230 1251 3435 1304 vocife-

1870 1348 2106 1391 raretur.
2136 1337 2324 1406 Neque
2352 1337 2455 1392 hoc
2497 1341 2695 1395 mirum
2732 1355 2852 1407 cSt;
2888 1357 3011 1395 nam
3045 1349 3102 1394 et
3134 1340 3299 1393 multa
3332 1341 3432 1392 alia

1872 1427 2045 1483 Graeci
2072 1428 2272 1482 fabulis
2310 1431 2577 1500 fingendis
2602 1443 2813 1486 mutare
2851 1442 3283 1488 consueverunt.
3313 1431 3435 1484 llaec:

1870 1521 2060 1576 eadem
2103 1522 2255 1590 regio
2277 1531 2332 1575 et
2367 1525 2554 1578 asinos
2598 1523 2746 1579 feros
2779 1525 3154 1594 magnitudine
3184 1527 3436 1591 ingentrs

1873 1611 1997 1673 fert,
2039 1614 2181 1682 pelle
2235 1614 2466 1670 mirifice
2514 1626 2714 1685 prieter
2756 1632 2962 1670 morem
3015 1619 3383 1672 versicolores
3419 1636 3431 1670 :

1869 1703 1995 1756 albo
2045 1703 2258 1758 scilicet
2313 1716 2368 1759 et
2419 1707 2574 1776 nigro
2616 1706 2800 1761 colore
2851 1708 3146 1762 admodum
3195 1709 3338 1762 inter
3373 1724 3434 1761 se

1873 1792 2123 1859 variatis,
2157 1805 2214 1850 et
2242 1811 2394 1849 zonie
2419 1798 2671 1866 quautam
2702 1814 2730 1851 a
2763 1812 2976 1850 summa
3004 1799 3154 1852 dorsi
3187 1799 3338 1867 spina
3367 1801 3431 1852 ad

234 1849 362 1958 χωρα
390 1855 663 1958 καὶβνους
707 1861 930 1928 ἀγρίους
972 1869 1265 1935 μεγίστους
1308 1889 1366 1924 τε
1412 1874 1493 1944 τῷ
1544 1849 1758 1946 μεγέθει

1871 1885 2044 1939 latera
2076 1894 2131 1938 ct
2178 1897 2427 1942 ventrem
2465 1889 2742 1954 demissa,
2793 1901 2958 1958 atque
3001 1891 3071 1943 ibi
3129 1890 3343 1955 divism,
3381 1902 3436 1942 et

234 1941 503 2040 φέρῃ-καὶ
535 1949 639 2040 ¹τὴν
687 1950 851 2022 δορὰν
883 1959 1024 2010 κατὰ
1062 1961 1122 2012 τὸ
1151 1963 1358 2027 ξενίζον
1402 1941 1766 2040 πεποικιλμέ-

232 2047 354 2095 νους,
383 2036 574 2091 λευκοῦ
603 2041 756 2108 σφίσι
798 2048 894 2098 καὶ
929 2047 1164 2115 μέλανος
1195 2054 1486 2123 χρώματος
1530 2061 1590 2113 οὐ
1623 2036 1765 2117 κατά

235 2123 401 2192 μικρὸν
449 2133 982 2204 συμποικιλλομένου
1005 2153 1019 2168 ’
1062 2140 1198 2195 ἀλλὰ
1233 2143 1403 2208 ζῶναί
1450 2150 1595 2212 τινές
1626 2153 1766 2205 είσιν

233 2215 320 2309 dare
345 2216 434 2285 τῆς
459 2220 675 2290 ῥάχεως
704 2224 799 2278 ἐπὶ
839 2227 936 2289 τὰς
984 2229 1226 2301 πλευρὰς
1278 2238 1374 2290 καὶ
1408 2241 1508 2309 τὴν
1555 2244 1764 2296 κοιλίαν

233 2305 560 2377 καθήκουσαι,
595 2315 690 2366 καὶ
741 2317 971 2374 ἐνταῦθα
1014 2323 1078 2393 δὴ
1131 2305 1577 2398 σχιζόμεναινκαὶ
1623 2337 1766 2392 κατά

230 2416 356 2500 τινας
401 2408 757 2475 περιφερείας
795 2409 1053 2484 ἀλλήλαις
1097 2417 1520 2493 ινελιττόμεναι,
1547 2428 1765 2500 θαυμα-

229 2493 339 2562 στήν
364 2511 476 2548 τινα
524 2501 625 2552 καὶ
649 2501 809 2571 ξένην
847 2505 1256 2577 ἀπεργάζονται
1287 2515 1494 2584 πλοκὴν
1522 2523 1619 2573 καὶ
1644 2493 1766 2575 ποι-

228 2584 398 2683 κιλίαν.
439 2589 584 2683 Ἀλλῖ
607 2593 708 2662 ἄγε
733 2596 797 2667 δὴ
834 2599 927 2652 καὶ
953 2601 980 2652 ὁ
1012 2605 1207 2676 φοῖνιξ,
1239 2607 1299 2659 τὺ
1327 2610 1763 2683 πολυθρύλλητον

227 2675 420 2773 πτηνὸν,
451 2678 586 2773 παρέ
634 2685 816 2750 αὐτοῖς
855 2675 1114 2760 τυγχάνει
1155 2698 1461 2766 γινόμενος.
1501 2675 1624 2754 Καὶ
1655 2675 1763 2773 μὲν

223 2763 278 2864 δη
305 2773 388 2864 καὶ
428 2771 524 2864 την
552 2772 830 2847 ψιττάκην
864 2782 1075 2837 ἐκεῖθεν
1110 2763 1674 2864 ἴσμεν-κομιζομένην
1692 2812 1707 2827 ο
1733 2797 1762 2850 δ

337 2861 532 2930 ὀρνέων
589 2867 710 2921 ἐστὶ
748 2870 1091 2942 λαλίστατον,
1138 2881 1233 2934 καὶ
1276 2858 1383 2952 τῆς
1412 2858 1762 2958 ἀνθρωπίνης

222 2948 435 3021 γλώττης
471 2961 924 3026 μιμητικώτατον
951 2984 964 2998 ο
1000 2969 1240 3034 καὶτοὺς
1265 2948 1544 3039 ποικίλους
1574 2977 1634 3031 δὲ
1666 2948 1762 3032 καλ.

221 3051 538 3112 καταστιγείς
593 3049 768 3119 ὅρνις,
801 3055 894 3118 οὒς
933 3063 1293 3130 γαράμαντας
1330 3069 1652 3122 ὲπικαλοῦσί
1681 3089 1763 3123 τι-

1868 1975 2328 2030 conversionibus
2351 1977 2682 2046 quibusdam
2717 1979 2862 2033 inter
2891 1995 2947 2033 se
2983 1980 3296 2050 implicatae,
3330 1981 3434 2033 mi-

1871 2065 2082 2119 riticam
2120 2075 2177 2120 ct
2209 2084 2405 2121 novam
2438 2069 2686 2124 efﬁciunt
2722 2071 3050 2139 plicaturam
3103 2080 3159 2125 et
3197 2073 3434 2126 varieta-

1869 2164 1997 2208 tem.
2029 2156 2286 2212 Sedenim
2321 2167 2376 2212 et
2425 2160 2668 2228 phoenix,
2717 2161 3164 2217 decantatissima
3211 2163 3303 2218 illa
3343 2179 3434 2218 vo-

1869 2247 2055 2308 lucris,
2091 2249 2233 2318 apud
2283 2265 2380 2303 eos
2433 2259 2638 2305 estzet
2673 2253 2967 2323 psittacum
3041 2256 3167 2310 inde
3225 2257 3291 2310 ad
3333 2271 3435 2310 nos

1869 2343 2148 2409 apportari
2198 2344 2424 2405 scimus,
2479 2343 2663 2396 avium
2716 2346 3198 2414 loquacissimam,
3253 2359 3308 2403 et
3365 2351 3431 2402 ad

1867 2435 2280 2490 aemulationem
2316 2437 2568 2489 humana:
2592 2439 2744 2491 vocis
2769 2442 3429 2497 accommodatissiinam.

1867 2524 1934 2579 Et
1981 2526 2109 2580 item
2160 2528 2346 2596 varias
2391 2531 2727 2599 punctisque
2774 2532 3068 2586 distinctas
3113 2549 3260 2598 aves,
3296 2551 3434 2603 quas

1867 2617 2089 2684 quidam
2143 2629 2492 2687 garamantas
2549 2633 2748 2675 vocant
2799 2639 2813 2676 :
2876 2625 3100 2679 nomine
3159 2643 3188 2678 a
3250 2637 3432 2694 gente,

1868 2707 2014 2761 unde
2046 2707 2298 2776 plurima:
2341 2710 2675 2775 afferuntur,
2718 2712 2801 2766 eis
2851 2714 3134 2781 imposito.
3189 2714 3432 2768 Plurima

1863 2811 2033 2866 porro
2065 2799 2170 2852 alia
2202 2810 2394 2869 aperte
2417 2803 2618 2856 eximia
2649 2815 2706 2859 et
2739 2808 3059 2873 praestantia
3086 2806 3162 2860 ibi
3194 2810 3433 2877 gignun-

1867 2898 1977 2954 tur,
1996 2906 2236 2960 quorum
2260 2895 2673 2950 multitudinem
2706 2913 2951 2967 praesens
2978 2903 3434 2958 commemoratio

1867 2981 2214 3039 reformidat.
2267 2984 2401 3040 Nam
2451 2995 2507 3040 et
2543 3003 2741 3042 aurum
2782 2989 2874 3044 hic
2907 2991 3153 3046 nascitur
3196 2994 3433 3061 purissi-

1863 3087 2040 3137 mum,
2071 3078 2228 3144 quasi
2251 3078 2581 3145 quibusdam
2609 3081 2790 3136 aureis
2811 3083 3212 3150 capillamentis
3236 3097 3430 3154 sponte

223 3147 314 3193 κες,
335 3133 434 3188 ἀπὸ
460 3139 553 3190 τοῦ
582 3139 767 3205 ἔθνους
791 3139 851 3198 οὗ
883 3149 1118 3216 μάλιστα
1146 3155 1392 3210 πλεῖστοι
1420 3159 1757 3230 κομίζονται,

2028 3133 2036 3137 -
2090 3133 2104 3144 ,
2271 3133 2282 3145 ,
2918 3133 3208 3139 ---_-----_---
3236 3133 3430 3154 Ἴρην

1864 3181 1962 3221 sua
1992 3183 2023 3221 e
2061 3176 2206 3222 terra
2238 3171 2639 3227 exsistentibus
2671 3189 2792 3244 qua!
2827 3176 2934 3229 sibi
2978 3177 3213 3232 invicem
3251 3181 3430 3248 impo-

217 3225 300 3290 τὴν
341 3229 658 3299 ἐπωνυμίαν
695 3235 931 3317 θέμενοι.
970 3244 1077 3296 Καὶ
1127 3246 1261 3300 ἄλλα
1309 3248 1365 3301 δὲ
1399 3225 1624 3306 πλεῖστα
1649 3225 1764 3308 διαζ

219 3319 377 3417 gavia;
406 3322 831 3417 exspectaturum
859 3333 1074 3401 φύεται,
1107 3329 1181 3390 ὧν
1208 3340 1266 3390 τὸ
1294 3342 1497 3410 πλῆθος
1518 3346 1549 3413 ἡ
1573 3345 1763 3417 διήγη-

217 3421 284 3500 σις
311 3408 710 3500 ὑποστέλλεται.
745 3415 907 3472 Ἀλλά
941 3421 1038 3473 καὶ
1068 3423 1098 3475 ὁ
1128 3427 1329 3494 χρυσὸς
1362 3408 1599 3483 ἐνταῦθα

215 3494 347 3592 vim
405 3498 430 3547 ὀ
470 3499 886 3570 καθαρώτατος,
940 3513 1265 3578 χρυσιτίδων
1325 3518 1492 3571 οἱονεὶ
1554 3494 1760 3592 τριχῶν

215 3583 472 3678 αντοξρυὼν
523 3592 626 3660 τῆς
683 3595 866 3668 ἐκείνῃ
902 3600 1011 3668 γῆς,
1056 3603 1479 3678 ἀναδιδομένων,
1525 3583 1618 3666 καὶ
1649 3583 1760 3667 Ἐπ’

213 3675 416 3745 ἀλλήλας
449 3686 748 3753 κειμένων,
779 3693 873 3743 καὶ
934 3694 1186 3765 ἐπίδηλον
1225 3675 1374 3770 αυτῷ
1416 3704 1516 3772 τὴν
1547 3705 1760 3771 γένεσιν

211 3776 600 3866 παρεχομένων.
647 3781 759 3834 Καὶ
788 3785 995 3852 καρποὶ
1029 3787 1085 3840 δὲ
1116 3789 1392 3844 κάλλιστοί
1441 3811 1500 3847 τε
1535 3797 1630 3849 καὶ
1663 3797 1762 3866 μέ-

210 3877 396 3958 γιστοι·
426 3859 508 3920 ὧν
539 3870 794 3942 γνώριμα
839 3877 1027 3932 καὶτὰ
1070 3881 1272 3951 κάρυα.
1318 3884 1478 3940 Ἀλλὰ
1526 3888 1633 3958 μὴν
1663 3859 1760 3944 καὶ

208 3951 259 4052 τὸ
411 3962 528 4023 τοῖς
571 3961 892 4036 ὐμηρίταις
923 3969 1094 4040 κλίμα
1136 3977 1242 4028 πᾶν
1275 3980 1437 4049 μέχρι
1463 3951 1563 4049 τῆς
1589 3951 1762 4052 ’Ἐρυ-

209 4046 324 4147 θράς
345 4049 628 4125 Θαλάσσης
649 4055 729 4120 δὶς
752 4061 844 4113 τοῦ
870 4065 1124 4118 ἐνιαυτοῦ
1151 4046 1439 4124 ἀναδίδωσι
1465 4046 1592 4137 τοὺς
1624 4046 1761 4147 καρ-

211 4139 360 4203 πούς·
395 4144 452 4210 ἐξ
508 4145 568 4198 οὗ
618 4151 715 4203 καὶ
765 4152 863 4220 τὴν
917 4155 1102 4228 χώραν
1147 4161 1406 4230 Ἀραϐίαν
1467 4139 1760 4237 εὐδαίμονα

206 4240 668 4330 τροσηγόρευσαν.
701 4240 807 4295 Καὶ
836 4244 972 4309 ὅλως
1018 4250 1051 4317 ή
1094 4252 1232 4319 πρὸς
1270 4253 1561 4324 ἀνίσχοντα
1605 4260 1759 4330 ἥλιον

204 4325 375 4381 ἅπασα
405 4334 477 4400 γῆ
513 4333 719 4405 μακρῴ
767 4337 868 4406 τῆς
899 4339 1065 4408 ἄλλης
1096 4343 1154 4394 ἐν
1208 4345 1339 4397 πᾶσι
1385 4325 1658 4420 διαφέρεί.
1698 4352 1757 4405 '0

201 4420 250 4472 δὲ
280 4427 607 4494 παράδεισος
637 4428 856 4500 ἁπάσης
883 4432 977 4501 τῆς
1006 4431 1146 4503 ἑῴας
1170 4435 1231 4488 τὸ
1263 4438 1552 4500 κράτιστόν
1577 4459 1637 4494 τε
1661 4445 1756 4496 καὶ

1864 3255 1968 3309 sita
2019 3257 2229 3326 jacent,
2278 3267 2336 3313 et
2386 3262 2738 3317 manifestum
2777 3277 3108 3334 proventum
3156 3271 3427 3337 prabent.

1866 3348 2028 3418 ’127
2082 3349 2224 3406 Sunt
2275 3353 2442 3407 etiam
2494 3354 2568 3408 ibi
2623 3355 2836 3411 fructus
2883 3368 2995 3412 tum
3045 3360 3430 3428 pulcherrimi,

1865 3448 1981 3493 tum
2014 3442 2238 3495 maximi
2273 3459 2287 3497 :
2320 3459 2388 3498 ex
2425 3444 2628 3514 quibus
2657 3456 2785 3500 nota
2840 3459 2970 3502 sunt
3012 3466 3193 3521 earya.
3231 3452 3429 3506 Verum

1861 3533 2149 3585 enimvero
2195 3542 2254 3588 et
2308 3543 2518 3590 tractus
2559 3551 2751 3591 earum
2795 3540 3065 3608 gentium,
3109 3557 3231 3606 quae
3263 3558 3428 3612 supra

1862 3620 2177 3678 Homeritas
2238 3633 2396 3689 sunt,
2458 3640 2637 3695 usque
2685 3629 2751 3680 ad
2811 3641 2960 3684 mare
3015 3629 3289 3697 Rubrum,
3348 3634 3432 3686 bis

1863 3725 2010 3764 anno
2041 3711 2256 3767 fructus
2272 3713 2432 3771 edit;
2460 3715 2610 3770 unde
2636 3725 2692 3771 et
2718 3719 2997 3788 regionem
3023 3735 3144 3774 eam
3173 3722 3426 3776 Arabiam

1862 3799 2102 3856 Felicem
2131 3805 2616 3873 cognominarunt.
2645 3809 2708 3862 Et
2733 3810 2960 3865 omnino
2983 3823 3180 3867 cuncta
3213 3829 3335 3883 quze
3359 3815 3427 3867 ad

1861 3895 2134 3949 Orientem
2189 3897 2361 3950 solem
2413 3907 2500 3952 est
2544 3915 2658 3962 ora,
2694 3900 2855 3971 longe
2905 3903 3174 3972 reliquam
3225 3913 3425 3959 terram

1861 3985 2031 4040 rebus
2057 3988 2317 4044 omnibus
2364 3992 2604 4046 excellit.
2656 3993 2974 4050 l’aradisum
3021 4006 3228 4062 autem,
3263 4014 3425 4066 quem

1859 4086 2168 4134 extremum
2197 4095 2344 4133 mare
2366 4081 2644 4136 Orientale
2661 4085 2843 4146 alluit,
2877 4100 3002 4138 cum
3037 4086 3208 4140 totius
3236 4089 3430 4141 Orien-

1864 4167 1935 4221 tis
1968 4168 2378 4236 pulcherrimus
2407 4182 2463 4225 et
2487 4173 2820 4239 purissimus
2848 4174 2940 4239 sit,
2979 4177 3179 4229 caelum
3210 4177 3424 4230 laetissi-

1867 4275 2016 4313 mum
2049 4261 2595 4332 amantissimumque
2632 4263 2864 4329 habens,
2909 4275 2965 4319 et
3005 4268 3162 4336 aquis
3197 4268 3427 4336 pelluci-

1864 4352 2110 4407 dissimis
2195 4354 2430 4423 rigetur,
2497 4356 2631 4410 satis
2704 4366 2922 4411 constat
3002 4358 3421 4428 incomparabili

1865 4443 2203 4512 praestantia,
2228 4461 2387 4514 quam
2419 4457 2620 4501 terram
2656 4463 2778 4516 quae
2800 4449 2902 4502 sub
2931 4449 3045 4502 sole
3071 4459 3156 4503 est
3178 4466 3422 4509 onmem.

203 4516 584 4586 καθαρώτατον
631 4520 913 4592 ὑπάρχων,
949 4529 1040 4576 καὶ
1079 4528 1205 4589 τοὺς
1249 4530 1418 4597 ἀέρας
1449 4531 1753 4602 ἀκραιφνε-

1864 4536 2041 4590 omnia
2075 4537 2299 4607 gignere
2329 4545 2384 4592 et
2433 4538 2577 4592 ferre
2610 4540 2858 4594 meliora.
2894 4540 3074 4609 Atque
3118 4543 3232 4596 haec
3281 4552 3425 4594 tam-

204 4610 414 4674 στάτους
452 4619 548 4672 καὶ
581 4619 904 4686 καλλίστους
935 4623 1096 4693 ἔχων,
1129 4629 1223 4682 καὶ
1248 4630 1358 4690 τοῖ;
1388 4625 1750 4694 διαφανεστά·

199 4723 301 4771 τοις
342 4711 500 4765 ὕδασι
555 4715 981 4783 καταρδόμενος,
1038 4718 1202 4788 δῆλον
1251 4723 1327 4785 ὡς
1380 4724 1751 4799 άπαραὸλήτῳ

198 4801 426 4872 ὑπεροχῇ
467 4804 570 4872 τῆς
625 4805 716 4873 ὑφ’
751 4807 883 4876 ἡλίῳ
913 4810 1096 4880 πάσης
1145 4815 1202 4867 ὲν
1235 4818 1370 4867 πᾶσι
1395 4817 1458 4869 τὸ
1503 4821 1752 4888 κρεῖττον

198 4895 379 4964 φέρει,
433 4899 532 4966 τῆς
567 4899 768 4964 ἔξωθεν
817 4903 1089 4973 Θαλάσσης
1146 4908 1266 4957 κατ’
1311 4907 1600 4978 ἀνίσχοντα
1657 4913 1749 4964 τὸν

193 4983 334 5049 ἣλιον
367 4986 515 5055 αὐτῷ
543 4985 1230 5058 περικλυζομένης.Ταῦτα
1267 4995 1367 5063 μὲν
1401 4999 1448 5048 εί
1481 5000 1573 5049 καὶ
1601 5015 1747 5068 παρ-

194 5075 590 5148 εκὸατικώτερα
659 5080 893 5148 εἴρηται,
920 5081 1036 5133 ἀλλ’
1068 5085 1340 5151 ἀναγκαῖα
1360 5127 1376 5150 ,
1403 5084 1576 5153 οἶμαι,
1607 5088 1748 5153 δόξει

191 5171 296 5230 τοῖς
344 5171 671 5240 φιλομαθεῖν
733 5173 1052 5241 ᾑρημένοις.
1112 5174 1307 5227 Πολλοὶ
1364 5177 1420 5229 δὲ
1455 5179 1551 5232 καὶ
1595 5178 1744 5231 ἄλλοι

195 5265 337 5333 παρὰ
374 5265 597 5326 τούτους
627 5265 896 5331 ἐγένοντο.
933 5265 1108 5319 ἱκανοὶ
1141 5269 1238 5321 καὶ
1272 5271 1410 5321 νοεῖν
1443 5273 1534 5322 καὶ
1565 5271 1746 5338 λέγειν

190 5359 244 5410 ἐν
282 5359 447 5425 ἱεροῖς
471 5358 800 5428 γράμμασιν
819 5373 832 5387 ·
862 5356 955 5420 οὓς
993 5357 1240 5419 ἅπαντας
1280 5360 1537 5429 ἀριθμεῖν
1565 5364 1744 5432 ἐργῶ-

189 5454 291 5514 δες,
322 5455 420 5506 καὶ
453 5457 551 5523 τῆς
594 5452 968 5523 προκειμένης
1013 5456 1398 5524 πραγματείας
1443 5458 1620 5521 ἐκτός.
1649 5460 1740 5531 Μή

189 5561 261 5609 τῳ
288 5544 344 5596 δὲ
371 5545 632 5612 γενοίμην
659 5545 715 5594 ὲν
748 5544 1062 5613 σκώμματι,
1097 5539 1180 5606 οἷς
1217 5561 1366 5608 τινας
1404 5547 1683 5616 ἀρχηγοὺς
1709 5550 1742 5620 ἦ

191 5636 279 5688 καὶ
307 5637 648 5698 σπουδαστάς
665 5639 928 5704 αἱρέσεων
949 5639 1297 5705 γενομένους,
1317 5642 1427 5702 τοῖς
1451 5640 1574 5692 καθ’
1596 5642 1744 5710 ἡμᾶς

189 5729 423 5796 ἀρίστως
449 5729 869 5796 φιλοσοφήσασι,
907 5728 1221 5798 διεξῆλθον·
1251 5731 1311 5782 οὐ
1359 5731 1466 5800 γάρ
1501 5734 1631 5802 περὶ
1657 5734 1742 5785 πί-

191 5837 354 5884 στεως
381 5823 467 5874 καὶ
497 5821 654 5887 δόξης
678 5824 708 5889 ἡ
743 5821 917 5890 κρίσις
950 5825 1080 5893 ἡμῖν
1113 5825 1316 5891 ἀρτίως
1339 5839 1354 5856 °
1389 5826 1504 5877 ἀλλ’
1527 5828 1606 5880 ὅτι
1631 5827 1741 5882 δει-

1860 4627 1963 4681 etsi
2016 4642 2112 4696 per
2178 4627 2577 4698 digressionem
2617 4642 2746 4685 sunt
2805 4641 2955 4684 extra
2993 4632 3305 4687 institutum
3340 4651 3427 4686 ar-

1865 4729 2191 4790 gumentum
2223 4720 2392 4785 dicta,
2430 4729 2612 4776 tamen
2642 4724 2977 4789 necessaria,
3015 4735 3074 4776 ut
3121 4735 3272 4794 puto,
3305 4743 3424 4779 esse

1869 4809 2203 4865 videbuntur
2253 4811 2518 4867 doctrina:
2573 4814 2674 4881 pia:
2721 4824 2778 4868 et
2832 4816 3079 4870 liberalis
3131 4816 3420 4870 studiosis.

1868 4904 2075 4960 Praater
2106 4906 2271 4960 hosce
2295 4921 2425 4960 vero
2451 4918 2506 4960 et
2530 4907 2622 4960 alii
2657 4909 2839 4976 plures
2875 4907 3140 4961 exstitere
3171 4907 3300 4972 viri,
3326 4913 3421 4975 qui

1859 5012 2046 5051 sacras
2072 4997 2306 5052 Litteras
2337 4999 2508 5068 probe
2552 4999 2959 5065 intellexerunt,
2993 5009 3048 5054 et
3094 5001 3162 5052 de
3211 5003 3292 5053 cis
3334 5017 3423 5052 co-

1861 5091 2020 5158 piose
2052 5090 2461 5144 disseruerunt.
2498 5089 2605 5144 Eos
2645 5100 2825 5144 autem
2875 5107 3066 5144 omnes
3105 5105 3420 5156 recensere,

1860 5193 2225 5249 praeterquam
2259 5178 2404 5248 quod
2447 5180 2727 5248 priesentis
2773 5193 2954 5248 operm
3000 5196 3107 5232 non
3138 5191 3244 5241 est,
3281 5179 3420 5234 ditii-

1855 5273 1958 5326 cile
1982 5271 2170 5326 fuerit.
2215 5271 2477 5328 Sedenim
2507 5285 2670 5324 nemo
2695 5285 2782 5324 me
2810 5279 2955 5324 recte
2976 5272 3418 5339 reprehenderit,

1859 5363 2010 5434 quod
2070 5363 2368 5417 nonnullos
2412 5363 2790 5416 haereticaruui
2839 5373 3111 5416 sectarum
3162 5374 3420 5419 auctores

1853 5467 1954 5513 aut
1991 5467 2316 5523 sectatores,
2365 5457 2508 5511 inter
2543 5472 2639 5510 eos
2673 5455 2820 5511 viros
2849 5457 2940 5524 qui
2987 5457 3192 5527 Optime
3221 5458 3291 5513 de
3334 5474 3420 5512 sa-

1805 5561 1810 5566 ‘
1853 5547 1965 5606 cris
2023 5551 2312 5620 religionis
2357 5548 2822 5619 professionisque
2871 5560 3071 5604 nostrae
3121 5563 3418 5605 senserunt

1853 5652 2018 5710 atque
2079 5643 2464 5709 scripserunt,
2526 5645 3031 5698 commemorariin.
3093 5645 3213 5698 Non
3270 5644 3415 5697 enim

1852 5749 2000 5788 nunc
2039 5735 2105 5786 de
2149 5733 2254 5787 title
2321 5733 2481 5790 nobis
2546 5744 2601 5790 et
2652 5736 3002 5805 opinionibus
3044 5751 3233 5790 eorum
3264 5735 3414 5803 judi-

1854 5828 1999 5881 cium
2034 5827 2414 5893 sumpsimus:
2455 5830 2548 5884 sed
2597 5839 2888 5898 propterea
2925 5840 3134 5885 tantum
3185 5828 3413 5882 mentio-
