3934 6546
226 368 314 432 309
846 362 861 371 ’
1110 362 1719 424 ECCLES-lASTlC/E
1761 365 2157 426 HISTORIAI
2200 367 2343 428 LIB.
2396 367 2491 427 IX.

3328 361 3437 426 310‘

226 478 422 547 γνώμης
448 475 611 545 ὲσύρη
634 493 647 506 ·
679 475 734 528 οὐ
771 474 877 544 μὴν
905 474 977 537 ὡς
1007 475 1214 531 ἐπίπαν
1237 474 1529 545 ἀπέσχετο,
1561 477 1639 545 μὴ
1660 476 1754 529 καὶ

1873 492 1988 531 iero
2017 475 2333 545 aliquandiu
2362 489 2481 530 eam
2508 483 2749 538 secutus,
2782 481 2968 542 postea
2986 469 3079 524 τοῦ
3110 469 3423 539 ὁμοουσίουυ

224 572 299 621 τὶν
330 567 445 619 Υῑδν
484 567 670 634 ὅμοιον
695 564 836 618 κατὰ
875 566 974 634 τὴν
1007 565 1194 618 οὐσίαν
1224 566 1300 635 τῷ
1330 567 1502 636 Ποιτρὶ
1531 567 1758 636 διαρρή-

226 660 311 726 δην
341 656 745 726 ἀνακηρύττειν.
785 656 846 708 Ol
895 656 1129 726 μὲνγὰρ
1168 658 1312 727 ἀμφὶ
1360 658 1449 710 τὸν
1498 658 1757 710 Εὐσέϐιον

226 749 584 819 Νικοίληδείας,
615 748 709 802 καί⁸
738 748 883 802 ἄλλοι
933 749 1040 801 τῶν
1081 750 1181 802 ἀνὰ
1213 751 1311 820 τὴν
1356 750 1430 803 ἕω
1465 751 1762 819 τηνικαῦτα

226 845 525 905 ἐπισκόπων,
575 844 667 895 ἐπί
698 861 755 896 τε
811 847 977 915 ἀρετῇ
1015 845 1109 898 καὶ
1161 846 1342 912 λόγοις
1379 846 1438 898 τὸ
1490 847 1760 916 ἐπίσημον

228 941 625 1010 κεκληρωμένοι,
670 942 935 1012 διαφορὰν
980 942 1125 1013 ἔχειν
1187 944 1507 1013 εἰσηγοῦντο
1538 945 1596 997 τὸ
1627 947 1760 1013 ὀμο-

229 1034 383 1085 οὑσιοκ
433 1032 630 1096 λέγειν,
665 1033 761 1086 καὶ
814 1035 936 1086 κατ’
967 1035 1157 1087 οὐσίαν
1208 1036 1417 1102 ὅμοιον,
1472 1036 1500 1088 ὃ
1553 1037 1616 1107 δὴ
1665 1037 1760 1089 καὶ

228 1125 531 1193 ὁμοιοούσιον
577 1124 787 1192 ἔλεγον.
828 1125 950 1179 Ἐπὶ
993 1128 1101 1197 γὰρ
1152 1128 1422 1195 σωμάτων
1457 1128 1635 1196 μόνων
1664 1144 1761 1181 κυ-

234 1216 342 1284 ρίως
370 1216 649 1269 ὑπετίθουν
684 1218 746 1270 τὸ
771 1217 1055 1287 όμοούσιον
1080 1236 1096 1252 ο
1133 1220 1208 1281 ὡς
1260 1222 1393 1290 φέρε
1442 1222 1636 1283 εἰπεῖν,
1672 1222 1760 1274 ἐπ’

230 1306 500 1376 ἀνθρώπων
530 1309 625 1360 καὶ
650 1308 854 1363 λοιπῶν
888 1310 1064 1376 ζώων,
1093 1311 1254 1363 ἔτιδὲ
1284 1314 1377 1363 καὶ
1402 1311 1634 1381 δένδρων
1668 1313 1763 1364 καὶ

230 1399 406 1465 φυτῶν,
456 1395 534 1461 οἷς
584 1401 783 1452 ἆπασιν
823 1403 853 1469 ἡ
907 1402 1167 1470 μετουσία
1220 1405 1312 1455 καὶ
1360 1405 1393 1469 ἡ
1454 1407 1666 1470 γένεσις
1703 1396 1769 1469 ἐξ

228 1491 388 1558 ὁμοίου
418 1491 551 1543 ἐστί.
588 1492 660 1543 Τὸ
688 1491 734 1543 δ’
779 1495 1118 1560 όμοιοούσιον
1170 1495 1261 1546 ἐπὶ
1292 1495 1399 1547 τῶν
1429 1496 1584 1557 ἐκτὸς
1630 1495 1763 1564 ὕλης

229 1581 400 1648 χρῆναι
441 1581 655 1648 ἔλεγον·
708 1576 819 1635 οἷον
855 1584 947 1635 ἐπὶ
995 1583 1131 1638 Θεοῦ
1174 1584 1270 1637 καὶ
1305 1587 1589 1653 ἀγγέλων*
1630 1588 1762 1640 ἕκα-

230 1688 335 1724 στον
361 1673 459 1738 γὰρ
488 1673 691 1726 τούτων
726 1676 861 1744 πρὸς
908 1677 1099 1730 ἑαυτὸν
1135 1678 1428 1747 νοούμενον
1473 1679 1595 1732 κατ’
1628 1679 1762 1733 ἰδίειν

231 1760 505 1828 ὑφέστηκεν
532 1778 544 1791 ·
575 1761 636 1825 ἐξ
681 1755 757 1816 ὧν
787 1763 880 1815 καὶ
937 1765 1319 1826 Κωνστάντιος
1359 1768 1761 1835 παραγόμενος,

228 1854 290 1915 ὡς
313 1854 465 1919 ἔοικε,
498 1853 783 1924 παρεσύρη
821 1857 1229 1923 μεταπεισθείς.
1261 1860 1369 1911 Καί
1397 1876 1483 1925 γε,
1511 1861 1586 1921 ὡς
1616 1860 1768 1913 εἰκά-

232 1944 327 2007 ζειν
356 1962 438 2012 μοι
469 1946 670 2012 ἔπεισι,
704 1948 847 2001 κατά
872 1948 1114 2001 διάθεσίν
1142 1967 1201 2003 τε
1233 1952 1328 2005 καὶ
1355 1954 1581 2021 γνώμην
1607 1954 1768 2022 ὃμοια

233 2035 308 2087 καὶ
333 2030 476 2098 οὗτος
502 2035 579 2106 τῷ
613 2037 782 2107 πατρὶ
810 2042 902 2092 καὶ
940 2039 1189 2110 τάδελφῴ
1218 2042 1461 2111 ἐφρόνει.
1505 2043 1768 2112 Ἀμείψας

232 2126 278 2177 δὲ
300 2130 350 2177 τί»
379 2126 559 2194 ῥητὸν,
597 2127 749 2181 οὐδὲν
781 2130 1119 2199 ἁμαρτάνειν
1156 2137 1280 2202 περὶ
1309 2132 1367 2185 τὸ
1417 2133 1577 2193 σέϐας
1609 2132 1766 2203 ᾤετο,

233 2217 332 2268 ἀντὶ
355 2218 636 2285 ὁμοουσξου
675 2219 1014 2288 όμοιςιοὺσιον
1047 2222 1242 2289 λέγων.
1280 2225 1344 2276 ’0
1374 2224 1436 2294 δὴ
1489 2227 1601 2287 τοῖς
1646 2226 1770 2283 τότε

236 2309 613 2375 είσεγουμένοις
645 2311 871 2378 ἄμεινον
918 2313 1010 2364 καὶ
1044 2314 1441 2384 ἀκριϐέστερον
1482 2312 1624 2369 εἶναι
1655 2317 1769 2370 ἐδό-

235 2414 301 2449 κει
324 2413 336 2426 ·
363 2400 694 2469 ἰσχυρίζοντο
724 2404 854 2473 γὰρ,
875 2404 950 2467 ὡς
981 2403 1033 2457 εί
1063 2422 1148 2467 τις
1180 2406 1255 2475 μὴ
1285 2406 1430 2460 οὕτω
1452 2406 1622 2476 λέγοι,
1655 2425 1771 2461 κιν-

234 2486 443 2540 δυνεύειν
478 2490 661 2543 λοιπδν
714 2494 887 2561 σῶμα.»
912 2494 972 2546 τὺ
1012 2492 1303 2563 ἀσώματον
1350 2497 1446 2547 καὶ
1495 2495 1676 2564 λέγειν
1710 2513 1771 2549 τε

235 2580 313 2631 καὶ
338 2585 488 2634 νοεῖν.
523 2584 706 2655 Ὅπερ
736 2585 993 2654 εὐηθείας
1041 2588 1351 2655 ἀνάμεστον
1383 2589 1461 2653 ὃν,
1497 2591 1608 2653 τοῖς
1642 2590 1770 2641 πολ-

234 2666 326 2729 λοίς
354 2672 751 2737 καταγέλαστον
784 2669 927 2730 εἶναι
961 2676 1159 2729 ἐδόκει.
1187 2677 1434 2731 Συνιέναι
1466 2678 1573 2748 γὰρ
1602 2680 1769 2750 ἐχρῆν

236 2761 298 2825 ὡς
324 2767 382 2816 τὰ
409 2772 513 2819 των
543 2768 756 2836 νοητῶν
786 2769 1027 2839 ὀνόματα
1058 2772 1121 2823 ὲκ
1147 2770 1255 2824 τῶν
1298 2760 1641 2841 φαινομένων
1670 2774 1769 2844 τὴν

238 2856 508 2928 μετάληψιν
554 2859 765 2930 έχουσι.
826 2863 980 2926 Udo;
1018 2862 1063 2916 δ’
1095 2862 1161 2917 ἂν
1211 2865 1457 2930 κίνδυνος
1499 2868 1557 2920 ἐν
1594 2866 1769 2931 λέξεσι

234 2949 436 3014 γένοιτο,
471 2950 739 3023 μηδεμιᾶς
767 2953 1042 3023 ἁμαρτίας
1089 2957 1219 3026 περὶ
1247 2957 1347 3027 τὴν
1385 2957 1593 3011 ἔννοιαν
1630 2974 1772 3025 γινο-

234 3035 416 3103 μένηςς
468 3038 743 3093 Ἐντεῦθεν
793 3043 1281 3113 τεκμηριώσασθαι
1311 3045 1489 3099 ἔπεισί
1540 3062 1632 3113 μοι
1674 3045 1773 3098 καὶ

1864 567 2374 631 ronsubstantialis,
2413 566 2579 620 verbo
2605 564 2804 634 passim
2849 565 3077 634 jactato,
3109 559 3431 629 aliquantu-

1862 659 1974 710 lutn
2024 657 2091 711 de
2133 657 2407 711 sententia
2444 671 2544 710 sua
2577 653 2741 710 cessit
2771 669 2785 707 :
2825 669 2932 707 non
2969 651 3061 704 ille
3092 648 3319 719 quidem
3353 646 3431 700 ita

1863 765 2092 818 prorsus
2136 751 2204 802 ab
2240 764 2304 802 ea
2342 741 2675 809 desciscens,
2721 754 2781 799 ut
2812 759 2925 799 non
2957 742 3155 797 Filium
3189 738 3429 793 similem

1862 842 2168 893 secundum
2220 837 2585 892 substantiam
2629 834 2775 889 Patri
2826 842 3013 903 aperte
3053 831 3428 899 proﬁteretur.

1865 930 1971 987 Sed
2014 929 2287 985 Eusebius
2317 926 2773 987 Nicomediensis,
2800 938 2855 979 et
2884 924 2974 978 alii
3005 925 3127 993 ejus
3161 920 3425 991 temporis

1863 1022 2168 1078 Orientales
2215 1021 2495 1091 episcopi,
2528 1020 2733 1074 virtute
2774 1029 2828 1073 et
2868 1019 3120 1073 doelriua
3181 1030 3435 1084 magnam

1869 1112 2097 1180 gloriam
2133 1110 2437 1174 consecuti,
2471 1108 2696 1164 diﬂ'erre
2732 1108 3043 1162 locutiones
3072 1106 3171 1159 bas
3215 1118 3434 1158 asseve—

1866 1202 2079 1268 rabant,
2139 1203 2199 1253 τὸ
2254 1199 2545 1271 όμοούσιον
2573 1240 2587 1265 ,
2617 1196 3108 1262 eonsubstantiale,
3159 1204 3213 1249 et
3255 1192 3434 1248 simile

1863 1294 2164 1349 secundum
2202 1291 2651 1352 substantiam,id
2689 1288 2833 1359 quod
2864 1288 3028 1341 etiam
3064 1285 3428 1355 όμοιοούσιον,

1864 1388 2041 1443 simile
2072 1384 2378 1440 substantia
2399 1423 2414 1449 ,
2452 1383 2734 1438 dicebant.
2769 1380 3152 1448 Subjicicbant
3174 1391 3432 1446 namque,

1863 1479 2173 1551 ὁμοούσιον,
2197 1476 2689 1539 consubstantiale,
2726 1473 2945 1545 proprie
2978 1472 3045 1526 de
3071 1471 3206 1527 solis
3237 1482 3437 1538 corpo—

1865 1570 2026 1625 ribus
2056 1569 2190 1633 dici,
2230 1576 2423 1637 utputa
2457 1567 2524 1621 de
2559 1566 2879 1620 hominibus
2904 1574 2962 1619 et
2991 1563 3113 1616 aliis
3146 1559 3435 1615 animanti-

1866 1658 1993 1724 bu‘s,
2022 1660 2152 1713 item
2191 1657 2258 1712 de
2288 1656 2583 1711 arboribus
2611 1664 2667 1709 et
2691 1655 2911 1725 plantis,
2945 1652 3148 1721 quibus
3178 1649 3438 1703 omnibus

1866 1749 2289 1818 communicatio
2302 1758 2356 1803 et
2372 1748 2651 1818 generatio
2668 1762 2735 1800 ex
2754 1746 2918 1800 simili
2938 1755 3023 1798 est
3041 1761 3056 1798 :
3076 1740 3436 1811 ὁμοιοούσιον,

1870 1842 2047 1897 simile
2070 1841 2406 1908 substantia,
2441 1850 2647 1903 autem,
2683 1840 2750 1894 de
2786 1840 2951 1893 rebus
2983 1836 3210 1891 materia
3247 1849 3441 1889 caren-

1873 1934 2019 1986 tibus
2058 1933 2307 2002 usurpari
2352 1931 2557 1986 debere
2603 1930 2882 1995 dicebant,
2920 1928 3086 1981 veluti
3136 1925 3206 1979 de
3241 1924 3351 1977 Deo
3382 1932 3439 1977 et

1870 2026 2080 2094 angelis
2111 2043 2125 2080 :
2160 2025 2355 2079 borum
2407 2023 2555 2078 enim
2595 2022 2905 2092 quodlibet,
2956 2020 3000 2075 si
3049 2003 3146 2089 pc°r
3197 2017 3435 2087 seipsutn

1872 2125 2055 2170 mente
2086 2126 2141 2170 et
2183 2115 2540 2195 intellige/ntia
2577 2114 2703 2184 quis
2751 2111 3179 2181 contempletur,
3231 2122 3330 2176 pro
3380 2120 3441 2159 se

1871 2209 2099 2263 seorsim
2166 2207 2451 2262 subsistat.
2516 2205 2727 2272 Quibus
2791 2204 3008 2267 verbis,
3070 2212 3129 2253 ut
3198 2197 3436 2257 videtur.

1872 2299 2231 2355 Constantius
2282 2299 2569 2360 seductus,
2602 2305 2658 2351 et
2700 2296 2861 2349 aliter
2896 2308 3058 2363 quam
3111 2299 3271 2343 antea
3316 2301 3438 2355 per-

1872 2409 2091 2457 suasus,
2129 2392 2469 2461 aliquantum
2502 2388 2867 2445 transversitn
2911 2395 2995 2440 est
3045 2392 3222 2436 actus.
3262 2379 3441 2447 Atque

1872 2487 2152 2557 equidem,
2205 2494 2472 2555 quantum
2517 2482 2776 2551 coniicio,
2823 2477 3007 2533 animo
3054 2484 3109 2529 et
3161 2470 3440 2526 sententia

1874 2581 2017 2634 idem
2052 2580 2097 2633 is
2128 2593 2253 2634 cum
2285 2586 2439 2648 patre
2482 2585 2538 2631 et
2576 2576 2745 2629 fratre
2785 2571 2994 2633 sensit;
3036 2569 3204 2621 verbo
3249 2572 3435 2617 autem

1873 2681 2082 2727 mutato
2117 2671 2346 2724 minime
2390 2684 2449 2723 sc
2498 2668 2551 2721 in
2594 2666 2817 2736 pietatis
2856 2662 3008 2717 cultu
3046 2658 3156 2713 labi
3202 2653 3440 2726 putavit,

1871 2762 2124 2818 videlicet
2157 2763 2201 2815 si
2233 2776 2329 2830 pro
2357 2756 2666 2828 ὁμοουσίου,
2701 2748 3176 2812 consubstantiali,
3197 2743 3446 2815 ὁμοιοού-

1874 2875 2008 2922 σιον,
2032 2855 2209 2911 simile
2239 2852 2569 2916 substantia,
2617 2850 2845 2904 diceret.
2878 2844 3032 2912 Quod
3063 2856 3193 2898 sane
3226 2839 3308 2895 eis
3348 2835 3443 2907 qui

1874 2950 1927 3003 id
1973 2948 2302 3010 aﬂ‘erebant,
2346 2942 2550 3019 rectius
2592 2940 2913 3006 certiusque
2956 2949 3081 2989 esse
3113 2931 3300 2985 visum
3332 2936 3439 2982 est.

1874 3039 2230 3094 Afﬁrmabant
2276 3049 2536 3103 namque,
2590 3030 2693 3086 nisi
2745 3030 2869 3099 quis
2915 3027 3020 3080 ltoc
3068 3024 3150 3080 sic
3186 3021 3433 3083 diceret,

232 3127 307 3178 τὸν
332 3129 497 3182 πολὺν
525 3131 581 3184 ὲν
607 3131 860 3203 θεολογίᾳ
889 3110 1189 3207 Γρηγόριον
1218 3139 1275 3191 ἐν
1319 3139 1431 3202 τοῖς
1460 3110 1601 3193 κατὰ
1639 3139 1770 3193 ’1ου-

1876 3129 2181 3201 periculum
2215 3126 2413 3181 deinde
2453 3138 2598 3187 esse,
2635 3136 2703 3176 ne
2752 3133 2954 3189 corpus
2984 3130 3113 3171 esse
3161 3112 3311 3184 quod
3349 3110 3439 3164 iti-

233 3215 389 3270 λιανοῡ
422 3219 870 3289 στηλιτευτικοῖς,
902 3224 1025 3277 ὅλον
1055 3227 1162 3279 τῶν
1201 3228 1438 3282 ἐπαίνων
1472 3231 1771 3283 Κωνστανο

235 3308 329 3358 τίον
361 3311 672 3380 γενόμενον,
703 3313 1039 3383 ὑπερφυέσιν
1072 3318 1368 3388 ἐγκωμίοις
1402 3321 1645 3389 στέφειν,
1677 3319 1773 3372 καὶ

236 3398 284 3447 τὸ
310 3400 523 3465 εὐσεϐὲς
553 3404 949 3474 ἀνακηρύττειν
983 3408 1148 3461 αὑτοῦ
1171 3424 1184 3439 ·
1214 3409 1289 3473 ὡς
1340 3411 1435 3464 καὶ
1473 3411 1774 3480 ἁγγελικάς

237 3488 475 3561 δυνάμεις
503 3498 879 3567 προαγόμενον
915 3501 1262 3571 προπέμπειν
1298 3504 1486 3570 αὐτὸν,
1515 3506 1607 3557 καὶ⁵
1639 3505 1775 3570 ξενι-

237 3578 441 3645 ξούσαις
466 3586 741 3655 γεραίρειν
771 3587 959 3659 ᾠδαῖς,
981 3590 1055 3653 ὡς
1089 3592 1147 3644 ὲν
1170 3592 1249 3663 τῷ
1280 3593 1476 3662 πέρατι
1508 3594 1599 3647 τοῦ
1632 3612 1775 3667 παρ-

238 3673 365 3736 όντος
432 3678 592 3747 τόμου
636 3680 1035 3754 διαληψόμεθα.
1069 3686 1392 3756 Θαυμαστὸν
1443 3688 1498 3740 δὲ
1533 3688 1682 3741 οὐδὲν
1725 3689 1775 3742 εἰ

242 3763 472 3830 βασιλεὺς
512 3771 643 3839 περὶ
675 3774 978 3844 πράγματα
1013 3776 1112 3847 τὴν
1148 3777 1350 3848 σχολὴν
1389 3777 1548 3848 ἔχων,
1593 3796 1773 3849 παρα·

243 3857 466 3921 πεισθεὶς
516 3863 618 3932 τὴν
646 3863 794 3929 λέξιν
842 3870 1160 3936 προσήκατο
1185 3887 1198 3902 ·
1241 3873 1376 3923 ὅπου
1418 3888 1481 3938 γε
1521 3876 1613 3925 καὶ
1667 3874 1776 3925 τῶν

241 3955 466 4023 τηνικάδε
522 3956 715 4025 ἱερέων
769 3958 974 4024 πολλοὶ,
1024 3961 1163 4013 κατὰ
1213 3962 1450 4016 διάνοιαν
1492 3964 1777 4032 σύμφωνοι

241 4044 374 4107 ὄντες
405 4046 479 4115 τῷ
524 4049 667 4102 κατὰ
702 4048 936 4102 Νίκαιαν
961 4051 1213 4119 δόγματι,
1259 4052 1379 4120 δίχα
1424 4055 1564 4117 τινὸς
1601 4055 1777 4124 ἔριδος

241 4134 324 4204 τὴν
350 4137 488 4202 λέξιν
518 4139 710 4209 ἁπλῶς
755 4140 1081 4212 ἐξεδέχοντο.
1122 4143 1304 4196 Ἀλλοι
1347 4146 1515 4215 μηδέν
1550 4163 1602 4197 τι
1649 4148 1776 4215 περὶ

243 4223 536 4297 ἀμφοτέρας
563 4230 870 4296 ἐννοοῦντες
901 4232 1126 4301 φαῦλον,
1158 4236 1252 4288 ἐπὶ
1275 4235 1375 4304 μιᾷ
1408 4235 1654 4304 σημασίᾳ
1679 4236 1778 4304 τῆς

243 4317 473 4382 εὐσεϐοῦς
501 4320 738 4385 διανοίας
798 4323 1058 4393 ἐχρῶντο.
1112 4323 1198 4385 Ὠς
1253 4324 1506 4379 ἐντεῦθεν
1551 4327 1780 4394 συνάγε-

245 4405 352 4460 σθαι
406 4410 597 4475 έκεῖνο,
638 4412 982 4484 κομψότητος
1039 4417 1137 4485 μὲν
1168 4416 1423 4484 ἔμπλεων
1465 4412 1624 4478 εἶναι,
1657 4418 1685 4470 ὃ
1726 4419 1776 4471 oi

1876 3236 2206 3292 corporeum
2257 3229 2342 3274 est
2381 3229 2438 3272 et
2468 3218 2678 3272 diceret
2720 3225 2773 3270 et
2809 3211 3061 3268 sentiret.
3103 3206 3163 3262 Μ
3204 3218 3337 3261 sane
3380 3211 3443 3258 ut

1876 3308 2222 3379 stupiditatis
2275 3309 2519 3378 plenum,
2553 3305 2740 3361 multis
2790 3300 3083 3357 ridiculam
3120 3297 3299 3352 visum
3331 3300 3438 3348 est.

1875 3401 2146 3457 Caeterum
2204 3399 2336 3454 illud
2386 3413 2480 3453 eos
2521 3398 2668 3452 scire
2703 3394 3015 3465 oportebat.
3043 3388 3191 3461 quod
3228 3400 3432 3444 rerum.

1875 3512 2012 3566 quas
2040 3504 2222 3548 mente
2273 3502 2327 3547 et
2377 3482 2735 3560 intelligentia
2766 3484 3227 3554 contemplamur,
3262 3477 3442 3532 nomio

1877 3605 1945 3643 na
1977 3604 2005 3640 a
2037 3588 2200 3642 rebus
2260 3584 2657 3654 apparentibus
2684 3595 2781 3650 per
2816 3575 3308 3645 transumptiouetn
3348 3584 3448 3624 ne—

1877 3681 2123 3736 cessario
2162 3678 2535 3747 aceipitmtur.
2591 3673 2745 3739 Quod
2800 3687 2934 3726 vero
2982 3678 3164 3740 potest
3212 3679 3334 3720 esse
3387 3664 3442 3716 in

1880 3772 2203 3827 nominibus
2236 3769 2564 3840 periculum,
2596 3782 2723 3820 cum
2756 3766 2812 3818 in
2847 3764 2964 3833 ipsa
2990 3758 3351 3829 intelligentia
3388 3764 3444 3809 et

1880 3876 2067 3919 mente
2115 3863 2298 3917 nullus
2325 3861 2397 3914 sit
2426 3861 2613 3929 lapsus
2635 3868 2691 3913 et
2728 3855 2925 3912 error?
2950 3853 3077 3908 lude
3109 3853 3277 3906 etiam
3306 3863 3442 3903 con-

1876 3956 2051 4026 jicere
2078 3964 2183 4015 est,
2214 3967 2471 4021 maguum
2520 3950 2673 4003 illum
2706 3948 2760 4001 iit
2792 3945 3060 4013 theologia
3088 3943 3443 4011 Gregorium,

1879 4048 1932 4101 in
1966 4046 2080 4100 suis
2110 4044 2165 4097 in
2195 4044 2472 4096 Julianutn
2498 4040 2788 4094 invectivis
2822 4037 3191 4097 orationibus,
3228 4034 3358 4088 dum
3386 4035 3440 4086 in

1884 4137 2160 4233 lau'daudo
2200 4134 2525 4189 Constantio
2562 4143 2711 4187 totus
2742 4140 2847 4193 est,
2878 4144 2987 4183 non
3022 4127 3219 4191 injuria
3251 4125 3446 4178 miriti-

1881 4216 2133 4288 cis'eum
2181 4243 2379 4282 ornare
2426 4224 2738 4295 praeconiis,
2785 4221 3157 4292 pietatemque
3205 4219 3325 4287 ejus
3367 4216 3445 4269 ita

1880 4324 2277 4394 deprzedicare,
2330 4329 2390 4375 ut
2445 4319 2619 4380 illum,
2675 4330 2708 4371 a
2757 4324 2933 4369 morte
2979 4311 3189 4368 scilicet
3234 4309 3443 4381 produ-

1880 4430 2054 4482 ctum,
2091 4414 2349 4485 angelica:
2401 4412 2565 4467 etiatn
2605 4412 2836 4463 virtutes
2868 4407 3152 4475 stipatttes,
3180 4405 3445 4485 novisque

248 4496 355 4563 περὶ
383 4496 596 4566 Ἀρειον
627 4499 721 4551 ἐπὶ
754 4502 834 4569 τῷ
879 4502 1128 4573 σφετέρῳ
1155 4503 1317 4571 δῆθεν
1362 4504 1511 4574 καλῶ
1543 4506 1770 4558 ἀνεπλά-

1880 4519 1935 4564 et
1976 4505 2317 4562 admirandis
2345 4504 2682 4557 honorantes
2714 4499 3078 4561 carminibus,
3109 4498 3221 4551 sint
3252 4510 3439 4565 prosc-

249 4600 387 4639 σαντο
410 4602 422 4616 ·
453 4588 684 4660 καὶγὰρ
730 4608 861 4661 φασι
901 4593 1041 4662 μετὰ
1078 4594 1177 4665 τὴν
1204 4596 1313 4647 τῶν
1354 4594 1461 4666 τιη¹
1501 4596 1775 4666 θεοφόρων

248 4675 478 4747 Πατέρων
535 4682 853 4737 συνέλευσιν
898 4685 1082 4738 πολλοι
1150 4687 1259 4739 τῶν
1312 4687 1648 4750 ἐπισκόπων,
1703 4681 1778 4741 ὧν

248 4767 325 4818 καὶ
350 4769 599 4833 Εὐσέϐιος
627 4766 768 4841 ἦσαν
797 4774 890 4826 καὶ
934 4774 1213 4842 Θεογόνιος
1247 4777 1296 4829 οἱ
1332 4777 1568 4840 Βιθυνοὶ,
1601 4778 1779 4829 οὐκέτ’

246 4858 412 4927 ᾕθελον
438 4862 619 4933 λέγειν
666 4866 949 4933 ὁμοούσιον
972 4932 977 4941 η
997 4864 1140 4921 εἶναι
1174 4868 1251 4939 τῷ
1283 4870 1457 4938 Πατρὶ
1486 4870 1577 4924 τὸν
1624 4870 1777 4937 Υίδν,

247 4950 327 5002 καὶ
354 4952 515 5005 ταῦτα
542 4944 1069 5026 καθυπογράψαντες
1094 4975 1109 4989 ·
1131 4954 1213 5022 οἷς
1239 4959 1593 5031 χαλεπήναςδ
1621 4961 1776 5014 Κων-

247 5045 516 5109 σταντῖνος,
556 5046 884 5115 ὑπερορίους
912 5050 1106 5103 ἐποίει.
1136 5051 1308 5120 Ὄναρ
1335 5052 1391 5103 δὲ
1423 5053 1489 5122 τῇ
1519 5050 1614 5103 τοῦ
1647 5068 1780 5120 κρα-

248 5130 439 5197 τοῦντος
475 5135 678 5205 ἀδελφῇ
714 5139 898 5190 θεόθεν
928 5141 1149 5210 χρῆσαι,
1195 5140 1270 5202 ὼς
1300 5141 1499 5204 ἀδίκως
1529 5143 1778 5209 ἐγένοντο

251 5225 515 5294 ἐπερόριοι,
546 5229 724 5299 ὀρθῶς
750 5230 1065 5294 δοξάζοντες
1090 5233 1222 5303 περὶ
1248 5232 1343 5285 τοῦ
1369 5233 1526 5290 Θεοῦ.
1564 5235 1772 5286 Ἐντεῦ-

249 5312 325 5362 θεν
347 5317 388 5367 δ’
435 5319 658 5371 ἐκείνων
711 5321 1186 5390 μετακληθέντων,
1240 5322 1458 5394 ἔρεσθαι
1498 5324 1589 5376 τὸν
1639 5341 1775 5392 κρα-

247 5404 436 5470 τνιῦντα,
465 5409 589 5461 ὅτου
638 5411 798 5480 χάριν
830 5413 981 5481 παρὰ
1032 5412 1100 5465 τὰ
1140 5413 1437 5483 δεδογμένα
1463 5417 1527 5486 τῇ
1572 5416 1776 5486 συνόδῳ

247 5500 498 5563 φρονονσι,
542 5500 639 5553 καὶ
670 5500 843 5553 ταῦτα
902 5503 1187 5573 σύμψηφοι
1234 5507 1329 5558 καὶ
1375 5507 1619 5559 κοινανοὶ
1648 5524 1778 5578 γρχ-

246 5587 333 5653 φῆς
362 5589 452 5641 καὶ
492 5588 601 5642 τῶν
632 5592 835 5645 λοιπῶν
866 5595 1002 5665 αὐτῇ
1043 5594 1346 5663 γεγονότες.
1377 5596 1517 5659 Τοὶς
1571 5598 1614 5649 δ’
1643 5599 1777 5651 ἀποσ

247 5678 533 5748 κρίνασθαι,
570 5685 645 5752 μὴ
680 5685 820 5738 κατὰ
864 5686 1087 5755 γνώμην
1125 5689 1236 5751 τοῖς
1282 5687 1621 5757 δεδογμένοις
1654 5708 1778 5743 συν-

247 5766 433 5824 Οέσθαι.
467 5772 652 5838 Εξσήει
679 5777 786 5839 γὰρ
828 5778 937 5842 δέος
985 5782 1117 5843 ἡμῖν
1165 5781 1263 5833 οὐκ
1299 5780 1542 5845 ἔλαττων,
1570 5783 1772 5850 ἔλεγον,

1880 4609 2022 4653 culte
2050 4615 2063 4651 :
2105 4596 2270 4652 sicuti
2297 4594 2352 4648 in
2378 4594 2484 4647 line
2512 4592 2643 4646 tomi
2671 4591 2835 4660 hujus
2862 4604 3223 4658 exponemus.
3250 4585 3441 4655 Neque

1881 4692 2083 4745 mirum
2130 4687 2303 4741 videri
2356 4685 2544 4748 debet,
2579 4685 2970 4751 imperatorem
3022 4694 3209 4734 rerum
3260 4678 3441 4731 adiui-

1878 4778 2208 4833 nistratione
2230 4784 2582 4845 occupatum,
2610 4786 2933 4841 magnorum
2965 4770 3247 4824 hominum
3272 4781 3442 4821 suasu

1877 4872 2110 4926 verbum
2143 4870 2248 4925 hoc
2275 4868 2606 4938 approbasse
2634 4882 2649 4920 :
2700 4862 2863 4934 730
2888 4861 3107 4930 quando
3136 4858 3293 4912 inulti
3328 4866 3442 4909 tum

1879 4979 1949 5019 ex
1972 4962 2144 5017 sacris
2170 4962 2306 5016 viris
2336 4963 2519 5013 animo
2546 4971 2601 5011 et
2643 4954 2923 5011 sententia
2950 4953 3173 5007 Νίσαιηο
3196 4948 3440 5018 dogmati

1881 5055 2271 5117 assentientes,
2295 5052 2431 5105 citra
2453 5047 2866 5104 contentionem
2879 5059 3098 5098 omnem
3116 5041 3441 5109 simpliciter

1882 5147 1935 5201 id
1963 5161 2186 5216 quoque
2213 5140 2693 5212 recepere.Aliqui
2729 5148 2912 5191 autem
2946 5134 3083 5187 nihil
3119 5147 3346 5202 prorsus
3373 5134 3441 5186 de

1881 5249 2117 5307 utraque
2157 5237 2400 5290 dictione
2432 5237 2777 5302 suapte-antes
2806 5229 3042 5290 sinistri,
3079 5241 3189 5280 uno
3221 5224 3436 5278 eodem-

1880 5347 1989 5398 que
2028 5343 2192 5382 sensu
2228 5328 2329 5396 pia:
2382 5323 2665 5377 sententia:
2714 5320 3041 5374 alterutrum
3076 5326 3436 5385 usurparunt.

1877 5419 2031 5476 Unde
2061 5418 2194 5472 illud
2220 5417 2353 5471 satis
2374 5423 2609 5476 constat,
2629 5421 2899 5464 tumorem
2928 5424 3137 5463 merum
3166 5408 3436 5462 etfastum

1877 5526 2019 5574 esse,
2070 5508 2216 5578 quod
2246 5505 2436 5559 Ariani
2488 5519 2591 5557 suo
2617 5502 2876 5556 videlicet
2904 5501 3195 5556 commodo
3225 5502 3439 5554 contini.

1880 5615 2027 5654 xere.
2066 5599 2235 5652 Aiunt
2262 5596 2430 5658 enim,
2458 5604 2580 5663 post
2609 5605 2984 5650 trecentorum
3020 5596 3207 5649 decem
3234 5602 3289 5646 et
3314 5602 3439 5645 octo

1880 5700 2195 5745 sanctorum
2230 5689 2455 5755 Patrum
2490 5702 2842 5751 conventum,
2873 5689 3164 5758 episcojios
3215 5685 3438 5750 multos,

1879 5786 1933 5839 in
1967 5782 2167 5851 quibus
2192 5780 2359 5835 etiam
2393 5779 2660 5836 Eusebius
2690 5789 2746 5835 et
2770 5780 3048 5851 'l'lteognis
3072 5776 3292 5847 Bithyni
3322 5776 3438 5835 lue,-
