  <div class='ocr_page' id='page_1' title='image "/cluster/home/n/w/nwhite01/storage/ocr_20150623/146/hvd.32044019208347/164.png"; bbox 0 0 3934 6546; ppageno 0'>
   <div class='ocr_carea' id='block_1_1' title="bbox 187 401 270 462">
    <p class='ocr_par' dir='ltr' id='par_1_1' title="bbox 187 401 270 462">
     <span class='ocr_line' id='line_1_1' title="bbox 187 401 270 462; baseline -0.012 0"><span class='ocrx_word' id='word_1_1' title='bbox 187 401 270 462; x_wconf 86' lang='lat'><strong>313</strong></span> 
     </span>
    </p>
   </div>
   <div class='ocr_carea' id='block_1_2' title="bbox 1079 394 2445 457">
    <p class='ocr_par' dir='ltr' id='par_1_2' title="bbox 1079 394 2445 457">
     <span class='ocr_line' id='line_1_2' title="bbox 1079 394 2445 457; baseline 0.003 -5"><span class='ocrx_word' id='word_1_2' title='bbox 1079 394 1678 456; x_wconf 72' lang='lat' dir='ltr'><strong>ECCLESIASI‘ICIE</strong></span> <span class='ocrx_word' id='word_1_3' title='bbox 1722 395 2112 456; x_wconf 77' lang='lat' dir='ltr'><strong>HlSTOBI/E</strong></span> <span class='ocrx_word' id='word_1_4' title='bbox 2157 397 2303 454; x_wconf 83' lang='lat' dir='ltr'><strong>LIB.</strong></span> <span class='ocrx_word' id='word_1_5' title='bbox 2345 396 2445 457; x_wconf 83' lang='lat' dir='ltr'><strong>1X.</strong></span> 
     </span>
    </p>
   </div>
   <div class='ocr_carea' id='block_1_3' title="bbox 3300 389 3404 453">
    <p class='ocr_par' dir='ltr' id='par_1_3' title="bbox 3300 389 3404 453">
     <span class='ocr_line' id='line_1_3' title="bbox 3300 389 3404 453; baseline 0.029 -3"><span class='ocrx_word' id='word_1_6' title='bbox 3300 389 3404 453; x_wconf 67' lang='lat'><strong>314</strong></span> 
     </span>
    </p>
   </div>
   <div class='ocr_carea' id='block_1_4' title="bbox 184 501 1760 580">
    <p class='ocr_par' dir='ltr' id='par_1_4' title="bbox 184 506 1760 580">
     <span class='ocr_line' id='line_1_4' title="bbox 184 506 1760 580; baseline -0.007 -12"><span class='ocrx_word' id='word_1_7' title='bbox 184 510 353 580; x_wconf 76' lang='grc' dir='ltr'>τρίϐειν</span> <span class='ocrx_word' id='word_1_8' title='bbox 377 507 466 562; x_wconf 85' lang='grc' dir='ltr'><strong>τδν</strong></span> <span class='ocrx_word' id='word_1_9' title='bbox 492 507 685 576; x_wconf 74' lang='grc' dir='ltr'>χρόνον</span> <span class='ocrx_word' id='word_1_10' title='bbox 715 508 922 577; x_wconf 71' lang='grc' dir='ltr'>ᾑρεῖτο,</span> <span class='ocrx_word' id='word_1_11' title='bbox 953 507 1110 569; x_wconf 79' lang='grc' dir='ltr'>αὖθις</span> <span class='ocrx_word' id='word_1_12' title='bbox 1140 507 1370 576; x_wconf 82' lang='grc' dir='ltr'>γράφων</span> <span class='ocrx_word' id='word_1_13' title='bbox 1399 506 1655 577; x_wconf 76' lang='grc' dir='ltr'><strong>παρῄνει,</strong></span> <span class='ocrx_word' id='word_1_14' title='bbox 1684 507 1717 578; x_wconf 81' lang='grc' dir='ltr'>ἢ</span> <span class='ocrx_word' id='word_1_15' title='bbox 1752 546 1760 567; x_wconf 45' lang='grc' dir='ltr'><em>Α</em></span> 
     </span>
    </p>
   </div>
   <div class='ocr_carea' id='block_1_5' title="bbox 1866 501 3408 580">
    <p class='ocr_par' dir='ltr' id='par_1_5' title="bbox 1866 501 3408 578">
     <span class='ocr_line' id='line_1_5' title="bbox 1866 501 3408 578; baseline -0.004 -16"><span class='ocrx_word' id='word_1_16' title='bbox 1866 509 1928 562; x_wconf 92' lang='lat' dir='ltr'><strong>lia</strong></span> <span class='ocrx_word' id='word_1_17' title='bbox 1963 509 2193 578; x_wconf 82' lang='lat' dir='ltr'><strong>epistola</strong></span> <span class='ocrx_word' id='word_1_18' title='bbox 2236 509 2285 562; x_wconf 90' lang='lat' dir='ltr'><strong>ei</strong></span> <span class='ocrx_word' id='word_1_19' title='bbox 2319 506 2591 564; x_wconf 85' lang='lat' dir='ltr'><strong>Constans</strong></span> <span class='ocrx_word' id='word_1_20' title='bbox 2635 503 2860 569; x_wconf 89' lang='lat' dir='ltr'><strong>institit,</strong></span> <span class='ocrx_word' id='word_1_21' title='bbox 2893 510 3066 556; x_wconf 91' lang='lat' dir='ltr'><strong>utaut</strong></span> <span class='ocrx_word' id='word_1_22' title='bbox 3089 501 3320 557; x_wconf 76' lang='lat' dir='ltr'><strong>Paulum</strong></span> <span class='ocrx_word' id='word_1_23' title='bbox 3353 514 3408 556; x_wconf 83' lang='lat' dir='ltr'><strong>et</strong></span> 
     </span>
    </p>
   </div>
   <div class='ocr_carea' id='block_1_6' title="bbox 184 597 1722 673">
    <p class='ocr_par' dir='ltr' id='par_1_6' title="bbox 184 597 1722 673">
     <span class='ocr_line' id='line_1_6' title="bbox 184 597 1722 673; baseline -0.003 -18"><span class='ocrx_word' id='word_1_24' title='bbox 184 598 545 671; x_wconf 74' lang='grc' dir='ltr'>δέχεσθαι⁶τοὺς</span> <span class='ocrx_word' id='word_1_25' title='bbox 579 598 706 668; x_wconf 79' lang='grc' dir='ltr'>περὶ</span> <span class='ocrx_word' id='word_1_26' title='bbox 741 597 950 650; x_wconf 75' lang='grc' dir='ltr'>Παῦλον</span> <span class='ocrx_word' id='word_1_27' title='bbox 978 599 1072 673; x_wconf 73' lang='grc' dir='ltr'>καὶ</span> <span class='ocrx_word' id='word_1_28' title='bbox 1099 597 1444 660; x_wconf 79' lang='grc' dir='ltr'>Ἀθανάσιον,</span> <span class='ocrx_word' id='word_1_29' title='bbox 1476 600 1570 651; x_wconf 73' lang='grc' dir='ltr'>καὶ</span> <span class='ocrx_word' id='word_1_30' title='bbox 1597 599 1722 659; x_wconf 80' lang='grc' dir='ltr'>τοὺς</span> 
     </span>
    </p>
   </div>
   <div class='ocr_carea' id='block_1_7' title="bbox 189 687 1722 759">
    <p class='ocr_par' dir='ltr' id='par_1_7' title="bbox 189 687 1722 759">
     <span class='ocr_line' id='line_1_7' title="bbox 189 687 1722 759; baseline -0.005 -13"><span class='ocrx_word' id='word_1_31' title='bbox 189 696 317 754; x_wconf 77' lang='grc' dir='ltr'>ἰδίους</span> <span class='ocrx_word' id='word_1_32' title='bbox 344 689 647 745; x_wconf 79' lang='grc' dir='ltr'><strong>ἀποδιδόναι</strong></span> <span class='ocrx_word' id='word_1_33' title='bbox 677 689 901 759; x_wconf 80' lang='grc' dir='ltr'>θρόνους</span> <span class='ocrx_word' id='word_1_34' title='bbox 921 705 938 720; x_wconf 87' lang='grc'><strong>·</strong></span> <span class='ocrx_word' id='word_1_35' title='bbox 969 689 1003 758; x_wconf 83' lang='grc' dir='ltr'>ἢ</span> <span class='ocrx_word' id='word_1_36' title='bbox 1039 689 1113 758; x_wconf 78' lang='grc' dir='ltr'>μὴ</span> <span class='ocrx_word' id='word_1_37' title='bbox 1141 688 1276 758; x_wconf 77' lang='grc' dir='ltr'>δρᾷν</span> <span class='ocrx_word' id='word_1_38' title='bbox 1301 687 1444 740; x_wconf 78' lang='grc' dir='ltr'>οὕτω</span> <span class='ocrx_word' id='word_1_39' title='bbox 1475 687 1722 751; x_wconf 80' lang='grc' dir='ltr'>θέλοντα,</span> 
     </span>
    </p>
   </div>
   <div class='ocr_carea' id='block_1_8' title="bbox 187 777 1727 856">
    <p class='ocr_par' dir='ltr' id='par_1_8' title="bbox 187 777 1727 856">
     <span class='ocr_line' id='line_1_8' title="bbox 187 777 1727 856; baseline -0.005 -17"><span class='ocrx_word' id='word_1_40' title='bbox 187 788 295 856; x_wconf 68' lang='grc' dir='ltr'>πρδς</span> <span class='ocrx_word' id='word_1_41' title='bbox 337 783 564 852; x_wconf 86' lang='grc' dir='ltr'>πόλεμον</span> <span class='ocrx_word' id='word_1_42' title='bbox 598 783 1092 852; x_wconf 80' lang='grc' dir='ltr'>παρασκευαστέον</span> <span class='ocrx_word' id='word_1_43' title='bbox 1128 777 1289 834; x_wconf 77' lang='grc' dir='ltr'>εἶναι.</span> <span class='ocrx_word' id='word_1_44' title='bbox 1331 780 1391 832; x_wconf 87' lang='lat'><strong>&#39;0</strong></span> <span class='ocrx_word' id='word_1_45' title='bbox 1428 778 1474 832; x_wconf 85' lang='grc' dir='ltr'>δ’</span> <span class='ocrx_word' id='word_1_46' title='bbox 1499 778 1727 831; x_wconf 78' lang='grc' dir='ltr'>ἐπισκό-</span> 
     </span>
    </p>
   </div>
   <div class='ocr_carea' id='block_1_9' title="bbox 189 869 1728 945">
    <p class='ocr_par' dir='ltr' id='par_1_9' title="bbox 189 869 1728 945">
     <span class='ocr_line' id='line_1_9' title="bbox 189 869 1728 945; baseline -0.004 -15"><span class='ocrx_word' id='word_1_47' title='bbox 189 895 285 938; x_wconf 77' lang='grc' dir='ltr'>ποις</span> <span class='ocrx_word' id='word_1_48' title='bbox 310 876 410 928; x_wconf 83' lang='grc' dir='ltr'>τισὶ</span> <span class='ocrx_word' id='word_1_49' title='bbox 439 876 848 945; x_wconf 76' lang='grc' dir='ltr'><strong>κοινωσάμενος</strong></span> <span class='ocrx_word' id='word_1_50' title='bbox 879 874 979 943; x_wconf 80' lang='grc' dir='ltr'>τὴν</span> <span class='ocrx_word' id='word_1_51' title='bbox 1011 872 1232 944; x_wconf 85' lang='grc' dir='ltr'>βουλὴν,</span> <span class='ocrx_word' id='word_1_52' title='bbox 1263 872 1488 942; x_wconf 79' lang='grc' dir='ltr'>ἄμεινον</span> <span class='ocrx_word' id='word_1_53' title='bbox 1517 869 1728 938; x_wconf 75' lang='grc' dir='ltr'>ἔφασαν</span> 
     </span>
    </p>
   </div>
   <div class='ocr_carea' id='block_1_10' title="bbox 191 963 1728 1036">
    <p class='ocr_par' dir='ltr' id='par_1_10' title="bbox 191 963 1728 1036">
     <span class='ocr_line' id='line_1_10' title="bbox 191 963 1728 1036; baseline -0.007 -11"><span class='ocrx_word' id='word_1_54' title='bbox 191 971 356 1025; x_wconf 85' lang='grc' dir='ltr'>ἐκεῖνοι</span> <span class='ocrx_word' id='word_1_55' title='bbox 391 967 694 1036; x_wconf 84' lang='grc' dir='ltr'>Ἀθανασίῳ</span> <span class='ocrx_word' id='word_1_56' title='bbox 739 967 1096 1036; x_wconf 81' lang='grc' dir='ltr'>παραχωρεῖν</span> <span class='ocrx_word' id='word_1_57' title='bbox 1143 965 1252 1018; x_wconf 84' lang='grc' dir='ltr'><strong>τῶν</strong></span> <span class='ocrx_word' id='word_1_58' title='bbox 1299 963 1642 1034; x_wconf 86' lang='grc' dir='ltr'>ἐκκλησιῶν,</span> <span class='ocrx_word' id='word_1_59' title='bbox 1694 963 1728 1033; x_wconf 82' lang='grc' dir='ltr'>ἢ</span> 
     </span>
    </p>
   </div>
   <div class='ocr_carea' id='block_1_11' title="bbox 191 1053 1731 1131">
    <p class='ocr_par' dir='ltr' id='par_1_11' title="bbox 191 1053 1731 1131">
     <span class='ocr_line' id='line_1_11' title="bbox 191 1053 1731 1131; baseline -0.006 -17"><span class='ocrx_word' id='word_1_60' title='bbox 191 1062 437 1131; x_wconf 71' lang='grc' dir='ltr'>ἐμφυλίοις</span> <span class='ocrx_word' id='word_1_61' title='bbox 469 1058 846 1128; x_wconf 84' lang='grc' dir='ltr'>διακρίνεσθαι</span> <span class='ocrx_word' id='word_1_62' title='bbox 885 1057 1110 1128; x_wconf 80' lang='grc' dir='ltr'><strong>μάχαις.</strong></span> <span class='ocrx_word' id='word_1_63' title='bbox 1144 1056 1303 1110; x_wconf 81' lang='grc' dir='ltr'>Οὕτω</span> <span class='ocrx_word' id='word_1_64' title='bbox 1335 1054 1381 1108; x_wconf 78' lang='grc' dir='ltr'>δ’</span> <span class='ocrx_word' id='word_1_65' title='bbox 1408 1056 1502 1108; x_wconf 81' lang='grc' dir='ltr'>ἐπὶ</span> <span class='ocrx_word' id='word_1_66' title='bbox 1530 1053 1731 1118; x_wconf 78' lang='grc' dir='ltr'>λέξεως</span> 
     </span>
    </p>
   </div>
   <div class='ocr_carea' id='block_1_12' title="bbox 192 1135 1735 1224">
    <p class='ocr_par' dir='ltr' id='par_1_12' title="bbox 192 1135 1735 1224">
     <span class='ocr_line' id='line_1_12' title="bbox 192 1135 1735 1224; baseline -0.006 -17"><span class='ocrx_word' id='word_1_67' title='bbox 192 1156 252 1224; x_wconf 82' lang='grc' dir='ltr'>τῷ</span> <span class='ocrx_word' id='word_1_68' title='bbox 278 1155 492 1222; x_wconf 71' lang='grc' dir='ltr'>Κὼνστᾳ</span> <span class='ocrx_word' id='word_1_69' title='bbox 523 1146 668 1220; x_wconf 82' lang='grc' dir='ltr'>εἶχεν</span> <span class='ocrx_word' id='word_1_70' title='bbox 693 1135 1016 1221; x_wconf 67' lang='grc' dir='ltr'>η’ἐπιστολὴ</span> <span class='ocrx_word' id='word_1_71' title='bbox 1043 1147 1434 1211; x_wconf 76' lang='grc' dir='ltr'>Λακωνίζουσα</span> <span class='ocrx_word' id='word_1_72' title='bbox 1459 1164 1474 1178; x_wconf 76' lang='grc' dir='ltr'><strong><em>ο</em></strong></span> <span class='ocrx_word' id='word_1_73' title='bbox 1511 1165 1530 1198; x_wconf 80' lang='grc' dir='ltr'><strong>ι</strong></span> <span class='ocrx_word' id='word_1_74' title='bbox 1572 1146 1735 1198; x_wconf 78' lang='grc' dir='ltr'>Ἀθα-</span> 
     </span>
    </p>
   </div>
   <div class='ocr_carea' id='block_1_13' title="bbox 193 1237 1730 1313">
    <p class='ocr_par' dir='ltr' id='par_1_13' title="bbox 193 1237 1730 1313">
     <span class='ocr_line' id='line_1_13' title="bbox 193 1237 1730 1313; baseline -0.006 -13"><span class='ocrx_word' id='word_1_75' title='bbox 193 1249 343 1303; x_wconf 67' lang='lat' dir='ltr'><strong>victo;</strong></span> <span class='ocrx_word' id='word_1_76' title='bbox 370 1237 496 1313; x_wconf 84' lang='grc' dir='ltr'>ἦκεν</span> <span class='ocrx_word' id='word_1_77' title='bbox 525 1242 602 1304; x_wconf 85' lang='grc' dir='ltr'><strong>ὡς</strong></span> <span class='ocrx_word' id='word_1_78' title='bbox 633 1242 802 1312; x_wconf 80' lang='grc' dir='ltr'>ἡμᾶς,</span> <span class='ocrx_word' id='word_1_79' title='bbox 829 1241 1009 1309; x_wconf 83' lang='grc' dir='ltr'>ἐαυτῷ</span> <span class='ocrx_word' id='word_1_80' title='bbox 1041 1241 1347 1310; x_wconf 86' lang='grc' dir='ltr'>προσήκειν</span> <span class='ocrx_word' id='word_1_81' title='bbox 1378 1241 1477 1310; x_wconf 70' lang='grc' dir='ltr'>τὴν</span> <span class='ocrx_word' id='word_1_82' title='bbox 1510 1241 1730 1292; x_wconf 71' lang='grc' dir='ltr'>ἐπισκοο</span> 
     </span>
    </p>
   </div>
   <div class='ocr_carea' id='block_1_14' title="bbox 195 1331 1736 1408">
    <p class='ocr_par' dir='ltr' id='par_1_14' title="bbox 195 1331 1736 1408">
     <span class='ocr_line' id='line_1_14' title="bbox 195 1331 1736 1408; baseline -0.004 -18"><span class='ocrx_word' id='word_1_83' title='bbox 195 1339 284 1408; x_wconf 72' lang='grc' dir='ltr'>τὴν</span> <span class='ocrx_word' id='word_1_84' title='bbox 319 1333 719 1404; x_wconf 77' lang='grc' dir='ltr'>Ἀλεξανδρείας</span> <span class='ocrx_word' id='word_1_85' title='bbox 772 1333 1116 1394; x_wconf 81' lang='grc' dir='ltr'>ἀποδεικνύς.</span> <span class='ocrx_word' id='word_1_86' title='bbox 1170 1331 1501 1404; x_wconf 87' lang='grc' dir='ltr'>Τυγχανέτω</span> <span class='ocrx_word' id='word_1_87' title='bbox 1552 1333 1736 1386; x_wconf 80' lang='grc' dir='ltr'>τοίνυν</span> 
     </span>
    </p>
   </div>
   <div class='ocr_carea' id='block_1_15' title="bbox 195 1423 1737 1496">
    <p class='ocr_par' dir='ltr' id='par_1_15' title="bbox 195 1423 1737 1496">
     <span class='ocr_line' id='line_1_15' title="bbox 195 1423 1737 1496; baseline -0.005 -15"><span class='ocrx_word' id='word_1_88' title='bbox 195 1430 264 1482; x_wconf 69' lang='grc' dir='ltr'>διὰ</span> <span class='ocrx_word' id='word_1_89' title='bbox 290 1427 375 1480; x_wconf 80' lang='grc' dir='ltr'>σοῦ</span> <span class='ocrx_word' id='word_1_90' title='bbox 403 1426 601 1496; x_wconf 80' lang='grc' dir='ltr'>ταύτης</span> <span class='ocrx_word' id='word_1_91' title='bbox 630 1441 646 1457; x_wconf 86' lang='grc'>⁶</span> <span class='ocrx_word' id='word_1_92' title='bbox 681 1425 775 1479; x_wconf 73' lang='grc' dir='ltr'>ἐπὶ</span> <span class='ocrx_word' id='word_1_93' title='bbox 804 1427 918 1486; x_wconf 88' lang='grc' dir='ltr'>τοῖς</span> <span class='ocrx_word' id='word_1_94' title='bbox 947 1426 1099 1494; x_wconf 85' lang='grc' dir='ltr'>ἐμοῖς</span> <span class='ocrx_word' id='word_1_95' title='bbox 1129 1441 1193 1492; x_wconf 87' lang='grc' dir='ltr'><strong>γε</strong></span> <span class='ocrx_word' id='word_1_96' title='bbox 1226 1423 1396 1494; x_wconf 79' lang='grc' dir='ltr'>αὐτὴν</span> <span class='ocrx_word' id='word_1_97' title='bbox 1427 1423 1737 1492; x_wconf 80' lang='grc' dir='ltr'>ἀνακτήσε-</span> 
     </span>
    </p>
   </div>
   <div class='ocr_carea' id='block_1_16' title="bbox 1829 595 3412 670">
    <p class='ocr_par' dir='ltr' id='par_1_16' title="bbox 1829 595 3412 670">
     <span class='ocr_line' id='line_1_16' title="bbox 1829 595 3412 670; baseline -0.004 -15"><span class='ocrx_word' id='word_1_98' title='bbox 1829 603 2188 656; x_wconf 85' lang='lat' dir='ltr'><strong>Athanasium</strong></span> <span class='ocrx_word' id='word_1_99' title='bbox 2247 601 2534 670; x_wconf 89' lang='lat' dir='ltr'><strong>reciperet,</strong></span> <span class='ocrx_word' id='word_1_100' title='bbox 2579 599 2769 668; x_wconf 86' lang='lat' dir='ltr'><strong>eisque</strong></span> <span class='ocrx_word' id='word_1_101' title='bbox 2833 597 3061 650; x_wconf 91' lang='lat' dir='ltr'><strong>thronos</strong></span> <span class='ocrx_word' id='word_1_102' title='bbox 3123 611 3253 650; x_wconf 89' lang='lat' dir='ltr'><strong>suos</strong></span> <span class='ocrx_word' id='word_1_103' title='bbox 3287 595 3412 648; x_wconf 84' lang='lat' dir='ltr'><strong>red-</strong></span> 
     </span>
    </p>
   </div>
   <div class='ocr_carea' id='block_1_17' title="bbox 1833 689 3411 758">
    <p class='ocr_par' dir='ltr' id='par_1_17' title="bbox 1833 689 3411 758">
     <span class='ocr_line' id='line_1_17' title="bbox 1833 689 3411 758; baseline -0.004 -8"><span class='ocrx_word' id='word_1_104' title='bbox 1833 695 2042 750; x_wconf 83' lang='lat' dir='ltr'><strong>dendus</strong></span> <span class='ocrx_word' id='word_1_105' title='bbox 2101 706 2342 758; x_wconf 76' lang='lat' dir='ltr'><strong>curaret,</strong></span> <span class='ocrx_word' id='word_1_106' title='bbox 2374 704 2467 747; x_wconf 85' lang='lat' dir='ltr'><strong>aut</strong></span> <span class='ocrx_word' id='word_1_107' title='bbox 2499 693 2601 747; x_wconf 89' lang='lat' dir='ltr'><strong>nisi</strong></span> <span class='ocrx_word' id='word_1_108' title='bbox 2635 693 2738 746; x_wconf 90' lang='lat' dir='ltr'><strong>hoc</strong></span> <span class='ocrx_word' id='word_1_109' title='bbox 2766 690 2989 754; x_wconf 87' lang='lat' dir='ltr'><strong>faceret,</strong></span> <span class='ocrx_word' id='word_1_110' title='bbox 3024 689 3089 743; x_wconf 89' lang='lat' dir='ltr'><strong>ad</strong></span> <span class='ocrx_word' id='word_1_111' title='bbox 3117 690 3318 744; x_wconf 78' lang='lat' dir='ltr'><strong>bellum</strong></span> <span class='ocrx_word' id='word_1_112' title='bbox 3351 703 3411 744; x_wconf 92' lang='lat' dir='ltr'><strong>se</strong></span> 
     </span>
    </p>
   </div>
   <div class='ocr_carea' id='block_1_18' title="bbox 1832 780 3407 857">
    <p class='ocr_par' dir='ltr' id='par_1_18' title="bbox 1832 780 3407 857">
     <span class='ocr_line' id='line_1_18' title="bbox 1832 780 3407 857; baseline -0.005 -17"><span class='ocrx_word' id='word_1_113' title='bbox 1832 796 2188 857; x_wconf 56' lang='lat' dir='ltr'><strong>praepararet.</strong></span> <span class='ocrx_word' id='word_1_114' title='bbox 2210 788 2389 854; x_wconf 91' lang='lat' dir='ltr'><strong>Atque</strong></span> <span class='ocrx_word' id='word_1_115' title='bbox 2411 785 2500 839; x_wconf 91' lang='lat' dir='ltr'><strong>ille</strong></span> <span class='ocrx_word' id='word_1_116' title='bbox 2533 799 2589 838; x_wconf 92' lang='lat' dir='ltr'><strong>re</strong></span> <span class='ocrx_word' id='word_1_117' title='bbox 2624 799 2748 837; x_wconf 90' lang='lat' dir='ltr'><strong>cum</strong></span> <span class='ocrx_word' id='word_1_118' title='bbox 2773 781 3104 851; x_wconf 86' lang='lat' dir='ltr'><strong>quibusdam</strong></span> <span class='ocrx_word' id='word_1_119' title='bbox 3128 780 3407 847; x_wconf 76' lang='lat' dir='ltr'><strong>episcopis</strong></span> 
     </span>
    </p>
   </div>
   <div class='ocr_carea' id='block_1_19' title="bbox 1833 872 3409 949">
    <p class='ocr_par' dir='ltr' id='par_1_19' title="bbox 1833 872 3409 949">
     <span class='ocr_line' id='line_1_19' title="bbox 1833 872 3409 949; baseline -0.006 -15"><span class='ocrx_word' id='word_1_120' title='bbox 1833 880 2138 934; x_wconf 85' lang='lat' dir='ltr'><strong>deliberata</strong></span> <span class='ocrx_word' id='word_1_121' title='bbox 2162 920 2177 943; x_wconf 98' lang='lat'><strong>,</strong></span> <span class='ocrx_word' id='word_1_122' title='bbox 2201 879 2270 933; x_wconf 91' lang='lat' dir='ltr'><strong>de</strong></span> <span class='ocrx_word' id='word_1_123' title='bbox 2295 893 2487 933; x_wconf 91' lang='lat' dir='ltr'><strong>eorum</strong></span> <span class='ocrx_word' id='word_1_124' title='bbox 2515 876 2809 939; x_wconf 77' lang='lat' dir='ltr'><strong>sententia,</strong></span> <span class='ocrx_word' id='word_1_125' title='bbox 2840 875 3014 949; x_wconf 86' lang='lat' dir='ltr'><strong>satius</strong></span> <span class='ocrx_word' id='word_1_126' title='bbox 3038 887 3159 927; x_wconf 81' lang='lat' dir='ltr'><strong>esse</strong></span> <span class='ocrx_word' id='word_1_127' title='bbox 3191 872 3409 934; x_wconf 88' lang='lat' dir='ltr'><strong>statuit,</strong></span> 
     </span>
    </p>
   </div>
   <div class='ocr_carea' id='block_1_20' title="bbox 1835 964 3409 1036">
    <p class='ocr_par' dir='ltr' id='par_1_20' title="bbox 1835 964 3409 1036">
     <span class='ocr_line' id='line_1_20' title="bbox 1835 964 3409 1036; baseline -0.005 -10"><span class='ocrx_word' id='word_1_128' title='bbox 1835 972 2137 1027; x_wconf 81' lang='lat' dir='ltr'><strong>Athanasio</strong></span> <span class='ocrx_word' id='word_1_129' title='bbox 2170 973 2236 1025; x_wconf 90' lang='lat' dir='ltr'><strong>de</strong></span> <span class='ocrx_word' id='word_1_130' title='bbox 2275 971 2505 1026; x_wconf 88' lang='lat' dir='ltr'><strong>ecclesia</strong></span> <span class='ocrx_word' id='word_1_131' title='bbox 2543 970 2829 1032; x_wconf 85' lang='lat' dir='ltr'><strong>decedere,</strong></span> <span class='ocrx_word' id='word_1_132' title='bbox 2884 983 3048 1036; x_wconf 90' lang='lat' dir='ltr'><strong>quam</strong></span> <span class='ocrx_word' id='word_1_133' title='bbox 3099 965 3251 1021; x_wconf 85' lang='lat' dir='ltr'><strong>civili</strong></span> <span class='ocrx_word' id='word_1_134' title='bbox 3311 964 3409 1018; x_wconf 88' lang='lat' dir='ltr'><strong>de-</strong></span> 
     </span>
    </p>
   </div>
   <div class='ocr_carea' id='block_1_21' title="bbox 1837 1057 3411 1119">
    <p class='ocr_par' dir='ltr' id='par_1_21' title="bbox 1837 1057 3411 1119">
     <span class='ocr_line' id='line_1_21' title="bbox 1837 1057 3411 1119; baseline -0.006 0"><span class='ocrx_word' id='word_1_135' title='bbox 1837 1073 2054 1119; x_wconf 88' lang='lat' dir='ltr'><strong>certare</strong></span> <span class='ocrx_word' id='word_1_136' title='bbox 2076 1063 2245 1118; x_wconf 87' lang='lat' dir='ltr'><strong>bello.</strong></span> <span class='ocrx_word' id='word_1_137' title='bbox 2274 1063 2591 1118; x_wconf 83' lang='lat' dir='ltr'><strong>Constantis</strong></span> <span class='ocrx_word' id='word_1_138' title='bbox 2633 1062 2833 1117; x_wconf 63' lang='lat' dir='ltr'><strong>litterae</strong></span> <span class='ocrx_word' id='word_1_139' title='bbox 2863 1059 3131 1113; x_wconf 80' lang='lat' dir='ltr'><strong>Laconice</strong></span> <span class='ocrx_word' id='word_1_140' title='bbox 3165 1057 3249 1110; x_wconf 91' lang='lat' dir='ltr'><strong>his</strong></span> <span class='ocrx_word' id='word_1_141' title='bbox 3284 1070 3411 1110; x_wconf 89' lang='lat' dir='ltr'><strong>ver-</strong></span> 
     </span>
    </p>
   </div>
   <div class='ocr_carea' id='block_1_22' title="bbox 1837 1148 3417 1224">
    <p class='ocr_par' dir='ltr' id='par_1_22' title="bbox 1837 1148 3417 1224">
     <span class='ocr_line' id='line_1_22' title="bbox 1837 1148 3417 1224; baseline -0.006 -14"><span class='ocrx_word' id='word_1_142' title='bbox 1837 1154 1924 1210; x_wconf 87' lang='lat' dir='ltr'><strong>bis</strong></span> <span class='ocrx_word' id='word_1_143' title='bbox 1958 1156 2175 1224; x_wconf 69' lang='lat' dir='ltr'><strong>scriptae</strong></span> <span class='ocrx_word' id='word_1_144' title='bbox 2200 1164 2399 1208; x_wconf 84' lang='lat' dir='ltr'><strong>erant:</strong></span> <span class='ocrx_word' id='word_1_145' title='bbox 2437 1172 2454 1205; x_wconf 85' lang='grc' dir='ltr'><strong>ι</strong></span> <span class='ocrx_word' id='word_1_146' title='bbox 2500 1153 2661 1208; x_wconf 81' lang='lat' dir='ltr'><strong>Venit</strong></span> <span class='ocrx_word' id='word_1_147' title='bbox 2691 1152 2759 1206; x_wconf 94' lang='lat' dir='ltr'><strong>ad</strong></span> <span class='ocrx_word' id='word_1_148' title='bbox 2810 1167 2910 1205; x_wconf 90' lang='lat' dir='ltr'><strong>nos</strong></span> <span class='ocrx_word' id='word_1_149' title='bbox 2953 1148 3305 1212; x_wconf 80' lang='lat' dir='ltr'><strong>Athanasius,</strong></span> <span class='ocrx_word' id='word_1_150' title='bbox 3359 1157 3417 1201; x_wconf 89' lang='lat' dir='ltr'><strong>et</strong></span> 
     </span>
    </p>
   </div>
   <div class='ocr_carea' id='block_1_23' title="bbox 1838 1239 3413 1314">
    <p class='ocr_par' dir='ltr' id='par_1_23' title="bbox 1838 1239 3413 1314">
     <span class='ocr_line' id='line_1_23' title="bbox 1838 1239 3413 1314; baseline -0.004 -14"><span class='ocrx_word' id='word_1_151' title='bbox 1838 1246 1906 1301; x_wconf 88' lang='lat' dir='ltr'><strong>ad</strong></span> <span class='ocrx_word' id='word_1_152' title='bbox 1940 1261 1998 1300; x_wconf 91' lang='lat' dir='ltr'><strong>se</strong></span> <span class='ocrx_word' id='word_1_153' title='bbox 2042 1246 2418 1314; x_wconf 87' lang='lat' dir='ltr'><strong>episcopatum</strong></span> <span class='ocrx_word' id='word_1_154' title='bbox 2461 1243 2804 1298; x_wconf 62' lang='lat' dir='ltr'><strong>Alexandria:</strong></span> <span class='ocrx_word' id='word_1_155' title='bbox 2839 1242 3114 1310; x_wconf 89' lang='lat' dir='ltr'><strong>pertinere</strong></span> <span class='ocrx_word' id='word_1_156' title='bbox 3139 1239 3413 1307; x_wconf 78' lang='lat' dir='ltr'><strong>probavit.</strong></span> 
     </span>
    </p>
   </div>
   <div class='ocr_carea' id='block_1_24' title="bbox 1840 1328 3414 1406">
    <p class='ocr_par' dir='ltr' id='par_1_24' title="bbox 1840 1328 3414 1406">
     <span class='ocr_line' id='line_1_24' title="bbox 1840 1328 3414 1406; baseline -0.008 -14"><span class='ocrx_word' id='word_1_157' title='bbox 1840 1337 2189 1406; x_wconf 82' lang='lat' dir='ltr'><strong>Quapropter</strong></span> <span class='ocrx_word' id='word_1_158' title='bbox 2219 1336 2370 1389; x_wconf 93' lang='lat' dir='ltr'><strong>illum</strong></span> <span class='ocrx_word' id='word_1_159' title='bbox 2393 1349 2496 1404; x_wconf 92' lang='lat' dir='ltr'><strong>ope</strong></span> <span class='ocrx_word' id='word_1_160' title='bbox 2521 1344 2613 1388; x_wconf 89' lang='lat' dir='ltr'><strong>tua</strong></span> <span class='ocrx_word' id='word_1_161' title='bbox 2641 1333 2723 1387; x_wconf 85' lang='lat' dir='ltr'><strong>fac</strong></span> <span class='ocrx_word' id='word_1_162' title='bbox 2761 1340 3133 1400; x_wconf 76' lang='lat' dir='ltr'><strong>consequatur</strong></span> <span class='ocrx_word' id='word_1_163' title='bbox 3163 1346 3173 1379; x_wconf 93' lang='lat'><strong>:</strong></span> <span class='ocrx_word' id='word_1_164' title='bbox 3206 1328 3414 1394; x_wconf 88' lang='lat' dir='ltr'><strong>alioqui</strong></span> 
     </span>
    </p>
   </div>
   <div class='ocr_carea' id='block_1_25' title="bbox 1841 1421 3421 1498">
    <p class='ocr_par' dir='ltr' id='par_1_25' title="bbox 1841 1421 3421 1498">
     <span class='ocr_line' id='line_1_25' title="bbox 1841 1421 3421 1498; baseline -0.009 -14"><span class='ocrx_word' id='word_1_165' title='bbox 1841 1446 2080 1498; x_wconf 88' lang='lat' dir='ltr'><strong>namque</strong></span> <span class='ocrx_word' id='word_1_166' title='bbox 2113 1429 2281 1482; x_wconf 79' lang='lat' dir='ltr'><strong>armis</strong></span> <span class='ocrx_word' id='word_1_167' title='bbox 2314 1442 2440 1481; x_wconf 87' lang='lat' dir='ltr'><strong>eum</strong></span> <span class='ocrx_word' id='word_1_168' title='bbox 2487 1425 2622 1480; x_wconf 87' lang='lat' dir='ltr'><strong>meis</strong></span> <span class='ocrx_word' id='word_1_169' title='bbox 2675 1424 3048 1493; x_wconf 88' lang='lat' dir='ltr'><strong>recuperabit.</strong></span> <span class='ocrx_word' id='word_1_170' title='bbox 3085 1439 3102 1471; x_wconf 74' lang='grc' dir='ltr'><strong>ι</strong></span> <span class='ocrx_word' id='word_1_171' title='bbox 3140 1421 3300 1474; x_wconf 91' lang='lat' dir='ltr'><strong>llisce</strong></span> <span class='ocrx_word' id='word_1_172' title='bbox 3333 1421 3421 1473; x_wconf 90' lang='lat' dir='ltr'><strong>lit-</strong></span> 
     </span>
    </p>
   </div>
   <div class='ocr_carea' id='block_1_26' title="bbox 196 1509 1760 1584">
    <p class='ocr_par' dir='ltr' id='par_1_26' title="bbox 196 1513 1738 1584">
     <span class='ocr_line' id='line_1_26' title="bbox 196 1513 1738 1584; baseline -0.003 -14"><span class='ocrx_word' id='word_1_173' title='bbox 196 1537 267 1571; x_wconf 84' lang='grc' dir='ltr'><strong>ται</strong></span> <span class='ocrx_word' id='word_1_174' title='bbox 287 1516 506 1578; x_wconf 74' lang='grc' dir='ltr'>ὅπλοις.»</span> <span class='ocrx_word' id='word_1_175' title='bbox 537 1518 760 1578; x_wconf 79' lang='grc' dir='ltr'>Τούτοις</span> <span class='ocrx_word' id='word_1_176' title='bbox 787 1513 833 1568; x_wconf 84' lang='grc' dir='ltr'>δ’</span> <span class='ocrx_word' id='word_1_177' title='bbox 857 1515 1278 1584; x_wconf 85' lang='grc' dir='ltr'>ἐκϐεϐιασμένος</span> <span class='ocrx_word' id='word_1_178' title='bbox 1333 1513 1738 1576; x_wconf 82' lang='grc' dir='ltr'>Κωνστάντιος,</span> 
     </span>
    </p>
   </div>
   <div class='ocr_carea' id='block_1_27' title="bbox 1866 1509 3413 1584">
    <p class='ocr_par' dir='ltr' id='par_1_27' title="bbox 1866 1509 3413 1580">
     <span class='ocr_line' id='line_1_27' title="bbox 1866 1509 3413 1580; baseline -0.008 -5"><span class='ocrx_word' id='word_1_179' title='bbox 1866 1523 1978 1576; x_wconf 91' lang='lat' dir='ltr'><strong>eris</strong></span> <span class='ocrx_word' id='word_1_180' title='bbox 2047 1520 2274 1574; x_wconf 89' lang='lat' dir='ltr'><strong>adactus</strong></span> <span class='ocrx_word' id='word_1_181' title='bbox 2345 1517 2698 1573; x_wconf 87' lang='lat' dir='ltr'><strong>Constantius</strong></span> <span class='ocrx_word' id='word_1_182' title='bbox 2776 1515 3134 1570; x_wconf 81' lang='lat' dir='ltr'><strong>Athanasium</strong></span> <span class='ocrx_word' id='word_1_183' title='bbox 3195 1509 3413 1580; x_wconf 89' lang='lat' dir='ltr'><strong>publica</strong></span> 
     </span>
    </p>
   </div>
   <div class='ocr_carea' id='block_1_28' title="bbox 198 1603 1760 1681">
    <p class='ocr_par' dir='ltr' id='par_1_28' title="bbox 198 1605 1742 1679">
     <span class='ocr_line' id='line_1_28' title="bbox 198 1605 1742 1679; baseline -0.004 -16"><span class='ocrx_word' id='word_1_184' title='bbox 198 1610 308 1679; x_wconf 65' lang='grc' dir='ltr'>πρὸς</span> <span class='ocrx_word' id='word_1_185' title='bbox 335 1608 518 1660; x_wconf 79' lang='grc' dir='ltr'>ἐαυτὸν</span> <span class='ocrx_word' id='word_1_186' title='bbox 545 1607 832 1676; x_wconf 77' lang='grc' dir='ltr'>δημοσίοις</span> <span class='ocrx_word' id='word_1_187' title='bbox 863 1606 1136 1677; x_wconf 78' lang='grc' dir='ltr'>ὀχήμασιν</span> <span class='ocrx_word' id='word_1_188' title='bbox 1169 1606 1355 1659; x_wconf 81' lang='grc' dir='ltr'>ἐκάλει</span> <span class='ocrx_word' id='word_1_189' title='bbox 1385 1605 1477 1660; x_wconf 71' lang='grc' dir='ltr'><strong>τὸν</strong></span> <span class='ocrx_word' id='word_1_190' title='bbox 1515 1605 1742 1658; x_wconf 82' lang='grc' dir='ltr'>Ἀθανά-</span> 
     </span>
    </p>
   </div>
   <div class='ocr_carea' id='block_1_29' title="bbox 1866 1603 3418 1681">
    <p class='ocr_par' dir='ltr' id='par_1_29' title="bbox 1866 1603 3418 1681">
     <span class='ocr_line' id='line_1_29' title="bbox 1866 1603 3418 1681; baseline -0.007 -15"><span class='ocrx_word' id='word_1_191' title='bbox 1866 1611 2108 1681; x_wconf 84' lang='lat' dir='ltr'><strong>lisposita</strong></span> <span class='ocrx_word' id='word_1_192' title='bbox 2143 1620 2364 1664; x_wconf 87' lang='lat' dir='ltr'><strong>vectura</strong></span> <span class='ocrx_word' id='word_1_193' title='bbox 2389 1611 2453 1663; x_wconf 89' lang='lat' dir='ltr'><strong>ad</strong></span> <span class='ocrx_word' id='word_1_194' title='bbox 2485 1625 2542 1663; x_wconf 88' lang='lat' dir='ltr'><strong>se</strong></span> <span class='ocrx_word' id='word_1_195' title='bbox 2601 1608 2833 1662; x_wconf 89' lang='lat' dir='ltr'><strong>vocavit.</strong></span> <span class='ocrx_word' id='word_1_196' title='bbox 2876 1607 3054 1673; x_wconf 90' lang='lat' dir='ltr'><strong>Atque</strong></span> <span class='ocrx_word' id='word_1_197' title='bbox 3094 1603 3210 1666; x_wconf 90' lang='lat' dir='ltr'><strong>illo,</strong></span> <span class='ocrx_word' id='word_1_198' title='bbox 3271 1608 3418 1671; x_wconf 86' lang='lat' dir='ltr'><strong>quod</strong></span> 
     </span>
    </p>
   </div>
   <div class='ocr_carea' id='block_1_30' title="bbox 201 1693 1760 1768">
    <p class='ocr_par' dir='ltr' id='par_1_30' title="bbox 201 1695 1742 1768">
     <span class='ocr_line' id='line_1_30' title="bbox 201 1695 1742 1768; baseline -0.007 -13"><span class='ocrx_word' id='word_1_199' title='bbox 201 1721 311 1757; x_wconf 78' lang='grc' dir='ltr'>τιον.</span> <span class='ocrx_word' id='word_1_200' title='bbox 331 1700 429 1753; x_wconf 80' lang='grc' dir='ltr'><strong>Τοῦ</strong></span> <span class='ocrx_word' id='word_1_201' title='bbox 449 1699 492 1752; x_wconf 80' lang='grc' dir='ltr'>δ’</span> <span class='ocrx_word' id='word_1_202' title='bbox 511 1699 972 1768; x_wconf 83' lang='grc' dir='ltr'>ἀμφιϐάλλοντος,</span> <span class='ocrx_word' id='word_1_203' title='bbox 996 1697 1105 1750; x_wconf 85' lang='grc' dir='ltr'>τῶν</span> <span class='ocrx_word' id='word_1_204' title='bbox 1130 1697 1238 1766; x_wconf 79' lang='grc' dir='ltr'><strong>γὰρ</strong></span> <span class='ocrx_word' id='word_1_205' title='bbox 1258 1696 1325 1750; x_wconf 83' lang='grc' dir='ltr'><strong>δι’</strong></span> <span class='ocrx_word' id='word_1_206' title='bbox 1347 1695 1594 1756; x_wconf 76' lang='grc' dir='ltr'>ἐναντίας</span> <span class='ocrx_word' id='word_1_207' title='bbox 1615 1696 1742 1754; x_wconf 78' lang='grc' dir='ltr'>τοὺς</span> 
     </span>
    </p>
   </div>
   <div class='ocr_carea' id='block_1_31' title="bbox 1866 1693 3416 1768">
    <p class='ocr_par' dir='ltr' id='par_1_31' title="bbox 1866 1693 3416 1768">
     <span class='ocr_line' id='line_1_31' title="bbox 1866 1693 3416 1768; baseline -0.007 -12"><span class='ocrx_word' id='word_1_208' title='bbox 1866 1701 2293 1756; x_wconf 74' lang='lat' dir='ltr'><strong>idversariorum</strong></span> <span class='ocrx_word' id='word_1_209' title='bbox 2330 1700 2488 1754; x_wconf 91' lang='lat' dir='ltr'><strong>dolos</strong></span> <span class='ocrx_word' id='word_1_210' title='bbox 2539 1708 2825 1768; x_wconf 90' lang='lat' dir='ltr'><strong>suspectos</strong></span> <span class='ocrx_word' id='word_1_211' title='bbox 2875 1697 3128 1753; x_wconf 88' lang='lat' dir='ltr'><strong>haberet.</strong></span> <span class='ocrx_word' id='word_1_212' title='bbox 3177 1693 3416 1748; x_wconf 89' lang='lat' dir='ltr'><strong>reditum</strong></span> 
     </span>
    </p>
   </div>
   <div class='ocr_carea' id='block_1_32' title="bbox 198 1781 1760 1858">
    <p class='ocr_par' dir='ltr' id='par_1_32' title="bbox 198 1781 1742 1850">
     <span class='ocr_line' id='line_1_32' title="bbox 198 1781 1742 1850; baseline -0.007 -9"><span class='ocrx_word' id='word_1_213' title='bbox 198 1789 353 1849; x_wconf 77' lang='grc' dir='ltr'>δόλους</span> <span class='ocrx_word' id='word_1_214' title='bbox 377 1787 642 1850; x_wconf 79' lang='grc' dir='ltr'>ὑπείδετο,</span> <span class='ocrx_word' id='word_1_215' title='bbox 672 1787 769 1839; x_wconf 83' lang='grc' dir='ltr'>καὶ</span> <span class='ocrx_word' id='word_1_216' title='bbox 799 1781 954 1848; x_wconf 86' lang='grc' dir='ltr'>αὖθις</span> <span class='ocrx_word' id='word_1_217' title='bbox 984 1788 1078 1836; x_wconf 76' lang='grc' dir='ltr'>καὶ</span> <span class='ocrx_word' id='word_1_218' title='bbox 1110 1785 1368 1846; x_wconf 72' lang='grc' dir='ltr'>πολλάκις</span> <span class='ocrx_word' id='word_1_219' title='bbox 1397 1785 1424 1834; x_wconf 80' lang='grc' dir='ltr'><strong>ό</strong></span> <span class='ocrx_word' id='word_1_220' title='bbox 1454 1782 1742 1835; x_wconf 79' lang='grc' dir='ltr'>Κωνστάν-</span> 
     </span>
    </p>
   </div>
   <div class='ocr_carea' id='block_1_33' title="bbox 1866 1781 3416 1858">
    <p class='ocr_par' dir='ltr' id='par_1_33' title="bbox 1866 1784 3416 1858">
     <span class='ocr_line' id='line_1_33' title="bbox 1866 1784 3416 1858; baseline -0.007 -11"><span class='ocrx_word' id='word_1_221' title='bbox 1866 1793 2158 1857; x_wconf 77' lang='lat' dir='ltr'><strong>liﬂ‘erente,</strong></span> <span class='ocrx_word' id='word_1_222' title='bbox 2205 1791 2404 1846; x_wconf 87' lang='lat' dir='ltr'><strong>iterum</strong></span> <span class='ocrx_word' id='word_1_223' title='bbox 2444 1792 2753 1858; x_wconf 65' lang='lat' dir='ltr'><strong>saepiusque</strong></span> <span class='ocrx_word' id='word_1_224' title='bbox 2804 1786 3164 1842; x_wconf 87' lang='lat' dir='ltr'><strong>Constantius</strong></span> <span class='ocrx_word' id='word_1_225' title='bbox 3215 1784 3416 1839; x_wconf 86' lang='lat' dir='ltr'><strong>litteris</strong></span> 
     </span>
    </p>
   </div>
   <div class='ocr_carea' id='block_1_34' title="bbox 200 1872 1760 1948">
    <p class='ocr_par' dir='ltr' id='par_1_34' title="bbox 200 1873 1739 1946">
     <span class='ocr_line' id='line_1_34' title="bbox 200 1873 1739 1946; baseline -0.005 -16"><span class='ocrx_word' id='word_1_226' title='bbox 200 1887 294 1941; x_wconf 81' lang='grc' dir='ltr'>τιος</span> <span class='ocrx_word' id='word_1_227' title='bbox 321 1878 535 1946; x_wconf 79' lang='grc' dir='ltr'>γράφων</span> <span class='ocrx_word' id='word_1_228' title='bbox 561 1876 904 1931; x_wconf 77' lang='grc' dir='ltr'>ἀνεκαλεῖτο.</span> <span class='ocrx_word' id='word_1_229' title='bbox 943 1875 1086 1942; x_wconf 72' lang='grc' dir='ltr'><strong>Ἐγὼ</strong></span> <span class='ocrx_word' id='word_1_230' title='bbox 1119 1876 1172 1927; x_wconf 78' lang='grc' dir='ltr'>δὲ</span> <span class='ocrx_word' id='word_1_231' title='bbox 1204 1876 1421 1935; x_wconf 73' lang='grc' dir='ltr'>καὶτὰς</span> <span class='ocrx_word' id='word_1_232' title='bbox 1451 1873 1739 1931; x_wconf 80' lang='grc' dir='ltr'>ἐπιστολὰς</span> 
     </span>
    </p>
   </div>
   <div class='ocr_carea' id='block_1_35' title="bbox 1866 1872 3417 1948">
    <p class='ocr_par' dir='ltr' id='par_1_35' title="bbox 1866 1872 3417 1948">
     <span class='ocr_line' id='line_1_35' title="bbox 1866 1872 3417 1948; baseline -0.007 -12"><span class='ocrx_word' id='word_1_233' title='bbox 1866 1897 1966 1936; x_wconf 63' lang='lat' dir='ltr'><strong>tum</strong></span> <span class='ocrx_word' id='word_1_234' title='bbox 2003 1881 2068 1935; x_wconf 89' lang='lat' dir='ltr'><strong>ad</strong></span> <span class='ocrx_word' id='word_1_235' title='bbox 2101 1896 2160 1935; x_wconf 91' lang='lat' dir='ltr'><strong>se</strong></span> <span class='ocrx_word' id='word_1_236' title='bbox 2196 1879 2446 1934; x_wconf 82' lang='lat' dir='ltr'><strong>invitavit</strong></span> <span class='ocrx_word' id='word_1_237' title='bbox 2478 1895 2491 1931; x_wconf 92' lang='lat'><strong>:</strong></span> <span class='ocrx_word' id='word_1_238' title='bbox 2545 1878 2706 1948; x_wconf 78' lang='lat'><strong>732</strong></span> <span class='ocrx_word' id='word_1_239' title='bbox 2737 1891 2871 1946; x_wconf 88' lang='lat' dir='ltr'><strong>quas</strong></span> <span class='ocrx_word' id='word_1_240' title='bbox 2926 1877 2990 1927; x_wconf 89' lang='lat' dir='ltr'><strong>ad</strong></span> <span class='ocrx_word' id='word_1_241' title='bbox 3042 1873 3202 1927; x_wconf 79' lang='lat' dir='ltr'><strong>fidem</strong></span> <span class='ocrx_word' id='word_1_242' title='bbox 3253 1872 3417 1926; x_wconf 90' lang='lat' dir='ltr'><strong>dictis</strong></span> 
     </span>
    </p>
   </div>
   <div class='ocr_carea' id='block_1_36' title="bbox 202 1961 1760 2035">
    <p class='ocr_par' dir='ltr' id='par_1_36' title="bbox 202 1963 1742 2035">
     <span class='ocr_line' id='line_1_36' title="bbox 202 1963 1742 2035; baseline -0.006 -16"><span class='ocrx_word' id='word_1_243' title='bbox 202 1970 265 2029; x_wconf 82' lang='grc' dir='ltr'><strong>είς</strong></span> <span class='ocrx_word' id='word_1_244' title='bbox 295 1963 622 2035; x_wconf 74' lang='grc' dir='ltr'>πιρὰστασιν</span> <span class='ocrx_word' id='word_1_245' title='bbox 656 1963 873 2034; x_wconf 80' lang='grc' dir='ltr'>ἐνθήσω</span> <span class='ocrx_word' id='word_1_246' title='bbox 905 1966 970 2034; x_wconf 82' lang='grc' dir='ltr'>τῇ</span> <span class='ocrx_word' id='word_1_247' title='bbox 1007 1966 1342 2032; x_wconf 79' lang='grc' dir='ltr'>συγγραφῇ·</span> <span class='ocrx_word' id='word_1_248' title='bbox 1383 1981 1400 2012; x_wconf 83' lang='grc' dir='ltr'><strong>ι</strong></span> <span class='ocrx_word' id='word_1_249' title='bbox 1446 1963 1742 2015; x_wconf 81' lang='grc' dir='ltr'>Κωνστάν-</span> 
     </span>
    </p>
   </div>
   <div class='ocr_carea' id='block_1_37' title="bbox 1866 1961 3413 2035">
    <p class='ocr_par' dir='ltr' id='par_1_37' title="bbox 1866 1961 3413 2031">
     <span class='ocr_line' id='line_1_37' title="bbox 1866 1961 3413 2031; baseline -0.008 -6"><span class='ocrx_word' id='word_1_250' title='bbox 1866 1971 2170 2031; x_wconf 79' lang='lat' dir='ltr'><strong>aciendam,</strong></span> <span class='ocrx_word' id='word_1_251' title='bbox 2231 1968 2472 2022; x_wconf 71' lang='lat' dir='ltr'><strong>historiae</strong></span> <span class='ocrx_word' id='word_1_252' title='bbox 2507 1968 2751 2020; x_wconf 88' lang='lat' dir='ltr'><strong>inserere</strong></span> <span class='ocrx_word' id='word_1_253' title='bbox 2811 1965 2964 2018; x_wconf 88' lang='lat' dir='ltr'><strong>libet.</strong></span> <span class='ocrx_word' id='word_1_254' title='bbox 3001 1981 3018 2013; x_wconf 88' lang='grc' dir='ltr'><strong>ι</strong></span> <span class='ocrx_word' id='word_1_255' title='bbox 3048 1961 3413 2016; x_wconf 90' lang='lat' dir='ltr'><strong>Constantius</strong></span> 
     </span>
    </p>
   </div>
   <div class='ocr_carea' id='block_1_38' title="bbox 202 2053 1760 2130">
    <p class='ocr_par' dir='ltr' id='par_1_38' title="bbox 202 2053 1744 2128">
     <span class='ocr_line' id='line_1_38' title="bbox 202 2053 1744 2128; baseline -0.005 -17"><span class='ocrx_word' id='word_1_256' title='bbox 202 2057 548 2128; x_wconf 79' lang='grc' dir='ltr'>τιοςΝικητης</span> <span class='ocrx_word' id='word_1_257' title='bbox 584 2053 894 2118; x_wconf 78' lang='grc' dir='ltr'>Αὔγουστος</span> <span class='ocrx_word' id='word_1_258' title='bbox 932 2053 1237 2124; x_wconf 80' lang='grc' dir='ltr'>’Δθανασίῳ</span> <span class='ocrx_word' id='word_1_259' title='bbox 1272 2054 1580 2122; x_wconf 82' lang='grc' dir='ltr'>ἐπισκόπῳ.</span> <span class='ocrx_word' id='word_1_260' title='bbox 1621 2053 1744 2105; x_wconf 77' lang='grc' dir='ltr'><strong>Ἐπὶ</strong></span> 
     </span>
    </p>
   </div>
   <div class='ocr_carea' id='block_1_39' title="bbox 1866 2053 3422 2130">
    <p class='ocr_par' dir='ltr' id='par_1_39' title="bbox 1866 2054 3422 2130">
     <span class='ocr_line' id='line_1_39' title="bbox 1866 2054 3422 2130; baseline -0.012 -11"><span class='ocrx_word' id='word_1_261' title='bbox 1866 2063 2036 2120; x_wconf 70' lang='lat' dir='ltr'><strong>fictor</strong></span> <span class='ocrx_word' id='word_1_262' title='bbox 2067 2064 2348 2130; x_wconf 75' lang='lat' dir='ltr'><strong>Augustus</strong></span> <span class='ocrx_word' id='word_1_263' title='bbox 2393 2058 2691 2112; x_wconf 86' lang='lat' dir='ltr'><strong>Athanasio</strong></span> <span class='ocrx_word' id='word_1_264' title='bbox 2720 2057 3004 2125; x_wconf 85' lang='lat' dir='ltr'><strong>episc0po.</strong></span> <span class='ocrx_word' id='word_1_265' title='bbox 3038 2054 3251 2107; x_wconf 87' lang='lat' dir='ltr'><strong>Diutius</strong></span> <span class='ocrx_word' id='word_1_266' title='bbox 3303 2062 3422 2104; x_wconf 87' lang='lat' dir='ltr'><strong>tau-</strong></span> 
     </span>
    </p>
   </div>
   <div class='ocr_carea' id='block_1_40' title="bbox 202 2141 1760 2228">
    <p class='ocr_par' dir='ltr' id='par_1_40' title="bbox 202 2141 1745 2214">
     <span class='ocr_line' id='line_1_40' title="bbox 202 2141 1745 2214; baseline -0.004 -13"><span class='ocrx_word' id='word_1_267' title='bbox 202 2147 318 2201; x_wconf 84' lang='grc' dir='ltr'>πολὺ</span> <span class='ocrx_word' id='word_1_268' title='bbox 345 2164 395 2199; x_wconf 91' lang='grc' dir='ltr'><strong>σε</strong></span> <span class='ocrx_word' id='word_1_269' title='bbox 423 2146 850 2210; x_wconf 78' lang='grc' dir='ltr'>κλυδωνίζεσθαι</span> <span class='ocrx_word' id='word_1_270' title='bbox 879 2145 976 2197; x_wconf 67' lang='grc' dir='ltr'>καὶ</span> <span class='ocrx_word' id='word_1_271' title='bbox 1003 2145 1361 2214; x_wconf 79' lang='grc' dir='ltr'>χειμάζεσθαι</span> <span class='ocrx_word' id='word_1_272' title='bbox 1387 2146 1498 2205; x_wconf 81' lang='grc' dir='ltr'>τοῖς</span> <span class='ocrx_word' id='word_1_273' title='bbox 1522 2141 1621 2210; x_wconf 83' lang='grc' dir='ltr'>τῆς</span> <span class='ocrx_word' id='word_1_274' title='bbox 1649 2145 1745 2196; x_wconf 86' lang='grc' dir='ltr'>θα-</span> 
     </span>
    </p>
   </div>
   <div class='ocr_carea' id='block_1_41' title="bbox 1866 2141 3424 2228">
    <p class='ocr_par' dir='ltr' id='par_1_41' title="bbox 1866 2141 3424 2228">
     <span class='ocr_line' id='line_1_41' title="bbox 1866 2141 3424 2228; baseline -0.012 -17"><span class='ocrx_word' id='word_1_275' title='bbox 1866 2174 2015 2228; x_wconf 69' lang='grc' dir='ltr'>ιιιοιιι</span> <span class='ocrx_word' id='word_1_276' title='bbox 2072 2155 2230 2210; x_wconf 83' lang='lat' dir='ltr'><strong>saevis</strong></span> <span class='ocrx_word' id='word_1_277' title='bbox 2267 2151 2439 2223; x_wconf 81' lang='lat' dir='ltr'><strong>pelagi</strong></span> <span class='ocrx_word' id='word_1_278' title='bbox 2491 2149 2749 2204; x_wconf 85' lang='lat' dir='ltr'><strong>ﬂuctibus</strong></span> <span class='ocrx_word' id='word_1_279' title='bbox 2804 2156 2855 2202; x_wconf 93' lang='lat' dir='ltr'><strong>te</strong></span> <span class='ocrx_word' id='word_1_280' title='bbox 2903 2146 3108 2200; x_wconf 68' lang='lat' dir='ltr'><strong>differri</strong></span> <span class='ocrx_word' id='word_1_281' title='bbox 3159 2154 3214 2198; x_wconf 92' lang='lat' dir='ltr'><strong>et</strong></span> <span class='ocrx_word' id='word_1_282' title='bbox 3263 2141 3424 2212; x_wconf 76' lang='lat' dir='ltr'><strong>afﬂigi</strong></span> 
     </span>
    </p>
   </div>
   <div class='ocr_carea' id='block_1_42' title="bbox 202 2236 1760 2318">
    <p class='ocr_par' dir='ltr' id='par_1_42' title="bbox 202 2236 1746 2309">
     <span class='ocr_line' id='line_1_42' title="bbox 202 2236 1746 2309; baseline -0.002 -17"><span class='ocrx_word' id='word_1_283' title='bbox 202 2240 377 2309; x_wconf 73' lang='grc' dir='ltr'>λάπης</span> <span class='ocrx_word' id='word_1_284' title='bbox 413 2239 611 2308; x_wconf 86' lang='grc' dir='ltr'>ὁμοίως</span> <span class='ocrx_word' id='word_1_285' title='bbox 657 2242 901 2308; x_wconf 84' lang='grc' dir='ltr'>κύμασιν</span> <span class='ocrx_word' id='word_1_286' title='bbox 937 2239 1151 2308; x_wconf 82' lang='grc' dir='ltr'>ἀγρίοις</span> <span class='ocrx_word' id='word_1_287' title='bbox 1191 2238 1294 2290; x_wconf 83' lang='grc' dir='ltr'>οὐκ</span> <span class='ocrx_word' id='word_1_288' title='bbox 1333 2239 1546 2306; x_wconf 82' lang='grc' dir='ltr'>ἀφῆκεν</span> <span class='ocrx_word' id='word_1_289' title='bbox 1579 2237 1613 2308; x_wconf 80' lang='grc' dir='ltr'>ἡ</span> <span class='ocrx_word' id='word_1_290' title='bbox 1647 2236 1746 2306; x_wconf 77' lang='grc' dir='ltr'>τῆς</span> 
     </span>
    </p>
   </div>
   <div class='ocr_carea' id='block_1_43' title="bbox 1866 2236 3428 2318">
    <p class='ocr_par' dir='ltr' id='par_1_43' title="bbox 1866 2236 3428 2318">
     <span class='ocr_line' id='line_1_43' title="bbox 1866 2236 3428 2318; baseline -0.012 -15"><span class='ocrx_word' id='word_1_291' title='bbox 1866 2265 1956 2303; x_wconf 80' lang='lat' dir='ltr'><strong>ion</strong></span> <span class='ocrx_word' id='word_1_292' title='bbox 1988 2248 2196 2318; x_wconf 88' lang='lat' dir='ltr'><strong>patitur</strong></span> <span class='ocrx_word' id='word_1_293' title='bbox 2225 2240 2671 2298; x_wconf 73' lang='lat' dir='ltr'><strong>mansuetudinis</strong></span> <span class='ocrx_word' id='word_1_294' title='bbox 2699 2249 2902 2292; x_wconf 69' lang='lat' dir='ltr'><strong>nostra:</strong></span> <span class='ocrx_word' id='word_1_295' title='bbox 2933 2236 3246 2289; x_wconf 88' lang='lat' dir='ltr'><strong>humanitas</strong></span> <span class='ocrx_word' id='word_1_296' title='bbox 3285 2249 3298 2285; x_wconf 90' lang='lat'>:</span> <span class='ocrx_word' id='word_1_297' title='bbox 3331 2248 3428 2286; x_wconf 89' lang='lat' dir='ltr'><strong>ne-</strong></span> 
     </span>
    </p>
   </div>
   <div class='ocr_carea' id='block_1_44' title="bbox 204 2329 1760 2410">
    <p class='ocr_par' dir='ltr' id='par_1_44' title="bbox 204 2329 1748 2402">
     <span class='ocr_line' id='line_1_44' title="bbox 204 2329 1748 2402; baseline -0.003 -18"><span class='ocrx_word' id='word_1_298' title='bbox 204 2331 440 2402; x_wconf 66' lang='grc' dir='ltr'>ἡμετέρας</span> <span class='ocrx_word' id='word_1_299' title='bbox 470 2332 811 2402; x_wconf 74' lang='grc' dir='ltr'>ἡμερότητος</span> <span class='ocrx_word' id='word_1_300' title='bbox 841 2329 1227 2400; x_wconf 80' lang='grc' dir='ltr'>φιλανθρωπία</span> <span class='ocrx_word' id='word_1_301' title='bbox 1256 2345 1270 2360; x_wconf 78' lang='grc' dir='ltr'><strong>ο</strong></span> <span class='ocrx_word' id='word_1_302' title='bbox 1303 2329 1662 2399; x_wconf 79' lang='grc' dir='ltr'>γυμνωθέντα</span> <span class='ocrx_word' id='word_1_303' title='bbox 1688 2344 1748 2380; x_wconf 87' lang='grc' dir='ltr'><strong>σε</strong></span> 
     </span>
    </p>
   </div>
   <div class='ocr_carea' id='block_1_45' title="bbox 1866 2329 3430 2410">
    <p class='ocr_par' dir='ltr' id='par_1_45' title="bbox 1866 2329 3430 2410">
     <span class='ocr_line' id='line_1_45' title="bbox 1866 2329 3430 2410; baseline -0.012 -15"><span class='ocrx_word' id='word_1_304' title='bbox 1866 2356 1954 2410; x_wconf 71' lang='lat' dir='ltr'><strong>[ne</strong></span> <span class='ocrx_word' id='word_1_305' title='bbox 1993 2339 2190 2409; x_wconf 86' lang='lat' dir='ltr'><strong>patriis</strong></span> <span class='ocrx_word' id='word_1_306' title='bbox 2211 2337 2502 2407; x_wconf 85' lang='lat' dir='ltr'><strong>expulsum</strong></span> <span class='ocrx_word' id='word_1_307' title='bbox 2546 2334 2779 2394; x_wconf 90' lang='lat' dir='ltr'><strong>laribus,</strong></span> <span class='ocrx_word' id='word_1_308' title='bbox 2809 2331 3080 2398; x_wconf 87' lang='lat' dir='ltr'><strong>bonisque</strong></span> <span class='ocrx_word' id='word_1_309' title='bbox 3113 2329 3430 2397; x_wconf 83' lang='lat' dir='ltr'><strong>spoliatum,</strong></span> 
     </span>
    </p>
   </div>
   <div class='ocr_carea' id='block_1_46' title="bbox 205 2418 1760 2500">
    <p class='ocr_par' dir='ltr' id='par_1_46' title="bbox 205 2419 1750 2494">
     <span class='ocr_line' id='line_1_46' title="bbox 205 2419 1750 2494; baseline -0.003 -17"><span class='ocrx_word' id='word_1_310' title='bbox 205 2425 288 2494; x_wconf 81' lang='grc' dir='ltr'>τῆς</span> <span class='ocrx_word' id='word_1_311' title='bbox 315 2422 555 2493; x_wconf 77' lang='grc' dir='ltr'>πατρῴας</span> <span class='ocrx_word' id='word_1_312' title='bbox 581 2425 790 2487; x_wconf 88' lang='grc' dir='ltr'>ἐστίας,</span> <span class='ocrx_word' id='word_1_313' title='bbox 817 2424 916 2476; x_wconf 76' lang='grc' dir='ltr'>καὶ</span> <span class='ocrx_word' id='word_1_314' title='bbox 945 2421 1284 2493; x_wconf 75' lang='grc' dir='ltr'>στερηθέντα</span> <span class='ocrx_word' id='word_1_315' title='bbox 1312 2424 1421 2476; x_wconf 84' lang='grc' dir='ltr'>τῶν</span> <span class='ocrx_word' id='word_1_316' title='bbox 1451 2423 1622 2484; x_wconf 90' lang='grc' dir='ltr'>ίδίων,</span> <span class='ocrx_word' id='word_1_317' title='bbox 1652 2419 1750 2474; x_wconf 75' lang='grc' dir='ltr'>καὶ</span> 
     </span>
    </p>
   </div>
   <div class='ocr_carea' id='block_1_47' title="bbox 1866 2418 3430 2500">
    <p class='ocr_par' dir='ltr' id='par_1_47' title="bbox 1866 2418 3430 2500">
     <span class='ocr_line' id='line_1_47' title="bbox 1866 2418 3430 2500; baseline -0.011 -16"><span class='ocrx_word' id='word_1_318' title='bbox 1866 2441 2014 2500; x_wconf 79' lang='lat' dir='ltr'><strong>itque</strong></span> <span class='ocrx_word' id='word_1_319' title='bbox 2075 2429 2129 2482; x_wconf 92' lang='lat' dir='ltr'><strong>in</strong></span> <span class='ocrx_word' id='word_1_320' title='bbox 2195 2427 2490 2482; x_wconf 88' lang='lat' dir='ltr'><strong>inaccessis</strong></span> <span class='ocrx_word' id='word_1_321' title='bbox 2550 2425 2793 2478; x_wconf 86' lang='lat' dir='ltr'><strong>ferarum</strong></span> <span class='ocrx_word' id='word_1_322' title='bbox 2853 2420 2994 2475; x_wconf 92' lang='lat' dir='ltr'><strong>locis</strong></span> <span class='ocrx_word' id='word_1_323' title='bbox 3046 2418 3430 2476; x_wconf 88' lang='lat' dir='ltr'><strong>oberrantem,</strong></span> 
     </span>
    </p>
   </div>
   <div class='ocr_carea' id='block_1_48' title="bbox 207 2506 1760 2592">
    <p class='ocr_par' dir='ltr' id='par_1_48' title="bbox 207 2512 1748 2584">
     <span class='ocr_line' id='line_1_48' title="bbox 207 2512 1748 2584; baseline -0.003 -16"><span class='ocrx_word' id='word_1_324' title='bbox 207 2521 524 2584; x_wconf 78' lang='grc' dir='ltr'>πλανωμενον</span> <span class='ocrx_word' id='word_1_325' title='bbox 559 2516 619 2567; x_wconf 91' lang='grc' dir='ltr'><strong>ἐν</strong></span> <span class='ocrx_word' id='word_1_326' title='bbox 656 2513 981 2584; x_wconf 84' lang='grc' dir='ltr'>θηριώδεσιν</span> <span class='ocrx_word' id='word_1_327' title='bbox 1012 2513 1251 2574; x_wconf 81' lang='grc' dir='ltr'>ἀνοδίαις</span> <span class='ocrx_word' id='word_1_328' title='bbox 1273 2553 1288 2577; x_wconf 94' lang='grc'><strong>,</strong></span> <span class='ocrx_word' id='word_1_329' title='bbox 1325 2513 1386 2564; x_wconf 83' lang='grc' dir='ltr'>οὐ</span> <span class='ocrx_word' id='word_1_330' title='bbox 1421 2512 1680 2582; x_wconf 82' lang='grc' dir='ltr'>παρεῖδεν</span> <span class='ocrx_word' id='word_1_331' title='bbox 1715 2512 1748 2581; x_wconf 83' lang='grc' dir='ltr'>ἠ</span> 
     </span>
    </p>
   </div>
   <div class='ocr_carea' id='block_1_49' title="bbox 1866 2506 3435 2592">
    <p class='ocr_par' dir='ltr' id='par_1_49' title="bbox 1866 2506 3435 2592">
     <span class='ocr_line' id='line_1_49' title="bbox 1866 2506 3435 2592; baseline -0.011 -15"><span class='ocrx_word' id='word_1_332' title='bbox 1866 2523 2086 2592; x_wconf 85' lang='lat' dir='ltr'><strong>lespicit</strong></span> <span class='ocrx_word' id='word_1_333' title='bbox 2131 2519 2404 2574; x_wconf 89' lang='lat' dir='ltr'><strong>indefessa</strong></span> <span class='ocrx_word' id='word_1_334' title='bbox 2436 2517 2611 2587; x_wconf 90' lang='lat' dir='ltr'><strong>pietas</strong></span> <span class='ocrx_word' id='word_1_335' title='bbox 2639 2522 2851 2568; x_wconf 80' lang='lat' dir='ltr'><strong>nostra.</strong></span> <span class='ocrx_word' id='word_1_336' title='bbox 2906 2511 3173 2579; x_wconf 81' lang='lat' dir='ltr'><strong>Equidem</strong></span> <span class='ocrx_word' id='word_1_337' title='bbox 3225 2506 3435 2560; x_wconf 87' lang='lat' dir='ltr'><strong>diutius</strong></span> 
     </span>
    </p>
   </div>
   <div class='ocr_carea' id='block_1_50' title="bbox 207 2598 1760 2677">
    <p class='ocr_par' dir='ltr' id='par_1_50' title="bbox 207 2606 1751 2677">
     <span class='ocr_line' id='line_1_50' title="bbox 207 2606 1751 2677; baseline -0.003 -16"><span class='ocrx_word' id='word_1_338' title='bbox 207 2609 449 2677; x_wconf 68' lang='grc' dir='ltr'>ἀκάματος</span> <span class='ocrx_word' id='word_1_339' title='bbox 491 2607 654 2676; x_wconf 77' lang='grc' dir='ltr'>ἡμῶν</span> <span class='ocrx_word' id='word_1_340' title='bbox 694 2609 988 2662; x_wconf 81' lang='grc' dir='ltr'>εὐσέϐεια’</span> <span class='ocrx_word' id='word_1_341' title='bbox 1032 2609 1082 2659; x_wconf 89' lang='grc' dir='ltr'><strong>εί</strong></span> <span class='ocrx_word' id='word_1_342' title='bbox 1130 2611 1222 2660; x_wconf 80' lang='grc' dir='ltr'>καὶ</span> <span class='ocrx_word' id='word_1_343' title='bbox 1264 2606 1332 2660; x_wconf 80' lang='grc' dir='ltr'>τὰ</span> <span class='ocrx_word' id='word_1_344' title='bbox 1376 2607 1613 2676; x_wconf 83' lang='grc' dir='ltr'>μάλιστα</span> <span class='ocrx_word' id='word_1_345' title='bbox 1658 2606 1751 2658; x_wconf 73' lang='grc' dir='ltr'>ἐπὶ</span> 
     </span>
    </p>
   </div>
   <div class='ocr_carea' id='block_1_51' title="bbox 1866 2598 3428 2677">
    <p class='ocr_par' dir='ltr' id='par_1_51' title="bbox 1866 2598 3428 2676">
     <span class='ocr_line' id='line_1_51' title="bbox 1866 2598 3428 2676; baseline -0.013 -7"><span class='ocrx_word' id='word_1_346' title='bbox 1866 2616 1917 2670; x_wconf 79' lang='lat' dir='ltr'><strong>id</strong></span> <span class='ocrx_word' id='word_1_347' title='bbox 1956 2625 2007 2668; x_wconf 91' lang='lat' dir='ltr'><strong>te</strong></span> <span class='ocrx_word' id='word_1_348' title='bbox 2040 2613 2207 2668; x_wconf 91' lang='lat' dir='ltr'><strong>animi</strong></span> <span class='ocrx_word' id='word_1_349' title='bbox 2256 2611 2363 2666; x_wconf 90' lang='lat' dir='ltr'><strong>mei</strong></span> <span class='ocrx_word' id='word_1_350' title='bbox 2412 2609 2739 2664; x_wconf 86' lang='lat' dir='ltr'><strong>sententiam</strong></span> <span class='ocrx_word' id='word_1_351' title='bbox 2802 2601 3155 2676; x_wconf 87' lang='lat' dir='ltr'><strong>perscribere</strong></span> <span class='ocrx_word' id='word_1_352' title='bbox 3212 2598 3428 2660; x_wconf 88' lang='lat' dir='ltr'><strong>distuli,</strong></span> 
     </span>
    </p>
   </div>
   <div class='ocr_carea' id='block_1_52' title="bbox 208 2692 1760 2776">
    <p class='ocr_par' dir='ltr' id='par_1_52' title="bbox 208 2697 1751 2771">
     <span class='ocr_line' id='line_1_52' title="bbox 208 2697 1751 2771; baseline -0.001 -19"><span class='ocrx_word' id='word_1_353' title='bbox 208 2703 323 2753; x_wconf 74' lang='grc' dir='ltr'>πολὺ</span> <span class='ocrx_word' id='word_1_354' title='bbox 364 2699 709 2771; x_wconf 78' lang='grc' dir='ltr'>ὑπερεθέμην</span> <span class='ocrx_word' id='word_1_355' title='bbox 756 2701 970 2770; x_wconf 78' lang='grc' dir='ltr'>γράψαι</span> <span class='ocrx_word' id='word_1_356' title='bbox 1013 2701 1113 2768; x_wconf 74' lang='grc' dir='ltr'>τὴν</span> <span class='ocrx_word' id='word_1_357' title='bbox 1155 2699 1417 2770; x_wconf 78' lang='grc' dir='ltr'>πρόθεσιν</span> <span class='ocrx_word' id='word_1_358' title='bbox 1459 2699 1560 2768; x_wconf 80' lang='grc' dir='ltr'>τῆς</span> <span class='ocrx_word' id='word_1_359' title='bbox 1610 2697 1751 2768; x_wconf 75' lang='grc' dir='ltr'>ἐμῆς</span> 
     </span>
    </p>
   </div>
   <div class='ocr_carea' id='block_1_53' title="bbox 1866 2692 3441 2776">
    <p class='ocr_par' dir='ltr' id='par_1_53' title="bbox 1866 2692 3441 2776">
     <span class='ocr_line' id='line_1_53' title="bbox 1866 2692 3441 2776; baseline -0.013 -14"><span class='ocrx_word' id='word_1_360' title='bbox 1866 2715 2050 2776; x_wconf 71' lang='lat' dir='ltr'><strong>sponte</strong></span> <span class='ocrx_word' id='word_1_361' title='bbox 2081 2716 2172 2759; x_wconf 91' lang='lat' dir='ltr'><strong>tua</strong></span> <span class='ocrx_word' id='word_1_362' title='bbox 2207 2713 2258 2758; x_wconf 92' lang='lat' dir='ltr'><strong>te</strong></span> <span class='ocrx_word' id='word_1_363' title='bbox 2285 2703 2349 2756; x_wconf 85' lang='lat' dir='ltr'><strong>ad</strong></span> <span class='ocrx_word' id='word_1_364' title='bbox 2382 2716 2482 2755; x_wconf 91' lang='lat' dir='ltr'><strong>nos</strong></span> <span class='ocrx_word' id='word_1_365' title='bbox 2513 2709 2831 2759; x_wconf 89' lang='lat' dir='ltr'><strong>venturum,</strong></span> <span class='ocrx_word' id='word_1_366' title='bbox 2865 2705 3030 2764; x_wconf 89' lang='lat' dir='ltr'><strong>atque</strong></span> <span class='ocrx_word' id='word_1_367' title='bbox 3068 2692 3320 2745; x_wconf 88' lang='lat' dir='ltr'><strong>laborum</strong></span> <span class='ocrx_word' id='word_1_368' title='bbox 3355 2705 3441 2742; x_wconf 73' lang='lat' dir='ltr'><strong>re-</strong></span> 
     </span>
    </p>
   </div>
   <div class='ocr_carea' id='block_1_54' title="bbox 207 2781 1760 2865">
    <p class='ocr_par' dir='ltr' id='par_1_54' title="bbox 207 2789 1751 2862">
     <span class='ocr_line' id='line_1_54' title="bbox 207 2789 1751 2862; baseline -0.001 -18"><span class='ocrx_word' id='word_1_369' title='bbox 207 2792 448 2854; x_wconf 80' lang='grc' dir='ltr'>διανοίας,</span> <span class='ocrx_word' id='word_1_370' title='bbox 492 2793 814 2862; x_wconf 79' lang='grc' dir='ltr'>προσδοκῶν</span> <span class='ocrx_word' id='word_1_371' title='bbox 859 2792 1186 2861; x_wconf 83' lang='grc' dir='ltr'>αὐθαίρετόν</span> <span class='ocrx_word' id='word_1_372' title='bbox 1231 2807 1291 2844; x_wconf 91' lang='grc' dir='ltr'><strong>σε</strong></span> <span class='ocrx_word' id='word_1_373' title='bbox 1338 2789 1751 2860; x_wconf 75' lang='grc' dir='ltr'>παραγενέσθαι</span> 
     </span>
    </p>
   </div>
   <div class='ocr_carea' id='block_1_55' title="bbox 1866 2781 3437 2865">
    <p class='ocr_par' dir='ltr' id='par_1_55' title="bbox 1866 2781 3437 2865">
     <span class='ocr_line' id='line_1_55' title="bbox 1866 2781 3437 2865; baseline -0.013 -13"><span class='ocrx_word' id='word_1_374' title='bbox 1866 2798 2097 2852; x_wconf 87' lang='lat' dir='ltr'><strong>medium</strong></span> <span class='ocrx_word' id='word_1_375' title='bbox 2148 2794 2450 2865; x_wconf 90' lang='lat' dir='ltr'><strong>petiturum</strong></span> <span class='ocrx_word' id='word_1_376' title='bbox 2527 2805 2648 2845; x_wconf 89' lang='lat' dir='ltr'><strong>esse</strong></span> <span class='ocrx_word' id='word_1_377' title='bbox 2716 2787 2994 2856; x_wconf 89' lang='lat' dir='ltr'><strong>opinatus.</strong></span> <span class='ocrx_word' id='word_1_378' title='bbox 3045 2781 3246 2835; x_wconf 81' lang='lat' dir='ltr'><strong>Verum</strong></span> <span class='ocrx_word' id='word_1_379' title='bbox 3311 2795 3437 2834; x_wconf 88' lang='lat' dir='ltr'><strong>cum</strong></span> 
     </span>
    </p>
   </div>
   <div class='ocr_carea' id='block_1_56' title="bbox 210 2871 1760 2955">
    <p class='ocr_par' dir='ltr' id='par_1_56' title="bbox 210 2883 1751 2955">
     <span class='ocr_line' id='line_1_56' title="bbox 210 2883 1751 2955; baseline 0 -19"><span class='ocrx_word' id='word_1_380' title='bbox 210 2886 326 2954; x_wconf 81' lang='grc' dir='ltr'>πρὸς</span> <span class='ocrx_word' id='word_1_381' title='bbox 372 2887 542 2954; x_wconf 78' lang='grc' dir='ltr'>ἡμᾶς,</span> <span class='ocrx_word' id='word_1_382' title='bbox 597 2891 693 2939; x_wconf 79' lang='grc' dir='ltr'>καὶ</span> <span class='ocrx_word' id='word_1_383' title='bbox 737 2885 850 2939; x_wconf 81' lang='grc' dir='ltr'><strong>τῶν</strong></span> <span class='ocrx_word' id='word_1_384' title='bbox 899 2890 1164 2955; x_wconf 83' lang='grc' dir='ltr'>καμάτων</span> <span class='ocrx_word' id='word_1_385' title='bbox 1210 2885 1383 2937; x_wconf 85' lang='grc' dir='ltr'>αίτεῖν</span> <span class='ocrx_word' id='word_1_386' title='bbox 1429 2883 1751 2953; x_wconf 76' lang='grc' dir='ltr'>θεραπείαν.</span> 
     </span>
    </p>
   </div>
   <div class='ocr_carea' id='block_1_57' title="bbox 1866 2871 3439 2955">
    <p class='ocr_par' dir='ltr' id='par_1_57' title="bbox 1866 2871 3439 2950">
     <span class='ocr_line' id='line_1_57' title="bbox 1866 2871 3439 2950; baseline -0.015 -6"><span class='ocrx_word' id='word_1_387' title='bbox 1866 2889 2089 2943; x_wconf 65' lang='lat' dir='ltr'><strong>Fortasse</strong></span> <span class='ocrx_word' id='word_1_388' title='bbox 2127 2885 2420 2940; x_wconf 90' lang='lat' dir='ltr'><strong>consilium</strong></span> <span class='ocrx_word' id='word_1_389' title='bbox 2473 2879 2926 2950; x_wconf 85' lang='lat' dir='ltr'><strong>propositumque</strong></span> <span class='ocrx_word' id='word_1_390' title='bbox 2957 2885 3114 2929; x_wconf 90' lang='lat' dir='ltr'><strong>tuum</strong></span> <span class='ocrx_word' id='word_1_391' title='bbox 3143 2874 3306 2925; x_wconf 88' lang='lat' dir='ltr'><strong>timor</strong></span> <span class='ocrx_word' id='word_1_392' title='bbox 3333 2871 3439 2923; x_wconf 86' lang='lat' dir='ltr'><strong>im-</strong></span> 
     </span>
    </p>
   </div>
   <div class='ocr_carea' id='block_1_58' title="bbox 213 2961 1760 3053">
    <p class='ocr_par' dir='ltr' id='par_1_58' title="bbox 213 2973 1754 3046">
     <span class='ocr_line' id='line_1_58' title="bbox 213 2973 1754 3046; baseline -0.003 -18"><span class='ocrx_word' id='word_1_393' title='bbox 213 2975 376 3046; x_wconf 87' lang='grc' dir='ltr'>Ὅμως</span> <span class='ocrx_word' id='word_1_394' title='bbox 409 2976 590 3045; x_wconf 80' lang='grc' dir='ltr'>ἐπειδὴ</span> <span class='ocrx_word' id='word_1_395' title='bbox 629 2975 760 3038; x_wconf 77' lang='grc' dir='ltr'>ἴσως</span> <span class='ocrx_word' id='word_1_396' title='bbox 791 2978 818 3027; x_wconf 90' lang='grc' dir='ltr'><strong>ό</strong></span> <span class='ocrx_word' id='word_1_397' title='bbox 850 2974 1012 3043; x_wconf 83' lang='grc' dir='ltr'>φόϐος</span> <span class='ocrx_word' id='word_1_398' title='bbox 1043 2975 1140 3044; x_wconf 80' lang='grc' dir='ltr'>τὴν</span> <span class='ocrx_word' id='word_1_399' title='bbox 1173 2975 1495 3044; x_wconf 86' lang='grc' dir='ltr'>προαίρεσιν</span> <span class='ocrx_word' id='word_1_400' title='bbox 1522 2973 1622 3042; x_wconf 84' lang='grc' dir='ltr'>τῆς</span> <span class='ocrx_word' id='word_1_401' title='bbox 1654 2973 1754 3042; x_wconf 86' lang='grc' dir='ltr'>σῆς</span> 
     </span>
    </p>
   </div>
   <div class='ocr_carea' id='block_1_59' title="bbox 1866 2961 3445 3053">
    <p class='ocr_par' dir='ltr' id='par_1_59' title="bbox 1866 2961 3445 3053">
     <span class='ocr_line' id='line_1_59' title="bbox 1866 2961 3445 3053; baseline -0.015 -17"><span class='ocrx_word' id='word_1_402' title='bbox 1866 2980 2115 3053; x_wconf 88' lang='lat' dir='ltr'><strong>pedierit,</strong></span> <span class='ocrx_word' id='word_1_403' title='bbox 2143 2979 2358 3033; x_wconf 76' lang='lat' dir='ltr'><strong>litteras</strong></span> <span class='ocrx_word' id='word_1_404' title='bbox 2389 2975 2555 3028; x_wconf 90' lang='lat' dir='ltr'><strong>hasce</strong></span> <span class='ocrx_word' id='word_1_405' title='bbox 2588 2967 2982 3026; x_wconf 71' lang='lat' dir='ltr'><strong>munificentia:</strong></span> <span class='ocrx_word' id='word_1_406' title='bbox 3016 2965 3226 3035; x_wconf 90' lang='lat' dir='ltr'><strong>plenas,</strong></span> <span class='ocrx_word' id='word_1_407' title='bbox 3253 2963 3318 3017; x_wconf 90' lang='lat' dir='ltr'><strong>ad</strong></span> <span class='ocrx_word' id='word_1_408' title='bbox 3351 2961 3445 3016; x_wconf 86' lang='lat' dir='ltr'><strong>flr-</strong></span> 
     </span>
    </p>
   </div>
   <div class='ocr_carea' id='block_1_60' title="bbox 215 3056 1760 3138">
    <p class='ocr_par' dir='ltr' id='par_1_60' title="bbox 215 3065 1754 3138">
     <span class='ocr_line' id='line_1_60' title="bbox 215 3065 1754 3138; baseline -0.002 -18"><span class='ocrx_word' id='word_1_409' title='bbox 215 3070 488 3138; x_wconf 84' lang='grc' dir='ltr'>προθέσεως</span> <span class='ocrx_word' id='word_1_410' title='bbox 517 3068 827 3132; x_wconf 76' lang='grc' dir='ltr'>ἐνεπόδιζε,</span> <span class='ocrx_word' id='word_1_411' title='bbox 861 3068 948 3120; x_wconf 84' lang='grc' dir='ltr'><strong>διὰ</strong></span> <span class='ocrx_word' id='word_1_412' title='bbox 979 3067 1137 3119; x_wconf 78' lang='grc' dir='ltr'>τοῦτο</span> <span class='ocrx_word' id='word_1_413' title='bbox 1165 3067 1375 3136; x_wconf 81' lang='grc' dir='ltr'>δωρεᾶς</span> <span class='ocrx_word' id='word_1_414' title='bbox 1403 3065 1754 3136; x_wconf 83' lang='grc' dir='ltr'>πληρέστατα</span> 
     </span>
    </p>
   </div>
   <div class='ocr_carea' id='block_1_61' title="bbox 1866 3056 3439 3138">
    <p class='ocr_par' dir='ltr' id='par_1_61' title="bbox 1866 3056 3439 3127">
     <span class='ocr_line' id='line_1_61' title="bbox 1866 3056 3439 3127; baseline -0.013 0"><span class='ocrx_word' id='word_1_415' title='bbox 1866 3073 2106 3127; x_wconf 86' lang='lat' dir='ltr'><strong>mitatem</strong></span> <span class='ocrx_word' id='word_1_416' title='bbox 2161 3077 2306 3122; x_wconf 86' lang='lat' dir='ltr'><strong>tuam</strong></span> <span class='ocrx_word' id='word_1_417' title='bbox 2371 3063 2581 3120; x_wconf 89' lang='lat' dir='ltr'><strong>dandas</strong></span> <span class='ocrx_word' id='word_1_418' title='bbox 2628 3060 3107 3116; x_wconf 80' lang='lat' dir='ltr'><strong>existimavimus:</strong></span> <span class='ocrx_word' id='word_1_419' title='bbox 3143 3069 3250 3122; x_wconf 91' lang='lat' dir='ltr'><strong>quo</strong></span> <span class='ocrx_word' id='word_1_420' title='bbox 3300 3056 3439 3107; x_wconf 88' lang='lat' dir='ltr'><strong>citra</strong></span> 
     </span>
    </p>
   </div>
   <div class='ocr_carea' id='block_1_62' title="bbox 213 3146 1760 3244">
    <p class='ocr_par' dir='ltr' id='par_1_62' title="bbox 213 3154 1750 3227">
     <span class='ocr_line' id='line_1_62' title="bbox 213 3154 1750 3227; baseline -0.001 -18"><span class='ocrx_word' id='word_1_421' title='bbox 213 3160 484 3226; x_wconf 76' lang='grc' dir='ltr'>γράμματα</span> <span class='ocrx_word' id='word_1_422' title='bbox 512 3157 650 3226; x_wconf 79' lang='grc' dir='ltr'>πρὸς</span> <span class='ocrx_word' id='word_1_423' title='bbox 676 3156 774 3226; x_wconf 81' lang='grc' dir='ltr'>τὴν</span> <span class='ocrx_word' id='word_1_424' title='bbox 804 3155 902 3224; x_wconf 78' lang='grc' dir='ltr'>σὴν</span> <span class='ocrx_word' id='word_1_425' title='bbox 929 3157 1266 3227; x_wconf 76' lang='grc' dir='ltr'>στερρότητα</span> <span class='ocrx_word' id='word_1_426' title='bbox 1289 3154 1715 3224; x_wconf 80' lang='grc' dir='ltr'>διεπεμψάμεθα</span> <span class='ocrx_word' id='word_1_427' title='bbox 1735 3168 1750 3184; x_wconf 86' lang='grc'>⁶</span> 
     </span>
    </p>
   </div>
   <div class='ocr_carea' id='block_1_63' title="bbox 1866 3146 3437 3244">
    <p class='ocr_par' dir='ltr' id='par_1_63' title="bbox 1866 3146 3437 3225">
     <span class='ocr_line' id='line_1_63' title="bbox 1866 3146 3437 3225; baseline -0.015 -3"><span class='ocrx_word' id='word_1_428' title='bbox 1866 3175 2067 3221; x_wconf 89' lang='lat' dir='ltr'><strong>metum</strong></span> <span class='ocrx_word' id='word_1_429' title='bbox 2095 3174 2314 3215; x_wconf 89' lang='lat' dir='ltr'><strong>omnem</strong></span> <span class='ocrx_word' id='word_1_430' title='bbox 2347 3159 2402 3212; x_wconf 90' lang='lat' dir='ltr'><strong>in</strong></span> <span class='ocrx_word' id='word_1_431' title='bbox 2418 3163 2777 3225; x_wconf 85' lang='lat' dir='ltr'><strong>conspectum</strong></span> <span class='ocrx_word' id='word_1_432' title='bbox 2796 3161 3047 3207; x_wconf 88' lang='lat' dir='ltr'><strong>nostrum</strong></span> <span class='ocrx_word' id='word_1_433' title='bbox 3073 3163 3236 3219; x_wconf 89' lang='lat' dir='ltr'><strong>quam</strong></span> <span class='ocrx_word' id='word_1_434' title='bbox 3260 3146 3437 3202; x_wconf 85' lang='lat' dir='ltr'><strong>celer-</strong></span> 
     </span>
    </p>
   </div>
   <div class='ocr_carea' id='block_1_64' title="bbox 215 3239 1760 3321">
    <p class='ocr_par' dir='ltr' id='par_1_64' title="bbox 215 3246 1750 3318">
     <span class='ocr_line' id='line_1_64' title="bbox 215 3246 1750 3318; baseline -0.002 -18"><span class='ocrx_word' id='word_1_435' title='bbox 215 3249 290 3301; x_wconf 80' lang='grc' dir='ltr'>ἵνα</span> <span class='ocrx_word' id='word_1_436' title='bbox 325 3250 523 3316; x_wconf 75' lang='grc' dir='ltr'>ἀφόϐως</span> <span class='ocrx_word' id='word_1_437' title='bbox 555 3251 675 3310; x_wconf 89' lang='grc' dir='ltr'>ταῖς</span> <span class='ocrx_word' id='word_1_438' title='bbox 716 3248 1019 3318; x_wconf 74' lang='grc' dir='ltr'>ἡμετέραις</span> <span class='ocrx_word' id='word_1_439' title='bbox 1059 3247 1362 3316; x_wconf 84' lang='grc' dir='ltr'>προσόψεσι</span> <span class='ocrx_word' id='word_1_440' title='bbox 1394 3249 1619 3316; x_wconf 84' lang='grc' dir='ltr'>ταχεῖαν</span> <span class='ocrx_word' id='word_1_441' title='bbox 1651 3246 1750 3316; x_wconf 75' lang='grc' dir='ltr'>τὴν</span> 
     </span>
    </p>
   </div>
   <div class='ocr_carea' id='block_1_65' title="bbox 1866 3239 3439 3321">
    <p class='ocr_par' dir='ltr' id='par_1_65' title="bbox 1866 3239 3439 3321">
     <span class='ocr_line' id='line_1_65' title="bbox 1866 3239 3439 3321; baseline -0.013 -8"><span class='ocrx_word' id='word_1_442' title='bbox 1866 3260 1999 3313; x_wconf 90' lang='lat' dir='ltr'><strong>rime</strong></span> <span class='ocrx_word' id='word_1_443' title='bbox 2023 3255 2212 3310; x_wconf 83' lang='lat' dir='ltr'><strong>venire</strong></span> <span class='ocrx_word' id='word_1_444' title='bbox 2243 3265 2526 3321; x_wconf 88' lang='lat' dir='ltr'><strong>properes,</strong></span> <span class='ocrx_word' id='word_1_445' title='bbox 2563 3257 2621 3302; x_wconf 88' lang='lat' dir='ltr'><strong>ut</strong></span> <span class='ocrx_word' id='word_1_446' title='bbox 2655 3262 2779 3302; x_wconf 91' lang='lat' dir='ltr'><strong>cum</strong></span> <span class='ocrx_word' id='word_1_447' title='bbox 2818 3245 2930 3299; x_wconf 84' lang='lat' dir='ltr'><strong>voti</strong></span> <span class='ocrx_word' id='word_1_448' title='bbox 2963 3245 3042 3298; x_wconf 91' lang='lat' dir='ltr'><strong>tui</strong></span> <span class='ocrx_word' id='word_1_449' title='bbox 3068 3257 3292 3310; x_wconf 91' lang='lat' dir='ltr'><strong>compos</strong></span> <span class='ocrx_word' id='word_1_450' title='bbox 3321 3239 3439 3300; x_wconf 82' lang='lat' dir='ltr'><strong>fias,</strong></span> 
     </span>
    </p>
   </div>
   <div class='ocr_carea' id='block_1_66' title="bbox 219 3334 1760 3410">
    <p class='ocr_par' dir='ltr' id='par_1_66' title="bbox 219 3335 1752 3410">
     <span class='ocr_line' id='line_1_66' title="bbox 219 3335 1752 3410; baseline -0.002 -18"><span class='ocrx_word' id='word_1_451' title='bbox 219 3343 385 3394; x_wconf 77' lang='grc' dir='ltr'>σαυτοῦ</span> <span class='ocrx_word' id='word_1_452' title='bbox 419 3342 717 3410; x_wconf 81' lang='grc' dir='ltr'>παρουσίαν</span> <span class='ocrx_word' id='word_1_453' title='bbox 749 3343 1061 3409; x_wconf 83' lang='grc' dir='ltr'>παρασχεῖν</span> <span class='ocrx_word' id='word_1_454' title='bbox 1098 3339 1409 3408; x_wconf 83' lang='grc' dir='ltr'>σπουδὰσῃς</span> <span class='ocrx_word' id='word_1_455' title='bbox 1429 3375 1446 3401; x_wconf 89' lang='grc'><strong>,</strong></span> <span class='ocrx_word' id='word_1_456' title='bbox 1479 3337 1622 3406; x_wconf 82' lang='grc' dir='ltr'>ὑπὲρ</span> <span class='ocrx_word' id='word_1_457' title='bbox 1658 3335 1752 3390; x_wconf 85' lang='grc' dir='ltr'>τοῦ</span> 
     </span>
    </p>
   </div>
   <div class='ocr_carea' id='block_1_67' title="bbox 1866 3334 3441 3410">
    <p class='ocr_par' dir='ltr' id='par_1_67' title="bbox 1866 3334 3441 3407">
     <span class='ocr_line' id='line_1_67' title="bbox 1866 3334 3441 3407; baseline -0.015 -2"><span class='ocrx_word' id='word_1_458' title='bbox 1866 3359 1975 3405; x_wconf 88' lang='lat' dir='ltr'><strong>tum</strong></span> <span class='ocrx_word' id='word_1_459' title='bbox 2025 3345 2427 3402; x_wconf 86' lang='lat' dir='ltr'><strong>humanitatem</strong></span> <span class='ocrx_word' id='word_1_460' title='bbox 2485 3348 2734 3394; x_wconf 89' lang='lat' dir='ltr'><strong>nostram</strong></span> <span class='ocrx_word' id='word_1_461' title='bbox 2762 3346 3045 3407; x_wconf 83' lang='lat' dir='ltr'><strong>expertus,</strong></span> <span class='ocrx_word' id='word_1_462' title='bbox 3099 3334 3154 3388; x_wconf 91' lang='lat' dir='ltr'><strong>in</strong></span> <span class='ocrx_word' id='word_1_463' title='bbox 3216 3348 3280 3386; x_wconf 89' lang='lat' dir='ltr'><strong>ea</strong></span> <span class='ocrx_word' id='word_1_464' title='bbox 3319 3347 3441 3401; x_wconf 58' lang='lat' dir='ltr'><strong>qua:</strong></span> 
     </span>
    </p>
   </div>
   <div class='ocr_carea' id='block_1_68' title="bbox 216 3426 1760 3515">
    <p class='ocr_par' dir='ltr' id='par_1_68' title="bbox 216 3428 1756 3505">
     <span class='ocr_line' id='line_1_68' title="bbox 216 3428 1756 3505; baseline -0.005 -17"><span class='ocrx_word' id='word_1_465' title='bbox 216 3438 298 3505; x_wconf 76' lang='grc' dir='ltr'>τῆς</span> <span class='ocrx_word' id='word_1_466' title='bbox 350 3433 536 3488; x_wconf 80' lang='grc' dir='ltr'>σαυτοῦ</span> <span class='ocrx_word' id='word_1_467' title='bbox 587 3433 874 3504; x_wconf 70' lang='grc' dir='ltr'>ἐπιτιμίας</span> <span class='ocrx_word' id='word_1_468' title='bbox 926 3430 1270 3497; x_wconf 81' lang='grc' dir='ltr'>ἀπολαῦσαι,</span> <span class='ocrx_word' id='word_1_469' title='bbox 1321 3434 1416 3483; x_wconf 73' lang='grc' dir='ltr'>καὶ</span> <span class='ocrx_word' id='word_1_470' title='bbox 1469 3428 1756 3498; x_wconf 71' lang='grc' dir='ltr'>πειραθεὶς</span> 
     </span>
    </p>
   </div>
   <div class='ocr_carea' id='block_1_69' title="bbox 1866 3426 3445 3515">
    <p class='ocr_par' dir='ltr' id='par_1_69' title="bbox 1866 3426 3445 3513">
     <span class='ocr_line' id='line_1_69' title="bbox 1866 3426 3445 3513; baseline -0.014 -17"><span class='ocrx_word' id='word_1_471' title='bbox 1866 3441 1995 3513; x_wconf 82' lang='lat' dir='ltr'><strong>iuris</strong></span> <span class='ocrx_word' id='word_1_472' title='bbox 2049 3437 2128 3494; x_wconf 92' lang='lat' dir='ltr'><strong>tui</strong></span> <span class='ocrx_word' id='word_1_473' title='bbox 2184 3445 2316 3492; x_wconf 87' lang='lat' dir='ltr'><strong>sunt</strong></span> <span class='ocrx_word' id='word_1_474' title='bbox 2363 3432 2696 3489; x_wconf 88' lang='lat' dir='ltr'><strong>restituaris.</strong></span> <span class='ocrx_word' id='word_1_475' title='bbox 2746 3430 2858 3484; x_wconf 82' lang='lat' dir='ltr'><strong>Hac</strong></span> <span class='ocrx_word' id='word_1_476' title='bbox 2891 3428 3038 3482; x_wconf 90' lang='lat' dir='ltr'><strong>enim</strong></span> <span class='ocrx_word' id='word_1_477' title='bbox 3076 3426 3142 3480; x_wconf 82' lang='lat' dir='ltr'><strong>de</strong></span> <span class='ocrx_word' id='word_1_478' title='bbox 3171 3441 3338 3479; x_wconf 84' lang='lat' dir='ltr'><strong>causa</strong></span> <span class='ocrx_word' id='word_1_479' title='bbox 3388 3432 3445 3476; x_wconf 92' lang='lat' dir='ltr'><strong>et</strong></span> 
     </span>
    </p>
   </div>
   <div class='ocr_carea' id='block_1_70' title="bbox 221 3514 1760 3598">
    <p class='ocr_par' dir='ltr' id='par_1_70' title="bbox 221 3522 1760 3598">
     <span class='ocr_line' id='line_1_70' title="bbox 221 3522 1760 3598; baseline -0.005 -17"><span class='ocrx_word' id='word_1_480' title='bbox 221 3529 351 3598; x_wconf 69' lang='grc' dir='ltr'>ἡμῶν</span> <span class='ocrx_word' id='word_1_481' title='bbox 389 3529 484 3597; x_wconf 74' lang='grc' dir='ltr'>τῆς</span> <span class='ocrx_word' id='word_1_482' title='bbox 531 3525 969 3596; x_wconf 82' lang='grc' dir='ltr'>φιλανθρωπίας,</span> <span class='ocrx_word' id='word_1_483' title='bbox 1016 3525 1132 3587; x_wconf 84' lang='grc' dir='ltr'>τοῖς</span> <span class='ocrx_word' id='word_1_484' title='bbox 1181 3522 1330 3584; x_wconf 87' lang='grc' dir='ltr'>ίδίοις</span> <span class='ocrx_word' id='word_1_485' title='bbox 1372 3524 1760 3576; x_wconf 84' lang='grc' dir='ltr'>ἀποκαταστα-</span> 
     </span>
    </p>
   </div>
   <div class='ocr_carea' id='block_1_71' title="bbox 1866 3514 3416 3598">
    <p class='ocr_par' dir='ltr' id='par_1_71' title="bbox 1866 3514 3416 3597">
     <span class='ocr_line' id='line_1_71' title="bbox 1866 3514 3416 3597; baseline -0.014 -9"><span class='ocrx_word' id='word_1_486' title='bbox 1866 3531 2146 3589; x_wconf 82' lang='lat' dir='ltr'><strong>dominum</strong></span> <span class='ocrx_word' id='word_1_487' title='bbox 2177 3538 2343 3597; x_wconf 87' lang='lat' dir='ltr'><strong>atque</strong></span> <span class='ocrx_word' id='word_1_488' title='bbox 2367 3525 2595 3579; x_wconf 89' lang='lat' dir='ltr'><strong>fratrem</strong></span> <span class='ocrx_word' id='word_1_489' title='bbox 2642 3536 2827 3576; x_wconf 87' lang='lat' dir='ltr'><strong>meum</strong></span> <span class='ocrx_word' id='word_1_490' title='bbox 2870 3518 3229 3574; x_wconf 89' lang='lat' dir='ltr'><strong>Constantem</strong></span> <span class='ocrx_word' id='word_1_491' title='bbox 3257 3514 3416 3570; x_wconf 80' lang='lat' dir='ltr'><strong>Victo</strong></span> 
     </span>
    </p>
   </div>
   <div class='ocr_carea' id='block_1_72' title="bbox 1861 3605 3444 3693">
    <p class='ocr_par' dir='ltr' id='par_1_72' title="bbox 1861 3605 3444 3693">
     <span class='ocr_line' id='line_1_72' title="bbox 1861 3605 3444 3693; baseline -0.015 -14"><span class='ocrx_word' id='word_1_492' title='bbox 1861 3639 1980 3680; x_wconf 87' lang='lat' dir='ltr'><strong>rem</strong></span> <span class='ocrx_word' id='word_1_493' title='bbox 2014 3623 2320 3693; x_wconf 82' lang='lat' dir='ltr'><strong>Augustum</strong></span> <span class='ocrx_word' id='word_1_494' title='bbox 2355 3631 2454 3688; x_wconf 91' lang='lat' dir='ltr'><strong>pro</strong></span> <span class='ocrx_word' id='word_1_495' title='bbox 2483 3624 2535 3670; x_wconf 91' lang='lat' dir='ltr'><strong>te</strong></span> <span class='ocrx_word' id='word_1_496' title='bbox 2569 3613 2904 3684; x_wconf 85' lang='lat' dir='ltr'><strong>rogavimus,</strong></span> <span class='ocrx_word' id='word_1_497' title='bbox 2949 3620 3010 3664; x_wconf 90' lang='lat' dir='ltr'><strong>ut</strong></span> <span class='ocrx_word' id='word_1_498' title='bbox 3056 3605 3324 3662; x_wconf 85' lang='lat' dir='ltr'><strong>redeundi</strong></span> <span class='ocrx_word' id='word_1_499' title='bbox 3348 3605 3444 3658; x_wconf 88' lang='lat' dir='ltr'><strong>tibi</strong></span> 
     </span>
    </p>
   </div>
   <div class='ocr_carea' id='block_1_73' title="bbox 222 3696 1760 3782">
    <p class='ocr_par' dir='ltr' id='par_1_73' title="bbox 222 3702 1760 3781">
     <span class='ocr_line' id='line_1_73' title="bbox 222 3702 1760 3781; baseline -0.005 -18"><span class='ocrx_word' id='word_1_500' title='bbox 222 3713 302 3777; x_wconf 75' lang='grc' dir='ltr'>φόν</span> <span class='ocrx_word' id='word_1_501' title='bbox 339 3727 434 3781; x_wconf 89' lang='grc' dir='ltr'><strong>μου</strong></span> <span class='ocrx_word' id='word_1_502' title='bbox 477 3711 808 3763; x_wconf 80' lang='grc' dir='ltr'>Κώνσταντα</span> <span class='ocrx_word' id='word_1_503' title='bbox 846 3707 940 3760; x_wconf 73' lang='grc' dir='ltr'>τὸν</span> <span class='ocrx_word' id='word_1_504' title='bbox 977 3705 1227 3775; x_wconf 83' lang='grc' dir='ltr'>Νικητὴν</span> <span class='ocrx_word' id='word_1_505' title='bbox 1268 3702 1578 3773; x_wconf 76' lang='grc' dir='ltr'>Αὔγουστον</span> <span class='ocrx_word' id='word_1_506' title='bbox 1618 3704 1760 3773; x_wconf 74' lang='grc' dir='ltr'>ὑπὲρ</span> 
     </span>
    </p>
   </div>
   <div class='ocr_carea' id='block_1_74' title="bbox 1866 3696 3452 3782">
    <p class='ocr_par' dir='ltr' id='par_1_74' title="bbox 1866 3696 3452 3782">
     <span class='ocr_line' id='line_1_74' title="bbox 1866 3696 3452 3782; baseline -0.016 -10"><span class='ocrx_word' id='word_1_507' title='bbox 1866 3716 2184 3772; x_wconf 80' lang='lat' dir='ltr'><strong>facultatem</strong></span> <span class='ocrx_word' id='word_1_508' title='bbox 2211 3710 2583 3782; x_wconf 87' lang='lat' dir='ltr'><strong>permitteret,</strong></span> <span class='ocrx_word' id='word_1_509' title='bbox 2617 3719 2728 3776; x_wconf 89' lang='lat' dir='ltr'><strong>quo</strong></span> <span class='ocrx_word' id='word_1_510' title='bbox 2760 3703 2828 3758; x_wconf 89' lang='lat' dir='ltr'><strong>ad</strong></span> <span class='ocrx_word' id='word_1_511' title='bbox 2855 3718 2982 3758; x_wconf 89' lang='lat' dir='ltr'><strong>eum</strong></span> <span class='ocrx_word' id='word_1_512' title='bbox 3011 3701 3260 3761; x_wconf 89' lang='lat' dir='ltr'><strong>modum,</strong></span> <span class='ocrx_word' id='word_1_513' title='bbox 3285 3696 3452 3749; x_wconf 89' lang='lat' dir='ltr'><strong>utris-</strong></span> 
     </span>
    </p>
   </div>
   <div class='ocr_carea' id='block_1_75' title="bbox 225 3787 1760 3878">
    <p class='ocr_par' dir='ltr' id='par_1_75' title="bbox 225 3795 1760 3872">
     <span class='ocr_line' id='line_1_75' title="bbox 225 3795 1760 3872; baseline -0.006 -18"><span class='ocrx_word' id='word_1_514' title='bbox 225 3802 304 3854; x_wconf 81' lang='grc' dir='ltr'>σοῦ</span> <span class='ocrx_word' id='word_1_515' title='bbox 340 3803 704 3872; x_wconf 80' lang='grc' dir='ltr'>παρεκάλεσα,</span> <span class='ocrx_word' id='word_1_516' title='bbox 742 3799 829 3852; x_wconf 83' lang='grc' dir='ltr'><strong>ἴνα</strong></span> <span class='ocrx_word' id='word_1_517' title='bbox 861 3797 957 3851; x_wconf 80' lang='grc' dir='ltr'>τοῦ</span> <span class='ocrx_word' id='word_1_518' title='bbox 999 3798 1173 3850; x_wconf 78' lang='grc' dir='ltr'>ἐλθεῖν</span> <span class='ocrx_word' id='word_1_519' title='bbox 1205 3795 1455 3861; x_wconf 80' lang='grc' dir='ltr'>ἐξουσίαν</span> <span class='ocrx_word' id='word_1_520' title='bbox 1491 3813 1572 3848; x_wconf 89' lang='grc' dir='ltr'><strong>σοι</strong></span> <span class='ocrx_word' id='word_1_521' title='bbox 1614 3796 1760 3866; x_wconf 76' lang='grc' dir='ltr'>δώση</span> 
     </span>
    </p>
   </div>
   <div class='ocr_carea' id='block_1_76' title="bbox 1866 3787 3448 3878">
    <p class='ocr_par' dir='ltr' id='par_1_76' title="bbox 1866 3787 3448 3878">
     <span class='ocr_line' id='line_1_76' title="bbox 1866 3787 3448 3878; baseline -0.015 -16"><span class='ocrx_word' id='word_1_522' title='bbox 1866 3823 1973 3878; x_wconf 91' lang='lat' dir='ltr'><strong>que</strong></span> <span class='ocrx_word' id='word_1_523' title='bbox 1993 3805 2149 3860; x_wconf 88' lang='lat' dir='ltr'><strong>nobis</strong></span> <span class='ocrx_word' id='word_1_524' title='bbox 2171 3799 2570 3864; x_wconf 87' lang='lat' dir='ltr'><strong>annuentihus,</strong></span> <span class='ocrx_word' id='word_1_525' title='bbox 2587 3799 2643 3852; x_wconf 92' lang='lat' dir='ltr'><strong>in</strong></span> <span class='ocrx_word' id='word_1_526' title='bbox 2663 3797 2899 3867; x_wconf 88' lang='lat' dir='ltr'><strong>patriam</strong></span> <span class='ocrx_word' id='word_1_527' title='bbox 2931 3792 3230 3855; x_wconf 85' lang='lat' dir='ltr'><strong>reducaris,</strong></span> <span class='ocrx_word' id='word_1_528' title='bbox 3258 3796 3316 3842; x_wconf 87' lang='lat' dir='ltr'><strong>et</strong></span> <span class='ocrx_word' id='word_1_529' title='bbox 3341 3787 3448 3840; x_wconf 85' lang='lat' dir='ltr'><strong>hoc</strong></span> 
     </span>
    </p>
   </div>
   <div class='ocr_carea' id='block_1_77' title="bbox 227 3880 1760 3964">
    <p class='ocr_par' dir='ltr' id='par_1_77' title="bbox 227 3887 1760 3963">
     <span class='ocr_line' id='line_1_77' title="bbox 227 3887 1760 3963; baseline -0.003 -19"><span class='ocrx_word' id='word_1_530' title='bbox 227 3893 380 3958; x_wconf 79' lang='grc' dir='ltr'>ὅπως,</span> <span class='ocrx_word' id='word_1_531' title='bbox 408 3895 736 3963; x_wconf 80' lang='grc' dir='ltr'>ἀμφοτέρων</span> <span class='ocrx_word' id='word_1_532' title='bbox 771 3891 932 3962; x_wconf 80' lang='grc' dir='ltr'>ὴμῶν</span> <span class='ocrx_word' id='word_1_533' title='bbox 963 3891 1402 3952; x_wconf 74' lang='grc' dir='ltr'>ἐπινευσάντων,</span> <span class='ocrx_word' id='word_1_534' title='bbox 1437 3892 1504 3958; x_wconf 83' lang='grc' dir='ltr'>τῇ</span> <span class='ocrx_word' id='word_1_535' title='bbox 1542 3887 1760 3956; x_wconf 87' lang='grc' dir='ltr'>πατρίδι</span> 
     </span>
    </p>
   </div>
   <div class='ocr_carea' id='block_1_78' title="bbox 1866 3880 3458 3964">
    <p class='ocr_par' dir='ltr' id='par_1_78' title="bbox 1866 3880 3458 3964">
     <span class='ocr_line' id='line_1_78' title="bbox 1866 3880 3458 3964; baseline -0.016 -9"><span class='ocrx_word' id='word_1_536' title='bbox 1866 3908 2068 3955; x_wconf 79' lang='lat' dir='ltr'><strong>nostrae</strong></span> <span class='ocrx_word' id='word_1_537' title='bbox 2093 3900 2148 3951; x_wconf 90' lang='lat' dir='ltr'><strong>in</strong></span> <span class='ocrx_word' id='word_1_538' title='bbox 2185 3905 2238 3951; x_wconf 90' lang='lat' dir='ltr'><strong>te</strong></span> <span class='ocrx_word' id='word_1_539' title='bbox 2269 3895 2458 3964; x_wconf 73' lang='lat' dir='ltr'><strong>gratia:</strong></span> <span class='ocrx_word' id='word_1_540' title='bbox 2488 3884 2948 3963; x_wconf 76' lang='lat' dir='ltr'><strong>pignushabeas.</strong></span> <span class='ocrx_word' id='word_1_541' title='bbox 2988 3905 3008 3939; x_wconf 75' lang='grc' dir='ltr'><strong>ι</strong></span> <span class='ocrx_word' id='word_1_542' title='bbox 3051 3903 3070 3937; x_wconf 84' lang='grc' dir='ltr'><strong>ι</strong></span> <span class='ocrx_word' id='word_1_543' title='bbox 3101 3880 3458 3964; x_wconf 87' lang='lat' dir='ltr'><strong>Constantius</strong></span> 
     </span>
    </p>
   </div>
   <div class='ocr_carea' id='block_1_79' title="bbox 228 3963 1760 4059">
    <p class='ocr_par' dir='ltr' id='par_1_79' title="bbox 228 3980 1760 4056">
     <span class='ocr_line' id='line_1_79' title="bbox 228 3980 1760 4056; baseline -0.004 -19"><span class='ocrx_word' id='word_1_544' title='bbox 228 3985 651 4056; x_wconf 80' lang='grc' dir='ltr'>ἀποκατασταθῇς</span> <span class='ocrx_word' id='word_1_545' title='bbox 673 4025 689 4052; x_wconf 95' lang='grc'><strong>,</strong></span> <span class='ocrx_word' id='word_1_546' title='bbox 721 3986 859 4054; x_wconf 74' lang='grc' dir='ltr'>ἔχων</span> <span class='ocrx_word' id='word_1_547' title='bbox 888 3982 1046 4036; x_wconf 83' lang='grc' dir='ltr'>τοῦτο</span> <span class='ocrx_word' id='word_1_548' title='bbox 1079 3981 1178 4049; x_wconf 83' lang='grc' dir='ltr'>τῆς</span> <span class='ocrx_word' id='word_1_549' title='bbox 1211 3981 1366 4051; x_wconf 82' lang='grc' dir='ltr'>ἡμῶν</span> <span class='ocrx_word' id='word_1_550' title='bbox 1396 3981 1617 4050; x_wconf 83' lang='grc' dir='ltr'>χάριτος</span> <span class='ocrx_word' id='word_1_551' title='bbox 1652 3980 1760 4032; x_wconf 85' lang='grc' dir='ltr'>ἐνέ-</span> 
     </span>
    </p>
   </div>
   <div class='ocr_carea' id='block_1_80' title="bbox 1866 3963 3450 4059">
    <p class='ocr_par' dir='ltr' id='par_1_80' title="bbox 1873 3963 3450 4059">
     <span class='ocr_line' id='line_1_80' title="bbox 1873 3963 3450 4059; baseline -0.016 -11"><span class='ocrx_word' id='word_1_552' title='bbox 1873 3993 2058 4048; x_wconf 78' lang='lat' dir='ltr'><strong>Victor</strong></span> <span class='ocrx_word' id='word_1_553' title='bbox 2090 3991 2368 4059; x_wconf 79' lang='lat' dir='ltr'><strong>Augustus</strong></span> <span class='ocrx_word' id='word_1_554' title='bbox 2425 3983 2729 4039; x_wconf 87' lang='lat' dir='ltr'><strong>Athanasio</strong></span> <span class='ocrx_word' id='word_1_555' title='bbox 2789 3983 3077 4051; x_wconf 91' lang='lat' dir='ltr'><strong>episcopo.</strong></span> <span class='ocrx_word' id='word_1_556' title='bbox 3121 3963 3450 4042; x_wconf 83' lang='lat' dir='ltr'><strong>Quanquam</strong></span> 
     </span>
    </p>
   </div>
   <div class='ocr_carea' id='block_1_81' title="bbox 228 4066 1760 4152">
    <p class='ocr_par' dir='ltr' id='par_1_81' title="bbox 228 4071 1760 4148">
     <span class='ocr_line' id='line_1_81' title="bbox 228 4071 1760 4148; baseline -0.005 -18"><span class='ocrx_word' id='word_1_557' title='bbox 228 4093 413 4148; x_wconf 76' lang='grc' dir='ltr'>χυρον.ι</span> <span class='ocrx_word' id='word_1_558' title='bbox 438 4096 456 4130; x_wconf 83' lang='grc' dir='ltr'><strong>ι</strong></span> <span class='ocrx_word' id='word_1_559' title='bbox 475 4077 852 4137; x_wconf 76' lang='grc' dir='ltr'>Κωνστάντιος</span> <span class='ocrx_word' id='word_1_560' title='bbox 876 4075 1101 4143; x_wconf 82' lang='grc' dir='ltr'>νικητὴς</span> <span class='ocrx_word' id='word_1_561' title='bbox 1123 4071 1434 4139; x_wconf 76' lang='grc' dir='ltr'>Αὖγουστος</span> <span class='ocrx_word' id='word_1_562' title='bbox 1463 4071 1760 4140; x_wconf 74' lang='grc' dir='ltr'>’Δθανασίῳ</span> 
     </span>
    </p>
   </div>
   <div class='ocr_carea' id='block_1_82' title="bbox 1866 4066 3463 4152">
    <p class='ocr_par' dir='ltr' id='par_1_82' title="bbox 1871 4066 3463 4152">
     <span class='ocr_line' id='line_1_82' title="bbox 1871 4066 3463 4152; baseline -0.015 -17"><span class='ocrx_word' id='word_1_563' title='bbox 1871 4079 2153 4152; x_wconf 87' lang='lat' dir='ltr'><strong>prioribus</strong></span> <span class='ocrx_word' id='word_1_564' title='bbox 2199 4075 2401 4131; x_wconf 90' lang='lat' dir='ltr'><strong>litteris</strong></span> <span class='ocrx_word' id='word_1_565' title='bbox 2457 4079 2666 4127; x_wconf 86' lang='lat' dir='ltr'><strong>nostris</strong></span> <span class='ocrx_word' id='word_1_566' title='bbox 2727 4070 2826 4124; x_wconf 86' lang='lat' dir='ltr'><strong>tibi</strong></span> <span class='ocrx_word' id='word_1_567' title='bbox 2877 4066 3336 4137; x_wconf 76' lang='lat' dir='ltr'><strong>signiﬁcavimus,</strong></span> <span class='ocrx_word' id='word_1_568' title='bbox 3399 4067 3463 4112; x_wconf 92' lang='lat' dir='ltr'><strong>ut</strong></span> 
     </span>
    </p>
   </div>
   <div class='ocr_carea' id='block_1_83' title="bbox 229 4161 1760 4242">
    <p class='ocr_par' dir='ltr' id='par_1_83' title="bbox 229 4164 1760 4239">
     <span class='ocr_line' id='line_1_83' title="bbox 229 4164 1760 4239; baseline -0.003 -18"><span class='ocrx_word' id='word_1_569' title='bbox 229 4170 494 4239; x_wconf 86' lang='grc' dir='ltr'>ἐπισκόπῳ.</span> <span class='ocrx_word' id='word_1_570' title='bbox 529 4170 591 4222; x_wconf 84' lang='lat' dir='ltr'><strong>El</strong></span> <span class='ocrx_word' id='word_1_571' title='bbox 633 4169 728 4221; x_wconf 74' lang='grc' dir='ltr'>καὶ</span> <span class='ocrx_word' id='word_1_572' title='bbox 761 4171 830 4220; x_wconf 85' lang='grc' dir='ltr'>τὰ</span> <span class='ocrx_word' id='word_1_573' title='bbox 871 4169 1104 4237; x_wconf 77' lang='grc' dir='ltr'>μάλιστα</span> <span class='ocrx_word' id='word_1_574' title='bbox 1142 4166 1239 4219; x_wconf 83' lang='grc' dir='ltr'>διὰ</span> <span class='ocrx_word' id='word_1_575' title='bbox 1277 4164 1558 4236; x_wconf 80' lang='grc' dir='ltr'>προτέρων</span> <span class='ocrx_word' id='word_1_576' title='bbox 1591 4180 1760 4235; x_wconf 76' lang='grc' dir='ltr'>γραμ·</span> 
     </span>
    </p>
   </div>
   <div class='ocr_carea' id='block_1_84' title="bbox 1866 4161 3460 4242">
    <p class='ocr_par' dir='ltr' id='par_1_84' title="bbox 1874 4161 3460 4242">
     <span class='ocr_line' id='line_1_84' title="bbox 1874 4161 3460 4242; baseline -0.016 -14"><span class='ocrx_word' id='word_1_577' title='bbox 1874 4175 2084 4242; x_wconf 89' lang='lat' dir='ltr'><strong>absque</strong></span> <span class='ocrx_word' id='word_1_578' title='bbox 2118 4165 2492 4226; x_wconf 85' lang='lat' dir='ltr'><strong>sollicitudine</strong></span> <span class='ocrx_word' id='word_1_579' title='bbox 2537 4162 2690 4220; x_wconf 91' lang='lat' dir='ltr'><strong>omni</strong></span> <span class='ocrx_word' id='word_1_580' title='bbox 2724 4161 2781 4215; x_wconf 92' lang='lat' dir='ltr'><strong>in</strong></span> <span class='ocrx_word' id='word_1_581' title='bbox 2832 4161 3152 4215; x_wconf 88' lang='lat' dir='ltr'><strong>comitatum</strong></span> <span class='ocrx_word' id='word_1_582' title='bbox 3209 4163 3460 4207; x_wconf 89' lang='lat' dir='ltr'><strong>nostrum</strong></span> 
     </span>
    </p>
   </div>
   <div class='ocr_carea' id='block_1_85' title="bbox 234 4247 1760 4332">
    <p class='ocr_par' dir='ltr' id='par_1_85' title="bbox 234 4255 1760 4331">
     <span class='ocr_line' id='line_1_85' title="bbox 234 4255 1760 4331; baseline -0.005 -17"><span class='ocrx_word' id='word_1_583' title='bbox 234 4264 394 4331; x_wconf 78' lang='grc' dir='ltr'>μάτων</span> <span class='ocrx_word' id='word_1_584' title='bbox 420 4261 774 4330; x_wconf 80' lang='grc' dir='ltr'>ἐδηλώσαμεν</span> <span class='ocrx_word' id='word_1_585' title='bbox 796 4299 811 4323; x_wconf 94' lang='grc'><strong>,</strong></span> <span class='ocrx_word' id='word_1_586' title='bbox 843 4259 992 4320; x_wconf 82' lang='grc' dir='ltr'>ὅπως</span> <span class='ocrx_word' id='word_1_587' title='bbox 1021 4259 1344 4328; x_wconf 80' lang='grc' dir='ltr'>ἀμερίμνως</span> <span class='ocrx_word' id='word_1_588' title='bbox 1372 4259 1452 4320; x_wconf 90' lang='grc' dir='ltr'><strong>είς</strong></span> <span class='ocrx_word' id='word_1_589' title='bbox 1480 4256 1542 4309; x_wconf 88' lang='grc' dir='ltr'>τὸ</span> <span class='ocrx_word' id='word_1_590' title='bbox 1572 4255 1760 4326; x_wconf 75' lang='grc' dir='ltr'>ἡμέτε-</span> 
     </span>
    </p>
   </div>
   <div class='ocr_carea' id='block_1_86' title="bbox 1866 4247 3458 4332">
    <p class='ocr_par' dir='ltr' id='par_1_86' title="bbox 1873 4247 3458 4332">
     <span class='ocr_line' id='line_1_86' title="bbox 1873 4247 3458 4332; baseline -0.016 -11"><span class='ocrx_word' id='word_1_591' title='bbox 1873 4267 2117 4326; x_wconf 80' lang='lat' dir='ltr'><strong>venires,</strong></span> <span class='ocrx_word' id='word_1_592' title='bbox 2153 4260 2302 4332; x_wconf 90' lang='lat' dir='ltr'><strong>quod</strong></span> <span class='ocrx_word' id='word_1_593' title='bbox 2338 4269 2392 4314; x_wconf 92' lang='lat' dir='ltr'><strong>te</strong></span> <span class='ocrx_word' id='word_1_594' title='bbox 2425 4255 2660 4311; x_wconf 80' lang='lat' dir='ltr'><strong>maxime</strong></span> <span class='ocrx_word' id='word_1_595' title='bbox 2719 4254 2775 4308; x_wconf 90' lang='lat' dir='ltr'><strong>in</strong></span> <span class='ocrx_word' id='word_1_596' title='bbox 2825 4252 2915 4321; x_wconf 83' lang='lat' dir='ltr'><strong>jus</strong></span> <span class='ocrx_word' id='word_1_597' title='bbox 2947 4261 3102 4306; x_wconf 89' lang='lat' dir='ltr'><strong>tuum</strong></span> <span class='ocrx_word' id='word_1_598' title='bbox 3159 4247 3458 4302; x_wconf 85' lang='lat' dir='ltr'><strong>restituere</strong></span> 
     </span>
    </p>
   </div>
   <div class='ocr_carea' id='block_1_87' title="bbox 235 4339 1760 4429">
    <p class='ocr_par' dir='ltr' id='par_1_87' title="bbox 235 4346 1760 4422">
     <span class='ocr_line' id='line_1_87' title="bbox 235 4346 1760 4422; baseline -0.004 -18"><span class='ocrx_word' id='word_1_599' title='bbox 235 4369 310 4419; x_wconf 83' lang='grc' dir='ltr'><strong>ρον</strong></span> <span class='ocrx_word' id='word_1_600' title='bbox 333 4353 615 4422; x_wconf 77' lang='grc' dir='ltr'>κομιτᾶτον</span> <span class='ocrx_word' id='word_1_601' title='bbox 649 4352 961 4421; x_wconf 79' lang='grc' dir='ltr'>παραγένῃ,</span> <span class='ocrx_word' id='word_1_602' title='bbox 994 4347 1085 4401; x_wconf 84' lang='grc' dir='ltr'>διὰ</span> <span class='ocrx_word' id='word_1_603' title='bbox 1112 4349 1172 4401; x_wconf 84' lang='grc' dir='ltr'>τὸ</span> <span class='ocrx_word' id='word_1_604' title='bbox 1206 4348 1445 4417; x_wconf 88' lang='grc' dir='ltr'>μάλιστα</span> <span class='ocrx_word' id='word_1_605' title='bbox 1473 4348 1623 4417; x_wconf 80' lang='grc' dir='ltr'>ἡμᾶς</span> <span class='ocrx_word' id='word_1_606' title='bbox 1657 4346 1760 4417; x_wconf 80' lang='grc' dir='ltr'><strong>βού-</strong></span> 
     </span>
    </p>
   </div>
   <div class='ocr_carea' id='block_1_88' title="bbox 1866 4339 3467 4429">
    <p class='ocr_par' dir='ltr' id='par_1_88' title="bbox 1879 4339 3467 4429">
     <span class='ocr_line' id='line_1_88' title="bbox 1879 4339 3467 4429; baseline -0.015 -16"><span class='ocrx_word' id='word_1_607' title='bbox 1879 4359 2169 4429; x_wconf 89' lang='lat' dir='ltr'><strong>cupiamus</strong></span> <span class='ocrx_word' id='word_1_608' title='bbox 2205 4372 2218 4408; x_wconf 90' lang='lat'>:</span> <span class='ocrx_word' id='word_1_609' title='bbox 2259 4363 2441 4407; x_wconf 87' lang='lat' dir='ltr'><strong>tamen</strong></span> <span class='ocrx_word' id='word_1_610' title='bbox 2485 4364 2633 4404; x_wconf 90' lang='lat' dir='ltr'><strong>nunc</strong></span> <span class='ocrx_word' id='word_1_611' title='bbox 2656 4361 2879 4418; x_wconf 85' lang='lat' dir='ltr'><strong>quoque</strong></span> <span class='ocrx_word' id='word_1_612' title='bbox 2920 4344 3084 4399; x_wconf 89' lang='lat' dir='ltr'><strong>hasce</strong></span> <span class='ocrx_word' id='word_1_613' title='bbox 3119 4341 3186 4396; x_wconf 88' lang='lat' dir='ltr'><strong>ad</strong></span> <span class='ocrx_word' id='word_1_614' title='bbox 3238 4339 3467 4393; x_wconf 79' lang='lat' dir='ltr'><strong>iii-Inita-</strong></span> 
     </span>
    </p>
   </div>
   <div class='ocr_carea' id='block_1_89' title="bbox 229 4434 1760 4512">
    <p class='ocr_par' dir='ltr' id='par_1_89' title="bbox 229 4442 1760 4512">
     <span class='ocr_line' id='line_1_89' title="bbox 229 4442 1760 4512; baseline -0.002 -15"><span class='ocrx_word' id='word_1_615' title='bbox 229 4445 392 4500; x_wconf 82' lang='grc' dir='ltr'>λεσθαι</span> <span class='ocrx_word' id='word_1_616' title='bbox 413 4445 728 4500; x_wconf 76' lang='grc' dir='ltr'>ἀποστεῖλαί</span> <span class='ocrx_word' id='word_1_617' title='bbox 755 4462 813 4497; x_wconf 91' lang='grc' dir='ltr'><strong>σε</strong></span> <span class='ocrx_word' id='word_1_618' title='bbox 839 4449 917 4506; x_wconf 82' lang='grc' dir='ltr'><strong>εἰς</strong></span> <span class='ocrx_word' id='word_1_619' title='bbox 942 4442 1010 4495; x_wconf 82' lang='grc' dir='ltr'>τὰ</span> <span class='ocrx_word' id='word_1_620' title='bbox 1035 4445 1164 4508; x_wconf 79' lang='grc' dir='ltr'>ἴδια,</span> <span class='ocrx_word' id='word_1_621' title='bbox 1191 4445 1339 4512; x_wconf 81' lang='grc' dir='ltr'>ὅμως</span> <span class='ocrx_word' id='word_1_622' title='bbox 1363 4443 1460 4496; x_wconf 77' lang='grc' dir='ltr'>καὶ</span> <span class='ocrx_word' id='word_1_623' title='bbox 1485 4443 1580 4495; x_wconf 83' lang='grc' dir='ltr'>νῦν</span> <span class='ocrx_word' id='word_1_624' title='bbox 1603 4443 1760 4495; x_wconf 73' lang='grc' dir='ltr'>ταῦτα</span> 
     </span>
    </p>
   </div>
   <div class='ocr_carea' id='block_1_90' title="bbox 1866 4434 3466 4512">
    <p class='ocr_par' dir='ltr' id='par_1_90' title="bbox 1867 4434 3466 4508">
     <span class='ocr_line' id='line_1_90' title="bbox 1867 4434 3466 4508; baseline -0.014 -5"><span class='ocrx_word' id='word_1_625' title='bbox 1867 4443 1992 4503; x_wconf 81' lang='lat' dir='ltr'><strong>tem</strong></span> <span class='ocrx_word' id='word_1_626' title='bbox 2060 4457 2208 4500; x_wconf 91' lang='lat' dir='ltr'><strong>tuam</strong></span> <span class='ocrx_word' id='word_1_627' title='bbox 2250 4443 2530 4498; x_wconf 87' lang='lat' dir='ltr'><strong>dedimus.</strong></span> <span class='ocrx_word' id='word_1_628' title='bbox 2574 4438 2924 4508; x_wconf 83' lang='lat' dir='ltr'><strong>Quapropter</strong></span> <span class='ocrx_word' id='word_1_629' title='bbox 2950 4444 3004 4490; x_wconf 92' lang='lat' dir='ltr'><strong>te</strong></span> <span class='ocrx_word' id='word_1_630' title='bbox 3047 4434 3352 4493; x_wconf 87' lang='lat' dir='ltr'><strong>hortamur,</strong></span> <span class='ocrx_word' id='word_1_631' title='bbox 3403 4435 3466 4482; x_wconf 87' lang='lat' dir='ltr'><strong>ut</strong></span> 
     </span>
    </p>
   </div>
   <div class='ocr_carea' id='block_1_91' title="bbox 231 4525 1760 4608">
    <p class='ocr_par' dir='ltr' id='par_1_91' title="bbox 231 4533 1760 4608">
     <span class='ocr_line' id='line_1_91' title="bbox 231 4533 1760 4608; baseline -0.003 -19"><span class='ocrx_word' id='word_1_632' title='bbox 231 4542 288 4590; x_wconf 66' lang='grc' dir='ltr'>τὰ</span> <span class='ocrx_word' id='word_1_633' title='bbox 310 4539 596 4608; x_wconf 81' lang='grc' dir='ltr'>γράμματα</span> <span class='ocrx_word' id='word_1_634' title='bbox 619 4538 754 4607; x_wconf 75' lang='grc' dir='ltr'>πρὸς</span> <span class='ocrx_word' id='word_1_635' title='bbox 773 4538 871 4606; x_wconf 86' lang='grc' dir='ltr'>τὴν</span> <span class='ocrx_word' id='word_1_636' title='bbox 890 4536 988 4607; x_wconf 80' lang='grc' dir='ltr'>σὴν</span> <span class='ocrx_word' id='word_1_637' title='bbox 1008 4535 1342 4606; x_wconf 74' lang='grc' dir='ltr'>στερρότητα</span> <span class='ocrx_word' id='word_1_638' title='bbox 1363 4533 1760 4604; x_wconf 86' lang='grc' dir='ltr'>δεδηλώκαμεν.</span> 
     </span>
    </p>
   </div>
   <div class='ocr_carea' id='block_1_92' title="bbox 1866 4525 3474 4608">
    <p class='ocr_par' dir='ltr' id='par_1_92' title="bbox 1877 4525 3474 4604">
     <span class='ocr_line' id='line_1_92' title="bbox 1877 4525 3474 4604; baseline -0.014 -8"><span class='ocrx_word' id='word_1_639' title='bbox 1877 4539 2174 4596; x_wconf 77' lang='lat' dir='ltr'><strong>difﬁdentia</strong></span> <span class='ocrx_word' id='word_1_640' title='bbox 2235 4545 2498 4604; x_wconf 89' lang='lat' dir='ltr'><strong>metuque</strong></span> <span class='ocrx_word' id='word_1_641' title='bbox 2546 4531 2705 4586; x_wconf 92' lang='lat' dir='ltr'><strong>omni</strong></span> <span class='ocrx_word' id='word_1_642' title='bbox 2751 4527 3015 4599; x_wconf 90' lang='lat' dir='ltr'><strong>seposito,</strong></span> <span class='ocrx_word' id='word_1_643' title='bbox 3057 4525 3278 4596; x_wconf 85' lang='lat' dir='ltr'><strong>publica</strong></span> <span class='ocrx_word' id='word_1_644' title='bbox 3340 4536 3474 4576; x_wconf 89' lang='lat' dir='ltr'><strong>con-</strong></span> 
     </span>
    </p>
   </div>
   <div class='ocr_carea' id='block_1_93' title="bbox 235 4617 1760 4702">
    <p class='ocr_par' dir='ltr' id='par_1_93' title="bbox 235 4625 1760 4702">
     <span class='ocr_line' id='line_1_93' title="bbox 235 4625 1760 4702; baseline -0.004 -20"><span class='ocrx_word' id='word_1_645' title='bbox 235 4633 308 4682; x_wconf 75' lang='grc' dir='ltr'><strong>Διὸ</strong></span> <span class='ocrx_word' id='word_1_646' title='bbox 335 4633 767 4702; x_wconf 79' lang='grc' dir='ltr'>προτρεπόμεθα,</span> <span class='ocrx_word' id='word_1_647' title='bbox 797 4629 966 4700; x_wconf 86' lang='grc' dir='ltr'>χωρίς</span> <span class='ocrx_word' id='word_1_648' title='bbox 995 4646 1142 4692; x_wconf 90' lang='grc' dir='ltr'>τινος</span> <span class='ocrx_word' id='word_1_649' title='bbox 1173 4628 1459 4688; x_wconf 85' lang='grc' dir='ltr'>ἀποιστίας</span> <span class='ocrx_word' id='word_1_650' title='bbox 1489 4628 1584 4678; x_wconf 81' lang='grc' dir='ltr'>καὶ</span> <span class='ocrx_word' id='word_1_651' title='bbox 1613 4625 1760 4694; x_wconf 69' lang='grc' dir='ltr'>φόϐος</span> 
     </span>
    </p>
   </div>
   <div class='ocr_carea' id='block_1_94' title="bbox 1866 4617 3473 4702">
    <p class='ocr_par' dir='ltr' id='par_1_94' title="bbox 1888 4617 3473 4692">
     <span class='ocr_line' id='line_1_94' title="bbox 1888 4617 3473 4692; baseline -0.013 -3"><span class='ocrx_word' id='word_1_652' title='bbox 1888 4633 2122 4689; x_wconf 89' lang='lat' dir='ltr'><strong>scendas</strong></span> <span class='ocrx_word' id='word_1_653' title='bbox 2168 4628 2446 4692; x_wconf 85' lang='lat' dir='ltr'><strong>vehicula,</strong></span> <span class='ocrx_word' id='word_1_654' title='bbox 2488 4634 2544 4680; x_wconf 89' lang='lat' dir='ltr'><strong>et</strong></span> <span class='ocrx_word' id='word_1_655' title='bbox 2595 4625 2661 4678; x_wconf 87' lang='lat' dir='ltr'><strong>ad</strong></span> <span class='ocrx_word' id='word_1_656' title='bbox 2698 4639 2802 4678; x_wconf 89' lang='lat' dir='ltr'><strong>nos</strong></span> <span class='ocrx_word' id='word_1_657' title='bbox 2826 4621 3018 4675; x_wconf 85' lang='lat' dir='ltr'><strong>venire</strong></span> <span class='ocrx_word' id='word_1_658' title='bbox 3053 4617 3377 4678; x_wconf 86' lang='lat' dir='ltr'><strong>contendas,</strong></span> <span class='ocrx_word' id='word_1_659' title='bbox 3411 4623 3473 4668; x_wconf 91' lang='lat' dir='ltr'><strong>ut</strong></span> 
     </span>
    </p>
   </div>
   <div class='ocr_carea' id='block_1_95' title="bbox 236 4706 1760 4796">
    <p class='ocr_par' dir='ltr' id='par_1_95' title="bbox 236 4719 1760 4794">
     <span class='ocr_line' id='line_1_95' title="bbox 236 4719 1760 4794; baseline -0.003 -21"><span class='ocrx_word' id='word_1_660' title='bbox 236 4723 462 4793; x_wconf 77' lang='grc' dir='ltr'>ἐπιϐῆναί</span> <span class='ocrx_word' id='word_1_661' title='bbox 492 4741 548 4776; x_wconf 87' lang='grc' dir='ltr'><strong>σε</strong></span> <span class='ocrx_word' id='word_1_662' title='bbox 578 4725 859 4794; x_wconf 85' lang='grc' dir='ltr'>δημοσίοις</span> <span class='ocrx_word' id='word_1_663' title='bbox 889 4724 990 4792; x_wconf 79' lang='grc' dir='ltr'>όχή</span> <span class='ocrx_word' id='word_1_664' title='bbox 1002 4739 1157 4791; x_wconf 85' lang='grc' dir='ltr'>μασι,</span> <span class='ocrx_word' id='word_1_665' title='bbox 1187 4721 1280 4773; x_wconf 72' lang='grc' dir='ltr'>καὶ</span> <span class='ocrx_word' id='word_1_666' title='bbox 1311 4719 1614 4772; x_wconf 80' lang='grc' dir='ltr'>σπουδάσαι</span> <span class='ocrx_word' id='word_1_667' title='bbox 1644 4719 1760 4787; x_wconf 63' lang='grc' dir='ltr'><strong>προ</strong></span> 
     </span>
    </p>
   </div>
   <div class='ocr_carea' id='block_1_96' title="bbox 1866 4706 3475 4796">
    <p class='ocr_par' dir='ltr' id='par_1_96' title="bbox 1890 4706 3475 4796">
     <span class='ocr_line' id='line_1_96' title="bbox 1890 4706 3475 4796; baseline -0.014 -17"><span class='ocrx_word' id='word_1_668' title='bbox 1890 4741 2124 4796; x_wconf 89' lang='lat' dir='ltr'><strong>quarum</strong></span> <span class='ocrx_word' id='word_1_669' title='bbox 2166 4739 2352 4776; x_wconf 88' lang='lat' dir='ltr'><strong>rerum</strong></span> <span class='ocrx_word' id='word_1_670' title='bbox 2385 4707 2890 4790; x_wconf 47' lang='lat' dir='ltr'><strong>recuperandaru‘m</strong></span> <span class='ocrx_word' id='word_1_671' title='bbox 2928 4711 3208 4766; x_wconf 89' lang='lat' dir='ltr'><strong>desiderio</strong></span> <span class='ocrx_word' id='word_1_672' title='bbox 3246 4706 3475 4770; x_wconf 90' lang='lat' dir='ltr'><strong>teneris,</strong></span> 
     </span>
    </p>
   </div>
   <div class='ocr_carea' id='block_1_97' title="bbox 240 4797 1760 4884">
    <p class='ocr_par' dir='ltr' id='par_1_97' title="bbox 240 4809 1760 4883">
     <span class='ocr_line' id='line_1_97' title="bbox 240 4809 1760 4883; baseline -0.005 -16"><span class='ocrx_word' id='word_1_673' title='bbox 240 4815 386 4883; x_wconf 70' lang='grc' dir='ltr'>ἡμᾶς,</span> <span class='ocrx_word' id='word_1_674' title='bbox 403 4818 484 4868; x_wconf 80' lang='grc' dir='ltr'>ἵνα</span> <span class='ocrx_word' id='word_1_675' title='bbox 501 4811 573 4867; x_wconf 78' lang='grc' dir='ltr'>ὧν</span> <span class='ocrx_word' id='word_1_676' title='bbox 607 4816 912 4882; x_wconf 83' lang='grc' dir='ltr'>ἐπιθυμεῖς,</span> <span class='ocrx_word' id='word_1_677' title='bbox 933 4812 1244 4866; x_wconf 77' lang='grc' dir='ltr'>ἀπολαῦσαι</span> <span class='ocrx_word' id='word_1_678' title='bbox 1271 4809 1558 4880; x_wconf 74' lang='grc' dir='ltr'>δυνηθῇς.»</span> <span class='ocrx_word' id='word_1_679' title='bbox 1589 4810 1760 4874; x_wconf 65' lang='grc' dir='ltr'>«Κίον</span> 
     </span>
    </p>
   </div>
   <div class='ocr_carea' id='block_1_98' title="bbox 1866 4797 3477 4884">
    <p class='ocr_par' dir='ltr' id='par_1_98' title="bbox 1888 4797 3477 4884">
     <span class='ocr_line' id='line_1_98' title="bbox 1888 4797 3477 4884; baseline -0.017 -13"><span class='ocrx_word' id='word_1_680' title='bbox 1888 4817 2098 4872; x_wconf 90' lang='lat' dir='ltr'><strong>eisdem</strong></span> <span class='ocrx_word' id='word_1_681' title='bbox 2129 4814 2289 4884; x_wconf 91' lang='lat' dir='ltr'><strong>potiri</strong></span> <span class='ocrx_word' id='word_1_682' title='bbox 2313 4827 2535 4881; x_wconf 69' lang='lat' dir='ltr'><strong>queas.)</strong></span> <span class='ocrx_word' id='word_1_683' title='bbox 2561 4828 2580 4860; x_wconf 84' lang='grc' dir='ltr'><strong>ι</strong></span> <span class='ocrx_word' id='word_1_684' title='bbox 2611 4803 2966 4863; x_wconf 88' lang='lat' dir='ltr'><strong>Constantius</strong></span> <span class='ocrx_word' id='word_1_685' title='bbox 2989 4801 3177 4856; x_wconf 78' lang='lat' dir='ltr'><strong>Victor</strong></span> <span class='ocrx_word' id='word_1_686' title='bbox 3198 4797 3477 4865; x_wconf 82' lang='lat' dir='ltr'><strong>Augustus</strong></span> 
     </span>
    </p>
   </div>
   <div class='ocr_carea' id='block_1_99' title="bbox 245 4897 1760 4977">
    <p class='ocr_par' dir='ltr' id='par_1_99' title="bbox 245 4903 1758 4977">
     <span class='ocr_line' id='line_1_99' title="bbox 245 4903 1758 4977; baseline -0.003 -18"><span class='ocrx_word' id='word_1_687' title='bbox 245 4909 463 4972; x_wconf 81' lang='grc' dir='ltr'>στάντιος</span> <span class='ocrx_word' id='word_1_688' title='bbox 499 4908 746 4977; x_wconf 80' lang='grc' dir='ltr'>Νικητὴς</span> <span class='ocrx_word' id='word_1_689' title='bbox 789 4905 1099 4974; x_wconf 75' lang='grc' dir='ltr'>Αὔγουστος</span> <span class='ocrx_word' id='word_1_690' title='bbox 1133 4905 1436 4973; x_wconf 81' lang='grc' dir='ltr'>Ἀθανασίῳ</span> <span class='ocrx_word' id='word_1_691' title='bbox 1474 4903 1758 4972; x_wconf 83' lang='grc' dir='ltr'>ἐπισκόπῳ</span> 
     </span>
    </p>
   </div>
   <div class='ocr_carea' id='block_1_100' title="bbox 1866 4897 3477 4977">
    <p class='ocr_par' dir='ltr' id='par_1_100' title="bbox 1891 4897 3477 4977">
     <span class='ocr_line' id='line_1_100' title="bbox 1891 4897 3477 4977; baseline -0.015 -13"><span class='ocrx_word' id='word_1_692' title='bbox 1891 4909 2196 4964; x_wconf 82' lang='lat' dir='ltr'><strong>Athanasio</strong></span> <span class='ocrx_word' id='word_1_693' title='bbox 2247 4908 2532 4977; x_wconf 88' lang='lat' dir='ltr'><strong>episcopo.</strong></span> <span class='ocrx_word' id='word_1_694' title='bbox 2595 4901 2735 4957; x_wconf 92' lang='lat' dir='ltr'><strong>Cum</strong></span> <span class='ocrx_word' id='word_1_695' title='bbox 2803 4898 3020 4951; x_wconf 68' lang='lat' dir='ltr'><strong>Edessa:</strong></span> <span class='ocrx_word' id='word_1_696' title='bbox 3066 4905 3378 4962; x_wconf 77' lang='lat' dir='ltr'><strong>ageremus,</strong></span> <span class='ocrx_word' id='word_1_697' title='bbox 3420 4897 3477 4942; x_wconf 91' lang='lat' dir='ltr'><strong>et</strong></span> 
     </span>
    </p>
   </div>
   <div class='ocr_carea' id='block_1_101' title="bbox 1889 4983 3478 5075">
    <p class='ocr_par' dir='ltr' id='par_1_101' title="bbox 1889 4983 3478 5075">
     <span class='ocr_line' id='line_1_101' title="bbox 1889 4983 3478 5075; baseline -0.016 -17"><span class='ocrx_word' id='word_1_698' title='bbox 1889 5001 2200 5075; x_wconf 83' lang='lat' dir='ltr'><strong>presbyteri</strong></span> <span class='ocrx_word' id='word_1_699' title='bbox 2227 5000 2306 5055; x_wconf 91' lang='lat' dir='ltr'><strong>tui</strong></span> <span class='ocrx_word' id='word_1_700' title='bbox 2340 4999 2420 5053; x_wconf 89' lang='lat' dir='ltr'><strong>ibi</strong></span> <span class='ocrx_word' id='word_1_701' title='bbox 2451 5007 2652 5063; x_wconf 71' lang='lat' dir='ltr'><strong>przesto</strong></span> <span class='ocrx_word' id='word_1_702' title='bbox 2687 5001 2894 5054; x_wconf 88' lang='lat' dir='ltr'><strong>essent,</strong></span> <span class='ocrx_word' id='word_1_703' title='bbox 2948 4988 3155 5058; x_wconf 86' lang='lat' dir='ltr'><strong>placuit</strong></span> <span class='ocrx_word' id='word_1_704' title='bbox 3206 4983 3478 5040; x_wconf 88' lang='lat' dir='ltr'><strong>nobis,-ut</strong></span> 
     </span>
    </p>
   </div>
   <div class='ocr_carea' id='block_1_102' title="bbox 1895 5086 3477 5162">
    <p class='ocr_par' dir='ltr' id='par_1_102' title="bbox 1895 5086 3477 5162">
     <span class='ocr_line' id='line_1_102' title="bbox 1895 5086 3477 5162; baseline -0.015 -14"><span class='ocrx_word' id='word_1_705' title='bbox 1895 5097 2063 5150; x_wconf 86' lang='lat' dir='ltr'><strong>misso</strong></span> <span class='ocrx_word' id='word_1_706' title='bbox 2094 5094 2158 5146; x_wconf 89' lang='lat' dir='ltr'><strong>ad</strong></span> <span class='ocrx_word' id='word_1_707' title='bbox 2187 5101 2238 5147; x_wconf 92' lang='lat' dir='ltr'><strong>te</strong></span> <span class='ocrx_word' id='word_1_708' title='bbox 2263 5098 2610 5162; x_wconf 81' lang='lat' dir='ltr'><strong>presbytero,</strong></span> <span class='ocrx_word' id='word_1_709' title='bbox 2647 5087 2699 5139; x_wconf 91' lang='lat' dir='ltr'><strong>in</strong></span> <span class='ocrx_word' id='word_1_710' title='bbox 2742 5086 3064 5138; x_wconf 86' lang='lat' dir='ltr'><strong>comitatum</strong></span> <span class='ocrx_word' id='word_1_711' title='bbox 3106 5087 3353 5130; x_wconf 87' lang='lat' dir='ltr'><strong>nostrum</strong></span> <span class='ocrx_word' id='word_1_712' title='bbox 3378 5088 3477 5127; x_wconf 81' lang='lat' dir='ltr'><strong>ve-</strong></span> 
     </span>
    </p>
   </div>
   <div class='ocr_carea' id='block_1_103' title="bbox 1896 5164 3477 5256">
    <p class='ocr_par' dir='ltr' id='par_1_103' title="bbox 1896 5164 3477 5256">
     <span class='ocr_line' id='line_1_103' title="bbox 1896 5164 3477 5256; baseline -0.016 -15"><span class='ocrx_word' id='word_1_713' title='bbox 1896 5188 2013 5242; x_wconf 86' lang='lat' dir='ltr'><strong>nire</strong></span> <span class='ocrx_word' id='word_1_714' title='bbox 2044 5198 2370 5256; x_wconf 87' lang='lat' dir='ltr'><strong>properares</strong></span> <span class='ocrx_word' id='word_1_715' title='bbox 2405 5199 2418 5236; x_wconf 91' lang='lat'><strong>:</strong></span> <span class='ocrx_word' id='word_1_716' title='bbox 2457 5194 2568 5250; x_wconf 89' lang='lat' dir='ltr'><strong>quo</strong></span> <span class='ocrx_word' id='word_1_717' title='bbox 2617 5179 2671 5231; x_wconf 91' lang='lat' dir='ltr'><strong>in</strong></span> <span class='ocrx_word' id='word_1_718' title='bbox 2703 5180 3059 5242; x_wconf 86' lang='lat' dir='ltr'><strong>conspectum</strong></span> <span class='ocrx_word' id='word_1_719' title='bbox 3102 5177 3351 5221; x_wconf 89' lang='lat' dir='ltr'><strong>nostrum</strong></span> <span class='ocrx_word' id='word_1_720' title='bbox 3382 5164 3477 5217; x_wconf 84' lang='lat' dir='ltr'><strong>ad-</strong></span> 
     </span>
    </p>
   </div>
   <div class='ocr_carea' id='block_1_104' title="bbox 1897 5260 3473 5342">
    <p class='ocr_par' dir='ltr' id='par_1_104' title="bbox 1897 5260 3473 5342">
     <span class='ocr_line' id='line_1_104' title="bbox 1897 5260 3473 5342; baseline -0.014 -10"><span class='ocrx_word' id='word_1_721' title='bbox 1897 5279 2141 5342; x_wconf 90' lang='lat' dir='ltr'><strong>missus,</strong></span> <span class='ocrx_word' id='word_1_722' title='bbox 2216 5273 2503 5330; x_wconf 78' lang='lat' dir='ltr'><strong>confestim</strong></span> <span class='ocrx_word' id='word_1_723' title='bbox 2572 5266 2960 5324; x_wconf 84' lang='lat' dir='ltr'><strong>Alexandriam</strong></span> <span class='ocrx_word' id='word_1_724' title='bbox 3039 5260 3473 5331; x_wconf 87' lang='lat' dir='ltr'><strong>proficiscerere.</strong></span> 
     </span>
    </p>
   </div>
   <div class='ocr_carea' id='block_1_105' title="bbox 1897 5349 3478 5439">
    <p class='ocr_par' dir='ltr' id='par_1_105' title="bbox 1897 5349 3478 5439">
     <span class='ocr_line' id='line_1_105' title="bbox 1897 5349 3478 5439; baseline -0.019 -13"><span class='ocrx_word' id='word_1_725' title='bbox 1897 5370 2129 5438; x_wconf 86' lang='lat' dir='ltr'><strong>Quando</strong></span> <span class='ocrx_word' id='word_1_726' title='bbox 2155 5367 2377 5439; x_wconf 90' lang='lat' dir='ltr'><strong>quidem</strong></span> <span class='ocrx_word' id='word_1_727' title='bbox 2413 5380 2544 5418; x_wconf 87' lang='lat' dir='ltr'><strong>vero</strong></span> <span class='ocrx_word' id='word_1_728' title='bbox 2570 5361 2868 5431; x_wconf 91' lang='lat' dir='ltr'><strong>plurimum</strong></span> <span class='ocrx_word' id='word_1_729' title='bbox 2897 5358 3005 5427; x_wconf 84' lang='lat' dir='ltr'><strong>jam</strong></span> <span class='ocrx_word' id='word_1_730' title='bbox 3045 5349 3310 5424; x_wconf 75' lang='lat' dir='ltr'><strong>przeteriit</strong></span> <span class='ocrx_word' id='word_1_731' title='bbox 3336 5359 3478 5404; x_wconf 70' lang='lat' dir='ltr'><strong>tem.</strong></span> 
     </span>
    </p>
   </div>
   <div class='ocr_carea' id='block_1_106' title="bbox 1897 5441 3475 5535">
    <p class='ocr_par' dir='ltr' id='par_1_106' title="bbox 1897 5441 3475 5535">
     <span class='ocr_line' id='line_1_106' title="bbox 1897 5441 3475 5535; baseline -0.016 -16"><span class='ocrx_word' id='word_1_732' title='bbox 1897 5465 2070 5535; x_wconf 90' lang='lat' dir='ltr'><strong>poris,</strong></span> <span class='ocrx_word' id='word_1_733' title='bbox 2105 5478 2172 5518; x_wconf 81' lang='lat' dir='ltr'><strong>ex</strong></span> <span class='ocrx_word' id='word_1_734' title='bbox 2197 5477 2305 5531; x_wconf 91' lang='lat' dir='ltr'><strong>quo</strong></span> <span class='ocrx_word' id='word_1_735' title='bbox 2329 5457 2526 5512; x_wconf 88' lang='lat' dir='ltr'><strong>litteris</strong></span> <span class='ocrx_word' id='word_1_736' title='bbox 2554 5451 2760 5508; x_wconf 92' lang='lat' dir='ltr'><strong>nostris</strong></span> <span class='ocrx_word' id='word_1_737' title='bbox 2807 5447 3053 5518; x_wconf 89' lang='lat' dir='ltr'><strong>acceptis</strong></span> <span class='ocrx_word' id='word_1_738' title='bbox 3089 5462 3197 5500; x_wconf 92' lang='lat' dir='ltr'><strong>non</strong></span> <span class='ocrx_word' id='word_1_739' title='bbox 3232 5441 3430 5497; x_wconf 88' lang='lat' dir='ltr'><strong>venisti</strong></span> <span class='ocrx_word' id='word_1_740' title='bbox 3459 5457 3475 5494; x_wconf 88' lang='lat'><strong>:</strong></span> 
     </span>
    </p>
   </div>
   <div class='ocr_carea' id='block_1_107' title="bbox 1901 5533 3480 5626">
    <p class='ocr_par' dir='ltr' id='par_1_107' title="bbox 1901 5533 3480 5626">
     <span class='ocr_line' id='line_1_107' title="bbox 1901 5533 3480 5626; baseline -0.018 -12"><span class='ocrx_word' id='word_1_741' title='bbox 1901 5574 2048 5614; x_wconf 91' lang='lat' dir='ltr'><strong>nunc</strong></span> <span class='ocrx_word' id='word_1_742' title='bbox 2084 5569 2304 5626; x_wconf 87' lang='lat' dir='ltr'><strong>quoque</strong></span> <span class='ocrx_word' id='word_1_743' title='bbox 2339 5561 2692 5606; x_wconf 88' lang='lat' dir='ltr'><strong>commonere</strong></span> <span class='ocrx_word' id='word_1_744' title='bbox 2731 5553 2783 5599; x_wconf 91' lang='lat' dir='ltr'><strong>te</strong></span> <span class='ocrx_word' id='word_1_745' title='bbox 2820 5542 3120 5604; x_wconf 79' lang='lat' dir='ltr'><strong>voluimus,</strong></span> <span class='ocrx_word' id='word_1_746' title='bbox 3167 5547 3226 5591; x_wconf 92' lang='lat' dir='ltr'><strong>ut</strong></span> <span class='ocrx_word' id='word_1_747' title='bbox 3275 5533 3480 5589; x_wconf 84' lang='lat' dir='ltr'><strong>adven-</strong></span> 
     </span>
    </p>
   </div>
   <div class='ocr_carea' id='block_1_108' title="bbox 1898 5633 3480 5705">
    <p class='ocr_par' dir='ltr' id='par_1_108' title="bbox 1898 5633 3480 5705">
     <span class='ocr_line' id='line_1_108' title="bbox 1898 5633 3480 5705; baseline -0.017 0"><span class='ocrx_word' id='word_1_748' title='bbox 1898 5660 2016 5705; x_wconf 89' lang='lat' dir='ltr'><strong>tum</strong></span> <span class='ocrx_word' id='word_1_749' title='bbox 2047 5649 2114 5703; x_wconf 88' lang='lat' dir='ltr'><strong>ad</strong></span> <span class='ocrx_word' id='word_1_750' title='bbox 2164 5661 2265 5700; x_wconf 91' lang='lat' dir='ltr'><strong>nos</strong></span> <span class='ocrx_word' id='word_1_751' title='bbox 2303 5652 2457 5698; x_wconf 90' lang='lat' dir='ltr'><strong>tuum</strong></span> <span class='ocrx_word' id='word_1_752' title='bbox 2497 5647 2772 5702; x_wconf 89' lang='lat' dir='ltr'><strong>matures,</strong></span> <span class='ocrx_word' id='word_1_753' title='bbox 2809 5645 2867 5691; x_wconf 90' lang='lat' dir='ltr'><strong>et</strong></span> <span class='ocrx_word' id='word_1_754' title='bbox 2912 5635 2993 5690; x_wconf 89' lang='lat' dir='ltr'><strong>sic</strong></span> <span class='ocrx_word' id='word_1_755' title='bbox 3025 5633 3213 5702; x_wconf 70' lang='lat' dir='ltr'><strong>patria:</strong></span> <span class='ocrx_word' id='word_1_756' title='bbox 3255 5639 3362 5684; x_wconf 62' lang='lat' dir='ltr'><strong>tua!</strong></span> <span class='ocrx_word' id='word_1_757' title='bbox 3394 5641 3480 5680; x_wconf 89' lang='lat' dir='ltr'><strong>re-</strong></span> 
     </span>
    </p>
   </div>
   <div class='ocr_carea' id='block_1_109' title="bbox 1900 5724 3480 5805">
    <p class='ocr_par' dir='ltr' id='par_1_109' title="bbox 1900 5724 3480 5805">
     <span class='ocr_line' id='line_1_109' title="bbox 1900 5724 3480 5805; baseline -0.018 -8"><span class='ocrx_word' id='word_1_758' title='bbox 1900 5741 2080 5805; x_wconf 87' lang='lat' dir='ltr'><strong>stitui,</strong></span> <span class='ocrx_word' id='word_1_759' title='bbox 2119 5748 2173 5792; x_wconf 87' lang='lat' dir='ltr'><strong>et</strong></span> <span class='ocrx_word' id='word_1_760' title='bbox 2222 5746 2350 5791; x_wconf 88' lang='lat' dir='ltr'><strong>voto</strong></span> <span class='ocrx_word' id='word_1_761' title='bbox 2403 5743 2497 5788; x_wconf 90' lang='lat' dir='ltr'><strong>tuo</strong></span> <span class='ocrx_word' id='word_1_762' title='bbox 2543 5730 2707 5803; x_wconf 89' lang='lat' dir='ltr'><strong>potiri</strong></span> <span class='ocrx_word' id='word_1_763' title='bbox 2760 5728 2954 5797; x_wconf 87' lang='lat' dir='ltr'><strong>possis.</strong></span> <span class='ocrx_word' id='word_1_764' title='bbox 2991 5724 3243 5780; x_wconf 84' lang='lat' dir='ltr'><strong>Misimus</strong></span> <span class='ocrx_word' id='word_1_765' title='bbox 3295 5727 3480 5776; x_wconf 87' lang='lat' dir='ltr'><strong>autem</strong></span> 
     </span>
    </p>
   </div>
   <div class='ocr_carea' id='block_1_110' title="bbox 1901 5811 3478 5906">
    <p class='ocr_par' dir='ltr' id='par_1_110' title="bbox 1901 5811 3478 5906">
     <span class='ocr_line' id='line_1_110' title="bbox 1901 5811 3478 5906; baseline -0.014 -16"><span class='ocrx_word' id='word_1_766' title='bbox 1901 5836 1964 5892; x_wconf 83' lang='lat' dir='ltr'><strong>ad</strong></span> <span class='ocrx_word' id='word_1_767' title='bbox 1999 5846 2050 5888; x_wconf 85' lang='lat' dir='ltr'><strong>te</strong></span> <span class='ocrx_word' id='word_1_768' title='bbox 2081 5831 2240 5906; x_wconf 80' lang='lat'><strong>733</strong></span> <span class='ocrx_word' id='word_1_769' title='bbox 2277 5827 2540 5884; x_wconf 81' lang='lat' dir='ltr'><strong>Achetani</strong></span> <span class='ocrx_word' id='word_1_770' title='bbox 2573 5823 2889 5890; x_wconf 88' lang='lat' dir='ltr'><strong>diaconum,</strong></span> <span class='ocrx_word' id='word_1_771' title='bbox 2924 5830 2982 5877; x_wconf 90' lang='lat' dir='ltr'><strong>ut</strong></span> <span class='ocrx_word' id='word_1_772' title='bbox 3007 5818 3224 5891; x_wconf 87' lang='lat' dir='ltr'><strong>plenius</strong></span> <span class='ocrx_word' id='word_1_773' title='bbox 3258 5814 3371 5870; x_wconf 70' lang='lat' dir='ltr'><strong>haec</strong></span> <span class='ocrx_word' id='word_1_774' title='bbox 3411 5811 3478 5868; x_wconf 67' lang='lat' dir='ltr'><strong>ad</strong></span> 
     </span>
    </p>
   </div>
   <div class='ocr_carea' id='block_1_111' title="bbox 1776 1844 1814 1894">
    <p class='ocr_par' dir='ltr' id='par_1_111' title="bbox 1776 1844 1814 1894">
     <span class='ocr_line' id='line_1_111' title="bbox 1776 1844 1814 1894; baseline 0 0"><span class='ocrx_word' id='word_1_775' title='bbox 1776 1844 1814 1894; x_wconf 79' lang='grc' dir='ltr'><strong>Β</strong></span> 
     </span>
    </p>
   </div>
   <div class='ocr_carea' id='block_1_112' title="bbox 221 3612 1759 3688">
    <p class='ocr_par' dir='ltr' id='par_1_112' title="bbox 221 3612 1759 3688">
     <span class='ocr_line' id='line_1_112' title="bbox 221 3612 1759 3688; baseline -0.005 -18"><span class='ocrx_word' id='word_1_776' title='bbox 221 3619 302 3688; x_wconf 73' lang='grc' dir='ltr'><strong>θῇς</strong></span> <span class='ocrx_word' id='word_1_777' title='bbox 321 3637 334 3650; x_wconf 78' lang='grc' dir='ltr'><strong><em>ο</em></strong></span> <span class='ocrx_word' id='word_1_778' title='bbox 361 3620 548 3672; x_wconf 86' lang='grc' dir='ltr'>τούτου</span> <span class='ocrx_word' id='word_1_779' title='bbox 580 3620 694 3686; x_wconf 87' lang='grc' dir='ltr'><strong>γάρ</strong></span> <span class='ocrx_word' id='word_1_780' title='bbox 727 3617 892 3670; x_wconf 68' lang='grc' dir='ltr'>ἕνεκα</span> <span class='ocrx_word' id='word_1_781' title='bbox 927 3616 1023 3668; x_wconf 80' lang='grc' dir='ltr'>καὶ</span> <span class='ocrx_word' id='word_1_782' title='bbox 1049 3617 1145 3667; x_wconf 82' lang='grc' dir='ltr'>τὸν</span> <span class='ocrx_word' id='word_1_783' title='bbox 1174 3613 1442 3684; x_wconf 88' lang='grc' dir='ltr'>δεσπότην</span> <span class='ocrx_word' id='word_1_784' title='bbox 1474 3614 1570 3666; x_wconf 76' lang='grc' dir='ltr'>καὶ</span> <span class='ocrx_word' id='word_1_785' title='bbox 1601 3612 1759 3666; x_wconf 83' lang='grc' dir='ltr'>ἀδελ-</span> 
     </span>
    </p>
   </div>
   <div class='ocr_carea' id='block_1_113' title="bbox 251 4994 1786 5071">
    <p class='ocr_par' dir='ltr' id='par_1_113' title="bbox 251 4994 1786 5071">
     <span class='ocr_line' id='line_1_113' title="bbox 251 4994 1786 5071; baseline -0.004 -18"><span class='ocrx_word' id='word_1_786' title='bbox 251 5001 420 5056; x_wconf 84' lang='grc' dir='ltr'>Ἥνίκα</span> <span class='ocrx_word' id='word_1_787' title='bbox 461 5005 515 5055; x_wconf 89' lang='grc' dir='ltr'><strong>ἐν</strong></span> <span class='ocrx_word' id='word_1_788' title='bbox 555 5007 621 5071; x_wconf 82' lang='grc' dir='ltr'><strong>τῇ</strong></span> <span class='ocrx_word' id='word_1_789' title='bbox 660 5001 886 5070; x_wconf 80' lang='grc' dir='ltr'>Ἐδέσσῃ</span> <span class='ocrx_word' id='word_1_790' title='bbox 928 4997 1305 5066; x_wconf 87' lang='grc' dir='ltr'>διετρίϐομεν,</span> <span class='ocrx_word' id='word_1_791' title='bbox 1351 4996 1636 5066; x_wconf 85' lang='grc' dir='ltr'>παρόντων</span> <span class='ocrx_word' id='word_1_792' title='bbox 1677 4994 1786 5047; x_wconf 84' lang='grc' dir='ltr'><strong>τῶν</strong></span> 
     </span>
    </p>
   </div>
   <div class='ocr_carea' id='block_1_114' title="bbox 247 5088 1790 5163">
    <p class='ocr_par' dir='ltr' id='par_1_114' title="bbox 247 5088 1790 5163">
     <span class='ocr_line' id='line_1_114' title="bbox 247 5088 1790 5163; baseline -0.003 -20"><span class='ocrx_word' id='word_1_793' title='bbox 247 5092 339 5145; x_wconf 80' lang='grc' dir='ltr'>σῶν</span> <span class='ocrx_word' id='word_1_794' title='bbox 367 5093 765 5163; x_wconf 84' lang='grc' dir='ltr'>πρεσϐυτέρων,</span> <span class='ocrx_word' id='word_1_795' title='bbox 796 5091 992 5161; x_wconf 78' lang='grc' dir='ltr'>ἡρεσεν</span> <span class='ocrx_word' id='word_1_796' title='bbox 1021 5091 1191 5152; x_wconf 76' lang='grc' dir='ltr'>ὅπως.</span> <span class='ocrx_word' id='word_1_797' title='bbox 1223 5088 1624 5150; x_wconf 84' lang='grc' dir='ltr'>ἀποσταλέντος</span> <span class='ocrx_word' id='word_1_798' title='bbox 1657 5103 1790 5155; x_wconf 82' lang='grc' dir='ltr'>πρε-</span> 
     </span>
    </p>
   </div>
   <div class='ocr_carea' id='block_1_115' title="bbox 247 5182 1790 5259">
    <p class='ocr_par' dir='ltr' id='par_1_115' title="bbox 247 5182 1790 5259">
     <span class='ocr_line' id='line_1_115' title="bbox 247 5182 1790 5259; baseline -0.006 -18"><span class='ocrx_word' id='word_1_799' title='bbox 247 5189 479 5259; x_wconf 75' lang='grc' dir='ltr'>σϐυτέρου</span> <span class='ocrx_word' id='word_1_800' title='bbox 510 5193 643 5256; x_wconf 80' lang='grc' dir='ltr'>πρὸς</span> <span class='ocrx_word' id='word_1_801' title='bbox 675 5188 764 5250; x_wconf 86' lang='grc' dir='ltr'><strong>σέ,</strong></span> <span class='ocrx_word' id='word_1_802' title='bbox 800 5183 972 5238; x_wconf 83' lang='grc' dir='ltr'>ἐλθεῖν</span> <span class='ocrx_word' id='word_1_803' title='bbox 1001 5184 1136 5253; x_wconf 83' lang='grc' dir='ltr'>πρὸς</span> <span class='ocrx_word' id='word_1_804' title='bbox 1165 5183 1226 5234; x_wconf 76' lang='grc' dir='ltr'><strong>τὸ</strong></span> <span class='ocrx_word' id='word_1_805' title='bbox 1255 5182 1526 5254; x_wconf 75' lang='grc' dir='ltr'>ἡμέτερον</span> <span class='ocrx_word' id='word_1_806' title='bbox 1555 5182 1790 5250; x_wconf 81' lang='grc' dir='ltr'>κομιτᾶ-</span> 
     </span>
    </p>
   </div>
   <div class='ocr_carea' id='block_1_116' title="bbox 246 5274 1792 5352">
    <p class='ocr_par' dir='ltr' id='par_1_116' title="bbox 246 5274 1792 5352">
     <span class='ocr_line' id='line_1_116' title="bbox 246 5274 1792 5352; baseline -0.006 -18"><span class='ocrx_word' id='word_1_807' title='bbox 246 5298 322 5334; x_wconf 88' lang='grc' dir='ltr'><strong>τον</strong></span> <span class='ocrx_word' id='word_1_808' title='bbox 337 5282 654 5352; x_wconf 78' lang='grc' dir='ltr'>σπουδάσῃς,</span> <span class='ocrx_word' id='word_1_809' title='bbox 682 5281 774 5332; x_wconf 75' lang='grc' dir='ltr'>ἐπὶ</span> <span class='ocrx_word' id='word_1_810' title='bbox 792 5278 870 5348; x_wconf 84' lang='grc' dir='ltr'>τῷ</span> <span class='ocrx_word' id='word_1_811' title='bbox 901 5276 1078 5330; x_wconf 85' lang='grc' dir='ltr'>ίδόντα</span> <span class='ocrx_word' id='word_1_812' title='bbox 1113 5291 1171 5327; x_wconf 87' lang='grc' dir='ltr'><strong>σε</strong></span> <span class='ocrx_word' id='word_1_813' title='bbox 1199 5275 1300 5348; x_wconf 79' lang='grc' dir='ltr'>τὴν</span> <span class='ocrx_word' id='word_1_814' title='bbox 1330 5274 1604 5345; x_wconf 72' lang='grc' dir='ltr'>ἡμετέραν</span> <span class='ocrx_word' id='word_1_815' title='bbox 1622 5274 1792 5345; x_wconf 87' lang='grc' dir='ltr'>πρόσ-</span> 
     </span>
    </p>
   </div>
   <div class='ocr_carea' id='block_1_117' title="bbox 249 5365 1793 5440">
    <p class='ocr_par' dir='ltr' id='par_1_117' title="bbox 249 5365 1793 5440">
     <span class='ocr_line' id='line_1_117' title="bbox 249 5365 1793 5440; baseline -0.002 -19"><span class='ocrx_word' id='word_1_816' title='bbox 249 5372 380 5438; x_wconf 65' lang='grc' dir='ltr'>οψιν,</span> <span class='ocrx_word' id='word_1_817' title='bbox 413 5373 608 5434; x_wconf 70' lang='grc' dir='ltr'>εὐθέως</span> <span class='ocrx_word' id='word_1_818' title='bbox 656 5370 735 5432; x_wconf 86' lang='grc' dir='ltr'><strong>είς</strong></span> <span class='ocrx_word' id='word_1_819' title='bbox 796 5369 894 5440; x_wconf 82' lang='grc' dir='ltr'>τὴν</span> <span class='ocrx_word' id='word_1_820' title='bbox 928 5366 1333 5435; x_wconf 78' lang='grc' dir='ltr'>Ἀλεξάνδρειαν</span> <span class='ocrx_word' id='word_1_821' title='bbox 1378 5365 1611 5422; x_wconf 62' lang='lat' dir='ltr'><strong>eaeam.</strong></span> <span class='ocrx_word' id='word_1_822' title='bbox 1650 5365 1793 5418; x_wconf 83' lang='grc' dir='ltr'>Ἀλλ’</span> 
     </span>
    </p>
   </div>
   <div class='ocr_carea' id='block_1_118' title="bbox 253 5459 1792 5542">
    <p class='ocr_par' dir='ltr' id='par_1_118' title="bbox 253 5459 1792 5542">
     <span class='ocr_line' id='line_1_118' title="bbox 253 5459 1792 5542; baseline -0.005 -21"><span class='ocrx_word' id='word_1_823' title='bbox 253 5468 354 5521; x_wconf 71' lang='grc' dir='ltr'>ἐπεὶ</span> <span class='ocrx_word' id='word_1_824' title='bbox 380 5471 439 5542; x_wconf 76' lang='grc' dir='ltr'>δὴ</span> <span class='ocrx_word' id='word_1_825' title='bbox 469 5471 716 5530; x_wconf 83' lang='grc' dir='ltr'>πλεῖστος</span> <span class='ocrx_word' id='word_1_826' title='bbox 744 5470 935 5537; x_wconf 82' lang='grc' dir='ltr'>χρόνος</span> <span class='ocrx_word' id='word_1_827' title='bbox 965 5464 1244 5535; x_wconf 80' lang='grc' dir='ltr'>παρῆλθεν</span> <span class='ocrx_word' id='word_1_828' title='bbox 1275 5462 1370 5531; x_wconf 73' lang='grc' dir='ltr'>ἀφ’</span> <span class='ocrx_word' id='word_1_829' title='bbox 1397 5459 1456 5518; x_wconf 77' lang='grc' dir='ltr'><strong>οὗ</strong></span> <span class='ocrx_word' id='word_1_830' title='bbox 1484 5463 1792 5532; x_wconf 71' lang='grc' dir='ltr'>γράμματα</span> 
     </span>
    </p>
   </div>
   <div class='ocr_carea' id='block_1_119' title="bbox 250 5559 1794 5633">
    <p class='ocr_par' dir='ltr' id='par_1_119' title="bbox 250 5559 1794 5633">
     <span class='ocr_line' id='line_1_119' title="bbox 250 5559 1794 5633; baseline -0.004 -17"><span class='ocrx_word' id='word_1_831' title='bbox 250 5561 509 5633; x_wconf 74' lang='grc' dir='ltr'>δεξάμενος</span> <span class='ocrx_word' id='word_1_832' title='bbox 539 5563 672 5632; x_wconf 74' lang='grc' dir='ltr'>παρ’</span> <span class='ocrx_word' id='word_1_833' title='bbox 701 5562 859 5632; x_wconf 79' lang='grc' dir='ltr'>ἡμῶν</span> <span class='ocrx_word' id='word_1_834' title='bbox 888 5562 991 5614; x_wconf 83' lang='grc' dir='ltr'>οὐκ</span> <span class='ocrx_word' id='word_1_835' title='bbox 1020 5561 1362 5630; x_wconf 84' lang='grc' dir='ltr'>ἀπήντησας,</span> <span class='ocrx_word' id='word_1_836' title='bbox 1392 5559 1482 5612; x_wconf 74' lang='grc' dir='ltr'>διὰ</span> <span class='ocrx_word' id='word_1_837' title='bbox 1508 5559 1668 5611; x_wconf 80' lang='grc' dir='ltr'>τοῦτο</span> <span class='ocrx_word' id='word_1_838' title='bbox 1697 5560 1794 5610; x_wconf 75' lang='grc' dir='ltr'>καὶ</span> 
     </span>
    </p>
   </div>
   <div class='ocr_carea' id='block_1_120' title="bbox 250 5648 1792 5725">
    <p class='ocr_par' dir='ltr' id='par_1_120' title="bbox 250 5648 1792 5725">
     <span class='ocr_line' id='line_1_120' title="bbox 250 5648 1792 5725; baseline -0.001 -23"><span class='ocrx_word' id='word_1_839' title='bbox 250 5649 330 5703; x_wconf 81' lang='grc' dir='ltr'>νῦν</span> <span class='ocrx_word' id='word_1_840' title='bbox 359 5653 664 5725; x_wconf 79' lang='grc' dir='ltr'>ὑπομνῆσαί</span> <span class='ocrx_word' id='word_1_841' title='bbox 709 5671 769 5706; x_wconf 85' lang='grc' dir='ltr'><strong>σε</strong></span> <span class='ocrx_word' id='word_1_842' title='bbox 811 5653 1258 5721; x_wconf 78' lang='grc' dir='ltr'>ἐσπουδάσαμεν,</span> <span class='ocrx_word' id='word_1_843' title='bbox 1297 5651 1385 5704; x_wconf 81' lang='grc' dir='ltr'>ἵνα</span> <span class='ocrx_word' id='word_1_844' title='bbox 1424 5650 1530 5704; x_wconf 67' lang='grc' dir='ltr'><strong>κᾶν</strong></span> <span class='ocrx_word' id='word_1_845' title='bbox 1565 5650 1660 5704; x_wconf 83' lang='grc' dir='ltr'><strong>νῦν</strong></span> <span class='ocrx_word' id='word_1_846' title='bbox 1693 5648 1792 5719; x_wconf 83' lang='grc' dir='ltr'>τὴν</span> 
     </span>
    </p>
   </div>
   <div class='ocr_carea' id='block_1_121' title="bbox 252 5743 1792 5818">
    <p class='ocr_par' dir='ltr' id='par_1_121' title="bbox 252 5743 1792 5818">
     <span class='ocr_line' id='line_1_121' title="bbox 252 5743 1792 5818; baseline -0.003 -17"><span class='ocrx_word' id='word_1_847' title='bbox 252 5743 338 5813; x_wconf 71' lang='grc' dir='ltr'>σὴν</span> <span class='ocrx_word' id='word_1_848' title='bbox 362 5749 654 5818; x_wconf 85' lang='grc' dir='ltr'>παρουσίαν</span> <span class='ocrx_word' id='word_1_849' title='bbox 685 5749 905 5816; x_wconf 77' lang='grc' dir='ltr'>ταχεῖαν</span> <span class='ocrx_word' id='word_1_850' title='bbox 938 5746 1162 5815; x_wconf 83' lang='grc' dir='ltr'>ποιῆσαι</span> <span class='ocrx_word' id='word_1_851' title='bbox 1198 5744 1333 5814; x_wconf 72' lang='grc' dir='ltr'>πρὸς</span> <span class='ocrx_word' id='word_1_852' title='bbox 1370 5745 1518 5814; x_wconf 72' lang='grc' dir='ltr'>ἡμᾶς</span> <span class='ocrx_word' id='word_1_853' title='bbox 1552 5743 1792 5797; x_wconf 70' lang='grc' dir='ltr'>σπουδά-</span> 
     </span>
    </p>
   </div>
   <div class='ocr_carea' id='block_1_122' title="bbox 253 5837 1795 5913">
    <p class='ocr_par' dir='ltr' id='par_1_122' title="bbox 253 5837 1795 5913">
     <span class='ocr_line' id='line_1_122' title="bbox 253 5837 1795 5913; baseline -0.005 -15"><span class='ocrx_word' id='word_1_854' title='bbox 253 5837 368 5912; x_wconf 67' lang='grc' dir='ltr'>ὰῃς,</span> <span class='ocrx_word' id='word_1_855' title='bbox 394 5841 481 5894; x_wconf 79' lang='grc' dir='ltr'>καὶ</span> <span class='ocrx_word' id='word_1_856' title='bbox 508 5840 649 5895; x_wconf 67' lang='grc' dir='ltr'>οὕτω</span> <span class='ocrx_word' id='word_1_857' title='bbox 675 5839 913 5912; x_wconf 79' lang='grc' dir='ltr'>δυνηθῇς</span> <span class='ocrx_word' id='word_1_858' title='bbox 939 5842 1004 5913; x_wconf 77' lang='grc' dir='ltr'>τῇ</span> <span class='ocrx_word' id='word_1_859' title='bbox 1037 5840 1255 5912; x_wconf 81' lang='grc' dir='ltr'>πατρίδι</span> <span class='ocrx_word' id='word_1_860' title='bbox 1289 5856 1381 5892; x_wconf 82' lang='grc' dir='ltr'><strong>σου</strong></span> <span class='ocrx_word' id='word_1_861' title='bbox 1414 5841 1795 5893; x_wconf 70' lang='grc' dir='ltr'>ἀποκαταστα-</span> 
     </span>
    </p>
   </div>
  </div>
