3928 6538
442 370 443 373 γ
520 291 623 357 315

1706 322 2129 384 NICEPHORI
2171 328 2512 393 CALLlSTI
2714 415 2718 416 ν
3635 356 3720 416 3ὶῦ

515 408 567 453 te
616 402 896 460 referret:
938 424 1001 463 ex
1027 426 1137 482 quo
1168 417 1335 472 animi
1384 425 1554 479 nostri
1616 429 1975 495 voluntatem,
2025 441 2051 485 lt

515 489 715 530 anilinnl
743 496 886 530 nnml
919 511 1072 530 ,.ηιη-
1112 520 1404 530 ,.η-----,.-

2188 436 2376 506 θῆναι,
2411 441 2505 493 xal.
2535 443 2633 512 τῆς
2663 445 2823 516 εὐχῆς
2860 449 3158 521 ἐπιτυχεῖν.
3193 433 3419 528 Πρδςθδὲ
3452 460 3722 530 πληρεστά-

512 489 720 545 scilicrt
743 496 886 562 quod
918 511 1073 567 optas
1110 520 1533 569 consecutumm
1563 532 1707 583 esse,
1744 537 2071 589 cognoscere

511 583 736 649 poteris.
784 603 803 637 δ
843 590 1172 651 Athanasius
1215 602 1461 669 epistolis
1482 609 1740 677 Aquileia:
1771 583 1870 682 (ibi
1924 618 2070 669 enim

509 674 761 765 degebat)
793 684 1050 747 acceptis,
1090 687 1314 745 Romam
1351 695 1417 749 ad
1445 674 1649 753 Julium
1678 742 1692 765 ,
1720 674 1787 757 ut‘
1806 705 1875 760 de
1906 705 2072 762 rebus

509 763 624 817 suis
668 779 791 818 cum
827 784 894 823 eo
933 779 1311 849 constitueret,
1360 787 1639 849 profectus
1666 802 1769 848 est.
1796 796 1895 850 Cui
1949 800 2071 868 qui-

505 853 627 907 dem
655 857 802 913 Julio
833 872 889 916 et
942 867 1198 927 Romana:
1242 876 1493 934 Ecclesiae
1526 883 1614 938 ille
1654 887 1949 954 plurimum
1990 902 2071 948 at-

507 948 630 1000 tulit
647 948 871 1017 laetitiaa,
891 971 1015 1011 cum
1047 962 1258 1020 litteras
1275 969 1356 1022 eis
1381 948 1742 1030 exhibuisset.
1760 979 2069 1037 Credebant

502 1037 648 1091 enim
691 1040 934 1100 Orientis
974 1064 1193 1122 quoque
1248 1058 1631 1127 imperatorem
1674 1083 1798 1123 cum
1829 1073 1910 1127 eis
1941 1091 2067 1145 pro-

502 1125 723 1186 fessioni
775 1136 897 1192 fidei
951 1149 1241 1212 assmtire,
1267 1125 1360 1217 qui
1394 1161 1499 1206 tam
1544 1156 1860 1217 humaniter
1893 1125 1967 1219 ad
2007 1182 2065 1222 se

499 1219 859 1281 Athanasium
934 1232 1209 1294 invitaret.
1270 1241 1337 1297 Et
1407 1246 1585 1302 Julius
1646 1254 1815 1308 rebus

497 1586 701 1643 indicat
735 1591 802 1646 de
840 1599 970 1651 tanti
1024 1606 1272 1669 przrsulis
1307 1586 1793 1673 restitutione.uAd
1828 1629 2058 1679 verbum

492 1679 722 1747 epistola
755 1686 856 1740 hoc
889 1692 1052 1745 modo
1078 1696 1277 1765 scripta
1312 1712 1469 1758 erat:

1054 1809 1285 1868 CAPUT
1333 1814 1497 1873 XXII.

493 1885 729 1954 Epistola
768 1893 902 1949 Julii
946 1897 1192 1975 Romani,
1229 1924 1323 1973 pro
1370 1922 1554 1967 sancto
1593 1902 1895 1974 'Atltanasio
1946 1920 2067 1975 Ale-

1014 1974 1293 2031 xandrinis
1344 1982 1522 2039 missa.

567 2089 583 2120 σ
625 2071 803 2127 Julius
831 2078 1110 2151 episcopis
1138 2096 1193 2141 et
1239 2093 1578 2165 presbyteris
1605 2111 1661 2157 et
1706 2104 1954 2166 diaconis
2006 2122 2063 2168 et

493 2164 695 2231 populo
726 2167 1108 2229 Alexandriam
1152 2164 1434 2249 incolenti,
1497 2187 1714 2248 dilectis
1772 2164 2057 2266 fratribus,

491 2251 545 2306 in
612 2253 841 2314 Domino
887 2264 1139 2325 salutem.
1179 2270 1542 2344 Congratulor
1599 2292 1655 2339 et
1726 2302 1828 2356 ego
1877 2292 2057 2357 vobis,

489 2343 689 2401 fratres
739 2350 960 2417 dilecti.
1015 2374 1113 2415 vos
1171 2362 1296 2419 ﬁdei
1348 2380 1545 2426 vestrm
1586 2374 1825 2434 fructum
1883 2386 2058 2441 oculis

492 2442 687 2493 vestris
706 2447 1011 2516 percipere.
1030 2451 1083 2506 ld
1113 2456 1259 2510 enim
1289 2477 1417 2518 vere
1440 2467 1711 2537 quispiam
1739 2474 1852 2531 fieri
1884 2479 2053 2545 dicat,

489 2528 544 2582 in
571 2530 737 2589 fratre
760 2546 815 2591 et
841 2543 1166 2616 coepiscopo
1196 2561 1385 2609 nostro
1433 2528 1731 2638 Adita-nasio
1756 2584 1769 2619 :
1798 2584 1959 2638 quem
1999 2528 2057 2627 et

485 2631 709 2690 propter
762 2627 883 2684 vitae
926 2634 1044 2703 ejus
1090 2641 1404 2711 puritatem,
1460 2657 1516 2703 et
1561 2630 1786 2725 prapter
1815 2627 2044 2717 .vestras

486 2728 694 2780 preces,
732 2718 871 2777 Deus
906 2727 1060 2782 vobis
1089 2733 1346 2791 restituit.
1383 2739 1459 2794 Ex
1511 2718 1615 2800 hoc
1655 2718 1787 2804 sane
1838 2756 2054 2825 perspi-

483 2819 609 2861 cere
634 2817 737 2872 est,
764 2827 929 2882 put‘s
957 2829 1168 2876 vestras
1204 2824 1599 2903 charitatisque
1632 2838 1820 2906 plenas
1838 2817 2054 2901 oratio-

486 2908 584 2983 nes
606 2910 825 2967 semper
845 2903 912 2959 ad
944 2905 1115 2964 Deum
1141 2927 1263 2970 esse
1294 2918 1521 2978 delatas.
1558 2903 1876 2986 C(elestiutn
1902 2938 2053 2991 enim

482 2988 909 3053 promissionum
973 3002 1365 3081 cliaritatisque
1432 3014 1487 3070 in
1536 3017 1702 3075 Deum
1757 3040 2049 3095 memores,

2182 546 2279 598 την
2319 529 2574 603 διήγησιν
2612 534 2848 608 ⁹Δχήτιιν
2890 541 2978 593 τὸν
3020 544 3266 599 διάκονον
3306 529 3719 624 ἀπεστείλαμεν·

2180 620 2311 689 παρ’
2336 620 2395 674 οὗ
2431 623 2634 697 δυνήσῃ
2672 629 2865 696 μαθεῖν
2896 631 2998 701 τῆς
3032 652 3088 686 τε
3128 636 3408 707 ἡμετέρας
3440 620 3619 713 ψυχῆς
3644 646 3721 716 τὴν

2179 712 2519 783 προαίρεσιν,
2543 718 2634 770 καὶ
2654 718 2960 774 ὅτιτούτων
2981 716 3054 777 ὧν
3078 723 3209 797 εὔχῃ
3262 734 3445 798 τυχεῖν
3466 731 3679 806 δυνήσῃ.
3704 756 3716 786 ι

2189 802 2279 855 Ἐν
2310 803 2532 859 Ἀκυλία
2555 808 2730 862 τοίνυν
2754 811 3047 882 δεξάμενος
3078 816 3393 883 Ἀθανάσιος
3419 825 3516 884 τὰς
3541 802 3724 878 ἐπιστο-

2176 891 2304 957 λάς,
2334 897 2513 951 ἐκεῖσε
2544 900 2652 970 γὰρ
2681 904 2915 957 ἐποιεῖτο
2943 907 3041 968 τὰς
3070 907 3352 978 διατριϐὰς
3376 950 3392 975 ,
3428 915 3723 983 συνταξόμεο

2176 1001 2264 1047 νος
2298 987 2521 1059 Ἰουλίῳ,
2552 992 2633 1054 είς
2664 992 2883 1064 Ῥώμην
2909 997 3155 1067 ἀφίκετο.
3183 1002 3292 1053 Καὶ
3325 1004 3528 1074 πολλὴν
3556 1006 3722 1075 ἐκείνῳ

2175 1077 2267 1128 καὶ
2304 1077 2596 1148 Ῥωμαίοις
2638 1084 2804 1151 ἐνῆκε
2850 1089 3049 1157 χαρὰν,
3090 1088 3269 1155 δείξας
3310 1093 3380 1145 τὰ
3422 1096 3720 1165 γράμματα.

2178 1167 2368 1238 ’ῼοντο
2394 1170 2498 1241 γὰρ
2525 1174 2616 1226 καὶ
2640 1174 2733 1228 τὸν
2760 1177 2856 1244 τῆς
2884 1178 2958 1231 ἕω
2983 1183 3291 1248 κρατοῦντα
3317 1188 3381 1254 τῇ
3413 1186 3591 1238 πίστει
3620 1187 3722 1257 ’δμο-

2172 1263 2409 1329 φρονεῖν,
2452 1264 2791 1336 φιλοφρόνως
2824 1267 2966 1322 οὕτω
3001 1274 3485 1343 μετακαλούμενον
3521 1280 3721 1333 Ἀθανά-

2174 1366 2308 1405 σιον.
2347 1351 2666 1418 Ἑφοδιάσας
2711 1356 2766 1409 δὲ
2805 1358 2994 1412 τοῦτον
3028 1362 3246 1427 Ἰούλιος
3288 1361 3369 1428 οἷς
3410 1369 3603 1438 ἐχρῆν,
3644 1375 3720 1425 καὶ

2171 1443 2477 1513 γράμματα
2519 1445 2587 1501 δι’
2613 1448 2778 1501 αὐτοῦ
2829 1450 2906 1529 τῷ
2945 1453 3045 1522 τῆς
3080 1455 3487 1528 ’Δλεξανδρείας
3530 1462 3719 1529 ἔπεμπε

2170 1535 2362 1605 κλήρῳ
2393 1554 2451 1588 τε
2492 1539 2584 1590 καὶ
2625 1538 2759 1609 λαῷ,
2792 1528 2873 1594 διν
2907 1535 2982 1597 ὧν
3018 1546 3337 1614 συνήδεσθαι
3372 1549 3610 1603 δείκνυσι
3632 1528 3719 1604 722i.

2169 1628 2382 1696 χαίρειν
2406 1631 2471 1700 τῇ
2499 1632 2743 1701 ὲπανόδῳ
2769 1634 2863 1688 τοῦ
2894 1637 3153 1691 τοσούτου
3182 1640 3511 1711 ἀρχιερέως.
3546 1642 3650 1695 Ὠὗὶ
3675 1645 3717 1697 it

2168 1721 2304 1790 πρὸς
2331 1718 2476 1784 λέξιν
2509 1722 2774 1793 ἠγόρευον
2798 1741 2814 1757 ο

2738 1838 2994 1895 ΚΕΦΑΛ.
3032 1840 3160 1895 KB’.
3198 1846 3211 1861 ν
3314 1904 3319 1911 ,

2177 1923 2519 2007 Ἐπιςτολή
2581 1926 2877 2007 Ἴου-,ρίουΔ
2919 1932 3150 2007 Ῥῴμης
3204 1933 3352 2007 ὑπὲρ
3399 1936 3515 1990 τοῦ
3563 1938 3719 2007 ἁγίου

2239 1993 2519 2051 Ἀθανασί
2523 2016 2596 2052 ου
2624 1999 2750 2066 τοῖς
2772 2001 2844 2055 ἐν
2864 1993 3280 2072 Ἀλεξὶιιέδρείᾳ
3302 1993 3658 2075 ἱτεμφθεῑσὶι.

2238 2126 2258 2160 ι
2294 2109 2580 2181 Συγχαίρω
2606 2112 2761 2181 κάγὼ
2789 2115 2939 2184 ὑμῖν,
2967 2117 3187 2184 ἀδελφοὶ
3212 2118 3509 2187 ἀγαπητοὶ.
3537 2122 3618 2174 ὅτι
3641 2122 3718 2175 τὸ)

2162 2202 2372 2269 καρπὸν
2412 2205 2511 2271 τῆς
2555 2205 2765 2259 ἑαυτῶν
2815 2206 3046 2268 πίστεως
3090 2209 3178 2260 ἐπ’
3202 2210 3503 2280 ὀφθαλμοῖς
3547 2212 3715 2266 λοιπὸν

2157 2292 2322 2361 ὁρᾶτε
2347 2308 2362 2323 ο
2392 2293 2688 2365 τοῦτοογάρ
2724 2297 2941 2369 ἀληθῶς
2973 2298 3035 2353 ἄν
3064 2316 3149 2363 τις
3183 2302 3282 2355 ῖδοι
3315 2306 3608 2371 γενόμενον
3637 2308 3715 2358 ἐπὶ

2156 2384 2252 2438 τοῦ
2287 2386 2517 2456 ἀδελφοῦ
2554 2389 2648 2441 καὶ
2683 2392 3094 2446 συνεπισκόπου
3131 2411 3238 2463 μου
3274 2394 3597 2451 Ἀθανασίου
3622 2417 3636 2432 ·
3663 2399 3715 2453 ὃν

2157 2477 2245 2530 διὰ
2273 2478 2369 2548 τὴν
2399 2482 2749 2550 καθαρότητα
2776 2482 2871 2535 τοῦ
2905 2482 3020 2549 βίου
3041 2525 3057 2548 ,
3086 2487 3183 2539 καὶ
3211 2488 3298 2542 διὰ
3326 2489 3425 2550 τὰς
3453 2490 3714 2560 ὑμετέρας

2158 2569 2338 2637 εὐχὰς,
2370 2571 2398 2623 ὁ
2426 2570 2558 2634 Θεὸς
2588 2572 2717 2641 ὑμῖν
2744 2574 3089 2632 ἀποδίδωσιν.
3128 2578 3224 2631 Ἐκ
3254 2578 3317 2647 δὴ
3349 2581 3545 2635 τούτου
3577 2600 3715 2637 συνο-

2159 2663 2259 2732 ρᾷν
2291 2662 2406 2715 ἐστι
2437 2663 2685 2733 καθαρὰς
2717 2665 2871 2735 ὑμῶν
2900 2668 2995 2719 καὶ
3029 2670 3236 2737 μεστὰς
3262 2671 3487 2743 ἀγάπης
3519 2675 3604 2726 ἀεὶ
3628 2678 3713 2739 τὰς

2155 2752 2320 2821 εὐχὰς
2362 2752 2740 2823 ἀνενηνοχεναι
2783 2756 2918 2825 πρὸς
2958 2757 3050 2810 τὸν
3091 2759 3243 2814 Θεόν.
3290 2762 3581 2833 Μνήμονες
3620 2767 3712 2834 γὰρ

2154 2843 2305 2907 ὅντες
2330 2845 2439 2897 τῶν
2466 2846 2735 2915 οὐρανίων
2766 2849 3143 2915 ὲπαγγελλιῶν
3164 2889 3179 2913 ,
3212 2853 3304 2905 καὶ
3333 2855 3430 2923 τῆς
3463 2858 3598 2926 πρὸς
3626 2861 3711 2911 αὖ·

2153 2936 2244 2988 τὸν
2272 2938 2491 3005 ἀγάπης
2512 2977 2525 3000 ,
2557 2940 2622 3008 ἢν
2656 2940 2720 2991 ὲκ
2749 2940 2847 3008 τῆς
2879 2941 3229 3004 διδασκαλίας
3259 2943 3351 2995 τοῦ
3388 2955 3710 3018 προειρημέ-

2152 3044 2246 3081 νου
2276 3027 2510 3095 ἀδελφοῦ
2545 3047 2648 3099 μου
2680 3030 3042 3101 ὲπαιδεύθητε
3065 3072 3079 3096 ,
3113 3032 3317 3101 ἔγνωτε
3348 3035 3564 3105 ἀληθῶς
3583 3079 3596 3101 ,
3631 3039 3715 3091 καὶ

482 3090 643 3142 quam
669 3095 733 3134 ex
756 3083 1005 3145 doctrina
1048 3094 1296 3163 ejusdem
1351 3104 1535 3162 fratris
1592 3126 1755 3179 quem
1810 3116 2051 3173 diximus

485 3170 654 3196 nan--2
710 3175 773 3196 ...1
799 3177 889 3196 ιενι-
933 3181 942 3192 ο
982 3186 1016 3196 -.
1117 3187 1169 3196 ...
1235 3191 1246 3196 -

2420 3083 2432 3095 ι
2545 3083 2558 3099 ι
2760 3083 2768 3084 ί
2825 3083 3312 3101 νηνινίυίον---ί
3349 3083 3713 3105 ""1""VI""'

2159 3117 2294 3170 κατὰ
2324 3118 2423 3187 τὴν
2454 3118 2766 3190 προσοῦσαν
2797 3122 2926 3190 ὑμῖν
2952 3121 3116 3192 ὀρθὴν
3147 3124 3329 3177 πίστιν
3362 3128 3713 3196 κατειλήιρατε

485 3170 655 3268 nostri
708 3175 1078 3249 addidicistis,
1116 3187 1247 3245 illud
1276 3204 1427 3249 certo
1454 3205 1812 3270 cognovistis,
1844 3216 1901 3260 et
1950 3226 2051 3280 pro

484 3256 644 3315 insita
694 3267 844 3321 vobis
900 3282 1044 3329 recta
1088 3276 1193 3334 fide
1249 3256 1594 3356 percepistis,
1641 3309 1750 3349 non
1783 3297 1850 3351 ad
1884 3256 2050 3355 antem

487 3365 711 3420 usquea
757 3360 911 3416 vehis
941 3380 1287 3440 segregatum
1321 3393 1450 3432 eum
1504 3382 1592 3449 iri,
1639 3402 1801 3456 quem
1834 3390 1889 3445 in
1944 3393 2053 3462 piis

485 3451 683 3550 vestris
709 3454 905 3512 animis
944 3464 1109 3519 veluti
1147 3483 1470 3537 praesentem
1500 3492 1718 3550 semper
1758 3484 2051 3547 habuistis.

486 3534 670 3608 Itaque
704 3559 810 3601 non
843 3553 1029 3610 multis
1089 3559 1224 3614 mihi
1275 3579 1412 3634 opus
1440 3580 1521 3623 est
1565 3534 1787 3641 verbis,
1844 3579 1912 3634 ad
1956 3599 2054 3640 vos

483 3631 766 3690 scribenti.
797 3637 1147 3718 Quaecunque
1170 3652 1316 3708 enim
1360 3671 1390 3709 a
1438 3675 1524 3716 me
1569 3664 1678 3719 dici
1717 3667 1872 3724 vobis
1925 3687 2050 3742 pos-

481 3731 627 3827 sunt,
656 3739 717 3778 ea
749 3726 884 3784 fides
919 3735 1074 3802 prius
1108 3749 1289 3807 vestra
1320 3746 1660 3819 anticipavit.
1707 3754 1772 3810 Et
1802 3726 2051 3827 profecto

1494 3807 1509 3819 _
1739 3807 1769 3810 ν,
1802 3807 2050 3827 μνη---

481 3807 716 3879 impletae
754 3831 883 3875 sunt
914 3838 1013 3894 per
1043 3832 1276 3897 gratiam
1317 3834 1518 3895 Christi
1560 3858 1881 3905 communes
1931 3868 2053 3907 om-

480 3901 631 4002 pium
667 3918 908 3965 vestrum
970 3908 1330 3985 precationes.
1373 3929 1629 3990 Gratulor
1660 3938 1824 4008 igitur
1871 3944 2046 4012 vobis,

480 3989 678 4050 iterum
707 4000 854 4054 enim
896 4004 945 4058 id
974 4007 1100 4063 dico
1124 4050 1140 4075 ,
1188 4012 1425 4074 invictas
1464 4036 1561 4078 vos
1596 4024 1650 4080 in
1678 3989 1789 4083 Ede
1834 3989 2048 4091 animas

478 4096 685 4144 vestras
717 4094 1095 4158 conservasse.
1149 4105 1263 4162 Nec
1298 4110 1479 4168 minus
1526 4115 1686 4174 fratri
1717 4136 1840 4177 meo
1878 4125 2050 4181 Atha-

477 4180 631 4235 nasio
650 4187 918 4253 gratulor,
976 4196 1146 4263 quod,
1189 4206 1406 4259 tametsi
1447 4206 1700 4265 luctuosa
1750 4215 1919 4271 multa
1965 4227 2050 4274 est

476 4284 787 4366 perpessus,
832 4283 978 4338 nulla
1025 4296 1207 4345 tamen
1255 4293 1390 4350 hora
1440 4299 1724 4357 charitatis
1750 4314 1945 4362 vestra:
1984 4321 2048 4366 .et

474 4359 728 4419 desiderii
749 4368 804 4423 in
822 4371 1151 4432 oblivionem
1182 4385 1344 4439 venit.
1363 4386 1524 4460 734
1538 4359 2052 4467 Quamvisnamque

2155 3207 2331 3272 toﬁ-cor,
2364 3208 2438 3271 ὡς
2468 3210 2568 3262 οὐκ
2598 3211 2665 3264 ἂν
2695 3212 2774 3274 εἰς
2804 3213 2959 3275 τέλος
2991 3208 3145 3275 οὗτος
3175 3216 3268 3281 ἀφ’
3293 3216 3445 3285 ὑμῶν
3472 3221 3715 3287 ἀποτχοι-

2154 3301 2490 3372 νισθήσεται.
2516 3302 2576 3356 ὃν
2600 3305 2655 3356 ὲν
2678 3307 2797 3366 ταῖς
2825 3305 3136 3360 θεοσεϐέσιν
3163 3307 3316 3377 ὑμῶν
3340 3309 3539 3378 ψυχαῖς
3565 3312 3714 3381 ἐσχή-

2156 3410 2288 3446 κατε
2325 3393 2401 3457 ὠς
2435 3395 2684 3465 παρόντα
2715 3396 2824 3450 ἀεί.
2861 3395 3073 3449 Οὔκουν
3103 3399 3163 3450 οὐ
3200 3399 3410 3452 πολλῶν
3447 3418 3537 3467 μοι
3569 3404 3717 3471 χρεία

2154 3483 2327 3551 λόγων
2356 3485 2489 3554 πρὸς
2524 3485 2668 3555 ὑμᾶς
2701 3487 3072 3541 ἐπιστέλλοντι
3101 3504 3114 3519 ο
3148 3489 3248 3542 ὅσα
3277 3489 3387 3558 γὰρ
3420 3491 3545 3559 ὑμῖν
3575 3491 3713 3543 λέλεο

2152 3591 2280 3627 κται
2312 3577 2440 3645 παρ’
2464 3577 2620 3646 ἐμοῦ,
2649 3577 2819 3630 ταῦτα
2850 3580 2882 3645 ἠ
2915 3578 3158 3650 ὑμετέρα
3189 3582 3373 3644 πίστις
3408 3582 3675 3650 προῦλαϐε
3695 3599 3711 3614 ο

2153 3666 2247 3718 καὶ
2277 3666 2635 3736 πεπλήρωται
2669 3669 2808 3722 κατά
2844 3669 3084 3740 Χριστοῦ
3117 3673 3278 3741 χάριν
3307 3674 3376 3725 τὰ
3407 3674 3504 3742 τῆς
3538 3676 3714 3743 κοινῆς

2153 3757 2305 3826 ὑμῶν
2340 3761 2556 3812 πάντων
2591 3760 2776 3828 εὐχῆς.
2816 3760 3107 3831 Συγχαίρω
3138 3764 3321 3815 τοίνυν
3354 3764 3483 3831 ὑμῖν
3506 3802 3524 3829 ,
3562 3764 3712 3818 πάλιν

2152 3854 2262 3919 γὰρ
2288 3832 2418 3920 ἐρῶ,
2445 3854 2524 3903 ὅτι
2549 3853 2647 3914 τὰς
2673 3851 2851 3922 ψυχὰς
2875 3854 3340 3923 ἀκαταμαχήτους
3367 3857 3424 3906 ὲν
3449 3858 3515 3924 τῇ
3544 3857 3713 3909 πίστει

2151 3942 2510 4010 τετηρήκατε.
2541 3943 2648 3994 Καὶ
2677 3939 2824 4011 αὑτῷ
2852 3941 2909 3994 δὲ
2937 3942 3012 4012 τῷ
3039 3944 3253 4014 ἁδελφῴ
3281 3961 3385 4015 μου
3422 3946 3711 4005 Ἀθανασζν

2151 4034 2249 4085 οὐκ
2291 4034 2509 4085 ἔλαττον
2549 4034 2867 4103 συγχαίρω·
2908 4035 2990 4086 ὅτι
3037 4035 3240 4105 καίπερ
3286 4035 3511 4106 πάσχων
3552 4036 3711 4090 πολλά

2152 4124 2396 4195 λυπηρὰ,
2423 4124 2543 4177 οὐδὲ
2573 4125 2704 4194 μίαν
2728 4125 2879 4194 ὤραν
2902 4125 3220 4195 ἐπιλήσμων
3242 4127 3433 4195 γέγονε
3458 4128 3555 4195 τῆς
3582 4129 3709 4196 ὑμεο

2149 4216 2310 4286 τέρας
2345 4216 2563 4286 ἀγάπης
2597 4217 2694 4269 καὶ
2722 4216 2816 4270 τοῦ
2849 4218 3117 4287 ὑμετέρου
3153 4217 3342 4284 πόθου.
3382 4218 3445 4272 Et
3480 4220 3585 4288 γὰρ
3619 4219 3713 4271 καὶ

2149 4309 2227 4380 τῷ
2257 4310 2470 4378 σώματι
2498 4310 2634 4380 πρὸς
2661 4311 2853 4380 καιρὸν
2878 4310 3059 4375 ἔδοξεν
3084 4311 3178 4380 ἀφ’
3204 4311 3357 4380 ὑμῶν
3385 4312 3711 4382 ἀφελκυσθῆ·

2151 4417 2272 4466 ναι,
2307 4399 2442 4452 ἀλλά
2472 4399 2552 4469 τῷ
2592 4400 2862 4470 πνεύματι
2902 4400 2991 4452 διὰ
3026 4398 3226 4464 παντὸς
3264 4400 3341 4464 ὡς
3382 4400 3557 4454 συνὼν
3590 4404 3712 4472 ὑμῖν

474 4471 701 4527 corpore
749 4465 815 4520 ad
866 4477 1077 4540 tempus
1106 4490 1136 4529 a
1178 4478 1334 4534 vobis
1384 4481 1680 4542 distractus
1712 4503 1834 4544 esse
1886 4490 2037 4546 visus

2159 4494 2295 4563 ἰιῆγε
2317 4509 2331 4524 ε
2361 4497 2457 4549 καὶ
2481 4465 2680 4563 ἔγωγε,
2713 4465 3010 4565 ἀγαπητοὶ,
3038 4494 3127 4546 τὸν
3156 4494 3452 4563 γενόμενον
3484 4496 3599 4547 κατ’
3622 4465 3713 4545 αὖ·

470 4559 575 4614 est,
621 4556 817 4623 spiritu
853 4572 1029 4619 tamen
1064 4572 1327 4626 continue
1373 4576 1541 4631 veluti
1580 4594 1821 4648 praesens
1852 4583 2040 4638 vobis-

469 4658 593 4697 cum
631 4647 749 4705 fuit.
801 4656 978 4724 Atque
1008 4661 1288 4729 equidem,
1331 4665 1537 4734 dilecti,
1593 4673 1948 4730 tentationem
1983 4686 2041 4732 et

467 4749 765 4797 aerumnam
813 4748 933 4815 ejus
958 4766 1177 4805 omnem
1212 4772 1320 4810 non
1345 4767 1476 4826 puto
1500 4761 1670 4831 gloria
1702 4780 1798 4819 sua
1828 4782 2036 4824 carere.

466 4829 602 4885 Nam
644 4835 805 4892 simul
834 4850 889 4894 et
924 4854 1101 4898 vestra
1132 4855 1188 4899 et
1218 4847 1366 4903 illius
1399 4829 1533 4907 fides
1565 4856 1751 4911 multis
1797 4867 1880 4913 est
1916 4876 2039 4928 pcr-

469 4935 657 4994 specta
694 4939 749 4984 et
778 4932 1078 5000 explorata.
1107 4935 1219 4992 Nisi
1249 4939 1395 4993 enim
1427 4943 1540 4997 hate
1574 4944 2038 5017 intercessissent,

468 5017 597 5084 quis
646 5023 867 5077 tandem
896 5026 1240 5094 credidisset,
1265 5040 1361 5087 aut
1386 5048 1481 5087 vos
1504 5042 1714 5091 tantum
1742 5038 2036 5109 judicium,

467 5114 794 5180 tantumque
847 5128 973 5183 erga
1032 5118 1193 5174 talem
1229 5120 1543 5190 episcopum
1583 5128 1833 5184 obtinere
1885 5147 2040 5186 amo-

468 5215 582 5255 rem
606 5201 628 5253 ?
649 5213 744 5256 aut
767 5204 921 5258 illum
946 5208 1108 5262 tantis
1130 5224 1251 5265 esse
1275 5216 1675 5271 accumulatum
1701 5219 2043 5279 virttuibus?

466 5313 566 5369 per
612 5314 749 5367 quas
786 5300 993 5355 caelesti
1030 5306 1194 5361 etiam
1221 5326 1317 5379 spe
1364 5326 1473 5365 non
1506 5314 1742 5369 excidet.
1765 5315 2043 5373 Consecu-

470 5400 561 5445 tus
583 5407 820 5461 namque
841 5403 925 5448 est
955 5398 1122 5453 variis
1146 5402 1341 5467 modis,
1383 5411 1439 5459 et
1468 5404 1521 5459 in
1551 5409 1860 5476 prasseutia,
1906 5420 1960 5466 et
1986 5411 2039 5466 in

471 5484 659 5540 futuro
693 5488 988 5552 gloriosum
1017 5494 1379 5551 confessionis
1423 5502 1745 5570 martyrium
1790 5505 2041 5559 testimo-

471 5579 735 5647 niumque
770 5598 784 5634 :
825 5585 968 5652 quod
1003 5586 1190 5642 mulzis
1223 5599 1364 5645 terra
1411 5592 1576 5648 simul
1606 5602 1663 5648 et
1714 5596 1852 5650 mari
1890 5597 2041 5652 varie

472 5673 729 5742 procellis
759 5676 1011 5745 jactatus,
1044 5682 1268 5740 insidias
1313 5695 1367 5742 ct
1402 5685 1623 5743 fraudes
1662 5688 1877 5745 Arianae
1927 5692 2041 5747 lue-

475 5770 613 5822 rCSis
642 5782 832 5828 omnes
866 5777 1231 5843 conculcavit,
1262 5792 1315 5833 et
1343 5782 1542 5847 saepius
1579 5798 1674 5848 per
1697 5782 1958 5838 invidiam
1988 5785 2040 5839 in

2141 4584 2237 4638 τοῦ
2279 4585 2456 4638 πάντα
2497 4585 2805 4656 πειρασμὸν
2843 4585 2944 4639 οὐκ
2984 4586 3172 4651 ἄδοξον
3212 4586 3460 4656 ἠγοῦμαι
3498 4589 3714 4655 γεγενῆ-

2146 4675 2294 4730 σθαι.
2333 4678 2445 4731 Καὶ
2486 4679 2595 4747 γὰρ
2631 4678 2725 4729 καὶ
2756 4679 2790 4746 ἡ
2826 4678 3069 4748 ὑμετέρα
3106 4679 3201 4730 καὶ
3235 4680 3269 4748 ἡ
3304 4678 3495 4731 τούτου
3539 4680 3710 4737 πίστις

2145 4767 2395 4837 ἐγνώσθη
2426 4770 2557 4821 πᾶσι
2585 4769 2680 4822 καὶ
2707 4768 3091 4839 δεδοκίμασται
3112 4787 3128 4802 ·
3158 4770 3208 4822 ei
3237 4771 3347 4838 γὰρ
3380 4770 3456 4840 μὴ
3482 4768 3712 4823 τοσαῦτα

2148 4860 2513 4931 συμὸεὸήκει,
2553 4864 2639 4925 τίς
2682 4860 2747 4916 ἂν
2795 4863 3141 4925 ἐπίστευσεν,
3187 4863 3220 4932 ἢ
3267 4864 3411 4931 ὑμᾶς
3451 4865 3710 4932 τοσαύτην

2145 4953 2330 5021 κρίσιν
2379 4952 2474 5003 καὶ
2515 4950 2790 5012 τοσαύτην
2833 4951 3055 5019 ἀγάπην
3100 4951 3231 5021 περὶ
3271 4952 3361 5005 τὸν
3402 4953 3709 5022 τηλικοῦτον

2145 5044 2443 5097 ἐπίσκοπον
2475 5045 2638 5112 ἔχειν,
2669 5044 2703 5114 ἦ
2742 5045 2951 5096 ἐκεῖνον
2984 5043 3274 5109 τοσαύταις
3306 5048 3524 5117 ἀρεταῖς
3554 5063 3708 5114 περι-

2146 5137 2476 5208 6ε6λῆσθαι;
2513 5137 2579 5190 δι’
2600 5137 2665 5200 ἃς
2711 5138 2804 5190 καὶ
2844 5138 2943 5208 τῆς
2980 5141 3038 5191 ὲν
3076 5141 3327 5208 οὐρανοῖς
3368 5139 3570 5200 ἐλπίδος
3608 5138 3709 5190 οὐκ

2144 5228 2427 5298 ἀλλότριος
2453 5230 2684 5298 γένοιτο.
2711 5222 2974 5300 Ἔπὲτυχέ
2997 5230 3175 5283 τοίνυν
3196 5231 3294 5301 οἴῳ
3318 5232 3380 5301 δή
3392 5248 3511 5284 ποτε
3532 5233 3706 5299 τρόπῳ
3725 5266 3740 5296 ε

2145 5322 2240 5372 καὶ
2281 5322 2338 5373 ἐν
2370 5321 2448 5393 τῷ
2488 5320 2584 5374 νῦν
2626 5324 2722 5373 καὶ
2762 5324 2819 5373 ὲν
2853 5322 2929 5391 τῷ
2975 5322 3222 5392 μέλλοντι
3272 5324 3368 5375 καὶ
3425 5322 3706 5391 ὁμολογίαις

2146 5410 2355 5476 ἔνδοξον
2392 5412 2714 5479 μαρτύριον.
2750 5408 3030 5479 Διαφόρως
3067 5410 3177 5478 γὰρ
3217 5412 3358 5464 κατά
3390 5428 3446 5463 τε
3485 5411 3577 5479 γῆν
3612 5410 3709 5461 καὶ

2147 5504 2290 5556 κατὰ
2336 5504 2607 5556 θάλασσαν
2651 5503 2823 5555 πολλὰ
2876 5504 3217 5573 χειμασθεὶς,
3268 5503 3365 5576 τὴν
3412 5501 3706 5572 σκευωρίαν

2149 5598 2330 5651 πᾶσαν
2357 5600 2453 5667 τῆς
2484 5597 2769 5667 Ἀρειανῆς
2799 5597 3062 5665 αἱρέσεως
3093 5599 3439 5667 κατεπάτησε
3468 5599 3554 5648 καὶ
3580 5593 3710 5645 πολ-

2148 5691 2309 5753 λάκις
2355 5691 2443 5743 διὰ
2489 5691 2683 5759 φθόνον
2728 5690 2822 5741 καὶ
2871 5691 2952 5752 εἰς
2999 5688 3244 5741 κίνδυνον
3286 5686 3704 5746 ἐπιϐουλευθεὶς,

2152 5784 2523 5852 κλτεφρὸνησε
2553 5785 2809 5849 θανάτου,
2841 5783 3245 5853 φρουρούμενος
3276 5783 3379 5837 ὑπὸ
3407 5781 3492 5836 τοῦ
3518 5792 3704 5833 παντο·
