3928 6546
475 353 583 419 319

1686 363 2103 423 NICEPIIORI
2145 361 2490 423 CALLISTI

3602 354 3698 418 390

471 481 611 538 pore
654 466 942 521 Leontius.
980 468 1056 524 Ex
1096 486 1205 539 quo
1237 474 1384 529 enim
1428 475 1749 530 Eustathius
1784 476 2038 530 exsulare

2148 474 2317 526 ἐκεῖσε
2341 468 2640 539 ἐκκλησίας
2662 472 2759 533 τὰς
2812 470 2962 540 ἱερὰς
2994 468 3148 540 ἡνίας
3174 468 3297 523 τότε
3320 468 3501 524 διεῖπε
3542 469 3697 527 Λεόν-

471 558 660 628 jussus
689 558 888 623 fuerat,
930 560 1090 615 sicuti
1134 580 1296 634 supra
1332 565 1591 627 diximus.
1621 567 1830 634 primus
1851 567 2038 622 sedem

475 664 597 705 eam
641 650 879 704 obtinuit
913 652 1286 720 Euphronius,
1322 657 1409 709 cui
1464 658 1727 711 successit
1753 658 1992 711 Placitus
2022 697 2038 718 ,

480 753 647 810 atque
701 742 830 796 huic
880 759 1099 798 rursum
1147 745 1473 815 Stephanus.
1520 749 1617 802 Hic
1644 764 1769 802 vero
1818 758 2044 818 propter

480 832 668 885 dolum
700 841 753 886 et
793 834 1038 902 insidias,
1069 853 1203 905 quas
1239 853 1333 905 per
1359 839 1722 907 propinquum
1751 842 2041 910 quemdam

480 940 641 979 suum
673 926 857 981 animo
890 928 1050 982 simul
1080 940 1135 983 et
1166 931 1407 985 moribus
1441 931 1838 987 ferocissimum
1859 975 1873 997 ,
1903 937 2045 991 Ona-

476 1034 635 1081 grum
702 1019 943 1081 nomine,
1007 1021 1177 1074 Roma
1256 1021 1609 1077 venientibus
1660 1039 1690 1077 a
1741 1024 2043 1080 Constante

474 1107 668 1176 legatis
717 1110 809 1178 qui
868 1109 1172 1165 Constantii
1223 1120 1343 1166 erat
1403 1113 1595 1177 frater,
1657 1116 1935 1185 Euphrate
1987 1126 2045 1172 et

476 1198 767 1253 Vincentio
791 1200 1062 1269 episcopis
1093 1216 1194 1271 pro
1218 1203 1517 1258 Athanasio
1559 1206 1764 1269 missis,
1801 1208 2047 1261 tetende-

478 1301 596 1344 rat:
630 1306 658 1344 a
694 1289 1017 1346 Constantio
1039 1293 1222 1359 judice
1246 1335 1261 1358 ,
1292 1306 1351 1349 ut
1374 1312 1439 1350 ea
1470 1297 1735 1367 dignitate
1764 1299 2043 1369 indignus,

477 1380 713 1442 reiectus
765 1388 867 1433 est.
904 1380 1066 1451 736
1103 1382 1332 1437 Veritati
1360 1385 1505 1438 enim
1539 1385 1802 1441 adversus
1826 1427 1839 1451 ,
1864 1390 2045 1443 omnis

477 1470 693 1538 generis
719 1472 976 1525 arumnis
1006 1487 1071 1526 eo
1094 1475 1186 1541 qui
1218 1489 1317 1542 pro
1350 1491 1476 1529 vera
1505 1475 1756 1531 doctrina
1804 1479 2041 1542 stabant,

478 1560 689 1613 aiilixit.
720 1561 790 1614 Et
832 1565 1012 1616 forum
1064 1565 1471 1632 perambulans,
1504 1567 1825 1637 domosque
1866 1570 2047 1640 ingre-

477 1652 654 1713 diens,
698 1668 804 1706 non
841 1654 990 1709 viros
1020 1663 1231 1709 tantum
1257 1696 1272 1721 ,
1308 1658 1405 1712 sed
1453 1667 1510 1714 et
1549 1660 1806 1715 mulieres
1835 1663 2045 1730 pudore

475 1751 534 1796 ct
564 1744 856 1797 sanctitate
885 1745 1009 1799 vitae
1038 1756 1314 1816 spectatas
1354 1749 1592 1817 pulsavit
1616 1788 1631 1812 ,
1668 1753 2045 1822 conviciisque

476 1833 761 1902 proscidit.
787 1835 881 1889 Vel
913 1852 976 1889 ex
1011 1851 1079 1891 eo
1132 1839 1251 1894 solo
1288 1841 1433 1909 quod
1486 1841 1541 1895 in
1577 1842 1768 1911 legatis
1800 1844 2044 1907 admisit,

476 1923 655 1989 qualis
710 1927 794 1977 vir
842 1925 1050 1990 fuerit,
1092 1929 1227 1983 satis
1265 1930 1541 1998 conjicere
1597 1933 1749 1988 licet.
1800 1934 2048 1990 Metuens

479 2030 718 2082 namque
746 2017 821 2085 (i)
869 2033 938 2070 ne
976 2019 1345 2087 Athanasius,
1382 2023 1540 2093 cujus
1595 2024 1765 2094 gratia
1810 2027 2045 2083 maxime

476 2102 676 2172 legatio
723 2104 829 2160 ista
902 2107 1068 2161 missa
1132 2108 1353 2173 fuerat.
1422 2114 1685 2168 ecclesias
1741 2115 2039 2183 reciperet,

477 2196 716 2263 puellam
743 2212 842 2267 per
858 2196 1138 2268 Onagrum
1185 2217 1344 2255 suum
1396 2217 1426 2256 e
1458 2204 1764 2272 prostibula
1790 2207 2043 2263 mercede

476 2286 803 2339 conductam
836 2327 852 2351 ,
917 2288 971 2342 in
1034 2291 1419 2359 episcoporum
1483 2294 1722 2364 hospitio
1766 2297 1995 2351 collocat
2025 2306 2067 2350 :'

476 2375 677 2430 deinde
712 2392 820 2431 non
848 2380 1006 2448 longe
1045 2380 1114 2435 ab
1140 2396 1207 2436 eo
1234 2382 1355 2437 loco
1382 2384 1792 2452 improbissime
1818 2387 2046 2442 insidias

473 2480 576 2535 per
625 2467 874 2523 homines
920 2472 1212 2527 seditiosos
1264 2475 1537 2543 disponit.
1571 2485 1631 2533 ut
1659 2493 1788 2534 cum
1835 2480 2041 2547 impetu

2140 582 2274 626 τιος.
2312 564 2449 619 Μεθ’
2476 563 2502 616 ὃ
2528 565 2633 631 γὰρ
2659 561 2957 623 Εὑστάθιος
2982 564 3064 623 είς
3094 561 3399 630 φυγαδείαν
3422 560 3699 633 ἠλαύνετο,

2142 658 2217 721 ὡς
2240 658 2569 728 διείληπται,
2594 656 2811 725 πρῶτος
2838 654 3009 721 ιπέϐη
3043 654 3137 706 τοῦ
3166 653 3359 724 θρόνου
3386 654 3698 724 Εὐφρόνεος,

2141 746 2200 798 δν
2230 745 2513 814 Πλάκητος
2543 745 2816 809 διεδέξατο
2837 760 2850 774 ·
2874 743 2963 796 τὸν
2989 743 3046 796 δὲ
3094 742 3395 811 Στέφανοςο
3429 742 3488 805 ὃς
3540 760 3698 811 πονησ

2146 837 2245 906 ραν
2286 837 2559 905 συσκευὴν
2616 836 2707 889 διά
2765 852 2908 898 τινος
2956 834 3066 888 τῶν
3118 833 3273 904 αὑτῷ
3325 836 3701 905 προσηκόντων

2143 929 2430 997 ὼμοτάτου
2461 927 2559 981 καὶ
2588 927 2790 995 τρόπον
2835 926 2931 978 καὶ
2959 925 3059 994 τὴν
3105 925 3306 1011 ψυχὴν,
3336 926 3608 995 Ὀναγρος
3638 921 3701 996 ἦν

2144 1019 2295 1087 αὐτῷ
2342 1018 2543 1087 ὄνομα,
2594 1017 2901 1087 ἐξαρτύσας
2956 1019 3069 1080 τοῖς
3126 1019 3190 1069 ἐκ
3240 1015 3467 1084 Ῥώμης
3518 1019 3701 1087 ἥκουσι

2144 1110 2407 1177 πρέσϐεσι
2435 1113 2584 1180 παρὰ
2624 1110 2879 1174 Κώνστα,
2915 1109 2974 1172 ὃς
3010 1108 3108 1173 τὰς
3138 1111 3306 1174 αὐτὰς
3335 1109 3536 1173 ὠδῖνας
3563 1110 3705 1165 Κων-

2146 1199 2382 1267 σταντίῳ
2420 1199 2705 1267 διέλυσεν,
2762 1201 2899 1271 ὑπὲρ
2960 1200 3280 1253 ’Δθανασίου
3340 1200 3699 1269 πεμφθεῖσιν,

2146 1289 2441 1359 Εὑφρατᾶς
2479 1289 2536 1341 δὲ
2574 1290 2666 1343 καὶ
2699 1290 2977 1351 Βικέντιος
3021 1290 3387 1359 ὠνομάζοντο.
3428 1291 3703 1344 ἐπίσκοποι

2143 1379 2189 1431 δ’
2215 1375 2374 1448 ἦσαν,
2409 1380 2513 1433 ὑπὸ
2551 1382 2909 1451 Κωνσταντίῳ
2940 1382 3239 1447 δικάζοντι,
3268 1382 3343 1442 ὡς
3378 1382 3597 1446 ἀνάξιος
3619 1383 3703 1435 τοῦ

2146 1470 2334 1536 θρόνου
2388 1472 2632 1539 κριθεὶς,
2689 1474 3412 1543 ἀπερῤίφη.Δυσμεναίνων
3478 1473 3590 1541 γὰρ
3644 1477 3703 1541 τῇ

2146 1559 2407 1629 ἀληθείᾳτ,
2473 1561 2848 1624 παντοδαπαῖς
2906 1563 3204 1632 περιέϐαλε
3269 1567 3603 1633 συμφοραῖς,
3663 1564 3705 1615 οἶ

2145 1651 2256 1703 τῶν
2291 1649 2470 1719 ὀρθῶν
2509 1651 2797 1720 δογμάτων
2845 1652 3160 1722 ἀντείχοντο
3186 1669 3199 1683 ·
3237 1654 3471 1717 αἰκίζων
3508 1671 3569 1706 τε
3621 1656 3705 1707 καὶ
3772 1658 3785 1677 δ

2147 1739 2570 1815 προπηλακίζων
2603 1738 2704 1811 ἦγε
2740 1740 2829 1793 διὰ
2860 1740 2959 1808 τῆς
2996 1742 3225 1808 ἀγορᾶς,
3260 1740 3440 1793 ἐπιὼν
3468 1742 3590 1801 ταῖς
3633 1743 3703 1794 σί-

2148 1831 2319 1893 κίαις,
2346 1831 2447 1884 οὐκ
2475 1832 2677 1903 ἄνδρας
2711 1832 2891 1902 μόνον,
2931 1832 3070 1885 ἀλλὰ
3120 1833 3215 1887 καὶ
3252 1834 3542 1899 γυναῖκας,
3578 1833 3708 1885 αίδοί

2148 1922 2243 1975 καὶ
2270 1924 2560 1991 σεμνότητι
2609 1921 2730 1992 βίου
2762 1923 3210 1992 κεκοσμημένας.
3259 1924 3499 1992 Ἀπόχρη
3553 1923 3608 1975 δὲ
3651 1924 3704 1975 τὸ

2151 2015 2291 2065 κατὰ
2317 2013 2425 2065 τῶν
2458 2013 2743 2083 πρέσϐεων
2792 2015 2952 2084 μόνον
2988 2016 3376 2085 τεκμηριῶσαι
3421 2016 3514 2068 τὸν
3550 2015 3706 2083 ἄνδρα

2154 2101 2357 2162 ὁποῖος.
2395 2100 2590 2159 Δείσας
2643 2102 2748 2175 γὰρ
2802 2104 2878 2173 μὴ
2909 2104 3018 2157 τῶν
3044 2104 3352 2173 ἐκκλησιῶν
3392 2104 3706 2174 ὲπιλήψαιτο

2165 2191 2507 2254 Ἀθανάσιος,
2546 2193 2689 2267 ὑπὲρ
2719 2186 2781 2253 οὗ
2826 2196 2921 2248 καὶ
2969 2195 3007 2265 ἡ
3049 2195 3316 2263 πρεσϐεία
3356 2194 3597 2263 μάλιστα
3627 2192 3706 2264 ἦν,

2152 2284 2446 2351 παιδίσκην
2478 2286 2568 2338 διὰ
2616 2286 2711 2338 τοῦ
2743 2287 3148 2356 προειρημένου
3194 2288 3466 2355 Ὀνάγρου
3506 2287 3572 2339 ὲκ
3622 2304 3709 2355 χα-

2157 2374 2488 2443 μαιτυπεῖον
2548 2376 2727 2446 μισθῷ
2757 2378 3103 2449 διαφθείρας,
3143 2379 3434 2433 ὑποϐάλλει
3474 2382 3541 2450 τῇ
3572 2381 3710 2450 οἰκίᾳ

2148 2467 2258 2519 τῶν
2288 2467 2602 2522 ἐπισκόπων
2627 2486 2640 2500 ·
2679 2470 2871 2524 ἔπειτα
2904 2470 3058 2541 λόχον
3103 2472 3162 2525 οὺ
3202 2472 3491 2543 πόρρωθεν
3515 2474 3708 2540 στήσας

475 2558 530 2610 in
580 2568 889 2613 sanctorum
928 2562 1170 2616 virorum
1228 2564 1510 2621 irruerent
1567 2568 1732 2625 :edes.
1792 2568 2041 2635 Quorum

2154 2560 2487 2637 κακουργίας
2536 2562 2760 2629 μεστὸν.
2792 2560 2989 2631 ἀθρόον
3022 2563 3312 2633 ἐπιστῆναι
3349 2566 3707 2633 παρασκευά-

474 2648 614 2701 alter
643 2663 768 2703 cum
828 2652 1115 2720 impudicae
1166 2654 1315 2711 illius
1356 2656 1700 2713 advenientis
1744 2661 2041 2728 strepitum

2154 2650 2237 2711 ζει
2261 2652 2327 2721 τῇ
2360 2654 2656 2721 καταγωγῇ
2684 2653 2792 2704 τῶν
2828 2652 2989 2705 θείων
3011 2653 3243 2724 ἀνδρῶν.
3270 2650 3370 2709 Ὧν
3404 2654 3599 2723 ἅτερος
3633 2655 3710 2708 αἱ·

473 2742 668 2801 seusit,
712 2740 1016 2796 daemonem
1041 2759 1164 2799 esse
1208 2755 1384 2809 ratus,
1442 2750 1710 2818 psalmum
1743 2753 2038 2811 suceinnit.

474 2829 647 2900 Hujus
699 2832 896 2889 tabulae
944 2847 1000 2891 et
1052 2840 1458 2908 sycophantia,
1491 2844 1633 2897 unde
1666 2854 1721 2899 et
1762 2847 2043 2915 quomodo

476 2919 726 2976 instituta
754 2935 902 2981 esset
921 2967 937 2988 ,
970 2932 1264 2997 quasitore
1307 2931 1426 3000 ipso
1455 2932 1815 3001 imperaturo.
1846 2947 2043 2997 auctor

475 3021 727 3080 repertus
784 3015 1140 3086 Stephanus,
1194 3031 1253 3074 ut
1306 3023 1503 3078 nefarii
1557 3024 1789 3082 sceleris
1843 3027 2043 3085 artifex

2151 2742 2407 2811 σθόμενος
2430 2745 2526 2810 τῆς
2546 2744 2844 2803 ἀκολάστου
2873 2750 2964 2797 τὸν
2986 2747 3155 2813 ψόφον
3187 2745 3349 2814 ἡνίκα
3368 2746 3561 2817 εἰσῄει,
3595 2746 3706 2800 δαί-

2153 2852 2291 2907 μονα
2345 2839 2577 2907 οἰηθεὶς,
2606 2837 2820 2907 ψαλμὸν
2848 2840 3040 2910 ὑπῇδε.
3075 2840 3180 2893 Τοῦ
3206 2841 3263 2894 δὲ
3286 2840 3561 2911 δράματος
3593 2841 3706 2895 ὃθεν

2149 2931 2243 2995 καὶ
2272 2932 2418 2993 ὅπως
2465 2931 2683 2998 γέγονε,
2714 2933 2895 3000 κρίσει
2922 2931 3016 2985 τοῦ
3044 2932 3370 3003 κρατοῦντος
3401 2934 3710 3003 ἀνευρεθέν-

2147 3038 2261 3085 τος,
2288 3023 2364 3085 ὡς
2390 3023 2688 3091 αὐτουργὸς
2713 3024 2810 3093 τῆς
2833 3024 3092 3092 ἀθεμίτου
3118 3026 3370 3096 πράξεως
3399 3026 3706 3097 καθῄρηται

473 3115 857 3162 exauctoratus
884 3119 989 3174 est,
1021 3123 1076 3164 et
1110 3112 1376 3169 Leontius
1403 3117 1708 3173 Antiochia
1748 3119 2042 3188 episcopus

2149 3114 2442 3181 Στέφανος.
2472 3114 2722 3179 Λεόντιος
2750 3115 2807 3168 δὲ
2838 3119 2920 3180 είς
2949 3116 3253 3187 ἐπιτροπὴν
3275 3116 3705 3187 τῆςἉντιοχάων

472 3195 735 3251 delectus.
759 3197 930 3264 Quem
956 3200 1288 3258 Athanasius
1312 3217 1535 3274 propter
1562 3207 1760 3277 dogma
1776 3211 2042 3279 deprava-

475 3300 588 3344 tum
631 3290 901 3355 devitans,
956 3309 1080 3348 cum
1132 3296 1526 3360 Eustathianis,
1559 3301 1654 3368 qui
1710 3300 1764 3357 in
1818 3304 2045 3371 privatis

471 3381 680 3434 aedibus
706 3382 968 3438 ecclesias
993 3396 1051 3439 et
1086 3394 1391 3441 conventus
1436 3386 1691 3456 agebant,
1720 3390 2040 3446 communi-

474 3471 641 3526 cavit.

1037 3589 1260 3645 CAPUT
1310 3589 1499 3647 XXIV.

478 3675 544 3732 Ut
582 3678 907 3733 Athanasius
936 3681 1022 3759 δεῖς
1070 3691 1341 3750 receptus,
1391 3690 1552 3759 atque
1602 3694 1883 3742 sectatores
1930 3686 2046 3759 ejus

929 3750 1075 3805 aedes
1106 3767 1233 3806 suas
1275 3750 1584 3824 receperint.

544 3863 609 3918 Et
652 3862 1009 3920 Constantius
1054 3867 1277 3936 quidem
1311 3885 1419 3925 non
1460 3871 1738 3928 illibenter
1780 3889 1912 3929 eum
1953 3889 2047 3929 su-

469 3956 666 4023 scepit,
694 3957 1052 4013 nihilominus
1072 3970 1250 4015 tamen
1276 3962 2046 4021 benevolentiamitumanita-

473 4059 695 4117 temque
734 4051 855 4119 ejus
881 4055 1127 4107 tentavit.
1150 4053 1408 4124 Captioso
1432 4056 1576 4111 enim
1610 4072 1861 4113 sermone
1893 4070 2042 4122 eum,

469 4139 910 4196 adversariorum
953 4146 1298 4213 suggestione
1322 4186 1337 4210 ,
1373 4146 1561 4202 fallere
1609 4148 1833 4211 volens,
1868 4149 1949 4204 sic
1975 4150 2045 4205 ad

470 4247 595 4287 eum
630 4234 849 4290 locutus
889 4244 969 4289 est
991 4253 1005 4290 :
1027 4237 1140 4307 Ego
1168 4238 1388 4307 quidem
1423 4239 1492 4292 de
1522 4240 1797 4293 communi
1846 4241 2039 4310 synodi

471 4324 764 4389 sententia,
783 4323 1076 4393 fratrisque
1091 4336 1146 4381 et
1166 4343 1302 4393 mea,
1325 4329 1418 4384 tibi
1449 4329 1593 4399 quod
1614 4339 1768 4399 optas
1795 4330 2038 4399 perﬁcio,

472 4427 528 4470 et
566 4417 821 4471 thronum
854 4417 951 4471 tibi
997 4428 1148 4471 tuum
1195 4420 1373 4473 trado.
1405 4418 1647 4488 Equum
1683 4436 1814 4475 vero
1852 4433 1955 4485 est,
1990 4431 2043 4476 te

2158 3201 2487 3273 Ἐκκλησίας
2551 3203 2784 3274 ἐκρίθηο
2841 3204 2901 3258 δν
2956 3204 3277 3270 Ἀθανάσιος
3327 3206 3403 3271 ὡς
3471 3207 3603 3274 περί⁵
3650 3208 3708 3259 τὸ

2145 3290 2324 3359 δόγμα
2376 3292 2634 3361 κίϐδηλον
2687 3293 3012 3363 ὲξετρέπετο
3035 3310 3049 3326 ο
3100 3297 3214 3356 τοῖς
3248 3295 3293 3346 δ’
3323 3294 3435 3348 ἀπὸ
3483 3294 3580 3349 τοῦ
3612 3296 3708 3348 Εὑ-

2148 3382 2365 3443 σταθίου
2397 3384 2456 3437 ὲν
2490 3385 2720 3439 ίδιωτῶν
2758 3386 2960 3450 οἰκίαις
3000 3385 3455 3457 ἐκκλησιάζουσιν
3494 3387 3708 3442 ἐκοινώ-

2148 3492 2252 3531 νει.

2274 3644 2283 3649 .
2725 3592 2978 3649 ΚΕΦΔΔ.
3012 3593 3141 3648 ΚΔ⁹.

2161 3679 2259 3748 Ὠς
2284 3681 2605 3751 εἰσεδέχθη
2656 3682 3040 3748 Ἀθανὰσιος.
3100 3683 3200 3737 καί
3231 3685 3287 3738 οἱ
3346 3673 3481 3752 πὲρι
3529 3685 3710 3738 αὐτὸν

2394 3754 2536 3817 τοὺς
2560 3754 2821 3820 οἰκείους
2843 3752 3151 3808 ἀπέλαϐον
3182 3754 3461 3824 θρόνους.

2218 3868 2599 3929 Κωνστάντιος
2630 3866 2731 3929 μὲν
2761 3864 2861 3920 οὐκ
2893 3866 3149 3936 ἀπεχθῶς
3182 3867 3346 3920 αὐτὸν
3381 3868 3664 3932 ἀνεδέξατο
3686 3885 3701 3902 ο

2146 3960 2295 4028 ὅμως
2323 3959 2369 4012 δ’
2394 3957 2555 4011 εὔνου
2583 3959 2679 4013 καὶ
2724 3957 3005 4021 ἐπιεικοῦς
3038 3958 3203 4013 αὐτοῦ
3231 3960 3516 4030 ἐπειρᾶτο.
3549 3962 3707 4030 Σοφί-

2148 4052 2338 4117 ζεσθαι
2382 4051 2439 4104 δὲ
2483 4050 2657 4105 θέλων
2705 4051 2818 4103 τῶν
2851 4050 2921 4107 δι’
2965 4052 3217 4115 ἐναντίας
3276 4053 3704 4114 ὑποϐαλλόντων,

2146 4143 2271 4197 τάδε
2307 4143 2440 4211 πρὸς
2472 4142 2635 4195 αὑτὸν
2671 4140 2860 4209 ξλεγεν
2887 4157 2903 4172 ο
2931 4141 3075 4209 Ἐγὼ
3103 4143 3205 4211 μὲν
3238 4143 3340 4213 ἤδη
3368 4144 3537 4214 ψήφῳ
3559 4146 3703 4213 κοινῇ

2147 4231 2206 4285 τὸ
2238 4233 2321 4285 σοὶ
2351 4234 2487 4302 πρὸς
2525 4231 2719 4301 βουλῆς
2745 4232 3082 4301 ἐκπεραίνω,
3122 4234 3218 4287 καὶ
3253 4233 3345 4286 τὸν
3379 4234 3566 4303 θρόνον
3586 4236 3703 4302 ἄρτι

2149 4342 2232 4378 σοι
2261 4325 2574 4394 ἔγχειρίζω.
2600 4325 2830 4395 Δίκαιος
2874 4323 2923 4376 δ’
2952 4323 3018 4379 ἂν
3065 4323 3191 4392 εἴης
3225 4326 3324 4378 καὶ
3354 4326 3444 4389 σὺ,
3479 4326 3602 4394 μίαν
3627 4326 3708 4378 ai—

2147 4415 2333 4472 τοῢντι
2372 4417 2533 4487 χάριν
2578 4414 2898 4479 ἀντιδιδούς.
2939 4417 3003 4468 Ἥ
3035 4415 3093 4469 δέ
3142 4417 3261 4469 ἐστι
3314 4417 3445 4483 μίαν
3475 4418 3624 4470 ἐᾶσαί
3648 4434 3703 4469 σε

471 4522 713 4576 ηυοίιιιε
752 4507 890 4561 mihi
948 4507 1086 4562 hanc
1131 4509 1361 4564 reddere
1421 4510 1700 4580 gratiam.
1759 4520 1822 4566 ut
1875 4527 2036 4566 unam

2148 4511 2255 4564 τῶν
2297 4510 2385 4562 ἐπ’
2422 4508 2833 4578 ⁹Δλεξανδρείας
2868 4508 3179 4576 ἐκκλησιῶν
3218 4509 3274 4563 οἵ
3306 4525 3402 4562 σου
3444 4509 3705 4578 διακρινό-

469 4599 811 4657 Alexandria:
837 4600 1123 4655 ecclesiam
1145 4602 1227 4655 eis
1258 4603 1563 4670 permittas,
1603 4602 1700 4672 qui
1733 4617 1762 4657 a
1795 4612 1848 4658 te
1872 4603 2035 4658 dissi-

470 4693 684 4755 dentes,
713 4706 742 4745 a
768 4694 1154 4748 communione
1186 4704 1276 4748 tua
1309 4693 1629 4773 abhorrent.
1653 4692 1830 4763 Atque
1865 4694 2037 4748 Atha-

469 4784 693 4838 nasius:
722 4782 1115 4852 Equissiinum
1148 4800 1281 4840 sane
1304 4794 1410 4848 est,
1432 4799 1466 4838 ο
1490 4786 1811 4853 imperator.
1838 4785 2035 4854 inquit,

472 4887 533 4932 ut
553 4892 671 4932 mos
697 4876 790 4933 tibi
818 4889 1055 4948 geratur.
1087 4878 1190 4934 Sed
1219 4879 1467 4932 eamdem
1513 4894 1733 4932 rursum
1768 4894 1800 4933 a
1828 4887 1880 4934 te
1909 4893 2037 4948 grao

473 4964 603 5017 tiam
662 4974 808 5034 peto,
861 4965 1314 5035 quandoquidem
1366 4976 1422 5020 et
1452 4967 1759 5023 Antiochia;
1812 4968 2035 5038 quidam

471 5066 625 5118 sunt,
658 5061 751 5128 qui
799 5074 991 5113 eorum
1033 5060 1496 5125 communionem,
1534 5062 1630 5130 qui
1675 5062 1839 5116 aliter
1874 5077 2037 5131 quam

473 5164 574 5204 nos
598 5152 839 5205 sentiunt
863 5151 952 5205 hic
982 5159 1308 5205 aversantur
1330 5191 1345 5216 ,
1376 5153 1507 5221 jube
1542 5168 1638 5208 eos
1667 5169 1890 5224 quoque
1945 5171 2041 5210 ec-

471 5240 692 5292 clesiam
728 5254 878 5293 suam
912 5240 1132 5299 habere.
1160 5240 1215 5293 in
1251 5256 1355 5310 qua
1380 5241 1554 5297 libere
1588 5243 1818 5313 placitas
1845 5243 1949 5298 sibi
1986 5253 2044 5299 et

475 5336 708 5385 statutas
755 5338 1011 5398 peragant
1042 5332 1401 5385 ceremonias.
1431 5333 1509 5387 Ad
1552 5334 1667 5387 haec
1698 5349 1822 5388 cum
1869 5336 2042 5401 impe-

476 5433 627 5476 rator
653 5422 798 5490 quod
825 5423 1033 5478 diceret
1062 5440 1166 5479 non
1215 5424 1478 5492 haberet,
1514 5427 1687 5482 satius
1722 5443 1842 5484 esse
1866 5428 2043 5490 duxit,

480 5515 828 5569 adversarios
873 5517 1089 5585 quietos
1135 5533 1257 5572 eSse
1282 5558 1296 5581 ,
1327 5520 1698 5590 petitioneque
1726 5535 1823 5575 sua
1864 5530 1922 5574 ut
1950 5536 2046 5588 pa-

480 5620 602 5659 rum
633 5606 915 5660 commoda
966 5611 1327 5677 supersedere
1359 5628 1373 5665 :
1425 5610 1607 5682 itaque
1643 5612 1777 5666 nihil
1809 5611 2046 5679 amplius

482 5712 726 5771 movere.
763 5699 925 5771 737
973 5702 1147 5773 Atque
1192 5697 1267 5758 illi
1310 5710 1458 5759 recte
1487 5704 1734 5775 proiecto
1760 5718 1879 5760 eam
1931 5719 2045 5759 rem

559 5812 636 5886 (i)
669 5812 940 5870 Theudor.
975 5816 1073 5871 Lb.
1107 5832 1166 5881 ll,
1208 5833 1305 5885 cap
1360 5817 1413 5873 9.

304 6539 1061 6546 —_—___—_—_

2137 4617 2288 4670 μενοι
2345 4598 2742 4669 παραιτοῦνται
2792 4600 2893 4667 τὴν
2926 4601 3233 4654 κοινωνίαν.
3284 4602 3595 4664 Ἀθανάσιος
3623 4602 3696 4663 δὲ,

2134 4691 2245 4744 Καὶ
2272 4689 2417 4759 μάλα
2442 4706 2506 4756 γε
2530 4690 2736 4743 δίκαιόν
2759 4707 2843 4744 σοι
2861 4690 3204 4760 πειθαρχεῖν,
3225 4691 3355 4759 ἔφη,
3379 4685 3427 4746 ὦ
3445 4692 3654 4762 βασιλεῦ
3680 4696 3695 4710 ⁶

2135 4785 2231 4837 καὶ
2259 4784 2360 4854 τὴν
2392 4783 2564 4852 αὐτὴν
2601 4783 3002 4853 παραπλησίως
3031 4780 3185 4847 αὖθις
3217 4786 3380 4853 χάριν
3418 4787 3509 4838 καὶ
3539 4783 3693 4844 αὐτὸς

2137 4875 2372 4929 ἀνταιτῶ
2394 4892 2410 4906 ·
2447 4872 2638 4944 ἐπειδὴ
2689 4874 2784 4928 καὶ
2810 4876 2868 4928 ὲν
2893 4877 2959 4944 τῇ
2997 4875 3274 4945 Ἀντιόχου
3316 4877 3425 4929 είσί
3456 4892 3613 4937 τινες,
3648 4871 3698 4925 οἶ

2137 4967 2237 5038 τὴν
2264 4965 2498 5019 ἐνταῦθα
2546 4966 2849 5036 ἱερωσύνην
2889 4967 3277 5035 ἐκτρέπονται,
3333 4968 3523 5020 κέλευε
3570 4966 3693 5033 μίαν

2139 5061 2238 5114 καὶ
2291 5059 2490 5119 αὐτοὺς
2544 5058 2843 5127 ἐκκλησίαν
2873 5058 3038 5127 ἔχειν,
3068 5059 3164 5110 καὶ
3223 5058 3395 5121 ἀδεῶς
3453 5058 3584 5126 αὐτῇ
3631 5059 3696 5107 τὰ

2144 5152 2368 5224 θυμήρη
2410 5150 2504 5203 καὶ
2534 5150 2765 5203 εἰωθότα
2811 5152 3007 5206 ποιεῖν.
3045 5149 3190 5217 Πρὸς
3214 5149 3376 5203 ,ταῦτ’
3408 5150 3699 5216 ἀντιλέγειν

2147 5243 2221 5313 μὴ
2270 5242 2412 5312 ἔχων
2467 5244 2494 5295 ὁ
2552 5241 2825 5310 βασιλεὺς.
2876 5240 3104 5307 ἄμεινον
3150 5240 3442 5308 ἐδοκίμαζε
3467 5242 3586 5301 τοὺς
3610 5236 3670 5289 δι’

2144 5334 2394 5397 ἐναντίας
2428 5332 2660 5402 ἡσυχίαν
2683 5332 2857 5399 ἄγειν,
2887 5333 2981 5383 καὶ
3007 5331 3081 5387 ὡς
3112 5331 3405 5399 ἀλυσιτελῆ
3432 5332 3528 5399 τὴν
3548 5330 3694 5396 αῖτη-

2146 5442 2233 5478 σιν
2260 5422 2686 5495 ὑπερτίθεσθαι·
2722 5424 2817 5474 καὶ
2863 5422 3017 5474 οὐδὲν
3053 5422 3215 5474 πλέον
3246 5422 3465 5475 ἐκίνουν
3490 5423 3689 5497 ἐκεῖνοι.

2150 5516 2260 5569 Καὶ
2294 5513 2404 5583 γάρ
2426 5529 2540 5575 πως
2575 5510 2756 5573 καλῶς
2781 5510 3088 5578 ἐλογίζοντο
3116 5511 3192 5573 ὡς
3225 5511 3383 5564 οὐδὲν
3410 5513 3603 5581 μᾶλλον
3630 5508 3695 5559 τὰ

2148 5606 2330 5658 αὐτῶν
2363 5604 2607 5657 ἐπίδοσιν
2639 5603 2699 5655 ὲν
2740 5601 3117 5671 Ἀλεξανδρεία
3148 5601 3285 5666 ἔξει,
3319 5602 3514 5664 ἱκανῶς
3554 5601 3694 5671 ἔχον-

2148 5716 2240 5765 τος
2278 5698 2595 5753 Ἀθανασίου
2627 5695 2686 5749 τό
2716 5712 2775 5748 τε
2824 5697 3022 5750 οἰκεῖον
3066 5696 3328 5766 ἀσφαλῶς
3375 5699 3575 5768 τηρεῖν,
3607 5692 3693 5746 καὶ
