3934 6542
194 389 275 457 3.9.l

1083 389 1698 471 ECCLESIASTlC/E
1740 389 2134 451 HISTORIAS
2175 389 2322 448 LlB.
2372 386 2477 446 IX.

3306 381 3417 447 322

193 500 521 570 τδὰλλότριον
550 496 1035 570 προσεπαγεσθαι.
1071 498 1138 553 Et
1180 499 1227 552 δ’
1264 502 1324 552 ἐν
1358 498 1663 570 Ἀντιοχείᾳ
1684 498 1743 551 τὸ

1853 508 2132 566 putarunt,
2165 497 2338 551 nihilo
2372 495 2587 551 scilicet
2621 493 2802 549 minus
2830 494 3173 549 Alexandriae
3209 511 3298 551 res
3325 511 3417 550 ca-

196 592 376 659 αἰτημα
402 587 647 658 γένηται,
674 590 791 644 τοϊς
818 588 1209 652 Εὐσταθιανοῖς
1235 591 1333 643 οὐκ
1358 588 1561 657 ὀλίγοις
1582 589 1734 643 οὖσιν

195 683 278 735 οὐκ
303 679 548 748 ἐλαχίστη
598 680 806 747 γένοιτ’
846 679 913 733 ἂν
969 682 1002 750 η
1070 666 1456 748 συγκρότησις.
1500 680 1659 743 Ἰσως
1688 680 1737 733 δ’

200 774 254 827 ἂν
281 773 365 826 καὶ
389 771 675 841 νεωτέρων
712 770 1029 841 πειραθεῖεν
1073 774 1418 843 πραγμάτων
1458 772 1733 837 ἐντεῦθεν,

201 864 298 919 ἐνόν
326 863 575 918 κινδύνων
626 866 755 918 ἄνευ
812 866 969 935 ἄγειν
1011 867 1147 937 ὅπερ
1196 868 1494 936 ἐκτήσαντο
1519 883 1533 897 ⁸
1566 867 1646 919 ὅτι
1673 883 1737 934 γε

200 961 277 1011 καὶ
298 959 405 1019 δέος
427 958 697 1026 ύφείρπεν
725 959 958 1021 ἐκείνοις
986 959 1085 1011 ούκ
1109 958 1349 1013 ἔλαττον.
1380 959 1598 1029 Καίπερ
1627 960 1738 1031 γὰρ

197 1052 288 1101 τῶν
318 1049 432 1119 τῇδε
461 1048 775 1118 ἐκκλησιῶν
802 1051 901 1120 τὴν
931 1051 1261 1104 ἐπιστασίαν
1296 1051 1530 1121 ἔχοντες,
1554 1051 1617 1101 οὐ
1646 1052 1736 1103 τὸν

199 1142 382 1194 ᾶπαντα
411 1139 613 1211 κλῆρον
646 1141 740 1195 καὶ
780 1142 911 1195 λαὸν
946 1144 1228 1213 πειθήνιον
1269 1137 1439 1213 εἶχον.
1483 1142 1595 1215 Τὴν
1631 1144 1738 1214 γὰρ

200 1232 435 1301 σφετέραν
479 1233 827 1303 προαίρεσιν,
863 1235 932 1306 ἢν
960 1237 1089 1304 περὶ
1116 1236 1176 1288 τὸ
1214 1236 1366 1288 Θεῖον
1398 1236 1629 1299 ἕκαστος
1660 1231 1736 1289 εἴ·

198 1343 275 1395 χον
302 1326 431 1378 κατὰ
466 1325 630 1394 χορὸν
672 1328 927 1391 ἑστῶτες,
966 1329 1101 1398 πρὸς
1139 1326 1218 1398 τῷ
1247 1328 1391 1381 τέλει
1422 1329 1699 1381 ἐδείκνυον
1720 1343 1735 1360 ⁸

199 1420 239 1471 cl
264 1417 351 1487 μὲν
393 1416 611 1487 Πατέρα
664 1420 764 1473 καὶ⁸
812 1418 943 1473 Υἱὸν
990 1421 1271 1490 ὀμοτίμως
1310 1420 1653 1486 δοξάζοντες,
1690 1422 1739 1473 oi

200 1511 244 1562 δι
273 1511 472 1579 Πατέρα
506 1512 566 1563 ἐν
588 1511 725 1583 Υίῷ,
759 1512 819 1565 τδ
848 1511 1151 1583 δευτερεῖον
1183 1513 1271 1566 διὰ
1301 1514 1401 1582 τῆς
1423 1514 1740 1584 προθέσεως

200 1603 528 1671 αἰνιττόμενοι
576 1603 654 1673 τῷ
711 1602 852 1674 Υίῷ.
883 1606 1068 1658 Ἀλλοι
1118 1607 1198 1671 δὲ,
1229 1606 1388 1671 Δόξα
1442 1606 1621 1675 Πατρί
1662 1606 1738 1662 δι’
1780 1658 1791 1667 ,

207 1689 321 1743 Υίοῦ
370 1691 437 1742 ἐν
467 1690 615 1760 ἁγίῳ
651 1692 975 1761 Πνεύματι,
1006 1692 1191 1760 ἔλεγον
1217 1708 1232 1723 ⁸
1278 1693 1426 1747 ἄλλοι
1459 1694 1537 1757 δὲ,
1583 1693 1741 1758 Δόξα

201 1782 352 1852 Harp!
410 1782 507 1836 καί
558 1781 668 1847 mp
711 1783 783 1838 ἐν
828 1784 974 1854 ἁγίῳ
1026 1787 1346 1855 Πνεύματι.
1405 1786 1631 1857 Πρῶτον
1681 1786 1738 1839 δέ

202 1892 311 1942 φασι
344 1877 557 1930 πάντων
587 1877 681 1929 τὸν
717 1877 1055 1947 Ἀντιοχείας
1085 1877 1386 1933 Φλαϐιανὸν
1424 1881 1611 1948 στῖφος
1638 1895 1738 1947 μο-

202 1966 356 2037 ναχῶν
409 1968 815 2037 συναγαγόντα,
866 1964 1165 2041 διαρρήδην
1214 1968 1554 2039 ἐκφωνῆσαι,
1585 1967 1742 2034 Δόξα

203 2061 352 2130 Harp!
385 2060 481 2116 καί
510 2060 620 2127 Υιῷ
650 2060 749 2116 καὶ
781 2063 930 2131 ἁγίῳ
970 2063 1294 2132 Πνεύματι.
1324 2061 1503 2133 Ὅπερ
1530 2062 1607 2125 ὡς
1638 2079 1744 2133 μη·
1788 2110 1792 2113 Α

202 2154 365 2223 ὰμίαν
412 2155 534 2227 ἔχον
583 2155 866 2219 ὑπόνοιαν,
910 2157 1035 2219 ταῖς
1076 2155 1397 2226 ἐκκλησίαις
1445 2154 1580 2209 Θεοῦ
1613 2156 1745 2208 ἐπε-

205 2246 434 2317 κράτησε.
473 2248 539 2301 'A
579 2246 718 2317 δῆτα
761 2245 902 2317 δρῶν
938 2244 1213 2311 Λεόντιος,
1252 2245 1484 2301 κωλύειν
1520 2246 1621 2316 μὲν
1645 2246 1746 2299 οὐκ

206 2336 375 2404 ιτόλμα
397 2336 522 2400 τοὺς
550 2338 691 2389 κατὰ
716 2336 819 2407 τὴν
850 2337 1148 2408 παράδοσιν
1176 2336 1275 2408 τῆς
1296 2335 1356 2389 ἐν
1384 2336 1589 2408 Νικαίᾳ
1621 2351 1748 2390 συν-

205 2427 301 2480 όδου
334 2428 423 2480 τδν
484 2428 621 2482 θεὸν
668 2426 1012 2499 ὑμνοῦντας⁸
1057 2429 1156 2499 τὴν
1211 2430 1321 2500 γὰρ
1372 2435 1563 2483 στάσιν
1591 2428 1747 2481 ὑπεί-

207 2519 332 2572 δετο·
360 2520 455 2573 καί
484 2520 601 2573 ποτ’
633 2518 984 2591 ἐφαψάμενον
1013 2521 1110 2592 τῆς
1136 2520 1378 2591 κεφαλῆς
1411 2520 1516 2574 ὑπὸ
1536 2521 1748 2582 πολιαῖς

209 2610 507 2681 ὲξανθούσης
565 2611 764 2681 θριξὶν,
797 2612 1048 2666 ἐπειπεῖν
1077 2628 1261 2682 φασιν,
1294 2611 1370 2675 ὡς
1417 2613 1529 2682 Τῆς
1566 2613 1745 2682 χιόνος

209 2701 380 2772 ταύτης
410 2701 691 2776 λυθείσης,
728 2704 892 2767 πολὺς
940 2704 1094 2758 ἔσται
1129 2704 1297 2772 πηλός
1330 2718 1345 2734 ⁸
1383 2703 1750 2775 αίνιττόμενος

210 2791 269 2854 ὡς
298 2795 327 2861 ἡ
354 2794 449 2861 τῆς
477 2794 788 2862 δοξολογίας
818 2793 1109 2862 διαφωνία,
1154 2796 1235 2858 είς
1271 2794 1461 2846 στάσιν
1483 2792 1559 2862 τῷ
1610 2792 1752 2862 πλή-

212 2882 280 2936 θει
304 2886 425 2936 ποτὲ
467 2885 786 2954 καταλήξει,
820 2884 955 2954 μηδὲ
985 2882 1093 2937 τῶν
1127 2883 1247 2936 κατ’
1284 2883 1448 2936 αὐτὸν
1476 2900 1752 2953 συμπερι-

214 2974 448 3042 φέρεσθαι
486 2976 564 3044 τῷ
613 2976 810 3045 πλήθει
849 2968 1215 3046 ἀνεχομένων.
1277 2964 1748 3037 Κωνστάντιοςδ

218 3065 477 3133 ἐγγράφως
509 3067 622 3125 τοῖς
659 3064 788 3133 περὶ
825 3062 1147 3116 Ἄθανάσιον
1177 3063 1304 3126 τοὺς
1357 3063 1583 3134 θρόνους
1616 3063 1752 3116 ἀπέ-

216 3154 353 3209 δωκε.
380 3157 774 3224 Προστᾶγμασι
817 3155 863 3208 δ’
891 3156 1105 3209 ἐκείνου
1152 3152 1233 3218 είς
1265 3156 1388 3218 τοὺς
1423 3155 1603 3208 αὐτῶν
1630 3155 1753 3226 θρό-

216 3263 317 3309 νους
343 3248 593 3315 ἐφοίτων,
628 3248 666 3301 ἃ
705 3247 957 3300 ἐκέλευον
984 3244 1238 3316 ἀσμένως
1266 3247 1464 3309 αὐτοὺς
1495 3248 1754 3317 ύποδέχε-

218 3341 340 3394 σθαι.
355 3337 472 3395 Καὶ
512 3343 827 3413 ’Ἀσκληπᾶν
854 3343 951 3412 μὲν
973 3342 1214 3412 εὐχερῶς
1237 3341 1456 3403 Γαζαῖοι
1480 3341 1754 3412 ἐδέχοντο⁸

1770 1845 1814 1899 Β

219 3432 455 3497 ὡσαύτως
481 3436 539 3488 δέ
570 3440 665 3488 καὶ
701 3428 935 3491 Λούκιον
977 3438 1068 3488 τὶν
1108 3435 1624 3507 Ἀδριανουπόλεως.
1667 3430 1756 3486 Ἐν

218 3523 255 3575 δ’
293 3524 528 3597 Ἀγκύρᾳ
584 3528 848 3590 εἰσιόντος
873 3526 1202 3597 Μαρκέλλου
1237 3528 1325 3580 διὰ
1361 3527 1661 3591 Βασίλειον,
1694 3526 1752 3579 ού

225 3619 410 3686 σμικρὰ.
458 3619 716 3686 κεκίνητο
773 3617 1023 3687 ταραχή⁸
1081 3618 1115 3687 ἥ
1180 3617 1450 3688 πρόφασις
1498 3615 1759 3684 λοιδορεῖν

225 3708 421 3775 ἐγένετο
449 3712 559 3774 τοῖς
581 3709 947 3773 ὑπεναντίοις.
980 3708 1156 3763 Ἐκὼν
1200 3709 1257 3761 δὲ
1303 3710 1398 3762 καὶ
1428 3708 1759 3771 Μακεδόνιος

225 3800 397 3872 Παύλῳ
420 3800 613 3872 ἐξέστη
663 3801 757 3855 τού
788 3801 977 3872 θρόνου
999 3815 1013 3832 ⁸
1049 3801 1141 3855 καὶ
1200 3798 1419 3865 ίδιάςων
1464 3801 1552 3854 ἐπ’
1577 3801 1758 3869 ὀλίγου

223 3894 298 3944 ἐπί
322 3910 423 3946 τινι
451 3894 597 3947 ἔνδον
627 3893 726 3964 τῆς
778 3894 985 3957 πόλεως
1020 3891 1193 3962 σηκῷ,
1232 3894 1452 3959 σύναξιν
1500 3895 1759 3947 ἐποιεῖτο.

224 3982 288 4035 Ού
316 3983 415 4052 μὴν
460 3982 519 4036 δὲ
575 3985 671 4036 καὶ
714 3982 1020 4051 Ἀθανασίῳ
1051 3982 1260 4052 χαλεπὴ
1307 3980 1341 4050 ἡ
1374 3983 1453 4043 είς
1481 3981 1762 4048 Αἴγυπτον

227 4073 411 4136 εἴσοδος
450 4074 714 4141 ἐγεγόνει,
762 4073 845 4125 Δι’
888 4072 1177 4142 ἐπιστολῆς
1208 4072 1319 4142 γὰρ
1365 4071 1455 4125 τὸν
1490 4070 1762 4141 Γεώργιον

227 4165 412 4217 ἐκεῖθεν
442 4167 817 4228 Κωνστάντιος
866 4164 1252 4235 μετεστέλλετο
1278 4176 1293 4192 ⁸
1321 4164 1349 4214 ὀ
1384 4164 1429 4216 δ’
1464 4166 1522 4215 ἐν
1553 4165 1618 4233 τῇ
1655 4179 1763 4215 πα-

226 4256 347 4323 τρίδι
378 4258 719 4326 χαλεπαίνων
767 4258 1028 4327 ἀφίκετο·
1082 4250 1247 4336 κάκεῖ
1296 4256 1482 4323 διῆγεν
1538 4260 1764 4307 ἐπισκο-

227 4348 476 4416 πούμενος
524 4351 592 4403 τὰ
647 4349 773 4403 καθ’
800 4351 1011 4404 ἑαυτόν.
1053 4349 1277 4419 Ἐκείνῳ
1304 4348 1348 4401 δ’
1384 4348 1547 4417 ἕτερα
1581 4347 1765 4418 γράμ-

230 4456 357 4508 ματα
388 4444 704 4512 παρασχὼν,
736 4444 834 4513 τὴν
870 4443 972 4495 ἐπ’
1009 4442 1223 4510 ἐκείνην
1269 4442 1571 4511 ἐπέτρεπεν
1622 4442 1765 4493 εἰσο-

1837 592 2167 647 thulicorum
2228 591 2629 645 incrementum
2692 603 2851 642 suum
2918 589 3242 650 habituras,
3284 604 3413 644 cum

1836 683 2171 738 Athanasius
2202 698 2317 737 .non
2349 682 2526 736 solum
2571 698 2702 736 suos
2742 698 2769 735 a
2811 682 3056 751 periculo
3089 682 3256 742 tueri,
3315 680 3414 736 sed

1837 776 2045 829 alienos
2071 777 2232 829 etiam
2264 774 2330 827 ad
2365 789 2424 827 se
2454 774 2695 835 allicere,
2728 789 2826 842 pro
2866 772 3129 827 industria
3159 789 3255 826 sua
3279 782 3417 841 ‘pos-

1840 876 1940 919 set.
1978 865 2034 918 Si
2066 879 2195 918 vero
2251 864 2580 925 Antiochiae,
2621 864 2764 933 quod
2809 864 2903 918 ille
2936 863 3178 933 petebat,
3235 863 3413 925 lieret,

1840 972 1946 1011 non
1982 960 2174 1026 exigua
2214 964 2504 1025 augmenta
2522 954 2940 1016 Eustathiauis,
2967 955 3060 1023 qui
3100 970 3209 1008 non
3253 954 3414 1023 pauci

1839 1053 2045 1105 essent.
2095 1060 2402 1101 accessura.
2432 1043 2497 1098 El
2556 1043 2789 1098 fortasse
2847 1059 2942 1097 eos
2967 1044 3034 1097 ad
3099 1059 3187 1097 res
3246 1059 3415 1098 novas

1840 1141 2179 1212 aspiraturns
2202 1156 2345 1201 esse,
2388 1155 2511 1194 cum
2556 1139 2675 1192 sine
2708 1138 2952 1209 periculo
3007 1152 3127 1205 quae
3184 1154 3419 1192 consue-

1840 1235 2068 1294 vissent,
2090 1248 2251 1303 agere
2283 1242 2525 1303 possent.
2560 1231 2652 1285 Ille
2673 1247 2892 1302 quoque
2923 1246 3031 1285 non
3079 1231 3261 1284 minor
3303 1246 3417 1283 me~

1843 1334 1928 1380 tus
1955 1326 2168 1379 animos
2198 1340 2389 1379 eorum
2427 1324 2617 1389 subiit,
2649 1324 2795 1393 quod
2853 1325 3067 1378 etiamsi
3123 1339 3292 1392 penes
3322 1338 3421 1376 eos

1841 1418 2198 1472 ecclesiarum
2227 1418 2365 1488 Peius
2407 1416 2514 1471 loci
2552 1426 2790 1487 potestas
2838 1429 3051 1468 suuuna
3103 1424 3273 1476 esset,
3307 1429 3419 1465 non

1841 1522 2058 1564 omnem
2089 1517 2267 1563 tamen
2296 1510 2503 1564 clerum
2548 1519 2598 1562 et
2634 1506 2892 1578 pepulum
2938 1504 3284 1560 obedientem
3319 1504 3421 1556 ha-

1848 1600 2066 1655 berent.
2086 1599 2427 1657 Sententiam
2472 1601 2615 1654 enim
2637 1616 2796 1668 quam
2832 1600 3063 1669 quisque
3084 1600 3150 1653 de
3184 1598 3295 1652 Deo
3323 1597 3421 1650 ob-

1845 1693 2064 1758 tineret,
2099 1693 2152 1746 in
2181 1692 2350 1747 choro
2402 1701 2632 1757 stantes,
2676 1692 2741 1744 ad
2775 1691 2938 1744 linem
2979 1691 3291 1759 psalmodize
3323 1689 3422 1742 de-

1844 1786 2145 1856 clarabant.
2175 1784 2405 1852 Quidam
2441 1786 2584 1838 enim
2619 1785 2830 1838 Patrem
2878 1791 2935 1837 et
2972 1782 3168 1836 Filium
3219 1782 3412 1835 eodem

1844 1879 2054 1933 honore
2083 1878 2444 1940 celebrantes,
2480 1876 2726 1930 nonnulli
2762 1874 2977 1929 Patrem
3012 1874 3067 1927 in
3103 1874 3420 1941 Filio(pra:-
3480 1880 3485 1885 '

1845 1969 2115 2042 positiOne
2151 1970 2434 2039 interiecta
2461 1968 2755 2024 obscurius
2781 1967 3054 2022 secundas
3075 1977 3254 2035 partes
3276 1962 3418 2019 Filio

1847 2061 2203 2132 tribuentes).
2237 2061 2350 2125 alii,
2375 2059 2561 2116 Gloria
2598 2054 2756 2113 Patri
2780 2075 2875 2130 per
2904 2057 3104 2112 Filium
3130 2058 3185 2110 in
3217 2055 3419 2126 Spiritu

1844 2165 2070 2213 sancto:
2125 2153 2346 2223 quidam
2389 2153 2579 2217 etiam,
2623 2150 2806 2205 Gloria
2862 2150 3015 2204 Patri
3079 2158 3127 2204 et
3160 2148 3305 2203 Filio
3361 2154 3416 2203 in

1847 2250 2055 2320 Spiritu
2089 2257 2294 2311 sancto,
2331 2244 2622 2299 canebant.
2673 2243 2919 2298 Primum
2957 2240 3202 2295 omnium
3241 2242 3423 2294 lerunt

1846 2339 2252 2394 Antiochcnum
2279 2336 2601 2405 episcopum
2631 2333 2950 2388 Flavianum
2970 2371 2986 2396 ,
3021 2336 3417 2386 monachorum

1849 2441 2036 2484 coacta
2099 2439 2320 2483 caterva
2365 2427 2518 2496 clare
2571 2423 3129 2480 accinuissezctoria
3188 2424 3340 2476 Patri
3371 2433 3422 2476 et

1848 2521 1984 2577 Filio
2009 2530 2056 2574 et
2088 2518 2315 2590 Spiritui
2342 2527 2548 2572 sancto.
2584 2515 2737 2584 Quod
2774 2519 3020 2587 quidem,
3054 2527 3111 2571 ut
3156 2519 3291 2571 nihil
3329 2518 3425 2570 hac

1851 2615 1988 2671 hens
2014 2614 2366 2681 suspicionis,
2413 2612 2467 2666 in
2501 2612 2753 2666 ecclesiis
2783 2610 2877 2664 Dei
2913 2612 3172 2664 obtinuit.
3204 2611 3260 2666 ιιι
3292 2625 3424 2663 vero

1850 2704 2113 2758 Leontius
2137 2703 2342 2764 videns,
2365 2701 2616 2763 inhibeer
2633 2717 2730 2755 eos
2753 2703 2844 2770 qui
2867 2702 3020 2772 juxta
3042 2694 3270 2755 Nicaeum
3295 2698 3420 2753 ﬁdei

1852 2796 2201 2851 traditionem
2247 2794 2415 2847 Deum
2462 2793 2722 2846 laudibus
2749 2793 3250 2862 prosequebantur,
3311 2808 3422 2846 non

1851 2885 2107 2948 audebat,
2137 2883 2461 2937 seditionem
2496 2882 2712 2935 timens.
2733 2881 2912 2950 Atque
2943 2883 3238 2951 aliquando
3258 2891 3424 2950 caput.

1853 2978 2006 3033 canis
2032 2976 2326 3030 ﬂorescens
2364 2989 2527 3027 manu
2565 2973 2885 3028 demulceus
2908 3012 2922 3034 ,
2973 2973 3176 3027 dixisse
3224 2975 3423 3038 fertur,

1852 3071 2034 3125 nivem
2069 3084 2189 3121 eam
2226 3068 2456 3120 solutam
2494 3067 2670 3120 lutum
2723 3067 2952 3119 multum
3001 3064 3426 3120 subsecuiurum

1781 3179 1825 3240 ο
1856 3175 1975 3214 esse
2004 3177 2019 3214 :
2055 3159 2341 3227 aenigmate
2364 3157 2655 3212 obscurius
2695 3158 3055 3212 subindicaus
3084 3199 3097 3220 ,
3135 3158 3427 3212 dissonan-

1856 3254 1986 3308 tiam
2039 3252 2352 3306 celebrandi
2388 3249 2480 3304 Dei
2532 3250 2675 3319 apud
2725 3252 2987 3318 populum
3021 3251 3317 3318 aliquando
3368 3251 3424 3304 in

1856 3345 2176 3400 seditionem
2203 3358 2516 3407 evasuram,
2572 3358 2748 3409 neque
2778 3358 2874 3395 eos
2903 3343 2996 3411 qui
3029 3342 3281 3395 factionis
3317 3357 3430 3396 sua:

1857 3445 2062 3499 essent,
2101 3451 2222 3489 cum
2252 3436 2460 3504 reliqua
2492 3435 2845 3488 multitudine
2878 3450 3265 3488 consensuros.
3283 3433 3429 3489 Con-

1859 3529 2094 3584 stantius
2145 3525 2443 3581 Athanasio
2482 3535 2538 3581 et
2577 3529 2722 3591 aliis,
2747 3529 2970 3593 scripto
2994 3542 3215 3596 quoque
3260 3527 3431 3591 edito,

1860 3622 2119 3676 ecclesias
2147 3636 2275 3674 suas
2302 3620 2609 3675 reddendas
2632 3629 2848 3675 curavit
2879 3638 2890 3673 :
2926 3636 3050 3673 cum
3085 3635 3194 3688 quo
3224 3630 3432 3688 scrtplo

1862 3710 2105 3783 (iubebat
2128 3711 2273 3764 enim
2310 3724 2406 3763 eos
2427 3726 2536 3763 non
2569 3721 2791 3780 gravate
2822 3709 3092 3779 recipere)
3125 3710 3200 3764 illi
3247 3714 3299 3763 in
3330 3726 3429 3762 va-

1799 3873 1802 3876 ,
1861 3819 2021 3859 cuam
2063 3802 2277 3858 sedium
2343 3816 2565 3856 suarum
2615 3802 3019 3870 possessionem
3071 3801 3311 3854 rediere.
3362 3800 3431 3854 Et

1860 3898 2144 3966 Asclepam
2173 3894 2350 3949 ϐειιωὶ
2387 3894 2546 3948 facile
2573 3894 2870 3948 admisere.
2905 3894 3096 3947 Itidem
3146 3904 3201 3947 et
3234 3892 3432 3946 Adria-

1862 3988 2119 4056 nopolitae
2172 3983 2421 4039 Lucium.
2475 3984 2703 4055 Ancyrae
2737 4000 2886 4049 vero,
2930 3983 3190 4037 Marcello
3240 3999 3434 4036 rever-

1864 4089 2032 4144 tente,
2066 4086 2288 4148 propter
2312 4076 2572 4130 Basilium
2610 4076 2829 4144 pulsum
2874 4090 2982 4127 non
3017 4090 3218 4142 parvus
3249 4074 3437 4127 conci-

1826 4180 2012 4238 ,tatus
2048 4179 2133 4224 est
2166 4180 2347 4222 motus
2376 4184 2390 4221 :
2418 4167 2511 4236 qui
2556 4176 2737 4221 motus
2766 4165 3095 4218 adversariis
3132 4161 3199 4216 ad
3244 4164 3433 4218 convi-

1864 4262 2118 4315 ciandum
2151 4258 2771 4329 prwbuttoccasionem.
2812 4259 2928 4312 Non
2956 4256 3162 4310 invitus
3210 4272 3430 4326 quoque
3534 4283 3542 4293 -

1868 4353 2035 4408 Paulo
2083 4351 2434 4406 Macedonius
2479 4351 2731 4402 thronum
2780 4349 3075 4410 concessit,
3111 4358 3166 4399 et
3201 4364 3307 4399 non
3361 4349 3431 4399 ita

1868 4449 1961 4502 diu
2007 4428 2237 4502 seorsim
2278 4447 2330 4499 in
2369 4445 2599 4498 delubro
2629 4445 2888 4512 quodam,
2913 4444 3051 4496 intra
3085 4442 3276 4494 urbem
3308 4457 3438 4511 syn-

227 4530 322 4595 δον,
348 4532 576 4585 κελεύων
602 4533 779 4585 καὶτὰ
806 4531 1114 4584 κατ’·αύτοῦ
1134 4531 1406 4598 διαφόρως
1431 4528 1752 4600 πραχθέντα,

1870 4538 2013 4590 asini
2038 4546 2091 4590 et
2119 4546 2421 4590 conventus
2454 4534 2583 4603 egit.
2608 4532 2685 4587 Ne
2744 4535 2842 4603 ipsi
2890 4534 3108 4602 quidem
3140 4532 3440 4586 Athanasio

232 4621 447 4694 ἀφανείᾳ
494 4623 887 4694 παραδοθῆναι.
942 4618 1022 4675 Τὰ
1083 4622 1138 4674 δὲ
1197 4623 1502 4692 γράμματα
1550 4624 1646 4674 καὶ
1702 4625 1752 4694 τῇ

1871 4625 2108 4681 diliicilis
2142 4627 2196 4680 in
2228 4625 2522 4697 Egyptum
2565 4626 2774 4681 reditus
2807 4626 2929 4679 fuit.
2963 4626 3126 4694 738
3170 4626 3439 4680 Constan-

234 4712 424 4784 ἱστορίᾳ
456 4715 670 4778 ἐντάξαι
700 4715 905 4767 δίκαιον
931 4716 1181 4784 ἦγημαν
1218 4714 1400 4781 ἔχουσι
1439 4711 1495 4764 δὲ
1522 4703 1623 4764 ὦδε
1648 4729 1664 4744 ⁸

1874 4720 1985 4772 tius
2005 4718 2154 4771 enim
2184 4733 2281 4787 per
2320 4719 2609 4787 epistolam
2655 4718 2950 4787 Georgium
2987 4726 3261 4770 acciverat
3300 4736 3314 4770 :
3348 4715 3441 4783 qui

234 4806 279 4858 iu
324 4807 542 4877 patriam
591 4808 1032 4877 indignabundus
1085 4807 1399 4873 profectus,
1458 4805 1532 4859 ibi
1571 4799 1756 4860 'vitam
1797 4810 1927 4879 egit,
1983 4825 2112 4864 suas
2165 4811 2269 4865 sibi
2356 4827 2443 4866 res
2487 4827 2700 4882 gerens.
2764 4812 3067 4864 Athanasio
3128 4824 3257 4863 vero
3307 4809 3444 4863 alias

232 4904 376 4959 etiam
405 4907 608 4959 litteras
637 4903 989 4960 Constantius
1017 4901 1189 4966 dedit,
1220 4904 1419 4972 quibus
1481 4904 1530 4956 ei
1600 4903 1841 4957 reditum
1883 4907 2136 4975 permisit
2168 4926 2183 4961 :
2211 4918 2265 4961 et
2292 4923 2355 4962 ea
2381 4923 2501 4977 quae
2532 4910 2697 4962 variis
2726 4908 2902 4961 modis
2933 4907 2985 4960 in
3006 4907 3230 4976 judiciis
3254 4915 3443 4959 contra

234 5013 343 5079 ουρ)
382 5012 523 5072 gesta
566 5002 802 5067 fuerant,
855 5001 1060 5055 aboleri
1106 5010 1270 5069 atque
1303 4998 1568 5053 oblivioni
1623 4999 1765 5053 tradi
1835 5000 2021 5072 jussit.
2054 5003 2290 5059 Litteras
2322 5020 2438 5071 eas,
2466 5014 2631 5069 atque
2677 5004 2865 5059 itidem
2904 5005 3126 5065 alteras,
3190 5003 3283 5058 hic
3315 5004 3447 5057 sub-

237 5093 471 5151 iiciendas
493 5110 610 5151 esse
636 5094 787 5162 duxi,
827 5110 946 5165 qua:
971 5096 1051 5148 sic
1083 5090 1321 5147 habent:

789 5209 1041 5262 ΚΕΦΑΔ.
1070 5205 1198 5262 κε’.

247 5324 552 5395 Ἐπιστολή
601 5324 1023 5380 [intrarat-ttat:
1072 5293 1582 5391 ’ᾼλεεανδρεῦσιν
1624 5319 1780 5388 ὑπὲρ

819 5395 1193 5449 Ἀθανασίου.

307 5524 326 5557 ι
361 5507 593 5580 Νικητὴς
615 5509 1000 5570 Κωνστάντιος
1027 5508 1298 5574 Μέγιστος
1338 5505 1611 5565 Σεῦαστδς
1661 5506 1780 5559 ἐπι-

246 5600 448 5660 σκόποις
466 5605 552 5654 καὶ
574 5602 970 5672 πρεσϐυτέροις
985 5602 1087 5671 τῆς
1110 5599 1407 5668 καθολικῆς
1443 5597 1777 5666 Ἑκκλησίας

254 5688 653 5762 ’Δλεξανδρείας.
704 5692 823 5747 οὐκ
852 5692 1155 5761 ἀπελείφθη
1188 5691 1285 5761 τῆς
1317 5689 1410 5742 τοῦ
1453 5689 1589 5741 Θεοῦ
1621 5689 1780 5758 χάρι-

246 5795 325 5846 τος
365 5785 393 5836 ό
426 5785 839 5859 αίδεσιμώτατος
875 5784 1031 5853 ὑμῶν
1081 5785 1385 5846 ἐπίσκοπος
1420 5781 1736 5845 ’Δθανάσιος
1759 5797 1773 5811 ⁸

2439 5206 2664 5262 CAPUT
2715 5205 2881 5262 XXV.

1999 5316 2243 5389 Epistola
2285 5316 2589 5373 Constantii
2656 5321 2725 5372 ad
2777 5280 3166 5375 Alexandrinos
3232 5335 3329 5387 pro

2509 5391 2820 5444 Athanasio.

1950 5501 2186 5559 «Victor
2233 5489 2628 5558 Constantinus
2680 5504 2945 5560 Maximus
3000 5506 3278 5573 Augustus
3332 5504 3450 5574 epi-

1881 5595 2066 5663 scopis
2127 5604 2184 5648 et
2218 5596 2555 5666 presbyteris
2586 5596 2868 5652 catholicae
2903 5598 3163 5653 Ecclesia:
3214 5598 3453 5653 Alexan-

1885 5687 2079 5740 drina.
2132 5684 2253 5739 Non
2289 5686 2588 5740 destitutus
2621 5696 2706 5740 est
2734 5686 2919 5741 divina
2973 5688 3314 5757 benignitate
3362 5701 3453 5743 re-

1885 5778 2315 5835 verendissimus
2373 5779 2661 5848 episcopus
2689 5790 2870 5835 vester
2921 5780 3294 5837 Athanasius:
3350 5777 3451 5836 sed
