3934 6550
452 328 551 392 3⁵23

1570 340 1575 347 ’
1620 329 2037 393 ΝΠΣΕΡῙῘΟῘΠ
2081 333 2423 398 CALLISTI

3589 341 3710 411 324

451 442 696 512 quamvis
735 442 801 498 ad
860 443 1025 498 breve
1054 450 1270 513 tempus
1321 429 1595 499 humanae.
1625 445 1871 515 objcctus
1926 456 2012 501 est

2129 447 2233 502 ὶλλ’
2265 450 2313 501 εί
2344 465 2439 503 και
2472 447 2667 519 βραχεῖ
2690 449 2867 520 χρόνῳ
2909 451 2974 521 τῇ
3009 451 3129 504 κατ’
3182 449 3503 523 ἀνθρώπους
3549 453 3712 507 δοκι-

451 536 839 603 cxploratinni,
899 546 1082 589 tamen
1119 535 1363 589 debitum
1434 536 1503 589 ab
1556 552 1616 590 ea
1670 552 1791 605 qua:
1836 537 2018 591 omnia

451 627 677 695 respicit
738 626 1090 680 Providentia
1155 625 1281 679 tulit
1346 624 1641 686 calculum.
1738 626 2020 682 voluntate

452 718 544 771 Dei
588 717 664 787 (l)
697 729 755 771 et
780 717 986 788 judicio
1016 727 1207 772 nostro
1239 718 1413 786 patria
1450 718 1611 773 simul
1647 725 1704 771 et
1737 718 1973 773 ecclesia
2002 758 2017 781 .

454 811 613 877 cujus
654 809 980 877 [travl‘ectura
1010 809 1197 863 divino
1226 810 1275 863 ei
1313 819 1450 863 nutu
1486 809 1739 877 contigit,
1772 820 2015 879 recepta.

453 900 623 966 Quem
646 917 862 969 aequum
888 902 1011 961 fuit.
1051 910 1112 955 ut
1140 901 1408 957 sententia
1435 915 1804 957 consentanea
1831 913 2018 958 nostra

456 1008 677 1062 quoque
714 992 1027 1046 imitaretur
1081 992 1488 1047 mansuetudo:
1526 994 1781 1048 videlicet
1815 1004 1872 1047 ut
1902 1010 2023 1047 ont-

456 1086 544 1138 nia
578 1102 701 1153 qua:
728 1086 961 1139 antehac
992 1094 1181 1139 contra
1210 1100 1306 1138 cos
1329 1086 1423 1154 qui
1458 1101 1583 1140 cum
1622 1086 1740 1150 ipso
1767 1102 2018 1139 commu-

456 1178 623 1229 nione
679 1178 760 1228 usi
795 1186 995 1234 essent.
1060 1178 1277 1231 decreta
1325 1188 1474 1242 sunt,
1529 1192 1677 1232 nunc
1746 1180 2022 1235 oblivione

458 1270 871 1333 oblitterentur,
933 1271 1289 1339 suspicioque
1339 1270 1606 1325 adversus
1657 1287 1781 1326 eum
1844 1273 2024 1328 omnis

459 1363 719 1431 deinceps
754 1363 1085 1417 intercidat:
1119 1373 1174 1417 et
1223 1364 1557 1431 immunitas,
1592 1381 1753 1432 quam
1816 1366 2021 1420 dudum

455 1456 703 1524 quicum
755 1470 821 1509 co
847 1455 1000 1509 fuere
1030 1456 1218 1511 clerici
1276 1456 1537 1523 habuere,
1595 1472 1694 1527 pro
1745 1474 1813 1514 eo
1861 1465 2025 1528 atque

457 1546 637 1610 decet,
666 1546 865 1601 litteris
896 1547 1047 1601 bisce
1072 1549 1451 1603 contirmetur.
1484 1548 1626 1616 Quin
1654 1560 1709 1603 et
1742 1548 1876 1603 illud
1924 1564 2026 1603 no-

460 1648 588 1692 stra:
647 1652 774 1706 erga
835 1653 960 1691 eum
1025 1639 1351 1710 benignitati
1407 1641 1604 1694 merito
1660 1641 2023 1703 adjiciendum

2128 540 2301 610 μασίᾳ
2329 540 2632 611 ὐπεδλήθη,
2672 541 2824 610 ὅμως
2868 540 2970 613 τὴν
3008 540 3372 612 ὀφειλομένην
3414 545 3572 614 παρὰ
3600 545 3716 612 τῆς

2125 630 2468 700 παντεςρόρου
2504 631 2767 700 Προνοίας
2797 632 3150 702 ἀπηνέγκατο
3170 633 3373 703 ψῆφον,
3402 634 3717 687 ἀπολαϐὼν

2124 721 2380 791 βουλήσει
2434 721 2529 776 τοῦ
2593 723 2904 793 κρείττονος
2931 724 3026 777 καὶ
3077 724 3258 795 κρίσει
3313 726 3566 795 ἡμετέρα
3600 727 3715 791 τὴν

2125 811 2362 879 πατρίδα
2391 811 2526 881 ὁμοῦ
2560 814 2653 864 καὶ
2687 811 2785 882 τὴν
2818 813 3167 884 Ἐκκλησίαν,
3210 810 3278 888 ἦς
3307 815 3438 884 θείῳ
3462 816 3716 882 νεύματι

2128 904 2442 973 προστάτης
2476 902 2764 973 ἐτύγχανε.
2798 902 2985 972 Τούτῳ
3008 905 3075 958 τὰ
3107 906 3377 960 ἀκόλουθα
3411 907 3525 959 ἔδει
3550 911 3716 977 παρα

2124 993 2223 1062 τῆς
2254 996 2528 1064 ἡμετέρας
2568 994 2810 1065 ὑπάρξαι
2864 998 3200 1066 πραότητοςο
3237 997 3379 1050 ὥστε
3415 999 3607 1052 πάντα
3646 1001 3721 1051 τά

2130 1082 2239 1150 πρὸ
2266 1080 2455 1136 τούτου
2491 1083 2633 1135 κατὰ
2671 1084 2779 1135 τῶν
2829 1082 2978 1153 αὐτῷ
3023 1086 3506 1155 κεκοινωνηκότων
3574 1085 3723 1156 ὠρι-

2129 1174 2301 1243 σμὲνα
2340 1173 2433 1225 νῦν
2462 1173 2737 1245 ἀμνηστίᾳ
2753 1173 3227 1245 παραδοθήσεσθαι
3246 1193 3261 1209 ο
3284 1178 3463 1232 πᾶσάν
3482 1195 3549 1232 τε
3578 1178 3723 1233 ὐπο-

2126 1265 2259 1333 ψίαν
2289 1264 2388 1335 τὴν
2423 1265 2545 1318 κατ’
2600 1266 2764 1319 αὐτοῦ
2824 1267 3084 1336 σχολάσαι
3136 1268 3230 1322 τοῦ
3261 1269 3479 1324 λοιποῦο
3510 1276 3623 1339 τήν
3654 1289 3719 1324 τε

2128 1355 2382 1423 ἀτέλειαν
2424 1352 2497 1429 ἧς
2524 1355 2720 1428 ἔτυχον
2766 1358 2936 1411 πάλαι
2993 1360 3043 1413 οι
3090 1360 3206 1430 ἃμα
3242 1362 3390 1432 αὐτῷ
3441 1364 3722 1433 κληρικοὶ

2129 1446 2341 1510 τούτοις
2372 1446 2739 1516 βεϐαιωθῆναι
2773 1450 3183 1520 προσηκόντως.
3224 1452 3385 1507 ’Δλλὰ
3445 1454 3561 1523 μὴν
3614 1458 3720 1508 καὶ

2127 1538 2287 1592 τοῦτο
2318 1541 2386 1610 τῇ
2412 1541 2490 1602 είς
2531 1540 2695 1593 αὐτὸν
2723 1541 2908 1611 χάριτι
2950 1543 3318 1613 προστεθῆναι
3369 1545 3723 1598 ὲδικαιώσα-

2134 1639 2275 1693 μεν·
2304 1622 2444 1678 ῶστε
2490 1628 2699 1689 πάντας
2748 1629 2871 1691 τοὺς
2906 1631 3002 1683 τοῦ
3058 1631 3206 1703 ίεροῢ
3256 1634 3572 1701 καταλόγου
3626 1652 3723 1702 γιι-

457 1746 579 1785 esse
603 1730 995 1800 jndicavimus,
1027 1740 1085 1784 ut
1114 1732 1384 1794 universi,
1426 1733 1521 1802 qui
1547 1733 1599 1787 in
1639 1732 1777 1786 sacri
1812 1732 2019 1786 ordinis

2132 1717 2401 1777 νώσκειν.
2459 1719 2763 1773 ἐνδεδύσθαι
2810 1722 2871 1775 τὸ
2922 1725 3126 1794 ἄφοδον
3178 1728 3313 1779 πᾶσι
3368 1729 3485 1790 τοῖς
3549 1728 3720 1796 αὐτῷ

452 1822 577 1874 albo
597 1830 746 1883 sunt,
780 1829 1114 1891 cognoscant
1142 1821 1493 1876 securitatem
1555 1822 1839 1876 adauctam
1890 1837 2015 1879 esse

450 1913 731 1976 omnibus,
764 1916 856 1982 qui
893 1915 944 1968 ei
1004 1914 1158 1969 fuere
1198 1916 1502 1984 conjuncti,
1550 1915 1826 1985 episeOpis
1853 1915 2016 1969 simul

450 2014 506 2060 et
532 2005 769 2059 clericis.
806 2005 1030 2060 Certum
1073 2022 1203 2059 vero
1233 2008 1665 2078 uniuscujusque
1698 2017 1862 2062 rectae
1887 2023 2013 2061 sen-

453 2100 638 2151 tentia!
683 2098 947 2152 indicium
980 2098 1106 2163 erit,
1133 2098 1178 2153 si
1209 2114 1331 2153 cum
1384 2099 1489 2154 hoc
1546 2101 1730 2153 unitus
1787 2099 2020 2170 conjun-

458 2202 695 2259 crusque
737 2190 923 2244 fuerit.
958 2190 1286 2261 Quicunque
1318 2190 1460 2246 enim
1487 2192 1696 2246 meliori
1722 2191 1931 2262 judicio
1965 2200 2019 2245 et

454 2281 704 2352 opinioni
734 2282 941 2338 addicti
989 2283 1433 2337 communionem
1474 2282 1645 2351 ipsius
1681 2283 2015 2351 sequendam

454 2376 559 2431 sibi
592 2376 913 2446 delegerint,
945 2392 1043 2431 eos
1081 2393 1271 2432 omnes
1302 2377 1368 2432 ad
1405 2377 1848 2443 similitudinem,
1896 2393 2016 2445 quzc

457 2479 559 2517 nos
595 2463 882 2531 praevenit,
910 2465 1293 2534 providentia,
1327 2466 1429 2520 hac
1456 2476 1664 2525 nostra.
1691 2466 1785 2520 Dei
1822 2468 2016 2519 volun-

457 2563 568 2607 tate
593 2553 839 2607 exhibita
872 2555 1044 2623 gratia
1074 2562 1128 2607 et
1178 2554 1519 2623 benignitate
1579 2554 1790 2625 perfrui
1845 2555 2013 2623 jnSsi-

453 2659 596 2696 mus.
621 2643 807 2698 Victor
840 2642 1235 2695 Constantinus
1260 2641 1529 2696 Maximus
1590 2642 1792 2712 populo
1823 2641 2015 2695 catho-

456 2735 575 2789 licae
613 2733 870 2789 Ecclesiae
903 2734 1307 2788 Alexandrinae.
1339 2732 1516 2799 Quum
1541 2734 1595 2786 in
1638 2734 1804 2788 rebus
1839 2733 2015 2786 omni-

452 2830 558 2883 bus
582 2827 866 2897 proposita
902 2827 1063 2881 nobis
1102 2828 1173 2879 sit
1202 2835 1403 2884 vestra,
1442 2839 1563 2893 qua
1603 2840 1668 2877 ex
1699 2836 1846 2878 recta
1875 2823 2016 2894 juris

454 2920 748 2989 lcgumque
776 2919 1178 2972 constitutione
1210 2917 1481 2984 provenit,
1521 2915 1754 2970 felicitas
1778 2955 1793 2975 .
1817 2926 1873 2969 et
1904 2931 2014 2969 non

456 3014 795 3081 ignoremus,
830 3012 963 3065 satis
993 3011 1083 3063 diu
1144 3008 1387 3077 episcopi
1420 3022 1519 3061 vos
1541 3006 1783 3062 caruisse
1836 3009 2020 3077 provi-

2136 1810 2655 1880 προστεθειμένοις,
2711 1812 2822 1866 εἴτε
2871 1815 3193 1880 ἐπισκόποις
3232 1817 3344 1872 εἴτε
3386 1820 3719 1890 κληρικοῖς.

2141 1898 2349 1957 Ἱκανὸν
2370 1902 2426 1956 δὲ
2451 1903 2738 1976 γνώρισμα
2760 1907 2856 1975 τῆς
2877 1908 3107 1961 ἑκάστου
3131 1909 3297 1980 ὀρθῆς
3320 1912 3722 1984 προαιρέσεως

2131 1992 2287 2074 {erat
2308 1996 2341 2065 ἡ
2369 1996 2505 2065 πρὸς
2537 1998 2729 2051 τοῦτον
2751 1998 3129 2061 ἓνωσις.⁶’οσοι
3153 2002 3261 2071 γὰρ
3277 2003 3343 2056 ἂν
3359 2005 3459 2074 τῆς
3480 2005 3723 2058 καλλίοο

2137 2071 2225 2147 νος
2245 2084 2381 2153 ὁμοῦ
2410 2085 2642 2157 κρίσεώς
2666 2105 2723 2141 τε
2748 2089 2839 2142 καὶ
2858 2091 3053 2167 μοίρας
3072 2092 3354 2163 γενόμενοι
3379 2071 3482 2166 τῆν
3508 2096 3719 2149 τούτου

2128 2175 2359 2228 ἕλωνται
2384 2179 2687 2259 κοινωνίαν,
2706 2180 2927 2243 τούτους
2950 2182 3152 2246 πάντας
3175 2186 3555 2256 ἐκελεύσαμεν
3586 2187 3721 2241 καθ’

2132 2267 2432 2338 ὁμοιότητα
2462 2270 2562 2340 τῆς
2597 2271 2883 2342 φθασάσης
2915 2276 3196 2345 προνοίας,
3222 2279 3316 2331 καὶ
3345 2280 3447 2346 τῆς
3481 2280 3591 2332 νῦν
3626 2280 3723 2347 ὐφ’

2132 2360 2292 2429 ἡμῶν
2311 2360 2561 2431 βουλήσει
2581 2362 2672 2416 τοῦ
2690 2364 2998 2434 κρείττονος
3017 2369 3459 2441 παρασχεθείσης
3474 2372 3722 2441 χάριτος

2132 2451 2445 2504 ἀπολαύειν.
2471 2452 2712 2525 Νικητὴς
2737 2458 3112 2521 Κωνστάντιος
3132 2461 3399 2529 Μέγιστος
3423 2463 3719 2527 Σεϐαστὸς

2131 2540 2206 2609 τῷ
2230 2539 2347 2612 λαῷ
2384 2543 2482 2613 τῆς
2518 2544 2641 2597 κατ’
2674 2544 3087 2618 ’Δλεξάνδρειαν
3123 2551 3419 2623 καθολικῆς
3459 2554 3721 2623 Ἐκκλη-

2131 2631 2274 2694 σίας.
2305 2634 2513 2688 Σκοπὸν
2562 2636 2873 2707 ποιούμενοι
2912 2641 3012 2710 τὴν
3062 2642 3335 2712 ὑμετέραν
3388 2645 3449 2697 ιν
3484 2646 3724 2699 ἅπασιν

2131 2725 2411 2794 εὐνομίαν,
2444 2727 2642 2790 εἰδότες
2678 2745 2738 2781 τε
2783 2729 2860 2793 ῶς
2904 2731 3000 2784 ἐπὶ
3047 2734 3183 2786 πολύ
3216 2734 3313 2800 τῆς
3341 2735 3439 2789 τοῦ
3474 2739 3723 2790 ἐπισκοο

2138 2816 2361 2879 ποῦντος
2409 2820 2666 2888 προνοίας
2715 2821 3034 2891 ἑστέρησθε,
3075 2824 3390 2881 Ἀθανάσιον
3449 2829 3553 2882 τὸν
3591 2830 3723 2883 ἐπί-

2133 2924 2357 2974 σκοπον,
2383 2909 2551 2979 ἄνδρα
2575 2911 2689 2974 τοῖς
2712 2911 2846 2966 πᾶσι
2869 2914 2964 2968 διά
2993 2932 3053 2969 τε
3083 2915 3180 2983 τὴν
3198 2917 3511 2987 προσοῦσαν
3548 2923 3716 2991 ὀρθό-

2129 3016 2270 3070 τητα
2293 3001 2388 3053 καὶ
2409 3001 2499 3055 διὰ
2527 3002 2627 3074 τὴν
2655 3004 2861 3057 οἰκείαν
2887 3006 3180 3078 εὐτροπίαν
3202 2999 3503 3080 γνώριμον,
3541 3015 3658 3067 πά)
3673 3033 3723 3067 ιν

454 3104 682 3158 dentia:
746 3102 1106 3157 Athanasium
1158 3100 1485 3164 antistitem,
1562 3100 1743 3152 virum
1805 3109 2019 3168 propter.

2134 3090 2270 3156 πρὸς
2305 3092 2449 3162 ὑμᾶς
2498 3094 2820 3149 ἀποστεῖλαι
2851 3097 3271 3170 ὲδικαιώσαμεν.
3297 3101 3503 3155 Τοῦτον
3541 3110 3722 3175 συνή.

456 3195 675 3249 insitam
712 3194 815 3248 sibi
848 3193 971 3247 ﬁdei
1005 3193 1378 3246 sinceritatem
1418 3206 1745 3259 morumque
1781 3192 2017 3244 nativam

457 3284 789 3354 probitatem
808 3280 1130 3336 hominibus
1161 3281 1417 3334 oinuibus
1448 3288 1776 3349 spectatum,
1801 3296 2018 3348 (equum

455 3390 579 3429 eSse
612 3373 887 3437 duximus,
916 3383 974 3427 ut
997 3373 1064 3427 ad
1084 3387 1183 3425 vos
1227 3374 1655 3427 remitteremus.
1695 3372 1855 3443 739
1885 3374 2018 3426 Eum

460 3467 535 3521 ita
568 3478 628 3520 ut
661 3466 1009 3520 consuetudo
1041 3464 1149 3519 fert
1181 3479 1236 3520 et
1262 3464 1443 3527 decet,
1471 3464 1858 3534 suscipientes,
1899 3481 2023 3534 pre-

460 3574 700 3629 cumque
716 3558 781 3613 ad
816 3558 985 3612 Deum
1007 3567 1316 3613 vestrarum
1347 3557 1651 3628 adjutorcm
1682 3559 2024 3612 constituen-

460 3659 563 3713 tes,
600 3666 723 3719 quae
760 3660 816 3705 et
848 3650 1002 3705 vobis
1026 3650 1302 3719 congruit.
1361 3658 1417 3703 ct
1446 3649 1603 3703 nobis
1659 3659 1882 3716 accepta
1918 3659 2020 3716 est,

462 3742 817 3796 concordiam
852 3749 909 3795 et
946 3756 1159 3810 pacem.
1183 3742 1337 3811 juxta
1376 3741 1635 3795 Ecclesia:
1661 3743 2019 3799 sanctionem.

460 3833 676 3901 prolixe
708 3848 930 3887 servare
996 3833 1233 3887 studetc.
1296 3832 1517 3887 Minime
1576 3834 1720 3888 enim
1772 3836 2019 3888 omnimn

459 3923 739 3984 convenit.
764 3922 1093 3978 discordiam
1126 3924 1363 3990 aliquam
1396 3931 1489 3976 aut
1521 3924 1847 3978 seditionem
1877 3924 2021 3977 inter

458 4030 560 4068 vos
590 4016 880 4078 concitari,
910 4015 962 4068 in
998 4016 1105 4070 ista
1156 4028 1463 4084 temporum
1508 4024 1820 4069 nostrorum
1878 4025 2025 4068 tran-

457 4105 752 4176 quillitate.
808 4106 985 4176 Atque
1043 4122 1162 4160 eam
1214 4106 1435 4176 quidem
1511 4106 2019 4160 incomtnoditatem

462 4200 658 4253 abesse
695 4214 725 4252 a
763 4200 919 4253 vobis
951 4200 1181 4255 omnino
1215 4199 1489 4254 volumus.
1525 4200 1582 4252 In
1613 4200 2029 4268 precationibus

455 4305 612 4355 vero,
647 4300 707 4345 ut
741 4308 808 4346 eo
830 4308 996 4361 quem
1027 4293 1267 4346 diximus
1296 4302 1521 4345 auctore
1562 4301 1617 4345 et
1644 4290 1901 4362 adjutore
1932 4309 2022 4346 se-

456 4381 591 4435 dulo
620 4391 859 4448 utentes,
885 4383 1086 4437 divinis
1112 4384 1277 4438 rebus
1305 4399 1458 4437 more
1487 4393 1708 4451 recepto
1733 4383 2019 4447 insistatis,

456 4488 556 4526 vos
609 4473 1014 4529 admonemus:
1080 4486 1141 4528 ut
1182 4476 1276 4529 tali
1348 4476 1658 4529 animorum
1702 4486 2018 4529 vestrorum

455 4565 741 4633 proposito
763 4566 829 4618 ad
861 4566 1243 4620 universorum
1299 4577 1428 4621 vota
1462 4552 1780 4622 transeunte
1808 4584 1871 4621 ex
1896 4584 2027 4637 gen-

457 4653 607 4707 tibus
640 4655 807 4707 etiam
844 4657 933 4725 qui
970 4656 1152 4711 adhuc
1197 4656 1464 4711 idolorum
1523 4659 1700 4711 errori
1760 4668 1890 4711 sunt
1927 4659 2028 4709 itii-

456 4746 670 4815 plicati,
705 4747 771 4800 ad
823 4751 1158 4804 sacrosancti
1193 4748 1449 4803 sacriﬁcii
1489 4751 1861 4820 cognitionem
1901 4766 2025 4819 pcr-

457 4837 668 4902 venirc,
703 4835 1058 4893 Alexandrini
1092 4842 1427 4903 charissimi,
1490 4851 1787 4894 maturent.
1842 4841 2020 4907 Quare

455 4945 553 4983 vos
598 4931 798 4985 iterum
848 4932 1225 4999 admonemus,
1258 4943 1311 4988 ut
1366 4935 1418 4986 in
1484 4933 1550 4987 iis
1602 4951 1722 5001 qua:
1784 4934 2020 4987 diximus

454 5021 783 5090 persistatis,
821 5024 1136 5092 cpiscOpum
1170 5039 1299 5077 vero
1326 5063 1339 5087 ,
1378 5023 1471 5078 Dei
1530 5024 1703 5093 ipsius
1762 5034 1898 5076 nutu
1963 5033 2019 5077 et

454 5114 723 5167 settletttia
763 5124 952 5168 nostra
978 5114 1044 5167 ad
1068 5130 1165 5168 vos
1203 5115 1452 5173 missum,
1512 5115 1748 5168 libenter
1784 5114 2017 5182 recipia-

455 5211 545 5265 tis,
598 5217 763 5273 atque
797 5221 925 5258 eum
966 5221 1031 5259 ex
1090 5206 1274 5258 animo
1324 5206 1800 5276 complectentium
1862 5207 2017 5261 vobis

453 5310 577 5349 esse
604 5296 957 5351 existimetis.
993 5297 1048 5351 ld
1079 5297 1225 5366 quod
1258 5305 1316 5351 et
1338 5313 1434 5351 vos
1462 5298 1643 5359 decet,
1668 5306 1725 5351 et
1755 5312 2017 5351 mansue-

459 5388 635 5440 tudini
670 5398 873 5442 nostra:
900 5390 1261 5446 convenit.Ut
1291 5392 1437 5444 enim
1475 5394 1743 5444 tumultus
1776 5399 1831 5443 ct
1869 5391 2019 5443 scdi-

455 5476 624 5531 tionis
656 5478 996 5532 occasionem
1023 5494 1240 5533 omnem
1272 5494 1464 5533 eorum
1520 5481 1609 5547 qui
1644 5480 1893 5533 consulto
1923 5481 2019 5533 de-

457 5566 659 5621 teriora
692 5576 870 5636 erepta
897 5579 1305 5635 consectantur,
1334 5570 1779 5639 ριτεςίἀρτοηιυε,
1801 5572 2006 5640 judici-

527 5747 601 5817 ιι)
630 5746 830 5802 Christi
866 5750 1050 5818 gratia.
1089 5750 1241 5805 Socr.

2129 3180 2237 3243 θως
2274 3183 2371 3236 καὶ
2394 3185 2785 3254 προσηκόντως
2818 3187 3229 3258 ὑποδεξάμενοι,
3275 3194 3367 3247 καὶ
3398 3197 3528 3258 ταῖς
3574 3200 3723 3267 «ph;

2128 3273 2221 3325 τὸν
2252 3273 2383 3327 θεὸν
2416 3276 2602 3343 εὐχαῖς
2636 3277 2831 3346 βοηθὸν
2862 3284 3330 3352 προστησάμενοι,
3354 3286 3453 3356 τὴν
3479 3288 3629 3356 ὑμῖν
3662 3308 3723 3342 τε

2130 3365 2443 3432 πρέπουσαν
2492 3367 2584 3420 καὶ
2632 3370 2765 3438 ἡμῖν
2795 3371 3022 3441 ἀρετὴν,
3053 3375 3307 3442 ὁμόνοιαν
3339 3380 3432 3430 καὶ
3471 3381 3725 3450 εἰρήνην

2127 3457 2272 3507 κατὰ
2300 3458 2393 3509 τὸν
2424 3458 2525 3527 τῆς
2562 3460 2896 3530 Ἐκκλησίας
2932 3462 3134 3535 θεσμὸν
3167 3466 3365 3538 διαρκῆ
3402 3471 3724 3537 φυλάττειν

2130 3550 2505 3605 σπουδάσατε·
2530 3552 2652 3606 οὐδὲ
2685 3555 2792 3625 γὰρ
2839 3555 3063 3624 εὔλογόν
3110 3559 3229 3611 ἔστι
3276 3559 3560 3631 διχόνοιάν
3599 3582 3725 3618 τινα

2125 3642 2159 3712 ἢ
2192 3642 2382 3696 στάσιν
2416 3645 2473 3696 ἒν
2523 3645 2651 3712 ὑμῖν
2685 3648 2998 3717 κινηθῆναι,
3060 3651 3393 3705 ὑπεναντίαν
3442 3656 3557 3721 τῆς
3608 3660 3725 3710 τῶν

2126 3736 2411 3806 ἡμετέρων
2439 3739 2647 3807 καιρῶν
2678 3739 2991 3811 εὐμοιρίας.
3018 3741 3126 3795 Καὶ
3159 3742 3320 3798 τοῦτο
3351 3745 3453 3815 μὲν
3484 3752 3724 3804 emam

2126 3828 2220 3897 ἀφ’
2255 3829 2409 3896 ὐμῶν
2440 3829 2720 3894 παντελῶς
2741 3830 3049 3902 βουλόμεθα
3072 3849 3087 3865 ·
3115 3835 3179 3888 τδ
3198 3836 3257 3890 δέ
3275 3853 3339 3904 γε
3364 3842 3490 3900 ταῖς
3513 3842 3724 3912 εὐχαῖς

2128 3919 2273 3989 ὑμᾶς
2312 3920 2549 3991 διαρκῶς
2591 3923 2758 3994 αὐτῷ,
2789 3924 2864 3988 ὡς
2903 3926 3251 3997 προείρηται,
3289 3934 3590 4005 προστάτῃ
3625 3939 3721 3988 καὶ

2128 4010 2406 4081 ἐπικούρῳ
2428 4014 2771 4084 χρωμένους,
2787 4016 2921 4085 πρὸς
2941 4017 2999 4070 τὸ
3015 4017 3158 4072 θεῖον
3176 4020 3433 4090 ἐμμένειν
3454 4027 3723 4097 συνήθως

2132 4102 2518 4173 παραινοῦμεν
2540 4122 2556 4138 ν
2588 4104 2662 4169 ώς
2696 4107 2763 4159 ἂν
2785 4107 2885 4178 τῆς
2915 4110 3170 4179 τοιαύτης
3198 4112 3352 4181 ὐμῶν
3385 4116 3722 4184 προθέσεως

2126 4197 2207 4257 εἰς
2241 4197 2340 4261 τὰς
2396 4198 2651 4252 ἁπάντων
2690 4200 2852 4270 εὐχὰς
2885 4202 3296 4276 διαδαινούσης,
3337 4210 3433 4259 καὶ
3484 4213 3559 4263 lx
3606 4215 3722 4267 τῶν

2128 4288 2300 4341 ἐθνῶν
2327 4289 2375 4340 oi
2416 4291 2483 4360 τῇ
2508 4290 2618 4343 τῶν
2668 4291 2901 4346 εἰδώλων
2953 4295 3132 4369 πλάνῃ
3164 4297 3243 4350 ἔτι
3271 4301 3367 4353 καὶ
3400 4301 3502 4355 νῦν
3536 4322 3721 4374 προσ-

2131 4381 2455 4463 ανέχοντες,
2492 4382 2586 4435 ἐπὶ
2631 4381 2730 4453 τὴν
2785 4385 2881 4454 τῆς
2938 4386 3088 4456 ἱερᾶς
3144 4389 3332 4453 θυσίας
3396 4392 3723 4463 ἐπίγνωσιν

2130 4461 2433 4536 σπεύδοιεν,
2481 4471 2853 4542 Ἀλεξανδρεῖς
2879 4476 3356 4547 προσφιλέστατοι.
3399 4461 3523 4537 Καὶ
3555 4483 3721 4549 αὐθις

2124 4562 2217 4616 οὖν
2270 4561 2645 4633 παραινοῦμεν
2677 4569 2789 4628 τοῖς
2822 4573 3239 4638 προειρημένοις
3283 4574 3583 4642 ἐμμένειν.
3614 4580 3721 4631 Tw

2123 4653 2179 4705 δὲ
2204 4654 2503 4707 ἐπίσκοπον
2530 4654 2697 4726 ψήφῳ
2729 4658 2823 4709 τοῦ
2868 4659 3179 4726 κρείττονος
3212 4665 3304 4716 καὶ
3334 4667 3414 4739 ,τῇ
3451 4668 3721 4740 ἡμετέρα

2124 4743 2319 4816 γνώμῃ
2364 4745 2801 4815 ἀπεσταλμένον,
2858 4750 3028 4819 ἡδέως
3079 4750 3339 4817 δέξασθευ
3393 4760 3495 4809 καὶ
3555 4764 3721 4832 πάσῃ

2123 4832 2328 4904 ψυχικῇ
2354 4834 2547 4908 γνώμῃ
2583 4838 2865 4895 ἀσπαστὸν
2915 4843 3216 4913 ἡγήσασθε.
3255 4846 3427 4901 Τοῦτο
3463 4854 3587 4919 γὰρ
3621 4859 3718 4908 καὶ

2130 4926 2257 4994 ὑμῖν
2300 4929 2522 4998 πρέπει,
2565 4932 2660 4983 καὶ
2699 4934 2762 5002 τῇ
2816 4935 3063 5006 ἡμετέρᾳ
3098 4939 3363 5010 πραότητι
3397 4947 3721 5016 προσήκειν

2130 5021 2491 5091 συνέστηκεν.
2534 5022 2705 5094 ’Υπὲρ
2758 5026 2867 5097 γὰρ
2911 5028 3006 5082 τοῦ
3058 5031 3240 5085 πᾶσαν
3274 5033 3560 5106 ἀνασοόὴν
3619 5044 3718 5093 κατα

2132 5111 2374 5175 στάσεως
2409 5113 2684 5185 πρόφασιν
2740 5119 3164 5191 περιαιρεθῆναι
3220 5123 3330 5176 τῶν
3366 5125 3718 5201 ὲθελοκακέα

2128 5207 2430 5274 χρωμένων
2465 5209 2574 5271 τοῖς
2602 5208 2733 5278 παρ’
2767 5209 2898 5279 ύμῖν
2920 5212 3200 5277 δικασταῖς
3222 5215 3311 5269 διὰ
3348 5224 3719 5288 γραμμάτων

2129 5301 2570 5370 προσετάξαμεν,
2601 5302 2848 5367 ἅπαντας
2872 5303 2966 5367 οὒς
3001 5306 3069 5359 ἂν
3099 5307 3421 5372 στασιώδεις
3440 5319 3717 5384 καταμά-

2127 5392 2292 5457 θοιεν,
2317 5396 2383 5462 τῇ
2412 5396 2519 5445 τῶν
2545 5394 2726 5463 νόμων
2747 5395 3076 5449 ὐποὸάλλειν
3106 5400 3341 5471 ἐκδικίᾳ.
3382 5402 3712 5474 Ἀμφότερ-

2127 5482 2308 5535 τοίνυν
2366 5484 2722 5553 συνορῶντες,
2789 5489 2886 5541 xui.
2936 5491 3038 5558 τὴν
3101 5494 3381 5564 ἡμετέραν
3417 5500 3566 5565 μετὰ
3610 5500 3716 5550 τοῦ

2132 5575 2443 5645 κρείττονος
2482 5578 2736 5650 γνώμην,
2769 5585 2865 5636 καὶ
2910 5585 3003 5637 τὸν
3047 5587 3186 5657 ὕπερ
3238 5588 3397 5658 ὑμῶν
3452 5592 3555 5644 καὶ
3606 5590 3714 5660 τῆς
