3934 6542
228 426 331 490 3ιξ9⁴

1131 425 1735 489 ECCLESIASTlC/E
1778 406 2166 487 HtsronLJE
2209 427 2360 487 me.
2402 429 2509 488 1x.

3337 432 3442 497 330

223 555 322 602 τις,
350 536 441 607 τὴν
486 538 581 591 ἐπὶ
626 539 934 612 Ἀθανασίῳ
969 538 1139 615 ἧτταν
1187 542 1523 610 ὡμολόγουν,
1569 539 1664 593 καὶ
1696 537 1774 606 τῷ

1880 537 2155 607 simulque
2182 539 2238 594 in
2262 552 2547 609 posterum
2572 556 2630 597 se
2658 541 2736 612 τῷ
2766 542 3060 613 δμοουσὶῳ,
3087 546 3446 602 consubstan-

223 629 467 700 ὁμοουσίῳ
494 630 584 683 τοῦ
617 631 808 685 λοιποῦ
840 637 1073 705 στοιχεῖν
1104 634 1409 704 ἐπεκύρουν
1432 650 1446 663 ο
1500 631 1595 685 καὶ
1625 631 1772 699 αὐτῷ

224 722 271 774 δὲ
332 720 627 791 Ἀθανασίῳ
680 726 1026 792 γράφοντες,
1090 725 1429 794 φιλοφρόνως
1490 723 1770 776 κοινωνεῖν

226 814 357 883 αὐτῷ
388 813 602 877 ἠξίουν·
630 815 659 866 ὃ
681 815 816 881 δῆτα
848 817 1168 887 περιφανῶς
1195 819 1275 879 είς
1316 817 1574 885 μέγιστον
1613 813 1772 866 καθί-

227 923 371 958 στατο
394 907 660 977 θρίαμϐον
689 909 763 970 ὡς
807 909 1010 971 ἀδίκως
1051 910 1101 962 oi
1126 912 1183 961 ὲν
1217 907 1380 979 Τύρῳ
1427 906 1569 961 κατά
1611 907 1773 959 Ἀθα-

224 996 390 1048 νασίου
436 996 535 1057 τὰς
568 996 784 1065 ψήφους
839 999 1164 1067 ἐξήνεγκαν.
1203 999 1272 1051 'A
1326 998 1385 1051 δὲ
1434 996 1515 1062 τῷ
1555 995 1773 1065 Ῥώμης

229 1088 448 1156 ἔγραφον
484 1088 711 1157 Ἰουλίῳ,
764 1085 906 1159 ἦσαν
945 1089 1117 1142 ταῦτα
1140 1105 1155 1121 ⁸
1197 1108 1217 1141 ι
1266 1088 1454 1156 Κυρίῳ
1488 1104 1775 1157 μακαριω-

223 1182 352 1249 τάτῳ
380 1180 576 1250 πάππα
612 1180 819 1246 Ἰουλίῳ
846 1180 1138 1248 Οὖρσίκιος
1170 1181 1262 1233 καὶ
1277 1180 1512 1246 Οὐάλης.
1553 1179 1772 1248 Ἐπειδὴ

225 1275 530 1338 συνέστησεν
566 1273 714 1341 ἡμᾶς
775 1273 946 1325 πολλά
989 1288 1051 1324 τε
1100 1276 1208 1342 πρὸ
1251 1276 1448 1324 τούτου
1484 1272 1578 1323 καὶ
1625 1270 1775 1322 δεινὰ

226 1366 339 1433 περὶ
380 1363 701 1416 ’Δθανασίου
760 1364 856 1416 τοῦ
916 1365 1219 1417 ἐπισκόπου
1280 1363 1368 1415 διὰ
1425 1364 1773 1433 γραμμάτων

223 1456 360 1524 ἡμῶν
403 1455 868 1523 ύποῦεδληκέναι,
918 1458 1217 1527 γράμμασι
1255 1459 1354 1526 τῆς
1406 1455 1507 1524 σῆς
1539 1457 1775 1525 χρηστό-

224 1563 365 1615 τητος
397 1544 834 1614 μεθοδευθέντες,
861 1548 957 1599 τοῦ
989 1547 1318 1617 πράγματος
1361 1546 1524 1617 χάριν
1559 1548 1688 1615 περὶ
1711 1546 1771 1599 οὗ

225 1641 438 1711 ἰδηλὼσα
448 1659 569 1710 μεν,
592 1642 693 1694 οὐκ
712 1640 1065 1712 ἠδυνήθημεν
1094 1641 1253 1710 λόγον
1278 1641 1574 1696 ἀποδοῦναι
1603 1658 1618 1672 ·
1645 1643 1775 1711 δμο-

224 1733 466 1803 λογοῦμεν
516 1734 669 1804 παρά
698 1732 766 1804 τῇ
825 1738 891 1805 σῇ
925 1735 1278 1804 χρηστότητι,
1336 1736 1624 1805 παρόντων
1665 1737 1774 1788 τῶν

223 1826 442 1892 ἀδελφῶν
467 1826 630 1895 ημῶν
656 1828 879 1878 πάντων
904 1828 1014 1878 τῶν
1044 1827 1452 1895 πρεσϐυτέρων,
1481 1828 1564 1882 ὅτι
1591 1827 1772 1881 πάντα

225 1920 281 1972 τὰ
309 1920 407 1987 πρὸ
459 1920 653 1972 τούτου
703 1918 931 1972 ἐλθόντα
984 1919 1065 1980 είς
1097 1919 1196 1981 τὰς
1225 1919 1397 1981 ἀκοὰς
1456 1919 1610 1987 ὑμῶν
1640 1921 1772 1991 περὶ

222 2011 304 2063 τοῦ
330 2012 583 2080 ὀνόματος
636 2011 731 2063 τοῦ
779 2012 1188 2082 προειρημένου
1227 2011 1553 2065 Ἀθανασίου
1601 2012 1771 2082 ψευδῆ

224 2105 303 2158 καὶ
341 2103 550 2156 πλαστά
595 2105 737 2169 ἐστι,
768 2103 904 2156 πᾶσί
931 2120 992 2156 τε
1040 2103 1270 2172 δυνάμει
1300 2104 1557 2171 ἀλλότρια
1606 2104 1771 2156 αὐτοῦ

223 2198 481 2268 τυγχάνει.
519 2199 618 2250 Διά
664 2215 751 2250 τοι
782 2198 945 2249 τοῦτο
990 2197 1164 2265 ἡδέως
1206 2195 1636 2267 ἀντιποιούμεθα
1670 2196 1772 2266 τῆς

224 2290 486 2353 κοινωνίας
532 2289 630 2344 τοῦ
677 2292 1088 2361 προειρημένου
1127 2289 1458 2343 Ἀθαναοίου
1486 2306 1503 2321 ο
1538 2290 1773 2358 μάλιστα

222 2382 291 2435 ὅτι
316 2382 347 2450 ὴ
375 2378 657 2432 θεοσέϐειά
692 2396 787 2432 σου
819 2379 963 2431 κατὰ
991 2376 1092 2447 τὴν
1123 2378 1364 2447 ἔμφυτον
1390 2377 1563 2446 αὐτῆς
1607 2379 1773 2430 καλο-

224 2471 472 2538 καγαθίαν
519 2475 583 2541 τῇ
638 2472 819 2541 πλάνῃ
868 2469 1025 2539 ἡμῶν
1074 2469 1411 2537 συγγνώμην
1462 2468 1772 2535 κατηξίωσε

222 2563 403 2617 δοῦναι.
442 2559 851 2634 Ὀμολογοῦμεν
884 2565 975 2615 καὶ
1004 2561 1185 2624 τοῦτο,
1230 2560 1311 2612 ὃτι
1341 2560 1437 2612 ὲάν
1462 2575 1590 2611 ποτε
1625 2559 1774 2627 ἡμᾶς

223 2657 264 2709 οἱ
290 2657 590 2710 ἀνατολικοί
644 2656 970 2723 θελήσωσιν,
1019 2653 1052 2722 ἢ
1090 2653 1187 2706 καὶ
1244 2652 1408 2714 αὐτὸς
1454 2650 1773 2713 Ἀθανάσιος

223 2750 556 2818 κακοτρόπως
609 2749 742 2817 περὶ
793 2746 990 2799 τούτου
1042 2746 1123 2807 είς
1171 2744 1355 2814 κρίσιν
1394 2743 1644 2807 καλέσαι,
1696 2743 1774 2814 μὴ

223 2838 535 2909 ἀπέρχεσθαι
567 2840 724 2909 παρὰ
769 2836 1003 2907 γνώμην
1031 2836 1130 2897 τῆς
1182 2835 1279 2905 σῆς
1315 2833 1635 2896 διαθέσεως.
1669 2833 1775 2885 Τὸν

223 2930 273 2984 δὲ
298 2931 564 3000 αἱρετικὸν
601 2932 822 3001 Ἀρειον
858 2931 954 2982 καὶ
999 2928 1124 2988 τοὺς
1159 2927 1635 2995 ὑπερασπίζοντας
1677 2926 1777 2977 αύο

222 3024 470 3088 τοῠ,τοῦς
498 3024 777 3092 λέγοντας,
803 3017 911 3076 Ἤν
940 3034 1073 3072 ποτε
1096 3018 1187 3071 ὅτε
1224 3019 1327 3070 οὐκ
1351 3011 1419 3087 ἦν
1440 3020 1468 3070 ὁ
1496 3015 1645 3081 Υἱὸς,
1679 3015 1776 3067 καὶ

221 3116 293 3169 ὅτι
320 3117 386 3170 ιιι
413 3114 505 3169 τοῦ
554 3117 633 3185 μὴ
678 3115 831 3175 ιντος
874 3114 904 3166 ὁ
933 3112 1168 3183 Χριστός
1204 3112 1345 3175 ὲστι,
1380 3107 1476 3162 καὶ
1514 3110 1640 3171 τοὺς
1676 3110 1776 3177 ἀρε

1876 625 2024 691 tiali,
2049 644 2371 684 assensuros
2417 646 2538 686 esse
2570 640 2919 701 receperunt.
2942 634 3022 687 Ad
3053 638 3232 702 ipsum
3276 636 3443 691 etiam

1873 718 2231 774 Athanasium
2264 722 2591 787 scribentes,
2613 722 2848 792 benigne
2872 740 2932 778 se
2960 740 3083 779 cum
3111 741 3176 780 eo
3198 742 3444 780 commuv

1878 810 2162 866 nicaturos
2196 828 2317 867 esse
2342 814 2742 884 significarent.
2771 815 2902 883 Quae
2944 832 3078 871 sane
3128 834 3215 873 res
3260 819 3444 888 publi-

1876 901 2020 953 citus
2070 902 2123 954 in
2184 904 2476 957 maximum
2530 905 2705 959 evasit
2756 906 2927 959 veluti
2974 907 3314 976 triumphum
3389 918 3446 962 et

1876 991 2269 1047 documentum
2334 1006 2567 1059 certum,
2626 995 2843 1065 iniquas
2898 1011 3022 1052 esse
3081 998 3207 1069 Tyri
3268 999 3444 1054 dictas

1875 1084 2122 1154 latasque
2176 1086 2230 1139 in
2291 1087 2648 1142 Athanasium
2714 1091 3036 1145 sententias.
3097 1091 3178 1144 Ad
3237 1089 3445 1145 Juliunt

1876 1180 2197 1248 episcopum
2229 1180 2536 1235 Romanum
2561 1197 2684 1251 qua:
2714 1183 3076 1251 scripserant,
3110 1182 3224 1237 hzec
3254 1183 3443 1238 fuere:

1883 1271 2235 1326 «Beatissimo
2278 1273 2502 1328 domino
2530 1290 2681 1345 pape
2726 1275 2892 1338 Julio,
2950 1276 3197 1331 Ursicius
3237 1286 3293 1330 et
3346 1277 3451 1332 Va-

1875 1362 2032 1418 lens:
2069 1361 2521 1434 Quandoquidem
2547 1367 2777 1420 antebac
2810 1368 2981 1421 multa
3039 1378 3094 1422 et
3152 1367 3336 1438 gravia
3381 1368 3449 1422 de

1877 1454 2184 1509 Athanasio
2230 1457 2491 1526 episcopo
2554 1460 2776 1528 scriptis
2831 1460 3034 1532 nostris
3084 1476 3186 1515 nos
3233 1471 3450 1516 constat

1877 1545 2235 1614 suggessisse,
2268 1562 2447 1617 neque
2469 1548 2731 1603 bonitatis
2769 1559 2877 1605 tute
2906 1551 3108 1606 litteris
3137 1553 3190 1606 in
3219 1564 3448 1609 senten-

1876 1637 2012 1692 tiam
2046 1638 2209 1692 aliam
2261 1640 2579 1697 traductos:
2645 1643 2867 1712 negetio
2896 1658 2963 1699 eo
2998 1646 3066 1699 de
3114 1661 3222 1715 quo
3272 1647 3340 1700 ad
3396 1656 3448 1701 te

1877 1732 2206 1799 scripsimus
2268 1732 2585 1802 impeditos,
2637 1735 2907 1791 rationem
2973 1752 3162 1792 eorum
3214 1737 3449 1793 reddere

1854 1823 2165 1892 patuisse:
2201 1823 2406 1880 idcirco
2444 1826 2812 1895 praesentibus
2845 1844 2992 1882 nunc
3025 1828 3292 1883 fratribus
3345 1845 3446 1884 no-

1875 1913 2005 1967 stris
2045 1915 2380 1982 presbyteris
2418 1916 2676 1970 omnibus
2700 1917 2843 1987 apud
2872 1919 3264 1973 humanitatem
3299 1930 3446 1973 tuam

1877 2004 2200 2073 profitemur
2254 2007 2438 2060 omnia
2474 2024 2816 2078 quaecunque
2869 2019 3027 2064 antea
3082 2010 3150 2064 de
3202 2012 3447 2073 nomine,

1875 2111 2036 2163 quem
2074 2097 2645 2162 diximus,Athanasii
2686 2101 2753 2155 ad
2809 2116 2971 2156 aures
3012 2113 3222 2157 vestras
3259 2118 3449 2172 perve-

1878 2201 2032 2251 nere,
2076 2187 2210 2241 falsa
2238 2198 2293 2241 et
2339 2190 2593 2254 conficta,
2626 2191 2915 2260 modisque
2966 2195 3226 2249 omnibus
3271 2195 3448 2249 aliena

1875 2281 1942 2333 ab
1980 2296 2047 2333 eo
2080 2295 2222 2333 esse.
2254 2281 2601 2349 Quapropter
2629 2287 3076 2339 communionem
3100 2288 3221 2357 ejus
3250 2286 3451 2356 cupide

1874 2372 2215 2435 allectamtts.
2253 2377 2528 2443 pra-cipue
2569 2391 2693 2427 cum
2728 2376 2904 2444 pietas
2961 2387 3071 2441 tua,
3134 2395 3231 2448 pro
3285 2379 3449 2433 insita

1875 2464 1982 2517 sibi
2008 2464 2347 2534 integritate,
2396 2467 2625 2534 gratiam
2662 2467 2821 2522 nobis
2866 2469 3073 2522 erroris
3129 2470 3309 2524 facere
3360 2481 3448 2524 est

1876 2555 2123 2626 dignata.
2155 2557 2492 2612 Proﬁtetnur
2527 2568 2584 2611 et
2615 2557 2774 2621 illud,
2800 2559 2844 2613 si
2889 2560 3111 2628 quando
3140 2560 3449 2615 Orientales

1881 2647 2140 2717 maligne,
2175 2657 2269 2703 aut
2305 2649 2419 2717 ipse
2448 2651 2615 2704 etiam
2639 2651 2995 2717 Athanasius,
3030 2667 3132 2705 nos
3160 2651 3228 2706 de
3266 2654 3364 2708 hac
3392 2668 3449 2706 re

1880 2740 2043 2808 injus
2068 2754 2264 2794 vocare
2299 2740 2597 2806 voluerint,
2615 2758 2716 2797 nos
2743 2751 2944 2812 praeter
2993 2743 3161 2796 animi
3191 2743 3268 2797 tui
3324 2758 3452 2798 sen-

1880 2818 2106 2884 tentiam
2139 2846 2204 2886 eo
2255 2848 2363 2886 non
2402 2832 2596 2889 ituros.
2632 2834 2821 2888 Arium
2875 2843 3057 2888 autem
3109 2835 3448 2901 hatreticum,

1877 2927 2105 2995 ejusque
2161 2926 2502 2994 defensores,
2570 2930 2662 2997 qui
2725 2927 2936 2995 dicunt,
3004 2928 3109 2984 fuit
3150 2932 3449 3001 aliquando

1882 3027 2094 3088 tempus
2125 3034 2250 3074 cum
2285 3036 2394 3074 non
2416 3021 2536 3076 fuit
2572 3022 2743 3076 Filius
2769 3042 2782 3077 :
2806 3033 2883 3089 et,
2916 3023 3195 3079 Christum
3226 3041 3287 3079 ex
3341 3041 3450 3079 non

1876 3114 2179 3169 exsistente
2219 3129 2381 3169 esse:
2425 3126 2498 3178 et,
2542 3116 2636 3185 qui
2687 3115 2963 3169 Chriswm
2998 3117 3166 3169 Deum
3214 3132 3335 3170 esse
3395 3131 3454 3171 et

225 3211 496 3280 wupévoo;
540 3210 634 3262 τὸν
671 3207 909 3279 Χριστὸν
942 3205 1081 3259 Θεὸν
1130 3200 1293 3270 εἶναι,
1344 3203 1442 3256 καὶ
1477 3201 1604 3255 Υίὺν
1635 3199 1774 3253 Θεοῦ

1880 3206 2076 3261 Filium
2103 3206 2196 3261 Dei
2224 3217 2349 3262 ante
2377 3208 2572 3262 stecula
2603 3217 2846 3277 negant,
2874 3208 3036 3262 sicuti
3071 3219 3125 3261 et
3162 3208 3216 3261 in
3271 3209 3452 3277 priore

226 3301 319 3369 πρὸ
342 3300 572 3365 αίώνων,
615 3297 801 3361 καθὼς
860 3300 950 3352 καὶ
999 3297 1061 3350 ὲν
1112 3294 1191 3366 τῷ
1242 3294 1497 3364 προτέρῳ
1545 3291 1774 3361 λι6έ>.λῳ

226 3394 416 3448 ἑαυτῶν
448 3397 505 3447 ὲν
547 3397 616 3464 τῇ
652 3391 1002 3447 Μεδιολάνων
1051 3386 1485 3455 ἑπιδεδώκαμεν,
1536 3386 1631 3439 καὶ
1680 3384 1775 3436 νῦν

227 3488 700 3557 ἀναθοματίζομεν.
735 3485 923 3539 Ταῦτα
945 3482 1007 3537 δὲ
1035 3485 1103 3553 τῇ
1131 3481 1282 3553 χειρὶ
1317 3480 1498 3533 αὐτῶν
1531 3478 1779 3549 γράψαν-

226 3594 323 3646 τες,
343 3579 710 3650 ὁμολογοῦμεν
731 3578 894 3631 πάλιν
918 3577 1002 3629 ὅτι
1031 3575 1132 3644 τὴν
1162 3575 1217 3626 Ἀ
1228 3571 1512 3644 ρειανικὴν
1540 3571 1775 3638 αἵρεσιν,

227 3673 357 3726 καθά
379 3672 742 3740 προείπομεν,
768 3670 863 3723 καὶ
894 3667 1022 3731 τοὺς
1051 3665 1258 3737 ταύτης
1308 3665 1577 3727 αὐθέντας
1615 3682 1778 3717 κατε-

228 3762 471 3830 κριναμεν
498 3761 580 3822 είς
623 3757 716 3810 τὸν
749 3756 947 3812 αἰῶνα.
995 3753 1138 3823 Ἐγὼ
1185 3753 1495 3824 Οὑρσάκιος
1532 3754 1598 3823 τῇ
1647 3754 1778 3823 ὁμο-

228 3852 365 3923 λογίᾳ
419 3872 520 3922 μου
569 3851 747 3922 ταύτῃ
789 3849 1006 3921 παρὼν,
1042 3847 1344 3919 ὑπέγραψα
1369 3862 1387 3880 ο
1430 3845 1691 3907 ὡσαύτως
1721 3845 1778 3897 δὲ

230 3949 308 3997 καὶ
352 3946 580 4017 ούάλης.
622 3963 643 3996 ι
680 3926 873 3997 Ταῦτα
905 3942 1006 4013 μὲν
1053 3941 1190 4013 πρὸς
1234 3936 1549 3992 ’1ούλιον·ἀ
1581 3937 1640 3990 δὲ
1684 3938 1778 3989 καὶ

239 4034 519 4103 ’Δθανασίῳ
575 4036 829 4105 ἔπεμπον
887 4035 945 4086 ὲν
1004 4031 1218 4092 τούτοις
1275 4027 1454 4101 ἦσαν’
1508 4048 1527 4079 ι
1588 4030 1778 4097 Κυρίῳ

227 4127 417 4199 ἀδελφῷ
447 4127 755 4196 Ἀθανασίφ
782 4126 1073 4193 ὲπισκόπῳ
1103 4124 1410 4194 Ούρσάκιος
1440 4125 1533 4176 καὶ
1561 4124 1778 4188 Οὐάλης

229 4221 518 4274 ὲπίσκοποι.
566 4218 857 4290 Ἀφορμὴν
886 4220 1138 4286 εὑρόντες
1169 4216 1259 4268 διὰ
1290 4214 1385 4267 τοῦ
1422 4212 1654 4282 ἀδελφοῦ
1683 4214 1777 4265 καὶ

230 4312 699 4382 συμπρεσϐυτέρου
734 4309 896 4380 ὴμῶν
943 4308 1245 4372 Μουσαίου,
1285 4308 1588 4377 ἐρχομένου
1637 4308 1778 4375 πρὸς

230 4400 316 4471 τὴν
342 4403 432 4472 σὴν
458 4403 713 4472 ἀγάπην,
750 4400 952 4468 ἀδελφὲ
984 4398 1263 4467 ἀγαπητὲ,
1288 4397 1378 4449 διὰ
1405 4395 1565 4449 τοῦτό
1593 4412 1652 4448 σε
1685 4397 1777 4449 καὶ

230 4495 355 4547 πάνυ
381 4496 869 4566 προσαγορεύομεν
915 4494 1025 4545 ἀπὸ
1054 4493 1152 4561 τῆς
1198 4490 1474 4550 Ἀκυλιίας
1502 4506 1517 4521 ο
1551 4492 1647 4543 καὶ
1691 4491 1779 4540 εύ-

1880 3296 2066 3351 libello
2088 3306 2278 3352 nostro
2312 3299 2605 3353 Mediolani
2654 3300 2859 3364 oblato,
2924 3300 2996 3354 ita
3042 3316 3189 3354 nunc
3234 3312 3455 3369 quoque

1879 3390 2224 3446 anathemate
2258 3402 2586 3446 mactamus.
2621 3391 2747 3445 Ηυεο
2795 3405 2976 3446 autem
3038 3408 3295 3446 manuum
3350 3408 3454 3446 no-

1878 3489 2117 3537 strarum
2145 3482 2551 3551 subscriptione
2581 3483 2931 3548 adnotantes,
2991 3484 3190 3538 iterum
3224 3483 3452 3537 iterum-

1879 3588 1987 3642 que
2012 3572 2360 3642 proﬁtemur,
2392 3589 2515 3637 nos,
2562 3575 3029 3643 quemadmodum
3093 3575 3254 3630 modo
3303 3576 3451 3631 dixi-

1881 3680 2025 3727 mus.
2054 3664 2310 3719 Arianam
2353 3666 2609 3721 haeresim
2637 3675 2693 3722 et
2723 3678 2985 3722 auctores
3042 3669 3163 3738 ejus
3192 3669 3455 3724 damnare

1884 3757 1939 3809 in
1972 3757 2233 3810 saeculum
2266 3795 2279 3810 .
2342 3757 2455 3827 Ego
2493 3758 2757 3813 Ursaeius
2792 3758 3120 3827 professioni
3149 3758 3454 3831 liuicuneze

1882 3862 2125 3914 praesens
2153 3848 2455 3918 subscripsi
2485 3867 2496 3903 :
2530 3849 2718 3904 itidem
2751 3865 2886 3904 vero
2915 3860 2970 3905 et
3026 3851 3244 3907 Valens.
3276 3870 3293 3901 ι
3328 3851 3457 3905 Haec

1882 3937 2104 4006 quidem
2135 3940 2201 3992 ad
2240 3939 2472 3994 Julium.
2524 3945 2655 4006 Quae
2682 3958 2814 3996 vero
2838 3925 3286 4015 adAthanasium
3313 3944 3453 3997 scri-

1882 4044 2063 4100 psere,
2104 4032 2181 4085 sic
2247 4031 2558 4086 habebant:
2617 4052 2635 4084 ι
2678 4035 2910 4089 Domino
2946 4035 3098 4089 fratri
3155 4037 3457 4091 Athanasio

1880 4124 2162 4193 episcOpo,
2191 4122 2452 4178 Ursaeius
2481 4133 2538 4178 et
2560 4125 2764 4179 Valens
2783 4128 3024 4195 episcopi
3049 4146 3060 4180 :
3085 4129 3449 4183 Occasionem

1880 4232 1980 4285 per
2010 4215 2234 4271 fratrem
2253 4225 2308 4271 et.
2346 4218 2859 4288 compresbyterum
2888 4229 3137 4272 nostrum
3173 4220 3452 4287 Musaeum,

1881 4306 2043 4378 753
2072 4307 2165 4376 qui
2194 4308 2259 4361 ad
2287 4307 2635 4362 dilectionem
2666 4317 2810 4362 tuam
2840 4308 3230 4378 proficiscitur,
3284 4312 3456 4367 frater

1881 4401 2101 4466 dilecte,
2135 4402 2301 4467 nacti,
2336 4402 2778 4470 compellandum
2817 4413 2868 4458 te
2911 4419 2978 4457 ex
3028 4405 3143 4473 ipsa
3202 4406 3454 4476 Aquileia

1884 4492 2176 4545 duximus:
2205 4503 2481 4563 aptantes.
2506 4506 2561 4547 ut
2603 4496 3021 4551 saltuslitteras
3043 4507 3258 4552 nostras
3284 4499 3455 4570 legas.

232 4587 419 4655 χύμεθά
478 4604 536 4640 σε
575 4587 892 4654 ὑγιαίνοντα
942 4585 1011 4637 τὰ
1060 4583 1371 4654 γράμματα
1407 4583 1477 4635 τὰ
1530 4583 1775 4652 ἡμέτερα

1885 4585 2069 4639 Addes
2096 4596 2277 4640 autem
2304 4586 2463 4641 nobis
2524 4588 2801 4655 ﬁduciam,
2837 4589 2881 4643 si
2939 4601 2994 4644 tu
3042 4605 3260 4660 quoque
3320 4566 3456 4646 scri-

234 4662 771 4749 OVGTWBVQL.IAQSEK
795 4681 909 4748 γὰρ
934 4679 1067 4747 ἡμῖν
1099 4677 1343 4746 θαρρεῖν,
1372 4675 1468 4728 ἐάν
1505 4676 1599 4728 καὶ
1632 4675 1695 4726 σὺ
1720 4678 1775 4727 ἐν

234 4770 298 4838 τῷ
323 4774 545 4841 γράφειν
567 4770 786 4840 ἀποδῷς
815 4771 950 4839 ἡμῖν
976 4769 1075 4838 τὴν
1105 4769 1367 4837 ἀμοιϐήν.
1401 4768 1642 4818 Γίνωσκε
1666 4768 1775 4836 γὰρ

235 4864 358 4930 ἡμᾶς
387 4864 611 4936 εἰρήνην
634 4864 782 4933 ἔχειν
813 4862 954 4930 μετὰ
1004 4861 1100 4915 σοῦ
1131 4862 1224 4914 καὶ
1250 4860 1550 4914 ῖκοινωνίαν
1578 4857 1778 4928 ἐκκλη-

236 4959 509 5027 οιιστιιιην.
543 4957 656 5011 Καὶ
681 4957 891 5010 τούτων
915 4955 1205 5024 γνώρισμα
1238 4955 1273 5024 η
1309 4953 1399 5005 διὰ
1430 4951 1638 5005 τούτων
1666 4951 1775 5002 τῶν

234 5051 548 5119 γραμμάτων
602 5051 975 5120 προσηγορία.
1016 5069 1036 5101 ι
1069 5049 1155 5101 Τὰ
1182 5049 1284 5117 μὲν
1311 5042 1406 5101 οὖν
1448 5046 1589 5101 κατὰ
1627 5046 1782 5098 Ἀθα-

234 5143 388 5193 νάσιον
426 5146 484 5195 ὲν
509 5142 727 5206 τούτοις
760 5138 901 5214 ἦσαν
922 5158 937 5173 ο
965 5143 1060 5194 καὶ
1110 5139 1293 5203 οὓτως
1326 5140 1385 5205 ἐξ
1431 5138 1672 5207 ἑσπέρας
1703 5139 1783 5198 είς

233 5232 315 5302 τὴν
347 5237 475 5302 πρὸς
506 5237 626 5289 Ἕω
653 5236 970 5305 ἀρχομένην
996 5231 1309 5287 ἐπανελθὼν
1337 5233 1462 5285 κατ’
1476 5234 1779 5299 Αἴγυπτον,

232 5333 317 5386 τις
356 5328 648 5396 ἐκκλησίας
682 5326 911 5379 διεῖπεν.
961 5323 1243 5387 Ὡσαύτως
1286 5323 1344 5376 δὲ
1395 5324 1491 5376 καὶ
1542 5322 1779 5385 Παῦλος,

233 5418 311 5467 καὶ
350 5417 689 5489 Μάρκελλος,
756 5417 1068 5485 Ἀσκληπᾶς
1095 5431 1157 5468 τε
1205 5415 1302 5468 καὶ
1357 5416 1609 5478 Λούκιος,
1645 5416 1775 5477 τοὺς

234 5507 375 5573 ἰδίους
400 5512 598 5573 τόπους
628 5509 927 5563 ἀπέλαϐον.

426 5929 690 5985 l’nuoL.
725 5928 812 5985 Gtt
828 5968 843 5988 .
876 5924 1120 5987 CXLVI

1886 4678 2062 4731 bendo
2094 4680 2252 4733 nobis
2285 4679 2658 4748 responderis.
2693 4682 2842 4735 Scito
2866 4697 3106 4751 namque
3143 4672 3451 4751 nos-pacem

1885 4779 2067 4823 tecum
2117 4771 2340 4833 habere.
2380 4783 2433 4826 et
2465 4772 2888 4827 ecclesiasticam
2924 4787 3102 4828 tecum
3150 4776 3457 4828 communi-

1883 4874 2008 4914 care
2031 4862 2501 4929 conjunctionem.
2551 4862 2815 4917 Indicium
2873 4880 3062 4917 earum
3135 4880 3319 4918 rerum
3372 4875 3457 4920 est

1885 4952 2194 5007 litterarum
2232 4962 2544 5007 nostrarum
2581 4955 2768 5008 isthaec
2796 4956 3197 5024 compellatio.r
3237 4956 3344 5010 lies
3378 4957 3453 5009 Λ-

1885 5046 2124 5099 thanasii
2156 5045 2231 5099 ita
2265 5060 2324 5099 se
2350 5047 2616 5101 habuere.
2644 5046 2709 5098 Et
2735 5055 2813 5101 sit:
2846 5047 2935 5101 ille
2963 5063 3029 5101 ex
3078 5047 3371 5103 Occidente
3396 5048 3451 5102 in

1880 5135 2196 5192 Orientales
2220 5147 2406 5206 partes
2457 5152 2740 5201 reversus,
2790 5139 3049 5193 ecclesias
3105 5139 3161 5192 itt
3215 5137 3454 5211 Egypto

1882 5242 2078 5285 rursus
2107 5229 2459 5299 gubernavit.
2491 5230 2688 5284 itidem
2722 5245 2854 5283 vero
2883 5238 2939 5284 et
2964 5231 3170 5285 Paulus
3211 5243 3266 5287 et
3314 5234 3455 5287 Mar-

1881 5322 2075 5390 celius,
2095 5325 2447 5395 etAsclepas,
2476 5335 2532 5380 et
2562 5324 2790 5390 Lucius,
2821 5326 2982 5382 sedes
3012 5341 3141 5381 suas
3172 5343 3451 5398 recepere.

3012 5927 3085 5991 11
