3934 6540
187 465 277 529 333
1082 456 1692 518 ECCLESIASTICJZ
1733 456 2128 522 HISTORIA;
2164 464 2313 524 LIB.
2357 463 2459 524 IX.

3309 462 3414 523 33ι

188 588 338 644 θεσιν,
373 577 590 645 ἀτάκτῳ
623 573 772 645 ῥύμῃ
805 573 1022 637 θέοντες
1059 575 1397 642 συνεχέοντο,
1431 575 1526 627 καὶ
1568 577 1728 628 κατέ-

1838 594 2068 648 corpore
2124 588 2298 642 caret,
2359 583 2530 642 ratus,
2591 577 2757 631 miser
2812 573 3071 646 coniecit.
3148 574 3410 645 Ephraim

191 689 366 728 πιπτον
407 669 668 737 ἀκόσμως
721 665 1238 735 ἀποδιδράσκοντες.
1288 665 1568 737 Σαϐώριος
1601 668 1646 720 δ’
1673 669 1736 722 ὲκ

194 762 376 834 μικρῶν
420 759 516 828 τὴν
553 758 798 828 μεγάλην
830 757 966 809 Θεοῦ
1001 757 1322 826 συμμαχίαν
1375 760 1735 829 μεμαθηκὼς,

191 858 273 909 καὶ
315 853 473 904 πολλὰ
503 851 711 921 δράσας
758 851 822 918 τῇ
863 849 1090 919 τοιαύτῃ
1137 850 1424 919 στρατεία,
1464 851 1614 920 ὅμως
1653 853 1737 906 αι-

194 950 367 1016 σχύνης
397 945 649 1013 ἔμπλεως
685 941 898 994 ἐκεῖθεν
929 943 1286 1012 ἀνέστρεφεν,
1319 942 1500 1012 ἑαυτῷ
1537 945 1738 1012 μᾶλλον

187 1046 238 1094 οὔ
287 1040 448 1110 νίκην,
498 1038 614 1092 ἀλλ’
671 1034 845 1108 ἧτταν
893 1039 1487 1106 πραγματευσάμενος.
1553 1038 1643 1093 Ἐν
1679 1040 1738 1093 δὲ

190 1135 253 1200 τῷ
275 1134 396 1200 πρὸς
417 1132 527 1184 Ἕω
552 1130 808 1200 Περσικῷ
835 1129 1057 1199 πολέμῳ
1082 1129 1416 1199 διατρίϐοντι
1447 1131 1738 1184 Κωνσταν-

186 1228 288 1294 city,
325 1225 650 1291 Μαγνέντιος
684 1223 741 1276 ὲν
782 1219 1023 1293 Ἐσπέρᾳ
1053 1220 1317 1290 τύραννος
1357 1221 1498 1292 ἤρθη
1526 1239 1541 1254 ·
1570 1223 1630 1286 ὃς
1662 1223 1727 1292 δὴ

187 1316 503 1384 τὸνβασιλέα
554 1314 894 1367 Κώνσταντα
948 1314 1011 1366 ὲκ
1054 1314 1322 1383 συσκευῆς
1353 1315 1567 1382 ἀναιρεῖ
1609 1316 1738 1384 περὶ

187 1410 444 1471 Γαλατίαν,
479 1407 573 1460 καὶ
600 1409 700 1473 τὴν
742 1406 837 1458 ὑπ’
868 1405 1017 1475 αύτῷ
1053 1406 1370 1476 ἀρχομένην
1413 1405 1506 1474 ὑφ’
1537 1408 1734 1460 ἑαυτοῦ

188 1503 415 1554 ποιεῖται.
460 1499 540 1550 Δι’
587 1493 649 1550 οὗ
682 1497 950 1565 ἐμφύλιος
1003 1499 1150 1566 μάχη
1190 1498 1499 1552 συνίστατο.
1542 1498 1650 1551 Τοῦ
1682 1497 1736 1551 δὲ

1841 677 2060 732 autem,
2123 669 2218 738 qui
2270 668 2416 732 apud
2474 666 2642 736 Syros
2704 665 2948 734 optimus
3001 664 3105 718 fuit
3157 666 3414 736 scriptor,

1840 776 2005 815 muro
2030 777 2358 825 conscenso,
2393 761 2488 816 ubi
2512 757 2974 814 innumerabilem
3000 759 3144 812 illam
3170 759 3416 813 hostium

1842 855 2257 909 multitudinem
2291 855 2463 917 vidit,
2524 854 2791 908 Iacobum
2846 851 2941 921 qui
3006 859 3122 905 tum
3176 851 3289 914 ibi,
3356 861 3418 904 ut

1843 945 2048 998 dictum
2074 955 2178 1007 est,
2201 945 2521 1014 episcopum
2551 927 2770 1012 agebat,
2804 942 3034 1012 rogavit,
3071 951 3130 996 ut
3151 942 3418 1013 cynipltes

1841 1048 1898 1091 et
1945 1037 2153 1092 culices
2186 1036 2372 1090 Persis
2423 1035 2790 1090 immitteret:
2831 1033 3034 1104 quibus
3094 1033 3194 1096 illi,
3247 1035 3414 1088 etiam

1841 1145 1937 1196 per
1990 1129 2216 1182 minima
2257 1129 2512 1183 animalia
2558 1130 2727 1184 Deum
2763 1129 2844 1184 eis
2889 1127 3106 1183 abunde
3145 1125 3412 1181 auxilium

1841 1220 2010 1282 ferre,
2045 1231 2473 1291 cognoscerent.
2524 1220 2588 1275 Et
2619 1236 2772 1282 ecce,
2801 1220 2964 1276 simul
2988 1235 3112 1275 cum
3149 1219 3264 1288 ipsa
3293 1232 3417 1286 pre-

1843 1312 2081 1376 catione,
2137 1313 2598 1367 animalculoruut
2658 1328 2855 1367 aereus
2914 1311 3191 1366 exercitus
3251 1307 3416 1362 nubis

1841 1403 2015 1457 instar
2053 1403 2344 1458 confertim
2388 1405 2443 1458 in
2492 1404 2618 1458 illos
2650 1404 2877 1468 involat,
2918 1411 2974 1458 et
3008 1403 3060 1456 in
3090 1401 3419 1470 elephanto—

1845 1510 1968 1546 rum
2004 1494 2390 1564 proboscides,
2423 1511 2546 1564 quae
2581 1495 2747 1549 veluti
2782 1495 2930 1550 tibia:
2957 1495 3179 1548 directa:
3209 1493 3418 1547 emine-

1839 1586 1993 1647 bant,
2050 1601 2434 1654 equorumque
2480 1594 2535 1640 et
2579 1586 2807 1640 aliorum
2836 1585 3210 1656 iumentorum
3254 1597 3415 1635 aures

1838 1688 1896 1732 et
1951 1694 2114 1732 nares
2173 1679 2360 1733 irruit.
2406 1678 2487 1732 llli
2537 1693 2670 1732 vero
2726 1677 3185 1731 auimalculorum
3219 1688 3412 1730 eorum

1840 1784 1949 1821 non
2004 1769 2243 1823 ferentes
2297 1784 2678 1838 congressum,
2722 1769 2878 1823 nullo
2931 1777 3149 1823 servato
3193 1766 3409 1831 ordine,

1843 1874 1968 1913 cum
1997 1860 2202 1930 impetu
2238 1859 2618 1914 discurrentes
2662 1860 2986 1924 miscentur,
3023 1860 3411 1930 fugientesque

1837 1952 2072 2020 turpiter
2101 1951 2424 2006 concidunt.
2459 1951 2528 2007 At
2555 1952 2792 2021 Sapores
2838 1965 2903 2005 ex
2954 1951 3120 2006 rebus
3161 1952 3412 2004 minimis

1836 2045 2074 2098 maximo
2109 2044 2201 2099 Dei
2235 2043 2487 2099 subsidio
2511 2043 2758 2113 cognito,
2794 2059 2922 2097 cum
2958 2043 3128 2097 multa
3159 2057 3256 2112 per
3287 2057 3410 2096 eam

1833 2140 2248 2210 expeditionem
2314 2147 2604 2201 tentasset,
2668 2154 2794 2193 cum
2860 2137 3067 2209 probro
3116 2143 3303 2193 tamen
3355 2146 3414 2190 et

1836 2233 2135 2301 ignominia
2187 2233 2315 2286 inde
2376 2231 2653 2295 diseeSsit,
2711 2231 2868 2287 clade
2919 2229 3025 2285 sibi
3085 2229 3190 2299 ipsi
3225 2231 3412 2299 potius

1833 2340 1997 2393 quam
2034 2323 2266 2378 victoria
2296 2334 2470 2394 parta.
2519 2323 2844 2378 Constantio
2875 2331 3060 2376 autem
3093 2321 3237 2376 bello
3275 2321 3414 2376 Per-

1832 2422 1948 2474 sico
2008 2419 2061 2472 in
2119 2417 2345 2472 Oriente
2406 2423 2702 2486 occupato,
2744 2413 3092 2486 Magnentius
3151 2415 3203 2468 in
3254 2413 3415 2468 Occi~

1833 2512 1998 2566 dente
2032 2508 2376 2580 tyrannidem
2409 2507 2655 2578 arripuit!
2694 2507 2789 2576 qui
2834 2508 3218 2576 imperatorem
3268 2504 3412 2559 Con-

1834 2612 2073 2657 stantem
2111 2600 2256 2670 apud
2287 2599 2493 2654 Gallias
2547 2615 2646 2669 per
2693 2598 2926 2654 insldias
2971 2598 3274 2656 interemit.
3311 2599 3412 2652 im-

1835 2691 2155 2762 periumque
2210 2690 2358 2744 illius
2408 2689 2510 2743 sibi
2561 2688 2828 2742 subdidit.
2875 2687 3030 2742 Unde
3063 2687 3249 2741 civilis
3279 2687 3409 2742 belli

1831 2800 1996 2839 causa
2029 2783 2260 2838 exstitit.
2296 2782 2471 2855 llujus
2508 2797 2745 2851 namque
2781 2782 3136 2851 impotentem
3161 2781 3407 2835 animum

1831 2878 2004 2931 verita
2057 2875 2404 2944 imperatoris
2459 2888 2614 2928 soror
2669 2872 2987 2929 Constantia
3021 2875 3142 2943 (l),
3187 2875 3410 2928 Britan-

1833 2965 1985 3020 uioni
2038 2965 2329 3034 imperiale
2390 2963 2652 3034 imposuit
2704 2963 2989 3028 diadema,
3039 2981 3276 3034 eumque
3307 2966 3408 3020 ad-

181 3061 399 3129 δειχθεὶς,
432 3061 613 3113 καὶτὸ
643 3061 746 3129 τῆς
789 3060 1035 3128 ἑσπέρας
1069 3059 1272 3129 κράτος
1315 3059 1728 3128 περιζώσασθαι

1838 3073 2028 3113 versus
2059 3067 2354 3130 tyrannum
2383 3056 2588 3111 ducere
2614 3056 2798 3127 jussit.
2834 3055 2991 3124 Quod
3024 3057 3119 3112 ubi
3139 3057 3409 3114 Constan-

182 3153 372 3206 ἔσπευδε
395 3169 408 3184 ’
434 3156 526 3206 καὶ
553 3154 690 3223 πρὸς
717 3153 808 3204 τὸν
839 3153 947 3204 τῶν
979 3151 1254 3220 ἑσπερίων
1273 3152 1558 3222 τυράννων
1593 3151 1722 3204 καθ·

1838 3151 1944 3204 tius
1968 3150 2250 3219 cognovit,
2301 3157 2358 3203 et
2411 3150 2528 3218 ipse
2556 3149 2914 3218 imperatoris
2949 3150 3190 3221 insignia
3221 3153 3407 3208 eidem

183 3244 412 3309 ωπλίζετο
471 3245 733 3314 πόλεμον.
772 3244 906 3296 Τότε
937 3243 982 3296 δ’
1020 3243 1342 3306 ἈΘανάσιος
1372 3246 1467 3296 καὶ
1499 3243 1720 3297 σύνοδον

1838 3242 1974 3296 misit
2012 3242 2112 3313 (2).
2149 3242 2260 3296 Sed
2288 3251 2345 3296 et
2375 3242 2467 3296 hic
2496 3240 2801 3310 imperandi
2823 3241 3054 3298 libidine
3079 3255 3402 3314 corruptus,

185 3337 232 3387 ὲν
264 3337 629 3409 Ἀλεξανδρείᾳ
677 3325 994 3404 Αἱγυπτίών
1048 3335 1311 3406 ἀθροίσας
1369 3334 1717 3400 ἐπισκόπων,

1838 3339 1882 3389 in
1919 3333 2266 3406 tyranuidcnt
2299 3335 2444 3404 apud
2481 3333 2744 3389 Sirmium
2783 3335 2990 3404 erupit.
3025 3335 3186 3406 745
3221 3337 3408 3393 Roma:

185 3426 236 3478 τὰ
256 3428 304 3478 ὲν
331 3427 562 3498 Σαρδικῇ
595 3428 689 3480 καὶ
740 3426 1074 3496 Παλαιστίνῃ
1115 3426 1246 3494 περὶ
1275 3424 1441 3478 αὑτοῦ
1487 3425 1715 3492 δόξαντα

1838 3445 2042 3500 pioque
2065 3445 2173 3484 nou
2202 3429 2499 3485 mediocris
2521 3430 2794 3486 tumultus
2818 3430 2942 3496 fuit,
2983 3433 3125 3500 quod
3149 3433 3408 3504 Nepotia-

185 3518 351 3586 κυροῦν
378 3524 468 3571 καὶ
497 3518 929 3588 ἐπιψηφίζεσθαι
967 3517 1372 3587 παρεσκεύαζε.

1838 3538 1958 3586 ius,
2000 3522 2276 3590 Eutropiae
2308 3521 2618 3575 Constantii
2663 3514 2872 3577 sororis
2915 3522 3079 3585 filius.
3105 3524 3404 3594 imperium

184 3607 265 3662 sibi
301 3609 349 3663 in
385 3612 516 3666 urbe
552 3612 870 3675 vindicans,
909 3611 1102 3665 fortem
1171 3627 1236 3664 ex
1286 3612 1686 3679 gladiatoribus
1728 3616 2057 3669 satellitibus
2126 3615 2424 3669 exercitum
2481 3624 2850 3671 contraxerat.
2881 3613 3016 3671 Eum
3055 3625 3235 3671 tamen
3295 3635 3404 3674 non

184 3703 260 3756 diu
304 3721 474 3760 rerum
529 3708 782 3777 potitum,
810 3708 1184 3778 Magnentius
1222 3708 1301 3774 (5)
1373 3710 1589 3762 necavit
1625 3727 1639 3763 :
1714 3711 1810 3780 qui
1850 3713 1966 3766 loca
2011 3713 2195 3765 omnia
2237 3712 2290 3764 in
2346 3711 2462 3780 ipso
2502 3705 2799 3766 Occidente
2829 3723 3046 3768 vastare
3083 3730 3192 3768 non
3230 3715 3406 3771 inter.

186 3801 324 3856 misit.
359 3803 592 3858 Tantum
624 3806 781 3859 brevi
817 3815 1068 3874 tempore
1152 3804 1422 3858 malorum
1503 3815 1587 3859 est
1661 3807 2090 3862 accumulatum.
2153 3807 2286 3861 Erat
2339 3807 2386 3861 is
2432 3816 2660 3876 quartus
2717 3823 2746 3860 a
2802 3806 3118 3865 Sardiceusi
3193 3812 3404 3880 synodo

186 3910 348 3952 annus.
381 3899 736 3956 Constantius
787 3917 976 3972 porro,
1023 3901 1117 3970 qui
1198 3891 1408 3954 Orienti
1456 3903 1755 3972 imperator
1812 3903 2120 3959 declaratus
2176 3904 2375 3964 fut-rat,
2431 3903 2789 3959 Occidentem
2876 3919 3095 3975 quoque
3145 3907 3402 3976 potestati

186 4001 274 4041 suae
309 3992 573 4062 subjicere
625 3994 936 4058 contendit,
983 3995 1301 4066 bellumque
1365 3996 1632 4051 adversus
1705 4005 2021 4067 tyrannum,
2058 3997 2150 4066 qui
2216 3996 2290 4050 ibi
2325 3997 2701 4065 grassabatur,
2775 3996 3086 4051 adornavit.
3137 3998 3218 4052 Eo
3262 4008 3402 4052 tem-

187 4095 292 4146 pore
321 4084 643 4140 Athanasius
691 4087 1078 4159 episcoporum
1116 4088 1496 4159 Egyptiorum
1575 4090 1844 4160 synodum
1899 4089 2241 4144 Alexandria:
2290 4085 2516 4158 coegit:
2594 4089 2648 4142 in
2703 4107 2810 4159 qua
2877 4105 3002 4160 qua:
3073 4095 3142 4144 de
3192 4106 3260 4144 co
3309 4094 3396 4144 vel

189 4171 394 4230 Sardicte
418 4179 496 4231 vel
528 4179 582 4231 in
624 4180 913 4234 Palaestina
956 4182 1180 4238 decreta
1209 4193 1423 4248 essent,
1459 4183 1959 4252 comprobarentur
1991 4193 2157 4253 atque
2195 4183 2684 4238 confirmarentur.

184 1595 262 1660 τὴν
288 1594 515 1661 ἄκρατον
571 1589 757 1659 ῥύμην
799 1588 1030 1641 δείσασα
1078 1589 1433 1644 Κωνσταντία
1479 1589 1572 1642 τοῦ
1605 1606 1738 1656 κρα-

182 1685 368 1745 τοῦντος
399 1685 428 1751 ἡ
463 1681 664 1748 ἀδελφὴ
691 1721 706 1743 ,
747 1679 1078 1749 Βρετανίωνι
1125 1683 1220 1732 τὸν
1254 1680 1537 1750 βασιλικὸν
1577 1699 1737 1751 περι-

182 1776 337 1842 τίθησι
370 1775 655 1841 στέφανον,
689 1774 785 1825 καὶ
818 1772 1179 1826 ἀνθίστασθαι
1219 1773 1298 1840 τῷ
1333 1775 1584 1844 τυράννῳ
1619 1774 1738 1828 ὲκέο

183 1869 329 1919 λενεν.
366 1867 428 1917 Ὃ
473 1864 665 1932 μαθὼν
699 1865 726 1915 ὁ
763 1865 1170 1931 Κωνστάντιος,
1207 1865 1302 1918 καὶ⁸
1347 1866 1408 1918 τὸ
1451 1865 1734 1936 βασιλικὸν

182 1958 386 2026 διάδημα
435 1957 704 2026 ἔπεμπεν.
754 1956 918 2008 Ἀλλὰ
971 1957 1066 2010 καὶ
1116 1950 1272 2016 οὗτος
1307 1957 1620 2028 ἐνηδυνθεὶς
1661 1960 1727 2026 τῇ

185 2050 320 2117 ἀρχῇ,
350 2047 610 2114 τύραννος
639 2048 695 2098 ἐν
727 2047 945 2116 Σιρμίῳ
995 2047 1316 2101 καθίστατο.
1353 2049 1461 2101 Ναὶ
1496 2049 1604 2118 μὴν
1635 2051 1730 2103 καὶ

183 2142 297 2192 κατὰ
330 2139 545 2209 Ῥώμην
576 2139 793 2209 ταραχὴ
825 2139 884 2192 ού
933 2140 1130 2210 μετρία
1158 2141 1395 2211 προσῆν,
1439 2142 1730 2195 Νεπωτιαο

184 2233 276 2294 νοῦ,
304 2232 357 2295 ὃς
414 2231 736 2300 ἀδελφιδοῦς
771 2226 837 2301 ἦν
868 2233 1286 2285 Κωνσταντίνου
1325 2232 1421 2286 τοῦ
1476 2233 1729 2304 βασιλεύ-

187 2339 369 2384 σαντος,
423 2321 525 2388 τῆς
587 2322 772 2372 ἐκεῖσε
833 2321 1287 2390 ἀντιποιουμένου
1358 2324 1570 2392 ἀρχῆς,
1630 2325 1731 2377 οὐκ

185 2414 352 2483 ἀγεννῆ
378 2413 626 2482 νεολαίας
659 2415 722 2465 ὲκ
745 2413 1064 2483 δορυφόρων
1105 2415 1432 2484 μονομάχων
1467 2418 1730 2486 στρατιὰν

186 2507 571 2575 ὲπισυρομένου.
616 2505 780 2558 Ἀλλὰ
813 2505 1002 2557 τοῦτον
1039 2505 1138 2574 μὲν
1164 2507 1266 2559 ούκ
1296 2506 1392 2560 ἐπὶ
1423 2507 1561 2561 πολὺ
1591 2526 1726 2580 κρα-

184 2599 393 2667 τήσαντα
445 2601 494 2651 οἱ
529 2599 661 2667 περὶ
705 2598 1050 2665 Μαγνέντιον
1099 2598 1360 2653 ἔκτεινον.
1394 2601 1728 2666 Μαγνέντιος

185 2689 230 2742 δὲ
253 2690 313 2742 τὰ
353 2690 486 2760 πρὸς
519 2690 674 2742 δύσιν
705 2690 919 2742 ᾶπαντα
953 2689 1098 2761 δῃῶν
1128 2691 1228 2742 οὐκ
1253 2692 1430 2744 ἀνίει·
1465 2691 1638 2754 οὕτως
1675 2695 1731 2746 ὲν

185 2781 344 2852 βραχεῖ
367 2782 442 2851 τῷ
469 2783 648 2852 χρόνῳ
677 2781 917 2834 τοσαῦτα
947 2781 1220 2854 συνερρύη
1257 2783 1427 2840 κακά.
1461 2784 1622 2846 Ἔτος
1645 2785 1730 2837 τέ-

182 2892 346 2944 ταρτον
372 2875 414 2927 δ’
442 2871 509 2946 ἦν
552 2874 693 2944 μετὰ
720 2874 787 2927 τὰ
823 2875 880 2927 ἐν
915 2875 1154 2946 Σαρδικῇ
1179 2877 1244 2945 τῇ
1280 2875 1549 2946 ἐκκλησίᾳ
1576 2877 1733 2942 γενό-

184 2985 315 3036 μενα.
335 2957 720 3029 Κωνστάντιοξ
743 2967 802 3020 δὲ
831 2967 1188 3036 αὐτοκράτωρ
1222 2968 1361 3020 κατὰ
1397 2968 1496 3038 τὴν
1553 2967 1729 3039 Ἐᾠαν

726 4302 978 4356 ΚΕΦΑΛ.
1019 4303 1144 4356 ΚΘθ.

197 4409 275 4484 Ὠς
320 4415 492 4468 πάλιν
552 4415 670 4467 τῶν
726 4414 1051 4484 Ἀρειανῶν
1103 4417 1454 4470 ἐπιθέσεσιν
1488 4421 1543 4471 ot
1579 4416 1714 4483 περὶ

245 4482 574 4540 Ἀθανάσιον
588 4482 1022 4556 ἑεηλιιὺνοντο,
1043 4487 1141 4539 καὶ
1162 4488 1343 4551 αὐτὸς
1359 4486 1521 4556 φυγῇ
1539 4482 1714 4556 ἐχ,ρῆ-

2373 4301 2602 4358 CAPUT
2645 4299 2839 4355 XXIX.

1828 4409 1893 4465 Ut
1913 4428 2122 4465 rursum
2155 4413 2472 4465 Arianorum
2505 4427 2663 4479 apem
2694 4411 3014 4464 Athanasius
3037 4412 3104 4464 sit
3125 4416 3396 4482 expulsus.

1893 4483 2102 4552 ipseque
2129 4499 2184 4536 se
2217 4484 2355 4551 fuga:
2375 4483 2690 4536 commiserit
2725 4497 2738 4535 :
2773 4491 2822 4553 et
2852 4491 2908 4534 ut
2933 4483 3102 4553 denuo
3144 4483 3396 4553 Georgius

246 4533 378 4605 άᾶξὸ
392 4533 559 4608 ο”’›ὶὶιὶ
590 4533 913 4620 ’(3ἷὲἓᾶλὶνὲ
941 4533 1712 4624 maga;satagunt,

1890 4533 2701 4624 negatas-5...“;i:suam...,
2727 4533 3241 4624 negaueram;
3254 4533 3397 4624 iii/'5:

248 4625 691 4693 ξΑλεξιὶνδρειαν,
708 4626 806 4678 καὶ
823 4629 1010 4693 μυρία
1034 4627 1186 4679 κακὰ
1207 4627 1714 4692 Ἀλεξανδρεῦσιν

245 4692 517 4762 ἐπήγαγεύ
535 4711 546 4724 '
578 4697 659 4760 ὼς
679 4698 749 4749 ἐν
777 4692 858 4759 τῷ
886 4692 1021 4763 περὶ
1045 4697 1249 4764 φυγῆς
1277 4698 1438 4764 λόγῳ
1471 4697 1714 4763 ἱστόρηο

246 4777 343 4814 σει·
379 4766 740 4832 Ἀθανάσιος.

248 4873 473 4940 Βασιλεὺς
502 4878 555 4930 δὲ
594 4881 717 4940 ταῖς
742 4878 838 4947 τῆς
877 4878 1176 4932 ἀντιπάλου
1217 4878 1486 4947 αἱρέσεως
1519 4874 1715 4927 emes:

193 4978 315 5015 σεσιν
355 4969 653 5038 ἐκτραπεὶς,
686 4971 1008 5040 διάστροφος
1044 4973 1144 5037 τὴν
1187 4967 1415 5039 γνώμην
1461 4967 1672 5034 ἐγίνετο
1694 4982 1708 4996 ο

193 5053 412 5110 ὑπέθεντο
449 5062 551 5131 γὰρ
578 5061 655 5123 ὡς
686 5061 772 5129 εἴη
806 5063 1081 5130 Αιγυπτον
1104 5061 1197 5114 καὶ
1221 5061 1429 5131 Λιϐύην
1460 5059 1710 5128 συγχέων

191 5141 316 5205 αῧἹις
356 5148 380 5198 ὁ
419 5148 748 5213 Ἀθανάσιος.
811 5150 1200 5221 Προσετίθει]τὸ
1249 5168 1312 5218 γε
1363 5151 1468 5220 μὴν
1529 5149 1712 5200 καὶτὸ

1892 4624 2004 4676 uita
2055 4622 2200 4676 mala
2253 4622 2592 4675 conciliarit:
2633 4621 3075 4690 quemadmodum
3126 4621 3188 4678 ea
3227 4625 3290 4678 de
3327 4621 3400 4680 ’γε

1889 4692 1942 4744 in
1981 4694 2221 4744 oratione
2251 4693 2316 4744 de
2349 4695 2472 4762 fuga
2517 4709 2616 4744 sua
2658 4693 2986 4746 Athanasius
3028 4696 3280 4762 scriptum
3308 4712 3398 4748 re-

1888 4762 2063 4831 liquit.

1895 4880 2195 4948 lmperator
2237 4886 2420 4932 autem
2477 4879 2816 4932 adversantis
2866 4887 3031 4933 sectae
3077 4879 3392 4948 importuna

1821 4972 2212 5026 sollicitatione
2252 4971 2606 5025 transversim
2643 4980 2819 5034 actus,
2867 4972 3111 5040 priorem
3159 4973 3394 5026 mutavit

1816 5063 2174 5118 sententiam.
2227 5062 2629 5132 Suggesserant
2688 5064 2836 5116 enim
2893 5063 2967 5126 ei,
3027 5064 3389 5118 Athanasium

1817 5170 2036 5208 rursum
2067 5153 2362 5223 Egyptum
2397 5165 2454 5208 et
2484 5153 2714 5226 Libyam
2756 5153 2999 5207 turbare.
3050 5155 3394 5213 Addiderant

195 5233 255 5301 μὴ
281 5237 358 5285 ἐπὶ
385 5242 491 5302 ταῖς
529 5241 975 5309 καθηκουσάσαις
1006 5241 1155 5309 αὐτῷ
1193 5240 1505 5308 παροικίαις
1533 5254 1712 5307 χειρο-

1838 5243 2004 5304 :tiam,
2055 5242 2112 5296 in
2161 5243 2420 5312 parceciis
2467 5259 2590 5310 quae
2636 5242 3044 5311 iurisdictionis
3099 5244 3221 5312 ejus
3279 5262 3389 5301 tton

192 5329 339 5396 τονίας
365 5337 568 5390 ποιίσαι
586 5354 601 5369 ·
635 5338 728 5390 καὶ
757 5337 820 5390 τὸ
854 5337 1135 5406 μέγιστον,
1163 5336 1236 5398 ὡς
1265 5336 1347 5387 ὅτι
1375 5333 1532 5411 οὗτος
1562 5328 1710 5398 αὺτῴ

1838 5343 2024 5398 :ssent,
2079 5336 2372 5403 episcopos
2427 5343 2484 5388 ct
2535 5334 2890 5403 presbyteros
2943 5333 3280 5406 designasse.
3327 5341 3393 5394 lat

1811 5523 1950 5583 erat,
1983 5512 2224 5574 insidiis,
2257 5510 2401 5564 haud
2456 5511 2618 5583 longe
2665 5510 2733 5565 ab
2765 5511 3061 5580 Hispaniis,
3099 5513 3151 5566 in
3185 5513 3390 5583 Oppido

1814 5582 2039 5640 lleleue.
2077 5583 2294 5636 occisus
2335 5591 2439 5634 est.
2473 5581 2733 5649 Eutrop..
2780 5585 2872 5651 qui
2920 5581 3391 5651 AugustamfAu-

1811 5653 2183 5721 gustodunum
2217 5653 2487 5706 nominat;
2525 5681 2594 5690 -—
2616 5652 2987 5720 Nepotianum
3011 5653 3101 5707 die
3124 5656 3388 5708 vicesimo

1811 5734 2005 5776 octavo
2040 5721 2388 5790 Magnentius
2425 5724 2696 5790 oppressit
2732 5741 2745 5776 :
2783 5731 2839 5776 et
2865 5733 3029 5791 caput
3067 5723 3187 5792 ejus
3215 5725 3387 5780 hastae

1815 5795 2062 5858 infixum,
2101 5792 2154 5846 iu
2193 5793 2328 5845 urbe
2363 5793 2691 5846 circulatum
2721 5802 2826 5847 03L
2857 5792 3027 5847 ldem.

247 5508 312 5574 (ll
340 5511 406 5565 Ad
437 5514 706 5587 Illyricum
748 5529 929 5574 autem
969 5518 1158 5574 Sirtnii
1201 5533 1228 5569 a
1270 5516 1538 5587 militibus
1568 5514 1712 5587 alius

191 5582 412 5641 tyrannus
442 5582 630 5650 lectus,
665 5605 861 5643 nomen
917 5589 995 5642 illi
1031 5598 1148 5644 erat
1199 5585 1552 5641 Britauionis.
1583 5584 1708 5654 (So-

190 5654 302 5724 erat.
333 5653 408 5724 ubi
443 5669 644 5724 supra.)

249 5715 312 5798 (Eli
337 5715 532 5798 \j‘euiatu
570 5715 776 5796 petenti
807 5732 964 5784 facile
995 5729 1167 5785 dedit.
1197 5728 1438 5798 (EgnatJ

248 5791 314 5860 ιδ)
346 5791 612 5859 Constans,
670 5801 735 5852 ad
784 5801 1009 5855 delicias
1058 5791 1336 5865 delapsus,
1387 5796 1703 5866 Magnentii,

191 5862 267 5916 qui
324 5870 481 5917 comes
522 5872 775 5923 ordiuunt
836 5873 1114 5940 Augustae,
1170 5862 1498 5923 Germania;
1529 5867 1702 5928 urbis,
