3928 6536
527 417 632 481 335

1761 423 2185 486 NICEPHORI
2227 422 2566 488 CALLISTI
3531 459 3540 469 -
3675 425 3749 485 336

528 530 675 597 quod
736 533 986 589 omnium
1047 537 1345 591 maximum
1408 538 1583 600 foret,
1643 536 1820 606 ipsum
1881 551 2100 605 quoqne

2206 538 2610 609 ἐκπολεμήσειε
2663 542 2845 607 ζῶντα
2881 545 2970 595 τὸν
3021 542 3275 611 ἀδελφόν.
3337 542 3450 596 Καὶ
3500 538 3749 602 πείσαντες

529 620 752 687 fratrem
779 622 1139 682 Constantem
1194 629 1260 683 ad
1314 629 1631 684 inimiCitias
1680 630 1948 681 adversus
1976 642 2103 681 eum

526 715 864 769 concitasse.
893 717 1109 783 Quibus
1148 720 1477 776 criminibus
1510 717 1655 788 apud
1691 718 2100 780 Constantium,

527 814 586 860 ut
628 808 722 876 qui
756 808 998 880 Euripus
1053 823 1223 877 esset,
1269 813 1534 875 effecere,
1589 824 1646 864 ut
1699 826 1821 879 qua:
1867 810 2107 865 Serdicae

525 901 830 955 conStituta
862 901 1088 957 fuerant
1118 918 1347 973 prorsus
1372 903 1641 965 aboleret,
1675 912 1731 957 et
1758 917 1854 956 eos
1883 904 1975 971 qui
2009 918 2106 969 ριστ-

526 1007 649 1047 eam
705 993 978 1064 synodum
1046 996 1290 1050 restituti
1340 995 1562 1048 fuerant
1627 994 1896 1064 episcopi,
1959 996 2102 1063 exigi

519 1083 771 1154 juberet.
824 1085 902 1139 lta
941 1084 1171 1149 factum,
1205 1094 1264 1139 ut
1294 1085 1556 1141 Marcello
1585 1085 1822 1156 dejecto,
1870 1086 2106 1139 Basilius

527 1176 803 1247 Ancyram
836 1175 1063 1232 Galatia:
1092 1177 1167 1231 sit
1196 1173 1481 1238 reductus.
1530 1188 1586 1233 et
1636 1178 1944 1234 Orestiadis
1992 1180 2107 1247 epi-

526 1283 750 1338 scOpus,
817 1268 1046 1332 Lucius,
1104 1269 1329 1324 vinctus
1383 1269 1438 1323 in
1494 1284 1719 1324 carcere
1774 1270 2103 1326 interierit:

524 1361 731 1416 Paulus
762 1376 894 1414 vero
921 1359 1572 1430 Constantinopolitanus
1602 1371 1872 1432 perpetuo
1901 1363 2103 1417 exsilio

526 1454 811 1516 multatus,
845 1453 898 1506 in
940 1454 1204 1522 oppidum
1253 1455 1529 1522 quoddam
1594 1454 1869 1509 Armenia:
1910 1455 1967 1508 in
2019 1468 2107 1509 so-

521 1546 757 1599 litudine
792 1544 986 1614 situm,
1020 1546 1300 1599 Cucusum
1338 1546 1583 1607 nomine,
1621 1547 1949 1614 deportatus
1978 1546 2051 1599 sit
2088 1564 2099 1598 :

524 1637 617 1690 ubi
669 1636 868 1705 laqueo
917 1622 1320 1706 strangulatus,
1359 1636 1884 1691 Macedonianorum
1938 1649 2105 1703 opera

523 1728 711 1799 periit.
778 1727 943 1801 746
989 1727 1231 1782 Tantum
1268 1737 1451 1781 autem
1481 1727 1762 1781 calumnia
1801 1726 2104 1781 Athanasio

522 1823 667 1892 apud
697 1821 1092 1891 imperatorem
1126 1822 1393 1875 intentata
1425 1810 1618 1883 yaluit,
1649 1829 1710 1873 ut
1732 1820 1777 1874 is
1805 1818 2101 1888 quemdam

520 1912 864 1971 submiserit,
899 1913 992 1981 qui
1028 1925 1197 1979 caput
1241 1912 1314 1964 illi
1371 1911 1692 1980 ubicunque
1738 1922 1960 1980 reperto
1984 1926 2103 1963 am-
2137 1896 2176 1949 Β

520 2014 745 2075 putaret
780 2021 795 2057 :
827 2013 884 2058 et
918 2019 1043 2057 cum
1073 2017 1141 2055 eo
1167 2002 1457 2057 Theodulo
1499 2002 1713 2065 itidem,
1743 2009 1799 2055 et
1827 2000 2101 2072 Olympio,

520 2096 887 2151 ecclesiarum
943 2093 1313 2164 quarumdam
1378 2094 1433 2147 in
1497 2093 1735 2148 Thracia
1805 2092 2101 2163 episcopis.

521 2191 695 2256 Quam
734 2203 849 2242 rem
882 2188 977 2242 ubi
1014 2187 1349 2241 Athanasius
1394 2186 1703 2256 praesentit,
1742 2184 1909 2240 minis
1955 2186 2105 2240 illius

521 2279 747 2346 redens,
798 2279 923 2348 fuga
975 2278 1100 2333 vitae
1146 2293 1260 2331 suae
1310 2278 1611 2331 consuluit.
1667 2278 1842 2342 Quam
1900 2277 2103 2332 deinde

520 2375 704 2440 fugam
752 2371 939 2424 Ariani
983 2378 1114 2423 sunt
1166 2369 1515 2433 calumniati,
1567 2376 1624 2423 et
1674 2369 1911 2423 maxime
1963 2368 2099 2424 Nar-

521 2467 697 2519 cissus
732 2463 1064 2518 Neroniadis
1115 2460 1323 2518 Ciliciae
1368 2460 1688 2530 episcopus,
1744 2470 1801 2516 et
1836 2460 2102 2515 Leontius

521 2557 904 2616 Laodicensis.
957 2565 1071 2609 tum
1123 2567 1310 2608 autem
1347 2552 1732 2609 Antiochenus
1779 2555 2101 2624 episc0pus.

520 2653 597 2705 De
633 2667 744 2720 quo
777 2648 1113 2703 Athanasius
1150 2646 1307 2709 dicit,
1358 2647 1746 2716 presbyterum
1779 2662 1904 2700 eum
1941 2648 2103 2700 mini~

519 2746 711 2803 sterio,
733 2742 880 2811 quod
906 2742 1150 2810 seipsuut
1175 2742 1455 2802 castrarit,
1477 2753 1687 2793 motuin
1714 2754 1857 2793 esse.
1892 2738 2025 2795 Nam
2054 2740 2102 2794 is

521 2837 716 2907 puella:
752 2835 971 2889 cuidam
1026 2832 1288 2887 Eustoliie
1337 2842 1584 2886 venustae
1629 2831 1970 2886 muliercula:
2010 2848 2104 2885 co-

521 2928 799 2992 habAtans,
871 2940 999 2979 cum
1057 2923 1491 2978 invalescentem
1567 2937 1691 2977 eam
1743 2922 1814 2976 ob
1876 2926 2099 2977 causam

519 3020 723 3076 t’mdam
753 3017 1129 3087 suspicionem
1163 3015 1391 3070 abolere
1423 3014 1697 3080 studeret,
1725 3012 1970 3084 seipsum
2012 3029 2101 3068 ca-

517 3114 738 3175 sxravit,
780 3117 834 3163 ut
873 3107 1049 3162 libere
1085 3105 1289 3162 deinde
1317 3120 1441 3160 cum
1465 3118 1530 3158 ea
1560 3118 1682 3159 esse
1727 3111 1934 3172 posset.
1985 3101 2103 3157 Cae-

430 3188 435 3195 ’
518 3216 699 3258 terum
738 3218 806 3255 ne
844 3214 912 3253 eo
940 3197 1164 3268 quidem
1220 3196 1465 3253 facinore
1498 3194 1876 3265 suspicionem
1910 3203 2093 3250 sustu.
2131 3231 2174 3288 Ο

512 3297 606 3352 lit.
638 3292 776 3349 Nam
806 3307 928 3346 eam
962 3292 1035 3345 ob
1078 3303 1195 3344 rem
1250 3298 1365 3344 tum
1408 3288 1485 3342 illi
1519 3287 1761 3357 dignitas
1793 3292 2047 3358 adempta
2080 3305 2095 3344 :

508 3400 712 3461 postea
735 3396 921 3441 autem
937 3381 1247 3438 Constantii
1272 3395 1462 3451 opera.
1486 3378 1813 3435 Laodicensi
1836 3379 2097 3448 primum,

505 3481 721 3536 deinde
770 3479 941 3533 etiam
990 3487 1115 3545 post
1163 3473 1272 3529 Deo
1325 3472 1566 3528 invisum
1604 3472 1972 3540 Stephanum,
2003 3474 2099 3542 qui

510 3575 734 3630 l’lacito
770 3578 897 3640 post
919 3568 1307 3638 Euphronium
1348 3573 1713 3629 successerat,
1743 3562 2103 3619 Antiochense

506 3667 816 3739 praefectus
879 3672 967 3718 est
1016 3660 1292 3716 ecclesiae.
1373 3657 1576 3712 Verum
1638 3658 1925 3711 enimvero
1977 3665 2103 3726 post

516 3757 800 3814 Athanasii
833 3770 956 3825 qua:
986 3753 1132 3808 dicta
1161 3760 1247 3806 est
1299 3747 1483 3818 fugam
1533 3745 1803 3817 Georgius
1832 3748 1884 3801 in
1919 3747 2102 3801 locum

516 3854 640 3923 ejus
668 3858 1014 3919 surrogatus,
1045 3841 1314 3899 ecclesias
1345 3838 1634 3911 Egyptias
1654 3836 1797 3894 male
1821 3839 2098 3894 tractavit.

516 3949 648 4012 Quae
680 3953 863 3998 autem
900 3941 949 3995 is
978 3935 1349 4001 commiserit,
1384 3950 1447 3991 ea
1474 3950 1542 3989 ex
1565 3934 1856 3989 Athanasii
1889 3933 2096 3999 verbis,

517 4038 614 4109 qui
665 4039 747 4093 eis
779 4037 946 4092 rebus
997 4031 1276 4097 interfuit,
1331 4045 1537 4099 easque
1582 4029 1836 4098 pertulit,
1887 4028 2099 4082 rectius

518 4130 917 4199 intelligentur.
950 4126 1090 4183 Nam
1120 4122 1178 4176 in
1207 4121 1572 4194 Apologetico
1601 4121 1768 4184 libro,
1822 4136 1986 4191 quem
2023 4119 2100 4172 De

517 4225 644 4295 fuga
676 4221 979 4291 inscripsit,
1012 4217 1397 4273 defensionem
1425 4214 1696 4268 adversus
1720 4229 1816 4267 eos
1842 4213 1934 4282 qui
1971 4229 2098 4273 eum

515 4323 839 4384 carpeerant
872 4311 1196 4375 instituens,
1243 4308 1585 4362 mentionem
1629 4320 1851 4374 quoque
1901 4320 2095 4358 eorum

516 4422 640 4478 quae
702 4416 817 4460 tum
873 4404 950 4458 ibi
1007 4412 1129 4458 acta
1188 4411 1381 4455 essent
1431 4398 1588 4462 facit,
1645 4405 1700 4451 et
1731 4396 1886 4449 hisce
1924 4397 2100 4450 utitur

516 4497 749 4553 verbis:
793 4516 811 4547 ι
850 4495 908 4550 ln
959 4493 1351 4550 Alexandriam
1401 4504 1598 4544 rursus
1652 4488 1956 4553 irruerunt,
2002 4489 2095 4557 qui

2207 628 2317 689 τοῖς
2348 630 2615 693 τοιούτοις
2647 631 2890 702 Εὔριπον
2923 633 3077 695 ὄντα,
3106 635 3175 687 τὰ
3200 636 3259 685 ἐν
3293 633 3530 702 Σαρδικῇ
3562 646 3751 699 γεγενηο

2209 720 2352 786 μένα
2400 721 2690 791 ἀνέτρεπε,
2735 726 2828 776 καὶ
2858 724 2982 787 τοὺς
3023 724 3091 777 δι’
3125 725 3340 794 ἐκείνης
3386 726 3501 777 ὅσοι
3531 725 3634 775 τῶν
3662 724 3752 773 ἑπι-

2208 808 2432 862 σκόπων
2501 813 2731 866 καθόδου
2793 814 2985 885 ξτυχον
3050 817 3308 869 ἐκέλευεν
3381 814 3749 879 ἐξελαύνεσθαι.

2219 899 2439 970 Ἀμέλει
2477 906 2572 956 καὶ
2606 906 2933 976 Μαρκέλλου
2958 908 3343 978 ἐκϐληθέντος,
3374 909 3649 967 Βασίλειος
3678 907 3749 974 τῆς

2218 991 2730 1063 ’Λγκυρογαλατίας
2762 1000 3062 1068 προΐστατο
3092 999 3272 1062 αὖθις.
3309 999 3369 1053 '0
3397 1000 3456 1053 δέ
3483 1000 3582 1068 τῆς
3628 998 3753 1067 Ὀρε·

2208 1085 2425 1149 στιάδος
2481 1087 2714 1153 Λούκιος
2771 1091 3252 1161 σιδηροδεσμώτης
3314 1094 3372 1144 ἔν
3427 1091 3617 1160 εἱρκτῇ
3660 1089 3753 1142 δ’δ’·

2207 1176 2413 1246 φθάρη.
2469 1180 2682 1245 Παῦλος
2719 1182 2777 1236 δὲ
2806 1184 2835 1236 ό
2874 1184 2975 1253 τῆς
3008 1185 3425 1239 Κωνσταντίνου
3473 1184 3627 1252 ὰῖδίῳ
3655 1182 3754 1252 ἐζη-

2210 1266 2400 1337 μιοῦτο
2425 1276 2571 1343 φυγῇ
2605 1274 2750 1327 κατὰ
2785 1274 2884 1345 τὴν
2927 1276 3025 1345 τῆς
3076 1277 3371 1347 Ἀρμενίας
3405 1277 3683 1346 πολίχνην,
3712 1278 3752 1326 ἐν

2204 1364 2440 1434 ἐσχατιᾷ
2470 1382 2571 1418 ¹που
2604 1367 2867 1437 κειμένην
2893 1384 2911 1401 ’
2948 1370 3261 1422 Κουκουσδν
3294 1369 3466 1439 αὐτὴν
3493 1368 3754 1436 ὀνομάζου-

2209 1471 2295 1506 σιν
2318 1474 2329 1485 ·
2364 1456 2492 1509 ἔνθα
2529 1456 2709 1528 βρόχῳ
2738 1458 2815 1529 τῷ
2861 1459 2929 1513 δι’
2957 1462 3197 1531 ἀγχόνης
3238 1461 3454 1531 ἐφθάρη
3503 1463 3648 1530 παρὰ
3670 1462 3754 1512 τῶν

2205 1547 2275 1598 τὰ
2328 1548 2663 1602 Μακεδονίου
2715 1551 3085 1619 φρονούντων.
3140 1552 3409 1604 Τοσοῦτον
3460 1550 3507 1605 δ’
3558 1554 3609 1602 αἱ
3656 1555 3752 1603 κατ’

2219 1638 2543 1694 Ἀθανασίου
2580 1642 2830 1696 διαϐολαὶ
2864 1644 3023 1715 ἔσχον
3063 1647 3122 1697 τὸ
3164 1646 3388 1715 κράτος,
3421 1644 3496 1706 ὡς
3529 1643 3623 1696 καί
3657 1659 3753 1697 τινα

2207 1730 2448 1799 πέμπειν
2481 1734 2740 1804 ἀφαιρεῖν
2769 1734 2966 1804 ἐκείνῳ
2992 1737 3091 1806 τὴν
3123 1734 3393 1804 κεφαλὴν,
3425 1737 3561 1789 ὅπου
3592 1736 3654 1806 δὴ
3680 1741 3752 1788 καὶ

2207 1823 2520 1891 εὑρίσκοιτο
2541 1839 2554 1852 °
2590 1824 2688 1876 σὺν
2715 1824 2867 1896 αὐτῷ
2896 1825 2953 1877 δὲ
2987 1827 3081 1880 καὶ
3111 1826 3417 1890 Θεόδουλον,
3446 1827 3542 1883 καὶ
3583 1827 3751 1894 Ὀλύμ-

2207 1932 2352 1978 πιον,
2403 1916 2712 1985 ἐκκλησιῶν
2763 1936 2927 1972 τινων
2964 1921 3397 1990 προϊσταμένους
3458 1924 3516 1972 ἐν
3570 1921 3750 1993 Θρᾴκῃ.

2208 2001 2310 2057 Τὸν
2341 2005 2396 2058 δὲ
2431 2006 2862 2076 προαισθόμενον
2892 2011 2962 2063 τὰ
2994 2012 3058 2063 ἐκ
3088 2009 3381 2077 βασιλέως,
3420 2012 3521 2080 τὴν
3553 2014 3756 2079 ἀπειλὴν

2205 2098 2496 2164 ἐκφυγεῖν,
2531 2097 2628 2150 καὶ
2674 2097 2735 2150 τὸ
2766 2096 2866 2170 ζῇν
2907 2101 3471 2169 πραγματεύσασθαι.
3510 2105 3611 2154 Ἣν
3650 2103 3756 2171 δῆτα

2206 2186 2383 2259 φυγὴν
2417 2189 2584 2241 αὐτοῦ
2631 2190 2683 2241 οι
2716 2191 2774 2257 ἐξ
2808 2190 3019 2260 Ἀρείου
3058 2192 3440 2258 διαϐάλλοντες
3484 2190 3656 2264 ἦσαν·
3682 2199 3757 2250 καὶ

2207 2279 2413 2348 μᾶλλον
2464 2281 2780 2350 Νάρκισσος
2831 2287 2860 2337 ὁ
2905 2284 3251 2353 Νερωνιάδος
3315 2287 3643 2350 ἐπίσκοπος,
3683 2291 3758 2342 καὶ

2204 2371 2457 2437 Λεόντιος
2513 2376 2541 2427 ὁ
2570 2376 2929 2443 Λαοδικείας,
2959 2378 3266 2448 τηνικαῦτα
3313 2382 3373 2435 δὲ
3417 2380 3516 2450 τῆς
3569 2385 3621 2435 ἐν
3662 2384 3758 2436 ‘Av-

2204 2465 2413 2534 τιοχείᾳ
2452 2467 2733 2536 προεστὼς
2777 2470 3077 2539 ἐκκλησίας
3104 2488 3117 2501 ’
3152 2474 3282 2543 περὶ
3306 2473 3366 2531 οὗ
3408 2476 3578 2544 φησιν
3618 2475 3754 2527 Ἀθα-

2205 2555 2410 2623 νάσιος,
2438 2556 2520 2610 ὅτι
2550 2560 2924 2631 πρεσϐύτερος
2955 2561 3054 2627 ὢν,
3086 2562 3282 2635 ἐξέστη
3313 2564 3412 2633 τῆς
3434 2566 3757 2635 λειτουργίας

2205 2648 2466 2720 ἐκτομίας
2508 2643 2805 2721 γενόμενος
2838 2654 3165 2723 αὐτουργός.
3211 2658 3477 2729 Παιδίσκῃ
3522 2660 3626 2730 γάρ
3670 2678 3758 2715 τινι

2205 2742 2588 2813 προσεδρεύων
2609 2744 2810 2815 ὠραίᾳ,
2834 2744 3098 2800 Εὐστολία
3122 2749 3178 2801 δὲ
3207 2745 3275 2816 ἦν
3295 2752 3480 2821 ἐκείνῃ
3506 2754 3566 2804 τὸ
3590 2752 3757 2821 δνομα,

2204 2835 2328 2886 ἐπεὶ
2357 2836 2456 2904 τὴν
2480 2837 2872 2906 ἀναφυομένην
2896 2840 3128 2908 αἰσχρὰν
3148 2841 3408 2913 ὑπόνοιαν
3430 2843 3521 2897 διὰ
3545 2844 3759 2913 σπουδῆς

2205 2927 2449 2980 ἐποιεῖτο
2475 2930 2775 2998 περιελεῖν,
2794 2933 3067 3001 ἀπέτεμεν
3084 2912 3278 2987 ἑαυίὸν
3298 2935 3470 3004 ἴνῚξῇ
3491 2936 3760 2999 ἁδεῶςδια-

2206 3018 2417 3087 τρίϐειν
2436 3019 2597 3095 αὐτῇ.
2613 3023 2759 3091 Πλὴν
2789 3025 2883 3075 καὶ
2925 3024 3088 3078 τοῦτο
3103 3026 3330 3095 δράσας,
3350 3029 3452 3080 οὐκ
3486 3028 3762 3097 ἀπενίψατο

2206 3110 2304 3181 τὴν
2328 3111 2583 3165 ὑπόνοιαν
2604 3128 2616 3144 ·
2645 3112 2732 3167 δια
2756 3114 2919 3167 τοῦτο
2950 3117 3072 3170 τότε
3104 3117 3203 3187 μὲν
3228 3118 3325 3188 τῆς
3355 3119 3516 3183 ἀξίας
3545 3120 3761 3189 καθῄρη-

2207 3219 2319 3256 ται·
2339 3206 2544 3274 σπουδῇ
2563 3204 2619 3257 δὲ
2640 3207 3022 3260 Κωνσταντίου
3042 3208 3388 3275 Λαοδικείας,
3405 3211 3601 3265 ἔπειτα
3617 3211 3668 3262 δὲ
3684 3211 3763 3264 καὶ

2206 3295 2305 3365 τῆς
2335 3298 2392 3348 ἐν
2438 3296 2737 3370 Ἀντιοχείᾳ
2769 3302 3061 3368 παροικίας
3104 3303 3347 3370 προέστη
3381 3304 3519 3370 μετά
3543 3304 3631 3356 τὸν
3654 3304 3759 3355 θεο-

2208 3388 2342 3458 μισῆ
2371 3389 2669 3458 Στέφανον,
2702 3390 2759 3454 ὃς
2785 3391 2878 3443 τὸν
2910 3392 3199 3462 Πλάκητον
3227 3392 3501 3457 διεδέξατο
3523 3395 3654 3463 μετὰ
3684 3395 3763 3447 τὶν

2207 3479 2526 3548 Εὑφρόνιον.
2583 3482 2905 3537 ’Λθανασὶου
2957 3483 3013 3536 δέ
3069 3485 3351 3559 ιευγὸντος,
3409 3486 3487 3547 ὡς
3540 3488 3760 3555 εἴρηται,

2205 3571 2474 3641 Γεὼργιος
2530 3572 2718 3627 εἰσιὼν
2764 3571 2942 3640 αὖθις,
2972 3578 3162 3639 κακῶς
3205 3579 3376 3630 ἐποίει
3411 3580 3511 3642 τὰς
3543 3580 3639 3632 ἀνὰ
3674 3579 3762 3646 τὴν

2203 3665 2480 3734 Λίγυπτον
2513 3666 2831 3737 ἐκκλησίας.
2876 3669 3072 3723 Ὀποία
3110 3670 3169 3723 δὲ
3215 3671 3589 3741 διεπράττετο,
3618 3674 3764 3741 ἄμει-

2156 3810 2163 3815 ,
2205 3771 2294 3806 νον
2319 3755 2418 3824 τῆς
2460 3759 2645 3825 φωνῆς
2676 3758 2984 3810 ἐπακοῦσαι
3026 3759 3371 3824 Ἀθανασίου,
3424 3765 3685 3832 παρόντος
3712 3780 3763 3816 τε

2205 3848 2323 3915 ἅμα
2349 3848 2445 3900 καὶ
2474 3850 2820 3913 πεπονθότος.
2857 3849 2947 3903 Ἐν
2990 3853 3097 3923 γὰρ
3137 3853 3216 3925 τῷ
3256 3855 3395 3923 Περὶ
3432 3855 3542 3922 τῆς
3578 3855 3761 3925 φυγῆς

2204 3939 2365 3992 αὐτοῦ
2396 3941 2886 4011 ἐπιγεγραμμένῳ,
2913 3942 3012 4012 τὴν
3052 3944 3357 4012 ἀπολογίαν
3395 3947 3534 4017 πρὸς
3565 3947 3686 4010 τοὺς
3713 3950 3761 3997 ἐν

2207 4030 2411 4103 μέμψει
2436 4034 2797 4102 ποιουμένους
2831 4036 3069 4102 διεξιὼν,
3091 4038 3283 4105 μνείαν
3311 4056 3368 4091 τε
3407 4040 3501 4092 καὶ
3529 4039 3633 4091 τῶν
3651 4042 3763 4092 τότε

2204 4127 2511 4194 γενομένων
2545 4125 2866 4195 ποιούμενος
2887 4168 2902 4194 ,
2944 4130 3066 4182 τάδε
3104 4133 3246 4184 κατὰ
3298 4131 3454 4201 ῥῆμα
3486 4132 3758 4197 διέξεισιν·

2212 4235 2228 4265 ι
2253 4216 2365 4267 Καὶ
2386 4222 2495 4287 γὰρ
2511 4216 2590 4280 είς
2610 4217 2709 4287 τὴν
2723 4216 3134 4290 Ἀλεξάνδρειαν
3154 4224 3473 4292 ἐπεφύησαν
3491 4224 3761 4295 ζητοῦντες

2204 4306 2371 4359 πάλιν
2398 4308 2545 4376 ἡμᾶς
2569 4309 2893 4362 ἀποκτεῖναι
2914 4326 2930 4341 ν
2964 4311 3061 4364 καὶ
3088 4312 3279 4380 γέγονε
3316 4314 3386 4365 τὰ
3435 4315 3631 4385 ὕστερα
3663 4319 3761 4384 χεί-

2205 4412 2335 4465 ρονα
2366 4397 2477 4450 τῶν
2525 4398 2782 4470 πρώτων.
2832 4400 3173 4471 Στρατιῶται
3212 4405 3322 4475 γὰρ
3370 4407 3623 4477 ἐξαίφνης
3672 4408 3764 4476 τὴν

2202 4489 2506 4560 ἐκκλησίαν
2540 4491 2885 4557 ἐκύκλωσαν,
2918 4497 3013 4548 καὶ
3045 4495 3115 4548 τά
3164 4497 3420 4568 πολέμων
3452 4501 3570 4553 ἀντὶ
3600 4500 3762 4570 εὐχῶν

518 4605 621 4644 nos
651 4598 710 4642 ut
739 4585 1061 4642 occiderent
1095 4583 1483 4652 inquirebant.
1522 4579 1588 4632 Et
1638 4579 1777 4634 facta
1821 4587 1951 4632 sunt
1999 4595 2099 4649 po-

2205 4579 2434 4647 ἐγίνετο.
2471 4579 2604 4634 Εἶτα
2665 4581 2924 4636 είσελθὼν
2960 4588 3029 4656 τῇ
3082 4586 3510 4660 Τεσσαρακοστῇ
3556 4594 3583 4643 ὁ
3644 4567 3763 4658 παρ’

520 4681 783 4746 steriora,
812 4679 1097 4733 deteriora
1127 4676 1437 4744 prioribus.
1485 4672 1682 4726 Subito
1709 4673 1862 4725 enim
1893 4672 2101 4724 milites

520 4773 810 4829 ecclesiam
864 4768 1380 4831 circumvallarunt,
1421 4774 1475 4819 et
1506 4781 1602 4832 pro
1640 4766 1955 4833 precatione
1986 4764 2102 4818 bel-

519 4871 637 4922 lum
670 4866 1012 4921 institutum.
1045 4860 1257 4916 Deinde
1282 4858 1716 4926 Quadragesima
1746 4857 1886 4926 ipsa,
1910 4857 2005 4926 qni
2028 4857 2098 4910 ab

519 4962 604 5015 eis
632 4974 665 5014 e
687 4956 1037 5028 Cappadocia
1063 4952 1272 5006 missus
1298 4952 1481 5003 fuerat
1502 4948 1774 5019 Georgius
1797 4950 2101 5016 ingressus,

520 5050 728 5116 clades,
780 5061 982 5119 pravos
1041 5055 1300 5105 conatus,
1342 5057 1483 5111 quos
1535 5042 1602 5097 ab
1661 5042 1770 5096 illis
1805 5042 2098 5105 didicerat,

521 5148 749 5204 adauxit
810 5146 1003 5199 etiam.
1083 5141 1214 5195 Post
1265 5140 1490 5194 Pascha:
1538 5139 1941 5193 hebdomadam
1992 5140 2102 5192 vir-

521 5243 678 5312 gines
710 5240 768 5292 in
825 5234 1052 5288 vincula
1111 5232 1573 5302 conjiciebantur,
1637 5233 1885 5302 episcopi
1934 5248 1963 5286 a
1998 5235 2103 5286 mi-

520 5335 715 5389 litibus
738 5329 908 5384 vincti
935 5325 1324 5381 ducebantur:
1351 5326 1686 5396 pupillorum
1721 5337 1777 5379 et
1809 5329 2097 5380 viduarum

525 5430 726 5482 domus
750 5433 804 5478 et
836 5437 1005 5491 panes
1036 5420 1464 5490 diripiebantur,
1494 5418 1732 5485 impetus
1757 5422 1809 5471 in
1835 5423 1979 5473 aedes
2008 5422 2097 5472 tie-

595 5582 675 5654 (ι)
705 5582 808 5635 Hic
846 5594 1012 5654 supra
1054 5592 1176 5645 cap.
1207 5576 1261 5654 ξε
1296 5577 1432 5654 Eod.
1465 5576 1851 5654 Adriangpolis
1885 5574 2099 5654 episco-

523 5644 625 5722 pus
657 5654 825 5722 fuisse
864 5644 1045 5702 dictus
1065 5644 1169 5702 est.
1209 5648 1464 5722 Sicutiﬂet
1491 5646 1634 5722 apud
1672 5644 1887 5722 Socrat.
1912 5644 2009 5700 lib.
2038 5661 2094 5707 ll,

525 5716 572 5778 ὸ.
602 5724 695 5778 26.
718 5721 989 5776 Orestiain
1022 5730 1204 5772 autem
1236 5720 1350 5770 sive
1381 5718 1725 5772 Orestiadern
1753 5716 1943 5769 urbem
1975 5730 2099 5769 esse

526 5799 715 5847 dicunt
746 5808 910 5861 supra
940 5790 1309 5842 Macedoniam
1347 5789 1400 5840 in
1430 5787 1690 5861 eminenti
1722 5794 1906 5861 tnonte
1935 5788 2095 5861 sitam

527 5865 582 5919 in
631 5855 860 5920 Orestis.
910 5861 1133 5917 Orestas
1179 5861 1325 5913 enim
1379 5858 1611 5927 populos
1657 5858 1904 5909 nominat
1952 5855 2094 5935 Plin.

2201 4673 2383 4726 αὐτῶν
2417 4674 2749 4738 ἀποσταλεὶς
2774 4677 2837 4729 ἐκ
2863 4678 3265 4741 Καππαδοκίας
3287 4680 3582 4750 Γεὼργιος,
3609 4682 3702 4751 ηὖέ
3726 4712 3765 4746 ,-

2205 4783 2297 4818 σεν
2330 4767 2365 4820 ὃ.
2400 4769 2533 4838 παρ’
2565 4770 2751 4822 αὐτῶν
2781 4772 3072 4841 μεμάθηκε
3101 4775 3261 4828 κακά.
3292 4776 3454 4828 Μετὰ
3479 4781 3545 4832 τὰ
3573 4779 3765 4844 ἔϐδομα

2202 4861 2295 4911 τοῦ
2340 4861 2534 4931 Πάσχα
2590 4868 2858 4932 παρθένοι
2891 4869 2974 4927 εἰς
3017 4866 3398 4937 δεσμωτήριον
3451 4870 3763 4923 ἐϐάλλοντο·

2202 4953 2490 5013 ἐπίσκοποι
2522 4955 2721 5024 ἤγοντο
2750 4956 2855 5008 ὑπὸ
2889 4960 3239 5024 στρατιωτῶν
3259 4960 3538 5031 δεδεμένοι
3560 4980 3573 4994 θ
3605 4964 3763 5032 6pc;-

2203 5046 2311 5098 νῶν
2334 5049 2430 5100 καὶ
2457 5048 2642 5117 χηρῶν
2674 5047 2986 5118 ἡρπάζοντο
3009 5035 3182 5103 οἰκίαι
3200 5068 3260 5104 τε
3286 5055 3382 5106 καὶ
3410 5055 3586 5125 ἄρτοι.
3611 5055 3764 5121 Ἐςο-

2201 5139 2280 5192 δοι
2313 5141 2455 5192 κατὰ
2502 5141 2612 5193 τῶν
2645 5141 2834 5194 οἰκιῶν
2876 5141 3140 5211 ἐγίνοντο,
3194 5146 3287 5197 καὶ
3324 5148 3521 5209 νυκτὸς
3560 5151 3606 5201 oi
3635 5148 3763 5214 Χρισ

2204 5233 2415 5286 στιανοὶ
2444 5232 2809 5301 κατεφέροντο
2835 5248 2849 5264 ·
2886 5235 3420 5306 ἀπεσφραγίσθησαν
3442 5239 3607 5292 οίκίαι
3630 5255 3645 5270 ·
3677 5237 3765 5290 καὶ

2203 5322 2426 5389 ἀδελφοὶ
2476 5323 2758 5392 κληρικῶν
2787 5324 2930 5394 ὑπὲρ
2958 5325 3067 5377 τῶν
3121 5327 3374 5395 ἀδελφῶν
3415 5331 3762 5384 ἐκινδύνευον.

2205 5414 2313 5463 Καὶ
2346 5412 2495 5465 δεινὰ
2528 5415 2626 5477 μὲν
2660 5414 2833 5468 ταῦτα
2858 5430 2871 5445 ⁸
2906 5417 3187 5486 δεινότερα
3215 5419 3272 5471 δὲ
3323 5424 3390 5473 τά
3430 5428 3564 5490 μετα
3600 5422 3763 5473 ταῦτα

2204 5570 2308 5644 lib._
2343 5587 2412 5624 iv.
2455 5585 2574 5644 cap.
2612 5572 2699 5626 lO.
2738 5572 2913 5627 Patria
2966 5575 3082 5631 haec
3138 5577 3241 5631 fuit
3286 5578 3564 5632 Ptolennei
3618 5574 3761 5644 Lagi.

2202 5641 2403 5693 hadt‘lll
2437 5642 2655 5695 νισι-ιλιι·
2702 5644 2846 5697 dicta
2891 5660 3012 5698 esse
3057 5648 3223 5702 Adria
3266 5652 3480 5703 colonia
3532 5641 3763 5701 ﬂuuiana

2198 5708 2419 5789 Adriani
2474 5712 2670 5789 patrii.
2721 5730 2882 5781 quam
2943 5719 2987 5769 is
3042 5729 3232 5786 postea
3289 5719 3660 5789 aniphlirarit,
3704 5724 3763 5768 et

2200 5782 2607 5847 AdriunOpolnn
2647 5794 2876 5837 vocarit.
