3928 6538
490 375 596 438 33]

1711 377 1759 436 Ν
1771 373 2136 437 ιιιΕΡΗΟῐιι
2179 374 2528 437 CALLlSTl

3643 365 3735 426 340

491 488 639 557 quod
682 487 864 543 fuerat
911 503 940 541 a
992 487 1236 559 tyrannis
1270 487 1595 544 excitatum.
1633 486 1700 540 Et
1732 487 2061 556 imperatore

2171 485 2292 538 κατ’
2326 487 2480 540 οὐδὲν
2527 485 2854 556 λειπόμενον
2880 483 2992 537 τῶν
3025 481 3130 535 ὑπὸ
3169 485 3284 546 τοῖς
3332 481 3621 551 τυράννοις
3653 497 3735 548 γε-

493 589 612 636 arte
663 579 1066 645 circumvento,
1113 580 1512 636 constitutione
1563 581 1702 649 ejus,
1747 579 1967 649 rapinas
2009 588 2066 631 et

492 672 836 742 direptiones
867 686 1016 736 suas,
1041 687 1178 741 quas
1206 671 1262 724 in
1294 671 1547 726 ecclesiis
1578 685 1840 740 peragere
1871 669 2066 724 decre-

491 774 670 829 verat,
712 763 1086 819 conﬁrmavit.
1143 762 1692 818 Circumferebantnr
1747 778 1845 832 per
1902 761 2066 818 urbes

493 855 845 924 imperatoris
882 856 1099 911 littera).
1154 855 1404 910 Militaris
1444 871 1638 909 manus
1685 855 2065 910 sanctionibus

494 946 881 1002 subserviebat
908 966 920 1002 :
951 958 1006 1002 et
1032 962 1139 1001 non
1169 947 1345 1001 solum
1374 946 1646 1007 ccclesiis,
1676 962 1866 1002 verum
1897 948 2063 1002 etiam

493 1037 729 1092 urbibus
765 1037 900 1108 ipsis
940 1036 1302 1107 pellebantur,
1340 1038 1434 1107 qui
1481 1037 1653 1092 Paulo
1695 1037 1972 1102 favebant,
2009 1046 2066 1091 et

491 1130 554 1182 τὸ
613 1131 897 1200 ὁμοούσιον
919 1173 934 1193 ,
969 1130 1465 1197 consubstantiale,
1500 1130 1927 1200 proﬁtebantur.
1985 1131 2065 1186 Ac

493 1225 732 1290 primum
767 1223 988 1294 quidem
1020 1224 1466 1293 persecutionem
1499 1233 1709 1279 tantum
1755 1223 2060 1294 urgebant:

495 1317 696 1372 deinde
734 1332 864 1372 vero
911 1316 1300 1373 necessitatem
1340 1331 1564 1387 quoque
1603 1316 1964 1388 ejuscemodi,
2007 1328 2066 1370 ιιι

441 1398 464 1414 ’
495 1425 620 1463 cum
657 1409 762 1463 illis
804 1408 1302 1473 communicarent,
1343 1409 1424 1464 eis
1460 1408 1835 1479 imponebant.
1874 1408 1961 1463 cui
1996 1407 2062 1462 ad

494 1495 759 1549 saevitiam
801 1510 920 1551 eam
972 1496 1110 1550 nihil
1155 1496 1394 1562 deesset,
1421 1513 1543 1568 quae
1587 1498 1717 1552 olim
1759 1498 1838 1553 eis
1873 1498 1967 1568 qui
1997 1498 2063 1552 ad

494 1585 768 1640 idolorum
813 1587 1084 1643 sacrificia
1123 1588 1304 1646 adacti
1335 1599 1485 1650 sunt.
1530 1590 1678 1644 illata
1715 1590 1916 1644 fuerat.
1945 1590 2064 1644 Non

491 1679 640 1730 enim
691 1679 1098 1750 proscriptione
1147 1690 1362 1758 tantum
1414 1696 1505 1736 res
1553 1681 1846 1752 agebatur,
1882 1682 1976 1736 sed
2010 1689 2066 1736 et

490 1770 870 1838 publicatione
910 1784 1074 1841 atque
1115 1774 1428 1842 direptione
1467 1775 1763 1842 bonorum,
1798 1784 2064 1844 praeterea

491 1863 696 1932 ﬂagris,
747 1864 1096 1928 verberibus,
1137 1867 1388 1934 variique
1447 1865 1663 1936 generis
1728 1864 2064 1920 cruciatibus

491 1967 547 2007 ct
573 1954 800 2010 exsiliis.
832 1955 986 2010 Multi
1021 1956 1193 2026 plagis
1223 1956 1460 2012 confecti
1495 1957 1776 2012 interiere.
1811 1957 1948 2012 Aliis
1975 1958 2066 2028 jus

492 2047 739 2102 civitatis
777 2049 1118 2119 ademptum.
1159 2050 1392 2116 Quidam
1431 2050 1484 2104 in
1518 2051 1698 2105 fronte
1729 2051 1874 2106 n'otis
1914 2067 2064 2108 com-

490 2139 702 2206 puncti,
748 2147 806 2193 ut
851 2140 1100 2210 dignosci
1156 2152 1416 2211 tanquam
1470 2142 1763 2212 stigmatici
1817 2154 2060 2212 possent.

490 2230 688 2285 Clades
715 2248 778 2288 ea
813 2233 880 2286 ad
913 2234 1090 2290 czcdes
1118 2236 1282 2290 etiam
1320 2236 1613 2305 procesSit.
1653 2235 1900 2304 Namque
1936 2251 2062 2290 cum

491 2322 685 2376 inultis
747 2323 870 2381 aliis
895 2334 950 2378 ct
980 2325 1293 2381 Marcianus
1329 2327 1693 2396 etlilartyrius
1713 2341 1838 2380 cum
1870 2341 2062 2397 magna

489 2413 838 2469 fortitudinis
881 2415 1044 2470 laude
1089 2427 1218 2471 sunt
1269 2418 1498 2482 mortui,
1531 2419 1624 2487 qui
1662 2418 1960 2472 familiares
2005 2426 2062 2471 et

491 2506 692 2563 scriba“:
738 2506 893 2561 Pauli
940 2508 1180 2563 fuerant.
1239 2508 1348 2564 Eos
1401 2509 1754 2564 Macedonius
1803 2509 2062 2580 prarl‘ecto

490 2596 750 2660 tradidit,
795 2599 1007 2652 crimen
1058 2598 1193 2654 illud
1247 2599 1564 2668 obiectans,
1614 2600 1760 2670 quod
1815 2600 2062 2656 seditiosi

490 2699 696 2754 essent,
737 2698 791 2745 et
837 2679 1135 2760 plurimum
1183 2692 1305 2763 opis
1347 2692 1415 2746 ad
1462 2692 1821 2762 Hermogenis
1857 2692 2060 2749 caedem

491 2783 882 2839 contulissent.
919 2783 1123 2840 llorum
1159 2785 1470 2840 Marcianus
1503 2786 1880 2842 snbdiaconus
1915 2785 2022 2843 (uit

488 2873 788 2946 Martyrius
817 2886 1000 2932 autem
1032 2879 1237 2948 psaltes
1266 2894 1361 2934 seu
1387 2888 1603 2944 cantor,
1637 2880 2062 2950 divinarumque

493 2966 909 3039 Scripturarum
937 2971 1131 3026 lector.
1152 2971 1478 3042 Sepulcrum
1509 2988 1702 3028 eorum
1727 2983 1879 3028 extra
1908 2974 2063 3029 urbis

2091 1825 2138 1884 B

2170 579 2508 646 γενημένων.
2543 579 2722 650 Τέχνῃ
2747 578 2806 631 δέ
2844 578 3245 649 μετερχόμενος
3277 576 3369 630 τὸν
3412 574 3734 645 κρατοῦντα,

2167 666 2244 736 τῷ
2272 668 2483 720 ἐκείνου
2515 667 2668 738 νόμῳ
2693 667 2917 737 ἐκύρου,
2950 667 3050 719 ὅσα
3081 666 3284 736 ληίζων
3316 666 3415 728 τάς
3444 665 3733 733 ἐκκλησίας

2167 762 2261 813 καὶ
2309 760 2833 830 ἀνδραποδιζόμενος
2883 760 3147 830 πράττειν
3181 761 3386 830 ᾑρεῖτο.
3449 759 3561 812 Καὶ
3606 757 3735 809 κατὰ

2169 854 2353 918 πόλεις
2415 854 2676 922 βασιλικὰ
2729 855 3000 922 ἐφίπτατο
3055 854 3411 921 γράμματα·
3472 850 3567 901 καὶ
3626 849 3736 920 χεὶρ

2169 945 2538 1017 στρατιωτικὴ
2561 948 2673 1007 τοῖς
2698 945 3113 1013 θεσπιζομένοις
3141 943 3592 1011 καθυπουργεϊτο
3609 957 3622 969 '
3649 943 3734 995 καὶ

2165 1039 2225 1092 οὑ
2257 1039 2420 1110 μόνον
2449 1038 2559 1092 τῶν
2594 1039 2927 1106 ἐκκλησιῶν,
2963 1037 3100 1090 ἀλλά
3123 1040 3218 1091 καὶ
3247 1035 3354 1088 τῶν
3382 1035 3595 1087 πόλεων
3621 1030 3734 1100 ἐξη-

2165 1131 2443 1194 λαύνοντο,
2474 1131 2589 1184 ὅσοι
2633 1130 2700 1202 δὴ
2731 1130 2801 1184 τὰ
2836 1130 3052 1183 Παύλου
3089 1128 3411 1199 φρονοῦντες
3446 1123 3615 1198 ἦσαν.
3647 1127 3734 1180 καὶ

2166 1225 2234 1275 τὰ
2275 1221 2367 1275 τοῦ
2399 1223 2688 1287 ὁμοουσίου
2736 1220 3090 1291 ἐπρέσϐευον.
3130 1221 3236 1272 Καὶ
3285 1221 3353 1273 τά
3407 1219 3509 1288 μὲν
3548 1218 3729 1290 πρῶτα

2165 1313 2380 1367 διώκειν
2413 1314 2576 1382 μόνον
2622 1312 2954 1375 ἐσπούδαζον
2978 1327 2994 1342 ·
3031 1312 3222 1364 ἐπειτα
3256 1311 3312 1365 δὲ
3359 1313 3453 1366 καὶ
3491 1313 3730 1381 ἀνάγκην

2167 1405 2447 1476 προσῆγον
2487 1404 2628 1458 ὥστε
2663 1405 2944 1458 κοινωνεῖν
2973 1404 3161 1466 αὐτοῖς
3185 1420 3200 1436 ο
3234 1405 3330 1456 καὶ
3357 1402 3639 1474 τοιαύτην,
3663 1404 3732 1467 ὡς

2169 1500 2338 1570 μηδὲν
2368 1500 2700 1553 ἀποδέουσαν
2729 1495 2870 1552 εἶναι
2909 1499 3024 1560 τοῖς
3049 1497 3217 1552 πάλαι
3253 1496 3466 1561 ξοάνοις
3497 1495 3734 1550 ἐπιθύειν

2165 1593 2629 1662 ἠναγκασμένοις.
2662 1593 2738 1645 Οὐ
2773 1591 2881 1661 γάρ
2905 1591 3124 1662 ἐξορίας
3155 1591 3334 1659 μόνον,
3358 1589 3494 1644 ἀλλά
3523 1591 3621 1642 καὶ
3645 1590 3732 1659 δηο

2167 1681 2521 1752 μεύσειςκαῖ¹
2577 1682 2795 1736 οίκείων
2830 1681 3158 1749 ἀπαγωγὰς,
3220 1680 3496 1749 μάστιγάς
3538 1696 3598 1732 τε
3647 1680 3732 1731 ἐπὶ

2165 1773 2398 1839 τούτοις,
2451 1775 2634 1837 αἰκίας
2663 1791 2723 1826 τε
2775 1774 2871 1827 καὶ
2902 1771 3155 1836 ποικίλας
3213 1773 3419 1840 ἐπῆγον
3465 1771 3732 1840 βασάνους

2167 1867 2263 1921 καὶ
2292 1847 2531 1936 εξοριαςζ
2579 1867 2670 1930 Ὠς
2701 1867 2795 1920 καὶ
2842 1865 3076 1928 πολλοὺς
3111 1865 3216 1918 ὑπὸ
3250 1865 3471 1932 πληγῶν
3515 1863 3734 1932 διαφθα-

2167 1961 2330 2031 ρῆναι
2355 1975 2371 1992 ⁸
2402 1960 2585 2022 ἄλλοις
2617 1959 2674 2011 δὲ
2699 1957 3067 2028 ἀφαιρεθῆναι
3093 1957 3154 2010 τὸ
3202 1957 3590 2009 πολιτεύεσθαι
3613 1972 3624 1984 ·
3656 1961 3732 2006 τι·

2165 2053 2264 2116 νὰς
2294 2053 2349 2104 δέ
2381 2052 2478 2105 καὶ
2519 2053 2661 2105 κατὰ
2687 2051 2797 2104 τῶν
2829 2049 3098 2119 μετώπων
3139 2048 3435 2118 μαστιγίας
3462 2046 3732 2114 γενέσθαι,

2165 2144 2234 2198 ἵν’
2266 2144 2530 2215 ἐπίσημοι
2587 2138 2699 2195 εἷεν
2729 2141 2883 2205 ὄντες
2927 2141 3182 2195 τοιοῦτοι.
3233 2141 3305 2193 Τὸ
3335 2141 3390 2193 δὲ
3423 2139 3599 2192 κακὸν
3642 2140 3734 2192 καὶ

2167 2236 2330 2305 μέχρι
2360 2235 2538 2303 φόνων
2563 2233 2779 2306 προῄει.
2805 2233 2910 2287 Σὺν
2940 2233 3156 2295 πολλοῖς
3184 2233 3292 2302 γὰρ
3311 2234 3405 2284 καὶ
3435 2231 3621 2294 ἄλλοις
3647 2231 3734 2282 καὶ

2163 2327 2487 2396 Μαρκιανὸς
2529 2328 2626 2380 καὶ
2677 2325 2996 2396 Μαρτύριος
3043 2324 3306 2393 ἀνδρείως
3358 2323 3652 2384 ἀπέθανον,
3686 2323 3735 2374 οἳ

2165 2418 2402 2473 σύνοικοι
2435 2419 2530 2472 καὶ
2561 2418 3019 2488 ὑπογραμματεῑς
3051 2415 3488 2486 χρηματίζοντες
3517 2413 3732 2482 Παύλῳ,

2166 2510 2272 2564 ὑπὸ
2315 2510 2652 2565 Μακεδονίου
2714 2509 2792 2579 τῷ
2852 2508 3084 2578 ὑπάρχῳ
3132 2507 3510 2576 προὺδόθησαν
3559 2506 3734 2558 αἰτίαν

2165 2603 2409 2674 σχόντες,
2456 2602 2531 2664 ὡς
2562 2602 2756 2671 είησαν
2806 2599 3146 2662 στασιώδεις,
3194 2588 3287 2651 καὶ
3339 2600 3403 2666 τῇ
3456 2597 3734 2664 ἀναιρέσει

2172 2693 2540 2768 Ἑρμογένους
2598 2693 2699 2746 οὑκ
2748 2692 3010 2761 ἐλάχιστα
3062 2689 3492 2758 συμϐαλόμενοι.
3527 2685 3640 2739 ἿΙν
3694 2685 3735 2739 δ’

2162 2791 2194 2845 6
2219 2789 2407 2856 ἕτερος
2459 2787 2559 2856 μὲν
2593 2785 2968 2848 ὑποδιάκονος,
2993 2783 3206 2854 ψάλτης
3246 2782 3301 2834 δέ
3336 2782 3362 2831 ό
3395 2768 3732 2846 Μαρτύρίος,

2163 2881 2260 2935 καὶ⁵
2313 2882 2412 2943 τὰς
2447 2879 2597 2941 θείας
2650 2875 3048 2945 ἀναγινώσκειν
3099 2873 3437 2942 τεταγμένος
3487 2870 3733 2940 Γραφάς.

2160 2970 2262 3027 Ὧν
2286 2973 2315 3026 ὁ
2341 2972 2511 3040 τάφος
2556 2971 2666 3042 πρὸ
2689 2969 2785 3024 τοῦ
2814 2970 3030 3038 τείχους
3063 2969 3180 3020 ἐστὶ
3223 2965 3320 3033 τῆς
3355 2965 3588 3025 πόλεως,
3618 2962 3735 3013 ἐπί-

488 3074 709 3115 murum
764 3069 848 3115 est
899 3061 1105 3123 celebri
1156 3062 1284 3120 fano
1338 3064 1623 3130 clausum,
1671 3067 1819 3133 quod
1870 3063 2059 3119 fanum

2165 3083 2342 3137 σημον
2369 3062 2839 3136 περιϐεϐλημένος
2863 3058 3034 3124 οἷκον,
3063 3060 3160 3114 an
3189 3059 3253 3130 δὴ
3279 3056 3579 3127 μαρτύρων
3607 3054 3739 3123 μνῆ-

487 3161 792 3224 martyrum
837 3156 1253 3210 monumimtum
1299 3165 1464 3210 esset.
1509 3156 1566 3211 ld
1611 3155 1854 3211 Joannes
1883 3155 2060 3226 Chry-

2171 3171 2246 3225 μα
2276 3152 2678 3222 καθεστηκότα.
2716 3153 2813 3205 ’ον
2838 3147 2986 3204 οῐκον
3019 3149 3273 3217 Ἰωάννης
3301 3149 3329 3198 ὁ
3357 3146 3456 3214 τὴν
3486 3143 3737 3211 γλῶτταν

487 3253 768 3300 sostomus
795 3246 1007 3312 pri-mus
1029 3257 1352 3302 construere
1380 3248 1566 3316 cmpit,
1592 3247 1829 3303 Sicinius
1859 3248 2061 3304 deinde

2165 3243 2399 3316 χρυσοῦς
2445 3245 2753 3313 οἰκοδομεῖν
2816 3243 3033 3312 πρῶτος
3084 3239 3321 3292 ἐπέϐαλε
3353 3254 3369 3270 ο
3407 3237 3649 3296 Σιισίνιος
3694 3231 3740 3286 δ’

488 3334 724 3391 absolvit
760 3355 773 3390 :
811 3336 906 3406 qui
943 3347 1132 3406 postea
1167 3341 1326 3392 ambo
1370 3337 1629 3394 Ecclesiae
1670 3336 2062 3393 Constantino-

487 3428 752 3497 politam:
802 3430 1090 3498 praefuere.
1144 3431 1307 3502 749
1361 3433 1528 3487 Recte
1575 3432 1723 3486 enim
1773 3441 2060 3501 putarunt,

489 3520 690 3589 dignos
721 3537 841 3578 esse
889 3523 1094 3577 honore
1138 3535 1462 3594 martyrum,
1495 3528 1589 3594 qui
1631 3524 1860 3596 gloriam
1891 3540 1920 3579 a
1953 3524 2063 3579 Deo

488 3619 776 3670 consecuti
834 3627 1041 3681 essent,
1082 3633 1208 3673 cum
1262 3619 1574 3673 daemonum
1632 3621 2060 3688 ejiciendorum,

488 3715 610 3762 tum
653 3707 932 3763 variorum
982 3711 1215 3765 aliorum
1270 3713 1588 3767 morborum
1638 3723 1898 3769 contactu
1946 3731 2064 3768 mo-

487 3801 744 3855 numenti
795 3801 1188 3856 sanandorum.
1238 3801 1425 3872 Itaque
1475 3803 1630 3858 locus
1681 3803 1729 3858 is
1771 3805 2064 3860 damnatus

489 3901 691 3954 antea,
741 3893 1296 3964 apparitionibusque
1349 3894 1776 3950 simulacrorum
1829 3898 2062 3953 horren-

488 3983 616 4050 dus,
645 3985 898 4055 expiatus
935 3989 1003 4040 ab
1048 3987 1130 4040 eis
1175 3997 1260 4041 est
1307 3997 1364 4041 et
1397 3999 1682 4056 purgatus.
1717 3989 1786 4043 Et
1816 3989 2066 4045 Macedo-

489 4077 620 4133 nius
653 4078 877 4147 quidem
928 4079 1045 4139 hzec
1078 4079 1158 4135 sic
1191 4079 1247 4134 in
1281 4079 1524 4136 Orientis
1556 4081 1788 4137 urbibus
1816 4083 2062 4152 gerebat.

490 4170 674 4227 Urbes
722 4189 854 4227 vero
908 4171 1226 4228 Occidentis
1284 4182 1340 4228 et
1389 4173 1614 4229 Graeciae
1669 4174 1738 4228 ad
1785 4173 2062 4246 Illyricum

2163 3337 2352 3390 ἔπειτα
2387 3335 2687 3399 ἐξετέλεσε.
2723 3336 2834 3388 Καὶ
2868 3335 3035 3402 ἄμφω
3065 3332 3121 3385 δὲ
3156 3331 3254 3399 τῆς
3291 3332 3742 3382 Κωνσταντινοω

2163 3431 2375 3495 πόλεως
2413 3428 2746 3500 Ἐκκλησίας
2776 3427 2915 3498 μετὰ
2944 3425 3120 3479 ταῦτα
3145 3425 3440 3493 ἡγήσαντο.
3473 3423 3602 3472 Δεῖν
3632 3419 3740 3486 γὰρ

2163 3524 2348 3587 αὑτοῖς
2377 3522 2522 3582 εδοξε
2547 3523 2641 3578 καὶ
2668 3519 2835 3589 τιμῆς
2861 3517 3147 3582 ἀξιοῦσθαι
3177 3513 3546 3585 μαρτυρικῆς,
3581 3511 3739 3576 δόξαν

2164 3611 2613 3680 κληρωσαμένοις
2646 3609 2753 3662 ἀπὸ
2776 3607 2934 3668 θεοῦ,
2967 3605 3228 3674 δαίμονάς
3260 3621 3318 3656 τε
3344 3602 3624 3663 ἐλαύνειν,
3649 3603 3742 3654 καὶ

2164 3706 2330 3767 ἄλλας
2365 3703 2558 3764 νόσους
2592 3701 2844 3763 ποικίλας
2891 3699 3078 3753 ἰᾶσθαι
3106 3701 3170 3768 τῇ
3207 3697 3341 3761 θίξει
3379 3694 3474 3748 τοῦ
3516 3699 3746 3764 μνήμα-

2163 3814 2252 3856 τος
2278 3811 2293 3826 ⁶
2322 3794 2624 3863 καταδίκης
2665 3793 2711 3846 δ’
2746 3793 2876 3846 ὄντα
2905 3793 3083 3860 χῶρον
3133 3790 3189 3842 τὸ
3234 3791 3524 3857 πρότερον,
3561 3787 3743 3839 δεικὺν

2164 3889 2222 3942 δὲ
2253 3890 2348 3942 καὶ
2381 3887 2634 3956 φάσμασι
2669 3885 3045 3948 κατειδώλοις,
3083 3885 3220 3955 πρδς
3256 3883 3440 3936 αὑτῶν
3463 3881 3746 3950 κεκαθαρ-

2167 3982 2280 4035 θαι.
2314 3979 2554 4033 Τοιαῦτα
2596 3980 2696 4049 μὲν
2743 3979 2881 4032 κατὰ
2914 3978 3012 4041 τὰς
3052 3975 3193 4046 ἐῴας
3237 3977 3421 4035 πόλεις
3459 3975 3562 4027 ὑπὸ
3614 3975 3754 4028 Itiu-

2167 4073 2411 4126 κεδονίου
2461 4072 2885 4140 ἐπράττετοοαί
2938 4071 2982 4123 δ’
3033 4071 3136 4124 ἀνὰ
3196 4071 3296 4138 τὴν
3341 4068 3620 4137 Ἑσπέραν
3651 4067 3748 4119 καὶ

2176 4163 2408 4215 Ἐλλάδα
2467 4163 2564 4214 καὶ
2615 4162 2746 4230 ἄχρι
2801 4159 2865 4230 δὴ
2901 4163 2997 4212 καὶ
3056 4158 3223 4214 αὑτοῦ
3277 4160 3370 4211 τοῦ
3435 4157 3746 4228 Ἰλλυρικοῦ

491 4279 669 4333 usque
737 4263 877 4318 nihil
912 4265 1182 4333 ejusmodi
1217 4265 1494 4334 pertulere
1531 4284 1546 4321 :
1579 4267 1726 4335 quod
1763 4268 2061 4323 concordes

2165 4255 2456 4326 ἀπείρατοι
2516 4255 2924 4323 μεμενήκεσαν,
2973 4252 3256 4322 σύμφωνοι
3294 4251 3429 4320 πρὸς
3474 4251 3745 4321 ἀλλήλους

489 4368 694 4422 essent,
735 4369 792 4413 et
825 4359 938 4427 jam
988 4359 1115 4412 inde
1147 4357 1214 4411 ab
1246 4358 1406 4412 initio
1438 4358 1674 4412 Nicaeam
1723 4359 1916 4430 synodi
1964 4359 2062 4414 de-

491 4457 642 4502 creta
668 4457 986 4503 constanter
1007 4449 1328 4502 retinerent.
1349 4446 1624 4503 Caeterum
1648 4449 1872 4513 Paulus,
1898 4451 2059 4505 sicuti

490 4549 654 4594 antea
689 4556 909 4609 quoque
941 4540 1147 4595 dictum
1167 4551 1273 4605 est,
1304 4539 1504 4596 Cucusi
1543 4542 1826 4605 exsulans,
1866 4543 2062 4610 impio-

493 4646 618 4684 rum
677 4630 964 4685 hominum
1028 4633 1354 4689 crudelitale
1413 4647 1509 4702 per
1571 4635 2060 4702 strangulationem

491 4727 659 4778 vitam
712 4725 853 4780 liniit
899 4726 998 4797 (1).
1039 4726 1236 4782 Obitus
1287 4728 1409 4798 ejus
1456 4727 1792 4781 Athanasius
1839 4743 2083 4797 quoquc-

489 4818 546 4872 in
598 4817 916 4874 defensione
965 4818 1105 4889 lugae
1153 4835 1265 4874 suae
1316 4819 1571 4872 meminit
1618 4818 1772 4874 hisce
1820 4817 2004 4872 verbis
2045 4836 2058 4873 :

497 4930 514 4961 ι
555 4908 1067 4980 Constantinopolis
1096 4911 1243 4966 enim
1289 4913 1614 4980 episcopum
1649 4911 1898 4980 paulum,
1935 4926 2059 4966 cum

488 5003 771 5069 latosccuti
821 5014 1005 5057 essent
1059 5013 1115 5058 et
1168 5004 1533 5069 invenissent,
1570 5003 1856 5072 propalam
1894 5003 2062 5057 δυσο-

489 5098 728 5150 candum
773 5107 1044 5151 curarunt
1088 5096 1142 5150 in
1183 5096 1385 5165 oppido
1421 5093 1666 5155 Cucuso.
1699 5093 1957 5149 carniﬁce
1993 5095 2060 5148 ad

490 5190 698 5242 czcdcm
766 5204 887 5244 eam
937 5190 1022 5244 usi
1069 5188 1324 5258 Philippo
1371 5187 1465 5256 qui
1512 5185 1692 5241 fuerat
1735 5187 2060 5256 praefectus;

494 5291 616 5338 erat
646 5297 886 5351 namque
918 5279 1143 5335 haeresis
1175 5294 1368 5334 eorum
1405 5269 1820 5350 antesignanus,
1849 5287 1905 5334 et
1935 5295 2062 5348 pra-

490 5389 684 5428 vorum
737 5373 1097 5429 consiliorum
1145 5369 1490 5425 administer.
1532 5387 1551 5422 ι
1610 5367 1735 5425 llaec
1785 5369 1864 5424 sic
1916 5370 2057 5424 fere-

491 5465 714 5531 bantur.

567 5676 642 5743 (l)
673 5675 748 5728 De
776 5670 924 5726 caede
950 5669 1100 5724 Pauli
1143 5668 1239 5723 lib.
1278 5684 1349 5731 IV,
1379 5682 1502 5743 cap.
1525 5668 1581 5730 9,
1615 5665 1833 5743 ὃοῑοιιιλ
1864 5684 1877 5718 :
1912 5663 2056 5720 Pau-

2164 4348 2341 4408 οῦσαι,
2376 4348 2474 4400 καὶ
2497 4347 2588 4400 τὸν
2625 4345 2862 4399 ἔκπαλαι
2897 4346 3020 4415 ὅρον
3047 4345 3146 4414 τῆς
3177 4346 3232 4396 ἐν
3268 4344 3474 4413 Νικαίᾳ
3520 4343 3747 4396 συνόδου

2167 4440 2557 4511 κρατύνουσαι.
2602 4438 2659 4490 Ὀ
2688 4437 2746 4490 δέ
2791 4435 3020 4498 Παῦλος,
3052 4435 3124 4496 ὡς
3157 4436 3250 4487 καὶ
3281 4435 3555 4504 πρότερον
3589 4435 3752 4502 εἴρη-

2166 4551 2278 4596 ται,
2325 4533 2382 4584 ἐν
2425 4533 2490 4600 τῇ
2530 4528 2826 4598 Κουκουσῷ
2874 4529 3163 4596 ὑπερόριος
3209 4525 3476 4593 γεγονὼς,
3532 4527 3753 4596 ἀγχόνῃ

2164 4621 2242 4690 τῷ
2275 4622 2521 4690 σφετέρῳ
2553 4620 2828 4689 ώμοφόρῳ
2877 4618 3244 4689 χρησαμένων
3274 4619 3386 4671 τῶν
3436 4619 3750 4681 δυσσεὸῶν,

2165 4715 2398 4770 ἀπεδίω.
2431 4715 2544 4782 Ti;
2577 4713 2622 4765 δ’
2669 4711 2835 4768 αὑτοῦ
2865 4712 3120 4780 τελευτῆς
3169 4712 3264 4764 καὶ⁵
3319 4711 3654 4772 Ἀθανάσιος
3689 4713 3749 4762 ἐν

2165 4807 2243 4876 τῷ
2270 4805 2418 4876 αὑτῷ
2439 4810 2536 4875 τῆς
2557 4807 2735 4874 φυγῆς
2760 4803 3141 4874 ἀπολογητικῷ
3164 4803 3576 4872 ἐμνημόνευσεν
3599 4801 3754 4855 οὕτω

2167 4899 2392 4968 φάσκων
2413 4912 2427 4926 ·
2477 4915 2495 4948 ι
2544 4895 2649 4948 Τὸν
2678 4896 2785 4964 γὰρ
2814 4897 2913 4965 τῆς
2947 4893 3576 4954 Κωνσταντινουπόλεως
3629 4891 3755 4944 ἐπί-

2165 5008 2368 5056 σκοπον
2416 4986 2628 5045 Παῦλον
2673 4987 2963 5055 διώξαντες
3003 4990 3098 5040 καὶ
3134 4988 3404 5056 εὑρόντες,
3442 4986 3754 5055 προφανῶς

2165 5082 2535 5151 ἀποπνιγῆναι
2595 5081 2928 5149 πεποιήκασι
2982 5081 3046 5149 τῇ
3090 5078 3356 5148 λεγομένῃ
3412 5075 3753 5145 Κουκουσῷ,

2164 5177 2359 5247 δήμιον
2389 5174 2682 5245 ἐσχηκότες
2714 5175 2792 5236 είς
2821 5172 2984 5225 τοῦτο
3009 5170 3276 5224 Φίλιππον
3321 5170 3414 5222 τὸν
3445 5169 3755 5238 γενόμενον

2168 5269 2428 5340 ἔπαρχον.
2461 5263 2569 5320 Ἦν
2596 5266 2704 5336 γὰρ
2737 5265 2952 5333 καὶτῆς
2986 5263 3252 5333 αίρέσεως
3285 5261 3466 5313 αὑτῶν
3499 5260 3759 5330 προστά-

2164 5377 2284 5428 της,
2314 5359 2408 5410 καὶ
2428 5355 2535 5408 τῶν
2550 5353 2808 5423 πονηρῶν
2841 5351 3228 5423 βουλευμάτων
3245 5347 3544 5420 ὑπηρέτης.
3575 5365 3600 5400 ι
3638 5345 3758 5400 Καὶ

2161 5453 2228 5505 τὰ
2265 5451 2362 5519 μὲν
2388 5441 2487 5501 ὦδε
2517 5444 2764 5515 ἐφέρετο.

2163 5665 2407 5716 morbone
2462 5664 2656 5722 dicam.
2683 5679 2751 5716 an
2802 5662 2850 5716 vi
2906 5661 2954 5712 ei
3000 5655 3257 5719 adhibita,
3285 5667 3393 5722 non,
3436 5651 3572 5705 satis
3621 5651 3758 5703 scio.

498 5721 1766 5809 In;claudiumperpetuumcondemnatus,“
1795 5735 2058 5809 Cucnsnru
2164 5732 2338 5809 Fama
2377 5743 2514 5786 certe
2563 5721 2714 5809 hodie
2759 5745 2959 5807 quoque
3005 5728 3221 5791 obtinet,
3267 5741 3299 5778 a
3343 5721 3762 5776 Macedoniam}

495 5814 761 5880 Armenia:
812 5806 1112 5881 deportatus
1173 5821 1244 5864 est
1282 5826 1299 5863 :
1338 5808 1423 5860 ubi
1475 5809 1636 5862 etiam
1683 5809 1843 5862 vitam
1893 5806 2052 5872 (iniit,

2165 5804 2348 5874 laqueo
2378 5803 2782 5875 strangulantur
2797 5817 2924 5856 esse.
