3934 6568
496 384 602 445 343

1695 397 2115 457 NICEPUOIH
2155 401 2506 464 CALLISTI

3633 404 3723 467 3ἇὶ

494 494 565 550 ibi
595 504 902 560 manentes,
933 497 1164 565 perinde
1195 511 1359 568 atque
1391 501 1600 568 priores
1633 503 1759 557 fidei
1799 505 2062 558 formulas

2179 510 2507 579 ὅπηγόρευον
2568 509 2802 572 πίστεις.
2850 508 2961 580 Τὴν
2997 509 3100 578 μὲν
3146 507 3238 561 οὖν
3297 508 3428 579 μίαν
3472 509 3724 581 Ἑλλήνωι

492 587 844 655 damnarent,
879 599 992 646 tres
1035 591 1171 646 alias
1212 594 1656 664 promulgarunt.
1685 596 1864 665 Atque
1897 610 2058 649 unam

494 678 716 749 quidem
765 679 955 735 Graaca
997 681 1184 754 lingua
1218 684 1430 742 Marcus
1461 687 1794 742 Arethusius
1836 703 2061 756 compo-

494 771 628 836 suit,
669 772 893 842 reliqua:
925 775 1122 830 Latiuo
1157 791 1412 833 sermone
1444 778 1661 834 fuerant
1691 781 2017 848 conscriptae
2044 800 2057 833 :

495 879 618 932 quae
671 864 834 924 simul
877 873 933 921 et
983 867 1168 922 verbis
1219 876 1274 921 et
1323 883 1514 924 eorum
1561 878 1839 924 structura
1897 880 2062 938 atque

495 956 898 1025 compositione
963 959 1030 1012 ab
1083 960 1361 1014 Arethusii
1426 962 1770 1030 expositione
1813 960 2064 1030 prorsus

447 1041 454 1048 ’
494 1047 861 1102 dissidebant.
903 1049 1044 1114 Quin
1095 1067 1273 1120 neque
1316 1054 1509 1107 eadem
1545 1069 1668 1123 qua
1702 1054 1912 1122 priores
1953 1054 2065 1106 tor-

495 1139 657 1193 mulzc
735 1143 1264 1211 complectebantur.
1321 1142 1508 1199 Graeca
1588 1161 1824 1215 namque
1885 1161 2065 1215 neque

492 1231 802 1299 ὁμοούσιον,
824 1235 1378 1300 consubstantialem,
1399 1251 1577 1306 neque
1607 1237 1971 1307 ὁμοιοούσιον.
1991 1238 2066 1292 si-

493 1321 679 1376 milem
714 1324 1040 1387 substantia,
1066 1326 1210 1380 Patri
1242 1326 1439 1381 Filium
1481 1328 1713 1383 dicebat.
1747 1327 1814 1382 Et
1848 1344 1943 1383 eos
1973 1321 2062 1395 qui

493 1415 761 1470 docerent
799 1417 996 1470 Filium
1036 1418 1298 1488 principii
1346 1432 1633 1489 expertem
1665 1436 1809 1481 esse.
1849 1432 1943 1475 aut
1971 1422 2062 1491 qui

493 1504 692 1559 Filium
720 1507 999 1560 dilatatam
1029 1509 1125 1561 Dei
1159 1509 1522 1564 substantiam
1553 1511 1819 1571 facerent.
1851 1521 1944 1564 aut
1970 1513 2062 1580 qui

491 1598 660 1650 etiam
692 1601 1071 1666 conjunctum,
1107 1616 1211 1654 non
1245 1610 1427 1655 autem
1462 1601 1771 1671 subjectum
1803 1604 1948 1659 Patri
1983 1604 2069 1656 di.

491 1700 681 1743 cerent
703 1729 716 1753 ,
768 1691 1306 1747 excommunicabat.
1330 1691 1486 1762 751
1522 1693 1713 1749 Itidem
1740 1710 1872 1749 vero
1903 1706 1958 1750 et
1988 1697 2070 1750 al-

493 1792 604 1833 tera
624 1781 816 1834 Latina
847 1782 916 1836 de
933 1784 1239 1837 substantia
1286 1800 1473 1853 agens,
1491 1786 1802 1853 ὁμοούσιον,
1831 1789 2064 1842 consub-

491 1871 997 1943 stantialem,juxta
1051 1885 1105 1927 et
1149 1875 1493 1942 δμοιοούσιον
1526 1878 1761 1932 similem
1804 1879 2064 1933 substan-

495 1963 568 2016 tia
593 1965 820 2018 omnino
845 1965 1137 2018 dicendum
1165 1979 1286 2019 esse
1312 1966 1599 2021 inhibebat
1626 1985 1638 2020 :
1665 1977 1725 2022 ut
1748 1984 1870 2038 quae
1896 1971 2062 2024 verba

494 2069 673 2124 neque
722 2058 775 2108 in
828 2057 1132 2126 Scripturis
1179 2058 1352 2113 sacris
1398 2060 1612 2127 uspiam
1659 2060 2065 2126 invenirentur,

492 2163 676 2218 neque
715 2150 1142 2218 cogitationibus
1174 2152 1370 2219 primis
1413 2162 1508 2205 aut
1541 2153 1856 2222 cognitione
1893 2155 2066 2208 homi-

495 2255 630 2294 num
665 2242 872 2312 percipi
905 2222 1149 2310 possent.
1181 2241 1484 2298 Constituit
1514 2259 1666 2309 sane,
1695 2243 1913 2299 Patrem
1949 2261 2068 2301 ma—

431 2354 444 2371 σ
494 2337 670 2405 jorem
705 2335 997 2389 dicendum
1035 2351 1157 2389 esse
1194 2350 1318 2389 cum
1363 2336 1572 2390 honore
1612 2345 1669 2391 et
1707 2337 1970 2405 dignitate
2012 2345 2070 2391 et

497 2427 813 2492 divinitate,
843 2436 958 2480 tum
1001 2427 1119 2494 ipso
1156 2429 1505 2495 paternitatis
1530 2430 1776 2483 nomine.
1812 2429 2070 2485 Decernit

497 2518 667 2574 etiam
706 2533 831 2572 cum
876 2521 1135 2573 omnibus
1166 2521 1362 2574 Filium
1395 2522 1704 2592 subjectum
1736 2536 1857 2577 esse
1893 2523 2066 2578 Patri.

498 2611 572 2664 Et
598 2611 857 2680 principii
896 2613 1114 2680 quidem
1151 2622 1433 2682 expertem
1468 2629 1586 2669 esse
1619 2615 1851 2678 Patrem,
1885 2617 2068 2669 omni-

497 2702 603 2755 bus
635 2717 768 2756 vero
805 2703 987 2773 (Patre
1021 2708 1273 2774 excepto)
1312 2705 1433 2759 Filii
1481 2707 1890 2774 generationem
1944 2723 2069 2762 esse

498 2793 859 2864 incognitam.
895 2796 1065 2862 Quam
1101 2796 1391 2850 formulam
1427 2808 1488 2851 ut
1522 2797 1704 2853 minus
1735 2809 1882 2853 recte
1912 2816 2069 2854 com—

499 2883 758 2953 positam.
797 2894 1154 2955 posteaquam
1207 2888 1396 2964 multis
1447 2891 1787 2960 promulgata
1843 2892 2071 2946 tradita-

497 2989 607 3045 que
655 2975 858 3041 fuerat,
894 2980 1134 3048 epiecopi
1187 2991 1487 3036 retractare
1535 2985 1960 3053 contenderunt.
2001 2987 2098 3040 Et'

499 3067 800 3137 imperator
833 3071 948 3137 ipse
997 3070 1050 3122 id
1101 3072 1266 3134 serio,
1299 3073 1694 3127 coercitionem
1733 3075 1814 3129 eis
1855 3085 1911 3129 et
1955 3090 2071 3144 pte-

498 3175 628 3215 nam
660 3161 751 3230 qui
785 3177 905 3215 eam
938 3164 990 3215 in
1014 3163 1191 3218 lucem
1241 3165 1506 3232 prolatam
1546 3181 1656 3220 non
1700 3168 2079 3224 reddidissent
2108 3181 2147 3234 (ζ

497 3251 775 3316 minatus,
831 3253 1131 3307 mandavit.
1187 3255 1390 3308 Verum
1443 3271 1508 3308 ea
1564 3257 1712 3325 quod
1771 3259 2069 3315 multorum

498 3358 699 3398 manus
743 3354 1095 3412 pervenerat,
1125 3361 1234 3399 non
1280 3361 1510 3414 prorsus
1551 3357 1636 3402 est
1676 3349 1898 3406 abolita.
1927 3352 2076 3408 Alte~

499 3450 620 3490 ram
646 3435 870 3504 quidam
898 3451 962 3488 ex
994 3435 1222 3501 Latinis,
1247 3438 1298 3492 ei
1326 3454 1450 3507 qua:
1479 3440 1546 3494 ab
1567 3441 1864 3498 Arethusia
1890 3444 2072 3498 Marco

498 3525 650 3581 edita
685 3535 772 3582 est
803 3542 1131 3590 connexam,
1170 3527 1222 3582 in
1279 3532 1568 3598 praesentia
1623 3533 1876 3589 referam.
1920 3536 2072 3592 Alte-

497 3633 618 3672 ram
653 3627 838 3673 autem
879 3635 1002 3688 qua:
1042 3630 1228 3688 postea
1271 3622 1410 3676 lecta
1455 3633 1560 3687 est,
1601 3623 1726 3678 loco
1772 3641 1874 3680 suo
1915 3643 2076 3695 repo-

497 3726 652 3777 nam,
681 3726 806 3766 cum
840 3727 928 3766 res
954 3712 1188 3766 Arimini
1223 3726 1375 3769 actas
1400 3719 1868 3773 commemorabo.
1898 3719 2072 3784 Quam

501 3803 716 3857 Marcus
741 3803 988 3867 dictavit,
1019 3803 1098 3858 sic
1121 3819 1180 3858 se
1203 3805 1409 3860 habet:
1445 3824 1463 3857 ι
1498 3807 1788 3865 Credimus
1816 3811 1871 3864 in
1901 3827 2071 3866 unum

499 3895 704 3962 Deum,
731 3897 946 3950 Patrem
982 3898 1440 3966 omnipotentem,
1475 3911 1778 3956 creatorem
1823 3915 1878 3958 et
1899 3903 2075 3958 faeto-

501 4003 621 4043 rem
657 3989 1044 4043 universorum
1081 4007 1094 4041 :
1129 4006 1194 4042 ex
1224 4007 1336 4060 quo
1378 3993 1558 4046 omnis
1596 3999 1898 4062 paternitas
1934 4005 1991 4050 et
2021 3997 2074 4049 in

501 4080 645 4136 ctelo
676 4089 732 4135 et
764 4081 818 4134 in
851 4091 993 4136 terra
1027 4084 1367 4170 nom.inatur.
1401 4083 1466 4138 Et
1493 4085 1548 4139 in
1584 4087 1923 4154 unigenitmn
1958 4091 2078 4159 ejus

500 4171 705 4228 Filium
745 4173 1037 4228 Dominum
1093 4186 1346 4230 nostrum
1386 4177 1572 4231 .lesum
1608 4179 1912 4236 Christum.
1950 4193 2077 4235 ante

500 4268 687 4324 omnia
733 4269 931 4322 smeula
981 4284 1047 4322 ex
1099 4269 1257 4323 Patre
1307 4272 1576 4339 genitum,
1610 4271 1785 4325 Deum
1829 4271 1895 4326 de
1942 4273 2074 4333 Deo.

500 4361 690 4416 lumen
723 4359 791 4416 de
826 4360 1040 4414 lumine
1074 4379 1088 4415 :
1123 4378 1218 4431 per
1249 4378 1412 4432 quem
1446 4364 1586 4417 facta
1618 4374 1747 4418 sunt
1777 4366 1985 4427 omnia,
2021 4365 2075 4419 in

503 4453 664 4509 cmlis
710 4462 767 4507 et
809 4453 864 4506 in
907 4462 1080 4516 terra,
1116 4455 1354 4508 visibilia
1403 4464 1458 4509 et
1494 4455 1817 4510 invisibilia.
1849 4457 1952 4523 Qui
1998 4468 2077 4510 est

503 4543 760 4603 verbum.
796 4553 853 4598 et
898 4543 1085 4596 lumen
1128 4559 1344 4609 verum,
1389 4554 1446 4598 et
1479 4546 1616 4600 vita.
1663 4545 1766 4611 Qui
1813 4545 2078 4600 extremis
2115 4521 2154 4573 θ

505 4635 734 4701 diebus,
764 4646 994 4705 pr0pter
1041 4651 1139 4689 nos
1188 4636 1355 4691 homo
1392 4640 1594 4701 factus,
1625 4647 1679 4693 et
1711 4649 1872 4692 natus
1901 4655 1929 4693 e
1964 4640 2079 4693 Vir-

507 4732 635 4801 gine
671 4735 882 4794 sancta,
913 4737 970 4782 et
1012 4729 1312 4782 crucifixus
1357 4739 1412 4782 et
1456 4736 1710 4784 mortuus
1744 4741 1799 4783 et
1831 4731 2082 4798 sepultus
2124 4739 2132 4746 '

507 4833 616 4878 est.
642 4820 704 4876 Et
739 4821 1047 4875 resurrexit
1076 4836 1106 4874 a
1135 4821 1373 4875 mortuis
1405 4822 1564 4875 tertia
1597 4821 1707 4885 die,
1739 4832 1795 4876 et
1823 4833 2082 4891 receptus

507 4924 595 4970 est
643 4915 696 4968 in
745 4913 968 4977 cmlum,
1006 4923 1062 4967 et
1113 4912 1369 4967 consedit
1414 4913 1480 4965 ad
1523 4911 1804 4968 dexteram
1852 4912 2081 4968 Patris:

508 5018 784 5063 venturus
817 5007 872 5060 in
905 5005 1382 5060 consummatione
1414 5003 1622 5068 saeculi,
1647 5003 1901 5074 judicare
1932 5006 2085 5058 vivos

511 5110 567 5154 et
593 5111 866 5164 mortuos,
893 5107 949 5152 et
984 5097 1214 5152 reddere
1251 5093 1550 5162 unicuique
1578 5093 1884 5149 secundum
1912 5110 2082 5164 opera

509 5209 631 5248 sua.
655 5192 828 5263 Cujus
852 5205 1082 5262 regnum
1113 5189 1532 5244 interminatum
1561 5189 1615 5241 in
1645 5185 1862 5242 infinita
1885 5187 2083 5242 saecula

509 5294 819 5356 permanet.
853 5284 1020 5340 Sedet
1049 5297 1288 5351 namque
1333 5281 1386 5335 in
1425 5281 1617 5335 dextra
1647 5280 1824 5336 Patris
1852 5296 1960 5334 non
1995 5295 2086 5334 so-

510 5362 629 5431 lum
662 5377 715 5429 in
744 5377 947 5431 saeculo
978 5377 1105 5440 isto,
1140 5374 1239 5430 sed
1273 5382 1329 5428 et
1372 5373 1429 5428 in
1457 5372 1662 5428 futuro.
1699 5371 1766 5426 Et
1815 5373 1868 5428 in
1912 5371 2088 5441 Spiri-

511 5481 643 5522 tum
665 5479 940 5534 sanctum,
971 5468 1074 5522 hoc
1105 5479 1210 5532 est,
1242 5465 1611 5531 Paracletum,
1643 5479 1806 5534 quem
1855 5479 1982 5518 cum
2029 5477 2088 5516 se

512 5561 780 5630 apostolis
834 5572 957 5629 pOSt
1019 5561 1398 5616 ascensionem
1450 5559 1504 5613 in
1559 5557 1732 5612 cmlos
1785 5556 2084 5609 missurum

515 5651 883 5721 promisisset,
915 5660 973 5706 ut
1001 5668 1097 5708 eos
1126 5651 1352 5706 doceret
1393 5661 1450 5706 et
1495 5658 1813 5719 suggereret
1846 5647 1928 5702 eis
1964 5661 2085 5700 om-

513 5745 632 5807 nia,
665 5743 856 5798 misit:
889 5743 1050 5813 752
1112 5758 1208 5812 per
1250 5758 1413 5811 quem
1460 5743 1625 5796 etiam
1666 5740 2085 5795 sanctiﬁcantur

2167 600 2390 672 γλώσσῃ
2435 601 2662 671 Μάρκος
2687 604 2715 654 ό
2737 600 3069 672 Ἀρεθούσης
3117 600 3346 665 ὲξετίθει
3370 619 3384 633 ο
3420 604 3476 655 αἱ
3512 602 3568 655 δὲ
3604 604 3725 659 Ῥω.

2170 691 2361 760 μαῖστὶ
2391 691 2784 762 ἀνεγράφοντο.
2815 691 2883 746 Αἱ
2907 692 2972 759 δὴ
3009 691 3102 744 καὶ
3148 692 3473 762 ἀσύμφωνοι
3514 695 3726 763 πάμπαν

2168 781 2310 834 κατά
2344 800 2404 834 τε
2432 783 2577 848 λέξιν
2603 783 2699 837 καὶ
2725 783 2981 837 σύνθεσιν
3009 779 3151 854 ἦσαν
3185 783 3324 853 πρὸς
3363 783 3466 852 τὴν
3489 784 3728 854 Ἀρεθου-

2169 874 2310 928 σίου.
2344 875 2480 928 Οὖτι
2513 877 2620 946 μὴν
2650 879 2772 940 ταῖς
2802 877 3100 947 προτέραις
3127 875 3194 928 τὰ
3224 879 3315 930 ῐσα
3350 878 3634 946 ἐφρόνουν.
3672 879 3726 932 Ἠ

2166 967 2277 1037 γὰρ
2313 967 2616 1037 Ἑλληνισῆ⁷
2637 969 2892 1039 λεχθεῖσα
2920 968 3042 1022 οὔτε
3071 969 3383 1039 όμοούσιον,
3412 969 3540 1022 οὔτε
3568 973 3728 1039 ὁμοιο-

2169 1058 2351 1111 ούσιον
2375 1059 2452 1127 τῷ
2487 1061 2664 1129 Πατρὶ.
2694 1060 2786 1113 τὸν
2814 1060 2943 1112 Υἰὸν
2977 1057 3123 1113 εἷπε.
3152 1061 3293 1123 Τούς
3321 1077 3384 1129 γε
3419 1063 3530 1131 μὴν
3563 1063 3728 1114 εἰπόν-

2167 1167 2265 1213 τας
2287 1151 2380 1203 τὸν
2413 1152 2540 1204 Υξὸν
2559 1152 2799 1221 ἄναρχον
2833 1148 3050 1222 εἷναι,ἢ
3091 1153 3520 1222 πλατυνομένην
3540 1155 3634 1221 τὴν
3652 1156 3729 1207 οὒ-

2171 1241 2290 1293 σίαν
2308 1241 2402 1293 τοῦ
2416 1243 2550 1294 Θεοῦ
2575 1244 2850 1296 ποιεῖντὸν
2877 1245 3025 1308 Υἰδν,
3050 1245 3083 1314 ἢ
3106 1245 3494 1314 συντετάχθαι,
3521 1247 3648 1300 ἀλλὰ
3668 1249 3730 1319 μὴ

2168 1332 2626 1404 ύποτετάχθαιτῷ
2649 1336 2845 1404 Πατρὶ,
2866 1336 3240 1405 ἔκκηρύκτους
3257 1341 3423 1391 ποιεῖ.
3453 1337 3730 1407 Ἐπίσηςδὲ

2170 1424 2263 1475 καὶ
2282 1424 2450 1491 ἀτέρα
2463 1424 2572 1477 τῶν
2589 1424 2917 1492 Ῥωμαϊκῶν
2938 1429 3064 1496 περὶ
3080 1428 3266 1490 οὐσίας
3280 1430 3345 1499 ἢν
3364 1433 3731 1483 σουνσταντίαν

2183 1515 2446 1585 Ῥωμαῖοι
2472 1517 2750 1579 καλοῦσιν,
2780 1518 2888 1571 εἴτε
2913 1521 3224 1588 ὁμοούσιος,
3247 1520 3357 1573 εἴτε
3384 1521 3728 1590 ὁμοιοούσιος,

2173 1609 2488 1661 παντάπασι
2524 1609 2704 1675 λέγειν
2729 1610 3106 1680 ἀπαγορεύει·
3145 1613 3219 1675 ὡς
3251 1612 3377 1664 οὔτε
3415 1616 3536 1676 ταῖς
3569 1617 3728 1684 ἱεραῖς

2172 1700 2437 1768 είρημένα
2470 1701 2732 1770 Γραφαῖς,
2762 1700 2885 1753 οὔτε
2914 1702 3219 1771 ἀνθρώπιον
3278 1704 3516 1764 ἐννοίαις
3551 1705 3579 1767 ἦ
3607 1703 3731 1768 γνώ-

2173 1804 2257 1840 σει
2284 1788 2486 1856 ληπτά.
2518 1786 2884 1842 Διατάσσεταί
2913 1807 2974 1857 γε
3001 1789 3129 1859 μὴν,
3161 1789 3389 1859 μείζονα
3421 1791 3514 1842 τὸν
3541 1791 3732 1860 Πατέρα

2157 1878 2358 1944 ,λέγειν
2390 1878 2446 1930 ἐν
2483 1896 2540 1931 τε
2575 1882 2708 1948 τιμῇ
2751 1881 2846 1931 καὶ
2893 1880 3190 1949 ἀξιώματι.
3232 1883 3328 1932 καὶ
3364 1882 3514 1950 αὐτῷ
3543 1883 3602 1952 δὴ
3635 1884 3733 1935 ὀνό-

2183 1985 2314 2037 ματι
2349 1970 2446 2038 τῆς
2489 1971 2850 2037 πατρὸτητος.
2888 1971 3190 2040 Νομοθετεί
3212 1971 3290 2033 δὲ,
3329 1973 3406 2035 ὡς
3452 1975 3590 2042 μετά
3616 1974 3734 2025 πάν-

2180 2079 2286 2112 των
2312 2062 2405 2112 καὶ
2439 2063 2466 2112 ὁ
2496 2061 2622 2122 Tib;
2649 2063 3012 2115 ὑποτέτακται
3039 2064 3112 2130 τῷ
3147 2063 3324 2132 Πατρί
3351 2081 3366 2094 ⁸
3399 2068 3494 2116 καὶ
3524 2066 3734 2135 ἄναρχον

2182 2155 2282 2223 μὲν
2312 2151 2454 2206 εἶναι
2485 2155 2577 2206 τὸν
2607 2155 2824 2223 Πατέρα
2845 2171 2857 2183 ⁸
2888 2155 3024 2206 πᾶσι
3053 2155 3109 2207 δὲ
3141 2155 3235 2208 τοῦ
3271 2157 3484 2224 Πατρὸς
3510 2157 3626 2224 δίχα
3650 2159 3736 2224 τὴν

2179 2245 2274 2297 τοῦ
2310 2244 2444 2297 Υίοῦ
2471 2245 2727 2314 γέννησιν
2761 2245 3038 2312 ἄγνωστον
3068 2241 3231 2300 εἶναι.
3271 2248 3378 2298 Ἤν
3409 2245 3474 2317 δὴ
3517 2248 3732 2311 ἔκθεσιν,

2179 2338 2252 2399 ὡς
2285 2341 2357 2406 μὴ
2405 2338 2634 2400 δεόντως
2665 2339 3034 2403 συντεθεῖσαν,
3089 2339 3232 2408 μετά
3266 2339 3367 2409 τὴν
3396 2341 3480 2401 είς
3525 2331 3735 2400 πολλοῦς

2179 2426 2392 2478 ἔκδοσιν
2454 2425 2748 2479 ἀναλαϐεῖν
2798 2425 2954 2488 αὖθις
3005 2427 3304 2480 σπουδάσαι
3351 2429 3480 2492 τοὺς
3529 2429 3735 2480 ἐπισκόο

2181 2536 2318 2582 πους
2339 2536 2352 2548 ·
2391 2518 2731 2572 ἐντείλασθαι
2759 2518 2814 2570 δὲ
2846 2518 2940 2572 καὶ
2983 2517 3194 2585 βασιλεί
3224 2520 3496 2587 σφοδρῶς,
3536 2520 3735 2572 κόλασιν

2178 2609 2510 2663 ἀπειλοῦντα
2539 2611 2633 2662 τὸν
2681 2612 2756 2680 μὴ
2793 2611 3152 2680 φανεροῦντα.
3193 2611 3252 2664 Ἥ
3305 2613 3364 2664 δὲ
3403 2614 3486 2671 είς
3529 2611 3734 2673 πολλοὺς

2178 2703 2433 2760 διαϐᾶσα,
2457 2702 2518 2754 οὐ
2546 2703 2896 2754 παντάπασιν
2921 2701 3219 2769 ἠφανίσθη.
3241 2701 3355 2772 Τὴν
3383 2702 3483 2770 μὲν
3509 2699 3599 2755 οὖν
3625 2701 3737 2770 μίαν

2180 2795 2288 2846 τῶν
2330 2792 2676 2862 Ῥωμαϊκῶν,
2707 2794 2773 2862 τῇ
2823 2793 2917 2845 τοῦ
2965 2793 3293 2863 ’Δρεθούσης
3323 2793 3555 2861 Μάρκου
3601 2791 3735 2844 ἐκδο-

2181 2883 2338 2954 θείσῃ
2391 2881 2661 2951 συνάψας,
2706 2881 2784 2951 τῷ
2817 2883 3054 2950 παρόντι
3100 2883 3336 2952 ἐκθήσω.
3374 2882 3620 2952 Θατέραν
3669 2882 3734 2944 δὲ,

2181 2977 2304 3046 ἥτις
2335 2975 2559 3043 ὕστερον
2610 2973 2952 3043 ἀνεγνώσθη,
2990 2977 3047 3026 ὲν
3094 2973 3270 3043 καιρῷ
3324 2973 3634 3038 κατατάξαι.
3662 2974 3735 3026 ὅτε

2179 3067 2250 3120 τὰ
2287 3069 2345 3118 ἐν
2375 3065 2432 3118 Ἀ
2446 3065 2646 3135 ριμίνῳ
2677 3067 2944 3135 γενόμενα
2975 3065 3287 3134 διηγεῖσθαι
3321 3083 3391 3134 με
3419 3067 3644 3133 γένοιτο.
3672 3065 3738 3118 Ἥ

2183 3176 2246 3227 γε
2291 3159 2397 3228 μὴν
2426 3159 2656 3228 ῥηθεῐσα
2688 3157 2766 3227 τῷ
2795 3157 3006 3227 Μάρκῳ
3032 3158 3229 3210 οὑτωσὶ
3248 3157 3539 3227 διηγόρευε
3559 3173 3574 3187 σ
3608 3174 3625 3206 ι
3659 3157 3737 3208 Πι-

2179 3257 2446 3321 στεύομεν
2475 3252 2554 3313 είς
2601 3251 2698 3303 ἕνα
2729 3250 2884 3315 Θεὸν,
2922 3248 3136 3319 πατέρα
3186 3249 3629 3318 παντοκράτορα,
3659 3245 3737 3300 τδν

2178 3346 2408 3412 κτίστην
2449 3343 2542 3395 καὶ
2572 3340 2805 3410 ποιητὴν
2839 3340 2948 3394 τῶν
2982 3340 3203 3392 πάντων
3229 3355 3242 3370 ο
3285 3339 3342 3404 ἐξ
3376 3332 3438 3392 οὗ
3474 3343 3623 3393 πᾶσα
3648 3356 3737 3392 πα·

2176 3438 2304 3505 τριά
2351 3439 2411 3489 ὲν
2447 3436 2702 3505 οὐρανοῖς
2733 3433 2829 3486 καὶ
2861 3434 2956 3486 ἐπὶ
2997 3435 3100 3503 γῆς
3139 3433 3510 3502 ὀνομάζεται·
3561 3433 3649 3486 καὶ
3672 3433 3738 3492 εἷς

2176 3531 2267 3582 τὸν
2301 3529 2566 3598 μονογενῆ
2601 3525 2768 3580 αὐτοῦ
2799 3526 2948 3588 Υἱὺν,
2993 3526 3084 3578 τὸν
3115 3527 3322 3596 Κύριον
3362 3527 3523 3596 ἡμῶν
3552 3524 3739 3594 Ἰησοῦν

2177 3623 2413 3691 Χριστὸν
2433 3662 2449 3686 ,
2503 3622 2595 3673 τον
2627 3619 2733 3689 πρὸ
2777 3621 2997 3673 πάντων
3024 3620 3137 3671 τῶν
3169 3620 3386 3671 αἰώνων
3418 3622 3484 3671 ὲκ
3530 3618 3618 3672 τοῦ
3648 3617 3740 3669 Πα-

2177 3715 2303 3784 τρὸς
2331 3713 2664 3782 γεννηθέντα
2684 3727 2700 3742 ⁸
2735 3712 2868 3765 Θεὸν
2897 3715 2960 3764 ἐκ
2993 3711 3152 3777 Θεοῦ,
3188 3712 3302 3778 φῶς
3345 3714 3412 3764 ὲκ
3446 3713 3620 3779 φωτός
3642 3725 3655 3738 ·
3681 3707 3739 3760 δι’

2178 3802 2240 3860 οὗ
2271 3807 2490 3873 ἐγένετο
2538 3805 2606 3857 τὰ.
2643 3803 2842 3866 πάντα,
2891 3804 2960 3856 τὰ
3023 3804 3079 3854 ὲν
3128 3807 3241 3864 τοῖς
3271 3803 3525 3872 οὐρανοῖς
3576 3802 3662 3854 καὶ
3683 3799 3740 3852 τὰ

2180 3903 2273 3956 ἐπὶ
2301 3901 2402 3970 τῆς
2441 3903 2568 3970 γῆς,
2609 3901 2677 3952 τὰ
2708 3901 2882 3968 ὁρατὰ
2925 3898 3020 3952 καὶ⁸
3051 3898 3120 3950 τὰ
3151 3899 3361 3966 ἀόρατα
3389 3913 3402 3928 ο
3434 3900 3606 3966 Λόγον
3632 3897 3739 3947 δντα

2180 3903 2273 3956 ἐπὶ
2301 3903 2402 3970 τῆς
2441 3903 2568 4046 72;,
2609 3903 2677 3952 τὰ
2708 3903 2882 3968 ὁρατὰ
2925 3903 3020 3952 καὶ⁸
3051 3903 3120 3950 τὰ
3151 3903 3361 3966 ἀόρατα
3389 3913 3402 3928 ο
3434 3903 3606 3966 Λόγον
3632 3903 3739 3947 οντα

2180 3996 2275 4048 καὶ
2308 3995 2426 4063 φῶς
2513 3992 2732 4062 ληθινδν
2763 3993 2857 4045 καὶ
2890 3992 3036 4058 ζωήν
3061 4007 3074 4022 ·
3111 3990 3204 4043 τὸν
3253 3990 3344 4042 ἐπὶ
3378 3992 3622 4060 ἐσχάτων
3648 3987 3740 4040 τῶν

2181 4086 2404 4154 ἡμερῶν
2442 4084 2510 4136 δι’
2541 4085 2689 4152 ἡμᾶς
2727 4081 3253 4153 ἑνανθρωπήσαντα,
3289 4084 3387 4135 καὶ
3438 4081 3741 4150 γεννηθέντα

2181 4181 2247 4231 ὲκ
2269 4177 2372 4244 τῆς
2395 4176 2556 4243 ἀγίας
2591 4173 2868 4242 Παρθένου
2897 4189 2910 4204 ·
2938 4175 3032 4226 καὶ
3066 4175 3481 4242 σταυρωθέντα,
3518 4175 3606 4225 καὶ
3627 4173 3743 4224 ἀπο·

2183 4271 2438 4333 θανόντα,
2493 4269 2589 4322 καὶ
2619 4268 2864 4335 ταφέντα
2890 4284 2904 4299 ο
2955 4269 3050 4320 καὶ
3098 4269 3413 4321 ἀναστάντα
3447 4270 3510 4320 ὲκ
3553 4264 3740 4334 νεκρῶν

2182 4366 2248 4433 τῇ
2272 4363 2432 4433 τρίτῃ
2466 4361 2674 4433 ἡμέρα,
2705 4362 2802 4413 καὶ
2851 4358 3237 4428 ἀναληφθέντα
3272 4361 3353 4422 είς
3388 4360 3630 4430 οὐρανὸν,
3659 4353 3741 4410 καὶ

2183 4456 2486 4509 καθίσαντα
2531 4459 2597 4506 ὲκ
2647 4452 2842 4516 δεξιῶν
2889 4451 2986 4505 τοῦ
3039 4453 3288 4520 Πατρός·
3323 4456 3420 4504 καὶ
3468 4452 3740 4522 ἐρχόμενον

2188 4550 2281 4600 ἐπὶ
2332 4545 2618 4617 συντελείᾳ
2664 4545 2760 4598 τοῦ
2811 4545 3010 4607 αἰῶνος
3041 4547 3225 4616 κρῖναι
3265 4545 3480 4609 ζῶντας
3532 4545 3622 4596 καὶ
3665 4556 3739 4591 νε⁴

2188 4637 2378 4706 κροὺς,
2409 4638 2506 4689 καὶ
2537 4637 2828 4689 ἀποδοῦναι
2872 4637 3091 4706 ἑκάστῳ
3118 4636 3261 4688 κατά
3285 4635 3354 4687 τὰ
3389 4636 3528 4704 ἔργα
3557 4628 3706 4685 αὐτοῦ
3725 4643 3736 4656 ⁸

2187 4723 2248 4782 οὗ
2278 4730 2311 4794 ἠ
2343 4728 2594 4797 βασιλεία
2623 4727 3050 4790 ἀκατάπαυστος
3077 4721 3236 4792 οὖσα,
3261 4726 3507 4794 διαμένει
3537 4725 3611 4783 εἰς
3633 4721 3742 4781 τοὺς

2189 4821 2451 4889 ἀπείρους
2481 4820 2705 4880 αἰῶνας.
2746 4818 2944 4872 Ἔσται
2973 4819 3084 4889 γὰρ
3128 4817 3497 4892 καθεζόμενος
3527 4818 3580 4868 ὲν
3610 4809 3740 4879 δεξιᾷ

2189 4910 2283 4962 τοῦ
2318 4910 2555 4980 Πατρδς,
2585 4912 2648 4962 οὐ
2681 4911 2845 4978 μόνον
2883 4911 2942 4962 ὲν
2978 4908 3056 4976 τῷ
3090 4909 3252 4962 αίῶνι
3285 4909 3480 4974 τούτῳ,
3507 4905 3637 4958 ἀλλὰ
3662 4899 3741 4954 καὶ

2192 5006 2250 5056 ὲν
2275 5002 2354 5074 τῷ
2377 5003 2623 5072 μέλλοντι
2642 5018 2660 5036 ο
2691 5003 2788 5056 καὶ
2818 5003 2898 5064 είς
2927 5002 2986 5054 τὸ
3025 5000 3248 5065 Πνεῦμα
3289 5002 3350 5054 τὸ
3399 5000 3573 5068 ἅγιον,
3603 5011 3741 5048 τουτ-

2193 5097 2310 5149 έστι
2368 5096 2462 5148 τὸν
2516 5094 2876 5165 Παράκλητον
2903 5109 2920 5125 ο
2953 5095 3090 5167 δπερ
3133 5093 3597 5161 ἐπαγγειλάμενος
3643 5089 3740 5146 τοῖς

2194 5189 2535 5250 ἀποστόλοις,
2573 5187 2710 5256 μετά
2744 5185 2844 5256 τὴν
2872 5189 2952 5248 είς
2985 5187 3251 5256 οὐρανοὺς
3292 5186 3480 5238 ἄνοδον
3512 5179 3740 5234 ἀποστεῖ-

2192 5283 2280 5335 λαι
2298 5283 2392 5334 καὶ
2413 5281 2620 5346 διδάξαι
2637 5281 2730 5333 καὶ
2749 5279 3063 5350 ὑπομνῆσαι
3087 5279 3285 5338 αὐτοὺς
3309 5278 3506 5334 πάντα,
3530 5270 3736 5337 έπεμψε·

2192 5373 2259 5425 δι’
2286 5367 2348 5425 οῦ
2379 5373 2472 5426 καὶ
2520 5373 2841 5439 ἀγιὰζονται
2874 5374 2930 5424 al
2977 5371 3084 5422 τῶν
3127 5369 3444 5437 εἰλικρινῶς
3473 5370 3546 5428 είς
3594 5361 3736 5416 αὑτὸν

2194 5466 2644 5518 πεπιστευκότων
2669 5463 2861 5534 ψυχαί.
2898 5464 3038 5526 Τοὺς
3075 5463 3132 5517 δὲ
3163 5464 3427 5530 λέγοντας
3462 5462 3518 5525 ea
3545 5460 3638 5510 οὐκ
3665 5455 3740 5506 δν·

2193 5574 2302 5608 των
2347 5557 2438 5608 τὸν
2466 5556 2616 5621 Υίὺν,
2645 5557 2678 5626 ἢ
2714 5557 2773 5620 ἐξ
2800 5555 2995 5626 ἑτέρας
3043 5556 3422 5618 ὑποστάσεως,
3452 5551 3545 5603 καὶ
3590 5547 3657 5618 μὴ
3687 5548 3740 5596 ἐκ

2195 5647 2288 5698 τοῦ
2324 5646 2484 5710 θεοῦ,
2515 5647 2612 5700 καὶ
2643 5648 2725 5700 ὅτι
2749 5641 2818 5716 ἦν
2847 5647 3041 5716 χρόνος
3073 5646 3106 5716 ἦ
3141 5645 3275 5698 αἰὼν
3305 5645 3393 5698 ὅτε
3423 5644 3521 5696 οὐκ
3549 5637 3632 5712 ἦν.
3660 5635 3739 5689 ἀλ·

2193 5737 2439 5806 λοτρίους
2469 5735 2610 5791 οἶδεν
2637 5741 2668 5808 ἡ
2699 5738 2832 5806 ἁγία
2868 5739 3134 5808 καθολικὴ
3159 5737 3483 5807 Ἐκκλησία.

513 5855 728 5906 eorum,
769 5840 862 5906 qui
913 5840 967 5894 in
1012 5856 1136 5896 eum
1189 5840 1402 5896 sincere
1443 5839 1696 5905 credunt,
1730 5839 1926 5891 animm
1960 5835 2229 5892 omnium.
2305 5833 2412 5890 Eos
2480 5851 2609 5890 vero
2657 5837 2750 5905 qui
2794 5835 3006 5900 dicunt,
3074 5852 3138 5890 ex
3203 5851 3312 5890 non
3357 5826 3725 5888 exsistentibus
