3870 6540
389 328 493 388 347

389 444 773 510 l‘aracletum;
825 445 962 502 dixit
1017 452 1163 502 enim

1617 336 2035 399 NICEPIIORI
2077 340 2424 404 CALLISTI‘

3539 366 3647 430 348-:

1217 466 1231 504 ε
1280 451 1344 505 Et
1399 452 1568 510 alium
1630 457 1970 512 Ρανιιείειυηι
2000 458 2044 512 Α
2075 475 2203 542 γὰρ,
2241 478 2350 530 Καὶ
2386 480 2585 534 ἄλλον
2615 482 3016 552 Παρακλητον
3041 486 3264 556 πέμψει
3293 493 3426 559 ὑμῖν
3459 501 3492 552 ό
3523 505 3634 557 Ila-

389 537 558 588 mittet
611 536 748 590 vobis
790 537 974 606 Pater,
1020 557 1169 609 quem
1209 559 1302 612 ego
1350 548 1544 614 rogabo
1580 549 1619 612 ί,
1670 549 1924 602 anathem

389 626 454 662 εἰ.
515 626 570 662 Ri
604 628 726 662 mnia
763 630 1026 662 Qui-Jan.“
1076 645 1279 662 nam...“
1347 636 1488 662 AL.-.
1526 639 1700 662 n._...:_
1749 652 1836 662 ___.
1868 641 1924 662 πε

2066 536 2177 631 ἑὴρ
2193 536 2269 618 ὸν
2286 567 2404 634 ἐγὼ
2419 536 2716 635 ἐρωτήσω,
2727 536 3157 642 ἀνάθέμαέστοῖ
3166 536 3233 631 ἒί
3247 536 3411 645 τις’τὸ
3425 536 3649 662 ηῖεέξξα.

387 626 478 680 εἰι.
515 626 570 682 Si
604 628 728 696 quis
763 630 1026 697 Spiritum
1075 645 1280 693 partem
1345 636 1490 694 dicat
1525 639 1702 694 Patris
1745 652 1840 696 aut
1867 641 1959 695 Fi-

2066 653 2230 720 μέρος
2256 655 2404 723 λέγοι
2425 658 2536 731 τοῦ¹
2565 660 2771 730 [ἰατρὸς
2801 663 2832 731 ἢ
2864 665 2958 716 τοῦ
2990 665 3142 733 Υίοῦ,
3189 671 3439 743 ἀνάθεμα
3477 653 3628 738 ἔστω.

387 716 481 775 lii.
530 719 821 774 anathema
869 723 963 776 sit.
1001 724 1056 778 Si
1107 727 1231 795 quis
1283 730 1496 785 Patrem
1547 741 1603 787 et
1654 733 1853 788 Filium
1904 751 1929 790 e

387 807 656 842 επιίνιιηηι
696 825 947 842 suum...“
1000 828 1106 842 ιη..-
1156 819 1294 842 .s:---.
1337 823 1470 842 n-_A
1540 840 1552 842 ,
1645 827 1678 842 ,ι
1893 829 1926 842 ._

2062 716 2132 798 Εἴ
2144 716 2239 810 ’τις
2261 716 2352 801 τὸν
2389 725 2608 821 Πατέρα
2629 716 2722 806 καὶ
2868 755 2995 809 Υίὺν
3029 716 3207 814 καίτὸ
3233 716 3640 842 angues“;-

386 807 656 876 Spiritum
695 825 948 866 sanctum
1000 828 1108 871 tres
1152 819 1299 873 dicat
1337 823 1494 888 Deos,
1534 827 1826 881 anathema
1862 829 1953 882 sit.

388 900 441 954 Si
476 905 595 969 quis
628 909 907 973 preposito
937 909 1028 962 Dei
1075 910 1271 964 Filium
1311 915 1404 966 Dei
1439 924 1496 968 ιιι
1541 934 1704 972 unam
1739 930 1956 975 creatu-

383 1007 568 1046 rarum
628 997 826 1050 fartum
875 1014 992 1053 esse
1040 1000 1208 1066 dicat,
1245 1005 1537 1060 anathema
1589 1009 1678 1062 sit.
1725 1010 1781 1064 Si
1829 1013 1955 1082 quis

380 1095 488 1133 non
524 1083 742 1135 volente
774 1085 932 1138 Patre
963 1088 1205 1152 genitum
1235 1089 1431 1144 Filium
1458 1093 1626 1155 dicat.
1660 1101 1951 1156 anathema

378 1174 495 1238 sit;
531 1191 638 1226 non
675 1179 878 1230 etenim
909 1178 1082 1232 invito
1123 1180 1304 1242 Patre,
1340 1188 1573 1240 naturali
1617 1193 1950 1250 necessitate

375 1277 602 1320 coaetus
635 1267 744 1329 ille,
781 1270 967 1322 volens
999 1273 1188 1338 genuit
1218 1273 1443 1340 Filium,
1469 1293 1658 1335 verum
1685 1298 1789 1337 una
1823 1301 1946 1340 cum

376 1355 496 1424 ipsa
530 1360 830 1422 voluntate,
866 1370 922 1414 et
954 1362 1161 1432 absque
1195 1373 1464 1435 tempore,
1500 1380 1557 1424 et
1586 1373 1796 1442 absque
1825 1393 1948 1444 per-

372 1449 649 1516 pessione,
683 1467 746 1504 ex
783 1468 840 1506 se
875 1455 1122 1522 genitum
1166 1456 1345 1526 ipsum
1393 1462 1668 1521 exhibuit.
1723 1467 1776 1522 Si
1823 1471 1947 1538 quis

372 1539 675 1609 ingenitum
702 1552 758 1596 el.
786 1546 1041 1616 principii
1076 1560 1358 1619 expertem
1389 1555 1538 1610 dicat
1569 1558 1791 1626 Filium,
1828 1571 1946 1617 tan-

370 1647 533 1700 quam
579 1634 688 1687 duo
723 1635 966 1706 ingenita
1012 1651 1068 1694 et
1100 1642 1210 1696 duo
1246 1645 1520 1716 principio
1565 1653 1806 1708 carentia
1854 1655 1942 1710 di-

369 1738 522 1790 cens,
552 1739 607 1780 et
644 1727 783 1782 duos
825 1730 957 1784 deos
984 1741 1255 1799 statuens,
1290 1739 1586 1794 anathema
1628 1743 1702 1796 sit
1731 1763 1746 1799 :
1775 1756 1942 1816 caput

2063 841 2217 908 τρεῖς
2269 840 2419 908 λέγοι
2449 843 2636 909 Θεοὺς,
2682 848 2933 919 ἀνάθεμα
2962 851 3120 908 ἔστω.
3151 855 3219 906 Εἰ
3245 875 3330 920 τις
3387 840 3638 934 βουλήσει-

2057 929 2194 984 Θεοῦ
2227 933 2301 994 ὡς
2331 934 2388 987 ἓν
2419 937 2529 989 τῶν
2550 941 2866 1007 κτισμάτων
2888 945 3175 1012 γεγονέναι
3200 948 3346 1016 λέγοι
3379 953 3471 1006 τὸν
3513 929 3642 1012 Ῠὶὸν.

2059 1021 2154 1075 τοῦ
2194 1025 2352 1091 Θεοῦ,
2387 1029 2634 1100 ἀνάθεμα
2663 1032 2823 1087 ἔστω.
2862 1034 2930 1087 Εἴ
2955 1053 3040 1098 τις
3074 1039 3152 1109 μὴ
3183 1039 3508 1110 θελήσαντος
3533 1049 3625 1103 τοῦ

2056 1115 2272 1186 Πατρὸς
2297 1124 2664 1192 γεγεννῆσθαι
2694 1125 2786 1177 τὸν
2818 1126 2945 1180 Υίὸν
2975 1128 3144 1197 λέγοι,
3182 1132 3434 1204 ἀνάθεμα
3463 1137 3624 1196 ἔστω.

2054 1207 2128 1258 Οὐ
2145 1208 2255 1279 γὰρ
2276 1211 2348 1282 μὴ
2381 1212 2708 1283 βουλομένου
2726 1217 2822 1270 τοῦ
2849 1220 3086 1290 Πατρὸς,
3129 1221 3372 1290 βιασθεὶς
3393 1229 3422 1280 ὁ
3451 1229 3628 1301 Πατὴρ

2052 1299 2158 1352 ὑπὸ
2187 1303 2432 1375 ἀνάγκης
2457 1312 2717 1380 φυσικῆς,
2746 1307 2906 1374 αὖθις
2930 1311 3006 1376 ὡς
3033 1314 3136 1368 οὐκ
3165 1315 3354 1386 ἤθελεν
3379 1299 3624 1393 ἐγέννησε

2048 1392 2140 1444 τὸν
2173 1393 2338 1448 Υίόν·
2368 1397 2484 1450 ἀλλ’
2516 1397 2634 1468 ἅμα
2678 1417 2738 1454 τε
2771 1402 3081 1474 ἐϐουλήθη,
3121 1410 3218 1462 και
3269 1409 3516 1479 ἀχρόνως
3543 1392 3627 1468 θέαι

2045 1484 2274 1550 ἀπαθῶς
2316 1487 2375 1553 ἐξ
2408 1490 2576 1543 αὐτοῦ
2611 1493 2776 1546 αὑτὸν
2822 1496 3097 1565 γεννήσας
3127 1499 3426 1565 ἐπέδειξεν.
3460 1505 3524 1558 Εἰ
3548 1524 3625 1571 τις

2045 1573 2341 1642 ἀγέννητον
2364 1578 2457 1630 καὶ
2474 1577 2713 1650 ἄναρχον
2733 1582 2885 1650 λέγοι
2907 1585 2995 1637 τὸν
3024 1585 3172 1651 Υἰὸν,
3199 1586 3276 1652 ὡς
3295 1589 3390 1643 δύο
3421 1593 3621 1666 ἀναρχα

2043 1669 2140 1721 καὶ
2169 1667 2262 1720 δύο
2300 1671 2574 1742 ἀγέννητα
2613 1674 2809 1743 λέγων,
2851 1678 3067 1732 καὶδύο
3093 1681 3262 1734 ποιῶν
3298 1683 3478 1750 θεοὺς,
3507 1690 3627 1742 ἀνά.

1971 1784 2017 1844 Β
2047 1758 2190 1826 θεμα
2233 1761 2397 1816 ἔστω.
2446 1765 2670 1836 Κεφαλὴ
2715 1768 2825 1838 γάρ
2875 1769 2994 1822 ἐστι
3027 1773 3120 1824 καὶ
3148 1773 3294 1844 ἀρχὴ
3345 1777 3563 1831 πάντων
3598 1783 3625 1835 ὁ

367 1830 606 1884 namque
637 1829 720 1873 est
773 1834 826 1873 et
881 1825 1209 1892 principium
1257 1831 1502 1885 omnium
1538 1833 1728 1900 Filius,
1775 1851 1929 1908 caput

367 1915 550 1938 σηιιιηιι
584 1908 786 1938 ("In-Ls:
833 1909 970 1938 IL”...
1031 1913 1100 1938 Ι...
1145 1917 1283 1938 λης..-
1331 1935 1348 1938 -
1378 1920 1390 1938 ι
1658 1925 1669 1936 ο
1721 1925 1731 1936 -
1765 1926 1777 1938 .

2044 1849 2177 1915 Θεός
2198 1866 2212 1881 °
2247 1855 2457 1925 κεφαλὴ
2498 1825 2554 1910 δέ
2590 1825 2839 1915 tasuch
2892 1863 3134 1934 Χριστοῦ
3177 1825 3409 1930 ἀῆέεός.
3443 1871 3625 1938 Οὕτως

366 1915 550 1958 autem
584 1908 786 1962 Christi
831 1909 989 1964 Deus.
1029 1913 1102 1967 Ita
1141 1917 1286 1970 enim
1326 1920 1390 1972 ad
1439 1937 1607 1976 unttm
1658 1925 1817 1980 initio
1847 1943 1941 1984 ca-

367 2009 497 2048 rens
548 2013 733 2051 rerum
785 2003 1030 2056 omnium
1071 2007 1428 2078 principium,
1461 2028 1558 2080 per
1603 2015 1801 2071 Filium
1850 2019 1940 2088 pie

366 2089 548 2140 omnia
595 2089 904 2145 referimus.
943 2098 1018 2148 Ac
1055 2098 1238 2154 denuo
1283 2100 1693 2160 Cltristianismi
1726 2110 1939 2165 certius

364 2179 784 2248 accuratiusque
834 2189 1163 2243 sententiam
1217 2193 1597 2263 inquirentes,
1651 2199 1933 2259 dicimus:

365 2268 420 2323 Si
448 2272 571 2339 quis
603 2274 878 2330 Christum
903 2279 1088 2334 .lesum
1126 2283 1323 2339 Filium
1363 2288 1458 2342 Dei
1490 2293 1936 2349 antesazcularem

367 2357 688 2418 inserviisse
734 2367 881 2422 Patri
921 2371 972 2424 in
1008 2388 1193 2428 rerum
1225 2376 1611 2434 universarum
1656 2385 1936 2441 creatione

361 2465 474 2505 non
507 2454 673 2517 dicat,
711 2459 804 2512 sed
849 2477 912 2514 ex
958 2479 1068 2532 quo
1113 2465 1280 2520 Maria
1311 2471 1532 2537 genitus
1559 2485 1663 2535 est,
1703 2484 1814 2530 tum
1851 2478 1938 2532 Fi-

361 2541 498 2596 lium
538 2556 592 2600 et
621 2547 902 2607 Christum
945 2568 1200 2611 vocatum
1247 2581 1389 2630 esse,
1422 2573 1476 2616 et
1508 2567 1839 2637 principium
1873 2581 1935 2626 ut

360 2634 507 2692 Deus
552 2652 700 2696 esset
757 2645 859 2713 (ί),
913 2651 1146 2718 εωρίεμθ
1193 2669 1440 2723 asserat,
1494 2661 1584 2734 ille
1637 2664 1932 2721 anathema

360 2737 484 2783 esto
525 2749 539 2784 :
588 2735 749 2790 sicuti
807 2738 1200 2802 Samosatcnus
1237 2751 1457 2808 Paulus.
1496 2755 1646 2812 Fidei
1699 2759 1932 2816 formula

359 2823 522 2878 aliter
554 2829 695 2895 apud
725 2830 982 2887 Sirmium
1014 2836 1204 2894 Latine
1227 2843 1398 2906 edita,
1422 2857 1478 2900 et
1501 2847 1687 2904 Graece
1715 2867 1874 2908 versa
1912 2871 1927 2907 :

359 2915 812 2988 Quandoquidem
850 2927 1027 2982 visum
1066 2944 1170 2994 est,
1210 2943 1270 2987 ut
1303 2937 1370 2990 de
1401 2939 1507 2993 ﬁde
1543 2944 1930 3002 considerare-

361 3015 472 3073 tur,-
507 3014 690 3066 omnia
722 3028 875 3072 eerto
903 3023 1177 3089 exquisita
1211 3037 1266 3081 et
1291 3031 1541 3098 exposita
1571 3046 1701 3090 sunt
1737 3036 1926 3094 Sirmii

359 3098 522 3171 754
567 3103 619 3156 in
658 3109 946 3174 prmsentia
976 3113 1240 3179 Valentis,
1285 3118 1514 3183 Ursacii.
1545 3125 1813 3182 Germinii
1871 3123 1998 3185 etC

358 3193 700 3260 reliquorum
753 3217 767 3252 :
822 3204 1072 3258 constitit
1120 3207 1306 3277 itaque
1365 3227 1533 3266 unum
1581 3231 1700 3272 esse
1756 3221 1924 3275 Deum

357 3279 574 3336 Patrem
619 3288 1073 3357 onmipotentem,
1105 3300 1572 3364 quemadmodum
1608 3318 1665 3361 et
1696 3309 1749 3364 in
1798 3313 1927 3367 uni-

353 3389 516 3427 verso
547 3377 682 3431 orbe
711 3384 1094 3438 aunnntiatur.
1132 3387 1202 3442 Et
1232 3405 1401 3444 unum
1435 3395 1780 3465 unigenitum
1807 3405 1927 3474 ejus

355 3465 553 3519 Filium
607 3468 793 3524 Jesum
833 3474 1139 3538 Christum,
1197 3479 1489 3538 Dominum
1547 3497 1603 3541 et
1650 3465 1928 3548 Deum'et

357 3556 713 3613 Servatorem
750 3573 1025 3628 nostrum,
1060 3584 1125 3622 ex
1168 3586 1235 3625 eo
1267 3583 1394 3628 ante
1426 3578 1622 3632 saecula
1655 3584 1922 3650 genitum.

355 3643 476 3698 Non
509 3658 690 3702 autem
737 3649 876 3705 duos
913 3665 1170 3723 oportere
1217 3661 1398 3716 dicere
1426 3665 1568 3721 Deos
1607 3687 1619 3722 :
1653 3643 1923 3742 siquidem

359 3747 411 3790 et
447 3737 564 3806 ipse
597 3740 855 3797 Servator
885 3745 1026 3801 dixit
1060 3766 1075 3802 :
1129 3750 1275 3806 Vada
1313 3755 1384 3808 ad
1411 3755 1629 3814 Patrem
1671 3737 1843 3820 meum
1874 3777 1925 3822 et

359 3826 580 3881 Patrem
605 3839 853 3896 vestrum,
881 3847 929 3889 et
948 3837 1114 3894 Deum
1141 3859 1314 3897 meum
1343 3856 1393 3899 et
1422 3849 1590 3906 Deum
1619 3865 1849 3925 vestrum
1876 3862 1918 3915 '.

356 3919 589 3988 Propter
617 3926 760 3991 quod
801 3937 857 3980 et
897 3932 1141 3986 omnium
1176 3934 1318 3991 Deus
1344 3952 1454 4006 est,
1495 3919 1922 4020 sicuti—Aposto-

351 4009 439 4064 lus
479 4028 699 4082 qunque
755 4017 984 4076 docuit:
1022 4024 1106 4077 Αη
1150 4025 1458 4085 Judreorum
1494 4035 1630 4092 Deus
1669 4009 1922 4098 tantum?

353 4117 457 4154 non
500 4115 676 4160 autem
722 4117 772 4160 et
808 4114 1092 4178 gentium?
1143 4120 1375 4188 profecto
1409 4129 1646 4194 gentium
1693 4149 1918 4205 quoque.

349 4193 616 4263 Siquidem
646 4216 780 4255 unus
814 4203 975 4271 Deus,
1000 4209 1092 4277 qui
1121 4193 1439 4280 justiﬁeabit
1467 4193 1919 4284 circumcisiouem

350 4299 414 4336 ex
440 4286 541 4351 [ide
569 4286 609 4340 ³.
646 4289 709 4344 Ει
743 4294 951 4363 reliqua
995 4300 1218 4367 quidem
1252 4307 1437 4362 omnia
1477 4325 1720 4369 consona
1763 4326 1916 4384 sunt,

347 4383 404 4428 et
446 4379 579 4431 nihil
625 4384 828 4438 habent
873 4387 1050 4442 dubii.
1099 4391 1370 4458 Quoniam
1419 4415 1551 4455 vero
1606 4379 1913 4472 permultos

348 4479 531 4524 movet
563 4475 886 4532 substantia:
912 4481 1166 4550 verbum,
1203 4487 1308 4543 hoc
1353 4501 1438 4546 est
1471 4499 1556 4563 (ut
1590 4499 1798 4556 certius
1829 4503 1911 4558 in-

347 4561 645 4636 telligatur)
679 4569 740 4620 τὸ
775 4571 1134 4640 ὁμοιοούσιον,
1171 4578 1340 4636 simili
1375 4561 1761 4656 substantiale,
1796 4594 1913 4650 sive

343 4652 404 4703 τὸ
443 4653 755 4723 ὀμοούσιον,
813 4663 1305 4735 consubstantiale,
1356 4676 1630 4731 neminem
1684 4697 1912 4749 prorsus

345 4748 683 4803 mentionem
718 4752 1022 4810 dictionum
1055 4774 1244 4815 earum
1276 4763 1476 4828 facere,
1518 4783 1698 4839 neque
1725 4789 1819 4829 eas
1853 4775 1909 4830 in

347 4834 585 4889 Ecclesia
624 4838 825 4896 docere
866 4857 1110 4916 Oportet,
1145 4859 1370 4918 propter
1416 4856 1556 4913 hanc
1601 4875 1821 4917 causam
1855 4875 1912 4920 et

344 4927 628 4994 rationem,
663 4934 809 5002 quod
856 4935 910 4989 in
956 4937 1158 4996 divinis
1201 4940 1505 5013 Scripturis
1545 4950 1614 5006 de
1663 4955 1730 5009 iis
1775 4959 1914 5012 scrio

343 5026 496 5083 ptum
549 5037 656 5076 non
697 5026 787 5090 sit,
822 5038 879 5082 et
919 5040 1141 5099 captum
1192 5033 1448 5091 humanae
1500 5045 1696 5098 mentis
1725 5056 1782 5100 ct
1823 5063 1914 5102 co-

2043 1943 2152 2015 γὰρ
2178 1948 2259 2009 εἰς
2293 1948 2424 2017 μίαν
2447 1950 2684 2022 ἄναρχον
2707 1953 2817 2006 τῶν
2845 1955 2983 2010 ὅλων
3014 1959 3194 2029 ἀρχὴν
3218 1960 3289 2013 δι’
3318 1962 3450 2016 Υίοῦ
3477 1965 3622 2018 εὐσε-

2042 2035 2151 2100 ϐῶς
2185 2039 2252 2090 τὰ
2283 2040 2460 2094 πάντα
2490 2045 2786 2114 ἀνάγομεν.
2817 2047 2926 2100 Καὶ
2953 2049 3121 2103 πάλιν
3155 2051 3249 2104 οὖν
3281 2053 3594 2124 διακριϐοῦν

2039 2140 2132 2186 τες
2162 2125 2255 2178 τοῦ
2289 2127 2717 2200 Χριστιανισμοῦ
2765 2135 2866 2205 τὴν
2905 2135 3118 2191 ἔννοιαν
3139 2179 3154 2204 ,
3183 2141 3438 2212 λέγομεν,
3471 2148 3550 2199 ὅτι
3576 2148 3629 2200 εἰ

2019 2225 2124 2280 ’τις
2147 2219 2383 2287 Χριστὸν
2409 2219 2617 2288 Ἰησοῦν
2645 2224 2770 2277 Υἰὸν
2801 2227 2896 2280 τοῦ
2919 2229 3055 2282 Θεοῦ
3095 2231 3202 2300 πρὸ
3231 2235 3448 2307 αἰώνων
3479 2238 3620 2303 ὄντα,

2039 2307 2434 2382 ὐπουργηκὸτα
2472 2313 2548 2381 τῷ
2579 2317 2754 2386 Πατρὶ
2799 2319 2880 2381 είς
2915 2320 3014 2392 τὴν
3047 2324 3155 2375 τῶν
3188 2324 3328 2379 ὅλων
3361 2327 3622 2401 δημιουρ-

2037 2400 2164 2468 γίαν
2197 2403 2270 2475 μὴ
2307 2405 2474 2473 λέγοι,
2506 2405 2620 2462 ἀλλ’
2657 2409 2715 2474 ἐξ
2754 2403 2814 2463 οὗ
2856 2413 3121 2486 ἐγεννήθη
3153 2419 3218 2470 ἐκ
3250 2419 3496 2487 Μαρίας,
3529 2423 3616 2476 ἐκ-

2037 2509 2158 2548 τοτε
2191 2498 2282 2549 καὶ
2312 2497 2440 2550 Υίὸν
2475 2502 2572 2552 καὶ
2596 2502 2834 2571 Χριστὸν
2866 2506 3191 2575 κεκλῆσθαι,
3219 2511 3320 2564 καὶ.
3341 2512 3518 2583 ἀρχὴν
3547 2516 3618 2568 εί·

2035 2585 2267 2656 ληφέναι
2290 2590 2385 2642 τοῦ
2409 2591 2544 2644 Θεὸν
2569 2588 2733 2661 εἰναι,
2765 2596 3017 2668 ἀνάθεμα
3058 2599 3222 2668 ἔστω,
3259 2603 3332 2667 ὡς
3385 2607 3414 2658 ὁ
3449 2606 3616 2676 Σαμο-

2037 2679 2255 2738 σατεύς.
2302 2680 2523 2753 Ἐπειδὴ
2553 2686 2680 2753 περὶ
2730 2687 2967 2752 πίστεως
3005 2691 3155 2755 ἔδοξέ
3189 2710 3311 2748 τινα
3336 2697 3624 2767 διάσκεψιν-

2034 2771 2389 2840 γεγενῆσθαι,
2420 2777 2512 2828 καὶ
2568 2778 2746 2832 πάντα
2778 2781 3042 2849 ἀσφαλῶς
3072 2782 3312 2855 ὲζητήθη
3343 2788 3442 2842 καὶ
3470 2789 3613 2859 διηρ-

2038 2865 2286 2936 μηνεύθη
2324 2869 2384 2921 ἐν
2433 2869 2512 2938 τῷ
2545 2871 2764 2942 Σιρμίῳ
2815 2875 2910 2926 ὲπὶ
2943 2877 3222 2950 παρουσίᾳ
3279 2881 3609 2950 Οὐάλεντος,

2034 2956 2368 3026 Οὑρσακίου,
2419 2965 2514 3014 καὶ
2543 2962 2583 3013 Γ
2587 2964 2874 3032 ερμηνίου,
2908 2966 3004 3018 καὶ
3036 2968 3146 3021 τῶν
3189 2968 3421 3028 λοιπῶν.
3458 2974 3610 3026 Συνέ-

2035 3063 2233 3118 στηκεν
2255 3050 2348 3102 ἕνα
2375 3051 2512 3105 Θεὸν
2547 3050 2689 3107 εἶναι
2725 3057 2944 3127 Πατέρα
2965 3063 3414 3132 παντοκράτορα,
3437 3065 3610 3128 καθὼς

2033 3139 2127 3191 καὶ
2160 3141 2219 3192 ἐν
2254 3141 2402 3210 πάσῃ
2445 3145 2507 3212 τῇ
2537 3144 2829 3216 οἰκουμένῃ
2879 3150 3317 3216 καταγγέλλεται
3341 3170 3358 3186 ’
3395 3157 3490 3207 καὶ
3521 3157 3608 3209 ἕνα

2033 3229 2300 3297 μονογενῆ
2337 3230 2504 3282 αὐτοῦ
2557 3232 2684 3285 Υἰὸν
2733 3236 2940 3302 Ἰησοῦν
2967 3237 3229 3307 Χριστὸν,
3260 3242 3356 3296 τὸν
3408 3244 3605 3313 Κύριον

2030 3318 2126 3369 xui.
2171 3317 2302 3370 Θεὸν
2343 3322 2440 3374 καὶ
2471 3322 2702 3393 Σωτῆρα
2733 3325 2914 3394 ἡμῶν,
2948 3327 3010 3392 ἐξ
3053 3330 3224 3384 αὑτοῦ
3265 3335 3378 3405 πρὸ
3403 3337 3607 3390 αἰώνων
3684 3330 3694 3340 ”

2028 3410 2378 3479 γεννηθέντα.
2403 3414 2506 3466 Δύο
2526 3414 2582 3466 δὲ
2617 3416 2785 3480 Θεοίις
2820 3419 2896 3488 μὴ
2927 3423 3128 3490 χρῆναι
3160 3423 3347 3492 λέγειν
3369 3443 3388 3460 ο
3421 3429 3605 3490 ἐπειδὴ

2028 3501 2123 3553 καὶ
2161 3503 2324 3566 αὐτὸς
2369 3505 2593 3574 εἴρηκεν
2624 3505 2652 3558 ὁ
2685 3507 2896 3579 Σωτὴρ,
2935 3513 3270 3583 Πορεύομαι
3311 3519 3467 3586 πρὸς
3494 3522 3607 3574 ’τὸν

2025 3593 2262 3661 Πατέρα
2301 3612 2444 3663 μου,
2492 3596 2591 3650 καί
2636 3601 2872 3668 Πατέρα
2914 3603 3104 3672 ὑμῶν,
3150 3608 3247 3662 καί
3285 3612 3440 3665 Θεόν
3469 3631 3618 3681 μου,

2027 3678 2124 3731 καί
2159 3682 2311 3734 Θεὸν
2353 3682 2539 3750 ὑμῶν.
2574 3686 2675 3738 Διά
2711 3688 2870 3742 τοῦτο
2904 3694 3000 3746 καὶ
3040 3696 3260 3750 πάντων
3291 3701 3430 3763 Θεός
3466 3678 3600 3765 έστι,

2025 3771 2211 3835 καθὼς
2248 3777 2392 3827 καὶὸ
2443 3776 2770 3844 Ἀπόστολος
2824 3783 3101 3850 ἐδίδαξεν
3159 3791 3238 3844 Ἠ
3303 3793 3605 3849 Ἰουδαίων

2022 3864 2236 3932 μόνον,
2269 3865 2407 3933 οὐχί
2433 3866 2502 3918 δὲ
2532 3869 2630 3921 καὶ
2670 3869 2898 3939 ἐθνῶν;
2925 3877 3026 3930 ναὶ
3057 3879 3155 3932 καί
3196 3882 3420 3936 ἐθνῶν·
3445 3885 3604 3952 ειπερ

2023 3950 2112 4021 εἷς
2174 3955 2337 4022 Θεὸς,
2370 3957 2438 4024 ὃς
2479 3959 2782 4017 δικαιώσει
2831 3969 3160 4038 περιτομὴν
3205 3974 3273 4027 ἐκ
3318 3950 3595 4042 πίστεως.

2025 4048 2135 4101 Καὶ
2159 4047 2227 4100 τά
2259 4050 2359 4117 μὲν
2399 4050 2562 4103 λοιπά
2612 4055 2792 4108 πάντα
2853 4065 3159 4128 συμφωνεῖ,
3195 4067 3290 4118 καὶ
3340 4070 3595 4138 οὐδεμίαν

2023 4139 2354 4208 ἀμφιϐολίαν
2385 4142 2500 4211 ἔχει
2527 4158 2544 4178 ⁸
2574 4145 2698 4198 ἐπεὶ
2737 4147 2796 4200 δὲ
2831 4149 3062 4216 πολλούς
3092 4171 3246 4218 τινας
3276 4162 3426 4219 κινεῖ,
3477 4163 3615 4230 περὶ-

2021 4233 2119 4302 τῆς
2159 4232 2458 4305 λεγομένης
2513 4235 2813 4309 Ῥωμαῖστὶ
2859 4247 3273 4315 σουνσταντίας,
3328 4252 3598 4322 ἑλληνιστὶ

2018 4321 2076 4375 δὲ
2127 4323 2430 4394 λεγομένης
2483 4329 2690 4394 οὐσίας,
2736 4335 3020 4389 τουτέστιν
3071 4338 3159 4392 ἵνα
3209 4321 3595 4414 ἀκριϐέστερον

2019 4414 2236 4486 γνωσθῇ
2270 4417 2331 4469 τὸ
2352 4418 2714 4487 ὁμοιοούσιον,
2735 4423 2855 4492 ῆτοι
2881 4425 2942 4477 τὸ
2973 4427 3266 4498 λεγόμενον
3292 4435 3591 4502 ὀμοούσιον·

2018 4505 2079 4557 οὐ
2139 4507 2244 4576 χρή
2292 4525 2414 4560 τινα
2461 4512 2743 4577 παντελῶς
2780 4515 2989 4569 τούτων
3045 4521 3269 4592 μνήμην
3322 4526 3589 4592 γενέσθαι,

2017 4597 2137 4650 οὐδὲ
2159 4602 2288 4670 περὶ
2318 4602 2523 4655 τούτων
2552 4604 2869 4679 ἐξηγεῖσθαι
2900 4613 2966 4680 τῇ
3007 4612 3334 4686 Ἐκκλησίᾳο
3358 4617 3446 4672 διά
3466 4619 3590 4670 ταύ-

2016 4705 2116 4759 την
2147 4691 2263 4759 ζτὴν
2307 4693 2489 4747 αἰτίαν
2529 4697 2623 4747 καὶ
2650 4696 2739 4750 διά
2777 4699 2968 4754 τοῦτον
3001 4705 3092 4755 τὸν
3121 4702 3499 4776 λογισμὸν,ὄτι
3535 4712 3608 4764 ὲν.

2016 4783 2136 4844 ταῖς
2168 4782 2337 4846 θείαις
2369 4785 2609 4853 Γραφαῖς
2637 4788 2695 4838 οὐ
2726 4791 3037 4860 γέγραπται
3075 4798 3205 4866 ’περὶ⁵
3229 4799 3435 4854 τούτων
3464 4817 3482 4835 ο
3502 4803 3588 4854 καὶ

2015 4875 2096 4926 ὃτι
2131 4873 2304 4929 ταῦτα
2333 4877 2473 4944 ὑπὲρ
2511 4878 2611 4947 τὴν
2646 4880 2754 4932 τῶν
2788 4883 3094 4951 ἀνθρώπων
3123 4889 3328 4955 γνῶσιν
3374 4896 3468 4946 καὶ
3502 4895 3586 4946 τὸν

2021 4963 2362 5033 ἀνθρώπινον
2413 4964 2540 5019 νοῦν
2585 4968 2740 5020 ἐστι’
2779 4972 2876 5023 καὶ
2916 4975 2998 5025 ὅτι
3024 4975 3202 5038 οὐδεὶς
3242 4976 3465 5031 δύναται
3493 4981 3584 5050 τὴν

2019 5058 2212 5122 γενεὰν
2241 5055 2628 5124 διηγήσασθαι,
2660 5063 2844 5126 καθὼς
2877 5065 3212 5135 γέγραπται·
3244 5070 3360 5138 Τὴν
3379 5073 3585 5142 γενεὰν

341 5109 606 5176 gnitionis
638 5119 908 5173 excedant
949 5141 962 5174 :
1006 5125 1267 5194 quodque
1303 5144 1466 5182 nemo
1491 5137 1902 5199 generationem

347 5197 468 5219 12:12:
633 5206 665 5219 --
983 5213 994 5219 -
1339 5218 1346 5219 ί

2032 5109 2196 5201 iam)
2246 5109 2726 5217 τίέἑιηγήσέται
2752 5172 2775 5218 ;
2803 5109 3075 5212 ιῖιόξροξίδι
3117 5109 3318 5214 είδέναὶ
3353 5109 3442 5216 τὸν
3477 5165 3581 5219 Πα-

343 5197 468 5252 Filii
521 5206 798 5271 explicare
850 5213 1066 5279 possit,
1117 5218 1583 5284 quemadmodum
1639 5230 1906 5296 scriptum

343 5297 420 5323 ne!
470 5290 871 5323 [Imm-“Luna-
915 5304 1013 5323 Α-.-
1395 5311 1458 5323 .._
1487 5314 1496 5323 .
1526 5315 1546 5323 ..
1580 5315 1609 5323 μ.
1655 5318 1686 5323 -.

2033 5197 2077 5201 -,
2101 5197 2109 5198 κ
2133 5197 2144 5198 γ
2169 5197 2182 5199 ε
2254 5197 2263 5198 κ
2287 5197 2330 5213 ε,
2384 5197 2395 5199 -
2418 5197 2496 5217 -.η
2520 5197 2726 5214 ..-τ-νη
2752 5197 2769 5218 ,
2803 5197 2978 5210 .I-vvvv
3019 5197 3075 5212 vo
3117 5197 3315 5214 suum"
3363 5197 3441 5216 ιυν
3477 5197 3575 5219 υκ-

2032 5240 2142 5308 ςέρα
2170 5240 2403 5310 φανερόν
2436 5241 2550 5293 ἐστι
2579 5245 2697 5307 πῶς
2727 5247 2815 5300 τὸν
2855 5250 2977 5303 Υίὸν
3010 5252 3266 5323 ἐγέννησε
3294 5269 3309 5283 ⁶
3341 5257 3435 5308 καὶ
3474 5257 3575 5309 πά-

340 5297 444 5349 cst.
470 5290 874 5353 Geuerationem
904 5304 1016 5371 ejus
1037 5307 1154 5374 quis
1186 5311 1459 5363 enarrabit
1484 5314 1548 5366 ‘?
1578 5315 1690 5371 Soli
1723 5331 1905 5376 autem

341 5376 488 5433 Patri
527 5386 876 5444 manifestum
906 5404 1011 5460 est,
1044 5400 1322 5465 quomodo
1357 5401 1553 5455 Filium
1585 5411 1772 5473 genuit
1806 5429 1818 5465 :
1852 5420 1907 5466 et

341 5466 470 5522 item
519 5473 676 5543 Fdio,
713 5486 989 5549 quomodo
1027 5488 1144 5556 ipse
1174 5494 1393 5558 genitus
1424 5494 1494 5548 sit
1527 5513 1556 5549 a
1591 5497 1768 5554 Patre.
1806 5502 1908 5557 Ne-

2009 5329 2091 5382 λεν
2122 5331 2214 5381 τὸν
2247 5331 2393 5394 Υἱὸν,
2424 5333 2541 5396 πῶς
2567 5336 2732 5400 αὐτὸς
2754 5340 3078 5411 γεγέννηται
3105 5344 3212 5396 ἀπὸ
3239 5345 3575 5418 τοῦίΠατρός.

2012 5420 2199 5473 Οὐδενὶ
2229 5421 2283 5474 δὲ
2312 5423 2615 5491 ἁμφίὸολόν
2641 5427 2758 5480 ἐστι
2791 5428 3023 5497 μείζονα
3076 5428 3215 5486 εἶναι
3244 5433 3334 5486 τὸν
3367 5435 3576 5503 Πατέρα

2009 5516 2140 5580 τιμῇ
2191 5514 2288 5566 καὶ
2329 5515 2456 5584 ἀξίᾳ
2489 5518 2582 5568 καὶ
2625 5517 2838 5591 θεότητι
2866 5537 2879 5552 ·
2934 5525 3028 5578 καὶ
3070 5524 3217 5596 αὐτῷ
3247 5527 3326 5599 τῷ
3356 5529 3572 5600 ὀνόματι

414 5592 744 5666 'Joan.x1v,
769 5599 856 5658 i6.
931 5607 951 5635 ³
980 5603 1214 5662 ibid.28.
1297 5610 1315 5640 '
1343 5611 1500 5666 Rom.
1543 5629 1624 5674 tu,
1659 5614 1747 5670 ‘29.
1826 5620 1845 5651 ⁸
1885 5620 1929 5676 Is

2032 5640 2144 5693 LIII,
2181 5627 2234 5682 8.

412 5754 486 5825 (l)
524 5753 630 5808 Τοῦ
665 5755 800 5810 Θεοῦ
839 5755 998 5826 εἶναι,
1026 5771 1080 5815 ut
1111 5762 1206 5817 Dei
1235 5777 1388 5821 esset.
1425 5768 1637 5828 Socrat.
