3928 6536
232 401 321 468 349
1117 379 1728 446 ECCLESIASTIC.E
1770 380 2168 441 HISTORMZ
2209 382 2352 442 LIB.
2394 381 2496 442 IX.
3345 377 3453 440 350

230 516 296 584 τῷ
317 503 549 576 πατρικῷ
588 500 816 574 μείζονα
854 496 1019 565 εἶναι,
1049 494 1569 566 διαμαρτυρομένου
1608 490 1774 545 αὐτοῦ
1804 544 1805 547 η

1911 497 2011 549 mini
2072 496 2237 551 etiam
2289 494 2520 548 dubium
2573 500 2678 555 est,
2737 490 3001 563 majorem
3060 504 3183 545 esse
3229 488 3449 544 Patrem

229 580 310 661 τόδ
329 598 448 655 Υίοῦ
467 613 481 627 ·
527 593 577 647 '0
605 592 710 663 ἐμὲ
725 591 973 661 πέμψας
1001 589 1203 657 Πατὴρ
1223 584 1436 655 μείζων
1459 583 1579 654 μού
1609 582 1767 636 ἐστι.

1918 602 2109 650 onore,
2137 584 2401 656 dignitate
2432 595 2486 639 et
2511 583 2823 647 divinitate,
2845 592 2902 637 et
2924 583 3045 652 ipso
3066 581 3204 636 adeo
3228 580 3449 634 nomine

230 699 325 751 Καὶ
366 689 510 744 τοῦτο
563 685 618 738 δὲ
661 682 952 737 καθολικδν
1001 678 1142 735 εἶναι
1196 680 1373 741 οὐδεὶς
1424 676 1633 744 ἀγνοεῖ,
1678 674 1774 728 δύο

233 785 467 851 πρόσωπα
498 770 638 828 εἶναι
676 775 890 842 [ἰατρὸς
926 775 1022 827 καὶ
1071 770 1203 824 Υἱοῦ
1233 787 1247 800 ·
1280 771 1374 822 καὶ
1407 769 1502 820 τὸν
1537 767 1636 834 μὲν
1668 765 1778 818 Πα-

232 879 344 949 τέρα
368 873 602 941 μείζονα,
625 870 719 920 τὸν
751 866 807 919 δὲ
839 866 968 919 Υἱδν
1003 862 1449 930 ὑποτεταγμένον
1479 859 1621 929 μετὰ
1643 858 1779 910 πάν-

231 987 323 1023 των
359 959 425 1019 ὧν
454 960 601 1030 αὐτῷ
634 963 661 1013 6
698 960 889 1029 Πατὴρ
928 955 1096 1010 αὑτοῦ
1132 954 1391 1017 ὑπέταξε.
1425 952 1530 1004 Τὸν
1562 951 1621 1003 δὲ
1667 950 1779 1001 lla-

232 1062 344 1131 τέρα
368 1056 534 1124 ἀρχὴν
560 1056 636 1122 μὴ
670 1054 839 1122 ἔχειν,
870 1051 964 1132 καὶ
991 1050 1225 1119 ἀόρατον
1256 1042 1422 1108 εἶναι,
1457 1043 1552 1097 καὶ
1577 1042 1780 1095 ἀθάνα-

232 1126 309 1201 τον
331 1143 477 1205 εἶναι,
498 1144 593 1194 καὶ
625 1140 809 1209 ἅπαθῆ
835 1126 977 1190 εἷνάι
1007 1151 1020 1167 ·
1052 1135 1144 1187 τὸν
1172 1134 1227 1187 δὲ
1257 1134 1384 1186 ἴίὸν
1414 1126 1780 1199 γεγεννῆσθαι

233 1245 286 1294 ἐκ
324 1235 405 1291 τοῦ
451 1234 686 1305 Πατρδς,
718 1233 853 1285 Θεὸν
886 1232 950 1282 ἐκ
984 1226 1146 1293 Θεοῦ,
1197 1229 1312 1293 φῖς
1347 1226 1409 1276 ὲκ
1445 1222 1657 1292 φωτόςο
1685 1219 1782 1274 καὶ

233 1334 395 1383 τούτου
426 1326 520 1393 τὴν
538 1324 796 1391 γέννησιν
811 1321 1019 1391 μηδένα
1046 1317 1403 1386 γισκώσκειν,
1428 1314 1609 1375 καθὼς
1640 1329 1782 1381 προ-

234 1424 438 1491 είρηται,
468 1421 521 1473 εί
557 1419 633 1488 μὴ
667 1418 831 1487 μόνον
860 1416 952 1489 τὸν
985 1414 1207 1482 Πατέρα
1235 1430 1247 1442 ο
1275 1410 1436 1463 αὐτὸν
1460 1409 1517 1460 δὲ
1547 1408 1635 1459 τδν
1657 1405 1784 1459 Υἰδν

234 1516 415 1583 Κύριον
449 1514 545 1564 καὶ
575 1511 711 1562 θεὸν
735 1507 894 1578 ἡμῶν
924 1507 1106 1576 σάρκα
1132 1504 1255 1573 ἦτοι
1287 1501 1468 1571 σῶμα,
1500 1497 1786 1552 τουτέστιν

1877 688 2109 749 paterno
2171 680 2430 746 majorem
2482 692 2604 732 esse
2656 693 2669 729 :
2724 676 2842 744 ipso
2896 674 3062 729 etiam
3121 672 3451 727 testiﬁcante

1877 771 2018 849 Filio
2049 772 2149 838 (l),
2185 771 2287 835 Qui
2328 786 2407 824 me
2438 772 2576 824 misit
2612 769 2795 832 Pater,
2822 769 2995 837 major
3026 783 3104 820 me
3126 776 3200 821 est
3233 768 3278 818 '.
3307 763 3447 818 [llud

1878 880 2098 935 quoque
2143 864 2476 918 catholicum
2521 878 2642 917 esse
2676 877 2838 915 nemo
2886 862 3121 931 ignorat,
3156 862 3291 913 duas
3332 872 3457 910 esse

1880 972 2150 1026 personas
2177 957 2355 1012 Patris
2393 966 2449 1010 et
2482 955 2604 1010 Filii
2652 970 2667 1009 :
2697 963 2753 1008 et
2786 954 2999 1007 Patrem
3037 952 3257 1021 quidem
3291 951 3458 1018 maju-

1882 1064 2021 1110 rem,
2063 1048 2258 1102 Filium
2294 1057 2474 1102 autem
2508 1047 2819 1117 subjectum
2854 1061 2978 1099 cum
3033 1044 3292 1099 omnibus
3337 1057 3460 1122 quae

1881 1136 1930 1188 ei
1977 1135 2140 1190 Pater
2173 1135 2434 1205 subjecit.
2479 1134 2544 1188 Et
2580 1135 2797 1189 Patrem
2845 1134 3178 1204 principium
3222 1147 3330 1185 non
3366 1130 3463 1184 lia-

1882 1228 2035 1287 bere.
2080 1237 2133 1280 et
2168 1242 2291 1281 esse
2341 1228 2677 1283 invisibilem
2706 1237 2763 1281 et
2816 1226 3209 1284 immortalem.
3244 1232 3299 1277 et
3334 1237 3460 1291 pas-

1884 1319 2059 1373 sionis
2103 1327 2386 1386 expertem
2422 1336 2436 1373 :
2476 1318 2675 1373 Filium
2714 1334 2848 1374 vero
2891 1319 3136 1387 genitum
3168 1331 3235 1369 ex
3283 1316 3461 1377 Patre,

1885 1412 2057 1466 Deum
2090 1410 2159 1465 de
2199 1412 2328 1472 Deo,
2362 1410 2548 1465 lumen
2582 1411 2650 1465 de
2684 1411 2890 1465 lumine
2925 1429 2936 1462 :
2972 1410 3203 1479 ejusque
3233 1421 3462 1478 genera-
3493 1432 3500 1439 -

1889 1508 2093 1558 tionem
2124 1503 2399 1557 neminem
2435 1517 2620 1562 nosse,
2653 1503 2799 1557 sicut
2824 1515 2952 1555 ante
2983 1502 3190 1555 dictum
3220 1510 3326 1561 est,
3356 1496 3461 1550 nisi

234 1607 509 1676 ἄνθρωπον.
544 1601 855 1671 εἰληφέναι,
885 1597 1142 1663 καθάπερ
1167 1594 1262 1646 καὶ
1293 1591 1525 1661 ἄγγελος
1550 1590 1787 1660 εὐηγγε-

234 1698 409 1748 λίσατο.
444 1691 607 1746 Καθὰ
649 1690 717 1762 δὴ
759 1692 852 1742 καὶ
901 1689 1073 1741 πᾶσαι
1103 1688 1158 1739 αἱ
1195 1685 1413 1754 Γραφαὶ
1444 1681 1784 1743 διδάσκουσι,

1889 1597 2068 1651 solum
2118 1596 2360 1672 Patrem.
2405 1593 2591 1665 Ipsum
2632 1609 2804 1665 porro
2850 1594 3049 1648 Filium
3085 1592 3375 1644 Dominum
3409 1598 3468 1642 et

1894 1689 2061 1743 Deum
2094 1697 2365 1754 nostrum,
2388 1704 2611 1743 carnem
2643 1689 2758 1742 sive
2789 1700 3013 1756 corpus,
3044 1684 3148 1738 hoc
3178 1692 3267 1736 est
3293 1679 3473 1735 homi-

236 1793 313 1843 καὶ
346 1789 575 1858 μάλιστα
630 1784 793 1846 αὐτὸς
820 1785 849 1837 6
892 1778 1222 1842 Ἀπόστολος
1268 1780 1297 1830 6
1323 1774 1647 1835 διδάσκαλος
1677 1772 1788 1824 τῶν

1914 1796 2020 1832 rem
2073 1779 2461 1849 assumpsisse,
2510 1776 2982 1853 quemadmodum
3022 1782 3079 1827 et
3124 1771 3352 1841 angelus
3388 1785 3473 1821 re-

237 1878 410 1945 iftvdw;
447 1878 793 1944 Ἄνθρωπον
824 1871 1126 1926 ἀνέλαϐεν
1170 1871 1203 1922 ὀ
1238 1866 1493 1934 Χριστὸς
1524 1863 1643 1922 ἀπὸ
1666 1864 1789 1914 Μα-

228 1974 341 2040 pia;
378 1969 487 2039 τῆς
518 1966 848 2037 Παρθένου,
878 1965 951 2018 δι’
983 1959 1054 2019 οὗ
1090 1960 1380 2015 πέπονθε.
1408 1958 1482 2010 Τὸ
1510 1956 1567 2008 δὲ
1616 1955 1790 2023 κεφά-

234 2064 362 2117 λαιον
390 2064 571 2130 πάσης
600 2061 698 2128 τῆς
725 2059 960 2119 πίστεως
983 2056 1078 2110 καὶ
1108 2056 1142 2123 ἡ
1181 2052 1477 2125 βεδαιὸτης
1506 2048 1673 2111 ἐστὶν,
1704 2046 1793 2097 ἵνα

239 2157 382 2227 Tm;
408 2157 497 2208 ἀεὶ
529 2153 895 2225 φυλάττηται,
928 2148 1118 2211 καθὼς
1135 2146 1456 2214 ἀνέγνωμεν
1491 2143 1548 2193 έν
1578 2139 1655 2210 τῷ
1685 2139 1792 2192 Εὑ-

239 2247 449 2315 αγγελίῳ
475 2263 490 2278 ο
551 2240 953 2313 Πορευθέντες
1002 2237 1427 2307 μαθητεύσατε
1482 2230 1681 2286 πάντα
1722 2229 1795 2282 τὰ

238 2343 365 2409 ἔθνη
385 2380 399 2401 .
428 2335 834 2404 βαπτίζοντες
857 2332 1082 2397 αὐτοὺς
1114 2332 1202 2396 είς
1234 2330 1299 2382 τὸ
1331 2327 1521 2395 ὄνομα
1547 2324 1655 2378 τοῦ
1680 2325 1797 2375 Ila-

240 2433 357 2501 τρὸς
400 2430 510 2485 ’καὶ
553 2430 660 2483 τοῦ
706 2427 843 2481 Υιοῦ
906 2426 1005 2478 καὶ
1057 2422 1164 2478 τοῦ
1214 2422 1388 2490 ἁγίου
1430 2419 1797 2487 Πνεύματος.

251 2526 509 2595 ’Δκέραιος
533 2522 592 2575 δὲ
618 2521 714 2574 καὶ
750 2519 956 2580 τέλειός
991 2520 1141 2570 ἐστιν
1167 2518 1195 2568 δ
1223 2515 1458 2585 ἀριθμὸς
1504 2512 1601 2579 τῆς
1630 2506 1801 2578 Τριάε

240 2619 347 2687 8ος,-
384 2621 411 2670 6
439 2618 497 2672 δὲ
528 2616 887 2685 Παράκλητος
918 2613 978 2665 τδ
1007 2610 1325 2681 Πνεῦμαγτδ
1357 2609 1513 2673 ἅγιον
1550 2604 1618 2657 δι’
1667 2599 1801 2655 Υἱοῦ

243 2709 526 2767 amo-um
557 2704 689 2779 ἦλθε
708 2708 850 2760 κατὰ
871 2705 969 2776 τὴν
996 2701 1331 2770 ἐπαγγελίαν
1355 2739 1371 2762 ,
1403 2699 1489 2752 ἴνα
1520 2698 1645 2758 τοὺς
1669 2697 1803 2747 ἁπο-

246 2797 448 2859 στόλους
496 2796 592 2848 καὶ
640 2795 850 2857 πάντας
880 2795 1007 2856 τοὺς
1058 2790 1416 2851 πιστεύοντας
1462 2787 1670 2857 ἁγιάσῃ
1710 2786 1805 2838 καὶ

246 2888 540 2960 ὀναδιδάξῃ.
585 2906 604 2939 ι
636 2888 748 2943 Καὶ
774 2888 809 2956 ἡ
841 2888 941 2956 μὲν
967 2884 1182 2940 ἐκθεσις
1222 2881 1364 2952 αὓτη
1393 2899 1406 2913 ·
1508 2880 1574 2949 δὴ
1605 2880 1808 2932 Φωτει-

247 2981 325 3034 νδν
353 2984 448 3033 καὶ
475 2980 615 3049 μετὰ
647 2976 971 3047 καθαίρεσιν
1008 2972 1297 3029 συνθέσθαι
1337 2972 1432 3025 καὶ
1461 2970 1806 3040 συνυπογρά-

247 3091 360 3144 φειν
390 3072 815 3145 παρηγγυιῖητο,
850 3069 1315 3138 ἐπαγγελλόμενοι
1344 3062 1499 3128 αὖθις
1530 3065 1630 3133 τὴν
1653 3063 1811 3128 ἀξίαν

1895 1872 2264 1926 nuntiaverat.
2306 1870 2467 1941 755
2522 1871 2588 1924 Et
2638 1868 2939 1937 Scriptura;
2982 1878 3174 1917 Ollllics
3218 1862 3417 1916 docent
3449 1885 3471 1922 ,-

1893 1974 2055 2034 atqne
2100 1964 2156 2018 in
2211 1964 2408 2033 primis
2457 1961 2758 2031 Apostolus
2807 1960 2924 2029 ipse
2965 1957 3209 2023 gentium
3250 1953 3469 2011 doctor.

1893 2056 2172 2111 Hominem
2206 2053 2446 2111 Christus
2486 2069 2549 2107 ex
2580 2053 2755 2107 Maria
2795 2051 3008 2123 Virgine
3039 2049 3343 2115 assumpsit,
3380 2060 3477 2112 per

1894 2166 2047 2219 quem
2092 2159 2140 2203 et
2190 2166 2378 2218 passus
2425 2159 2524 2203 est.
2571 2149 2751 2217 Caput
2804 2154 2985 2198 autem
3041 2140 3387 2195 ﬁdei'totius
3419 2147 3475 2191 et

1898 2245 2304 2295 lirmamentutu
2342 2248 2445 2302 est,
2473 2252 2533 2293 ut
2558 2238 2804 2291 Trinitas
2841 2249 3060 2302 semper
3092 2242 3362 2293 servetur,
3401 2226 3477 2280 ita

1902 2347 1963 2389 ut
1993 2335 2047 2389 in
2075 2332 2367 2402 Evangelio
2384 2331 2636 2401 legimus,
2665 2328 2859 2383 Euutes
2882 2326 3057 2380 docete
3076 2338 3252 2377 omnes
3278 2332 3478 2390 gentes,

1902 2427 2229 2495 baptisantes
2266 2439 2352 2477 eos
2386 2423 2443 2476 in
2479 2436 2667 2476 nomen
2706 2418 2885 2478 Patris
2925 2424 2974 2468 et
3011 2412 3142 2466 Filii
3166 2419 3217 2465 et
3248 2407 3480 2477 Spiritus

1902 2514 2074 2568 sancti
2106 2514 2154 2568 ‘.
2190 2512 2411 2581 Integer
2441 2519 2625 2565 autem
2664 2518 2722 2565 et
2755 2506 3033 2578 perfectus
3064 2514 3149 2559 est
3193 2499 3483 2555 Trinitatis

1905 2621 2191 2660 numerus.
2243 2603 2561 2658 Paraeletus
2600 2610 2781 2654 autem
2829 2599 3068 2667 Spiritus
3113 2604 3486 2660 sanctus,per

1907 2697 2107 2752 Filium
2141 2697 2365 2758 missus,
2398 2695 2552 2763 juxta
2591 2690 3013 2762 promissionem
3052 2687 3223 2744 venit.
3258 2695 3320 2738 ut
3349 2697 3485 2752 apo-

1907 2791 2080 2845 stolos
2110 2798 2168 2843 et
2212 2787 2501 2842 credentes
2576 2798 2772 2837 omnes
2810 2780 3179 2834 sanctiliearet
3222 2785 3279 2830 et
3318 2774 3487 2828 doce-

1910 2891 1994 2937 ret
2044 2881 2143 2951 (2).
2198 2899 2218 2932 ι
2274 2878 2400 2933 Haec
2443 2892 2506 2931 ea
2542 2875 2780 2931 formula
2814 2870 3068 2936 est,~cui
3105 2879 3167 2923 ut
3213 2864 3489 2920 Photinus

1910 2975 2076 3031 etiam
2108 2983 2232 3044 post
2261 2971 2615 3042 episcopatus
2675 2964 3091 3035 abrogationem
3129 2958 3492 3015 a'ssentiretur

1910 3078 1970 3124 et
2012 3064 2409 3129 subscriberet,
2447 3063 2725 3117 hominem
2772 3065 2904 3112 sunt
2948 3054 3154 3109 hortati
3193 3069 3209 3106 :
3246 3050 3492 3120 dignita-

249 3141 636 3219 imﬁoﬁvat‘roﬁ
671 3183 732 3218 τε
776 3164 968 3235 θρόνου
1000 3164 1093 3218 καὶ
1119 3166 1221 3230 τῆς
1250 3161 1573 3232 ἱερωσύνης,
1616 3158 1719 3225 είγ⁹
1750 3162 1805 3210 ὲκ

1919 3169 2027 3214 tem
2060 3173 2120 3212 se
2160 3155 2214 3212 ei
2247 3154 2618 3225 episcopalem
2651 3165 2757 3205 una
2791 3163 2916 3204 cum
2948 3146 3149 3200 tbrono
3178 3141 3497 3197 reddituros

254 3257 528 3328 μετανοίας
577 3254 843 3310 ὐποδάλοι
876 3253 956 3323 τῷ
1003 3252 1340 3322 άναθέματι.
1382 3250 1484 3302 ὅσα
1515 3249 1580 3318 δὴ
1627 3247 1815 3308 κακῶς

255 3346 614 3415 imptum.
662 3344 723 3397 '0
752 3343 811 3396 δὲ
841 3342 950 3398 οὐδ’
980 3342 1202 3396 άκοὺειν
1240 3341 1491 3411 ἠνείχετο
1524 3390 1536 3402 ,
1571 3338 1689 3390 ἀλλ’
1738 3339 1819 3399 εἰς

256 3440 486 3507 διάλογον
513 3439 709 3502 αὐτοὺς
742 3436 1127 3508 προύκαλεῖτο.
1164 3436 1271 3489 Καὶ
1311 3434 1379 3501 δὴ
1412 3430 1680 3502 βασιλικῷ
1723 3446 1818 3482 κε-

254 3526 508 3596 λεύσματι
553 3527 702 3590 τῶν,
741 3526 857 3579 ὅσοι
907 3524 1128 3577 ἐδόκουν
1171 3522 1451 3594 ἐπιστήμῃ
1511 3520 1671 3589 λόγου
1724 3516 1822 3571 καὶ

258 3620 513 3688 ἀξιώματι
538 3619 820 3691 διαφέρειν
844 3619 924 3680 είς
951 3617 1009 3673 ἓν
1044 3616 1468 3684 ἀθροισθέντων.
1496 3611 1822 3681 ἀναδέχεται

259 3716 344 3769 τὸν
391 3714 542 3782 λόγον
594 3712 885 3774 Βασίλειος
934 3715 963 3768 6
1009 3709 1262 3779 τηνικάδε
1312 3708 1411 3779 τὴν
1467 3705 1825 3774 Ἀγκυρανῶν

273 3805 586 3873 Ἐκκλησίαν
634 3804 1034 3875 ἐπιτροπεύιιιν.
1075 3801 1185 3856 Τοῦ
1233 3802 1280 3856 δ’
1313 3800 1524 3868 ἀγῶνος
1562 3800 1642 3861 εἰς
1686 3797 1823 3850 πολὺ

264 3899 623 3971 προελθόντος,
656 3897 953 3967 δξυγράφοι
980 3895 1051 3949 τὰ
1082 3894 1213 3965 παρ’
1244 3893 1522 3962 ἑκατέρων
1556 3890 1826 3962 εἰρημένα

266 3993 571 4063 ἐλάμϐανον.
604 3986 702 4054 υἴς
754 3989 1121 4059 διαφερόντως
1160 3989 1381 4073 inpastst
1438 3985 1617 4038 ἐδόκει
1666 3983 1828 4036 Βασί-

264 4085 705 4150 λειος.Φυ›τεινοῦ
734 4083 791 4136 δὲ
824 4081 974 4151 φυγὴ
1002 4078 1376 4148 κατεψήφιστο
1398 4092 1412 4107 ο
1439 4075 1571 4128 ἔνθα
1596 4075 1823 4142 διάγων,

272 4180 363 4248 τὴν
382 4180 579 4232 οἰκείαν
605 4177 770 4244 δόξαν
787 4175 931 4244 λόγῳ
961 4172 1279 4243 συγκροτῶν
1304 4165 1373 4240 ἦν
1410 4166 1701 4237 Ῥωμαίων
1731 4164 1828 4220 καὶ

287 4269 533 4340 Ἑλλήνων
568 4264 858 4339 φωνῇ.Ἦν
882 4266 991 4336 γὰρ
1022 4265 1119 4317 καὶ⁵
1144 4264 1483 4333 ἀμφοτέραις
1514 4262 1637 4323 ταῖς
1649 4256 1828 4326 γλώσ-

279 4380 383 4425 σιις
427 4362 523 4414 οὐκ
550 4359 804 4430 ἀμοιρῶν
854 4360 1098 4430 χάριτος.
1132 4357 1198 4410 Ὃ
1229 4354 1275 4408 δ’
1305 4352 1670 4417 ἐσπουδάζετο
1701 4351 1825 4413 ταῖς

277 4453 498 4523 Γραφαῖς
524 4449 612 4517 ἦν,
647 4452 790 4521 πλὴν
818 4452 916 4520 τῆς
945 4444 1176 4511 οἷκείας,
1205 4448 1303 4510 τὰς
1323 4446 1434 4499 τῶν
1464 4443 1640 4500 ἄλλων
1668 4441 1827 4509 δόξας

1926 3248 2200 3315 polliciti,
2247 3245 2518 3316 siquidem
2562 3257 2662 3311 per
2718 3237 3099 3310 paenitentiam
3152 3243 3497 3304 quaecunque

1924 3355 2216 3411 perperam
2248 3336 2552 3394 docuisset.
2580 3331 2936 3387 anathemate
2963 3327 3272 3381 damnaret.
3298 3322 3397 3376 Ille
3425 3336 3497 3375 ne

1923 3433 2119 3487 audire
2148 3429 2373 3501 quidem
2417 3427 2523 3481 hoc
2565 3423 2849 3486 sustinuit,
2884 3419 2978 3475 sed
3022 3432 3121 3473 eos
3153 3415 3221 3470 ad
3252 3412 3501 3483 disputa-

1927 3524 2130 3580 tionem
2179 3519 2499 3593 provocavit
2545 3517 2646 3587 (ὅ).
2698 3516 2763 3569 Et
2808 3513 2967 3583 jussu
3015 3504 3370 3578 imperatoris
3409 3503 3503 3557 die

1925 3620 2073 3674 dicta
2128 3617 2182 3670 in
2235 3615 2417 3670 locum
2467 3625 2664 3673 unum,
2698 3610 3015 3677 quicunque
3062 3599 3338 3661 doctrina,
3385 3596 3506 3649 elu-

1925 3712 2151 3782 quentia
2202 3717 2258 3763 et
2307 3707 2519 3760 honore
2570 3698 2902 3773 atrtecellere
2956 3695 3096 3749 alios
3146 3690 3505 3749 videbantur,

1926 3779 2433 3863 convenientibus,
2483 3793 2858 3850 conditionem
2915 3783 3233 3856 disputandi
3291 3779 3506 3849 accepit

1928 3898 2186 3963 Basilius,
2221 3894 2314 3964 qui
2352 3902 2469 3947 tum
2512 3881 2855 3958 Aucy'ranam
2902 3882 3130 3935 curabat
3177 3873 3506 3930 Ecclesium.

1927 3988 2280 4045 Concertatio
2303 4000 2369 4040 ea
2395 3982 2613 4052 longius
2642 3977 2935 4049 producta,
2969 3985 3026 4027 et
3057 3969 3260 4026 notarii
3290 3968 3507 4021 celeres

1928 4082 2217 4150 utriusque
2249 4078 2454 4133 dictata
2498 4080 2837 4142 exceperunt
2872 4085 2886 4123 :
2916 4066 3120 4136 quibus
3149 4063 3311 4131 longe
3345 4072 3512 4127 supe-

1928 4177 2043 4231 rior
2066 4174 2235 4229 fuisse
2259 4168 2616 4226 existimatus
2637 4172 2722 4217 est
2759 4161 3014 4216 Basilius.
3042 4157 3215 4211 Porro
3240 4151 3512 4206 Photinus

1929 4267 1998 4323 ad
2052 4265 2303 4322 exsilium
2363 4270 2449 4318 est
2499 4258 2814 4313 damnatus.
2868 4251 2930 4305 In
2981 4264 3094 4318 quo
3142 4245 3234 4300 ille
3279 4244 3511 4309 degens,

1929 4357 2246 4430 opinionem
2289 4368 2446 4408 suam
2489 4349 2677 4404 Graece
2719 4355 2776 4399 et
2809 4343 3003 4397 Latine
3052 4339 3248 4408 (multa
3281 4333 3427 4387 enim
3458 4333 3511 4385 ei
3552 4352 3555 4355 λ

1934 4425 1990 4506 in
2028 4458 2265 4516 utroque
2295 4457 2550 4499 sermone
2581 4448 2695 4494 erat
2727 4434 2923 4507 gratia)
2956 4431 3176 4502 scriptis
3205 4425 3508 4482 mandavit.

283 4517 426 4611 μηδεν
471 4540 637 4603 οὔσας
676 4517 962 4609 ,άττρεττῶς
1008 4537 1334 4607 ἐξελέγχειν.
1390 4536 1528 4604 Περὶ
1574 4533 1676 4603 μὲν
1731 4529 1805 4585 at»

1932 4541 2090 4610 Quod
2115 4554 2261 4600 .vero
2304 4537 2359 4591 in
2390 4535 2472 4589 eis
2518 4531 2752 4586 maxime
2799 4524 3139 4584 elaborabat,
3185 4517 3318 4574 illud
3361 4523 3516 4571 erat.

280 4637 521 4690 Φωτεινοῦ
566 4636 666 4689 καὶ
712 4635 814 4703 τῆς
874 4631 1038 4687 αὑτοῦ
1093 4630 1255 4701 δόξης
1311 4629 1503 4682 τοῦτον
1546 4626 1675 4700 ἔσχε
1732 4626 1826 4680 τὸν

282 4728 477 4797 τρόπον.

352 5135 535 5188 ’Juan.
582 5146 696 5193 xiv,
748 5128 839 5182 28.
924 5128 945 5159 ⁸
981 5126 1383 5189 Matth.xxvut,
1413 5123 1499 5178 i9.

354 5292 423 5360 (ι)
453 5292 692 5347 Verbum
725 5290 828 5343 hoc
861 5295 946 5360 est
969 5296 1116 5360 temp

294 5499 450 5555 Hebr.
488 5499 546 5555 tt.

362 5572 435 5643 (Ξ)
465 5570 603 5625 Nam
639 5568 732 5640 qui
754 5569 1004 5640 spiritum
1044 5560 1240 5623 Christi
1270 5577 1374 5617 non
1405 5559 1601 5623 habet,‘
1629 5573 1733 5612 non
1771 5565 1844 5611 est

1937 4634 2084 4705 quod
2114 4643 2314 4701 praeter
2345 4627 2663 4698 opinionem
2694 4637 2871 4685 suam,
2902 4620 3037 4673 alias
3060 4616 3295 4670 aliorum
3324 4623 3519 4664 omnes

1939 4722 2077 4779 nihil
2133 4735 2287 4783 esse,
2337 4730 2536 4787 parum
2585 4713 2788 4768 decore
2842 4711 3079 4779 probare
3131 4713 3216 4758 est
3260 4711 3515 4755 conatus.

1946 4814 2165 4871 Photini
2188 4812 2433 4883 quidem,
2458 4808 2685 4879 ejusque
2712 4802 2997 4859 sententia
3035 4812 3146 4862 res,
3176 4794 3242 4849 ad
3275 4794 3423 4847 hunc
3459 4805 3521 4844 se

1946 4907 2192 4969 habuere
2220 4904 2463 4960 modum.
3093 4885 3103 4895 ’

1122 5297 1338 5338 araneae
1365 5276 1754 5334 submissionis
1784 5285 1840 5329 et
1947 5275 2084 5344 ejus.
2123 5273 2306 5344 (Rom.
2342 5266 2488 5344 εἰη.)

293 5346 685 5420 exinanitiouis,
712 5361 863 5428 jnttta
910 5357 1045 5428 illud
1088 5346 1105 5408 Ξ
1147 5352 1385 5428 Minuisti
1431 5366 1570 5428 etiam,
1610 5356 1657 5401 et
1704 5346 1843 5414 infe-

294 5433 472 5501 riorem
539 5420 729 5501 fecisti'
800 5427 1070 5498 paulisper
1139 5421 1361 5493 angelis.
1440 5420 1640 5475 Psalm.
1696 5431 1840 5478 vnt;

2024 5320 2099 5414 ὅ)
2125 5320 2305 5395 ‘iillié'
2335 5320 2694 5414 dispt'ttationi
2759 5331 2960 5414 niuatis
3014 5324 3333 5414 adhibuisse
3366 5320 3529 5414 ICon-

1951 5393 2212 5536 sta‘niipgi
2262 5393 2568 5464 senatorios
2612 5406 2781 5469 viros,
2832 5401 2967 5456 dicit
3018 5396 3271 5452 Socrates
3318 5393 3417 5457 lib.
3466 5404 3530 5456 ιι,

1953 5499 2077 5536 can.
2117 5517 2148 5536 υ
2193 5522 2204 5535 .

2023 5500 2077 5553 p.
2117 5500 2204 5537 au.
