3928 6600
385 351 480 417 351

838 468 1001 539 756
1025 467 1253 523 CAPUT
1292 468 1508 524 xxxn.

390 556 704 631 Uttyranni
739 560 1103 617 Occidentales
1145 563 1248 631 sint
1300 563 1512 621 devicti.
1548 562 1827 616 Britannia
1856 565 1960 616 sci—

458 630 575 685 licet
610 641 659 684 et
699 631 1055 700 Magnentius.
1091 632 1164 684 De
1198 630 1399 685 Judmis
1437 632 1957 699 Diocwsariensibus,

455 710 506 755 et
530 711 587 753 ut
615 699 809 757 Gallus,
836 700 1021 756 (ἔωσαν
1049 702 1117 755 sit
1144 702 1468 773 interfectus.

396 934 402 940 .
457 884 766 956 Imperator
798 892 982 940 autem
1028 884 1293 939 adversus
1345 890 1608 954 tyrannos
1654 883 1956 939 exercitum

386 979 563 1042 duxit,
594 994 649 1033 et
670 976 1082 1033 conditionibus
1105 976 1388 1046 pactisque
1412 977 1577 1031 certis
1597 977 1802 1031 bellum
1832 992 1956 1031 cum

386 1069 738 1125 Britannione
789 1068 1037 1135 decidit,
1093 1066 1365 1121 militibus
1425 1068 1579 1123 illius
1632 1077 1693 1122 ut
1741 1069 1957 1124 animos

386 1170 688 1225 mutarent,
729 1168 786 1215 et
826 1175 884 1215 se
926 1175 1092 1213 unum
1121 1160 1509 1228 imperatorem
1541 1159 1957 1214 acclamationi-

386 1253 493 1307 bus
552 1254 963 1317 renuntiarent,
1023 1252 1333 1321 persuasis.
1405 1251 1540 1305 Nam
1605 1252 1822 1306 insidiis
1877 1253 1961 1307 eis

385 1345 640 1414 cognitis,
678 1343 961 1399 Britannio
996 1344 1062 1397 ad
1096 1343 1265 1413 pedes
1305 1344 1656 1413 imperatoris
1692 1344 1958 1413 supplicis

384 1436 577 1491 habitu
611 1436 998 1490 miserabiliter
1017 1444 1104 1489 est
1131 1430 1475 1505 provolutus.
1512 1437 1574 1489 Et
1598 1436 1957 1492 Constantius

383 1529 434 1584 ci
476 1530 693 1599 imperii
720 1529 977 1598 insignia,
996 1545 1297 1598 purpuram
1326 1539 1379 1583 et
1403 1544 1661 1583 coronam
1696 1530 1953 1593 detraxit,

384 1623 741 1693 quietumque
773 1630 830 1676 et
866 1620 1145 1691 privatum
1191 1636 1313 1675 esse
1351 1622 1513 1689 jussit
1560 1637 1574 1675 :
1622 1621 1737 1674 Seni
1785 1620 1957 1688 magis

384 1714 682 1768 convenire
710 1713 925 1779 dicens,
970 1723 1031 1767 ut
1062 1714 1116 1767 in
1157 1713 1273 1765 otio
1299 1712 1529 1773 viveret,
1556 1727 1718 1780 quatn
1754 1727 1951 1764 nomen

1601 356 2020 443 Ntcsrnont
2063 361 2404 420 CALLISTI

3522 371 3622 434 3M

2639 479 2683 530 Κ
2697 479 2892 532 ΕΦΑᾹ.
2930 480 2970 531 Λ
2979 478 3056 535 B'.

2062 565 2199 635 Περὶ
2234 566 2344 633 τῆς
2373 567 2557 634 ἣττης
2601 566 2720 620 τῶν
2764 568 3090 636 Ἑσπερίων
3137 567 3466 636 τυράννων,
3497 577 3624 627 Ohe”-

2132 637 2460 702 τρανὶωνος
2512 636 2608 689 καὶ
2663 641 3040 703 Μαγνεντίου
3065 656 3079 669 ·
3138 641 3233 691 καὶ
3259 643 3388 707 περὶ
3423 641 3538 693 τῶν
3561 644 3625 693 ἐν

2136 708 2551 778 Διοκαισαρείῃ
2577 707 2888 761 Ἰουδαίων
2913 726 2923 738 ·
2949 708 3049 761 καὶ
3081 708 3161 775 ὠς
3185 709 3442 778 ἀνῃρέθη
3472 710 3624 765 Γάλ-

2132 779 2245 842 λος
2275 779 2307 830 ό
2339 777 2591 846 Καῖσαρ.

2146 882 2205 936 ⁸0
2237 884 2295 938 δὲ
2332 883 2588 954 βασιλεὺς
2611 885 2681 938 τὰ
2708 886 2819 940 τῶν
2849 887 3131 956 τυράννων
3179 890 3503 960 μετήρχετο,
3538 893 3626 945 κιιί¹

2061 976 2153 1027 ἐπὶ
2204 976 2397 1045 ρηταῑς
2451 977 2754 1047 συνθήκαις
2803 979 2860 1039 ἐς
2907 979 3074 1030 ταυτὸ
3129 979 3349 1046 πρῶτον
3393 975 3497 1050 ἧκε
3554 983 3626 1051 τῷ

2061 1066 2407 1134 Βρετανίωνι.
2439 1069 2636 1130 Πείσας
2665 1070 2721 1122 δὲ
2767 1071 2895 1132 τοὺς
2924 1070 3017 1124 ὑπ’
3055 1073 3261 1123 ἐκεῖνον
3294 1074 3626 1140 στρατιώτας

2065 1154 2397 1224 μεταθέσθαι
2449 1155 2550 1226 τῆς
2596 1157 2844 1227 γνώμης,
2886 1154 2983 1211 καὶ
3048 1160 3210 1227 μόνον
3268 1159 3627 1228 ἀναγορεῦσαι

2060 1250 2443 1303 Κωνστάντιον
2470 1289 2485 1313 ,
2510 1249 2675 1318 γνοὺς
2705 1251 2913 1311 ἐκεῖνος
2933 1251 3031 1320 τὴν
3047 1251 3363 1322 ἐπιϐουλὴν,
3398 1255 3506 1319 πρὸ
3526 1253 3627 1305 τῶν

2063 1340 2241 1395 ποδὼν
2273 1359 2370 1395 του
2411 1341 2672 1412 βασιλέως
2703 1344 3031 1397 ἐκαλινδεῖτο
3054 1346 3266 1415 πρηνής
3289 1361 3302 1374 ·
3331 1347 3425 1398 καὶ
3458 1346 3629 1416 ἱκέτης

2061 1436 2298 1498 ἐλεεινὸς
2332 1432 2422 1507 ἦν.
2466 1436 2848 1493 Κωνστὰντιος
2872 1437 2928 1489 δὲ
2968 1438 3036 1489 τὰ
3074 1437 3322 1506 σύμϐολα
3354 1436 3457 1505 τῆς
3483 1437 3628 1507 βασι-

2059 1528 2210 1589 λείας
2240 1527 2434 1596 ἐκείνῳ
2466 1526 2759 1598 περιελὼν,
2786 1528 3050 1597 ἁλουργὶς
3085 1529 3141 1581 δὲ
3169 1527 3343 1582 ταῦτα
3372 1524 3514 1599 ἦσαν
3544 1531 3630 1581 καὶ

2060 1620 2348 1686 στέφανος,
2379 1621 2435 1670 ἐν
2470 1620 2670 1689 ήσυχὶᾳ
2706 1622 2889 1689 μένειν
2933 1621 3028 1673 καὶ
3080 1621 3305 1686 ίδιάζειν
3338 1622 3630 1690 προσέτατ-

2058 1725 2115 1761 τε
2142 1725 2155 1739 ’
2209 1708 2298 1762 τὸν
2331 1710 2439 1778 γὰρ
2493 1710 2808 1780 πρεσϐύτην
2838 1711 3211 1779 ἀπραγμόνως
3251 1710 3457 1779 μᾶλλον
3491 1709 3629 1779 βιοῦν

384 1806 722 1859 tumultuum
771 1806 997 1874 plenum
1030 1805 1326 1859 obtineret.
1371 1802 1636 1872 Sumptus
1664 1814 1848 1857 autem
1887 1817 1953 1856 ex

2073 1800 2341 1869 προσῆκον
2377 1802 2587 1869 ἔλεγεν,
2619 1800 2650 1871 ή
2683 1802 2859 1869 ὄνομα
2908 1802 3053 1870 ἔχειν
3083 1801 3330 1871 θορύὸων
3359 1800 3628 1869 ἔμπλεων.

386 1897 621 1965 publicis
648 1899 1009 1968 vectigalibus
1051 1899 1125 1958 ei,
1159 1905 1221 1951 ut
1264 1896 1407 1959 seni,
1442 1896 1509 1950 ad
1549 1894 1777 1949 Prusam
1807 1896 1954 1950 circa

384 1989 673 2059 Olympum
707 1990 920 2059 amplos
943 1990 1201 2044 attribuit
1236 2010 1249 2044 :
1279 1988 1371 2043 ubi
1396 1988 1485 2042 ille
1510 1988 1737 2058 degens,
1767 2000 1952 2058 postea

383 2078 450 2133 ad
488 2081 874 2150 imperatorem
906 2082 1152 2152 scripsit.
1191 2081 1503 2151 gratiasque
1528 2084 1579 2136 el
1608 2080 1742 2147 egit,
1773 2082 1866 2151 qui
1896 2097 1957 2138 se

387 2172 555 2227 tantis
587 2183 642 2228 et
670 2183 777 2227 tam
809 2175 999 2229 multis
1028 2175 1188 2229 malis
1217 2182 1271 2228 et
1299 2173 1587 2235 aerumnis,
1614 2189 1737 2242 quae
1767 2173 1821 2227 in
1852 2174 1957 2227 im-

384 2264 542 2332 perio
567 2276 776 2329 essent,
808 2266 1119 2323 liberasset.
1162 2266 1352 2320 Rebus
1392 2266 1459 2320 de
1488 2265 1847 2321 Britannione
1878 2266 1955 2338 (l)

388 2372 652 2426 prospere
695 2358 986 2425 confectis,
1041 2363 1336 2416 maximam
1386 2360 1671 2430 copiarum
1707 2381 1955 2429 suarum,

386 2462 528 2515 quas
553 2462 739 2503 secum
773 2450 1036 2517 habebat,
1071 2463 1307 2523 partem,
1346 2454 1400 2508 in
1434 2455 1646 2510 Italiam
1690 2457 1960 2512 adversus

386 2540 760 2609 llagneutium
795 2542 963 2599 misit.
992 2542 1299 2599 Patruelem
1330 2555 1512 2601 autem
1546 2548 1769 2603 fratrem
1795 2563 1958 2604 suum

387 2628 625 2697 Gallum,
657 2631 964 2690 Constantii
1013 2636 1205 2704 (frater
1244 2648 1426 2694 autem
1478 2643 1567 2697 hic
1607 2642 1957 2699 Constantini

397 2725 576 2795 Magni
607 2726 781 2795 patris
805 2726 1002 2796 fuerat)
1032 2728 1226 2789 filium,
1262 2729 1315 2784 in
1344 2729 1626 2787 Orientem
1652 2742 1707 2786 et
1742 2732 1956 2805 Syriam

388 2818 471 2872 ire
493 2817 679 2888 jussit,
720 2826 777 2871 ut
807 2818 1108 2887 provinciis
1147 2820 1313 2876 isthic
1358 2824 1627 2879 adversus
1662 2825 1955 2879 Persarum

388 2909 748 2964 excursiones
779 2909 1035 2978 pra-sidio
1069 2921 1217 2967 esset
1246 2929 1261 2966 :
1291 2913 1582 2984 eidemque
1608 2913 1839 2971 Caesaris
1869 2917 1958 2971 di-

390 3000 654 3067 gnitatem
698 2998 951 3065 contulit,
992 3009 1048 3055 et
1087 3016 1210 3055 cum
1258 3002 1498 3057 nominis
1537 3005 1623 3059 sui
1653 3005 1959 3071 adjectione

387 3092 666 3148 Caesarem
696 3090 1079 3147 Constantium
1109 3096 1462 3150 renuntiavit.
1497 3096 1617 3161 Quo
1656 3112 1787 3152 sane
1820 3107 1959 3152 tem-

2066 1893 2281 1964 Πολλὴν
2317 1893 2375 1946 δὲ
2420 1893 2565 1962 αὑτῷ
2596 1895 2691 1946 καὶ
2740 1894 2992 1963 δαπάνην
3024 1893 3303 1964 δημοσίων
3333 1895 3398 1945 ἐκ
3455 1893 3628 1961 φόρων

2062 1983 2233 2051 ἀνῆκε
2271 1984 2413 2035 κατὰ
2470 1984 2723 2052 Προῦσαν
2771 1985 2872 2051 τὴν
2927 1985 3056 2053 περὶ
3099 1984 3415 2052 Ὄλυμπον,
3453 1976 3541 2034 οἶά
3570 1998 3627 2050 γε

2064 2075 2382 2145 πρεσϐύτῃ³
2419 2076 2558 2128 ὅπου
2583 2077 2647 2145 δὴ
2687 2077 3014 2146 ποιούμενος
3061 2077 3161 2139 τὰς
3219 2076 3527 2145 διατριϐάς,
3579 2080 3631 2139 ὲς

2065 2166 2293 2235 ὕστερον
2311 2168 2537 2237 γράφων
2561 2169 2769 2238 βασιλεῖ
2799 2169 3027 2239 χάριτας
3046 2168 3341 2237 ὡμολόγει,
3370 2169 3632 2222 τοσούτων

2063 2259 2269 2323 κακῶν,
2320 2261 2420 2312 ὅσα
2469 2262 2536 2328 τῇ
2568 2261 2711 2330 ἀρχῇ
2750 2260 2969 2312 σύνεστι
3019 2262 3117 2313 καὶ
3147 2261 3452 2329 φροντίδων
3503 2261 3636 2312 οὕτω

2064 2351 2277 2404 πολλῶν
2306 2351 2700 2416 ἀπαλλάξαντι.
2745 2351 2838 2416 Ὧς
2861 2352 2917 2405 δὲ
2962 2353 3144 2415 καλῶς
3173 2352 3320 2423 αύτῴ
3352 2352 3534 2421 ἀπέϐη
3572 2355 3635 2405 τὰ

2065 2445 2210 2499 κατὰ
2240 2445 2603 2516 Βρετανίωνα,
2636 2445 2949 2513 ἀπόμοιραν
2975 2447 3236 2518 πλείστην
3264 2448 3364 2515 τῆς
3392 2450 3529 2515 περὶ
3546 2448 3635 2500 αὖ·

2064 2537 2154 2591 τὸν
2181 2539 2441 2606 στρατιᾶς
2474 2540 2617 2591 κατὰ
2645 2539 2983 2606 Μαγνεντίου
3012 2542 3094 2603 εἰς
3130 2540 3362 2593 Ἰταλίαν
3387 2539 3629 2607 ἔπεμπε.

2064 2630 2169 2683 Τὸν
2200 2625 2492 2699 δ”ὰνεψιδν
2517 2630 2738 2696 Γάλλον,
2770 2629 2828 2691 ὅς
2849 2633 2980 2693 παῖς
3013 2632 3110 2701 μὲν
3135 2626 3202 2701 ἦν
3230 2632 3635 2697 Κωνσταντίου,

2065 2716 2222 2785 οὗτος
2255 2721 2311 2774 δὲ
2337 2721 2567 2790 ἀδελφὸς
2590 2722 3001 2775 Κωνσταντίνου
3028 2722 3122 2775 τοῦ
3154 2724 3359 2794 πατρὸς
3385 2719 3481 2794 ἦν,
3509 2724 3634 2794 πρὸς

2079 2813 2256 2884 Ἐᾤαν
2276 2814 2371 2867 ἐπὶ
2406 2813 2620 2883 φυλακῇ
2659 2816 2768 2868 τῶν
2799 2815 2977 2868 ἐκεῖσε
3021 2816 3300 2885 κλιμάτων
3350 2816 3637 2886 Περσικοῖς

2070 2904 2475 2975 ἐνοχλουμένων
2529 2905 2737 2974 ἐφόδοις
2774 2907 2856 2970 εἰς
2880 2906 3081 2976 Συρίαν
3130 2908 3373 2974 ἔστελλε,
3399 2909 3508 2977 τὴν
3550 2910 3636 2963 τοῦ

2070 2997 2349 3068 Καίσαρος
2400 2996 2581 3063 ἀξίαν,
2630 2997 2770 3068 πρὸς
2801 2997 2859 3052 δέ
2899 2998 2995 3052 καί.
3036 2999 3134 3071 τήν
3188 3001 3396 3056 οἰκείαν
3454 3003 3638 3074 κλῆσιν

2066 3088 2244 3157 τούτῳ
2274 3088 2606 3161 περισαλὼν,
2661 3090 2915 3161 Καίσαρα
2949 3092 3329 3149 Κωνστάντιον
3365 3097 3636 3150 ἀνειπὼν·

391 3199 548 3253 pore,
578 3182 672 3238 illo
699 3184 1045 3238 Antiochiam
1085 3186 1498 3254 proticiscente,
1534 3203 1752 3242 rursum
1782 3190 1963 3245 crucis

2073 3178 2155 3232 ὅτε
2202 3179 2268 3250 δή
2307 3181 2572 3243 εἰσιόντος
2612 3182 2820 3235 ἐκείνου
2847 3184 2948 3256 τὴν
2975 3186 3332 3256 ’Δντιὸχειαν,
3374 3189 3537 3253 αὖθις
3584 3195 3637 3243 ἐν

392 3277 609 3345 signum
661 3277 716 3329 in
765 3274 907 3329 ctelo
948 3274 1017 3328 ad
1052 3274 1430 3346 Hierosolyma
1468 3280 1748 3346 apparuit,
1792 3280 1964 3335 solem

393 3369 564 3424 radiis
592 3368 710 3422 suis
740 3367 1076 3438 praecellens,
1120 3384 1252 3422 arcu
1284 3383 1447 3438 quem
1495 3369 1621 3423 irim
1653 3385 1850 3427 vocant
1881 3372 1970 3427 iu-

391 3459 546 3528 geuti
601 3460 669 3512 ad
717 3460 891 3514 instar
945 3474 1165 3514 coronae
1210 3460 1629 3524 circumfusum.
1673 3463 1806 3518 hora
1857 3464 1967 3519 diei

395 3550 583 3615 tertia,
616 3549 968 3604 Pentecostes
1000 3550 1160 3605 feriis
1193 3551 1516 3607 ineuntibus
1545 3570 1560 3608 :
1607 3552 1813 3622 Cyrillo
1852 3565 1968 3610 tum

397 3642 796 3713 Hierosolymis
825 3649 950 3711 post
980 3641 1277 3695 Maximum
1318 3657 1410 3697 res
1441 3642 1845 3700 ecclesiasticas
1871 3661 1971 3716 gu-

400 3736 693 3789 bernante.
745 3734 1017 3789 Caeterum
1065 3735 1394 3801 crucisjlla
1449 3736 1541 3791 lux
1586 3739 1819 3807 sparsim
1859 3754 1969 3793 non

394 3828 701 3894 difﬂuebat,
727 3826 874 3897 quod
921 3828 978 3881 in
1026 3835 1240 3882 cometa
1278 3828 1398 3882 fieri
1429 3828 1571 3884 solet
1605 3867 1621 3893 ,
1669 3828 1765 3884 sed
1796 3830 1970 3885 multo

399 3932 711 3988 ttiagnoque
749 3917 962 3989 fulgore
999 3917 1170 3973 densa
1204 3928 1260 3973 et
1292 3920 1582 3988 perspicua
1611 3920 1968 3977 consistebat.

396 4008 778 4079 Occupaverat
808 4022 993 4067 autem
1026 4010 1171 4065 coelo
1201 4009 1530 4067 incumbens
1556 4012 1781 4068 circiter
1810 4013 1972 4082 quin-

400 4100 579 4156 decim
614 4100 812 4156 stadia.
855 4101 1167 4173 Longitudo
1212 4103 1358 4173 ejus,
1401 4114 1668 4172 quantum
1713 4103 1972 4174 colligere

2068 3273 2285 3343 οὐρανῷ
2315 3273 2378 3326 τδ
2406 3274 2501 3327 τοῦ
2536 3276 2773 3346 σταυροῦ
2825 3280 3053 3348 σημεῖον
3098 3279 3256 3350 ὦρθη
3290 3283 3640 3355 ὑπεραστρά-

2069 3382 2201 3418 πτον
2232 3364 2324 3418 τὸν
2350 3365 2522 3435 ἥλιον,
2553 3367 2721 3438 ἰριδος
2748 3370 2990 3438 μεγάλης
3013 3377 3279 3441 στεφάνου
3304 3377 3515 3446 τρόπον
3547 3394 3639 3432 πε-

2072 3458 2443 3529 ριελιττούσης
2473 3462 2655 3517 αὐτόν.
2683 3462 2859 3534 Τρίτη
2894 3463 3012 3535 ὥρα
3041 3463 3141 3533 τῆς
3175 3468 3385 3538 ἡμέρας
3418 3462 3513 3540 ἦν,
3549 3469 3639 3539 τῆς

2070 3552 2455 3621 Πεντηκοστῆς
2484 3553 2845 3626 ἐνισταμένης
2873 3556 2982 3610 τῶν
3006 3558 3226 3627 ἑορτῶν,
3253 3560 3529 3631 Κυρίλλου
3550 3579 3640 3632 τη-

2068 3642 2299 3695 νικαῦτα
2346 3645 2406 3697 ἐν
2446 3644 2840 3717 Ἰεροσολύμοις
2891 3650 3030 3717 μετὰ
3058 3650 3310 3720 Μάξιμον
3347 3653 3451 3717 τὰς
3491 3656 3640 3725 ἰερὰς

2072 3731 2229 3818 ῂνίας
2257 3734 2703 3804 διαχειρίζοντος.
2741 3736 2886 3809 Πλὴν
2915 3739 3015 3811 οὐχ
3043 3741 3233 3814 ὥσπερ
3265 3760 3347 3808 τις
3392 3749 3640 3818 κομήτης

2068 3815 2137 3891 ἦν
2180 3821 2241 3874 τὸ
2277 3825 2393 3891 φῶς
2441 3827 2752 3898 ἀπορρέων,
2800 3830 2940 3884 ἀλλὰ
2982 3832 3188 3885 πυκνὸν
3243 3837 3338 3889 καὶ
3379 3815 3640 3908 διαήφανές

2074 3911 2345 3976 συνεστὼς
2375 3916 2434 3967 ἐν
2461 3916 2641 3985 πολλῷ
2665 3920 2758 3971 καὶ
2794 3920 3016 3992 μεγάλῳ
3042 3922 3183 3991 φωτί
3200 3939 3217 3958 ο
3247 3924 3395 3996 διῆκε
3428 3927 3486 3980 δὲ
3511 3945 3638 3982 κατ-

2072 4004 2195 4075 έχον
2230 4009 2359 4076 περὶ
2400 4006 2460 4059 τδ
2508 4010 2759 4081 οὐράνιον
2797 4012 2958 4077 κύτος
2997 4016 3141 4086 ἀμφὶ
3185 4016 3317 4070 δέκα
3350 4022 3447 4073 καὶ
3485 4023 3639 4079 πέντε

2075 4094 2287 4160 στάδια,
2318 4096 2380 4149 τδ
2411 4099 2512 4167 μὲν
2567 4100 2764 4169 μῆκος,
2806 4102 2930 4155 ὅσον
2974 4104 3216 4172 εἰκάσαι,
3249 4108 3356 4161 ἀπὸ
3385 4110 3486 4162 τοῦ
3515 4127 3640 4181 xpu-

397 4193 578 4258 licuit,
603 4208 633 4246 a
659 4193 925 4249 Calvariaa
957 4203 1141 4249 monte
1169 4193 1237 4248 ad
1262 4210 1390 4250 eum
1425 4195 1518 4264 qui
1546 4194 1749 4249 dicitur
1772 4194 1963 4250 Oliveti

2073 4185 2188 4240 νίου
2212 4188 2395 4257 διῆκεν
2412 4188 2540 4259 ἄχρι
2567 4192 2664 4244 καὶ⁹
2678 4193 2772 4245 τοῦ
2805 4192 2990 4264 ὅρους,
3021 4194 3050 4248 ὃ
3090 4195 3322 4251 Ἐλαιῶν
3349 4202 3641 4273 ἐπικέκληο

398 4286 744 4357 pertingebat
792 4302 807 4340 :
856 4286 1090 4340 latitudo
1122 4295 1331 4348 autem.
1386 4302 1509 4356 quze
1541 4287 1872 4356 longitudini
1917 4288 1963 4342 ei

2073 4297 2163 4334 ται
2183 4295 2198 4310 ⁸
2229 4281 2289 4334 τὸ
2318 4281 2377 4334 δὲ
2406 4278 2584 4346 εὖρος,
2610 4283 2735 4337 ὅσον
2765 4284 2843 4356 τῷ
2875 4286 3039 4356 μήκει
3073 4289 3375 4357 ἀναλογεῖν.
3413 4294 3557 4362 Πρὸς
3589 4295 3641 4346 δὲ

397 4379 757 4449 proportione
781 4377 1120 4431 conveniret.
1145 4377 1225 4432 Ad
1254 4377 1574 4433 miraculum
1597 4378 1763 4432 timor
1780 4378 1963 4443 etiam,

2073 4371 2152 4442 τῷ
2200 4371 2443 4442 θαύματι
2470 4375 2564 4426 καὶ
2608 4375 2746 4428 πᾶσι
2776 4373 2896 4439 δέος
2946 4376 3041 4429 ἐπὶ
3065 4378 3144 4447 τῷ
3174 4381 3464 4451 παραδόξῳ
3497 4384 3639 4454 ἐνῆν.

399 4473 458 4525 in
491 4486 550 4524 re
585 4454 696 4524 tam
734 4468 956 4524 insolita
989 4477 1045 4524 et
1080 4469 1472 4539 inexspectata,
1503 4471 1762 4527 omnibus
1792 4472 1963 4527 inces-

2074 4466 2184 4519 Καὶ
2204 4465 2356 4519 ἔθεον
2381 4466 2584 4529 πάντες
2614 4468 2711 4553 ἐπὶ
2734 4468 2794 4521 τὸ
2827 4468 2991 4540 ἰερδν,
3026 4472 3119 4525 τὸν
3145 4473 3318 4542 μέγαν
3349 4476 3645 4545 ἀνυμνοῦν-

399 4563 493 4618 sit.
535 4562 724 4631 Itaque
780 4576 973 4615 omnes
1024 4576 1150 4615 cum
1200 4562 1525 4633 coniugibus
1572 4571 1630 4618 et
1670 4564 1859 4619 liberis
1901 4565 1963 4620 ad

2074 4572 2166 4616 τες
2196 4555 2365 4623 Θεὸν,
2400 4555 2628 4621 ἕκαστος
2667 4559 3000 4630 καταλείψας
3027 4562 3054 4616 ὅ
3082 4579 3135 4617 τι
3172 4568 3388 4634 τύχοιεν
3419 4568 3644 4639 ἐργαζό-

400 4656 667 4725 templum
710 4654 889 4724 majus
918 4655 1092 4708 Deum
1127 4653 1387 4709 laudibus
1413 4654 1675 4720 ferentes,
1716 4657 1913 4711 relicto
1941 4673 1963 4711 ε

2081 4665 2258 4720 μενοι.
2293 4650 2452 4723 Πάσῃ
2475 4650 2535 4704 δὲ
2558 4654 2627 4722 γῇ
2658 4653 2721 4706 τὸ
2742 4652 2925 4723 θαῦμα
2957 4655 3248 4726 φοιτῆσαν,
3278 4660 3640 4729 κατέπληττε,

397 4761 622 4816 quoque
653 4744 798 4813 quod
828 4752 941 4797 tum
974 4743 1115 4799 forte
1137 4743 1364 4812 faceret,
1388 4760 1555 4814 opere
1579 4747 1963 4818 confugerunt.

2077 4741 2187 4794 τῶν
2216 4741 2337 4794 κατ’
2372 4742 2539 4813 εὐχὴν
2566 4745 2682 4808 τοῖς
2720 4743 2987 4816 Ἰεροσολύ
2996 4761 3121 4813 μοις
3146 4748 3563 4819 ἐπιδημούντων
3585 4750 3642 4816 ἐξ

397 4838 563 4915 757
589 4836 654 4891 Et
681 4852 745 4891 ea
777 4851 867 4890 res
893 4836 949 4890 in
980 4846 1156 4893 terras
1180 4852 1374 4892 omnes
1403 4839 1772 4908 promulgata,
1797 4839 1963 4894 homi-

2079 4834 2300 4904 ἁπάσης
2329 4835 2431 4904 γῆς
2452 4835 2928 4906 διαμηνυσάντων.
2971 4843 3038 4895 '0
3067 4846 3161 4897 καὶ
3192 4843 3423 4906 πολλοὺς
3449 4845 3559 4898 τῶν
3586 4861 3642 4897 τε

402 4948 502 4986 nes
529 4929 927 4995 consternavit,
963 4928 1109 4999 quod
1142 4945 1262 4984 eam
1306 4945 1374 4984 ex
1403 4930 1704 5000 provinciis
1733 4929 1971 4995 cunctis,

399 5024 498 5092 qui
541 5037 771 5092 peregre
808 5021 1148 5092 precationis
1201 5037 1332 5091 ergo
1385 5021 1762 5093 Hierosolyma
1809 5038 1976 5078 vene-

405 5126 548 5178 rant,
578 5115 782 5184 ubique
822 5114 1136 5185 vulgarent.
1170 5113 1369 5168 Multos
1402 5128 1534 5167 sane
1561 5120 1619 5168 et
1645 5128 1713 5168 ex
1747 5113 1974 5179 Iudaeis,

403 5217 461 5261 et
489 5224 557 5260 ex-
582 5208 811 5272 Craacis,
848 5207 916 5261 ad
948 5206 1430 5262 Christianismum
1464 5205 1745 5275 perduxit.
1774 5207 1976 5261 Factus

403 5297 569 5353 etiam
622 5298 689 5351 de
743 5313 808 5351 ea
869 5299 1073 5353 certior
1119 5305 1201 5352 est
1251 5297 1576 5365 imperator,
1623 5295 1975 5352 familiarium

405 5403 637 5442 suorum
681 5397 738 5442 et
781 5388 957 5458 ipsius
1000 5387 1188 5458 Cyrilli
1236 5386 1457 5442 litteris.
1490 5385 1558 5439 Et
1602 5385 1869 5442 divinitus
1911 5403 1977 5445 ea

2091 4926 2362 4980 Ἰουδαίων
2378 4928 2475 4981 καὶ
2510 4928 2776 4999 Ἐλλήνων
2796 4932 2933 5002 πρὸς
2955 4933 3047 4987 τὸν
3062 4934 3495 5004 Χριστιανισμὸν
3522 4935 3645 5005 μεθ-

2078 5020 2352 5074 είλκυσεν.
2388 5021 2575 5088 Ἔγνω
2600 5020 2657 5074 δὲ
2683 5024 2776 5076 καὶ
2801 5025 2827 5075 ὁ
2863 5023 3115 5093 βασιλεὺς
3144 5026 3298 5096 παρά
3334 5043 3394 5080 τε
3429 5027 3538 5079 τῶν
3568 5030 3644 5079 oi—

2079 5112 2241 5166 κείων
2265 5113 2359 5165 καὶ
2396 5112 2670 5183 Κυρίλλου
2708 5113 3043 5184 γράψαντος.
3074 5119 3229 5172 Κατά
3259 5136 3313 5172 τι
3327 5120 3384 5172 δὲ
3414 5121 3641 5191 θεοπρόρ

2079 5221 2203 5257 πιον
2235 5203 2491 5270 γενέσθαι
2522 5204 2742 5273 ἐλέγετο
2771 5210 2883 5269 τοῖς
2914 5208 3100 5271 εἰδόσι,
3143 5211 3311 5263 πάλαι
3342 5212 3550 5281 βίόλοις
3574 5213 3645 5264 ls-

2082 5298 2200 5364 ραῖς
2231 5296 2625 5367 ἐμφερόμενον.
2656 5299 2728 5351 Τὸ
2754 5299 2811 5352 δὲ
2852 5299 3184 5372 σελασφόρον
3214 5306 3388 5358 ἐκεῖνο
3427 5307 3525 5358 καὶ
3557 5324 3645 5359 σε-

2079 5387 2314 5457 ϐάσμιον
2346 5388 2527 5455 θέαμα
2550 5389 2670 5443 οὑδέ
2700 5392 2809 5454 τοῖς
2837 5394 2929 5445 ἐπὶ
2959 5395 3052 5447 τού
3086 5398 3454 5467 στρατοπέδου
3484 5401 3646 5453 ἀθέα-

479 5567 556 5640 (I)
590 5567 1352 5640 Iiritanmonemgmagtstrum
1392 5568 1625 5626 militum
1658 5570 1714 5624 in
1761 5570 1978 5636 Panno:

406 5641 498 5694 nia
538 5638 615 5693 ad
665 5639 901 5692 Mursam
952 5638 1156 5691 milites
1188 5641 1573 5705 imperatorem
1626 5643 1975 5695 renuntiave-

409 5719 550 5770 rant.
586 5722 933 5778 gratulantum
957 5708 1091 5778 jam,
1120 5716 1174 5760 et
1204 5708 1461 5762 omnibus
1486 5711 1714 5765 charum
1749 5710 1926 5763 virum
1964 5726 1977 5762 :

409 5780 613 5855 quippe
657 5779 942 5853 probrum,
974 5788 1030 5833 et
1072 5778 1378 5847 priscorum
1427 5794 1665 5844 murum,
1693 5780 1979 5851 jucunda!-

2074 5587 2185 5641 que
2233 5568 2474 5625 civitatis
2532 5589 2546 5626 :
2610 5577 2703 5628 sed
2766 5590 3014 5631 omnium
3075 5578 3384 5633 liberalium
3443 5581 3637 5635 artium

2075 5650 2378 5718 espertcm,
2403 5644 2633 5718 adeant
2654 5660 2722 5699 ne
2756 5647 3054 5713 primarum
3086 5649 3305 5718 quidem
3336 5650 3639 5705 litterarum

2074 5712 2367 5836 glementa,
2399 5711 2504 5767 nisi
2546 5713 2599 5769 in
2638 5711 2886 5771 cxtrctna
2930 5711 3117 5785 aetate,
3144 5719 3493 5776 addidicerit.
3533 5720 3642 5775 Eu-

2106 5797 2221 5836 ron.

2106 5797 2221 5849 rop.
