3814 6556
217 417 299 487 357

1107 401 1708 466 ECCI.ESIASTIC4E
1749 398 2135 461 HISTORIAE
2176 404 2318 467 LIB.
2365 402 2465 467 IX.

3289 401 3397 463 353

215 530 387 588 νωνιῖν,
439 504 565 593 μήτε
636 514 742 587 μὴν
794 522 1029 584 γράφειν
1053 528 1070 545 ·
1129 512 1267 566 ἀλλὰ
1331 509 1605 577 Γεώργιον
1665 510 1724 562 ὲν

1833 508 1893 562 ad
1936 509 2086 563 illum
2120 510 2460 564 scriberent:
2485 508 2579 564 sed
2605 509 2901 580 Georgium
2939 509 3148 564 honore
3207 523 3400 578 prose-

213 625 367 694 τιμαῖς
417 615 566 683 ἔχειν.
611 608 669 663 δν
716 605 873 660 αὐτοὶ
914 604 1349 673 κατεστήσαντο.
1403 600 1721 694 Ἀθανάσιος

213 687 373 771 δὲ.ο)δ’
413 700 727 772 ἐπιστροφὴν
775 697 955 753 αὐτῶν
1004 697 1262 750 ιποιεϊτο.
1312 694 1426 747 Καὶ
1463 691 1621 746 τοῦτο
1653 687 1724 762 ἦν

212 812 295 869 ἕως
318 804 368 857 οὗ
397 796 747 856 Κωνστάντιος
779 792 906 855 τοὺς
935 788 1239 859 τυράννους
1263 785 1529 852 καθελὼν,
1562 785 1724 854 μόνος

219 903 297 969 τῆς
321 898 417 950 Ἕω
438 890 530 945 καὶ
552 887 818 957 Ἐσπέρας
848 884 1117 953 κατῆρξεν
1140 897 1155 912 ⁸
1172 883 1284 941 τοῖς
1300 883 1408 950 γὰρ
1429 883 1485 931 ὲν
1517 878 1726 948 ἑσπέρᾳ

212 992 450 1064 γενόμενος
497 986 524 1036 ὁ
573 979 974 1040 Κωνστάντιος,
1001 978 1115 1036 τοῖς
1153 975 1334 1028 ἐκεῖσε
1376 973 1486 1025 τῶν
1529 972 1723 1064 ἱερέων

212 1061 265 1155 τῇ
301 1077 558 1151 ὀμοουσίου
610 1067 888 1141 στοιχοῦσι
930 1069 1139 1131 πίστει,
1171 1066 1555 1136 προσεποιεῖτο
1603 1061 1727 1114 κολ-

212 1154 370 1228 λᾶσθαι
396 1167 482 1221 καὶ
522 1163 852 1231 συμφρονεῖν
874 1175 890 1191 '
928 1160 1023 1212 καὶ
1056 1158 1233 1210 διόλου
1290 1158 1532 1208 συνεῖναι
1583 1154 1726 1223 τάχα

213 1264 378 1335 ᾑρεῖτο.
402 1258 561 1326 Τέχνη
612 1253 667 1305 δὲ
702 1253 1007 1320 μετήρχετο
1051 1250 1120 1301 τὰ
1170 1247 1362 1317 πρῶτα
1406 1245 1481 1313 μὴ
1536 1242 1727 1313 βιαζό-

210 1334 363 1424 ρενος,
400 1350 494 1412 ἓως
548 1339 609 1398 οὗ
667 1344 959 1405 κάκείνους
1016 1336 1456 1409 ἐπιψηφίσασθαι
1516 1334 1725 1388 πείσειε

213 1448 302 1507 τοῖς
324 1442 430 1497 κατ’
466 1435 779 1492 Ἀθανασίου
816 1428 1438 1502 γεγενημένοις-ἐπίσης
1469 1428 1585 1489 τοῖς
1622 1426 1728 1479 ἀνὰ
1770 1488 1775 1493 _

209 1533 290 1602 τὴν
317 1530 414 1583 Ἕω
446 1524 775 1585 ἐπισκόποις.
811 1522 919 1575 Καὶ
960 1520 1071 1588 γάρ
1108 1536 1226 1581 πως
1260 1514 1646 1584 ὲ).ογίζετο,ὼς
1680 1515 1729 1566 εί

208 1626 343 1694 ψήφῳ
386 1620 586 1673 πάντων
615 1616 725 1669 τῶν
765 1613 948 1685 Ἐᾠων
978 1614 1074 1667 καὶ
1125 1609 1433 1680 Ἐσπερίων
1488 1606 1731 1660 ἐκποδὼν

217 1713 487 1773 Ἀθανάσιος
513 1710 742 1777 γένοιτο,
786 1709 850 1759 ἐκ
879 1705 973 1759 τοῦ
1016 1706 1219 1778 ῥᾴστου
1265 1705 1467 1758 ἐνεῖναι
1496 1701 1566 1755 τὰ
1601 1701 1732 1772 περὶ

1826 609 2152 670 querentur.
2211 617 2373 671 quem
2438 601 2540 671 ipsi
2591 603 2914 672 episcopum
2975 602 3395 656 constituerant.

1825 693 2159 748 Athanasius
2184 703 2365 747 autem
2423 694 2562 748 nihiI
2591 707 2820 762 prorsus
2872 694 2990 747 haec
3031 694 3279 748 curabat.
3345 694 3437 745 ιιι-

1828 785 1902 839 ita
1934 786 2162 847 factum.
2197 787 2373 841 donec
2434 786 2817 852 Constantius,
2852 785 3101 856 tyrannis
3145 785 3396 845 sublatis,

1829 892 1975 931 unus
1999 878 2113 945 ipse
2147 876 2394 932 Orientis
2425 880 2589 932 simul
2611 887 2668 931 et
2701 876 3020 931 Occidentis
3055 876 3288 942 imperio
3313 886 3399 929 est

1827 969 2054 1038 potitus.
2091 969 2253 1039 760
2298 968 2363 1022 Et
2408 968 2805 1023 Constantinus
2855 983 2981 1022 cum
3032 968 3085 1020 in
3109 967 3401 1021 Occidente

1828 1069 1993 1121 esset.
2021 1076 2143 1113 cum
2162 1060 2435 1128 episcopis
2450 1060 2541 1113 τοῦ
2561 1060 2873 1129 ὁμοουσίου,
2889 1058 3396 1119 consubstantialis,

1830 1151 1954 1205 fidei
2001 1152 2432 1207 assentientibus
2483 1168 2542 1207 se
2574 1153 2929 1223 coniunctum
2963 1166 3108 1215 esse,
3166 1160 3223 1204 et
3273 1165 3398 1204 cum

1829 1242 1909 1297 eis
1938 1243 2044 1297 sibi
2077 1245 2373 1299 convenire
2397 1246 2679 1299 simulavit
2703 1263 2718 1298 :
2746 1256 2802 1299 et
2831 1247 3065 1298 fortasse
3118 1243 3171 1296 in
3231 1239 3405 1311 parti-

1833 1334 1942 1389 bus
1969 1350 2159 1388 eorum
2188 1350 2311 1391 esse
2339 1337 2565 1391 omnino
2587 1338 2895 1392 constituit.
2928 1340 3058 1391 Arte
3076 1345 3229 1391 certe
3249 1348 3401 1397 usus,

1832 1443 1957 1481 cum
1981 1429 2090 1482 vim
2121 1430 2325 1483 nullam
2357 1431 2439 1485 eis
2484 1430 2717 1499 primum
2770 1432 3092 1497 adhiberet,
3148 1433 3242 1485 sed
3284 1441 3405 1484 tan-

1832 1529 1944 1572 tum
1973 1522 2349 1590 persuaderet,
2382 1532 2439 1576 nt
2467 1522 2718 1577 eamdem
2771 1535 2962 1578 contra
3012 1526 3403 1593 Athanasium,

1830 1624 1993 1679 quam
2026 1611 2334 1665 Orientales
2357 1611 2600 1682 episcopi
2637 1612 2917 1676 tulissent,
2956 1615 3057 1682 ipsi
3093 1619 3255 1669 etiam
3281 1632 3409 1670 seu-

1831 1699 2057 1752 tentiam
2078 1698 2310 1753 ferrent.
2355 1699 2446 1755 Sic
2484 1700 2690 1756 etenim
2723 1704 3132 1770 quodammodo
3166 1706 3403 1773 putavit,

206 1814 285 1876 τὴν
306 1805 577 1875 Θρησκείαν
616 1801 689 1863 ὡς
724 1798 973 1870 βούλοιτο
1004 1796 1329 1869 κατορθοῦν.
1364 1796 1472 1850 Καὶ
1505 1797 1570 1864 δὴ
1600 1794 1727 1862 περὶ

1834 1793 1877 1846 si
1909 1795 2155 1851 omnium
2187 1796 2550 1854 Orientalium
2570 1801 2728 1870 juxta
2757 1798 3259 1856 ctOccidentalium
3291 1802 3407 1856 cal-

204 1888 462 1954 Μεδιόλανα
507 1894 606 1963 τῆς
647 1890 877 1945 Ἰταλίας
921 1890 1019 1960 τὴν
1056 1888 1273 1943 σύνοδον
1316 1886 1591 1959 ἥθροιζεν.
1633 1887 1728 1940 Ἐκ

206 1988 287 2058 μὲν
306 1986 386 2040 οὖν
400 1988 491 2052 τῆς
508 1985 623 2037 Ἕω
644 1983 818 2045 ὀλίγοι
838 1981 899 2047 δή
929 1998 1074 2043 τινες
1104 1980 1471 2050 παρεγένοντο
1493 1994 1509 2009 ο
1534 1978 1595 2029 τὸ
1624 1977 1731 2046 γὰρ

201 2080 285 2152 τῆς
316 2075 611 2146 ὁδοιπορίας
663 2075 875 2147 μακρὸν
933 2077 1030 2129 καὶ
1066 2072 1221 2135 νόσος
1268 2072 1362 2124 καὶ
1409 2070 1589 2139 γῆρας
1622 2068 1731 2121 τῶν

200 2173 377 2227 πολλῶν
406 2172 584 2240 ἐπεῖχε
628 2168 731 2239 τὴν
758 2165 942 2235 ἄφιξιν
965 2180 983 2196 ⁸
1024 2164 1300 2235 Ἐσπέριοι
1341 2162 1398 2215 δὲ
1444 2161 1661 2221 πλείους
1694 2158 1728 2229 ἢ

199 2266 462 2334 τριακόσιοι
506 2262 900 2329 συνελέγησαν.
938 2257 1012 2311 Τὸ
1060 2258 1117 2311 δὲ
1167 2254 1607 2323 σπουδαζόμενον
1662 2250 1731 2325 ἦν

201 2363 291 2422 τοῖς
332 2359 383 2424 ἐξ
412 2358 522 2408 Ἷοῖω
547 2353 939 2418 καταδικάζειν
977 2350 1319 2411 Ἀθανασίου,
1347 2347 1486 2401 ὥστε
1530 2346 1733 2400 άδατον

199 2452 362 2518 ἐκείνῳ
409 2443 542 2502 εἶναι
597 2448 699 2517 τὴν
758 2443 1193 2513 Ἀλεξάνδρειαν.
1225 2440 1336 2495 Καὶ
1368 2442 1400 2508 ἡ
1460 2440 1560 2510 μὲν
1595 2439 1731 2525 άλλη

198 2546 452 2614 σύθοδος,ἢ
484 2545 695 2614 ἀπάτῃ,
726 2542 760 2611 ἢ
801 2540 935 2604 δέει,
965 2540 999 2610 ἢ
1025 2525 1121 2592 καὶ
1158 2535 1374 2608 ἀγνοίᾳ,
1410 2535 1732 2604 συνιτρεχον

195 2634 259 2703 τῷ
286 2632 810 2703 ψηφίσματιχμόνοι
860 2628 906 2682 δ’
956 2627 1018 2691 ἐξ
1064 2626 1322 2680 ἁπάντων
1371 2624 1649 2683 Διονύσιος
1702 2623 1731 2675 ὁ

198 2727 373 2789 ’Λλδας
408 2727 731 2787 ἐπίσκοπος,
771 2721 1069 2782 Ίταλιῶτις
1101 2719 1161 2771 δὲ
1192 2718 1332 2787 αὕτη
1369 2715 1730 2786 μητρόπολις,

184 2823 268 2873 ικαὶ
317 2818 562 2878 Εύσέδιος
619 2816 727 2869 τῶν
778 2817 837 2869 ἐν
894 2812 1166 2881 Διγουρίᾳ
1237 2809 1576 2879 Βρεκέλλων,
1635 2811 1730 2860 καὶ

191 2913 465 2981 Τριδέρεως
500 2912 527 2961 ό
559 2909 851 2970 Παυλῖνος,
890 2909 948 2959 ἐν
1000 2906 1038 2957 Γ
1042 2904 1254 2967 αλλίαις
1283 2905 1325 2956 δ’
1356 2904 1504 2956 ἐστὶν
1534 2904 1567 2974 ἡ
1602 2902 1733 2973 Τρί-

188 3006 449 3073 6ερις,καὶ
497 3002 746 3063 nam;
800 3001 896 3053 sui.
946 2998 1250 3067 Δουκὶιρερ,
1291 2999 1382 3049 τὶν
1416 2998 1568 3050 δόλον
1618 3014 1729 3064 φω-

189 3099 441 3168 ράσαντες,
496 3099 575 3158 ὼς
636 3097 728 3149 ἐπὶ
785 3097 851 3162 τῇ
918 3094 1201 3162 ἀνατροπῇ
1253 3091 1349 3144 τοῦ
1414 3093 1472 3142 ὲν
1525 3090 1731 3162 Νικαίᾳ

1833 1885 1973 1941 culis
1998 1887 2332 1945 Athanasius
2362 1891 2741 1959 damnaretur,
2776 1894 3095 1949 facillimum
3126 1896 3231 1950 sibi
3262 1896 3403 1961 fore,

1834 1989 1893 2030 ut
1922 1978 2242 2047 religionem
2281 1998 2375 2048 pro
2405 1984 2639 2038 arbitrio
2671 2001 2774 2037 suo
2812 1987 3180 2043 constitueret
3237 1998 3404 2058 atque

1833 2069 2132 2124 ordinaret.
2194 2072 2386 2142 Itaque
2453 2075 2506 2129 in
2550 2075 2697 2129 Italia
2746 2076 3039 2131 Mediolani
3101 2088 3408 2133 conventus

1834 2176 2055 2225 coaetus
2078 2172 2183 2220 est.
2213 2166 2278 2219 Et
2311 2182 2378 2221 ex
2411 2166 2636 2223 Oriente
2663 2170 2886 2238 quidem
2915 2171 3072 2240 pauci
3105 2171 3404 2225 admodum

1834 2253 1906 2308 ibi
1931 2266 2128 2323 praesto
2158 2257 2329 2314 fuere.
2371 2260 2588 2315 Itineris
2612 2263 2760 2317 enim
2797 2263 3135 2333 magnitudo.
3171 2274 3228 2319 et
3256 2279 3409 2319 mor-
3460 2300 3469 2309 -

1835 2349 1959 2412 bus,
1992 2360 2049 2403 et
2096 2344 2228 2406 frias
2274 2353 2558 2422 grandior,
2585 2354 2884 2408 multorum
2920 2355 3172 2424 impediit
3204 2341 3409 2411 adven-

1834 2451 1971 2495 tum.
2022 2444 2405 2500 Occidentales
2467 2455 2653 2499 autem
2704 2447 2890 2515 plures
2959 2464 3124 2517 quant
3173 2450 3407 2505 trecenti

1833 2547 2161 2587 convenere.
2214 2533 2512 2589 Enimvero
2544 2535 2908 2591 Orientalium
2958 2539 3248 2593 consilium
3281 2540 3406 2605 fuit,

1836 2635 1896 2676 ut
1923 2624 2255 2679 Athanasius
2287 2625 2659 2692 danmaretur,
2682 2628 2845 2697 eique
2878 2630 3243 2686 Alexandrina
3273 2633 3409 2688 urbe

1836 2717 2285 2772 intercideretur.
2317 2719 2384 2774 Et
2418 2720 2629 2787 reliqua
2664 2723 2909 2792 synodus
2955 2726 3072 2779 sive
3093 2738 3285 2780 errore
3312 2735 3410 2783 aut

1834 2822 2005 2875 metu,
2041 2827 2136 2866 seu
2179 2813 2342 2868 etiam
2374 2815 2684 2882 ignorantia
2721 2818 2956 2886 pedibus
3001 2820 3056 2873 in
3088 2836 3208 2874 eam
3267 2822 3403 2877 ibat.

1837 2906 1949 2961 Soli
1979 2920 2109 2960 vero
2138 2922 2205 2960 ex
2234 2907 2496 2961 omnibus
2526 2908 2820 2978 Dionysius
2842 2912 3009 2974 Albae.
3042 2928 3166 2981 qua‘
3201 2929 3305 2967 una
3338 2930 3407 2969 ex

1837 2999 2277 3067 meti-epolitauis
2308 3003 2363 3056 in
2408 3002 2558 3056 Italia
2588 3004 2722 3057 urbs
2756 2997 2857 3067 est,
2885 3016 2941 3058 et
2975 3006 3243 3061 Eusebius
3274 3008 3409 3064 Ver-

1834 3093 2091 3148 cellarum
2123 3093 2376 3164 Liguriae,
2409 3105 2465 3150 et
2512 3096 2774 3151 Paulinus
2804 3098 3157 3155 Trevirorum
3196 3104 3250 3157 in
3283 3104 3409 3159 Gal-

185 3188 423 3254 ὀόγματος
470 3189 526 3240 οἱ
568 3187 729 3255 Ἐᾠοι
756 3186 853 3254 τὴν
890 3183 1211 3236 Ἀθανασίου
1265 3182 1587 3250 καθαίρεσιν
1618 3187 1709 3235 ὲπι

1839 3187 1932 3246 lia.
1968 3188 2233 3256 episcOpi,
2267 3197 2322 3242 et
2350 3199 2614 3257 praeterea
2654 3190 2950 3246 Rhodanus
2982 3203 3037 3247 et
3056 3193 3275 3249 Lucifer
3305 3197 3407 3267 (I),

186 3279 521 3340 σπεύδουσιν,
580 3276 916 3337 ἀναστάντες
970 3274 1178 3342 tam,
1240 3276 1390 3328 δόλον
1444 3273 1584 3329 εἶναι
1636 3279 1733 3329 καὶ⁵

183 3373 373 3441 ἀπάτην
418 3371 512 3425 τοῦ
541 3367 1019 3442 Χριστιανισμοῦο
1064 3370 1157 3421 καὶ
1192 3370 1266 3437 μὴ
1298 3368 1368 3422 δι’
1410 3370 1733 3423 ’Δθανάσιον

178 3460 374 3517 εἶναιτὸ
404 3466 721 3534 εἰρημένον,
752 3462 866 3517 ἀλλ’
918 3462 1212 3531 ἐπιξουλὴν
1256 3461 1364 3515 τῶν
1409 3463 1552 3516 κατὰ
1594 3461 1731 3514 Θεοῦ

176 3556 331 3627 ὀρθῶς
374 3548 544 3610 πάλαι
577 3556 920 3623 δεδογμένων
954 3556 1047 3606 τόν
1101 3571 1159 3606 τε
1210 3553 1437 3623 βασιλέα
1472 3554 1568 3606 καὶ
1605 3557 1733 3616 τοὺς

178 3652 235 3703 τά
272 3652 475 3718 Ἀρείου
509 3650 853 3720 φρονοῦντας
883 3652 1143 3702 ἐπινοεῖν.
1180 3648 1345 3701 Ταῦτ’
1378 3648 1664 3713 εἰπόντων,
1698 3650 1765 3719 ήι

182 3740 268 3805 μὲν
314 3740 531 3802 σύνοδος
571 3740 818 3792 διελύετο
866 3739 1149 3807 ἄπρακτος
1177 3754 1189 3766 ·
1239 3740 1355 3792 ὅσοι
1402 3738 1447 3792 δ’
1487 3740 1733 3810 ἐπαρρη-

177 3837 412 3889 σιάσαντο
441 3837 719 3906 ὑπερορίᾳ
750 3834 1227 3903 κατεδικάσθησαν
1259 3835 1541 3903 γενόμενοι
1566 3837 1733 3888 ἐκπο-

175 3924 299 3979 δώνσ
339 3929 457 3996 μεθ’
508 3922 590 3982 ὧν
643 3924 711 3998 ἦν
746 3929 840 3980 καὶ
899 3926 1131 3993 Ἰλάριος
1174 3928 1204 3980 ό
1253 3929 1571 3982 [Ῐοικτάσων
1605 3930 1731 3982 ἐπι-

170 4036 380 4083 νσκοπος.
415 4021 545 4075 Ὅτι
592 4020 639 4074 δ’
673 4019 881 4088 ἀληθὴς
928 4021 1079 4073 αἰτία
1108 4015 1178 4088 ἦν
1206 4018 1281 4082 ὡς
1334 4020 1428 4072 ἐπὶ
1459 4022 1731 4089 προφάσει

184 4112 495 4168 Ἀθανασίου
557 4116 702 4168 κατὰ
758 4114 860 4183 τῆς
919 4117 1155 4176 πίστεως
1217 4116 1251 4184 ἡ
1303 4116 1360 4166 ἐν
1416 4114 1733 4183 Μεδιολάνῳ

168 4205 413 4275 ἡθροιστο
444 4208 696 4272 σύνοδος,
730 4205 1074 4259 πιστώσεται
1103 4206 1172 4257 τά
1205 4206 1357 4272 ἑξῆς.
1406 4206 1467 4258 Ἠ
1499 4208 1607 4274 γὰρ
1632 4207 1732 4260 οὐκ

167 4301 242 4360 είς
275 4303 493 4370 μακράν
541 4300 792 4353 συστᾶσα
845 4299 984 4350 κατᾶ
1017 4296 1215 4348 ταυτὸν
1255 4295 1312 4349 ἐν
1345 4314 1404 4349 τε
1463 4297 1733 4368 Ἀριμίνῳ

168 4392 255 4461 τῆς
314 4394 575 4453 Ἰταλίας,
630 4394 722 4443 καὶ
788 4393 846 4442 ὲν
904 4389 1199 4460 Σελευκείᾳ
1261 4388 1363 4454 τῆς
1429 4388 1728 4459 Ἰσαυρίας,

169 4484 498 4553 νεωτερίζειν
527 4486 672 4536 κατὰ
705 4482 814 4535 τῶν
841 4485 898 4533 ἐν
926 4483 1129 4551 Νικαίᾳ
1149 4480 1489 4550 δεδογμένων
1519 4482 1732 4553 ἐπεχεί-

1835 3274 1964 3327 dolo
2034 3276 2403 3343 deprehenso,
2478 3277 2786 3333 Orientales
2854 3285 3141 3338 evertendi
3201 3285 3410 3341 Nicami

1834 3367 2103 3436 dogmatis
2124 3369 2298 3437 gratia
2331 3374 2839 3427 exauctorationem
2874 3376 3152 3431 Athanasii
3190 3393 3406 3448 urgere,

1834 3469 2202 3525 “surgentes,
2243 3462 2525 3515 vociferati
2579 3472 2747 3525 sunt,
2791 3464 2984 3521 fraude
3048 3466 3410 3525 Christianis-

1834 3567 1980 3604 mum
2014 3553 2427 3620 circumveniri,
2446 3570 2625 3624 neque
2642 3558 2825 3610 verbis
2847 3560 3118 3629 ejusmodi
3139 3562 3206 3617 de
3234 3566 3407 3617 Atha-

1836 3649 1995 3703 nasio
2019 3649 2146 3718 agi:
2181 3648 2278 3702 sed
2315 3648 2545 3704 insidias
2574 3651 2820 3707 decretis
2838 3656 2942 3709 rite
2976 3666 3142 3726 atque
3206 3660 3405 3718 ordine

1834 3740 1902 3793 de
1921 3740 2030 3794 Deo
2050 3741 2178 3795 olim
2201 3741 2381 3799 factis.
2409 3741 2799 3812 imperatorem
2818 3757 2875 3802 et
2898 3748 3131 3804 Arianos
3153 3753 3404 3808 tendere.

1833 3828 1960 3883 ﬂare
1990 3830 2084 3883 ubi
2134 3830 2302 3894 dicta,
2343 3841 2651 3888 conventus
2705 3835 2869 3890 rebus
2923 3838 3145 3894 infectis
3193 3844 3406 3898 solutus

1833 3934 1940 3977 est.
1973 3922 2077 3988 Qui
2108 3933 2290 3977 autem
2322 3924 2552 3980 liberius
2580 3936 2912 3983 sententiam
2964 3933 3218 3986 dixerant
3270 3919 3407 3988 con-

1835 4014 2101 4080 demnati,
2124 4017 2300 4070 solum
2325 4016 2502 4070 exsilii
2542 4032 2706 4072 causa
2744 4030 3051 4076 verterunt.
3079 4024 3225 4077 Inter
3264 4042 3403 4095 qqu

1834 4106 2077 4162 Hilarius
2098 4108 2265 4163 etiam
2291 4108 2717 4167 Pictaviensium
2748 4116 3044 4185 episcopus
3064 4117 3188 4171 fuit.
3227 4122 3399 4175 Porro

1835 4214 2025 4253 verum
2057 4198 2246 4263 fuisse,
2278 4201 2427 4269 quod
2464 4202 2567 4257 sub
2600 4203 2833 4258 obtentu
2858 4209 3097 4262 nominis
3117 4210 3403 4267 Athanasii

1833 4292 2123 4348 adversum
2179 4292 2340 4348 Iidem
2382 4292 2658 4348 Niceenam
2713 4296 3135 4355 Mediolanensis
3162 4306 3407 4373 synodus

1836 4387 1908 4438 sit
1934 4395 2282 4455 congregata,
2327 4400 2392 4439 ea
2439 4401 2561 4454 qua:
2618 4396 2928 4456 sequuntur
2983 4391 3407 4452 coniirmauunt.

1836 4478 1972 4532 Nam
2025 4494 2146 4547 quae
2183 4479 2346 4548 paulo
2384 4488 2511 4547 post
2553 4482 2746 4535 eodem
2785 4491 3029 4552 tempore
3064 4494 3118 4540 et
3173 4490 3407 4547 Arimini

168 4596 348 4647 ρησαν,
368 4580 446 4640 ὡς
473 4578 682 4632 αὐτίκα
714 4578 859 4646 μάλα
882 4575 1222 4647 δηλώσομεν.
1252 4574 1314 4627 'O
1339 4575 1446 4642 γὰρ
1477 4573 1730 4643 βασιλεὺς

1839 4576 1893 4628 in
1926 4574 2101 4634 italia,
2132 4581 2189 4625 et
2219 4573 2557 4628 Seleucizein
2590 4575 2815 4640 lsauria,
2844 4589 2962 4631 acta
2996 4584 3407 4653 suntconcilia,

168 4672 492 4740 χαλεπήνας,
516 4672 907 4737 οἱκουμενικῆν
935 4670 1256 4733 συγκροτεῖν
1287 4667 1544 4720 ἐϐούλετο
1576 4668 1732 4721 σύνο-

162 4765 261 4824 δον,
293 4763 529 4815 ἑλκύσαι
570 4778 631 4813 τε
657 4761 781 4820 τοὺς
810 4759 909 4825 τῆς
944 4756 1116 4826 Ἐᾡας
1147 4757 1479 4818 ἐπισκόπους
1525 4758 1733 4820 πάντας

164 4858 234 4918 είς
277 4858 375 4926 τὴν
435 4854 710 4921 ἑσπέραν,
750 4851 952 4902 πάντα·
983 4866 1042 4901 τε
1099 4849 1281 4902 κάλων
1337 4850 1578 4917 κινῆσαι,
1613 4849 1729 4917 εἴγε

160 4946 388 5008 δύναιτο,
430 4946 511 5000 ὡς
578 4945 645 4996 ἂν
690 4943 897 5001 πάντας
943 4937 1257 5008 ὁμόφρονας
1308 4941 1727 5003 καταστήσειεν.

171 5035 315 5087 Ἐπεὶ
348 5036 379 5088 δ
433 5038 519 5096 εἰς
550 5032 747 5101 σκέψιν
785 5032 847 5083 τὸ
884 5031 1120 5099 πρᾶγμα
1163 5029 1312 5092 δοὺς,
1343 5029 1584 5099 ἐργῶδες
1614 5029 1730 5082 ἐδό-

157 5145 256 5192 κει,
284 5130 380 5180 καὶ
420 5127 541 5195 γὰρ
594 5123 930 5194 προσίστατό
975 5124 1025 5175 οἱ
1069 5124 1130 5175 τὸ
1159 5122 1257 5191 τῆς
1281 5121 1593 5191 ὁδοιπορίας
1627 5138 1733 5189 μα-

158 5223 280 5288 κρόν
304 5238 318 5252 ο
350 5221 488 5289 μίαν
535 5218 632 5288 μὲν
660 5214 801 5270 εἶναι
829 5215 928 5277 τὴν
956 5213 1178 5268 σύνοδον
1213 5214 1493 5277 ἐκέλευεν,
1524 5216 1584 5266 ὲν
1608 5214 1733 5266 δυσὶ

154 5314 196 5364 δ’
238 5314 610 5384 ἀθροισθῆναι
657 5313 772 5374 τοίς
821 5311 1030 5371 τόποις.
1082 5306 1208 5369 Τοῖς
1264 5307 1363 5376 μὲν
1398 5304 1493 5359 οὖν
1528 5303 1726 5359 Ἐσπε-

158 5406 283 5471 ρίοις
329 5409 389 5457 ὲν
434 5404 712 5474 Ἀριμίνῳ
759 5402 859 5473 τῆς
910 5392 1144 5463 Ἰταλίας
1196 5400 1532 5466 συνάγεσθαι
1564 5400 1736 5469 πρού-

150 5514 353 5566 τρεπεο
407 5502 545 5560 τοὺς
607 5498 664 5551 δέ
721 5512 786 5565 γε
830 5492 1033 5565 Ἐῴους
1069 5494 1366 5564 γράμμασι
1421 5495 1564 5546 κατὰ
1627 5494 1726 5563 τὴν

152 5590 533 5662 Νικομήδειαν
574 5589 923 5659 ἀφικνεῖσθαι
965 5588 1357 5658 προσέταττεν.
1397 5586 1454 5640 '0
1503 5586 1603 5657 μὲν
1631 5585 1727 5640 οὖν

1840 4681 1927 4719 res
1978 4681 2150 4719 novas
2196 4675 2391 4719 contra
2450 4667 2697 4723 Nicaenas
2752 4673 3175 4728 constitutiones
3217 4677 3407 4732 molita

1836 4750 2482 4823 sunt;‘quetnadmodum
2541 4773 2662 4811 Inoa
2695 4758 3119 4816 declarabimus.
3166 4765 3411 4834 Impera-

1841 4857 1926 4902 tor
1976 4848 2122 4901 euim
2176 4848 2684 4903 stomachabundus
2743 4855 3051 4910 universale
3108 4861 3405 4914 concilium

1838 4957 2055 5011 cogere,
2087 4950 2142 4995 et
2169 4946 2457 5010 episcopos
2496 4941 2804 4998 Orientales
2831 4962 3022 5002 omnes
3057 4949 3110 5002 in
3133 4954 3404 5006 Occiden-

1844 5046 1948 5090 tem
1983 5034 2301 5104 pertrahere
2337 5035 2571 5099 volebat,
2603 5037 2760 5107 761
2791 5054 3009 5093 omnem
3067 5056 3293 5096 movens
3325 5043 3411 5099 fu-

1839 5143 1987 5192 nem,
2008 5126 2051 5180 si
2083 5142 2192 5196 quo
2218 5125 2379 5179 modo
2408 5126 2588 5180 facere
2618 5139 2820 5196 posset.
2858 5138 2916 5182 ut
2951 5129 3015 5182 ad
3052 5133 3406 5188 concordiam

1838 5234 2031 5273 omnes
2061 5218 2379 5272 adduceret.
2411 5218 2479 5271 At
2508 5217 2599 5271 ubi
2625 5233 2682 5273 re
2733 5220 3055 5283 deliberata,
3092 5220 3313 5279 diﬂieile
3348 5224 3405 5280 id

1836 5314 2015 5364 visum
2048 5320 2152 5374 est,
2183 5310 2331 5379 quod
2379 5310 2429 5364 ei
2464 5312 2677 5364 itineris
2709 5311 3083 5383 longinquitas
3131 5315 3406 5384 obstaret,

1836 5420 1999 5457 unam
2036 5406 2284 5474 quidem,
2314 5404 2409 5458 sed
2441 5403 2669 5458 duobus’
2704 5406 2757 5457 in
2792 5405 2924 5458 locis
2966 5409 3409 5477 congregandam
3466 5410 3471 5417 ’

1831 5509 1953 5549 esse
1986 5496 2285 5565 synodum.
2328 5494 2536 5547 statuit.
2580 5493 2643 5548 Et
2695 5493 3096 5560 Occidentales,
3149 5497 3409 5564 Arimini,

1832 5587 2139 5641 Orientales
2182 5601 2315 5640 vero
2342 5584 2669 5640 Nicomedia:
2695 5589 3015 5653 convenire,
3050 5589 3251 5644 litteris
3285 5591 3404 5644 suis

215 5779 292 5847 (I)
333 5782 569 5836 Lucifer
601 5778 872 5839 Sardinia:
921 5778 1115 5835 insulae
1149 5778 1613 5849 metropolitanus
1651 5776 1855 5832 dicitur
1887 5778 2031 5849 apud
2101 5775 2382 5831 Tbeodor.
2416 5775 2513 5834 lib.
2575 5794 2636 5846 n,
2695 5793 2816 5848 cap.
2848 5778 2938 5844 I5,
2966 5778 3060 5833 ubi
3094 5777 3197 5832 ista
3222 5776 3402 5832 fusius

152 5854 504 5905 referuntur.
