3814 6556
409 388 514 452 359

1627 379 2051 441 NICEPHORI
2091 382 2176 442 CA
2189 384 2438 444 LLlS'l‘l

3521 403 3602 468 ὅδ’)

398 501 585 570 jussit.
620 498 925 567 lmperator
959 509 1091 550 sane
1114 492 1336 563 quidem
1366 492 1473 548 hoc
1516 493 1595 547 sic
1623 493 1968 548 concordiam

2085 497 2342 568 βασιλεὺς
2401 497 2460 549 τὸ
2517 496 2815 565 σύμφωνον
2869 495 3095 551 πάντων
3153 497 3419 571 οἰόμενος,
3465 511 3605 583 οὕτως

403 594 649 646 omnium
673 589 1188 658 spectansinstituit
1209 607 1222 641 :
1245 587 1337 643 sed
1358 587 1648 641 consilium
1677 587 1800 657 ejus
1823 588 1984 642 aliter

400 684 604 737 cessit:
640 683 900 750 utrinque
931 681 1080 734 enim
1108 680 1383 733 dissensio
1413 678 1558 733 inter
1597 693 1691 732 eos
1716 679 1986 733 interces-

401 777 491 829 sit.
520 773 709 843 Neque
734 776 881 827 enim
909 772 1138 825 Arimini
1191 771 1266 840 (l)
1304 769 1395 836 qui
1424 780 1816 833 convenerant,
1850 783 1986 823 con-

404 865 603 923 cordes
623 875 780 918 erant
803 883 816 919 :
849 865 1022 932 majus
1043 872 1222 916 autem
1250 863 1392 914 inter
1417 875 1513 914 eos
1535 860 1625 929 qui
1656 860 1986 914 Nicomedize

403 963 626 1029 quidem
670 975 764 1027 per
789 971 947 1011 term
978 966 1183 1009 motum
1225 954 1378 1006 coire
1413 952 1688 1021 impediti,
1720 952 1986 1006 Seleucia:

402 1050 745 1106 verodeinde
769 1048 1078 1118 congregati
1112 1046 1349 1107 fuerant,
1372 1044 1661 1099 dissidium
1679 1054 1762 1099 est
1779 1054 1982 1098 ortum.

402 1141 673 1195 Caeterum
709 1154 832 1209 quae
867 1136 1160 1204 utrobique
1223 1136 1334 1188 sint
1390 1145 1534 1195 acta.
1590 1135 1817 1190 historia
1869 1137 1983 1203 ipsa

402 1232 666 1300 deinceps
692 1228 967 1284 ostendet.
1002 1228 1060 1280 ln
1097 1226 1388 1294 praesentia
1423 1237 1631 1290 autem,
1663 1241 1786 1296 quae
1816 1226 1985 1280 Atha-

401 1323 560 1378 nasio
610 1337 708 1391 per
735 1336 896 1375 omne
947 1319 1257 1373 Constantii
1320 1318 1610 1386 imperium
1655 1318 1981 1380 acciderint,

403 1414 649 1467 breviter
682 1412 1007 1472 referemus,
1035 1419 1096 1464 ut
1134 1409 1329 1464 ordine
1378 1424 1482 1464 suo
1521 1409 1682 1465 nobis
1723 1409 2007 1480 procedat.

405 1503 605 1557 oratio.

942 1637 1167 1696 CAPUT
1193 1638 1435 1694 XXXIV.

401 1751 544 1817 Quas
591 1751 931 1824 calamitates
985 1754 1076 1806 sub
1128 1755 1350 1822 imperio
1396 1752 1698 1808 Constantii
1753 1770 1981 1824 magnus

472 1821 749 1889 pertulerit
802 1823 1148 1885 Athanasius,
1181 1821 1230 1875 et
1281 1831 1340 1875 ut
1387 1824 1526 1876 Deus
1559 1839 1700 1892 stupe
1747 1821 1866 1877 euni
1917 1841 1980 1879 ea:

470 1892 718 1944 maximis
739 1891 977 1944 liberarit
1000 1893 1268 1962 periculis,
1292 1902 1340 1946 et
1371 1905 1426 1947 ut
1456 1895 1501 1946 is
1527 1891 1699 1947 multa
1727 1893 1978 1949 divinitus

471 1963 802 2033 praeciderit.

470 2073 568 2126 Ille
591 2072 866 2141 siquidem
894 2073 1096 2127 auditis
1118 2089 1242 2143 qua:
1266 2075 1533 2133 adversus
1564 2094 1690 2133 eum
1714 2078 1768 2132 in
1799 2079 1975 2148 impe~

403 2166 608 2219 ratoria
642 2165 766 2218 aula
820 2165 975 2218 facta:
1030 2165 1252 2220 fuerant
1302 2171 1850 2234 comminationibus,
1911 2173 1976 2224 ad

402 2268 618 2327 tempus
654 2257 918 2326 profugit.
951 2256 1158 2312 Deinde
1190 2259 1437 2329 quinque
1464 2262 1559 2330 qui
1587 2261 1690 2315 sub
1719 2276 1785 2315 eo
1816 2273 1974 2315 erant

398 2349 678 2417 episcopis
689 2348 938 2411 delectis,
963 2348 1016 2400 in
1036 2348 1239 2416 quibus
1256 2350 1522 2421 Serapion
1540 2353 1704 2407 etiam
1724 2353 1978 2407 Tlnnuze-

397 2457 485 2504 us,
518 2441 604 2492 vir
633 2441 724 2493 Dei
764 2439 820 2492 in
864 2439 1058 2507 primis
1084 2455 1298 2504 amans,
1339 2449 1502 2510 atque
1533 2443 1589 2495 in
1622 2443 1858 2496 dicendo
1919 2453 1975 2497 et

393 2532 685 2586 scribendo
710 2531 888 2601 gravis
938 2530 1062 2595 fuit,
1092 2531 1159 2585 ad
1183 2532 1571 2601 imperatorem
1603 2534 1656 2587 in
1675 2534 1973 2590 Occidente

395 2628 686 2694 degentem
718 2640 816 2677 eos
845 2625 1012 2688 misit,
1045 2625 1226 2679 tribus
1245 2640 1310 2679 ex
1340 2625 1572 2680 ecclesia
1611 2643 1706 2680 sua
1749 2628 1976 2698 presby.

398 2716 533 2770 teris
562 2717 800 2770 additis:
843 2716 960 2785 qui,
986 2717 1031 2770 si
1067 2715 1120 2770 id
1153 2716 1748 2787 imperatorjussisset,
1773 2719 1970 2774 adver-

395 2810 667 2863 sariorum
706 2808 1012 2862 calumnias
1061 2807 1439 2862 confutarent.
1487 2808 1625 2864 Dum
1665 2811 1740 2864 illi
1800 2813 1970 2879 profi-

389 2903 702 2962 ciscuntur,
743 2900 1091 2968 imperatoris
1139 2900 1348 2954 interea
1385 2902 1606 2964 litterae,
1646 2901 1850 2970 quibus
1904 2902 1971 2955 ad

388 3006 514 3043 eum
543 2991 897 3054 evocabatur,
936 2989 1270 3045 afferuntur.
1303 2992 1498 3060 Itaque
1547 2992 1666 3058 ipse
1696 3006 1821 3046 cum
1854 2993 1970 3047 suis

393 3085 446 3134 in
482 3083 631 3151 gravi
665 3092 785 3136 erat
811 3099 942 3136 cura
973 3093 1030 3136 et
1053 3083 1447 3138 sollicitudine.
1489 3083 1687 3154 Neque
1710 3086 1859 3139 enim
1890 3097 1972 3140 tu-

392 3184 507 3228 tum
546 3177 680 3228 satis
717 3191 841 3229 esse
863 3176 1113 3244 putabat,
1146 3176 1296 3231 dicto
1330 3176 1683 3245 imperatoris
1739 3179 1967 3233 audieu-
1999 3200 2042 3258 ρ

394 3277 504 3320 tem
539 3281 682 3329 esse,
717 3267 808 3336 qui
871 3266 925 3320 in
957 3266 1309 3336 professione
1342 3268 1466 3324 fidei
1515 3270 1968 3327 hallucinaretur.

389 3357 580 3426 Neque
595 3375 726 3412 vero
745 3359 820 3412 illi
850 3374 1058 3413 morem
1076 3375 1183 3414 non
1208 3376 1422 3428 gerere,
1448 3362 1697 3430 periculo
1718 3365 1964 3418 carebat.

385 3451 588 3508 Mansit
617 3467 768 3506 sane.
806 3453 872 3506 Et
925 3453 1018 3520 qui
1065 3453 1287 3508 litteras
1318 3454 1601 3520 attulerat,
1650 3470 1856 3510 vacuus
1899 3459 1966 3512 ad

390 3545 786 3613 imperatorem
833 3543 1017 3598 rediit.
1070 3544 1246 3599 Porro
1289 3557 1476 3602 aestate
1536 3549 1784 3614 ineunte,
1832 3554 1969 3604 alter

389 3636 563 3699 venit,
586 3652 710 3690 cum
733 3638 970 3704 quodam
993 3637 1380 3692 Alexandrina!
1409 3639 1562 3694 urbis
1588 3640 1785 3696 illustri
1813 3643 1967 3700 cive:

387 3739 553 3799 atque
577 3730 622 3782 is
667 3729 1032 3783 Athanasium
1077 3729 1215 3785 urbe
1277 3732 1580 3799 expellere,
1645 3742 1702 3787 et
1757 3734 1966 3788 clerum

389 3820 533 3874 male
579 3819 833 3888 accipere
857 3820 1100 3889 ,incepit.
1141 3819 1251 3875 Sed
1285 3823 1436 3876 enim
1453 3839 1577 3878 cum
1609 3825 1760 3893 plebs
1789 3827 1966 3880 rebel-

385 3912 506 3966 lans
523 3912 629 3964 vim
656 3923 896 3980 pararet,
925 3923 981 3966 et
1010 3913 1126 3982 ipse
1152 3913 1290 3968 nihil
1319 3913 1585 3979 efficeret,
1622 3920 1964 3972 retrocessit.

387 4002 549 4073 762
579 4003 772 4058 Postea
806 4004 1132 4072 intempeSta
1155 4014 1317 4059 nocte
1353 4007 1613 4061 ordinum
1649 4009 1726 4062 ibi
1760 4010 1966 4062 milita-

391 4093 535 4145 rium
560 4093 691 4158 dux,
715 4101 773 4146 ut
799 4094 892 4162 qui
928 4093 996 4146 ab
1023 4094 1355 4163 imperatore
1401 4098 1604 4152 missus
1628 4099 1832 4163 fuerat,
1883 4111 1966 4153 at-

388 4197 497 4250 que
527 4182 642 4236 haec
667 4183 919 4246 curabat,
945 4181 1214 4245 Hilarius,
1243 4186 1336 4240 ubi
1367 4186 1732 4240 Athanasium
1779 4187 1834 4240 in
1870 4202 1964 4242 ec-

386 4273 554 4326 clesia
582 4275 850 4327 occultari
910 4273 1206 4336 intellexit,
1253 4291 1377 4342 quae
1439 4275 1680 4330 Theonae
1738 4275 1962 4341 dicitur,

385 4381 509 4417 cum
537 4365 742 4418 delecta
767 4364 1159 4436 Egyptiurum
1194 4366 1431 4435 fortique
1463 4383 1628 4421 manu
1652 4369 1702 4420 ei
1728 4368 1961 4423 institit:

383 4465 439 4508 et
473 4456 723 4524 postibus
776 4456 1024 4511 effractis
1062 4458 1116 4510 in
1179 4459 1445 4525 templum
1501 4457 1726 4526 quidem
1777 4459 1959 4523 irruit,

2091 591 2383 642 ἐκέλευεν·
2437 590 2516 651 είς
2577 588 2894 642 τούναντίον
2953 589 3011 643 δέ
3057 589 3366 657 μεθίστατο
3417 600 3544 673 αὐτῷ
3585 611 3607 661 5

2091 680 2315 742 σκοπός.
2369 680 2479 733 Καὶ
2526 680 2696 747 ἄμφω
2744 679 2803 732 δὲ
2849 678 2975 732 καθ’
3030 680 3256 743 ἑαυτοὺς
3299 684 3602 762 διῃρέθησαν,

2089 769 2226 822 Οὔτε
2266 770 2373 840 γὰρ
2398 770 2448 821 οί
2483 770 2542 820 ἐν
2577 768 2846 838 ’Δριμίνφ
2884 766 3024 835 πρὸς
3069 767 3295 831 ἑαυτοὺς
3347 780 3611 853 συνεφώνη.

2089 877 2192 913 σαν
2218 876 2232 890 ·
2285 860 2472 929 μεῖζον
2502 860 2558 911 δὲ
2595 862 2690 912 καὶ
2716 859 2776 911 τὸ
2809 860 2999 928 ῥῆγμα
3024 861 3072 911 οἱ
3103 861 3160 912 ἐν
3185 861 3505 940 Νικομηδείᾳ
3529 878 3606 941 μὲν

2091 951 2302 1020 σεισμῷ
2329 951 2690 1014 κωλυθέντες,
2724 953 2781 1000 ἐν
2812 949 3107 1019 Σελευκείᾳ
3154 950 3207 1002 δὲ
3244 952 3444 1008 ἐκεῖθεν
3483 977 3610 1016 συνα.

2088 1040 2461 1108 θροισθέντες,
2519 1044 2875 1110 εἰργάσαντο.
2918 1039 3059 1093 Ἀλλ’
3121 1042 3268 1103 ὅπως
3327 1046 3419 1110 μὲν
3467 1051 3522 1102 τὰ
3567 1057 3610 1107 ἐν

2087 1133 2325 1195 ἐκείναις
2348 1134 2691 1200 γεγένηνται,
2713 1135 2822 1192 τοῖς
2852 1131 3049 1200 ἐφεξῆς
3079 1131 3111 1201 ἡ
3149 1132 3356 1198 ἱστορία
3381 1135 3610 1206 δηλώσῑι’

2087 1228 2208 1278 νυνὶ
2237 1225 2295 1277 δὲ
2339 1225 2471 1294 περὶ
2513 1225 2621 1278 τῶν
2651 1225 2980 1292 συμϐάντων
3020 1225 3320 1295 Ἀθανασίῳ
3352 1232 3474 1300 παρ’
3510 1235 3610 1304 ὅλην

2084 1320 2186 1388 τὴν
2236 1317 2413 1388 ἀρχὴν
2464 1318 2851 1372 Κώνσταντίου
2905 1317 3280 1387 διαληψόμεθα
3328 1320 3412 1373 διὰ
3451 1325 3504 1377 τὸ
3547 1329 3616 1380 εὑ-

2089 1410 2376 1474 σύνοπτον,
2403 1409 2494 1464 ἵνα
2529 1409 2657 1462 καθ’
2689 1409 2808 1460 ὁδὸν
2842 1408 2974 1478 ἡμῖν
2998 1410 3026 1462 6
3056 1410 3212 1476 λόγος
3249 1411 3428 1482 προΐῃ.

2664 1616 2914 1672 ΚΕΦΔΛ.
2961 1615 3083 1670 AA'.

2087 1729 2247 1805 ’Ὅσα
2276 1727 2748 1805 τῷν-δειξῶγ-τῷ
2773 1730 3014 1805 μεγάλῳ
3066 1731 3402 1805 ’Λθαγαρνίῳ
3429 1735 3618 1805 συνέϐη

2153 1801 2224 1853 ἐν
2253 1799 2327 1868 τῇ
2385 1798 2545 1867 ἀρχῇ
2612 1803 3074 1854 Κωνσταντίου*
3137 1801 3237 1852 καὶ
3275 1801 3361 1853 ὅτι
3387 1805 3447 1854 τὸ
3479 1798 3618 1859 Θεῖοῦ

2156 1871 2345 1924 αὑτὸν
2379 1868 2680 1942 πολειάκις
2732 1869 2852 1942 τῶν
2875 1868 3094 1925 δεινῶν
3137 1872 3499 1942 ὑπεξήγαγε,
3541 1879 3620 1930 καί

2152 1942 2318 2005 θείας
2347 1939 2588 2009 μετεῖχε
2617 1940 3038 2009 προγνώσεως.

2164 2055 2403 2118 Ἐκεῖνος
2445 2055 2556 2127 γὰρ
2590 2055 2898 2126 πυθόμενος
2929 2057 3031 2129 τὴν
3077 2059 3133 2110 ἐν
3161 2057 3452 2128 βασιλείοις
3480 2079 3622 2117 κατα.

2084 2150 2491 2219 σκευαζομένην
2542 2149 2690 2219 αύτῷ
2721 2151 2975 2220 ἀπειλὴν.
3007 2152 3174 2220 ἔφυγε
3230 2154 3332 2222 μὲν
3368 2156 3497 2224 πρὸς
3526 2176 3622 2210 και.

2082 2245 2209 2311 ρὸν·
2251 2239 2369 2294 εἶτα
2421 2244 2584 2318 πέντε
2632 2244 2742 2297 τῶν
2796 2244 2888 2296 ὑπ’
2942 2246 3105 2298 αὑτὸν
3155 2247 3624 2318 ἐπιλεξάμενος.ὲν

2078 2331 2160 2398 οἷς
2184 2330 2253 2405 ἦν
2285 2337 2381 2388 καὶ
2403 2335 2692 2405 Σεραπίων
2724 2338 2751 2388 6
2797 2338 3094 2406 Θμουαῖος,
3129 2340 3274 2409 ἀνὴρ
3315 2341 3555 2414 θεοφιλὴς
3579 2346 3624 2407 ἐς

2076 2426 2143 2475 τὰ
2182 2424 2440 2493 μάλιστα,
2469 2427 2564 2479 καὶ
2605 2427 2788 2494 λέγειν
2841 2430 2934 2480 καὶ
2987 2431 3227 2499 γράφειν
3283 2433 3471 2499 δεινὸς,
3514 2436 3626 2501 πρὶς

2079 2517 2304 2585 βασιλέα
2364 2519 2572 2588 πέμπει
2620 2524 2686 2588 τῇ
2723 2501 2953 2593 ’ἑσπέρᾳ
3011 2525 3294 2591 διάγοντα,
3356 2528 3449 2580 καὶ
3501 2534 3626 2600 τρεῖς

2077 2609 2426 2679 παραζεύξας
2476 2613 2885 2680 πρεσϐυτέρους
2939 2615 3090 2685 αὐτῷ
3143 2618 3254 2686 ,τῆς
3313 2622 3432 2671 κατ’
3488 2621 3626 2672 αὑτὸν

2075 2704 2394 2772 ἐκκλησίας,
2426 2708 2474 2759 εί
2508 2707 2603 2776 μὲν
2633 2706 2890 2775 βασιλεὺς
2918 2709 3131 2762 κελεύοι
3162 2711 3631 2781 ἁντιστησομένονς

2075 2800 2194 2860 ταῖς
2225 2797 2334 2849 τῶν
2370 2800 2713 2852 ὑπεναντίων
2762 2802 3064 2865 διαϐολαῖς.
3109 2805 3202 2857 Ἑν
3240 2805 3352 2872 ὅσῳ
3388 2806 3431 2858 δ’
3460 2809 3629 2860 ἐκεῖνοι

2075 2890 2368 2955 ἀπέπλεον,
2417 2894 2720 2963 γράμματα
2785 2897 2848 2946 ἐκ
2899 2895 3162 2964 βασιλέως
3220 2899 3416 2965 ἐφοίτα
3464 2898 3627 2950 τοῦτον

2079 2981 2556 3051 μετακαλούμενα.
2594 2985 2658 3038 Ol
2707 2985 2764 3037 δέ
2793 2987 2922 3056 περὶ
2949 2987 3114 3040 αὑτὸν
3155 2988 3445 3056 ἐναγώνιοι
3476 2985 3625 3057 ἦσαν’

2073 3075 2196 3128 οὐδὲ
2227 3075 2336 3145 γὰρ
2375 3077 2652 3146 τάσφαλὲς
2683 3079 2934 3148 ἐνόμιζεν
2991 3079 3138 3150 ἔχειν
3187 3081 3514 3150 πειθόμενος
3551 3082 3630 3150 βα-

2075 3167 2212 3219 σιλεῖ
2267 3167 2625 3240 σφαλλομένῳ
2677 3171 2806 3240 περὶ
2865 3171 2964 3238 τὴν
3012 3171 3225 3227 πίστιν.
3269 3173 3412 3225 Ἀλλ’
3447 3175 3632 3226 οὐδὲτὸ

2073 3257 2321 3309 ἀπειθεῖν
2351 3259 2635 3311 ἀκίνδυνον
2656 3254 2746 3329 ἦν.
2777 3257 3010 3330 Ἐμενεν
3036 3261 3131 3314 οὖν
3158 3279 3173 3292 ο
3205 3265 3306 3316 καὶ
3338 3267 3366 3316 6
3394 3261 3636 3334 τὰγράμ-

2075 3367 2223 3418 ματα
2280 3351 2485 3421 φέρων,
2529 3353 2684 3415 κενὸς
2730 3353 3003 3406 ἐπάνεισι.
3038 3354 3252 3424 Θέρους
3299 3356 3358 3410 δὲ
3407 3359 3635 3424 ἐπιγενο-

2074 3443 2263 3511 μένου,
2299 3445 2488 3514 ἕτερος
2535 3441 2638 3514 ἧκε
2691 3449 2830 3516 μετὰ
2869 3449 2979 3500 τῶν
3009 3451 3067 3502 ἐν
3099 3453 3164 3520 τῇ
3216 3452 3381 3504 πόλει
3420 3467 3635 3521 περιφα-

2069 3535 2314 3598 νῶν,κα“ι
2347 3537 2538 3590 τοῦτον
2561 3538 2661 3604 τῆς
2698 3539 2905 3601 πόλεως
2927 3540 3158 3610 ἤλαυνε·
3193 3545 3296 3595 καὶ
3331 3543 3424 3596 τὸν
3457 3544 3632 3610 κλῆρον

2070 3627 2260 3690 κακῶς
2305 3627 2554 3682 διετίθει.
2593 3627 2702 3684 Τοῦ
2750 3632 2808 3683 δὲ
2855 3631 2988 3684 λαοῦ
3021 3635 3384 3704 νεωτερίζειν
3429 3634 3638 3688 ἐπιϐάλ-

2069 3714 2254 3778 λοντος
2304 3717 2445 3786 ἤδη,
2497 3717 2702 3780 ἀνύσας
2763 3719 2919 3770 ούὸἐν
2975 3722 3068 3774 καὶ
3130 3722 3304 3786 αὐτὸς
3371 3723 3636 3792 ἀνεχώρει.

2073 3809 2309 3861 Ἔπειτα
2370 3809 2564 3872 νυκτὸς
2613 3811 2756 3878 ἀωρὶ
2810 3811 2910 3863 σὺν
2968 3812 3069 3863 οὐκ
3121 3812 3348 3879 ἀγεννεῖ
3391 3814 3642 3884 Αἰγυπτίᾳ

2067 3902 2359 3969 ἐφίσταται
2415 3902 2678 3970 φάλαγγι.
2731 3903 2842 3955 Καὶ
2904 3904 3026 3956 ἐπεὶ
3097 3905 3269 3972 μάθοι
3339 3907 3639 3960 Ἀθανάσιον

2070 3993 2412 4064 κρύπτεσθαι
2446 3994 2591 4047 κατὰ
2635 3993 2734 4063 τὴν
2786 3995 3103 4065 ἐκκλησίαν,
3135 3998 3169 4067 ἢ
3203 3998 3306 4052 τοῦ
3348 4000 3536 4052 Θεωνᾶ
3571 3999 3644 4050 λέ-

2068 4103 2246 4153 γεται,
2278 4087 2306 4138 6
2338 4084 2640 4152 στρατηγὸς
2683 4085 2936 4156 Ἰλάριος,
2962 4089 3020 4150 ὃς
3057 4091 3120 4142 ἐκ
3171 4090 3449 4159 βασιλέως
3480 4092 3638 4161 ἐπέμ-

2069 4194 2222 4237 πετο,
2252 4178 2560 4245 ἀνατρέψας
2587 4179 2682 4240 τὰς
2709 4177 2901 4247 θύρας,
2935 4182 3108 4252 εἰσῄει
3143 4183 3247 4252 μὲν
3278 4185 3438 4248 εἴσω,
3461 4186 3640 4253 ἥκιστα

2055 4266 2124 4320 -δὲ
2175 4267 2267 4319 τὸν
2342 4267 2662 4321 ’Λθανάσιον
2719 4271 3126 4341 κατελάμϐανε.
3184 4275 3330 4328 Θεοῦ
3393 4278 3502 4346 γὰρ
3561 4277 3643 4342 τὴν

2069 4360 2256 4427 ἔφοδον
2295 4364 2770 4430 προμηνύσαντος,
2805 4365 2977 4434 βραχύ
3010 4382 3063 4418 τι
3091 4367 3295 4435 χρόνου
3351 4369 3464 4438 προ
3512 4367 3644 4420 ἐκεί-

2071 4469 2174 4504 νων
2223 4451 2392 4522 ἐξῄει,
2445 4455 2571 4515 τοὺς
2621 4453 2677 4507 δὲ
2754 4455 3089 4524 στρατιώτας
3147 4460 3515 4530 ἐφυστερίσαι
3561 4463 3644 4528 τὴν

384 4545 479 4600 sed
504 4547 858 4602 Athanasium
893 4549 1187 4618 quaasitum
1221 4565 1328 4602 non
1359 4551 1800 4618 comprehendit.
1870 4552 1962 4607 Div

2082 4537 2236 4591 ιύτοῦ
2272 4539 2556 4608 σύλληψιν.
2587 4542 2761 4610 Λόγος
2801 4544 2844 4595 δ’
2892 4545 3003 4614 ἔχει
3041 4547 3281 4611 πολλοὺς
3339 4551 3440 4604 καὶ
3479 4550 3647 4618 διαφό-

383 4637 594 4692 vinitus
623 4640 767 4694 enim
791 4641 842 4694 ei
867 4641 1196 4710 irruptionis
1243 4638 1559 4706 huiusmodi
1587 4641 1826 4696 consilio
1853 4658 1966 4695 ma-

385 4728 662 4794 nifestato,
699 4733 860 4799 paulo
895 4746 1020 4786 ante
1052 4732 1181 4785 inde
1204 4732 1489 4796 exiverat,
1547 4734 1748 4786 milites
1779 4745 1962 4787 autem

387 4820 595 4876 tardius
618 4822 683 4875 ad
716 4821 1301 4892 comprehendendum
1344 4838 1472 4876 eum
1500 4833 1786 4878 rent-rant.
1815 4825 1963 4880 Dici-

383 4923 475 4969 tur
504 4931 637 4970 sane
661 4916 752 4971 hic
770 4916 855 4970 vir
877 4915 1048 4970 multa
1071 4925 1126 4968 et
1159 4915 1372 4970 diversa
1397 4916 1586 4970 divino
1603 4917 1816 4987 judicio
1835 4936 1964 4973 eva-

381 5008 518 5061 sisse
552 5007 819 5076 pericula.
851 5005 1008 5072 Quod
1045 5021 1282 5075 namque
1337 5009 1447 5062 Deo
1497 5020 1651 5064 esset
1684 5026 1950 5079 perquam

384 5101 623 5162 Charus,
656 5114 775 5168 quas
816 5098 998 5151 futura
1055 5107 1234 5161 erant,
1288 5098 1476 5153 itidem
1524 5111 1583 5154 ut
1642 5113 1958 5170 praesentia,

385 5204 482 5258 per
502 5189 730 5258 gratiam
763 5189 856 5242 Dei
877 5189 1228 5258 providebat.
1253 5190 1421 5244 Multa
1452 5201 1603 5246 certe
1630 5193 1955 5248 admiranda

317 5311 332 5324 .
385 5276 699 5332 futurorum
733 5277 1101 5346 cognitionem
1120 5278 1238 5331 viro
1256 5279 1734 5336 eicontestantur.
1773 5283 1958 5336 Primo

385 5385 620 5438 namque
662 5384 806 5438 anno
839 5369 1176 5434 Constantis.
1236 5383 1290 5426 et
1339 5372 1666 5427 Constantio
1731 5374 1960 5427 insidias

381 5461 435 5516 ei
487 5471 757 5522 struente,
817 5477 939 5515 cum
1016 5461 1142 5533 fuga
1202 5464 1305 5518 sibi
1367 5465 1772 5528 consului-set,
1815 5465 1958 5533 apud

381 5561 572 5606 notum
593 5553 886 5622 quemdam
923 5553 1203 5609 hominem
1240 5557 1294 5610 in
1321 5557 1687 5612 subterraneo
1725 5567 1778 5609 et
1819 5557 1956 5610 cali-

382 5643 574 5711 ginoso
602 5657 963 5714 spequ,aquae
1017 5644 1148 5699 olim
1188 5647 1456 5708 cisterna,
1512 5644 1694 5711 latuit,
1738 5650 1957 5699 nomine

453 5826 529 5898 (Ι)
564 5827 780 5885 Sezom.
813 5829 908 5884 lib.
944 5845 1016 5894 iv,
1058 5844 1176 5899 cap.
1215 5828 1267 5894 9,
1305 5829 1392 5880 lO.

2070 4647 2200 4699 ρους
2234 4631 2512 4693 κινδύνους
2538 4632 2707 4696 θείοις
2741 4635 3060 4704 μηνύμασιν
3090 4639 3409 4709 ἀποδρᾶναι
3441 4643 3532 4693 τὸν
3564 4641 3646 4694 ἀν-

2067 4724 2205 4791 δραο
2255 4724 2405 4790 φίλος
2456 4729 2564 4796 γὰρ
2603 4725 2681 4779 ὢν
2723 4728 2843 4798 Θεῷ
2897 4731 3150 4799 μάλιστα,
3180 4732 3262 4794 ὠς
3320 4733 3558 4798 ἐνεστὼς
3596 4734 3649 4786 τὸ

2071 4817 2265 4885 μέλλον
2316 4819 2464 4889 ἐώρα
2509 4823 2871 4890 χαριζομένου
2922 4823 3102 4876 Θεοῦο
3137 4824 3324 4879 πολλὰ
3374 4828 3488 4898 γὰρ
3535 4826 3648 4878 θαυ-

2071 4910 2255 4978 μαστὰ
2286 4912 2384 4978 τὴν
2425 4911 2536 4964 τῶν
2587 4913 2868 4982 ἐσομένων
2919 4917 3123 4983 γνῶσιν
3169 4920 3557 4990 ἐπιμαρτυρεῖ
3584 4916 3650 4984 τῷ

2067 5007 2221 5074 ἀνδρί
2252 5021 2264 5036 ’
2301 5006 2381 5073 τῷ
2407 5009 2514 5074 γὰρ
2547 5006 2754 5076 πρώτῳ
2805 5011 2918 5060 ἐτει
2949 5009 3326 5074 Κώνσταντος
3374 5013 3472 5066 τοῦ
3510 5015 3649 5064 Κων-

2069 5097 2321 5148 σταντίου
2357 5098 2625 5150 ἐπίὸουλα
2676 5100 3001 5168 φρονοῦντος
3037 5103 3205 5174 αὐτῷ,
3237 5108 3406 5176 φυγῇ
3457 5104 3652 5175 χρησίιΔ

2068 5203 2252 5255 μενος,
2286 5189 2548 5257 γνωρίμῳ
2603 5191 2710 5242 τινὶ
2767 5193 3204 5260 κατεκρύπτετο,
3257 5198 3324 5248 ἐν
3371 5196 3648 5262 καταγείῳ

2064 5278 2279 5348 ζοφερῷ
2332 5281 2620 5349 οἰκήματι.
2668 5281 2696 5334 ὃ
2744 5283 2914 5337 πάλαι
2963 5286 3094 5337 ποτὲ
3143 5289 3391 5355 ταμεῖον
3448 5287 3648 5340 ὑδάτων

2063 5372 2363 5438 ἐτύγχανεν
2405 5373 2484 5426 ὃν.
2518 5374 2710 5435 Οὐδεὶς
2762 5378 2946 5443 μέντοι
2997 5377 3246 5446 συνέγνω
3301 5380 3455 5449 πλὴν
3501 5381 3652 5448 θερά-

2064 5480 2252 5526 παινα,
2305 5466 2338 5534 ἢ
2399 5465 2564 5536 πιστὴ
2617 5466 2872 5532 δοκοῦσα,
2932 5472 3045 5531 τιῖς
3100 5473 3243 5522 κατὰ
3299 5473 3504 5543 χρείαν
3549 5472 3653 5541 διη-

2065 5555 2291 5605 κονεῖτο.
2340 5554 2493 5606 Ἐπεὶ
2526 5555 2584 5607 δέ
2620 5557 2823 5626 σπουδὴ
2877 5559 3170 5626 προύκειτο
3213 5565 3341 5626 τοῖς
3391 5563 3654 5620 ἐναντίοις

2063 5647 2152 5697 τὶν
2197 5646 2369 5716 ἄνδρα
2398 5647 2678 5718 ζωγρεῖν,
2710 5649 2905 5718 ἔμελλε
2959 5653 3015 5704 δὲ
3071 5654 3267 5722 δώροις
3325 5653 3655 5731 καταπροδί-
