3870 6528
144 407 226 470 3‘6!

1023 393 1621 460 ECCLESIASTICIE
1661 386 2055 452 HISTORIRE
2093 387 2245 447 LlB-
2293 385 2395 447 1X.

3249 381 3356 444 3‘32

142 521 308 577 δοσθαι
334 518 473 588 πρὸς
494 517 588 587 τῆς
621 517 871 571 διακόνου
894 518 1175 587 χρήμασιν
1195 517 1408 570 ἐκεῖθεν
1433 513 1684 580 ύποφθα-
1709 561 1718 574 ,

1821 514 1991 562 ητωιοι-
2042 503 2298 560 ancillam
2329 500 2595 558 conscio:
2630 514 2756 570 qua:
2790 499 2938 570 quod
2995 495 3173 554 ﬁdelis
3235 508 3359 550 esse

146 615 349 685 ρεξσης⁶
387 611 600 679 φθάσαν
647 609 710 662 τδ
744 609 924 674 Θεῖον,
952 609 1051 679 τὴν
1097 608 1393 678 ἐπιϐουλὴν
1438 605 1686 675 κατεμή-

142 724 266 760 νυεν.
303 705 360 758 ’0
387 703 433 758 δ’
459 703 696 774 ἀλλαχοῦ
727 703 1050 774 μετεχώρει.
1089 702 1302 772 Ἐκείνη
1335 701 1381 755 δ⁹
1412 700 1490 764 ὡς
1515 698 1688 770 ψευδῆ

145 800 239 852 τῶν
259 797 530 850 δεσποτῶν
564 796 927 860 κατειποῦσα,
963 795 1183 866 πληγὰς
1211 794 1486 864 ἐλάμϐανε
1506 807 1521 822 ·
1555 792 1689 845 πολὺ

145 890 238 956 γὰρ
259 883 322 956 ἦν
343 888 402 940 to
430 887 604 941 δεινὸν
630 891 744 952 τοῖς
771 888 1074 958 φωραθεῖσι
1109 886 1374 956 κρύπτειν
1404 886 1496 938 τὸν
1529 882 1690 937 Ἀθα-

148 980 331 1041 νάσιον,
366 975 441 1038 ὠς
481 978 602 1039 ταῖς
654 977 962 1045 βασιλικαῖς
1005 977 1344 1045 προσταγαῖς
1393 972 1694 1043 ἀντιπράτο

149 1087 300 1133 τουσι,
332 1070 422 1122 καὶ
452 1069 513 1121 τὸ
556 1069 941 1144 πολιτεύεσθαι
987 1068 1171 1132 καλῶς
1198 1067 1548 1137 ἀφανίζουσι.
1583 1065 1696 1120 Καὶ

147 1162 311 1214 πολλοὶ
329 1161 416 1214 διά
446 1161 632 1214 τοῦτον
661 1160 852 1214 δεινῶν
881 1161 1275 1232 ἐπειράθησαν.
1301 1159 1696 1229 Παραπλήσιον

147 1255 196 1306 δέ
239 1269 285 1304 τι
337 1254 427 1305 καὶ
475 1253 604 1307 ἄλλο
650 1254 826 1322 τούτῳ
881 1253 1181 1320 ἐπισυνέϐη
1210 1267 1224 1282 ·
1279 1253 1343 1320 τῇ
1393 1251 1502 1320 γὰρ
1557 1251 1696 1320 αὐτῇ

151 1347 282 1415 αἰτία
307 1346 397 1398 ἐπὶ
427 1345 709 1412 Αἴγυπτον
740 1344 902 1415 δῆθεν
927 1344 1169 1413 φεύγων,
1213 1346 1306 1398 τὸν
1345 1344 1541 1397 Νεῖλον
1577 1344 1702 1397 ἀνέ-

151 1437 310 1489 κλεεν.
343 1436 495 1488 Ἐπεὶ
509 1436 955 1506 δέ,τδνδρασμδν
985 1434 1489 1505 καταμηνυσάντων
1515 1435 1699 1499 τινῶν,

151 1527 402 1591 ἐδιώκετο,
434 1527 650 1580 ἀνωθεν
689 1531 751 1581 τὸ
798 1528 1088 1595 γινόμενον
1131 1528 1392 1597 ἐμυεῖτο⁸
1436 1527 1532 1580 καὶ
1575 1527 1704 1589 τοὺς

1789 598 2096 662 videretur,
2157 595 2226 651 ad
2279 609 2414 651 usus
2491 593 2832 651 necessarios
2881 592 2934 648 ei
2993 588 3352 647 inscrviebat.

1790 687 2087 758 Postquam
2120 694 2308 741 autem
2343 686 2397 741 iu
2455 685 2564 740 hoc
2589 699 2790 754 magno
2829 683 3016 739 studio
3049 677 3356 737 adversarii

1791 781 2118 842 incubuere.
2149 789 2210 835 ut
2233 782 2414 834 virum
2436 778 2618 833 vivum
2643 789 2926 847 caperent,
2972 784 3030 830 et
3054 773 3252 829 ancilla
3273 788 3363 837 ea,

1792 875 2027 948 pecunia
2053 873 2124 930 ab
2156 872 2264 927 illis
2296 880 2576 942 corrupta,
2621 868 2875 924 mercede
2913 883 3042 922 eum
3075 865 3366 936 proditura

1794 979 1953 1026 erat:
1990 968 2334 1039 prazvenicns
2386 966 2530 1020 Deus
2563 963 2794 1020 insidias
2826 963 2879 1018 ei
2946 960 3243 1017 indicavit.
3293 958 3370 1013 Ita

1799 1064 1915 1132 ipse
1940 1061 2049 1114 alio
2077 1060 2382 1114 concessit:
2407 1070 2461 1112 at
2487 1059 2575 1111 illa
2603 1066 2659 1111 ut
2680 1073 2802 1128 qua:
2831 1067 3024 1110 contra
3050 1055 3217 1110 heros
3240 1069 3371 1108 suos

1798 1153 1935 1208 falsa
1968 1153 2219 1215 dixisset,
2249 1152 2438 1222 plagas
2485 1150 2810 1220 reportavit.
2848 1149 3043 1203 Gravis
3098 1147 3373 1218 siquidem

1799 1248 1884 1303 eis
1915 1245 2218 1301 constituta
2235 1244 2416 1299 fuerat
2440 1257 2622 1313 poena,
2653 1241 2749 1313 qui
2783 1239 3151 1296 Athanasium
3189 1239 3376 1293 celare

1801 1335 2074 1406 comperti
2107 1335 2359 1402 fuissent,
2394 1345 2452 1390 ut
2484 1337 2578 1404 qui
2618 1344 2812 1388 contra
2841 1333 3205 1402 imperatoria
3224 1331 3378 1401 jussa

1805 1429 2140 1492 niterentur,
2161 1435 2218 1482 et
2243 1435 2450 1482 rectam
2486 1424 2805 1496 reipublicae
2831 1423 3374 1480 administrationem

1804 1521 2086 1575 tollerent.
2133 1519 2286 1573 Multi
2339 1533 2472 1574 sane
2521 1535 2588 1574 eo
2620 1518 2842 1574 nomine
2903 1532 2991 1572 res
3028 1516 3195 1572 duras
3253 1523 3382 1571 sunt

152 1622 424 1690 πλωτῆρας
458 1621 556 1674 ἐπὶ
581 1621 683 1688 τὴν
732 1619 1146 1691 Ἀλεξάνδρειαν
1195 1620 1399 1690 μᾶλλον
1428 1621 1704 1690 ἀναστρέ-

1821 1613 2043 1683 experti.
2065 1612 2353 1668 Persi-mile
2383 1612 2645 1682 quiddam
2677 1610 2786 1665 alio
2806 1626 3026 1680 quoque
3057 1610 3110 1663 ei
3137 1619 3382 1678 tempore

153 1731 258 1782 φειν
292 1713 564 1766 ἐκέλευεν.
599 1712 965 1784 ηαραμείψας
1018 1712 1074 1766 δὲ
1123 1714 1253 1776 τοὺς
1303 1711 1601 1775 διώκοντας
1627 1709 1706 1782 τῷ

1821 1704 2015 1760 evenit.
2053 1703 2316 1760 Eamdcm
2347 1721 2584 1772 namque
2613 1706 2683 1762 ob
2714 1719 2936 1760 causam
2971 1702 3028 1756 in
3082 1701 3380 1772 Egyptum

151 1804 488 1870 κατάγεσθαι,
529 1803 609 1873 τῷ
657 1804 760 1872 τῆς
813 1805 1024 1867 πόλεως
1066 1804 1243 1875 ὁμίλῳ
1274 1804 1562 1876 συμμιγὴς
1593 1804 1707 1857 διε-

1821 1797 2152 1868 profugiens,
2201 1797 2437 1854 adverso
2478 1797 2768 1866 navigabat
2811 1793 2958 1851 Nilo.
3009 1793 3144 1850 Cum
3197 1800 3382 1845 autem

152 1893 360 1946 λάνθανε
412 1894 512 1946 καὶ
551 1893 808 1958 ἐσώζετο.
855 1894 951 1946 Ἐκ
995 1896 1179 1948 τοίνυν
1209 1894 1316 1948 τῶν
1359 1893 1619 1948 τοιούτων
1643 1895 1706 1948 ού

1821 1890 1934 1961 iuga
1963 1891 2084 1961 ejus
2112 1889 2378 1952 indicata,
2419 1889 2648 1958 quidam
2697 1904 2825 1944 eum
2884 1896 3379 1958 persequerentur,

157 1985 274 2052 πρδς
309 1984 416 2037 τῶν
467 1985 802 2054 ἑτεροδόξων
853 1985 1034 2054 μόνον,
1071 1986 1207 2040 ἀλλά
1257 1988 1352 2040 καὶ
1399 1988 1554 2058 παρὰ
1599 1987 1708 2041 τῶν

1821 1981 2030 2036 salitus
2053 1981 2106 2036 id
2139 1983 2419 2053 cognovit.
2443 1991 2500 2036 et
2519 1991 2718 2036 nautas
2741 1991 2916 2049 atque.
2935 1989 3189 2035 vectores
3219 1977 3385 2034 Alex-

163 2074 537 2145 Ἐλληνιστῶν,
593 2077 670 2140 ὡς
710 2079 990 2146 γοητείαις
1049 2079 1332 2150 χρώμενος
1360 2079 1707 2135 διεϐάλλετο·

1821 2075 2059 2132 nudriam
2085 2075 2268 2130 redire
2285 2075 2452 2145 jussit
2481 2090 2494 2126 :
2528 2083 2584 2128 et
2632 2074 2687 2128 in
2718 2073 2985 2128 descensu
3020 2069 3386 2141 persecutori-

158 2170 238 2220 καὶ
266 2168 370 2239 γάρ
403 2170 532 2221 ποτ’
567 2170 663 2224 ἐπὶ
712 2170 810 2240 τὴν
857 2172 1017 2226 πόλιν
1062 2175 1348 2244 προίόντος
1404 2173 1595 2239 αὑτοῦ,
1620 2191 1712 2228 κο·-

161 2260 287 2330 ρώνη
333 2262 424 2316 τδν
474 2263 619 2332 ἀέρα
672 2264 1038 2335 διανηχομένη
1083 2266 1373 2337 ἀνέκραξε.
1410 2267 1623 2337 Πλῆθος
1653 2265 1712 2320 δὲ

159 2354 412 2419 συνεστὼς
451 2355 749 2426 Ἑλλήνων,
777 2359 1238 2424 ἀποσκώπτοντες
1270 2357 1473 2432 οἷάπερ
1520 2361 1713 2431 γόητα,

157 2445 418 2514 διηρὼτων
472 2446 528 2501 τί
581 2448 650 2502 ἀν
704 2451 736 2520 η
794 2451 1012 2520 κορώνη
1053 2452 1264 2523 λαλοίη.
1301 2453 1406 2507 Τὸν
1443 2452 1491 2505 δ’
1527 2454 1716 2525 ἠρέμα

160 2539 351 2593 ἀστεῖον
401 2540 502 2592 καὶ
559 2541 707 2608 μάλα
766 2541 864 2612 ἡδὺ
928 2543 1254 2612 γελάσαντα,
1314 2545 1490 2616 Κρᾶς,
1551 2548 1714 2616 φησὶ,

161 2631 317 2699 λέγει·
364 2632 393 2685 δ
438 2636 506 2702 τῇ
551 2635 841 2703 Ῥωμαίων
886 2638 1036 2706 φωνῇ
1084 2636 1339 2707 σημαίνει
1381 2637 1444 2690 τὸ
1497 2635 1714 2708 αὔριον.

162 2723 463 2776 Αίνίσσεται
493 2725 540 2777 δ’
578 2725 656 2787 ὡς
701 2727 735 2796 ή
773 2725 965 2794 αῦριον
993 2727 1123 2796 ὑμῖν
1162 2729 1224 2780 ού
1256 2727 1436 2792 καλῶς
1468 2729 1717 2798 ἀπαντή-

166 2829 268 2867 σει·
298 2817 582 2888 κέλευσμα
635 2819 746 2889 γὰρ
783 2821 850 2874 ἐκ
885 2804 1157 2890 βασιλέως.
1190 2816 1348 2893 ἧκον,
1383 2823 1483 2893 τὴν
1523 2822 1719 2893 ἑορτὴν

167 2907 305 2975 ὑμῶν
329 2909 548 2976 ἐφέξειο
579 2909 672 2962 καὶ
701 2909 838 2979 ἀηδῆ
885 2912 952 2965 τά
991 2915 1091 2983 τῆς
1133 2913 1524 2984 λαμπρότητος
1563 2913 1719 2967 ἔσται

164 3001 300 3064 ύμῖν.
332 3002 403 3056 Τὸ
435 3003 483 3056 δ’
515 3005 734 3058 ἀστεῖον
778 3005 1096 3059 Ἀθανασίου
1137 3008 1315 3078 πέρας
1342 3003 1488 3078 εἶχεν
1515 3006 1680 3071 εύθύς
1700 3023 1714 3037 ⁸

165 3091 410 3159 βασιλέως
441 3094 550 3164 γὰρ
582 3098 1062 3166 καταφοιτήσαντα
1085 3099 1392 3168 γράμματα
1419 3098 1720 3169 παρηγγύα

1813 2171 1916 2224 bus
1945 2170 2061 2224 suis
2103 2169 2418 2237 preter-itis,
2450 2166 2639 2237 populi
2689 2165 2890 2220 deinde
2917 2165 3089 2220 turbae
3133 2164 3188 2216 in
3247 2162 3386 2217 urbe

1814 2261 2278 2334 frequentissima
2333 2260 2556 2323 mistus,
2618 2259 2781 2314 latuit
2817 2258 3231 2328 incolumisque
3257 2272 3386 2327 per-

1813 2355 2040 2411 mansit.
2053 2353 2400 2424 Quapropter
2417 2367 2526 2408 non
2540 2353 2726 2409 solum
2752 2351 2965 2414 Ariani,
2997 2351 3093 2406 sed
3117 2357 3176 2405 et
3209 2349 3384 2405 Graeci

1815 2457 1982 2518 atque
2015 2447 2252 2520 gentiles
2277 2461 2428 2512 eum,
2458 2454 2520 2500 ut
2563 2460 2783 2515 magum
2817 2454 2874 2499 et
2908 2442 3387 2514 praestigiatorem,

1818 2541 1958 2596 tales
2007 2539 2078 2594 υι)
2109 2553 2202 2593 res
2235 2538 2513 2593 criminati
2573 2545 2726 2590 sunt.
2781 2535 3092 2606 Aliquando
3148 2549 3388 2604 namque

1819 2634 2015 2689 urbem
2041 2646 2109 2686 co
2131 2629 2495 2702 ingrediente,
2525 2631 2716 2686 cornix
2765 2630 2820 2684 in
2846 2643 2975 2683 aere
3003 2627 3190 2683 volans
3216 2627 3392 2681 croci-

1821 2724 2004 2779 tabat:
2037 2733 2094 2779 et
2123 2722 2439 2800 Graecorum
2468 2737 2591 2792 quae
2632 2721 2745 2775 illic
2777 2719 2940 2790 763
2981 2719 3168 2774 stabat
3203 2719 3391 2779 turba,

1820 2825 2123 2871 scommate
2181 2829 2308 2868 eum
2379 2813 2549 2868 veluti
2602 2814 2963 2881 impostorem
3025 2823 3390 2880 persequens.

1819 2906 2086 2977 quidnam
2117 2905 2310 2959 cornix
2340 2904 2570 2967 diceret,
2607 2901 2986 2973 interrogavit.
3020 2901 3087 2956 Et
3120 2900 3214 2958 ille
3262 2915 3392 2971 per-

1820 3017 1985 3074 quam
2013 3000 2220 3058 urbane
2243 3008 2300 3054 et
2321 2998 2566 3053 suaviter
2588 2996 2802 3058 ridens,
2837 2993 2991 3058 Cras,
3017 2994 3216 3062 inquit.
3235 2991 3394 3056 Quod

1824 3097 2021 3152 Latino
2052 3106 2310 3148 sermone
2341 3091 2487 3146 diem
2517 3092 2822 3145 crastinum
2851 3089 3146 3160 significat.
3164 3087 3368 3143 Porten

166 3187 264 3246 τοῖς
310 3187 564 3257 ἄρχουσι,
624 3188 718 3242 τοῦ
762 3187 952 3241 λοιποῦ
995 3189 1226 3243 κωλύειν
1274 3190 1399 3253 τοὺς
1446 3189 1718 3262 Ἕλληνας

1821 3189 1906 3244 dit
1934 3195 2142 3250 autem,
2181 3186 2487 3240 crastinum
2529 3183 2674 3238 diem
2703 3183 2863 3238 vobis
2897 3197 3006 3236 non
3041 3180 3178 3236 bene
3208 3195 3398 3236 cessu-

167 3276 296 3336 ναοῖς
342 3273 740 3342 παραϐάλλειν,
766 3277 862 3330 καὶ
896 3276 972 3339 ὡς
999 3276 1119 3340 ἐθος
1146 3279 1211 3346 τῇ
1262 3277 1412 3346 σφῶν
1449 3277 1722 3348 θρησκείᾳ

168 3364 252 3427 τὰς
274 3365 474 3435 ἑορτὰς
501 3366 772 3420 ἐκτελεῖν.
801 3368 912 3421 Καὶ
942 3369 974 3438 η
1012 3368 1106 3420 ἐπὶ
1137 3367 1334 3438 θύραις
1376 3369 1557 3424 αὐτῶν
1589 3371 1723 3442 περὶ

172 3458 405 3513 πλείστου
443 3456 581 3514 οὖσα
608 3461 723 3522 τοῖς
752 3459 980 3530 Ἕλλησι
1017 3465 1112 3517 καὶ
1142 3463 1442 3531 σεϐάσμιος
1485 3463 1723 3533 μάλιστα

171 3551 315 3620 ἑορτὴ
377 3551 688 3618 τηνικαῦτα
755 3551 979 3606 ἐλύετοο
1052 3553 1147 3606 καὶ
1208 3553 1394 3606 ἔκτοτε
1467 3553 1724 3622 οὐδαμῶς

171 3641 423 3712 ἐπράχθη.
465 3643 631 3696 Ἀλλά
683 3643 859 3697 ταῦτα
918 3643 1016 3714 μὲν
1067 3630 1370 3715 ἀποχρήσει
1418 3644 1612 3710 δεῖξαι,
1649 3645 1724 3708 ὡς

170 3735 299 3801 θεῖος
320 3738 565 3805 μάλιστα
596 3732 666 3807 ἦν
694 3739 722 3790 ό
745 3738 1016 3810 ἀνὴρ,καὶ
1053 3737 1392 3809 προφητικοῦ
1420 3738 1726 3809 ἠξιωμένος

172 3831 497 3900 χαρίσματος
521 3846 536 3860 ·
567 3831 836 3899 φυγόντος
883 3830 930 3882 δ’
972 3831 1047 3896 ὼς
1091 3831 1330 3902 εἴρηται,
1360 3833 1390 3884 ὁ
1421 3830 1515 3883 ὑπ’
1564 3829 1725 3884 αὑτὸν

175 3919 356 3990 κλῆρος
382 3923 483 3984 τάς
517 3922 816 3992 ἐκκλησίας
859 3926 1114 3992 κατεῖχεν
1138 3939 1151 3954 ·
1187 3923 1292 3985 ἓως
1321 3921 1382 3976 οὗ
1411 3925 1523 3985 τοῖς
1549 3921 1727 3992 Γεωρ-

173 4026 276 4076 γιον
321 4013 701 4081 προσδοκῶσιν
748 4016 778 4068 ό
823 4013 1068 4083 ὕπαρχος
1119 4015 1271 4085 ἥκων
1324 4013 1462 4083 μετὰ
1503 4013 1728 4083 στίφους

174 4103 500 4172 παρέδωκεν.
555 4105 642 4168 Ἐς
675 4105 902 4175 ὕστερον
931 4106 988 4159 δέ
1029 4107 1125 4161 καὶ
1160 4107 1322 4171 αὐτὸς
1350 4107 1542 4170 ἐλθὼν,
1572 4108 1731 4162 κατέ-

174 4209 290 4262 σχεν
317 4197 512 4259 αὑτάς.
544 4197 638 4266 Μὴ
685 4197 826 4249 κατὰ
873 4196 1060 4266 σχῆμα
1111 4198 1170 4250 δὲ
1222 4198 1318 4251 καὶ
1366 4193 1498 4268 ἦθος
1540 4199 1731 4267 ἱερέως

173 4285 604 4358 πολιτευόμενος,
645 4289 876 4358 φοϐερός
906 4306 992 4352 τις
1035 4290 1360 4360 ἐπετήδευεν
1410 4285 1570 4342 εἶναι.
1603 4289 1731 4352 Τοῖς

174 4376 215 4428 δ’
259 4379 576 4434 Ἀθανάσιον
619 4380 905 4434 ἐπαινοῦσι
961 4381 1057 4434 καὶ
1113 4382 1258 4451 μάλα
1319 4379 1593 4451 θηριώδης
1635 4377 1729 4452 ἦν,

172 4466 358 4538 ἄνδρας
409 4487 470 4523 τε
521 4473 616 4524 καὶ
661 4474 922 4538 γυναῖκας
975 4471 1176 4542 σύρων,
1218 4466 1306 4524 οἷά
1343 4488 1428 4529 τις
1455 4471 1606 4541 ὠμὸς
1637 4469 1731 4522 τύ-

175 4574 354 4624 ραννος
383 4561 605 4632 δεσμοῖς
639 4561 992 4631 περιέϐαλεν
1025 4564 1116 4630 ὑφ’
1141 4556 1217 4615 ὧν
1253 4563 1334 4624 εἰς
1364 4562 1544 4614 κοινὸν
1571 4563 1727 4630 μῖσος

177 4649 419 4717 ἐμπεσὼν
447 4653 528 4721 τῷ
557 4652 718 4722 δήμῳ
757 4653 958 4723 μικροῦ
1011 4654 1076 4707 ἂν
1113 4653 1393 4720 διιὶιλλυτο,
1421 4654 1472 4706 εί
1523 4653 1600 4724 μὴ
1639 4654 1732 4706 τὸν

177 4742 406 4797 κίνδυνον
455 4746 706 4816 διαδρὰς,
743 4748 800 4808 ἐς
848 4747 1073 4816 βασιλέα
1119 4746 1433 4817 ἀνέτρεχεν.
1468 4747 1531 4800 Ol
1563 4747 1620 4800 δὲ
1661 4745 1732 4800 τὰ

189 4833 493 4890 ’Δθανασίου
547 4838 872 4906 φρονοῦντες
929 4839 1031 4901 τὰς
1083 4839 1382 4908 ἐκκλησίας
1438 4840 1728 4908 κατέσχον,

180 4926 272 4977 κᾶν
309 4929 407 4980 οὐκ
450 4931 545 4982 ἐπὶ
588 4929 769 5000 πολλῷ
809 4931 988 5001 χρόνῳ
1017 4949 1032 4963 ο
1072 4931 1102 4983 ό
1138 4928 1249 4998 γὰρ
1301 4929 1403 4999 τῆς
1449 4930 1731 4998 Αἰγύπτου

183 5023 476 5089 στρατηγὸς
525 5021 879 5091 ἀφελόμενος,
909 5021 1064 5084 αὖθις
1108 5024 1220 5086 τοῖς
1271 5023 1551 5094 Γεωργίου
1597 5022 1734 5075 ἀπέ-

181 5104 309 5160 δοτο.
342 5109 472 5162 Μετ’
508 5112 568 5162 οὐ
603 5109 739 5161 πολὺ
773 5109 830 5161 δὲ
873 5109 969 5163 καὶ
997 5111 1156 5172 αὐτὸς
1189 5106 1316 5184 ἦκι,
1350 5110 1728 5182 φοϐερώτερος

185 5196 272 5263 μὲν
311 5201 700 5269 γεγενημένος,
731 5201 1057 5270 μισούμενος
1084 5201 1142 5254 δὲ
1195 5202 1380 5269 πλέον,
1409 5203 1505 5256 ἅτε
1535 5202 1600 5271 δὴ
1636 5202 1730 5254 τὸν

184 5287 392 5353 βασιλέα
419 5291 725 5363 κεκινηκὼς
756 5295 838 5356 εἰς
862 5293 1033 5361 θυμὸν
1057 5295 1180 5347 κατ’
1200 5294 1403 5349 αὐτῶν.
1425 5294 1732 5357 Δύσπιστος

183 5377 233 5431 δὲ
278 5383 368 5434 καὶ
411 5384 583 5451 τύφου
636 5383 834 5452 μεστὸς
889 5383 1232 5439 διεϐάλλετο·
1265 5385 1361 5439 καὶ
1413 5385 1564 5455 παρὰ
1620 5385 1732 5438 τῶν

185 5472 480 5538 Αἰγυπτίων
536 5481 774 5547 μάλιστα
819 5479 1090 5549 μοναχῶν,
1131 5475 1212 5545 οἷς
1256 5481 1474 5534 εἵποντο
1529 5479 1731 5548 μᾶλλον

185 5565 245 5615 τε
296 5568 490 5641 πλήθη,
520 5571 616 5625 καὶ
672 5557 709 5626 ἀί
753 5571 938 5639 λέγειν
987 5573 1250 5644 ἀλήθειαν
1301 5572 1506 5644 ᾤοντο·
1538 5574 1732 5644 ὅτιπερ

188 5657 371 5729 ἀρετὴν
416 5663 728 5727 ἀσκοῦντες.
766 5665 1075 5734 φιλοσόφως
1112 5667 1348 5737 διήνυον.
1380 5667 1488 5720 Καὶ
1531 5666 1600 5719 τὰ
1634 5667 1734 5736 μέν

199 5745 500 5807 ’Δθανασίου
535 5755 838 5826 συλλήϐδην
875 5759 1051 5810 εἰπεῖν
1083 5759 1172 5811 ἐπὶ
1206 5758 1591 5812 Κωνσταντίου
1619 5758 1732 5812 δια-

481 5876 754 5938 Ριιτειοι..
795 5881 909 5938 Gn.
949 5877 1181 5940 CXLVI

1825 3297 1969 3337 rum.
1995 3278 2311 3334 Mandatum
2327 3277 2480 3332 enim
2506 3277 2574 3330 ab
2595 3277 2926 3346 imperatore
2949 3274 3175 3328 veniens
3194 3274 3394 3328 festum

1825 3375 1970 3430 diem
2007 3381 2250 3427 vestrum
2301 3367 2595 3432 inhibebit,
2645 3376 2702 3423 et
2757 3366 3167 3438 magnificentia
3211 3377 3397 3422 vestra

1827 3463 2130 3533 injucunda
2164 3462 2322 3517 vobis
2360 3461 2490 3516 erit.
2526 3463 2701 3515 Porro
2756 3459 2812 3514 id
2842 3459 3128 3514 Athanasii
3187 3457 3397 3514 dictum

1827 3557 2036 3612 exitum
2102 3568 2262 3610 suum
2318 3553 2613 3609 confestim
2669 3553 2884 3608 habuit.
2933 3552 3015 3606 Ab
3049 3543 3400 3620 imperatore

1827 3649 1974 3704 enim
2008 3649 2202 3703 litterae
2230 3661 2450 3705 venere,
2488 3646 2689 3714 quibus
2724 3644 3077 3714 magistratus
3122 3641 3400 3710 jubeban-

1834 3751 1947 3803 tur,
1999 3741 2068 3795 de
2098 3749 2299 3794 cetero
2351 3737 2570 3792 Graacos
2614 3737 2932 3806 prohibere,
2969 3750 3037 3790 ne
3093 3734 3160 3788 ad
3201 3736 3401 3801 templa

1829 3834 2182 3896 accederent,
2215 3840 2272 3884 et
2302 3845 2451 3888 more
2476 3831 2895 3902 superstitionis
2924 3844 3039 3884 sua:
3065 3829 3188 3882 dies
3234 3828 3404 3884 festos

1830 3936 2172 3997 peragerent.
2198 3925 2265 3978 Et
2295 3923 2592 3979 celebritas
2619 3939 2682 3978 ca
2701 3938 2825 3992 qua:
2844 3924 2958 3994 jam
3009 3921 3220 3983 aderat,
3250 3927 3306 3974 et
3333 3920 3404 3972 ah

1830 4018 1940 4073 illis
1969 4017 2188 4088 plurimi
2220 4014 2406 4082 fiebat,
2438 4016 2910 4084 venerationeque
2963 4012 3199 4066 maxima
3255 4011 3401 4066 cole-

1832 4111 2015 4173 batur,
2051 4117 2166 4162 turu
2203 4109 2383 4163 soluta
2421 4118 2528 4171 est,
2582 4123 2764 4178 neque
2805 4115 2997 4177 postea
3033 4115 3276 4174 peracta.
3300 4104 3406 4158 De-

1833 4202 2044 4256 clarare
2075 4200 2190 4257 haec
2242 4199 2377 4254 satis
2403 4208 2654 4270 possunt,
2711 4198 2960 4253 divinum
3013 4212 3144 4252 eum
3194 4198 3402 4259 virum,

1832 4303 1889 4348 et
1913 4291 2218 4362 prophetici
2239 4291 2495 4347 doninon
2515 4299 2791 4362 expertem
2826 4291 3017 4352 fuisse.
3040 4289 3164 4360 Ipso
3196 4299 3404 4354 autem,

1834 4393 1893 4439 ut
1923 4385 2127 4439 dictum
2151 4383 2520 4454 est,profugo,
2551 4383 2734 4438 clerus
2753 4382 3154 4454 ejusecclesias
3184 4383 3399 4438 tenuit:

1835 4473 2012 4527 donec
2045 4472 2343 4526 adveniens
2375 4472 2487 4527 dux
2511 4487 2636 4528 cum
2683 4475 2931 4538 armatis,
2985 4473 3282 4544 Georgium
3310 4489 3408 4529 ex-

1835 4563 2217 4637 spectantibus
2247 4579 2343 4618 eas
2383 4564 2628 4630 tradidit,
2660 4573 2718 4619 ct
2741 4565 2858 4634 ipse
2896 4574 3086 4634 postea
3135 4564 3410 4637 Georgius

1835 4655 2134 4710 adveniens
2159 4629 2468 4724 o'ccupavit.
2523 4655 2574 4710 ls
2615 4629 2776 4724 quod
2818 4629 2928 4709 non
2990 4667 3259 4726 apparatu
3285 4629 3409 4710 Vaut

1836 4761 1988 4801 more
2019 4746 2261 4816 episcopi
2294 4746 2830 4802 administrationem
2863 4761 3024 4801 suam
3060 4749 3404 4811 institueret,

1837 4839 2143 4894 terribilem
2175 4838 2236 4894 se
2257 4839 2530 4894 exhibuit.
2565 4841 2621 4893 In
2651 4840 2937 4894 Athanasii
2975 4850 3162 4895 autem
3207 4840 3407 4894 lauda—

1840 4942 1987 4986 tores
2023 4931 2174 4986 ferus
2203 4932 2496 4986 admodum
2527 4933 2652 4997 fuit,
2674 4947 2738 4986 ac
2761 4931 2910 4987 viros
2928 4932 3096 4986 simul
3123 4941 3180 4986 et
3208 4931 3406 4985 mulico

1835 5037 1926 5076 res
1955 5023 2250 5092 arripiens,
2287 5031 2547 5092 tanquam
2583 5036 2761 5077 saavus
2815 5031 3106 5092 tyrannus,
3167 5020 3223 5075 in
3287 5020 3408 5074 viu-

1835 5114 1957 5168 cula
1997 5116 2255 5187 conjecit.
2291 5114 2665 5182 Quamobrem
2688 5114 2966 5184 publicum
3003 5112 3192 5182 populi
3215 5113 3405 5176 odium

1835 5207 1892 5260 in
1955 5221 2013 5261 se
2064 5207 2385 5261 concitavit.
2453 5205 2712 5261 Periisset
2765 5214 2917 5260 certe
2975 5204 3224 5274 quidem,
3294 5206 3404 5261 nisi
3469 5207 3472 5210 ⁴

1834 5298 2080 5369 periculo
2147 5298 2320 5352 vitato
2391 5296 2459 5350 ad
2540 5298 2928 5366 imperatorem
3015 5297 3406 5364 procurrisset.

1839 5388 1917 5442 Ibi
1991 5396 2106 5442 tum
2183 5396 2486 5444 sectatores
2564 5386 2846 5440 Athanasii
2938 5386 3188 5442 ecclesiis
3267 5399 3407 5456 prte-

1839 5483 2014 5546 luerc,
2099 5482 2354 5552 quamvis,
2426 5481 2495 5536 ad
2554 5482 2718 5535 breve
2789 5491 3030 5550 tempus.
3113 5478 3408 5534 Praefectus

1840 5589 2077 5642 namque
2141 5571 2384 5643 Egypti,
2425 5572 2536 5626 illis
2586 5571 2800 5642 ejectis,
2829 5586 2924 5626 eas
2978 5571 3204 5626 factioni
3231 5569 3407 5625 Geor-

1841 5668 1913 5738 gii
2011 5665 2272 5720 restituit.
2337 5663 2450 5719 Nec
2515 5664 2678 5734 longe
2737 5671 2859 5733 post
2909 5671 2967 5718 et
3023 5663 3141 5734 ipse
3216 5659 3406 5721 rediit.

1841 5756 2145 5813 terribilior
2177 5755 2404 5827 quidem
2440 5771 2604 5824 quam
2640 5765 2826 5821 antea,
2857 5772 2964 5810 nou
2996 5757 3180 5810 utiuus
3222 5761 3408 5808 autem

2962 5878 3035 5936 12
