3814 6550
410 365 513 430 3ὒῖ

1635 359 2057 423 NICEPHORI
2094 358 2442 421 CALLISTI
2800 426 2818 432 _
3546 369 3628 432 368

413 479 561 551 gavit
601 486 786 532 tamen
835 482 950 530 tum
1007 471 1478 530 consentientium
1506 471 1557 528 ei
1591 472 1980 543 episcoporum

2093 472 2452 542 Καισαρείας,
2484 470 2748 526 Εὐσεϐίου
2797 426 3066 544 διάδοχος,
3093 472 3367 542 οὐράνιός
3406 489 3466 527 τε
3495 476 3524 528 ὁ

412 566 745 628 conventum
777 567 1083 622 Antiochiae
1118 584 1132 621 :
1175 565 1238 643 -i_n
1275 566 1480 636 quibus
1524 573 1709 632 erant,
1747 564 1984 620 Aeacius

411 665 675 718 Caesareae
705 659 1257 716 Palmstinaeﬁuse'bii
1295 671 1600 721 successor,
1651 665 1709 711 et
1741 655 1984 712 Uranius

415 755 547 826 Tyri
600 751 898 821 episc0pus
931 767 944 804 :
972 749 1066 818 qui
1108 763 1212 802 una
1263 760 1388 802 cum
1437 743 1984 801 simili-snbstantiali

410 857 468 902 et
487 844 960 901 consubstantiale
977 839 1282 911 rejiciebat,
1297 837 1399 892 sub
1420 837 1646 891 obtentu
1662 835 1987 892 Occidenta-

412 939 548 993 lium
566 937 948 1005 episcoporum
965 932 1328 996 auctoritatis,
1343 929 1434 998 qui
1454 928 1558 981 hoc
1574 928 1652 982 sic
1668 927 1852 982 Sirmii
1877 937 1988 982 sta-

413 1029 642 1082 tuerint.
667 1026 1034 1081 Admiranclus
1067 1036 1302 1090 namque
1334 1021 1424 1075 ille
1450 1019 1667 1086 Hosius,
1693 1030 1858 1089 atque
1877 1035 1986 1074 una

415 1136 542 1176 cum
583 1119 866 1174 nonnullis
903 1116 997 1186 qui
1040 1116 1116 1170 ibi
1164 1123 1561 1179 convenerant,
1599 1129 1722 1168 cum
1766 1119 1988 1183 propter

413 1212 824 1268 contentionem
850 1224 958 1280 qua
979 1207 1568 1274 adversusUrsacium,
1595 1205 1876 1260 Valentem
1931 1213 1988 1259 et

414 1306 760 1363 Ger-minium
797 1305 880 1357 usi
916 1302 1156 1366 fuerant.
1190 1302 1302 1355 vim
1337 1301 1590 1364 multam,
1624 1309 1685 1354 ut
1723 1299 1982 1360 diximus,

415 1401 562 1472 passi
624 1398 880 1462 fuissent,
929 1405 992 1450 ut
1040 1408 1220 1465 neque
1270 1392 1757 1449 consubstantialis
1803 1406 1985 1460 neque

410 1485 989 1544 simili-substantialis
1014 1485 1186 1540 Filius
1243 1484 1542 1548 diceretur,
1571 1495 1984 1550 concesserant,

409 1593 677 1652 tanquam
717 1596 781 1636 ea
815 1580 983 1637 verba
1010 1587 1119 1633 tam
1149 1592 1410 1648 expresse
1433 1578 1488 1632 in
1518 1577 1723 1634 divinis
1750 1575 1987 1645 Scriptis

415 1692 526 1730 non
599 1681 970 1744 apparerent;
1039 1679 1422 1742 praetereaque
1491 1682 1655 1737 supra
1734 1667 1986 1720 humanae

420 1767 618 1822 mentis
666 1775 889 1835 captum
936 1771 1104 1827 esset,
1141 1761 1210 1816 de
1259 1759 1505 1816 essentia
1551 1757 1646 1814 Dei
1699 1757 1984 1812 subtiliter

2087 580 2207 635 pou,
2238 563 2299 626 ὃς
2327 563 2466 635 μετὰ
2489 563 2588 618 τοῦ
2618 567 2964 636 δμοιοουσίου
2995 565 3091 620 καὶ
3129 567 3192 620 τὸ
3229 565 3520 637 δμοούσιον
3543 571 3634 636 ἐξε-

2085 659 2319 725 τρέπετο
2348 659 2624 729 προφάσει
2657 659 2767 711 τῶν
2793 659 2936 712 κατὰ
2965 659 3121 713 δύσιν
3153 660 3493 728 ἐπισκόπων,
3523 664 3564 716 οἳ
3588 669 3633 718 ἐν
3811 665 3814 728 ε

2087 749 2298 821 Σιρμίφ
2323 752 2495 805 ταυτὰ
2525 749 2883 821 ἐψηφίσαντο.
2923 750 2982 805 ’0
3012 751 3121 824 γὰρ
3151 753 3445 817 θεσπέσιος
3471 737 3634 822 Ὃσιος
3811 735 3814 844 Ι

2089 841 2307 912 σύναμά
2342 858 2453 895 τισι
2486 842 2597 895 τῶν
2629 845 2748 896 ἐκεῖ
2781 842 3242 912 συνειλεγμένων,
3275 843 3366 898 διὰ
3397 843 3498 916 τὴν
3525 852 3634 918 πρλις

2088 933 2365 990 ούάλεντα
2396 933 2488 988 καὶ
2511 933 2822 1004 Ούρσάκιον
2851 933 2950 988 καὶ
2983 935 3047 986 Γε
3059 935 3290 1006 ρμάνιον
3320 936 3634 1004 φιλονεικίαν

2090 1025 2406 1097 βιασθέντες
2455 1027 2705 1091 πλεῖστα,
2755 1026 2831 1090 ὡς
2890 1026 3130 1098 εἴρηται,
3199 1030 3493 1083 ἐνέδωκαΨ
3523 1033 3634 1102 μήτε
3695 1082 3698 1086 .

2087 1119 2398 1189 δμοούσιον,
2441 1120 2577 1189 μήτε
2630 1121 2971 1189 ὁμοοιούσιον
3013 1119 3195 1187 λέγειν
3235 1123 3328 1176 τὸν
3361 1123 3528 1176 Υίόν·
3560 1125 3637 1179 ita

2087 1209 2152 1280 δὴ
2183 1211 2292 1264 τῶν
2319 1211 2602 1279 ὀνομάτων
2633 1213 2710 1282 μὴ
2737 1213 2856 1275 tul;
2888 1213 3058 1277 θείαις
3089 1213 3234 1270 οὕτω
3273 1217 3460 1286 ῥητῶς
3494 1219 3639 1288 ἐμφε-

2093 1304 2336 1374 ρομένων
2364 1303 2613 1374 Γραψαῖς
2634 1321 2648 1334 ο
2682 1304 2860 1369 ἄλλως
2893 1323 2954 1358 τε
2984 1306 3040 1359 δὲ
3075 1309 3173 1361 καὶ
3201 1309 3293 1362 τὸν
3322 1310 3640 1380 ἀνθρώπινον

2089 1397 2214 1452 νοῦν
2241 1397 2570 1467 ὕπερϐαῖνον
2599 1392 2741 1450 εἶναι
2769 1398 2962 1452 οὐσίαν
2982 1399 3123 1452 Θεοῦ
3153 1401 3638 1472 πολυπραγμονεῖν.

2103 1490 2192 1552 Ὠς
2227 1488 2444 1554 δόξασιν
2499 1489 2608 1543 οὖν’
2647 1507 2700 1542 τι
2751 1491 3098 1562 κατορθῶσαι
3147 1494 3215 1546 τὰ
3264 1493 3453 1548 Ὀσίου
3488 1497 3644 1568 γράμ-

2094 1599 2264 1652 ματα,
2323 1581 2618 1652 ἐπιστολὴν
2671 1583 2810 1653 πρὸς
2870 1583 3070 1647 αὐτοὺς
3135 1584 3412 1654 ἔπεμπον,
3466 1590 3644 1659 πολλὴν

2091 1674 2253 1744 χάριν
2275 1674 2493 1738 τούτοις
2525 1675 2942 1744 ὁμολογοῦντες,
2973 1679 3070 1731 καὶ
3098 1679 3192 1732 τοῦ
3239 1680 3421 1750 ὀρθῶς
3451 1686 3645 1751 φρονεῖν

2092 1766 2218 1828 τοὺς
2244 1769 2299 1818 ἐν
2327 1767 2537 1838 ἑσπέρᾳ
2577 1770 2679 1836 τὴν
2714 1769 2898 1824 αἰτίαν
2925 1771 3155 1834 ἐκείνοις
3189 1772 3644 1840 προσγράφοντες.

414 1859 650 1914 nimium
679 1865 735 1911 et
770 1855 930 1911 anxie
958 1853 1256 1923 inquirere.
1287 1853 1350 1906 Et
1371 1851 1519 1922 quod
1547 1851 1626 1906 eis
1655 1858 1770 1904 tum
1803 1851 1981 1904 visum

2093 1826 2245 1910 Οὕτω
2281 1857 2336 1914 δὲ
2385 1826 2478 1926 τῷ.
2507 1826 2757 1929 "noscens
2810 1826 3191 1928 νεωτερίζοντι
3235 1826 3437 1915 ,πολλοὶ
3464 1826 3567 1916 τῶν

410 1959 587 2014 esset,
639 1947 838 2020 coeptis
872 1945 989 2001 suis
1025 1941 1177 1998 Hosii
1205 1943 1418 1999 litteras
1451 1943 1686 1997 multum
1726 1941 1986 1997 allaturas

411 2062 541 2103 esse
586 2042 878 2105 momenti,
918 2039 1208 2112 epistolam
1267 2048 1383 2092 tutu
1433 2035 1586 2090 llosii
1639 2035 1986 2104 aliorumque

406 2119 852 2194 Occidentalium
889 2131 1136 2195 nomine,
1172 2129 1382 2186 Sirmio
1429 2127 1494 2182 ad
1529 2125 1838 2182 Orientales
1893 2122 1989 2178 de-

417 2234 638 2294 derant,
705 2227 963 2296 ingentes
1017 2223 1268 2287 Ursacio,
1320 2219 1536 2276 Valenti
1590 2227 1644 2272 et
1699 2213 1988 2274 Gcrminio

419 2329 647 2391 agentes
668 2317 872 2387 gratias
896 2333 910 2370 :
931 2323 988 2368 et
1009 2313 1155 2383 quod
1179 2309 1562 2366 Occidentales
1587 2317 1736 2362 recte
1765 2305 1987 2362 tandem

413 2413 718 2476 sentirent,
765 2410 885 2476 ejus
931 2404 1185 2462 beneficii
1237 2418 1457 2458 causam
1487 2401 1595 2456 illis
1622 2399 1984 2458 ascribentes.

414 2504 676 2558 Sctlettim
729 2496 978 2553 Eudoxio
1013 2497 1088 2550 ita
1149 2509 1236 2548 res
1288 2501 1548 2556 nos-ante,
1596 2491 1754 2544 multi
1796 2491 1990 2556 Antio-

418 2595 541 2650 cltia
578 2592 668 2662 qui
714 2601 923 2646 rectum
957 2589 1154 2658 dogma
1186 2584 1577 2648 defendebant.
1608 2593 1661 2639 et
1693 2583 1744 2638 ei
1793 2583 1990 2638 adver-

421 2687 710 2748 sabantur,
764 2683 833 2737 ab
879 2682 975 2736 illo
1032 2679 1202 2749 pulsi,
1244 2677 1542 2748 Georgium
1599 2675 1988 2731 [.aodicensem

412 2779 632 2842 adiere,
661 2776 824 2846 eique
856 2789 978 2844 quae
1005 2771 1312 2828 Antiochiae
1337 2779 1634 2842 agerentur
1658 2780 1986 2838 exposuere.

416 2873 596 2940 Atque
647 2851 828 2922 abeo
893 2865 1094 2920 litteris
1153 2864 1396 2934 acceptis
1471 2861 1667 2917 armati
1719 2861 1990 2930 Ancyram

415 2962 640 3017 Galatiae
685 2947 813 3013 sunt
867 2955 1124 3028 profecti.
1153 2955 1390 3010 Basilius
1420 2953 1592 3019 enim,
1625 2953 1717 3024 qui
1751 2953 1825 3008 ibi
1865 2959 1990 3024 post

415 3055 738 3108 Marcellum
767 3053 1149 3120 episcopatum
1174 3050 1399 3120 gerebat
1427 3065 1441 3102 :
1475 3049 1662 3120 plures
1695 3063 1762 3101 ex
1793 3044 1992 3101 vicinis

409 3146 699 3216 vepiscopis
737 3144 803 3198 ad
835 3159 892 3198 se
920 3141 1239 3196 dedicanda:
1284 3155 1448 3210 quam
1505 3153 1700 3194 recens
1738 3145 1992 3192 constru-

423 3196 584 3293 xerat
613 3196 864 3292 ecclesiae
889 3235 1063 3304 gratia
1103 3239 1530 3288 cont-ocaverat.
1581 3230 1742 3303 767
1783 3230 1860 3284 ibi
1908 3229 1988 3284 illi

2106 3196 2318 3302 Ἀρείου
2348 3196 2558 3297 πάντας
2582 3196 2907 3288 καταλαϐῶν
2953 3196 3230 3301 ἑύδδξιος,
3260 3239 3344 3296 εἰς
3378 3196 3673 3310 κληρικνοίις

420 3347 522 3401 per
547 3329 826 3399 querelam
857 3343 915 3382 re
946 3325 1096 3380 omni
1131 3327 1400 3395 exposita,
1432 3323 1645 3378 litteras
1673 3321 1988 3388 reddidere,

410 3423 575 3478 .ltisce
614 3420 802 3475 verbis
849 3420 1192 3488 conscriptas
1231 3436 1244 3472 :
1288 3436 1305 3469 ι
1345 3415 1842 3471 Reverendissimis
1893 3413 1993 3468 do-

422 3511 614 3578 minis,
671 3510 1012 3576 Macedonio,
1068 3508 1297 3575 Basilio,
1350 3507 1644 3576 Cecropio,
1721 3503 1991 3575 Eugenio,

409 3603 690 3672 Georgius
742 3601 800 3656 in
836 3601 1068 3655 Domino
1122 3601 1381 3654 salutem.
1431 3597 1574 3653 Aetii
1643 3595 1991 3667 naufragium

410 3709 568 3765 .pene
609 3709 838 3748 omnem
872 3695 1179 3762 occupavit
1229 3691 1600 3747 Antiochiam.
1659 3689 1808 3756 Quos
1841 3690 1991 3744 enim

425 3799 523 3838 vos
554 3783 853 3854 ignominia
887 3784 1146 3850 notastis,
1172 3781 1492 3837 exsecrandi
1517 3780 1632 3836 Arii
1663 3780 1991 3851 discipulos,

427 3891 524 3930 eos
556 3891 750 3930 omnes
781 3873 1063 3930 Eudoxius
1105 3883 1357 3944 receptos
1384 3873 1437 3928 in
1479 3873 1809 3929 clericorum
1846 3870 1996 3926 ordi-

412 3983 552 4022 .nem
625 3976 888 4038 cooptat,
947 3977 1002 4021 et
1055 3967 1274 4021 Aetium
1345 3965 1668 4021 ltazreticum
1755 3965 1994 4020 maximo

424 4065 638 4117 honore
662 4063 1037 4132 prosequitur.
1062 4059 1290 4113 Tantam
1320 4060 1486 4130 igitur
1512 4060 1787 4115 civitatem
1823 4073 1993 4114 occu-

427 4164 575 4224 pate,
628 4168 695 4206 ne
739 4152 795 4206 in
837 4151 986 4206 illius
1035 4150 1379 4222 naufragium
1419 4150 1574 4206 orbis
1599 4158 1747 4204 totus
1774 4159 1992 4218 pertra-

423 4246 614 4300 ltatur.
651 4245 719 4299 Et
747 4243 986 4298 concilio
1017 4257 1209 4296 eorum
1233 4249 1447 4306 coacto,
1465 4243 1784 4310 quicunque
1802 4240 1993 4295 adesse

420 4346 682 4407 possunt,
718 4335 787 4389 ab
841 4334 1074 4402 reliquis
1121 4331 1396 4402 episcopis
1440 4331 1848 4400 subscriptione
1900 4331 1995 4385 de-

421 4439 704 4483 cretorum
753 4435 1063 4481 vestrorum
1121 4435 1366 4492 accepta,
1414 4423 1708 4493 postulate,
1743 4430 1805 4476 ut
1865 4435 1992 4476 cum

419 4521 644 4574 Aetium
700 4515 987 4571 Eudoxius
1037 4531 1105 4571 ex
1147 4515 1491 4570 Antiocltena
1527 4516 1758 4570 ecclesia
1786 4515 1992 4586 ejiciat,

428 4623 546 4667 tum
578 4618 882 4664 sectatores
926 4608 1048 4679 ejus
1084 4623 1150 4660 ea
1180 4621 1337 4660 sacro
1368 4605 1697 4660 clericorum
1727 4607 1852 4661 albo
1883 4607 1991 4660 tol-

418 4702 518 4756 lat.
560 4703 669 4755 Aut
702 4709 850 4756 certe
879 4699 926 4753 si
965 4699 1271 4768 perrexerit
1306 4711 1432 4751 cum
1462 4697 1624 4751 Aetio
1660 4696 1990 4751 dissimilem

423 4795 633 4858 dicere,
663 4804 830 4863 atque
872 4807 970 4846 eos
1001 4791 1096 4861 qui
1128 4790 1233 4844 hoc
1263 4791 1449 4844 dicere
1480 4791 1706 4856 audent,
1737 4789 1855 4844 illis
1898 4789 1992 4859 qui

416 4885 476 4940 id
501 4901 608 4939 non
639 4884 868 4948 faciunt,
903 4883 1114 4936 honore
1147 4881 1431 4952 praeierre,
1467 4881 1634 4935 sicuti
1671 4881 1834 4935 modo
1853 4881 1988 4946 dixi,

421 4977 715 5033 Antiochia
752 4975 910 5029 vobis
945 4973 1190 5043 perierit.
1218 4991 1236 5026 ι
1287 4971 1413 5027 llaec.
1442 4972 1730 5046 Georgius.
1783 4976 1854 5028 At
1896 4973 1991 5044 qui

420 5071 652 5140 Ancyra:
685 5065 998 5136 congregati
1028 5074 1212 5130 erant,
1263 5081 1386 5120 cum
1429 5077 1770 5134 compertum
1824 5065 1991 5120 liabe-

422 5172 565 5228 rent,
595 5176 661 5214 eo
685 5161 832 5228 quod
855 5158 958 5212 sibi
986 5159 1091 5228 ipsi
1117 5157 1476 5213 Antiochense
1499 5158 1644 5214 sedis
1667 5160 1988 5229 dignitatem

398 5261 748 5322 .arrogasset,
781 5250 1087 5304 Eudoxium
1118 5265 1206 5303 res
1240 5265 1408 5304 novas
1455 5250 1763 5320 inceptare,
1818 5251 1994 5320 impe-

423 5346 591 5398 ratori
632 5344 816 5397 statim
853 5359 966 5396 rem
1010 5358 1130 5397 eam
1174 5343 1578 5411 signiﬁcarunt,
1621 5344 1989 5414 eutndemque

419 5435 805 5498 obsecrarunt,
837 5447 897 5489 ut
925 5450 1028 5504 0pc
1066 5450 1162 5488 sua
1195 5437 1516 5506 interposita
1547 5437 1779 5503 videret,
1817 5454 1884 5492 ne
1924 5451 1988 5492 ea

402 5544 542 5596 'quu:
583 5527 859 5590 Sardicae,
920 5526 1150 5593 Sirmii,
1211 5539 1268 5584 et
1328 5531 1384 5584 in
1436 5531 1558 5586 aliis
1619 5531 1988 5587 conventibus

418 5622 718 5676 constituta
751 5631 959 5690 essent,
1013 5625 1460 5680 convellerentur
1495 5644 1508 5680 :
1542 5626 1597 5679 in
1632 5627 1833 5694 quibus
1865 5641 1989 5680 om-

417 5716 580 5769 nibus
608 5715 804 5769 Filium
841 5716 994 5771 Patri
1030 5718 1339 5773 substantia
1377 5719 1612 5792 similem
1647 5735 1768 5774 esse
1795 5721 1990 5775 decre-

415 5816 538 5863 tum
568 5809 656 5864 sit.
683 5807 1036 5880 chationem
1058 5813 1223 5866 etiam
1253 5813 1318 5866 ad
1348 5816 1732 5883 imperatorem
1763 5815 1984 5885 misere,

2100 1947 2405 2021 Ἀντιοχείᾳ
2434 1950 2526 2004 τοῦ
2557 1951 2720 2021 δρθοῦ
2756 1952 3189 2023 ὑπεριστάμενοι
3231 1953 3510 2025 δόγματος
3535 1959 3647 2028 παρ’

2087 2037 2296 2091 ἐκείνου
2333 2039 2648 2094 ἐλαύνονται
2673 2055 2689 2072 °
2730 2041 2779 2094 οἳ
2824 2041 2890 2113 δὴ
2927 2044 3021 2097 καὶ
3059 2042 3323 2115 Γεωργίῳ
3353 2044 3441 2114 ’τῷ
3483 2048 3647 2101 Λαοδι-

2089 2131 2244 2194 κείας
2271 2132 2610 2202 προσιόντες,
2641 2132 2936 2203 κατέλεγον
2966 2137 3034 2188 τά
3068 2136 3354 2204 γινόμενα.
3379 2129 3458 2190 Οὗ
3489 2141 3654 2208 γράμ-

2092 2237 2258 2290 μασιν
2309 2221 2700 2291 ὡπλισθέντες,
2765 2225 2846 2289 εἰς
2908 2227 3200 2296 Ἄγκυραν
3247 2227 3348 2297 τῆς
3404 2229 3652 2295 Γαλατίας

2090 2311 2359 2384 ἔρχονται.
2409 2314 2694 2379 Βασίλειος
2743 2318 2851 2388 γὰρ
2887 2318 2916 2370 δ
2958 2318 3058 2388 τῆς
3106 2319 3287 2371 ἐκεῖσε
3335 2317 3656 2388 Ἐκκλησίας

2093 2404 2235 2474 μετὰ
2282 2403 2608 2476 Μάρκελλον
2647 2406 2746 2479 τὴν
2794 2410 3099 2480 ἐπιτροπὴν
3132 2409 3410 2480 ἐσχηκὼς,
3441 2411 3655 2476 πολλοῦς

2089 2497 2198 2550 τῶν
2251 2498 2546 2568 περιοίκων
2599 2499 2915 2554 ἐπισκόπων
2967 2503 3154 2555 ἐκάλει
3209 2502 3304 2556 ἐπὶ
3336 2505 3658 2574 καθιερώσει

2090 2590 2190 2659 τῆς
2223 2589 2522 2662 ἐκκλησίας
2551 2592 2618 2662 ἢν
2663 2591 2730 2643 ἐκ
2777 2592 2899 2645 νέου
2951 2593 3206 2664 ἐδείματο
3232 2611 3247 2626 ’
3285 2596 3382 2648 καὶ
3413 2595 3484 2650 τά
3515 2598 3656 2664 γενόο

2095 2699 2232 2752 μενα
2278 2683 2778 2754 ἐκτραγῳδοῦντες,
2828 2685 2928 2754 τὴν
2976 2686 3270 2756 ἐπιστολὴν
3307 2688 3660 2758 ἐνεχείριζον,

2091 2775 2212 2830 τάδε
2241 2776 2380 2828 κατά
2414 2777 2564 2847 ῥῆμα
2588 2774 2920 2841 διεξιοῦσανο
2955 2795 2974 2830 t
3006 2779 3232 2848 Κυρίαις
3287 2783 3661 2851 τιμιωτάτοις,

2092 2866 2434 2938 Μακεδονίῳ,
2453 2868 2720 2940 Βασιλείῳ
2757 2871 3078 2941 Κεκροπίῳ,
3101 2871 3368 2945 Εὑγενίῳ,
3397 2875 3664 2944 Γεὼργιος

2092 2957 2151 3010 ἐν
2195 2957 2387 3029 Κυρίῳ
2423 2961 2656 3030 χαίρειν.
2691 2959 2765 3014 Τὸ
2791 2959 2999 3014 Ἀετίου
3032 2965 3294 3032 ναυάγιον
3337 2966 3536 3036 σχεδόν
3567 2982 3659 3018 που

2093 3051 2276 3104 πᾶσαν
2319 3053 2612 3122 κατείληφε
2654 3051 2752 3124 τὴν
2792 3052 3152 3126 Ἀντιόχειαν.
3191 3056 3330 3120 Τοὺς
3381 3059 3496 3129 γάρ
3545 3058 3667 3129 παρ’

2093 3139 2224 3211 ὑμῖν
2300 3143 2740 3214 ἀτιμαζομένους
2835 3147 3090 3216 μαθητάς
3170 3147 3266 3202 τοῦ
3347 3149 3668 3217 δυσωνύμου

2099 3323 2486 3392 προϐάλλεται,
2538 3327 2599 3378 ἐν
2648 3327 2760 3390 τοῖς
2819 3328 3055 3397 μάλιστα
3101 3331 3499 3398 τετιμημένοις
3546 3333 3674 3400 έχων

2096 3417 2190 3472 τὸν
2235 3417 2511 3488 αίρετικὺν
2554 3416 2786 3473 Ἀέτιον.
2816 3420 3176 3476 Καταλάϐετε
3224 3419 3320 3476 οὖν
3371 3422 3477 3496 τὴν
3531 3424 3675 3494 τηλιο

2098 3510 2305 3580 καύτην
2351 3510 2528 3575 πόλιν,
2570 3510 2645 3580 μὴ
2685 3510 2764 3582 τῷ
2796 3515 3046 3585 ναυαγίῳ
3083 3515 3250 3568 αὐτοῦ
3288 3520 3388 3569 καὶ
3423 3518 3460 3586 ἡ
3503 3518 3678 3570 οἰκου-

2103 3602 2240 3673 μένη
2291 3605 2582 3673 παρασυρῇ
2611 3619 2626 3636 ·
2668 3606 2762 3658 καὶ
2815 3606 2896 3668 είς
2948 3605 3145 3659 ταυτὸν
3194 3608 3494 3677 γενόμενοι
3530 3611 3682 3671 δσευς

2101 3693 2195 3746 καὶ
2219 3693 2475 3762 γενέσθαι
2519 3697 2777 3766 ἐγχωρεῖ,
2814 3698 2965 3769 παρὰ
2994 3697 3105 3752 τῶν
3142 3698 3322 3754 ἄλλων
3353 3702 3682 3756 ἐπισκόπων

2102 3785 2429 3855 ὑπογραφάς
2481 3786 2868 3858 άπαιτήσατεο
2905 3789 2996 3843 ἵνα
3047 3791 3145 3844 καὶ
3191 3788 3405 3847 Ἀέτιον
3477 3794 3684 3866 ἐκϐάλῃ

2100 3879 2197 3945 τῆς
2237 3878 2560 3948 Ἀντιοχέων
2607 3879 2906 3951 ἐκκλησίας
2963 3881 3231 3950 scaeam,
3272 3885 3372 3938 καὶ
3423 3889 3564 3949 τοὺς
3593 3888 3684 3939 αὐ-

2099 3970 2191 4024 τοῦ
2241 3969 2490 4040 μαθητάς
2536 3971 2718 4035 ὄντας,
2753 3975 3237 4046 προχειρισθέντας
3278 3978 3366 4040 είς
3420 3978 3684 4042 κανόνας,

2100 4064 2305 4135 ἐκκόψῃ
2326 4080 2341 4095 ο
2378 4065 2410 4136 ἢ
2459 4064 2553 4118 ἐὰν
2587 4064 2849 4138 ἐπιμείνῃ
2880 4065 3257 4136 μετάἈετίου
3291 4071 3570 4139 ἀνόμοιον
3598 4087 3691 4121 κα-

2099 4157 2231 4223 λῶν,
2264 4159 2358 4212 καὶ
2388 4159 2517 4221 τοὺς
2553 4156 2714 4211 τοῦτο
2744 4157 3061 4230 τολμῶντας
3101 4161 3281 4228 λέγειν
3326 4163 3444 4215 τῶν
3492 4163 3572 4232 μὴ
3615 4166 3692 4215 λε·

2100 4251 2307 4317 γόντων
2349 4249 2654 4330 προτιμῶν,
2689 4251 2900 4321 οῖχεται
2953 4253 3103 4322 ὑμῖν,
3133 4251 3211 4315 ὡς
3263 4251 3498 4322 φθάσας
3555 4253 3690 4315 τέως

2100 4340 2258 4412 ἐφην,
2290 4341 2325 4410 ἡ
2376 4339 2716 4410 Ἀντιοχέων.
2753 4359 2774 4394 ι
2815 4341 3052 4398 Τοιαῦτα
3083 4347 3184 4414 μιν
3211 4345 3241 4398 ὁ
3280 4345 3582 4416 Γεώργιος
3602 4361 3618 4376 ·
3647 4348 3695 4399 oi

2099 4431 2145 4485 δ’
2195 4434 2251 4484 ἐν
2300 4431 2570 4504 Ἀγκύρῃ,
2603 4435 2729 4487 ἐπεὶ
2779 4433 3027 4504 ἔκδηλον,
3061 4437 3118 4503 ἐξ
3167 4433 3244 4490 ὦν
3274 4437 3336 4492 ἐν
3372 4438 3698 4508 Ἀντιοχείᾳ

2030 4520 2404 4606 υέψηφίζετο
2470 4523 2698 4588 ἐαυτὸν,
2756 4523 2930 4578 ἐποίει
2987 4527 3330 4596 νεωτερίζων
3399 4529 3698 4594 Εὑδόξιος,

2097 4614 2459 4683 γνωρίζουσιν
2508 4616 2668 4679 εὐθὺς
2729 4617 2963 4688 βασιλεῖ,
3016 4620 3112 4672 καὶ
3173 4620 3395 4674 ἐδέοντο
3473 4622 3702 4693 βοηθεῖν

2097 4706 2518 4778 προνοούμενον,
2545 4707 2622 4771 ὡς
2671 4709 2736 4762 ἂν
2771 4709 2840 4762 τά
2870 4726 2930 4762 τε
2958 4713 3017 4766 ἐν
3049 4711 3292 4784 Σαρδικῇ
3323 4714 3434 4766 καὶ
3481 4715 3701 4785 Σιρμίῳ

2098 4803 2193 4855 καὶ
2227 4801 2344 4865 ταῖς
2387 4803 2600 4868 λοιπαῖς
2633 4803 2990 4874 ἐψηφισμένα
3043 4805 3287 4865 συνόδοις
3323 4811 3530 4880 κρατῇ
3561 4823 3577 4836 °
3621 4805 3702 4869 αἷς

2094 4893 2301 4948 ἅπασιν
2343 4894 2516 4948 ἐδόκει
2565 4897 2751 4965 ὅμοιος
2782 4893 2924 4951 εἶναι
2973 4898 3094 4950 κατ’
3129 4897 3322 4952 οὐσίαν
3373 4901 3408 4952 δ
3445 4900 3589 4963 Υἱὸς
3630 4900 3700 4968 τῷ

2095 4986 2292 5057 Πατρί.
2335 4989 2443 5041 Καὶ
2472 4989 2738 5059 πρέσϐεις
2786 4991 3105 5046 ἐστέλλοντο
3141 4994 3386 5064 βασιλεῖ,
3427 4996 3613 5061 αὐτὸς
3644 5013 3674 5048 τ

2093 5081 2121 5132 ὀ
2152 5079 2428 5150 Ἀγκύρας
2462 5079 2766 5148 Βασίλειος,
2788 5086 2816 5137 ὁ
2848 5085 3183 5151 Σεϐαστείας
3215 5088 3578 5155 Εύστάθιος,
3611 5092 3702 5142 καὶ

2105 5171 2380 5237 Ἐλεύσιος
2407 5176 2436 5227 ὀ
2470 5173 2736 5242 Κυζίκου,
2764 5178 2860 5231 καί
2891 5195 2974 5240 τις
3010 5179 3392 5249 πρεσϐύτερος
3431 5187 3507 5234 ἐκ
3536 5183 3700 5235 θαλα-

2095 5282 2170 5334 μη
2182 5265 2358 5319 πόλων
2390 5266 2688 5337 βασιλικῶν
2712 5270 2985 5335 Λεόντιος.
3011 5273 3099 5336 Ὠς
3125 5273 3181 5328 δὲ
3206 5269 3369 5346 ἧκον,
3386 5274 3704 5345 Ἀσφάλιον

2093 5355 2468 5426 πρεσϐύτερον
2525 5361 2964 5431 κατελάμϐανον,
2993 5365 3054 5417 ἐν
3107 5367 3222 5428 τοῖς
3273 5368 3544 5436 μάλιστα
3597 5371 3704 5423 τῶν

2111 5441 2311 5502 Ἀετίου
2347 5452 2700 5506 σπουδαστῶν
2731 5454 2881 5518 δντα,
2913 5457 3010 5510 καὶ
3043 5458 3165 5510 ὅσον
3193 5455 3261 5530 ἦν
3296 5462 3454 5529 πρὸς
3499 5463 3702 5534 βουλῆς

2091 5541 2442 5609 διανύσαντα,
2477 5545 2737 5614 μέλλοντά
2775 5564 2828 5600 τε
2869 5549 2968 5619 ήδη
3005 5552 3103 5603 σὺν
3137 5551 3469 5621 βασιλικοῖς
3524 5558 3706 5628 γράμ-

2095 5654 2261 5706 μασιν
2293 5640 2532 5695 ἀπιέναι.
2579 5640 2666 5704 Ὠς
2696 5643 2740 5696 δ’
2781 5643 2924 5710 ἔγνω
2948 5645 3204 5715 βασιλεὺς
3232 5647 3299 5701 τά
3329 5648 3416 5701 δι’
3456 5646 3544 5705 ὧν
3571 5653 3622 5706 ot
3648 5652 3704 5714 εξ

2105 5729 2382 5800 Ἀγκύρας
2415 5733 2674 5801 πρέσϐεις
2714 5730 2900 5805 ἦλθον,
2941 5739 3041 5808 τὴν
3082 5739 3182 5808 μὲν
3217 5742 3545 5815 ἐπιστολὴν
3588 5747 3709 5798 ἀνευ

2092 5819 2388 5889 λάμϐανεν,
2425 5823 2490 5892 ῆν
2523 5825 2815 5894 ’Λσφάλιος
2844 5827 2982 5898 ἔχων
3011 5830 3229 5884 ἀπιέναι
3266 5832 3484 5902 ἔμελλε
3519 5853 3535 5866 ·
3570 5837 3704 5906 γριὶ⁴
