3814 6532
163 435 247 496 369

942 435 960 446 ⁹
1056 429 1662 491 ΕΟΟΕΕδίΑΞΤΙΩᾹζ
1701 429 2092 495 ΗΙΒΤΟΒΙΑΞ
2125 438 2272 499 LIB.
2318 440 2418 500 IX.

3241 446 3368 509 370A

161 566 256 618 φων
275 546 326 599 δὲ
352 541 469 606 τοὺς
496 541 630 612 ἀμφὶ
659 542 910 607 Εὑδόξιον
949 545 1277 610 κατεδίκαζε
1304 561 1318 577 ο
1364 545 1459 599 καὶ
1492 543 1676 614 γράμ-

1782 543 1962 614 ipsum
2022 549 2284 606 Basilium
2334 553 2712 623 Ancyranum,
2778 557 3124 612 Eustathium
3179 557 3354 612 Seba-

161 655 284 711 ματα
317 637 556 704 πέμπων.
592 634 749 702 ἔλεγε
795 636 979 692 τοιάδε
1005 653 1019 668 ο
1069 655 1087 690 ε
1125 637 1379 702 Εύδόξιος
1429 637 1487 690 οὐ
1544 638 1678 708 παρ’

157 731 291 800 ήμῶν
315 722 408 799 ἧκε
427 741 440 756 ⁸
475 727 660 796 μηδείς
682 727 857 790 οὕτως
888 729 1109 784 οἰέσθω.
1146 729 1344 800 Πόρῤω
1372 727 1468 782 τοῦ
1505 743 1678 799 προσ-

157 821 365 876 τίθεσθαι
409 820 518 881 τοϊς
564 819 832 882 τοιούτοις
891 820 1082 890 ὲσμέν.
1136 820 1199 872 El
1257 821 1316 874 δὲ
1371 819 1512 891 μετὰ
1568 817 1678 872 τῶν

155 915 302 968 ἄλλων
326 912 408 964 καὶ
435 909 586 962 τοῦτο
620 910 956 979 σοφίζονται,
993 912 1208 983 εὔδηλοι
1239 911 1508 983 δήπουθέν
1535 913 1676 966 εἰσιν

154 1011 217 1067 εἰς
237 1006 290 1055 τὸ
323 1005 571 1073 Κρεῐττον
617 1003 1043 1074 κομψευόμενοι.
1077 1006 1252 1060 Τίνων
1286 1005 1393 1077 γάρ
1427 1006 1493 1060 ἂν
1526 1007 1678 1059 ἑκόν-

150 1114 224 1158 τες
264 1097 568 1162 ἀπόσχοιντο
627 1097 674 1147 οί
712 1095 1052 1149 δυναστειῶν
1103 1097 1290 1150 ἕνεκεν
1343 1098 1443 1161 τὰς
1489 1096 1672 1160 πόλεις

149 1189 374 1250 ὲπιότες,
399 1186 489 1241 ἀπ’
509 1186 674 1255 ἄλλης
714 1189 793 1250 είς
823 1187 990 1257 ἄλλην
1025 1187 1673 1259 μεταπηδῶντες,ὦσπερ

147 1280 267 1341 τινὲς
295 1277 608 1347 μετανάσται
643 1279 821 1332 πάντα
861 1280 1032 1349 μυχὸν
1078 1279 1675 1350 πολυπραγμονοῦντες

147 1369 377 1441 ἐπιθυμία
405 1367 495 1422 τοῦ
528 1368 802 1436 πλείονοςς
833 1367 982 1424 Εἶναι
1007 1369 1064 1424 δὲ
1111 1369 1268 1437 λόγος
1303 1370 1432 1439 περὶ
1474 1368 1674 1432 αὐτοὺς

147 1460 355 1531 ἀγύρτας
397 1459 545 1522 τινὰς
594 1460 688 1513 καὶ
749 1458 1152 1528 σοφιστὰς,οὓς
1207 1458 1329 1512 οὐδὲ
1377 1457 1675 1529 ὀνομάζειν

146 1551 320 1620 θέμις·
370 1550 729 1621 ἐργαστήριον
788 1552 1028 1620 πονηρὸν
1097 1551 1160 1605 τὸ
1218 1549 1670 1604 δυσσεδέστατον.

147 1643 337 1704 Πάντως
363 1659 461 1696 που
484 1645 578 1697 καὶ
610 1644 769 1697 αὐτοὶ
804 1642 1017 1696 συνίετε
1051 1642 1112 1694 τὸ
1147 1640 1422 1710 σύστημα.
1449 1641 1673 1702 Πάντως

142 1739 194 1787 ἐκ
215 1734 310 1788 τῶν
337 1735 505 1802 λόγων
543 1735 638 1788 τὸν
668 1733 839 1789 αῐτιον
891 1734 1212 1804 γνωρίζετε,
1244 1732 1340 1786 καὶ
1371 1733 1500 1795 τοὺς
1543 1731 1674 1802 περὶ

141 1829 320 1900 αίρισιν
361 1825 562 1895 ταύτην
619 1828 1026 1897 ἐσχολακόταςο
1058 1822 1138 1889 οἷς
1197 1826 1256 1880 ἓν
1307 1825 1470 1896 μόνον
1511 1824 1672 1879 τοῦτο

140 1920 272 1988 ἔργον
301 1919 431 1982 teri,
460 1919 523 1972 τὸ
565 1919 898 1988 διαφθείρειν
936 1918 1007 1972 τά
1035 1915 1244 1990 πλήθη.
1280 1917 1422 1972 Ἀλλ’
1448 1919 1497 1972 oi
1532 1935 1669 1986 κομ-

135 2012 211 2078 ψοὶ
237 2012 319 2064 καὶ
363 2011 495 2079 πρὸς
527 2012 711 2066 πάντα
741 2011 993 2082 εῦτολμοι
1040 2011 1142 2084 ήδη
1171 2029 1224 2066 τι
1257 2011 1505 2065 τοιοῦτον
1532 2011 1667 2082 πρός

136 2122 259 2165 τινας
301 2103 713 2159 ἐνεανιεύσαντο
740 2121 754 2134 ³
785 2107 869 2157 ὅτι
902 2105 1190 2175 χαίροιμεν
1237 2106 1303 2176 τῇ
1336 2102 1667 2174 χειροτονίᾳ,

135 2197 189 2267 ήν
220 2196 426 2258 ἑαυτοὺς
454 2196 895 2266 ἐχειροτόνησαν.
924 2195 1108 2248 Ταῦτα
1140 2193 1272 2266 παρ’
1312 2194 1539 2249 δκείνων
1568 2195 1670 2263 μιν

136 2289 290 2358 ᾅδεται
333 2289 438 2340 τῶν
487 2288 561 2342 τὰ
605 2287 834 2342 τοιαῦτα
879 2287 1128 2358 θρυλὶεῖν
1150 2287 1394 2344 εἰδότων.
1432 2287 1590 2340 Ἐστι
1619 2285 1666 2338 δ’

135 2381 223 2432 οὐδ’
242 2381 365 2441 ὅλως
397 2383 413 2403 ⁶
448 2380 650 2434 πόττεν
683 2379 790 2433 οὐδ’
818 2380 1002 2449 ἐγγύς.
1037 2379 1148 2434 Καί
1179 2396 1271 2450 μοι
1302 2379 1412 2434 τῶν
1437 2377 1669 2448 πρῶτων
1696 2405 1704 2409 -

134 2473 480 2543 ἀναμνήσθητε
507 2471 690 2541 λόγων
723 2473 812 2526 ὅτε
841 2473 971 2544 περὶ
1010 2472 1248 2536 πίστεως
1278 2471 1627 2542 ισκοποῦμεν
1651 2486 1667 2504 ·

133 2566 179 2615 ἐν
212 2557 280 2625 οἷς
322 2567 349 2618 ὸ
395 2564 592 2635 Σωτὴρ
645 2564 802 2635 ήμῶν
853 2565 1220 2618 ἀπεδείκνυτο
1253 2564 1381 2628 Υίδς
1409 2563 1503 2618 τοῦ
1535 2563 1670 2618 Θεοῦ

131 2658 208 2709 καὶ
235 2656 347 2710 κατ’
387 2656 585 2710 οὐσίαν
612 2657 801 2726 ὅμοιος
831 2657 910 2727 τῷ
943 2658 1142 2727 Πατρί.
1177 2656 1324 2711 Ἀλλ’
1356 2658 1406 2711 ei
1432 2657 1671 2726 γενναῖοι

129 2746 342 2813 καὶπερὶ
369 2744 462 2798 τοῦ
493 2745 810 2814 κρείττονος
842 2745 1098 2813 λέγοντες
1129 2745 1370 2816 εὐχερῶς
1399 2746 1468 2799 τὰ
1501 2762 1672 2815 παρι-

129 2839 339 2907 στάμενα
381 2837 440 2900 ἐς
497 2836 758 2890 τοσοῦτον
810 2838 1086 2908 προῆλθον
1131 2839 1346 2903 άθεῖας,
1385 2837 1528 2893 ὥστε
1576 2839 1672 2893 καὶ⁸

127 2928 240 2981 ἄλλα
271 2927 382 2981 τινα
414 2928 574 2998 παρὰ
621 2927 690 2980 τὰ
723 2927 853 2980 ὄντα
877 2929 1146 2998 νομίζειν,
1179 2930 1276 2984 καὶ
1307 2930 1435 2993 τοὺς
1472 2929 1671 2992 ἄλλους
1717 2925 1722 2928 ’

125 3020 387 3090 πειρᾶσθαι
414 3020 722 3074 διδάσκειν.
753 3013 849 3084 Οἷς
883 3021 966 3074 ὃτι
1005 3022 1106 3090 μὲν
1135 3022 1217 3085 είς
1268 3022 1516 3092 κεφαλήν
1540 3021 1675 3092 τρέο.

124 3111 277 3178 ψεται,
294 3115 428 3167 πάνυ
458 3114 952 3184 πεπιστεύκαμεν·
984 3116 1214 3186 ἀρκέσει
1240 3114 1296 3168 δι
1322 3115 1458 3179 τέως
1485 3116 1667 3184 εἴργε-

126 3205 230 3258 σθαι
259 3206 485 3261 συνόδων
526 3207 728 3270 αὐτοὺς
759 3209 851 3258 καὶ
889 3207 1153 3275 συλλόγου
1179 3206 1384 3262 κοινοῦ.
1417 3208 1526 3262 Καὶ
1554 3207 1664 3280 γὰρ
1690 3217 1736 3282 c

125 3299 179 3368 δὴ
225 3300 388 3353 εἰπεῖν
443 3299 790 3371 προαχθείην
835 3301 894 3352 ὲν
929 3301 1009 3370 τῷ
1058 3303 1289 3371 παρόντι
1335 3301 1437 3355 ὅσα
1468 3301 1668 3374 μικρὸν

125 3390 319 3462 ὕστερον
341 3393 542 3446 ὲκεῐνοι
571 3393 872 3458 πείσονται,
902 3392 969 3447 ἂν
1003 3393 1078 3463 μή
1108 3393 1206 3464 τῆς
1230 3393 1436 3462 λύσσης
1463 3395 1669 3466 ταύτης

123 3485 433 3554 ἀπόσχοιντο.
466 3486 535 3538 οι
579 3485 638 3538 δὲ
673 3486 792 3553 (καὶ
834 3485 886 3538 τί
915 3484 1025 3555 γάρ
1065 3486 1165 3538 οὐκ
1198 3487 1554 3554 ἔπεισάγουσι
1591 3479 1668 3556 τῷ

125 3577 310 3647 tamin)
340 3579 464 3640 τοὺς
515 3577 932 3646 πονηροτάτους
957 3575 1153 3647 ῶσπερ
1178 3577 1238 3643 ἐξ
1267 3579 1490 3647 ἐντολῆς
1520 3578 1671 3646 ἀγεί-

125 3685 302 3737 ροντες,
329 3669 565 3733 τούτους
614 3669 678 3739 δὴ
725 3669 853 3732 τοὺς
895 3667 1006 3720 τῶν
1053 3668 1324 3738 αίρισεων
1368 3669 1668 3740 ἀρχηγοὺς,

121 3763 185 3824 είς
226 3762 310 3816 τὸν
357 3761 568 3834 κλῆρον
625 3759 990 3829 καταλέγουσι
1043 3760 1234 3830 σχῆμα
1279 3763 1478 3830 σεμνὸν
1524 3761 1670 3816 οὕτω

120 3852 536 3923 κιδδηλεύοντας,
567 3851 757 3921 ὥσπερ
801 3853 924 3918 ιξδν
951 3852 1152 3915 αὐτοὺς
1178 3851 1334 3920 άγειν
1361 3853 1454 3906 καὶ
1479 3851 1671 3922 φέρειν

121 3943 358 4008 ἅπαντας.
391 3945 506 4001 Καί
540 3962 625 3999 τοι
654 3944 740 4007 τίς
775 3944 842 3997 ἂν
872 3947 956 4009 είς
988 3944 1204 4010 ζῶντας
1231 3944 1427 4007 τελῶν,
1461 3944 1671 4000 τούτων

119 4037 396 4106 ἀνάσχοιτο,
429 4037 481 4091 οἳ
517 4038 643 4101 -τάς
695 4038 796 4108 μὶν
841 4036 1028 4100 πόλεις
1057 4037 1156 4091 τοῦ
1190 4035 1474 4092 δυσσεδεῐν
1506 4039 1673 4106 ιμπι-

118 4128 290 4192 πλῶσι,
312 4130 412 4201 τὴν
437 4130 494 4184 δδ
520 4128 826 4200 ὑπερορίαν
852 4129 1162 4200 μιάσμασιν
1179 4129 1628 4198 ἀποκρύπτουσιν
1651 4146 1667 4196 ;

117 4220 164 4271 ἓν
204 4221 354 4274 τοῦτο
429 4222 601 4292 μόνον
652 4220 814 4292 ἔργον
855 4221 1203 4290 ἀγαπῶντες,
1242 4219 1307 4274 τὸ
1337 4223 1452 4286 τοῖς
1485 4220 1671 4285 καλοῖς

116 4311 504 4382 ἀπεχθάνεσθαι
575 4311 884 4382 διηνεκῶς;
941 4312 1190 4384 Ἐρρίτω
1244 4311 1555 4382 πανοῦργόν
1619 4327 1670 4364 τι

120 4404 347 4474 σύστημα
403 4404 715 4474 θειοτέροις
764 4403 962 4468 θώκοις
1019 4403 1324 4474 ινιδρύσαι.
1379 4403 1499 4458 Νῦν
1552 4402 1670 4475 ῶρα

1783 639 2069 705 stiensem,
2128 644 2406 700 Eleusium
2457 645 2815 716 nyicenum,
2855 659 2908 704 et
2954 650 3245 727 Leontium
3283 665 3353 705 ex

1783 730 2167 800 imperialibus
2201 736 2560 793 cubiculariis
2595 740 2998 811 presbyterum.
3045 741 3110 796 Hi
3148 743 3241 796 ubi
3283 745 3361 797 ad

1775 821 2161 882 Constantium
2204 843 2430 895 venere,
2478 834 2863 903 presbyterum
2920 835 3210 903 quemdam
3238 837 3359 890 An-

1778 912 2089 970 tiochcnum
2107 918 2449 988 Aspbalium,
2468 923 2585 992 qui,
2604 923 2746 979 Aetii
2776 925 3058 981 studiosus
3089 925 3360 993 maxime,

1778 1018 2144 1078 quascunque
2174 1011 2444 1068 voluisset
2484 1029 2573 1069 res
2608 1030 2674 1070 ex
2703 1017 2977 1071 sententia
3009 1017 3346 1080 confecerat,

1773 1109 2164 1165 compererunt
2187 1103 2410 1172 jamjam
2435 1119 2559 1160 cum
2588 1107 2787 1161 litteris
2823 1107 3200 1178 imperatoriis
3224 1108 3346 1163 abi-

1777 1195 1966 1241 turum
2009 1203 2153 1244 esse.
2196 1190 2503 1262 Imperator
2537 1205 2720 1251 autem
2749 1199 3169 1268 Ancyranorum
3217 1215 3360 1254 ora»

1775 1285 1956 1332 torum
1989 1282 2278 1349 postulatis
2309 1286 2565 1355 cognitis,
2592 1288 2882 1357 epistolam
2929 1306 3092 1359 quam
3126 1290 3346 1358 Aspim-

1773 1367 1880 1422 lius
1913 1369 2262 1439 profecturus
2303 1389 2492 1430 secum
2524 1378 2736 1434 laturus
2768 1381 2967 1447 literal,
3004 1381 3344 1445 retractavit,

1774 1458 1992 1531 alioque
2065 1465 2272 1534 scripto
2339 1467 2650 1526 Eudoxium
2711 1474 3122 1530 condemnavit.
3175 1475 3350 1548 Cujus

1771 1552 1964 1622 scripti
1999 1554 2112 1611 haec
2136 1555 2294 1614 fuere
2325 1560 2500 1614 verba
2531 1579 2546 1615 :
2585 1580 2605 1615 ι
2642 1563 2830 1619 Victor
2853 1565 3208 1622 Constantius
3240 1567 3350 1623 Sla-

1772 1644 1956 1698 ximus
2005 1648 2326 1718 Augustus,
2397 1661 2603 1709 sancta:
2659 1655 2918 1712 Ecclesia:
2965 1657 3342 1716 Antiochense.

1773 1734 2060 1793 Eudoxius
2107 1754 2216 1794 non
2267 1757 2297 1796 a
2345 1744 2508 1800 nobis
2561 1745 2627 1800 ad
2676 1763 2772 1801 vos
2814 1751 3017 1805 missus
3048 1751 3242 1806 venit:
3275 1768 3345 1807 ne

1772 1829 1898 1898 quis
1928 1829 2032 1885 hoc
2062 1839 2239 1900 putet.
2279 1831 2462 1904 Longe
2494 1833 2603 1889 alia
2630 1837 2790 1892 nobis
2820 1854 2976 1893 mens
3019 1852 3126 1904 est,
3175 1857 3341 1912 quam

1776 1929 1835 1974 ut
1878 1918 2152 1990 ejusmodi
2197 1921 2514 1979 hominibus
2561 1928 2862 1984 faveamus.
2922 1931 3081 1998 Quod
3127 1931 3172 1986 si
3217 1948 3343 1988 cum

1780 2010 1910 2072 alia,
1949 2020 2064 2066 tum
2103 2012 2206 2068 hoc
2235 2013 2315 2068 sic
2354 2023 2537 2072 astute
2579 2020 2942 2084 mentiuntur,
2993 2022 3128 2076 satis
3173 2027 3348 2078 mani-

1781 2101 1980 2156 festum
2023 2111 2108 2158 est
2156 2119 2252 2160 eos
2300 2105 2356 2160 in
2405 2105 2578 2163 Deum
2623 2123 2946 2182 arrogantes
2995 2123 3050 2168 ct
3093 2125 3350 2171 versutos

1777 2209 1923 2250 esse.
1973 2195 2138 2267 768
2187 2197 2234 2252 Δ
2279 2199 2480 2269 quibus
2526 2201 2678 2257 enim
2715 2204 2882 2260 rebus
2911 2205 2990 2260 illi
3019 2221 3076 2262 se
3106 2207 3348 2264 libenter

1780 2285 2096 2344 abstineant
2140 2288 2235 2359 qui
2281 2292 2587 2361 potentiam
2625 2305 2989 2365 aucupantes,
3045 2297 3212 2354 urbes
3257 2300 3346 2355 iu-

1776 2379 1975 2448 gressi,
2031 2393 2095 2438 ex
2146 2397 2258 2438 una
2307 2383 2361 2439 in
2401 2385 2568 2441 aliam
2607 2387 2932 2445 transiliunt
2965 2407 2979 2445 :
3012 2399 3071 2446 et
3115 2392 3352 2461 perinde

1777 2480 1945 2542 atque
1983 2473 2282 2546 transfugae
2310 2477 2535 2546 quidam
2563 2479 2744 2534 solum
2773 2480 3010 2537 subinde
3043 2493 3347 2551 mutantes,

1773 2565 2008 2632 angulos
2056 2581 2251 2622 omnes
2298 2583 2487 2622 rerum
2529 2571 2861 2641 ampliorum
2905 2574 3211 2644 cupiditate
3251 2592 3350 2631 cu.-

1776 2656 1921 2712 riose
1957 2667 2404 2728 perscrutantur,
2438 2661 2806 2720 circulatores
2843 2665 2978 2720 meri
3019 2675 3076 2721 et
3125 2665 3348 2722 frauda-

1775 2757 1946 2812 tores.
1974 2765 2115 2819 quos
2159 2765 2228 2805 ne
2267 2752 2558 2808 nominare
2584 2755 2806 2824 quidem
2838 2756 2924 2812 fas
2954 2755 3067 2811 sit?
3103 2755 3348 2813 0dicina'

1774 2856 1957 2911 prava:
1983 2853 2039 2898 et
2072 2843 2255 2912 impia:
2284 2860 2512 2914 prorsus
2560 2846 2858 2903 factionem
2905 2864 3006 2905 cos
3049 2865 3192 2915 esse,
3247 2867 3346 2907 vos

1771 2949 1992 3004 quoque
2026 2935 2355 3007 intelligitis.
2393 2937 2462 2992 Et
2503 2938 2639 2994 satis
2667 2955 2735 2994 ex
2774 2941 2956 2997 verbis
3000 2943 3118 2998 suis
3154 2955 3345 2998 aucto-

1776 3041 1892 3080 rem
1924 3027 2102 3097 ipsum
2133 3070 2148 3092 ,
2198 3039 2612 3102 sectatoresque
2663 3033 2886 3088 haeresis
2933 3034 3101 3106 huius
3141 3051 3346 3106 cogno-

1780 3119 1953 3174 scitis.
1971 3119 2212 3185 Quorum
2240 3121 2344 3176 hoc
2380 3138 2548 3177 unum
2573 3132 2660 3178 est
2687 3125 2956 3188 studium,
2984 3137 3046 3182 ut
3083 3129 3348 3198 populum

1773 3207 2096 3280 depravcnt.
2134 3210 2203 3266 At
2225 3212 2439 3269 versuti
2471 3213 2584 3278 isti,
2613 3225 2670 3270 et
2699 3214 2767 3269 ad
2803 3231 3022 3272 omnem
3051 3218 3341 3274 audaciam

1771 3301 2033 3370 prompti,
2062 3311 2271 3358 temere
2298 3304 2410 3376 jam
2442 3305 2591 3374 apud
2639 3307 2907 3376 quosdam
2957 3308 3181 3380 vulgare
3231 3326 3342 3365 non

1771 3391 2118 3460 dubitarunt,
2170 3409 2274 3452 nos
2320 3396 2596 3453 electione
2632 3413 2798 3468 quam
2829 3398 2934 3454 sibi
2972 3398 3108 3469 ipsis
3139 3401 3345 3457 subor—

1771 3494 1994 3552 narunt,
2025 3485 2221 3542 laetari.
2250 3487 2382 3554 Quae
2415 3488 2640 3558 quidem
2704 3489 2779 3544 ita
2814 3491 2882 3546 ab
2927 3491 3009 3546 eis
3053 3491 3344 3560 dicuntur,

1770 3577 1865 3646 qui
1895 3577 2021 3633 talia
2057 3577 2113 3632 in
2146 3578 2344 3650 vulgus
2375 3579 2576 3636 eﬂ‘erre
2623 3593 3059 3647 consueverunt,
3113 3599 3348 3654 prorsus

1773 3683 1906 3723 vero
1942 3667 2088 3725 facta
2120 3685 2231 3725 non
2262 3681 2413 3726 sunt.
2463 3675 2642 3743 Atque
2672 3673 2775 3743 ipsi
2815 3674 2951 3730 mibi
2997 3676 3053 3732 in
3097 3677 3342 3732 animum

1772 3769 2030 3814 revocate
2081 3759 2392 3816 doctrinam
2434 3761 2580 3817 illam
2624 3763 2881 3832 primam,
2923 3780 3048 3822 cum
3103 3765 3169 3821 de
3216 3767 3341 3822 ﬁdei

1771 3850 2046 3905 sententia
2101 3850 2478 3908 deliberantes
2539 3853 2950 3924 inquisivimus,
2991 3858 3046 3913 in
3076 3874 3181 3928 qua
3217 3857 3342 3914 Sal-

1771 3945 1932 3992 vator
1970 3946 2162 3995 noster
2195 3948 2252 3998 et
2284 3939 2459 3997 Filius
2493 3942 2590 3998 Dei
2624 3944 2928 4002 substantia
2966 3948 3112 4006 Patri
3137 3949 3337 4006 similis

1773 4029 2086 4086 declaratus
2143 4039 2248 4088 cst.
2309 4033 2509 4090 Verum
2567 4035 2698 4091 boni
2751 4037 2840 4093 isti
2869 4039 2996 4102 viri,
3034 4042 3129 4110 qui
3178 4040 3341 4098 facile

1773 4135 2115 4190 quaecunque
2145 4122 2229 4177 eis
2269 4123 2322 4178 in
2351 4131 2592 4180 mentem
2624 4142 2848 4193 venere,
2882 4129 2951 4185 de
2983 4131 3093 4186 Deo
3121 4132 3335 4195 dicunt.

1773 4227 1839 4268 eo
1880 4227 2201 4283 processere
2237 4215 2562 4286 impietatis,
2609 4227 2670 4278 ut
2716 4219 2885 4276 etiam
2943 4221 3052 4278 alia
3085 4223 3335 4292 quaedam

1773 4321 1939 4375 quam
1984 4321 2076 4364 res
2134 4306 2278 4364 ferat
2310 4308 2674 4377 arbitrentur,
2732 4312 2981 4382 aliosque
3021 4329 3085 4369 ea
3139 4316 3344 4372 docere

1775 4398 2136 4453 contendant.
2167 4398 2348 4470 Atque
2379 4414 2442 4454 ea
2476 4400 2532 4455 in
2559 4402 2739 4472 capita
2775 4403 3020 4472 ipsorum
3060 4407 3340 4462 redunda-

115 4493 223 4558 τοὺς
261 4495 356 4565 τῆς
401 4495 675 4563 ἀληθείας
731 4495 1036 4565 τροφίμους
1080 4495 1164 4559 είς
1210 4495 1325 4563 φῶς
1363 4493 1544 4564 ήκειν,
1579 4495 1672 4548 καὶ

1778 4496 1902 4544 tura
1949 4503 2072 4544 esse
2118 4490 2276 4546 valde
2315 4505 2637 4559 persuasum
2699 4492 2988 4550 habemus.
3037 4497 3146 4552 Sed
3196 4514 3342 4553 nunc

120 4588 297 4654 μέσους
324 4590 440 4642 ὅσοι
473 4589 590 4641 τῶν
613 4586 761 4656 ήθῶν
786 4587 1138 4656 ικφυγόντες,
1174 4587 1326 4657 φόϐῳ
1351 4586 1668 4656 κατείχοντο

118 4674 284 4728 πάλαι.
313 4673 397 4728 Τὰ
447 4676 565 4746 γὰρ
616 4675 682 4741 δὴ
737 4677 877 4744 σοφά
929 4675 1137 4732 τούτων
1178 4674 1540 4746 ιξήλεγκται·
1574 4673 1670 4729 καὶ

117 4765 344 4835 μηχανῆς
372 4765 558 4827 οὐδεὶς
602 4764 756 4818 ἔσται
784 4764 987 4835 τρόπος
1016 4766 1195 4832 κενὸς,
1224 4765 1284 4828 δς
1313 4764 1666 4836 δξαιρήσεται

115 4855 315 4919 τούτους
361 4857 460 4910 τοῦ
507 4855 816 4910 δυσσεδεῐν.
841 4857 1084 4928 Ἀνδρῶν
1121 4858 1343 4932 ἀγαθῶν
1389 4859 1550 4928 ἔργον
1595 4859 1664 4929 τῇ

114 4941 276 4997 πίστει
320 4945 433 4998 τῶν
484 4943 683 5015 πρώην
727 4946 932 5018 συζῇν,
973 4947 1072 5001 καὶ
1121 4948 1328 5018 ταύτην
1380 4949 1664 5016 επαύξειν,

111 5032 176 5096 ὡς
222 5035 479 5106 εἴρηται·
543 5037 860 5108 περαιτέρω
916 5037 974 5091 δὲ
1024 5038 1101 5108 μὴ
1158 5038 1667 5110 πολυπραγμονεῖν.

111 5125 505 5198 Παραινὲσαιμι
531 5127 578 5181 δ’
616 5127 704 5192 ἂν,
729 5129 826 5182 καὶ
849 5129 974 5192 τοὺς
1007 5129 1073 5182 ὲκ
1096 5129 1376 5200 βαράθρου
1402 5129 1500 5199 ὀψέ
1535 5142 1691 5184 ποτε“

115 5219 506 5287 μεταθεμένους
560 5217 754 5274 θέσθαι
814 5219 988 5294 ταύτῃ
1045 5223 1107 5291 τῇ
1157 5221 1363 5292 ψήφῳ·
1417 5224 1484 5292 ἢν
1513 5226 1564 5277 οἱ
1598 5225 1670 5280 τά

109 5309 215 5362 θεῖα
255 5313 412 5379 σοφοὶ
453 5311 553 5364 ιπι
580 5311 678 5364 τοῦ
711 5312 1021 5382 κρείττονος
1051 5313 1412 5384 ἐψηφίσαντο,
1437 5316 1669 5379 δεόντως

111 5399 404 5456 intumos.
468 5399 573 5456 Ἐκ
626 5402 888 5457 τοιούτων
943 5403 1163 5473 τρόπων
1217 5406 1550 5476 παραϐραχξι
1607 5407 1670 5459 ιν

113 5490 322 5562 κινδύνῳ
354 5486 428 5560 ἦν
459 5490 566 5561 τὴν
608 5491 718 5546 τῶν
758 5493 1032 5563 ἀνομοίων
1082 5494 1360 5564 κρατῆσαι
1401 5494 1583 5562 δόξαν,
1621 5495 1671 5548 εί

115 5580 179 5651 μή
211 5582 465 5650 βασιλεὺς
499 5583 614 5638 τῶν
659 5584 979 5640 επισιιόπων
1008 5585 1216 5658 σπουδῇ
1245 5585 1546 5640 καθίστατο
1574 5588 1674 5657 ἐμ-

113 5673 290 5731 τοδών.

116 5772 385 5841 habentes,
417 5782 484 5828 ut
519 5774 778 5830 omnibus
811 5775 971 5830 bonis
1010 5782 1276 5845 perpetuo
1305 5775 1416 5831 sint
1480 5776 1704 5834 infesti?

117 5863 315 5923 thronis
374 5868 623 5924 desinat.
688 5867 846 5926 Nunc
895 5875 1115 5938 tempus
1159 5876 1265 5936 est,
1323 5878 1384 5926 ut
1448 5872 1734 5953 veritatis

1702 4551 1750 4609 ο

1780 4581 1915 4638 satis
1964 4581 2094 4645 erit,
2144 4597 2174 4638 a
2228 4583 2454 4654 synodis
2480 4599 2576 4640 eos
2612 4594 2666 4641 et
2699 4589 3068 4643 conventibus
3120 4605 3337 4645 arcere.

1777 4673 1913 4730 Nam
1971 4671 2087 4728 fere
2138 4687 2206 4728 eo
2256 4673 2561 4742 productus
2594 4677 2893 4732 scribendo
2926 4679 3160 4746 fueram,
3195 4691 3256 4736 ut
3286 4683 3350 4738 in

1777 4764 2071 4835 praesentia
2123 4763 2390 4831 dicerem,
2439 4781 2562 4836 quae
2614 4767 2695 4823 illi
2747 4769 2904 4825 brevi
2937 4770 3158 4840 passuri
3185 4783 3338 4834 sunt,

1778 4854 1884 4911 nisi
1926 4869 1955 4908 a
1993 4854 2144 4910 rabie
2174 4854 2278 4908 ista
2303 4854 2679 4912 discesserint.
2711 4857 2806 4914 Isti
2849 4875 2988 4914 vero
3009 4859 3164 4929 (quid
3189 4861 3339 4915 enim

1773 4954 1880 5010 est,
1933 4945 2079 5016 quod
2117 4959 2228 5000 non
2281 4946 2671 5016 aggrediantur
2715 4959 2776 5004 ttt
2811 4950 3014 5004 malum
3042 4951 3342 5022 augeant?)

1777 5038 2222 5108 improbissimus
2253 5053 2502 5108 quosque
2533 5040 2760 5109 perinde
2807 5049 2973 5109 atque
3021 5040 3341 5096 mandatum

1779 5130 2074 5192 baberent,
2132 5135 2535 5198 aggregantes:
2573 5128 2695 5194 hos,
2747 5127 2992 5198 inquam,
3047 5128 3341 5184 baeresium

1773 5222 2162 5292 antesignanos
2211 5221 2265 5276 in
2313 5219 2445 5276 cieri
2501 5219 2686 5274 album
2753 5219 3018 5286 referunt,
3078 5221 3332 5278 ordinem

1777 5313 2160 5369 venerandum
2231 5319 2340 5365 tam
2401 5311 2634 5380 turpiter
2701 5309 3168 5377 debonestantes,
3233 5328 3364 5370 non.

1779 5406 1942 5462 aliter
1970 5413 2132 5474 atque
2157 5403 2239 5457 eis
2272 5415 2595 5457 concessum
2637 5400 2708 5456 sit
2743 5416 2906 5472 agere
2953 5409 3010 5456 et
3045 5403 3188 5460 ferre
3220 5419 3343 5459 om-

1779 5492 1890 5547 nia.
1926 5490 2226 5545 Enimvero
2249 5489 2376 5558 quis
2401 5487 2715 5544 mortalium
2747 5489 2994 5545 omnium
3043 5492 3346 5563 istosper-

1781 5583 1960 5640 I'erat‘l
2011 5581 2106 5652 qui
2149 5581 2317 5638 urbes
2359 5581 2583 5651 quidem
2635 5581 2916 5652 impietate
2947 5582 3198 5655 implent,
3243 5603 3347 5642 cx-

1783 5678 1968 5734 silium
1991 5683 2177 5730 autem
2209 5671 2441 5742 piaculis
2467 5672 2757 5742 obtegunt,
2801 5689 2969 5730 unum
2998 5675 3133 5735 illud
3157 5677 3344 5734 stud-io

1777 5777 2033 5834 Facessat
2082 5770 2398 5840 importuna
2458 5769 2659 5836 tactio,
2716 5778 2776 5826 et
2831 5773 3039 5828 sanctis
3098 5773 3346 5830 insidere

1770 5867 1979 5926 alumni
2035 5865 2088 5922 in
2144 5865 2324 5921 lucem
2375 5862 2664 5935 prodeant,
2718 5863 2926 5936 quique
2980 5865 3150 5923 medii
3205 5868 3343 5926 tales
