  <div class='ocr_page' id='page_1' title='image "/cluster/home/n/w/nwhite01/storage/ocr_20150623/146/hvd.32044019208347/194.png"; bbox 0 0 3870 6554; ppageno 0'>
   <div class='ocr_carea' id='block_1_1' title="bbox 211 415 1771 499">
    <p class='ocr_par' dir='ltr' id='par_1_1' title="bbox 211 415 1756 484">
     <span class='ocr_line' id='line_1_1' title="bbox 211 415 1756 484; baseline 0.006 -9"><span class='ocrx_word' id='word_1_1' title='bbox 211 415 266 476; x_wconf 70' lang='grc'><strong>37</strong></span> <span class='ocrx_word' id='word_1_2' title='bbox 276 415 307 475; x_wconf 86' lang='lat'><strong>3</strong></span> <span class='ocrx_word' id='word_1_3' title='bbox 1161 420 1293 479; x_wconf 82' lang='lat' dir='ltr'><strong>ECC</strong></span> <span class='ocrx_word' id='word_1_4' title='bbox 1300 420 1635 482; x_wconf 77' lang='lat' dir='ltr'><strong>LESIASTI</strong></span> <span class='ocrx_word' id='word_1_5' title='bbox 1647 425 1756 484; x_wconf 64' lang='grc' dir='ltr'>ΟιιΕ</span> 
     </span>
    </p>
   </div>
   <div class='ocr_carea' id='block_1_2' title="bbox 1877 415 3452 499">
    <p class='ocr_par' dir='ltr' id='par_1_2' title="bbox 1888 427 3452 499">
     <span class='ocr_line' id='line_1_2' title="bbox 1888 427 3452 499; baseline 0.006 -13"><span class='ocrx_word' id='word_1_6' title='bbox 1888 427 2183 488; x_wconf 76' lang='lat' dir='ltr'><strong>STORI/E</strong></span> <span class='ocrx_word' id='word_1_7' title='bbox 2223 431 2362 497; x_wconf 66' lang='lat' dir='ltr'><strong>LIB,</strong></span> <span class='ocrx_word' id='word_1_8' title='bbox 2410 432 2509 493; x_wconf 84' lang='lat' dir='ltr'><strong>IX.</strong></span> <span class='ocrx_word' id='word_1_9' title='bbox 3325 437 3452 499; x_wconf 59' lang='lat'><strong>37$?</strong></span> 
     </span>
    </p>
   </div>
   <div class='ocr_carea' id='block_1_3' title="bbox 216 530 1771 618">
    <p class='ocr_par' dir='ltr' id='par_1_3' title="bbox 216 530 1766 610">
     <span class='ocr_line' id='line_1_3' title="bbox 216 530 1766 610; baseline 0.007 -26"><span class='ocrx_word' id='word_1_10' title='bbox 216 534 361 602; x_wconf 80' lang='grc' dir='ltr'><strong>μόνος</strong></span> <span class='ocrx_word' id='word_1_11' title='bbox 407 531 465 586; x_wconf 82' lang='grc' dir='ltr'>δι</span> <span class='ocrx_word' id='word_1_12' title='bbox 501 530 762 601; x_wconf 75' lang='grc' dir='ltr'>Λιὸέριος</span> <span class='ocrx_word' id='word_1_13' title='bbox 812 536 882 587; x_wconf 82' lang='grc' dir='ltr'><strong>τὰ</strong></span> <span class='ocrx_word' id='word_1_14' title='bbox 911 536 1008 603; x_wconf 79' lang='grc' dir='ltr'>τῆς</span> <span class='ocrx_word' id='word_1_15' title='bbox 1043 535 1345 608; x_wconf 78' lang='grc' dir='ltr'><strong>ἱερωσύνης</strong></span> <span class='ocrx_word' id='word_1_16' title='bbox 1377 538 1552 593; x_wconf 85' lang='grc' dir='ltr'>διεῖπε</span> <span class='ocrx_word' id='word_1_17' title='bbox 1584 545 1766 610; x_wconf 78' lang='grc' dir='ltr'>κρεῖτ-</span> 
     </span>
    </p>
   </div>
   <div class='ocr_carea' id='block_1_4' title="bbox 1877 530 3434 618">
    <p class='ocr_par' dir='ltr' id='par_1_4' title="bbox 1877 544 3434 618">
     <span class='ocr_line' id='line_1_4' title="bbox 1877 544 3434 618; baseline 0.004 -21"><span class='ocrx_word' id='word_1_18' title='bbox 1877 544 2140 600; x_wconf 81' lang='lat' dir='ltr'><strong>dclerent.</strong></span> <span class='ocrx_word' id='word_1_19' title='bbox 2182 547 2340 612; x_wconf 83' lang='lat' dir='ltr'><strong>Quod</strong></span> <span class='ocrx_word' id='word_1_20' title='bbox 2382 565 2621 618; x_wconf 87' lang='lat' dir='ltr'><strong>namque</strong></span> <span class='ocrx_word' id='word_1_21' title='bbox 2661 549 2714 604; x_wconf 90' lang='lat' dir='ltr'><strong>in</strong></span> <span class='ocrx_word' id='word_1_22' title='bbox 2751 551 2874 606; x_wconf 86' lang='lat' dir='ltr'><strong>aliis</strong></span> <span class='ocrx_word' id='word_1_23' title='bbox 2920 551 3086 606; x_wconf 82' lang='lat' dir='ltr'><strong>rebus</strong></span> <span class='ocrx_word' id='word_1_24' title='bbox 3132 551 3434 605; x_wconf 82' lang='lat' dir='ltr'><strong>admodum</strong></span> 
     </span>
    </p>
   </div>
   <div class='ocr_carea' id='block_1_5' title="bbox 210 624 1771 716">
    <p class='ocr_par' dir='ltr' id='par_1_5' title="bbox 210 624 1761 701">
     <span class='ocr_line' id='line_1_5' title="bbox 210 624 1761 701; baseline 0.01 -23"><span class='ocrx_word' id='word_1_25' title='bbox 210 626 294 678; x_wconf 81' lang='grc' dir='ltr'>τόν</span> <span class='ocrx_word' id='word_1_26' title='bbox 320 640 370 677; x_wconf 87' lang='grc' dir='ltr'><strong>τι</strong></span> <span class='ocrx_word' id='word_1_27' title='bbox 398 624 854 695; x_wconf 78' lang='grc' dir='ltr'>προϐλεψαμένου</span> <span class='ocrx_word' id='word_1_28' title='bbox 900 626 1058 692; x_wconf 79' lang='grc' dir='ltr'>Θεοῦ,</span> <span class='ocrx_word' id='word_1_29' title='bbox 1089 630 1186 680; x_wconf 73' lang='grc' dir='ltr'>καὶ</span> <span class='ocrx_word' id='word_1_30' title='bbox 1214 628 1289 692; x_wconf 79' lang='grc' dir='ltr'><strong>ὡς</strong></span> <span class='ocrx_word' id='word_1_31' title='bbox 1320 627 1492 699; x_wconf 73' lang='grc' dir='ltr'>χρεὼν</span> <span class='ocrx_word' id='word_1_32' title='bbox 1538 633 1608 684; x_wconf 80' lang='grc' dir='ltr'><strong>τὰ</strong></span> <span class='ocrx_word' id='word_1_33' title='bbox 1663 635 1761 701; x_wconf 80' lang='grc' dir='ltr'><strong>τῆς</strong></span> 
     </span>
    </p>
   </div>
   <div class='ocr_carea' id='block_1_6' title="bbox 1877 624 3437 716">
    <p class='ocr_par' dir='ltr' id='par_1_6' title="bbox 1877 639 3437 716">
     <span class='ocr_line' id='line_1_6' title="bbox 1877 639 3437 716; baseline 0.003 -23"><span class='ocrx_word' id='word_1_34' title='bbox 1877 639 2051 695; x_wconf 88' lang='lat' dir='ltr'><strong>bonus</strong></span> <span class='ocrx_word' id='word_1_35' title='bbox 2075 645 2160 696; x_wconf 87' lang='lat' dir='ltr'><strong>vir</strong></span> <span class='ocrx_word' id='word_1_36' title='bbox 2194 655 2345 699; x_wconf 89' lang='lat' dir='ltr'><strong>esset</strong></span> <span class='ocrx_word' id='word_1_37' title='bbox 2387 645 2665 710; x_wconf 79' lang='lat' dir='ltr'><strong>Liberius,</strong></span> <span class='ocrx_word' id='word_1_38' title='bbox 2699 647 2957 716; x_wconf 78' lang='lat' dir='ltr'><strong>quodque</strong></span> <span class='ocrx_word' id='word_1_39' title='bbox 3003 663 3102 716; x_wconf 86' lang='lat' dir='ltr'><strong>pro</strong></span> <span class='ocrx_word' id='word_1_40' title='bbox 3147 658 3296 701; x_wconf 87' lang='lat' dir='ltr'><strong>recta</strong></span> <span class='ocrx_word' id='word_1_41' title='bbox 3332 648 3437 700; x_wconf 82' lang='lat' dir='ltr'><strong>Ec-</strong></span> 
     </span>
    </p>
   </div>
   <div class='ocr_carea' id='block_1_7' title="bbox 227 716 1771 804">
    <p class='ocr_par' dir='ltr' id='par_1_7' title="bbox 227 716 1765 792">
     <span class='ocr_line' id='line_1_7' title="bbox 227 716 1765 792; baseline 0.008 -26"><span class='ocrx_word' id='word_1_42' title='bbox 227 716 542 784; x_wconf 77' lang='grc' dir='ltr'>Ἐκκλησίας</span> <span class='ocrx_word' id='word_1_43' title='bbox 569 718 1061 786; x_wconf 65' lang='grc' dir='ltr'><strong>ιιτρομηίλουμένου,</strong></span> <span class='ocrx_word' id='word_1_44' title='bbox 1097 720 1183 772; x_wconf 78' lang='grc' dir='ltr'>ἵνα</span> <span class='ocrx_word' id='word_1_45' title='bbox 1217 720 1293 789; x_wconf 84' lang='grc' dir='ltr'>μὴ</span> <span class='ocrx_word' id='word_1_46' title='bbox 1332 723 1360 774; x_wconf 90' lang='grc' dir='ltr'><strong>ό</strong></span> <span class='ocrx_word' id='word_1_47' title='bbox 1409 722 1626 792; x_wconf 85' lang='grc' dir='ltr'>πρῶτος</span> <span class='ocrx_word' id='word_1_48' title='bbox 1658 726 1765 778; x_wconf 72' lang='grc' dir='ltr'><strong>τῶν</strong></span> 
     </span>
    </p>
   </div>
   <div class='ocr_carea' id='block_1_8' title="bbox 1877 716 3432 804">
    <p class='ocr_par' dir='ltr' id='par_1_8' title="bbox 1877 729 3432 804">
     <span class='ocr_line' id='line_1_8' title="bbox 1877 729 3432 804; baseline 0.003 -22"><span class='ocrx_word' id='word_1_49' title='bbox 1877 729 2053 784; x_wconf 70' lang='lat' dir='ltr'><strong>tlesize</strong></span> <span class='ocrx_word' id='word_1_50' title='bbox 2103 733 2352 787; x_wconf 90' lang='lat' dir='ltr'><strong>doctrina</strong></span> <span class='ocrx_word' id='word_1_51' title='bbox 2403 735 2722 804; x_wconf 73' lang='lat' dir='ltr'><strong>imperatori</strong></span> <span class='ocrx_word' id='word_1_52' title='bbox 2762 744 3082 790; x_wconf 89' lang='lat' dir='ltr'><strong>constanter</strong></span> <span class='ocrx_word' id='word_1_53' title='bbox 3115 737 3432 796; x_wconf 86' lang='lat' dir='ltr'><strong>restitisset,</strong></span> 
     </span>
    </p>
   </div>
   <div class='ocr_carea' id='block_1_9' title="bbox 218 807 1771 896">
    <p class='ocr_par' dir='ltr' id='par_1_9' title="bbox 218 807 1768 880">
     <span class='ocr_line' id='line_1_9' title="bbox 218 807 1768 880; baseline 0.005 -22"><span class='ocrx_word' id='word_1_54' title='bbox 218 807 520 860; x_wconf 69' lang='grc' dir='ltr'>ἀποστόλων</span> <span class='ocrx_word' id='word_1_55' title='bbox 551 808 744 872; x_wconf 83' lang='grc' dir='ltr'><strong>θρόνος</strong></span> <span class='ocrx_word' id='word_1_56' title='bbox 772 810 836 862; x_wconf 73' lang='grc' dir='ltr'>τὸ</span> <span class='ocrx_word' id='word_1_57' title='bbox 889 809 1078 875; x_wconf 74' lang='grc' dir='ltr'>ἄδοξόν</span> <span class='ocrx_word' id='word_1_58' title='bbox 1125 827 1186 862; x_wconf 77' lang='grc' dir='ltr'>τε</span> <span class='ocrx_word' id='word_1_59' title='bbox 1227 814 1324 865; x_wconf 77' lang='grc' dir='ltr'>καὶ</span> <span class='ocrx_word' id='word_1_60' title='bbox 1371 813 1619 880; x_wconf 78' lang='grc' dir='ltr'><strong>ἀπρεπές</strong></span> <span class='ocrx_word' id='word_1_61' title='bbox 1649 815 1768 866; x_wconf 66' lang='lat' dir='ltr'><strong>sm-</strong></span> 
     </span>
    </p>
   </div>
   <div class='ocr_carea' id='block_1_10' title="bbox 1877 807 3434 896">
    <p class='ocr_par' dir='ltr' id='par_1_10' title="bbox 1877 818 3434 896">
     <span class='ocr_line' id='line_1_10' title="bbox 1877 818 3434 896; baseline 0.005 -25"><span class='ocrx_word' id='word_1_62' title='bbox 1877 818 2044 872; x_wconf 89' lang='lat' dir='ltr'><strong>multa</strong></span> <span class='ocrx_word' id='word_1_63' title='bbox 2074 820 2279 889; x_wconf 87' lang='lat' dir='ltr'><strong>pietate</strong></span> <span class='ocrx_word' id='word_1_64' title='bbox 2315 832 2370 877; x_wconf 89' lang='lat' dir='ltr'><strong>et</strong></span> <span class='ocrx_word' id='word_1_65' title='bbox 2412 824 2754 896; x_wconf 76' lang='lat' dir='ltr'><strong>benignitate</strong></span> <span class='ocrx_word' id='word_1_66' title='bbox 2787 827 3024 896; x_wconf 90' lang='lat' dir='ltr'><strong>populus</strong></span> <span class='ocrx_word' id='word_1_67' title='bbox 3057 825 3339 880; x_wconf 83' lang='lat' dir='ltr'><strong>Romanus</strong></span> <span class='ocrx_word' id='word_1_68' title='bbox 3379 829 3434 879; x_wconf 89' lang='lat' dir='ltr'><strong>in</strong></span> 
     </span>
    </p>
   </div>
   <div class='ocr_carea' id='block_1_11' title="bbox 220 897 1771 988">
    <p class='ocr_par' dir='ltr' id='par_1_11' title="bbox 220 897 1768 974">
     <span class='ocr_line' id='line_1_11' title="bbox 220 897 1768 974; baseline 0.006 -26"><span class='ocrx_word' id='word_1_69' title='bbox 220 897 441 966; x_wconf 71' lang='grc' dir='ltr'>σύροιτο,</span> <span class='ocrx_word' id='word_1_70' title='bbox 491 898 647 952; x_wconf 77' lang='grc' dir='ltr'>δυσὶν</span> <span class='ocrx_word' id='word_1_71' title='bbox 702 901 970 970; x_wconf 75' lang='grc' dir='ltr'><strong>ἡγεμόσιν</strong></span> <span class='ocrx_word' id='word_1_72' title='bbox 1022 900 1438 970; x_wconf 72' lang='grc' dir='ltr'>οἰακιζόμενοςο</span> <span class='ocrx_word' id='word_1_73' title='bbox 1493 903 1521 956; x_wconf 85' lang='grc' dir='ltr'><strong><em>ὃ</em></strong></span> <span class='ocrx_word' id='word_1_74' title='bbox 1582 905 1768 974; x_wconf 81' lang='grc' dir='ltr'>νόμοις</span> 
     </span>
    </p>
   </div>
   <div class='ocr_carea' id='block_1_12' title="bbox 1877 897 3437 988">
    <p class='ocr_par' dir='ltr' id='par_1_12' title="bbox 1877 910 3437 988">
     <span class='ocr_line' id='line_1_12' title="bbox 1877 910 3437 988; baseline 0.004 -26"><span class='ocrx_word' id='word_1_75' title='bbox 1877 924 1996 963; x_wconf 83' lang='lat' dir='ltr'><strong>eum</strong></span> <span class='ocrx_word' id='word_1_76' title='bbox 2051 910 2176 977; x_wconf 80' lang='lat' dir='ltr'><strong>fuit,</strong></span> <span class='ocrx_word' id='word_1_77' title='bbox 2233 929 2410 985; x_wconf 89' lang='lat' dir='ltr'><strong>usque</strong></span> <span class='ocrx_word' id='word_1_78' title='bbox 2441 917 2578 970; x_wconf 89' lang='lat' dir='ltr'><strong>adeo</strong></span> <span class='ocrx_word' id='word_1_79' title='bbox 2615 927 2789 981; x_wconf 87' lang='lat' dir='ltr'><strong>certe,</strong></span> <span class='ocrx_word' id='word_1_80' title='bbox 2827 925 2888 970; x_wconf 92' lang='lat' dir='ltr'><strong>ut</strong></span> <span class='ocrx_word' id='word_1_81' title='bbox 2926 917 2980 970; x_wconf 94' lang='lat' dir='ltr'><strong>in</strong></span> <span class='ocrx_word' id='word_1_82' title='bbox 3011 918 3130 988; x_wconf 87' lang='lat' dir='ltr'><strong>ejus</strong></span> <span class='ocrx_word' id='word_1_83' title='bbox 3160 917 3437 986; x_wconf 83' lang='lat' dir='ltr'><strong>ejectioue</strong></span> 
     </span>
    </p>
   </div>
   <div class='ocr_carea' id='block_1_13' title="bbox 229 987 1771 1078">
    <p class='ocr_par' dir='ltr' id='par_1_13' title="bbox 229 987 1768 1063">
     <span class='ocr_line' id='line_1_13' title="bbox 229 987 1768 1063; baseline 0.007 -24"><span class='ocrx_word' id='word_1_84' title='bbox 229 987 544 1056; x_wconf 77' lang='grc' dir='ltr'>Ἐκκλησίας</span> <span class='ocrx_word' id='word_1_85' title='bbox 595 991 777 1060; x_wconf 83' lang='grc' dir='ltr'>πάντη</span> <span class='ocrx_word' id='word_1_86' title='bbox 812 991 1114 1062; x_wconf 83' lang='grc' dir='ltr'>ἀλλότριον,</span> <span class='ocrx_word' id='word_1_87' title='bbox 1148 993 1245 1045; x_wconf 72' lang='grc' dir='ltr'>καὶ</span> <span class='ocrx_word' id='word_1_88' title='bbox 1295 993 1566 1063; x_wconf 78' lang='grc' dir='ltr'><strong>διχονοίας</strong></span> <span class='ocrx_word' id='word_1_89' title='bbox 1594 995 1671 1060; x_wconf 81' lang='grc' dir='ltr'>ὡς</span> <span class='ocrx_word' id='word_1_90' title='bbox 1701 999 1768 1050; x_wconf 81' lang='grc' dir='ltr'><strong>τὰ</strong></span> 
     </span>
    </p>
   </div>
   <div class='ocr_carea' id='block_1_14' title="bbox 1877 987 3436 1078">
    <p class='ocr_par' dir='ltr' id='par_1_14' title="bbox 1877 987 3436 1078">
     <span class='ocr_line' id='line_1_14' title="bbox 1877 987 3436 1078; baseline 0.001 -21"><span class='ocrx_word' id='word_1_91' title='bbox 1877 1017 1976 1071; x_wconf 89' lang='lat' dir='ltr'><strong>per</strong></span> <span class='ocrx_word' id='word_1_92' title='bbox 2022 1003 2352 1059; x_wconf 85' lang='lat' dir='ltr'><strong>seditionem</strong></span> <span class='ocrx_word' id='word_1_93' title='bbox 2399 1008 2522 1078; x_wconf 85' lang='lat' dir='ltr'><strong>ejus</strong></span> <span class='ocrx_word' id='word_1_94' title='bbox 2569 1024 2734 1064; x_wconf 89' lang='lat' dir='ltr'><strong>causa</strong></span> <span class='ocrx_word' id='word_1_95' title='bbox 2770 1019 2969 1063; x_wconf 87' lang='lat' dir='ltr'><strong>motam</strong></span> <span class='ocrx_word' id='word_1_96' title='bbox 3007 987 3098 1064; x_wconf 88' lang='lat' dir='ltr'><strong>res</strong></span> <span class='ocrx_word' id='word_1_97' title='bbox 3133 1009 3199 1062; x_wconf 89' lang='lat' dir='ltr'><strong>ad</strong></span> <span class='ocrx_word' id='word_1_98' title='bbox 3233 1009 3436 1063; x_wconf 67' lang='lat' dir='ltr'><strong>caedem</strong></span> 
     </span>
    </p>
   </div>
   <div class='ocr_carea' id='block_1_15' title="bbox 221 1079 1771 1169">
    <p class='ocr_par' dir='ltr' id='par_1_15' title="bbox 221 1079 1063 1151">
     <span class='ocr_line' id='line_1_15' title="bbox 221 1079 1063 1151; baseline 0.01 -19"><span class='ocrx_word' id='word_1_99' title='bbox 221 1079 377 1133; x_wconf 64' lang='grc' dir='ltr'>πολλὰ</span> <span class='ocrx_word' id='word_1_100' title='bbox 415 1081 743 1136; x_wconf 77' lang='grc' dir='ltr'><strong>καθίσταται</strong></span> <span class='ocrx_word' id='word_1_101' title='bbox 779 1085 1063 1151; x_wconf 81' lang='grc' dir='ltr'>πρόξενον.</span> 
     </span>
    </p>
   </div>
   <div class='ocr_carea' id='block_1_16' title="bbox 1877 1079 3450 1169">
    <p class='ocr_par' dir='ltr' id='par_1_16' title="bbox 1877 1095 3450 1169">
     <span class='ocr_line' id='line_1_16' title="bbox 1877 1095 3450 1169; baseline 0.004 -23"><span class='ocrx_word' id='word_1_102' title='bbox 1877 1095 2234 1161; x_wconf 88' lang='lat' dir='ltr'><strong>processerit.</strong></span> <span class='ocrx_word' id='word_1_103' title='bbox 2271 1097 2376 1152; x_wconf 87' lang='lat' dir='ltr'><strong>Sed</strong></span> <span class='ocrx_word' id='word_1_104' title='bbox 2405 1100 2569 1167; x_wconf 85' lang='lat' dir='ltr'><strong>paulo</strong></span> <span class='ocrx_word' id='word_1_105' title='bbox 2601 1109 2724 1169; x_wconf 91' lang='lat' dir='ltr'><strong>post</strong></span> <span class='ocrx_word' id='word_1_106' title='bbox 2748 1100 2901 1155; x_wconf 81' lang='lat' dir='ltr'><strong>Felix</strong></span> <span class='ocrx_word' id='word_1_107' title='bbox 2936 1111 3190 1155; x_wconf 90' lang='lat' dir='ltr'><strong>mortuus</strong></span> <span class='ocrx_word' id='word_1_108' title='bbox 3230 1110 3338 1162; x_wconf 86' lang='lat' dir='ltr'><strong>est,</strong></span> <span class='ocrx_word' id='word_1_109' title='bbox 3383 1109 3450 1153; x_wconf 87' lang='lat' dir='ltr'><strong>et-</strong></span> 
     </span>
    </p>
   </div>
   <div class='ocr_carea' id='block_1_17' title="bbox 222 1177 3438 1262">
    <p class='ocr_par' dir='ltr' id='par_1_17' title="bbox 222 1177 3438 1262">
     <span class='ocr_line' id='line_1_17' title="bbox 222 1177 3438 1262; baseline 0.004 -32"><span class='ocrx_word' id='word_1_110' title='bbox 222 1178 357 1231; x_wconf 78' lang='lat' dir='ltr'><strong>solua</strong></span> <span class='ocrx_word' id='word_1_111' title='bbox 409 1177 668 1234; x_wconf 83' lang='lat' dir='ltr'><strong>Liberius</strong></span> <span class='ocrx_word' id='word_1_112' title='bbox 710 1181 1092 1252; x_wconf 84' lang='lat' dir='ltr'><strong>episcopatum</strong></span> <span class='ocrx_word' id='word_1_113' title='bbox 1142 1185 1569 1240; x_wconf 86' lang='lat' dir='ltr'><strong>administravit.</strong></span> <span class='ocrx_word' id='word_1_114' title='bbox 1603 1185 1759 1252; x_wconf 84' lang='lat' dir='ltr'><strong>Quod</strong></span> <span class='ocrx_word' id='word_1_115' title='bbox 1800 1187 1884 1242; x_wconf 90' lang='lat' dir='ltr'><strong>sic</strong></span> <span class='ocrx_word' id='word_1_116' title='bbox 1953 1190 2098 1244; x_wconf 84' lang='lat' dir='ltr'><strong>Deus</strong></span> <span class='ocrx_word' id='word_1_117' title='bbox 2167 1201 2321 1247; x_wconf 89' lang='lat' dir='ltr'><strong>recte</strong></span> <span class='ocrx_word' id='word_1_118' title='bbox 2368 1195 2630 1262; x_wconf 86' lang='lat' dir='ltr'><strong>providit,</strong></span> <span class='ocrx_word' id='word_1_119' title='bbox 2665 1195 2938 1260; x_wconf 74' lang='lat' dir='ltr'><strong>Ecclesiae,</strong></span> <span class='ocrx_word' id='word_1_120' title='bbox 2985 1196 3059 1250; x_wconf 88' lang='lat' dir='ltr'><strong>ita</strong></span> <span class='ocrx_word' id='word_1_121' title='bbox 3093 1204 3153 1249; x_wconf 91' lang='lat' dir='ltr'><strong>ut</strong></span> <span class='ocrx_word' id='word_1_122' title='bbox 3186 1195 3438 1253; x_wconf 65' lang='lat' dir='ltr'><strong>decebat;</strong></span> 
     </span>
    </p>
   </div>
   <div class='ocr_carea' id='block_1_18' title="bbox 225 1271 3438 1356">
    <p class='ocr_par' dir='ltr' id='par_1_18' title="bbox 225 1271 3438 1356">
     <span class='ocr_line' id='line_1_18' title="bbox 225 1271 3438 1356; baseline 0.005 -34"><span class='ocrx_word' id='word_1_123' title='bbox 225 1271 370 1323; x_wconf 82' lang='lat' dir='ltr'><strong>rebus</strong></span> <span class='ocrx_word' id='word_1_124' title='bbox 399 1273 700 1326; x_wconf 89' lang='lat' dir='ltr'><strong>consulens</strong></span> <span class='ocrx_word' id='word_1_125' title='bbox 729 1312 746 1337; x_wconf 95' lang='lat'><strong>,</strong></span> <span class='ocrx_word' id='word_1_126' title='bbox 777 1289 845 1328; x_wconf 92' lang='lat' dir='ltr'><strong>ne</strong></span> <span class='ocrx_word' id='word_1_127' title='bbox 893 1277 1155 1344; x_wconf 88' lang='lat' dir='ltr'><strong>primaria</strong></span> <span class='ocrx_word' id='word_1_128' title='bbox 1187 1279 1565 1348; x_wconf 84' lang='lat' dir='ltr'><strong>apostolorum</strong></span> <span class='ocrx_word' id='word_1_129' title='bbox 1608 1278 1770 1333; x_wconf 87' lang='lat' dir='ltr'><strong>sedes</strong></span> <span class='ocrx_word' id='word_1_130' title='bbox 1809 1280 2013 1334; x_wconf 71' lang='lat' dir='ltr'><strong>[cedam</strong></span> <span class='ocrx_word' id='word_1_131' title='bbox 2078 1283 2225 1338; x_wconf 85' lang='lat' dir='ltr'><strong>illam</strong></span> <span class='ocrx_word' id='word_1_132' title='bbox 2290 1294 2347 1338; x_wconf 90' lang='lat' dir='ltr'><strong>et</strong></span> <span class='ocrx_word' id='word_1_133' title='bbox 2379 1286 2783 1340; x_wconf 87' lang='lat' dir='ltr'><strong>incommodam</strong></span> <span class='ocrx_word' id='word_1_134' title='bbox 2816 1303 2845 1340; x_wconf 87' lang='lat' dir='ltr'><strong>a</strong></span> <span class='ocrx_word' id='word_1_135' title='bbox 2877 1287 3096 1342; x_wconf 89' lang='lat' dir='ltr'><strong>duobus</strong></span> <span class='ocrx_word' id='word_1_136' title='bbox 3132 1287 3438 1356; x_wconf 64' lang='lat' dir='ltr'><strong>gubernata</strong></span> 
     </span>
    </p>
   </div>
   <div class='ocr_carea' id='block_1_19' title="bbox 223 1362 3441 1450">
    <p class='ocr_par' dir='ltr' id='par_1_19' title="bbox 223 1362 3441 1450">
     <span class='ocr_line' id='line_1_19' title="bbox 223 1362 3441 1450; baseline 0.005 -36"><span class='ocrx_word' id='word_1_137' title='bbox 223 1362 440 1417; x_wconf 82' lang='lat' dir='ltr'><strong>ducibus</strong></span> <span class='ocrx_word' id='word_1_138' title='bbox 484 1365 840 1421; x_wconf 89' lang='lat' dir='ltr'><strong>contraheret</strong></span> <span class='ocrx_word' id='word_1_139' title='bbox 867 1376 1054 1422; x_wconf 90' lang='lat' dir='ltr'><strong>notam</strong></span> <span class='ocrx_word' id='word_1_140' title='bbox 1089 1385 1106 1424; x_wconf 87' lang='lat'><strong>:</strong></span> <span class='ocrx_word' id='word_1_141' title='bbox 1141 1385 1262 1440; x_wconf 68' lang='lat' dir='ltr'><strong>quae</strong></span> <span class='ocrx_word' id='word_1_142' title='bbox 1294 1386 1382 1426; x_wconf 82' lang='lat' dir='ltr'><strong>res</strong></span> <span class='ocrx_word' id='word_1_143' title='bbox 1411 1372 1481 1426; x_wconf 88' lang='lat' dir='ltr'><strong>ab</strong></span> <span class='ocrx_word' id='word_1_144' title='bbox 1515 1371 1777 1427; x_wconf 84' lang='lat' dir='ltr'><strong>Ecclesiae</strong></span> <span class='ocrx_word' id='word_1_145' title='bbox 1815 1373 2307 1434; x_wconf 88' lang='lat' dir='ltr'><strong>constitutionibus</strong></span> <span class='ocrx_word' id='word_1_146' title='bbox 2356 1394 2624 1450; x_wconf 87' lang='lat' dir='ltr'><strong>perquam</strong></span> <span class='ocrx_word' id='word_1_147' title='bbox 2692 1388 2780 1434; x_wconf 89' lang='lat' dir='ltr'><strong>est</strong></span> <span class='ocrx_word' id='word_1_148' title='bbox 2823 1379 3025 1444; x_wconf 89' lang='lat' dir='ltr'><strong>aliena,</strong></span> <span class='ocrx_word' id='word_1_149' title='bbox 3071 1379 3441 1434; x_wconf 79' lang='lat' dir='ltr'><strong>discordiam-</strong></span> 
     </span>
    </p>
   </div>
   <div class='ocr_carea' id='block_1_20' title="bbox 223 1459 1264 1529">
    <p class='ocr_par' dir='ltr' id='par_1_20' title="bbox 223 1459 1264 1529">
     <span class='ocr_line' id='line_1_20' title="bbox 223 1459 1264 1529; baseline 0.012 -20"><span class='ocrx_word' id='word_1_150' title='bbox 223 1473 318 1526; x_wconf 74' lang='lat' dir='ltr'><strong>que</strong></span> <span class='ocrx_word' id='word_1_151' title='bbox 350 1467 408 1512; x_wconf 90' lang='lat' dir='ltr'><strong>ut</strong></span> <span class='ocrx_word' id='word_1_152' title='bbox 433 1459 735 1529; x_wconf 89' lang='lat' dir='ltr'><strong>plurimum</strong></span> <span class='ocrx_word' id='word_1_153' title='bbox 767 1464 1068 1520; x_wconf 89' lang='lat' dir='ltr'><strong>conciliare</strong></span> <span class='ocrx_word' id='word_1_154' title='bbox 1101 1467 1264 1521; x_wconf 86' lang='lat' dir='ltr'><strong>solet.</strong></span> 
     </span>
    </p>
   </div>
   <div class='ocr_carea' id='block_1_21' title="bbox 763 1581 1210 1638">
    <p class='ocr_par' dir='ltr' id='par_1_21' title="bbox 763 1581 1210 1638">
     <span class='ocr_line' id='line_1_21' title="bbox 763 1581 1210 1638; baseline 0.002 -1"><span class='ocrx_word' id='word_1_155' title='bbox 763 1581 994 1638; x_wconf 76' lang='grc' dir='ltr'><strong>ΚΕΦΑΛ</strong></span> <span class='ocrx_word' id='word_1_156' title='bbox 1005 1621 1018 1637; x_wconf 93' lang='grc'><strong>.</strong></span> <span class='ocrx_word' id='word_1_157' title='bbox 1077 1583 1210 1638; x_wconf 79' lang='lat' dir='ltr'><strong>AH&#39;.</strong></span> 
     </span>
    </p>
   </div>
   <div class='ocr_carea' id='block_1_22' title="bbox 236 1668 1775 1743">
    <p class='ocr_par' dir='ltr' id='par_1_22' title="bbox 236 1668 1775 1743">
     <span class='ocr_line' id='line_1_22' title="bbox 236 1668 1775 1743; baseline 0.004 -20"><span class='ocrx_word' id='word_1_158' title='bbox 236 1673 322 1743; x_wconf 77' lang='grc' dir='ltr'>Ὧς</span> <span class='ocrx_word' id='word_1_159' title='bbox 346 1668 458 1738; x_wconf 76' lang='grc' dir='ltr'><strong>τὴν</strong></span> <span class='ocrx_word' id='word_1_160' title='bbox 481 1675 906 1743; x_wconf 71' lang='grc' dir='ltr'>μελετωμένην</span> <span class='ocrx_word' id='word_1_161' title='bbox 955 1675 1021 1727; x_wconf 79' lang='grc' dir='ltr'><strong>ἐν</strong></span> <span class='ocrx_word' id='word_1_162' title='bbox 1075 1673 1438 1743; x_wconf 80' lang='grc' dir='ltr'>Νικομηδείᾳ</span> <span class='ocrx_word' id='word_1_163' title='bbox 1464 1674 1564 1729; x_wconf 78' lang='grc' dir='ltr'>διὰ</span> <span class='ocrx_word' id='word_1_164' title='bbox 1590 1674 1775 1729; x_wconf 80' lang='grc' dir='ltr'>Εὐδό-</span> 
     </span>
    </p>
   </div>
   <div class='ocr_carea' id='block_1_23' title="bbox 2384 1586 2935 1643">
    <p class='ocr_par' dir='ltr' id='par_1_23' title="bbox 2384 1586 2935 1643">
     <span class='ocr_line' id='line_1_23' title="bbox 2384 1586 2935 1643; baseline 0.002 -2"><span class='ocrx_word' id='word_1_165' title='bbox 2384 1586 2610 1642; x_wconf 87' lang='lat' dir='ltr'><strong>CAPUT</strong></span> <span class='ocrx_word' id='word_1_166' title='bbox 2649 1586 2935 1643; x_wconf 78' lang='lat' dir='ltr'><strong>XXXVIII.</strong></span> 
     </span>
    </p>
   </div>
   <div class='ocr_carea' id='block_1_24' title="bbox 1887 1676 3438 1750">
    <p class='ocr_par' dir='ltr' id='par_1_24' title="bbox 1887 1676 3438 1750">
     <span class='ocr_line' id='line_1_24' title="bbox 1887 1676 3438 1750; baseline 0.001 -19"><span class='ocrx_word' id='word_1_167' title='bbox 1887 1676 1970 1750; x_wconf 12' lang='lat' dir='ltr'><strong>Uti</strong></span> <span class='ocrx_word' id='word_1_168' title='bbox 2003 1677 2305 1750; x_wconf 76' lang='lat' dir='ltr'><strong>institutam</strong></span> <span class='ocrx_word' id='word_1_169' title='bbox 2348 1678 2688 1750; x_wconf 15' lang='lat' dir='ltr'><strong>rNicomedia:</strong></span> <span class='ocrx_word' id='word_1_170' title='bbox 2755 1690 2968 1750; x_wconf 81' lang='lat' dir='ltr'><strong>propter</strong></span> <span class='ocrx_word' id='word_1_171' title='bbox 3023 1680 3323 1736; x_wconf 75' lang='lat' dir='ltr'><strong>Eudoxium</strong></span> <span class='ocrx_word' id='word_1_172' title='bbox 3389 1690 3438 1733; x_wconf 82' lang='lat' dir='ltr'><strong>et</strong></span> 
     </span>
    </p>
   </div>
   <div class='ocr_carea' id='block_1_25' title="bbox 285 1740 1771 1823">
    <p class='ocr_par' dir='ltr' id='par_1_25' title="bbox 285 1740 1768 1823">
     <span class='ocr_line' id='line_1_25' title="bbox 285 1740 1768 1823; baseline 0.004 -30"><span class='ocrx_word' id='word_1_173' title='bbox 285 1740 410 1801; x_wconf 79' lang='grc' dir='ltr'>ξιον</span> <span class='ocrx_word' id='word_1_174' title='bbox 425 1742 552 1823; x_wconf 44' lang='grc' dir='ltr'><strong>ἔνια)Δ</strong></span> <span class='ocrx_word' id='word_1_175' title='bbox 577 1742 818 1823; x_wconf 42' lang='grc' dir='ltr'>’Ἀέτιοη</span> <span class='ocrx_word' id='word_1_176' title='bbox 845 1740 1112 1823; x_wconf 36' lang='lat' dir='ltr'><strong>dryades:</strong></span> <span class='ocrx_word' id='word_1_177' title='bbox 1157 1740 1768 1823; x_wconf 62' lang='grc' dir='ltr'>σέισμὸξέσειγενόιιε-</span> 
     </span>
    </p>
   </div>
   <div class='ocr_carea' id='block_1_26' title="bbox 1877 1740 3437 1823">
    <p class='ocr_par' dir='ltr' id='par_1_26' title="bbox 1939 1740 3437 1823">
     <span class='ocr_line' id='line_1_26' title="bbox 1939 1740 3437 1823; baseline 0.001 -23"><span class='ocrx_word' id='word_1_178' title='bbox 1939 1747 2148 1800; x_wconf 81' lang='lat' dir='ltr'><strong>Aetium</strong></span> <span class='ocrx_word' id='word_1_179' title='bbox 2191 1749 2446 1823; x_wconf 74' lang='lat' dir='ltr'><strong>synodum</strong></span> <span class='ocrx_word' id='word_1_180' title='bbox 2467 1759 2649 1823; x_wconf 67' lang='lat' dir='ltr'><strong>motus</strong></span> <span class='ocrx_word' id='word_1_181' title='bbox 2677 1740 2834 1802; x_wconf 69' lang='lat' dir='ltr'><strong>terra:</strong></span> <span class='ocrx_word' id='word_1_182' title='bbox 2852 1740 3075 1823; x_wconf 59' lang='lat' dir='ltr'><strong>&#39;roort‘us</strong></span> <span class='ocrx_word' id='word_1_183' title='bbox 3101 1751 3313 1805; x_wconf 67' lang='lat' dir='ltr'><strong>solverit</strong></span> <span class='ocrx_word' id='word_1_184' title='bbox 3341 1768 3358 1804; x_wconf 90' lang='lat'><strong><em>:</em></strong></span> <span class='ocrx_word' id='word_1_185' title='bbox 3387 1762 3437 1804; x_wconf 84' lang='lat' dir='ltr'><strong>et</strong></span> 
     </span>
    </p>
   </div>
   <div class='ocr_carea' id='block_1_27' title="bbox 286 1811 1770 1884">
    <p class='ocr_par' dir='ltr' id='par_1_27' title="bbox 286 1811 1770 1884">
     <span class='ocr_line' id='line_1_27' title="bbox 286 1811 1770 1884; baseline 0.003 -21"><span class='ocrx_word' id='word_1_186' title='bbox 286 1828 381 1884; x_wconf 57' lang='grc' dir='ltr'>ξος</span> <span class='ocrx_word' id='word_1_187' title='bbox 414 1811 690 1884; x_wconf 49' lang='lat' dir='ltr'><strong>omnem;</strong></span> <span class='ocrx_word' id='word_1_188' title='bbox 723 1814 835 1884; x_wconf 64' lang='grc' dir='ltr'><strong>καλ</strong></span> <span class='ocrx_word' id='word_1_189' title='bbox 858 1813 988 1867; x_wconf 79' lang='grc' dir='ltr'><strong>δεῖν</strong></span> <span class='ocrx_word' id='word_1_190' title='bbox 1007 1814 1201 1868; x_wconf 77' lang='grc' dir='ltr'>ἐδόκει</span> <span class='ocrx_word' id='word_1_191' title='bbox 1228 1811 1302 1884; x_wconf 4' lang='grc' dir='ltr'><strong>ἐνί</strong></span> <span class='ocrx_word' id='word_1_192' title='bbox 1319 1813 1514 1880; x_wconf 78' lang='grc' dir='ltr'>ταυτῷ</span> <span class='ocrx_word' id='word_1_193' title='bbox 1537 1811 1627 1880; x_wconf 72' lang='grc' dir='ltr'>εἰς</span> <span class='ocrx_word' id='word_1_194' title='bbox 1654 1811 1770 1884; x_wconf 71' lang='grc' dir='ltr'><strong>τὴν</strong></span> 
     </span>
    </p>
   </div>
   <div class='ocr_carea' id='block_1_28' title="bbox 283 1879 1638 1953">
    <p class='ocr_par' dir='ltr' id='par_1_28' title="bbox 283 1879 1638 1953">
     <span class='ocr_line' id='line_1_28' title="bbox 283 1879 1638 1953; baseline 0.005 -21"><span class='ocrx_word' id='word_1_195' title='bbox 283 1879 354 1932; x_wconf 81' lang='grc' dir='ltr'>ἕω</span> <span class='ocrx_word' id='word_1_196' title='bbox 376 1881 476 1935; x_wconf 74' lang='grc' dir='ltr'>καὶ</span> <span class='ocrx_word' id='word_1_197' title='bbox 513 1880 785 1949; x_wconf 75' lang='grc' dir='ltr'><strong>ἑσπέραν</strong></span> <span class='ocrx_word' id='word_1_198' title='bbox 811 1883 1180 1953; x_wconf 79' lang='grc' dir='ltr'>διαιρεθῆναι</span> <span class='ocrx_word' id='word_1_199' title='bbox 1207 1883 1322 1952; x_wconf 72' lang='grc' dir='ltr'><strong>τὴν</strong></span> <span class='ocrx_word' id='word_1_200' title='bbox 1349 1879 1638 1940; x_wconf 49' lang='grc' dir='ltr'>σύνοδον.</span> 
     </span>
    </p>
   </div>
   <div class='ocr_carea' id='block_1_29' title="bbox 281 1995 1773 2070">
    <p class='ocr_par' dir='ltr' id='par_1_29' title="bbox 281 1995 1773 2070">
     <span class='ocr_line' id='line_1_29' title="bbox 281 1995 1773 2070; baseline 0.001 -22"><span class='ocrx_word' id='word_1_201' title='bbox 281 1995 461 2048; x_wconf 81' lang='grc' dir='ltr'>ταῦτα</span> <span class='ocrx_word' id='word_1_202' title='bbox 493 1997 594 2065; x_wconf 83' lang='grc' dir='ltr'><strong>μὲν</strong></span> <span class='ocrx_word' id='word_1_203' title='bbox 633 2000 692 2051; x_wconf 74' lang='grc' dir='ltr'><strong>ἐν</strong></span> <span class='ocrx_word' id='word_1_204' title='bbox 724 1999 941 2069; x_wconf 82' lang='grc' dir='ltr'>Σιρμίῳ</span> <span class='ocrx_word' id='word_1_205' title='bbox 987 1999 1228 2066; x_wconf 73' lang='grc' dir='ltr'>ἐγένετο,</span> <span class='ocrx_word' id='word_1_206' title='bbox 1278 2000 1376 2052; x_wconf 76' lang='grc' dir='ltr'>καὶ</span> <span class='ocrx_word' id='word_1_207' title='bbox 1417 1999 1595 2064; x_wconf 71' lang='grc' dir='ltr'>ἔδοξεν</span> <span class='ocrx_word' id='word_1_208' title='bbox 1645 1999 1681 2070; x_wconf 70' lang='grc' dir='ltr'><strong>ἡ</strong></span> <span class='ocrx_word' id='word_1_209' title='bbox 1712 2015 1773 2051; x_wconf 91' lang='grc' dir='ltr'>τε</span> 
     </span>
    </p>
   </div>
   <div class='ocr_carea' id='block_1_30' title="bbox 225 2087 1774 2161">
    <p class='ocr_par' dir='ltr' id='par_1_30' title="bbox 225 2087 1774 2161">
     <span class='ocr_line' id='line_1_30' title="bbox 225 2087 1774 2161; baseline 0.004 -23"><span class='ocrx_word' id='word_1_210' title='bbox 225 2087 318 2148; x_wconf 74' lang='grc' dir='ltr'>ἕως</span> <span class='ocrx_word' id='word_1_211' title='bbox 345 2087 440 2141; x_wconf 77' lang='grc' dir='ltr'>καὶ</span> <span class='ocrx_word' id='word_1_212' title='bbox 466 2089 682 2158; x_wconf 76' lang='grc' dir='ltr'>ἑσπέρα</span> <span class='ocrx_word' id='word_1_213' title='bbox 715 2091 1044 2160; x_wconf 83' lang='grc' dir='ltr'>όμοφρονεῖν</span> <span class='ocrx_word' id='word_1_214' title='bbox 1071 2105 1088 2123; x_wconf 88' lang='grc'><strong>·</strong></span> <span class='ocrx_word' id='word_1_215' title='bbox 1125 2092 1188 2144; x_wconf 74' lang='grc' dir='ltr'><strong>τὸ</strong></span> <span class='ocrx_word' id='word_1_216' title='bbox 1231 2091 1277 2144; x_wconf 85' lang='grc' dir='ltr'>δ’</span> <span class='ocrx_word' id='word_1_217' title='bbox 1307 2091 1481 2154; x_wconf 75' lang='grc' dir='ltr'>ἄλλως</span> <span class='ocrx_word' id='word_1_218' title='bbox 1502 2088 1671 2161; x_wconf 76' lang='grc' dir='ltr'>εἶχεν.</span> <span class='ocrx_word' id='word_1_219' title='bbox 1714 2091 1774 2144; x_wconf 84' lang='lat'><strong>&#39;0</strong></span> 
     </span>
    </p>
   </div>
   <div class='ocr_carea' id='block_1_31' title="bbox 225 2177 1775 2252">
    <p class='ocr_par' dir='ltr' id='par_1_31' title="bbox 225 2177 1775 2252">
     <span class='ocr_line' id='line_1_31' title="bbox 225 2177 1775 2252; baseline 0.005 -23"><span class='ocrx_word' id='word_1_220' title='bbox 225 2177 323 2247; x_wconf 73' lang='grc' dir='ltr'>γὰρ</span> <span class='ocrx_word' id='word_1_221' title='bbox 349 2181 412 2232; x_wconf 69' lang='grc' dir='ltr'>ἐκ</span> <span class='ocrx_word' id='word_1_222' title='bbox 450 2179 720 2248; x_wconf 76' lang='grc' dir='ltr'>βασιλέως</span> <span class='ocrx_word' id='word_1_223' title='bbox 753 2181 920 2250; x_wconf 81' lang='grc' dir='ltr'>φόϐος</span> <span class='ocrx_word' id='word_1_224' title='bbox 945 2182 1097 2235; x_wconf 84' lang='grc' dir='ltr'>ταῦτ’</span> <span class='ocrx_word' id='word_1_225' title='bbox 1128 2183 1388 2252; x_wconf 71' lang='grc' dir='ltr'>ἔπραττε.</span> <span class='ocrx_word' id='word_1_226' title='bbox 1420 2183 1558 2252; x_wconf 77' lang='grc' dir='ltr'>Περὶ</span> <span class='ocrx_word' id='word_1_227' title='bbox 1586 2183 1775 2251; x_wconf 83' lang='grc' dir='ltr'>μέντοι</span> 
     </span>
    </p>
   </div>
   <div class='ocr_carea' id='block_1_32' title="bbox 226 2272 1777 2346">
    <p class='ocr_par' dir='ltr' id='par_1_32' title="bbox 226 2272 1777 2346">
     <span class='ocr_line' id='line_1_32' title="bbox 226 2272 1777 2346; baseline 0.001 -19"><span class='ocrx_word' id='word_1_228' title='bbox 226 2272 316 2338; x_wconf 79' lang='grc' dir='ltr'><strong>τῆς</strong></span> <span class='ocrx_word' id='word_1_229' title='bbox 351 2273 560 2326; x_wconf 78' lang='grc' dir='ltr'>’Δετίου</span> <span class='ocrx_word' id='word_1_230' title='bbox 607 2276 701 2328; x_wconf 76' lang='grc' dir='ltr'><strong>καὶ</strong></span> <span class='ocrx_word' id='word_1_231' title='bbox 735 2275 989 2339; x_wconf 83' lang='grc' dir='ltr'>Εύδοξίου</span> <span class='ocrx_word' id='word_1_232' title='bbox 1018 2279 1446 2346; x_wconf 73' lang='grc' dir='ltr'><strong>νεωτεροποιίας</strong></span> <span class='ocrx_word' id='word_1_233' title='bbox 1481 2276 1540 2329; x_wconf 78' lang='grc' dir='ltr'>ὲν</span> <span class='ocrx_word' id='word_1_234' title='bbox 1575 2276 1777 2329; x_wconf 81' lang='grc' dir='ltr'>Ἀντιο-</span> 
     </span>
    </p>
   </div>
   <div class='ocr_carea' id='block_1_33' title="bbox 226 2367 1775 2453">
    <p class='ocr_par' dir='ltr' id='par_1_33' title="bbox 226 2367 1775 2453">
     <span class='ocr_line' id='line_1_33' title="bbox 226 2367 1775 2453; baseline 0.005 -37"><span class='ocrx_word' id='word_1_235' title='bbox 226 2367 339 2434; x_wconf 59' lang='lat' dir='ltr'><strong>lsi;</strong></span> <span class='ocrx_word' id='word_1_236' title='bbox 362 2367 532 2453; x_wconf 63' lang='grc' dir='ltr'>ὲδέκιι</span> <span class='ocrx_word' id='word_1_237' title='bbox 563 2368 642 2436; x_wconf 85' lang='grc' dir='ltr'>τῷ</span> <span class='ocrx_word' id='word_1_238' title='bbox 674 2368 890 2437; x_wconf 81' lang='grc' dir='ltr'>βασιλεῖ</span> <span class='ocrx_word' id='word_1_239' title='bbox 919 2369 1139 2423; x_wconf 84' lang='grc' dir='ltr'>σύνοδον</span> <span class='ocrx_word' id='word_1_240' title='bbox 1167 2371 1309 2422; x_wconf 87' lang='grc' dir='ltr'>κατά</span> <span class='ocrx_word' id='word_1_241' title='bbox 1343 2370 1582 2424; x_wconf 84' lang='grc' dir='ltr'>Νίκαιαν</span> <span class='ocrx_word' id='word_1_242' title='bbox 1611 2371 1775 2424; x_wconf 80' lang='grc' dir='ltr'>πάλιν</span> 
     </span>
    </p>
   </div>
   <div class='ocr_carea' id='block_1_34' title="bbox 228 2459 1774 2532">
    <p class='ocr_par' dir='ltr' id='par_1_34' title="bbox 228 2459 1774 2532">
     <span class='ocr_line' id='line_1_34' title="bbox 228 2459 1774 2532; baseline 0.003 -19"><span class='ocrx_word' id='word_1_243' title='bbox 228 2459 508 2530; x_wconf 74' lang='grc' dir='ltr'>ἁθροίζειν.</span> <span class='ocrx_word' id='word_1_244' title='bbox 556 2461 680 2513; x_wconf 80' lang='grc' dir='ltr'><strong>Τῶν</strong></span> <span class='ocrx_word' id='word_1_245' title='bbox 735 2461 792 2514; x_wconf 68' lang='grc' dir='ltr'>δὲ</span> <span class='ocrx_word' id='word_1_246' title='bbox 843 2464 975 2532; x_wconf 72' lang='grc' dir='ltr'>περὶ</span> <span class='ocrx_word' id='word_1_247' title='bbox 1015 2462 1108 2514; x_wconf 73' lang='grc' dir='ltr'><strong>τὸν</strong></span> <span class='ocrx_word' id='word_1_248' title='bbox 1170 2461 1444 2532; x_wconf 73' lang='grc' dir='ltr'>Ἀγκύρας</span> <span class='ocrx_word' id='word_1_249' title='bbox 1498 2462 1774 2517; x_wconf 70' lang='grc' dir='ltr'>Βασίλειον</span> 
     </span>
    </p>
   </div>
   <div class='ocr_carea' id='block_1_35' title="bbox 227 2548 1773 2621">
    <p class='ocr_par' dir='ltr' id='par_1_35' title="bbox 227 2548 1773 2621">
     <span class='ocr_line' id='line_1_35' title="bbox 227 2548 1773 2621; baseline 0.006 -25"><span class='ocrx_word' id='word_1_250' title='bbox 227 2548 592 2615; x_wconf 76' lang='grc' dir='ltr'>ἀπολεγόντων</span> <span class='ocrx_word' id='word_1_251' title='bbox 640 2548 729 2601; x_wconf 75' lang='grc' dir='ltr'>διὰ</span> <span class='ocrx_word' id='word_1_252' title='bbox 785 2549 844 2601; x_wconf 77' lang='grc' dir='ltr'>τὸ</span> <span class='ocrx_word' id='word_1_253' title='bbox 874 2548 1108 2616; x_wconf 80' lang='grc' dir='ltr'><strong>πρώτως</strong></span> <span class='ocrx_word' id='word_1_254' title='bbox 1155 2551 1336 2603; x_wconf 77' lang='grc' dir='ltr'>ἐκεῖσε</span> <span class='ocrx_word' id='word_1_255' title='bbox 1386 2549 1643 2618; x_wconf 73' lang='grc' dir='ltr'>γενέσθαι</span> <span class='ocrx_word' id='word_1_256' title='bbox 1673 2552 1773 2621; x_wconf 80' lang='grc' dir='ltr'>τὴν</span> 
     </span>
    </p>
   </div>
   <div class='ocr_carea' id='block_1_36' title="bbox 225 2640 1774 2714">
    <p class='ocr_par' dir='ltr' id='par_1_36' title="bbox 225 2640 1774 2714">
     <span class='ocr_line' id='line_1_36' title="bbox 225 2640 1774 2714; baseline 0.005 -23"><span class='ocrx_word' id='word_1_257' title='bbox 225 2642 315 2706; x_wconf 70' lang='grc' dir='ltr'>τῆς</span> <span class='ocrx_word' id='word_1_258' title='bbox 344 2641 572 2703; x_wconf 83' lang='grc' dir='ltr'>πίστεως</span> <span class='ocrx_word' id='word_1_259' title='bbox 625 2640 876 2710; x_wconf 77' lang='grc' dir='ltr'>ἔρευναν,</span> <span class='ocrx_word' id='word_1_260' title='bbox 909 2643 968 2694; x_wconf 78' lang='grc' dir='ltr'>ἐν</span> <span class='ocrx_word' id='word_1_261' title='bbox 1005 2641 1353 2713; x_wconf 74' lang='grc' dir='ltr'>Νικομηδεία</span> <span class='ocrx_word' id='word_1_262' title='bbox 1409 2643 1610 2714; x_wconf 83' lang='grc' dir='ltr'>μᾶλλον</span> <span class='ocrx_word' id='word_1_263' title='bbox 1663 2645 1774 2699; x_wconf 81' lang='grc' dir='ltr'>δεῖν</span> 
     </span>
    </p>
   </div>
   <div class='ocr_carea' id='block_1_37' title="bbox 229 2730 1774 2801">
    <p class='ocr_par' dir='ltr' id='par_1_37' title="bbox 229 2730 1774 2801">
     <span class='ocr_line' id='line_1_37' title="bbox 229 2730 1774 2801; baseline 0.005 -19"><span class='ocrx_word' id='word_1_264' title='bbox 229 2731 459 2795; x_wconf 79' lang='grc' dir='ltr'><strong>ἐκρίνετο</strong></span> <span class='ocrx_word' id='word_1_265' title='bbox 511 2730 788 2799; x_wconf 83' lang='grc' dir='ltr'>γενέσθαι.</span> <span class='ocrx_word' id='word_1_266' title='bbox 832 2732 940 2784; x_wconf 80' lang='grc' dir='ltr'><strong>Καὶ</strong></span> <span class='ocrx_word' id='word_1_267' title='bbox 992 2733 1057 2801; x_wconf 79' lang='grc' dir='ltr'>δὴ</span> <span class='ocrx_word' id='word_1_268' title='bbox 1111 2733 1216 2786; x_wconf 81' lang='grc' dir='ltr'><strong>ἀνὰ</strong></span> <span class='ocrx_word' id='word_1_269' title='bbox 1273 2733 1334 2786; x_wconf 85' lang='grc' dir='ltr'><strong>τὸ</strong></span> <span class='ocrx_word' id='word_1_270' title='bbox 1386 2736 1494 2786; x_wconf 78' lang='grc' dir='ltr'><strong>πᾶν</strong></span> <span class='ocrx_word' id='word_1_271' title='bbox 1524 2734 1677 2798; x_wconf 75' lang='grc' dir='ltr'>ἔθνος</span> <span class='ocrx_word' id='word_1_272' title='bbox 1725 2737 1774 2788; x_wconf 81' lang='grc' dir='ltr'>οἱ</span> 
     </span>
    </p>
   </div>
   <div class='ocr_carea' id='block_1_38' title="bbox 231 2821 1779 2893">
    <p class='ocr_par' dir='ltr' id='par_1_38' title="bbox 231 2821 1779 2893">
     <span class='ocr_line' id='line_1_38' title="bbox 231 2821 1779 2893; baseline 0.006 -23"><span class='ocrx_word' id='word_1_273' title='bbox 231 2821 501 2879; x_wconf 70' lang='grc' dir='ltr'>ἐπίσκοποι</span> <span class='ocrx_word' id='word_1_274' title='bbox 557 2824 654 2876; x_wconf 75' lang='grc' dir='ltr'>καὶ</span> <span class='ocrx_word' id='word_1_275' title='bbox 706 2825 850 2876; x_wconf 81' lang='grc' dir='ltr'>νοεῖν</span> <span class='ocrx_word' id='word_1_276' title='bbox 894 2823 990 2876; x_wconf 74' lang='grc' dir='ltr'>καὶ</span> <span class='ocrx_word' id='word_1_277' title='bbox 1038 2822 1218 2893; x_wconf 77' lang='grc' dir='ltr'>λέγειν</span> <span class='ocrx_word' id='word_1_278' title='bbox 1260 2825 1417 2889; x_wconf 73' lang='grc' dir='ltr'>ὄντες</span> <span class='ocrx_word' id='word_1_279' title='bbox 1461 2826 1629 2880; x_wconf 77' lang='grc' dir='ltr'>δεινοὶ</span> <span class='ocrx_word' id='word_1_280' title='bbox 1659 2828 1779 2880; x_wconf 70' lang='grc' dir='ltr'>ἐκεῖ</span> 
     </span>
    </p>
   </div>
   <div class='ocr_carea' id='block_1_39' title="bbox 224 2913 1775 2989">
    <p class='ocr_par' dir='ltr' id='par_1_39' title="bbox 224 2913 1775 2989">
     <span class='ocr_line' id='line_1_39' title="bbox 224 2913 1775 2989; baseline 0.004 -23"><span class='ocrx_word' id='word_1_281' title='bbox 224 2915 578 2982; x_wconf 77' lang='grc' dir='ltr'>συνελέγοντο.</span> <span class='ocrx_word' id='word_1_282' title='bbox 626 2915 716 2968; x_wconf 84' lang='grc' dir='ltr'>Ἐν</span> <span class='ocrx_word' id='word_1_283' title='bbox 755 2913 934 2986; x_wconf 88' lang='grc' dir='ltr'>τούτῳ</span> <span class='ocrx_word' id='word_1_284' title='bbox 979 2917 1034 2969; x_wconf 84' lang='grc' dir='ltr'>δὲ</span> <span class='ocrx_word' id='word_1_285' title='bbox 1090 2918 1318 2984; x_wconf 73' lang='grc' dir='ltr'>σεισμὸς</span> <span class='ocrx_word' id='word_1_286' title='bbox 1363 2918 1542 2987; x_wconf 81' lang='grc' dir='ltr'>μέγας</span> <span class='ocrx_word' id='word_1_287' title='bbox 1575 2918 1775 2989; x_wconf 76' lang='grc' dir='ltr'><strong>ἐνσκή-</strong></span> 
     </span>
    </p>
   </div>
   <div class='ocr_carea' id='block_1_40' title="bbox 1947 1817 3438 1886">
    <p class='ocr_par' dir='ltr' id='par_1_40' title="bbox 1947 1817 3438 1886">
     <span class='ocr_line' id='line_1_40' title="bbox 1947 1817 3438 1886; baseline 0.003 -16"><span class='ocrx_word' id='word_1_288' title='bbox 1947 1826 2002 1870; x_wconf 87' lang='lat' dir='ltr'><strong>ut</strong></span> <span class='ocrx_word' id='word_1_289' title='bbox 2038 1826 2147 1870; x_wconf 81' lang='lat' dir='ltr'><strong>tum</strong></span> <span class='ocrx_word' id='word_1_290' title='bbox 2173 1817 2431 1886; x_wconf 75' lang='lat' dir='ltr'><strong>synodum</strong></span> <span class='ocrx_word' id='word_1_291' title='bbox 2459 1819 2516 1872; x_wconf 85' lang='lat' dir='ltr'><strong>iu</strong></span> <span class='ocrx_word' id='word_1_292' title='bbox 2551 1818 2820 1874; x_wconf 80' lang='lat' dir='ltr'><strong>Orientem</strong></span> <span class='ocrx_word' id='word_1_293' title='bbox 2840 1829 2892 1873; x_wconf 85' lang='lat' dir='ltr'><strong>et</strong></span> <span class='ocrx_word' id='word_1_294' title='bbox 2919 1820 3246 1874; x_wconf 79' lang='lat' dir='ltr'><strong>Occidentem</strong></span> <span class='ocrx_word' id='word_1_295' title='bbox 3271 1822 3438 1874; x_wconf 78' lang='lat' dir='ltr'><strong>scindi</strong></span> 
     </span>
    </p>
   </div>
   <div class='ocr_carea' id='block_1_41' title="bbox 1946 1886 2616 1956">
    <p class='ocr_par' dir='ltr' id='par_1_41' title="bbox 1946 1886 2616 1956">
     <span class='ocr_line' id='line_1_41' title="bbox 1946 1886 2616 1956; baseline 0.006 -18"><span class='ocrx_word' id='word_1_296' title='bbox 1946 1895 2106 1955; x_wconf 81' lang='lat' dir='ltr'><strong>atque</strong></span> <span class='ocrx_word' id='word_1_297' title='bbox 2145 1886 2308 1942; x_wconf 78' lang='lat' dir='ltr'><strong>dividi</strong></span> <span class='ocrx_word' id='word_1_298' title='bbox 2339 1886 2616 1956; x_wconf 76' lang='lat' dir='ltr'><strong>placuerit.</strong></span> 
     </span>
    </p>
   </div>
   <div class='ocr_carea' id='block_1_42' title="bbox 1949 1996 3436 2068">
    <p class='ocr_par' dir='ltr' id='par_1_42' title="bbox 1949 1996 3436 2068">
     <span class='ocr_line' id='line_1_42' title="bbox 1949 1996 3436 2068; baseline 0.001 -18"><span class='ocrx_word' id='word_1_299' title='bbox 1949 1996 2074 2052; x_wconf 64' lang='lat' dir='ltr'><strong>Hac</strong></span> <span class='ocrx_word' id='word_1_300' title='bbox 2109 1997 2165 2052; x_wconf 94' lang='lat' dir='ltr'><strong>in</strong></span> <span class='ocrx_word' id='word_1_301' title='bbox 2196 1998 2402 2054; x_wconf 89' lang='lat' dir='ltr'><strong>Sirmio</strong></span> <span class='ocrx_word' id='word_1_302' title='bbox 2433 2007 2575 2054; x_wconf 88' lang='lat' dir='ltr'><strong>acta.</strong></span> <span class='ocrx_word' id='word_1_303' title='bbox 2606 1998 2673 2053; x_wconf 89' lang='lat' dir='ltr'><strong>Et</strong></span> <span class='ocrx_word' id='word_1_304' title='bbox 2704 1999 2938 2068; x_wconf 80' lang='lat' dir='ltr'><strong>pulchre</strong></span> <span class='ocrx_word' id='word_1_305' title='bbox 2984 1999 3283 2054; x_wconf 90' lang='lat' dir='ltr'><strong>convenire</strong></span> <span class='ocrx_word' id='word_1_306' title='bbox 3321 2008 3436 2053; x_wconf 89' lang='lat' dir='ltr'><strong>tum</strong></span> 
     </span>
    </p>
   </div>
   <div class='ocr_carea' id='block_1_43' title="bbox 1875 2086 3440 2147">
    <p class='ocr_par' dir='ltr' id='par_1_43' title="bbox 1875 2086 3440 2147">
     <span class='ocr_line' id='line_1_43' title="bbox 1875 2086 3440 2147; baseline 0.003 -5"><span class='ocrx_word' id='word_1_307' title='bbox 1875 2086 2249 2145; x_wconf 84' lang='lat' dir='ltr'><strong>Orientalibus</strong></span> <span class='ocrx_word' id='word_1_308' title='bbox 2297 2105 2421 2144; x_wconf 89' lang='lat' dir='ltr'><strong>cum</strong></span> <span class='ocrx_word' id='word_1_309' title='bbox 2463 2089 2916 2146; x_wconf 85' lang='lat' dir='ltr'><strong>Occidentalibus</strong></span> <span class='ocrx_word' id='word_1_310' title='bbox 2957 2100 3042 2147; x_wconf 86' lang='lat' dir='ltr'><strong>est</strong></span> <span class='ocrx_word' id='word_1_311' title='bbox 3090 2092 3290 2145; x_wconf 87' lang='lat' dir='ltr'><strong>visum.</strong></span> <span class='ocrx_word' id='word_1_312' title='bbox 3329 2092 3440 2146; x_wconf 80' lang='lat' dir='ltr'><strong>Res</strong></span> 
     </span>
    </p>
   </div>
   <div class='ocr_carea' id='block_1_44' title="bbox 1876 2181 3437 2252">
    <p class='ocr_par' dir='ltr' id='par_1_44' title="bbox 1876 2181 3437 2252">
     <span class='ocr_line' id='line_1_44' title="bbox 1876 2181 3437 2252; baseline 0.003 -20"><span class='ocrx_word' id='word_1_313' title='bbox 1876 2195 2007 2235; x_wconf 87' lang='lat' dir='ltr'><strong>vero</strong></span> <span class='ocrx_word' id='word_1_314' title='bbox 2037 2181 2199 2236; x_wconf 83' lang='lat' dir='ltr'><strong>aliter</strong></span> <span class='ocrx_word' id='word_1_315' title='bbox 2223 2196 2283 2236; x_wconf 89' lang='lat' dir='ltr'><strong>se</strong></span> <span class='ocrx_word' id='word_1_316' title='bbox 2314 2181 2576 2238; x_wconf 85' lang='lat' dir='ltr'><strong>habebat.</strong></span> <span class='ocrx_word' id='word_1_317' title='bbox 2609 2183 2969 2252; x_wconf 86' lang='lat' dir='ltr'><strong>Imperatoris</strong></span> <span class='ocrx_word' id='word_1_318' title='bbox 2995 2184 3144 2238; x_wconf 91' lang='lat' dir='ltr'><strong>enim</strong></span> <span class='ocrx_word' id='word_1_319' title='bbox 3173 2193 3351 2238; x_wconf 88' lang='lat' dir='ltr'><strong>metus</strong></span> <span class='ocrx_word' id='word_1_320' title='bbox 3381 2183 3437 2236; x_wconf 88' lang='lat' dir='ltr'><strong>id</strong></span> 
     </span>
    </p>
   </div>
   <div class='ocr_carea' id='block_1_45' title="bbox 1879 2269 3442 2343">
    <p class='ocr_par' dir='ltr' id='par_1_45' title="bbox 1879 2269 3442 2343">
     <span class='ocr_line' id='line_1_45' title="bbox 1879 2269 3442 2343; baseline 0.003 -20"><span class='ocrx_word' id='word_1_321' title='bbox 1879 2269 2166 2326; x_wconf 78' lang='lat' dir='ltr'><strong>faciebat:</strong></span> <span class='ocrx_word' id='word_1_322' title='bbox 2207 2273 2296 2327; x_wconf 92' lang='lat' dir='ltr'><strong>cui</strong></span> <span class='ocrx_word' id='word_1_323' title='bbox 2349 2282 2576 2343; x_wconf 86' lang='lat' dir='ltr'><strong>propter</strong></span> <span class='ocrx_word' id='word_1_324' title='bbox 2623 2273 2764 2327; x_wconf 83' lang='lat' dir='ltr'><strong>Aetii</strong></span> <span class='ocrx_word' id='word_1_325' title='bbox 2813 2282 2870 2328; x_wconf 89' lang='lat' dir='ltr'><strong>ct</strong></span> <span class='ocrx_word' id='word_1_326' title='bbox 2917 2273 3154 2328; x_wconf 81' lang='lat' dir='ltr'><strong>Eudoxii</strong></span> <span class='ocrx_word' id='word_1_327' title='bbox 3198 2273 3258 2343; x_wconf 32' lang='lat' dir='ltr'><strong>in.</strong></span> <span class='ocrx_word' id='word_1_328' title='bbox 3303 2274 3442 2328; x_wconf 87' lang='lat' dir='ltr'><strong>urbe</strong></span> 
     </span>
    </p>
   </div>
   <div class='ocr_carea' id='block_1_46' title="bbox 1875 2365 3440 2422">
    <p class='ocr_par' dir='ltr' id='par_1_46' title="bbox 1875 2365 3440 2422">
     <span class='ocr_line' id='line_1_46' title="bbox 1875 2365 3440 2422; baseline 0.001 -5"><span class='ocrx_word' id='word_1_329' title='bbox 1875 2365 2225 2420; x_wconf 81' lang='lat' dir='ltr'><strong>Antiochena</strong></span> <span class='ocrx_word' id='word_1_330' title='bbox 2276 2366 2545 2422; x_wconf 79' lang='lat' dir='ltr'><strong>excitatas</strong></span> <span class='ocrx_word' id='word_1_331' title='bbox 2585 2381 2674 2420; x_wconf 88' lang='lat' dir='ltr'><strong>res</strong></span> <span class='ocrx_word' id='word_1_332' title='bbox 2739 2381 2910 2420; x_wconf 90' lang='lat' dir='ltr'><strong>novas</strong></span> <span class='ocrx_word' id='word_1_333' title='bbox 2969 2381 3188 2420; x_wconf 87' lang='lat' dir='ltr'><strong>rursum</strong></span> <span class='ocrx_word' id='word_1_334' title='bbox 3244 2366 3440 2421; x_wconf 74' lang='lat' dir='ltr'><strong>Nica-a:</strong></span> 
     </span>
    </p>
   </div>
   <div class='ocr_carea' id='block_1_47' title="bbox 1876 2459 3440 2530">
    <p class='ocr_par' dir='ltr' id='par_1_47' title="bbox 1876 2459 3440 2530">
     <span class='ocr_line' id='line_1_47' title="bbox 1876 2459 3440 2530; baseline -0.002 -16"><span class='ocrx_word' id='word_1_335' title='bbox 1876 2459 2147 2530; x_wconf 84' lang='lat' dir='ltr'><strong>synodum</strong></span> <span class='ocrx_word' id='word_1_336' title='bbox 2179 2474 2377 2530; x_wconf 79' lang='lat' dir='ltr'><strong>cogere</strong></span> <span class='ocrx_word' id='word_1_337' title='bbox 2409 2459 2638 2530; x_wconf 85' lang='lat' dir='ltr'><strong>placuit.</strong></span> <span class='ocrx_word' id='word_1_338' title='bbox 2668 2461 2807 2514; x_wconf 88' lang='lat' dir='ltr'><strong>Cum</strong></span> <span class='ocrx_word' id='word_1_339' title='bbox 2838 2468 3021 2514; x_wconf 89' lang='lat' dir='ltr'><strong>autem</strong></span> <span class='ocrx_word' id='word_1_340' title='bbox 3061 2459 3298 2514; x_wconf 88' lang='lat' dir='ltr'><strong>Basilius</strong></span> <span class='ocrx_word' id='word_1_341' title='bbox 3334 2461 3440 2512; x_wconf 73' lang='lat' dir='ltr'><strong>An-</strong></span> 
     </span>
    </p>
   </div>
   <div class='ocr_carea' id='block_1_48' title="bbox 1877 2547 3442 2620">
    <p class='ocr_par' dir='ltr' id='par_1_48' title="bbox 1877 2547 3442 2620">
     <span class='ocr_line' id='line_1_48' title="bbox 1877 2547 3442 2620; baseline -0.002 -16"><span class='ocrx_word' id='word_1_342' title='bbox 1877 2565 2116 2620; x_wconf 86' lang='lat' dir='ltr'><strong>cyranus</strong></span> <span class='ocrx_word' id='word_1_343' title='bbox 2158 2559 2352 2605; x_wconf 88' lang='lat' dir='ltr'><strong>contra</strong></span> <span class='ocrx_word' id='word_1_344' title='bbox 2409 2555 2703 2617; x_wconf 84' lang='lat' dir='ltr'><strong>niteretur,</strong></span> <span class='ocrx_word' id='word_1_345' title='bbox 2755 2550 2898 2620; x_wconf 89' lang='lat' dir='ltr'><strong>quod</strong></span> <span class='ocrx_word' id='word_1_346' title='bbox 2945 2550 3183 2620; x_wconf 80' lang='lat' dir='ltr'><strong>primum</strong></span> <span class='ocrx_word' id='word_1_347' title='bbox 3239 2549 3314 2602; x_wconf 89' lang='lat' dir='ltr'><strong>ibi</strong></span> <span class='ocrx_word' id='word_1_348' title='bbox 3371 2547 3442 2602; x_wconf 82' lang='lat' dir='ltr'><strong>de</strong></span> 
     </span>
    </p>
   </div>
   <div class='ocr_carea' id='block_1_49' title="bbox 1880 2640 3442 2712">
    <p class='ocr_par' dir='ltr' id='par_1_49' title="bbox 1880 2640 3442 2712">
     <span class='ocr_line' id='line_1_49' title="bbox 1880 2640 3442 2712; baseline -0.001 -16"><span class='ocrx_word' id='word_1_349' title='bbox 1880 2642 1984 2697; x_wconf 81' lang='lat' dir='ltr'><strong>ﬁde</strong></span> <span class='ocrx_word' id='word_1_350' title='bbox 2033 2641 2391 2712; x_wconf 85' lang='lat' dir='ltr'><strong>disquisitum</strong></span> <span class='ocrx_word' id='word_1_351' title='bbox 2446 2652 2618 2705; x_wconf 81' lang='lat' dir='ltr'><strong>esset,</strong></span> <span class='ocrx_word' id='word_1_352' title='bbox 2679 2641 2854 2711; x_wconf 74' lang='lat' dir='ltr'><strong>magis</strong></span> <span class='ocrx_word' id='word_1_353' title='bbox 2899 2642 3221 2704; x_wconf 83' lang='lat' dir='ltr'><strong>convenire,</strong></span> <span class='ocrx_word' id='word_1_354' title='bbox 3276 2649 3336 2695; x_wconf 90' lang='lat' dir='ltr'><strong>ut</strong></span> <span class='ocrx_word' id='word_1_355' title='bbox 3387 2640 3442 2695; x_wconf 89' lang='lat' dir='ltr'><strong>id</strong></span> 
     </span>
    </p>
   </div>
   <div class='ocr_carea' id='block_1_50' title="bbox 1879 2731 3441 2803">
    <p class='ocr_par' dir='ltr' id='par_1_50' title="bbox 1879 2731 3441 2803">
     <span class='ocr_line' id='line_1_50' title="bbox 1879 2731 3441 2803; baseline -0.001 -15"><span class='ocrx_word' id='word_1_356' title='bbox 1879 2734 2214 2789; x_wconf 72' lang='lat' dir='ltr'><strong>Nicomedia:</strong></span> <span class='ocrx_word' id='word_1_357' title='bbox 2246 2734 2424 2796; x_wconf 80' lang='lat' dir='ltr'><strong>ﬁeret,</strong></span> <span class='ocrx_word' id='word_1_358' title='bbox 2457 2742 2544 2790; x_wconf 92' lang='lat' dir='ltr'><strong>est</strong></span> <span class='ocrx_word' id='word_1_359' title='bbox 2569 2734 2769 2789; x_wconf 90' lang='lat' dir='ltr'><strong>visum.</strong></span> <span class='ocrx_word' id='word_1_360' title='bbox 2803 2734 2872 2788; x_wconf 87' lang='grc' dir='ltr'>Ει</span> <span class='ocrx_word' id='word_1_361' title='bbox 2891 2749 2957 2788; x_wconf 83' lang='lat' dir='ltr'><strong>ex</strong></span> <span class='ocrx_word' id='word_1_362' title='bbox 2991 2731 3441 2803; x_wconf 79' lang='lat' dir='ltr'><strong>nationibusjam</strong></span> 
     </span>
    </p>
   </div>
   <div class='ocr_carea' id='block_1_51' title="bbox 1877 2826 3441 2896">
    <p class='ocr_par' dir='ltr' id='par_1_51' title="bbox 1877 2826 3441 2896">
     <span class='ocr_line' id='line_1_51' title="bbox 1877 2826 3441 2896; baseline -0.001 -16"><span class='ocrx_word' id='word_1_363' title='bbox 1877 2828 2157 2891; x_wconf 89' lang='lat' dir='ltr'><strong>omnibus,</strong></span> <span class='ocrx_word' id='word_1_364' title='bbox 2188 2827 2281 2896; x_wconf 91' lang='lat' dir='ltr'><strong>qui</strong></span> <span class='ocrx_word' id='word_1_365' title='bbox 2327 2827 2415 2882; x_wconf 90' lang='lat' dir='ltr'><strong>vel</strong></span> <span class='ocrx_word' id='word_1_366' title='bbox 2453 2845 2483 2880; x_wconf 91' lang='lat' dir='ltr'><strong>a</strong></span> <span class='ocrx_word' id='word_1_367' title='bbox 2516 2826 2834 2896; x_wconf 85' lang='lat' dir='ltr'><strong>prudentia,</strong></span> <span class='ocrx_word' id='word_1_368' title='bbox 2867 2827 2952 2882; x_wconf 88' lang='lat' dir='ltr'><strong>vel</strong></span> <span class='ocrx_word' id='word_1_369' title='bbox 3001 2827 3073 2881; x_wconf 87' lang='lat' dir='ltr'><strong>ab</strong></span> <span class='ocrx_word' id='word_1_370' title='bbox 3121 2826 3441 2894; x_wconf 79' lang='lat' dir='ltr'><strong>eloquentia</strong></span> 
     </span>
    </p>
   </div>
   <div class='ocr_carea' id='block_1_52' title="bbox 1877 2913 3440 2988">
    <p class='ocr_par' dir='ltr' id='par_1_52' title="bbox 1877 2913 3440 2988">
     <span class='ocr_line' id='line_1_52' title="bbox 1877 2913 3440 2988; baseline -0.001 -15"><span class='ocrx_word' id='word_1_371' title='bbox 1877 2913 2088 2988; x_wconf 85' lang='lat' dir='ltr'><strong>aliquid</strong></span> <span class='ocrx_word' id='word_1_372' title='bbox 2116 2925 2389 2983; x_wconf 85' lang='lat' dir='ltr'><strong>valerent,</strong></span> <span class='ocrx_word' id='word_1_373' title='bbox 2432 2919 2676 2988; x_wconf 88' lang='lat' dir='ltr'><strong>episcopi</strong></span> <span class='ocrx_word' id='word_1_374' title='bbox 2722 2933 2790 2973; x_wconf 86' lang='lat' dir='ltr'><strong>eo</strong></span> <span class='ocrx_word' id='word_1_375' title='bbox 2833 2918 3262 2973; x_wconf 86' lang='lat' dir='ltr'><strong>contendebant.</strong></span> <span class='ocrx_word' id='word_1_376' title='bbox 3299 2917 3440 2972; x_wconf 85' lang='lat' dir='ltr'><strong>Cum</strong></span> 
     </span>
    </p>
   </div>
   <div class='ocr_carea' id='block_1_53' title="bbox 229 3006 1771 3080">
    <p class='ocr_par' dir='ltr' id='par_1_53' title="bbox 229 3006 1771 3080">
     <span class='ocr_line' id='line_1_53' title="bbox 229 3006 1771 3080; baseline 0.003 -21"><span class='ocrx_word' id='word_1_377' title='bbox 229 3010 327 3076; x_wconf 76' lang='grc' dir='ltr'><strong>ψας</strong></span> <span class='ocrx_word' id='word_1_378' title='bbox 355 3008 452 3076; x_wconf 87' lang='grc' dir='ltr'><strong>τήν</strong></span> <span class='ocrx_word' id='word_1_379' title='bbox 495 3025 557 3061; x_wconf 81' lang='grc' dir='ltr'><strong>τε</strong></span> <span class='ocrx_word' id='word_1_380' title='bbox 613 3009 770 3061; x_wconf 85' lang='grc' dir='ltr'>πόλιν</span> <span class='ocrx_word' id='word_1_381' title='bbox 809 3009 1026 3062; x_wconf 76' lang='grc' dir='ltr'>καὶτὸν</span> <span class='ocrx_word' id='word_1_382' title='bbox 1071 3010 1271 3063; x_wconf 71' lang='grc' dir='ltr'>νεωστὶ</span> <span class='ocrx_word' id='word_1_383' title='bbox 1304 3009 1600 3080; x_wconf 74' lang='grc' dir='ltr'><strong>ἐγερθέντα</strong></span> <span class='ocrx_word' id='word_1_384' title='bbox 1626 3006 1771 3064; x_wconf 82' lang='grc' dir='ltr'>οἷκον</span> 
     </span>
    </p>
   </div>
   <div class='ocr_carea' id='block_1_54' title="bbox 1877 3006 3440 3080">
    <p class='ocr_par' dir='ltr' id='par_1_54' title="bbox 1882 3009 3440 3080">
     <span class='ocr_line' id='line_1_54' title="bbox 1882 3009 3440 3080; baseline -0.001 -15"><span class='ocrx_word' id='word_1_385' title='bbox 1882 3019 2226 3065; x_wconf 72' lang='grc' dir='ltr'>ιεττιειηοιυε</span> <span class='ocrx_word' id='word_1_386' title='bbox 2268 3011 2460 3080; x_wconf 74' lang='lat' dir='ltr'><strong>ingens</strong></span> <span class='ocrx_word' id='word_1_387' title='bbox 2493 3020 2722 3066; x_wconf 83' lang='lat' dir='ltr'><strong>exortus</strong></span> <span class='ocrx_word' id='word_1_388' title='bbox 2757 3011 2975 3074; x_wconf 87' lang='lat' dir='ltr'><strong>urbem,</strong></span> <span class='ocrx_word' id='word_1_389' title='bbox 3007 3023 3064 3066; x_wconf 89' lang='lat' dir='ltr'><strong>et</strong></span> <span class='ocrx_word' id='word_1_390' title='bbox 3101 3009 3263 3064; x_wconf 86' lang='lat' dir='ltr'><strong>simul</strong></span> <span class='ocrx_word' id='word_1_391' title='bbox 3300 3018 3440 3064; x_wconf 87' lang='lat' dir='ltr'><strong>tem-</strong></span> 
     </span>
    </p>
   </div>
   <div class='ocr_carea' id='block_1_55' title="bbox 235 3071 1771 3172">
    <p class='ocr_par' dir='ltr' id='par_1_55' title="bbox 235 3071 1771 3172">
     <span class='ocr_line' id='line_1_55' title="bbox 235 3071 1771 3172; baseline 0.003 -22"><span class='ocrx_word' id='word_1_392' title='bbox 235 3071 295 3150; x_wconf 58' lang='grc' dir='ltr'>ἐκ</span> <span class='ocrx_word' id='word_1_393' title='bbox 322 3071 528 3169; x_wconf 71' lang='grc' dir='ltr'>βάθρων</span> <span class='ocrx_word' id='word_1_394' title='bbox 581 3100 870 3153; x_wconf 77' lang='grc' dir='ltr'><strong>κατέσεισε</strong></span> <span class='ocrx_word' id='word_1_395' title='bbox 928 3102 1024 3154; x_wconf 85' lang='grc' dir='ltr'>καὶ</span> <span class='ocrx_word' id='word_1_396' title='bbox 1072 3071 1519 3172; x_wconf 48' lang='grc' dir='ltr'>κατήρειψείκαὶ</span> <span class='ocrx_word' id='word_1_397' title='bbox 1546 3102 1771 3166; x_wconf 80' lang='grc' dir='ltr'>πολλοὺς</span> 
     </span>
    </p>
   </div>
   <div class='ocr_carea' id='block_1_56' title="bbox 1877 3071 3545 3172">
    <p class='ocr_par' dir='ltr' id='par_1_56' title="bbox 1883 3099 3545 3171">
     <span class='ocr_line' id='line_1_56' title="bbox 1883 3099 3545 3171; baseline -0.002 -16"><span class='ocrx_word' id='word_1_398' title='bbox 1883 3101 2032 3171; x_wconf 90' lang='lat' dir='ltr'><strong>plum</strong></span> <span class='ocrx_word' id='word_1_399' title='bbox 2058 3117 2237 3170; x_wconf 86' lang='lat' dir='ltr'><strong>nuper</strong></span> <span class='ocrx_word' id='word_1_400' title='bbox 2260 3100 2558 3156; x_wconf 86' lang='lat' dir='ltr'><strong>admodum</strong></span> <span class='ocrx_word' id='word_1_401' title='bbox 2585 3110 2988 3166; x_wconf 83' lang='lat' dir='ltr'><strong>constructum,</strong></span> <span class='ocrx_word' id='word_1_402' title='bbox 3018 3115 3086 3155; x_wconf 77' lang='lat' dir='ltr'><strong>ex</strong></span> <span class='ocrx_word' id='word_1_403' title='bbox 3110 3099 3442 3154; x_wconf 82' lang='lat' dir='ltr'><strong>fundamen-</strong></span> <span class='ocrx_word' id='word_1_404' title='bbox 3529 3099 3545 3113; x_wconf 86' lang='grc'>⁶</span> 
     </span>
    </p>
   </div>
   <div class='ocr_carea' id='block_1_57' title="bbox 231 3191 1776 3265">
    <p class='ocr_par' dir='ltr' id='par_1_57' title="bbox 231 3191 1776 3265">
     <span class='ocr_line' id='line_1_57' title="bbox 231 3191 1776 3265; baseline 0.001 -20"><span class='ocrx_word' id='word_1_405' title='bbox 231 3193 330 3261; x_wconf 79' lang='grc' dir='ltr'>ὅπη</span> <span class='ocrx_word' id='word_1_406' title='bbox 359 3191 542 3263; x_wconf 72' lang='grc' dir='ltr'><strong>ἔτυχεν</strong></span> <span class='ocrx_word' id='word_1_407' title='bbox 569 3193 828 3253; x_wconf 73' lang='grc' dir='ltr'>ἕκαστον,</span> <span class='ocrx_word' id='word_1_408' title='bbox 856 3193 889 3261; x_wconf 79' lang='grc' dir='ltr'>ἢ</span> <span class='ocrx_word' id='word_1_409' title='bbox 921 3193 1130 3248; x_wconf 74' lang='grc' dir='ltr'><strong>ἔσωσεν</strong></span> <span class='ocrx_word' id='word_1_410' title='bbox 1163 3195 1195 3265; x_wconf 85' lang='grc' dir='ltr'>ἦ</span> <span class='ocrx_word' id='word_1_411' title='bbox 1233 3193 1530 3262; x_wconf 79' lang='grc' dir='ltr'>διέφθειρε·</span> <span class='ocrx_word' id='word_1_412' title='bbox 1566 3196 1776 3264; x_wconf 81' lang='grc' dir='ltr'>Κεκρο-</span> 
     </span>
    </p>
   </div>
   <div class='ocr_carea' id='block_1_58' title="bbox 233 3283 1777 3355">
    <p class='ocr_par' dir='ltr' id='par_1_58' title="bbox 233 3283 1777 3355">
     <span class='ocr_line' id='line_1_58' title="bbox 233 3283 1777 3355; baseline 0.001 -19"><span class='ocrx_word' id='word_1_413' title='bbox 233 3285 348 3336; x_wconf 87' lang='grc' dir='ltr'>πίου</span> <span class='ocrx_word' id='word_1_414' title='bbox 382 3283 473 3336; x_wconf 82' lang='grc' dir='ltr'>τοῦ</span> <span class='ocrx_word' id='word_1_415' title='bbox 515 3284 892 3354; x_wconf 78' lang='grc' dir='ltr'>Νικομηδείας</span> <span class='ocrx_word' id='word_1_416' title='bbox 939 3285 1036 3337; x_wconf 73' lang='grc' dir='ltr'>καὶ</span> <span class='ocrx_word' id='word_1_417' title='bbox 1066 3284 1230 3338; x_wconf 77' lang='grc' dir='ltr'>ἄλλου</span> <span class='ocrx_word' id='word_1_418' title='bbox 1272 3284 1336 3355; x_wconf 84' lang='grc' dir='ltr'>δή</span> <span class='ocrx_word' id='word_1_419' title='bbox 1380 3302 1524 3347; x_wconf 76' lang='grc' dir='ltr'>τινος</span> <span class='ocrx_word' id='word_1_420' title='bbox 1555 3284 1777 3338; x_wconf 76' lang='grc' dir='ltr'>ἐπισκό-</span> 
     </span>
    </p>
   </div>
   <div class='ocr_carea' id='block_1_59' title="bbox 233 3379 1775 3449">
    <p class='ocr_par' dir='ltr' id='par_1_59' title="bbox 233 3379 1775 3449">
     <span class='ocr_line' id='line_1_59' title="bbox 233 3379 1775 3449; baseline 0.003 -21"><span class='ocrx_word' id='word_1_421' title='bbox 233 3393 330 3429; x_wconf 80' lang='grc' dir='ltr'><strong>που</strong></span> <span class='ocrx_word' id='word_1_422' title='bbox 361 3379 636 3449; x_wconf 55' lang='grc' dir='ltr'>ιάκαριαία</span> <span class='ocrx_word' id='word_1_423' title='bbox 664 3382 823 3448; x_wconf 75' lang='grc' dir='ltr'><strong>’ροπῇ</strong></span> <span class='ocrx_word' id='word_1_424' title='bbox 871 3379 1230 3446; x_wconf 79' lang='grc' dir='ltr'>διαφυγόντος</span> <span class='ocrx_word' id='word_1_425' title='bbox 1262 3379 1354 3432; x_wconf 78' lang='grc' dir='ltr'>τὸν</span> <span class='ocrx_word' id='word_1_426' title='bbox 1402 3379 1671 3433; x_wconf 83' lang='grc' dir='ltr'>κίνδυνον.</span> <span class='ocrx_word' id='word_1_427' title='bbox 1709 3381 1775 3433; x_wconf 82' lang='grc'><strong>’0</strong></span> 
     </span>
    </p>
   </div>
   <div class='ocr_carea' id='block_1_60' title="bbox 233 3472 1776 3544">
    <p class='ocr_par' dir='ltr' id='par_1_60' title="bbox 233 3472 1776 3544">
     <span class='ocr_line' id='line_1_60' title="bbox 233 3472 1776 3544; baseline 0.001 -20"><span class='ocrx_word' id='word_1_428' title='bbox 233 3472 528 3541; x_wconf 76' lang='grc' dir='ltr'>ἁπανταχοῦ</span> <span class='ocrx_word' id='word_1_429' title='bbox 572 3476 638 3543; x_wconf 83' lang='grc' dir='ltr'>τῇ</span> <span class='ocrx_word' id='word_1_430' title='bbox 699 3475 855 3544; x_wconf 75' lang='grc' dir='ltr'>φήμῃ</span> <span class='ocrx_word' id='word_1_431' title='bbox 907 3472 1097 3536; x_wconf 73' lang='grc' dir='ltr'>δοθὲν,</span> <span class='ocrx_word' id='word_1_432' title='bbox 1150 3473 1248 3540; x_wconf 65' lang='grc' dir='ltr'><strong>τὴν</strong></span> <span class='ocrx_word' id='word_1_433' title='bbox 1300 3474 1411 3525; x_wconf 83' lang='grc' dir='ltr'>τῶν</span> <span class='ocrx_word' id='word_1_434' title='bbox 1462 3474 1776 3526; x_wconf 77' lang='grc' dir='ltr'>ἐπισκόπων</span> 
     </span>
    </p>
   </div>
   <div class='ocr_carea' id='block_1_61' title="bbox 233 3564 1776 3634">
    <p class='ocr_par' dir='ltr' id='par_1_61' title="bbox 233 3564 1776 3634">
     <span class='ocr_line' id='line_1_61' title="bbox 233 3564 1776 3634; baseline -0.001 -17"><span class='ocrx_word' id='word_1_435' title='bbox 233 3564 404 3630; x_wconf 71' lang='grc' dir='ltr'>ἄφιξιν</span> <span class='ocrx_word' id='word_1_436' title='bbox 451 3566 763 3633; x_wconf 79' lang='grc' dir='ltr'><strong>ἀνεχαίτισε</strong></span> <span class='ocrx_word' id='word_1_437' title='bbox 789 3579 804 3595; x_wconf 85' lang='grc'>⁶</span> <span class='ocrx_word' id='word_1_438' title='bbox 841 3566 936 3618; x_wconf 73' lang='grc' dir='ltr'>καὶ</span> <span class='ocrx_word' id='word_1_439' title='bbox 987 3565 1095 3634; x_wconf 80' lang='grc' dir='ltr'>γὰρ</span> <span class='ocrx_word' id='word_1_440' title='bbox 1123 3565 1217 3618; x_wconf 71' lang='grc' dir='ltr'>καὶ</span> <span class='ocrx_word' id='word_1_441' title='bbox 1264 3564 1522 3628; x_wconf 83' lang='grc' dir='ltr'>Νίκαιαν,</span> <span class='ocrx_word' id='word_1_442' title='bbox 1549 3567 1645 3619; x_wconf 75' lang='grc' dir='ltr'>καὶ</span> <span class='ocrx_word' id='word_1_443' title='bbox 1675 3565 1776 3634; x_wconf 80' lang='grc' dir='ltr'><strong>τὴν</strong></span> 
     </span>
    </p>
   </div>
   <div class='ocr_carea' id='block_1_62' title="bbox 235 3652 1776 3724">
    <p class='ocr_par' dir='ltr' id='par_1_62' title="bbox 235 3652 1776 3724">
     <span class='ocr_line' id='line_1_62' title="bbox 235 3652 1776 3724; baseline 0 -20"><span class='ocrx_word' id='word_1_444' title='bbox 235 3654 648 3715; x_wconf 82' lang='grc' dir='ltr'>Κωνσταντίνου,</span> <span class='ocrx_word' id='word_1_445' title='bbox 686 3653 782 3706; x_wconf 72' lang='grc' dir='ltr'>καὶ</span> <span class='ocrx_word' id='word_1_446' title='bbox 817 3653 1123 3723; x_wconf 80' lang='grc' dir='ltr'>Πείρινθον,</span> <span class='ocrx_word' id='word_1_447' title='bbox 1160 3654 1255 3706; x_wconf 78' lang='grc' dir='ltr'>καὶ</span> <span class='ocrx_word' id='word_1_448' title='bbox 1296 3652 1462 3715; x_wconf 77' lang='grc' dir='ltr'>ἄλλας</span> <span class='ocrx_word' id='word_1_449' title='bbox 1505 3653 1776 3724; x_wconf 79' lang='grc' dir='ltr'>Θρᾳκῴας</span> 
     </span>
    </p>
   </div>
   <div class='ocr_carea' id='block_1_63' title="bbox 235 3744 1775 3815">
    <p class='ocr_par' dir='ltr' id='par_1_63' title="bbox 235 3744 1775 3815">
     <span class='ocr_line' id='line_1_63' title="bbox 235 3744 1775 3815; baseline 0.001 -19"><span class='ocrx_word' id='word_1_450' title='bbox 235 3746 405 3808; x_wconf 75' lang='grc' dir='ltr'>πόλεις</span> <span class='ocrx_word' id='word_1_451' title='bbox 434 3745 798 3814; x_wconf 79' lang='grc' dir='ltr'>διαφθαρῆναι</span> <span class='ocrx_word' id='word_1_452' title='bbox 837 3748 872 3815; x_wconf 84' lang='grc' dir='ltr'>ἠ</span> <span class='ocrx_word' id='word_1_453' title='bbox 909 3745 1070 3814; x_wconf 83' lang='grc' dir='ltr'><strong>φήμη</strong></span> <span class='ocrx_word' id='word_1_454' title='bbox 1092 3744 1482 3815; x_wconf 71' lang='grc' dir='ltr'>κατήγγελλεν.</span> <span class='ocrx_word' id='word_1_455' title='bbox 1521 3744 1775 3813; x_wconf 75' lang='grc' dir='ltr'>Ἐλέγετο</span> 
     </span>
    </p>
   </div>
   <div class='ocr_carea' id='block_1_64' title="bbox 233 3835 1774 3913">
    <p class='ocr_par' dir='ltr' id='par_1_64' title="bbox 233 3835 1774 3913">
     <span class='ocr_line' id='line_1_64' title="bbox 233 3835 1774 3913; baseline -0.002 -22"><span class='ocrx_word' id='word_1_456' title='bbox 233 3840 304 3903; x_wconf 70' lang='grc' dir='ltr'>δὲ,</span> <span class='ocrx_word' id='word_1_457' title='bbox 346 3841 627 3913; x_wconf 78' lang='grc' dir='ltr'>’Ᾱρσὰκιόν</span> <span class='ocrx_word' id='word_1_458' title='bbox 662 3855 786 3893; x_wconf 84' lang='grc' dir='ltr'>τινα</span> <span class='ocrx_word' id='word_1_459' title='bbox 821 3837 1160 3908; x_wconf 78' lang='grc' dir='ltr'>όμολογητὴν</span> <span class='ocrx_word' id='word_1_460' title='bbox 1190 3838 1282 3890; x_wconf 70' lang='grc' dir='ltr'><strong>ἐπὶ</strong></span> <span class='ocrx_word' id='word_1_461' title='bbox 1327 3837 1574 3892; x_wconf 80' lang='grc' dir='ltr'>Λικινίου</span> <span class='ocrx_word' id='word_1_462' title='bbox 1615 3835 1774 3905; x_wconf 88' lang='grc' dir='ltr'>γενό-</span> 
     </span>
    </p>
   </div>
   <div class='ocr_carea' id='block_1_65' title="bbox 239 3926 1773 3999">
    <p class='ocr_par' dir='ltr' id='par_1_65' title="bbox 239 3926 1773 3999">
     <span class='ocr_line' id='line_1_65' title="bbox 239 3926 1773 3999; baseline -0.003 -15"><span class='ocrx_word' id='word_1_463' title='bbox 239 3949 400 3999; x_wconf 80' lang='grc' dir='ltr'>μενον,</span> <span class='ocrx_word' id='word_1_464' title='bbox 441 3934 497 3996; x_wconf 79' lang='grc' dir='ltr'>ὃς</span> <span class='ocrx_word' id='word_1_465' title='bbox 536 3932 648 3985; x_wconf 76' lang='grc' dir='ltr'>ἀπδ</span> <span class='ocrx_word' id='word_1_466' title='bbox 678 3930 992 3999; x_wconf 84' lang='grc' dir='ltr'>θηροκόμου</span> <span class='ocrx_word' id='word_1_467' title='bbox 1022 3928 1364 3997; x_wconf 83' lang='grc' dir='ltr'>στρατιώτης</span> <span class='ocrx_word' id='word_1_468' title='bbox 1387 3927 1486 3991; x_wconf 83' lang='grc' dir='ltr'>ὢν,</span> <span class='ocrx_word' id='word_1_469' title='bbox 1517 3926 1773 3998; x_wconf 79' lang='grc' dir='ltr'>τηνικάδε</span> 
     </span>
    </p>
   </div>
   <div class='ocr_carea' id='block_1_66' title="bbox 234 4018 1773 4094">
    <p class='ocr_par' dir='ltr' id='par_1_66' title="bbox 234 4018 1773 4094">
     <span class='ocr_line' id='line_1_66' title="bbox 234 4018 1773 4094; baseline -0.003 -20"><span class='ocrx_word' id='word_1_470' title='bbox 234 4025 286 4074; x_wconf 78' lang='grc' dir='ltr'>ὲν</span> <span class='ocrx_word' id='word_1_471' title='bbox 332 4027 393 4094; x_wconf 79' lang='grc' dir='ltr'>τῇ</span> <span class='ocrx_word' id='word_1_472' title='bbox 447 4025 591 4094; x_wconf 77' lang='grc' dir='ltr'>ἄκρᾳ</span> <span class='ocrx_word' id='word_1_473' title='bbox 639 4020 1012 4092; x_wconf 81' lang='grc' dir='ltr'>Νικομηδείας</span> <span class='ocrx_word' id='word_1_474' title='bbox 1053 4019 1389 4088; x_wconf 75' lang='grc' dir='ltr'>ἐφιλοσόφει,</span> <span class='ocrx_word' id='word_1_475' title='bbox 1435 4019 1558 4088; x_wconf 77' lang='grc' dir='ltr'>ὄψιν</span> <span class='ocrx_word' id='word_1_476' title='bbox 1623 4018 1773 4072; x_wconf 79' lang='grc' dir='ltr'>θείαν</span> 
     </span>
    </p>
   </div>
   <div class='ocr_carea' id='block_1_67' title="bbox 235 4109 1772 4184">
    <p class='ocr_par' dir='ltr' id='par_1_67' title="bbox 235 4109 1772 4184">
     <span class='ocr_line' id='line_1_67' title="bbox 235 4109 1772 4184; baseline -0.001 -19"><span class='ocrx_word' id='word_1_477' title='bbox 235 4114 389 4184; x_wconf 83' lang='grc' dir='ltr'>τούτῳ</span> <span class='ocrx_word' id='word_1_478' title='bbox 427 4115 764 4183; x_wconf 81' lang='grc' dir='ltr'>ἀπαγγεῖλαι</span> <span class='ocrx_word' id='word_1_479' title='bbox 810 4113 880 4166; x_wconf 80' lang='grc' dir='ltr'><strong>τὰ</strong></span> <span class='ocrx_word' id='word_1_480' title='bbox 906 4111 1271 4182; x_wconf 82' lang='grc' dir='ltr'>γενησόμενα’</span> <span class='ocrx_word' id='word_1_481' title='bbox 1309 4109 1402 4164; x_wconf 83' lang='grc' dir='ltr'><strong>τδν</strong></span> <span class='ocrx_word' id='word_1_482' title='bbox 1427 4111 1486 4165; x_wconf 75' lang='grc' dir='ltr'>δὲ</span> <span class='ocrx_word' id='word_1_483' title='bbox 1514 4112 1772 4166; x_wconf 84' lang='grc' dir='ltr'>κατιόντα</span> 
     </span>
    </p>
   </div>
   <div class='ocr_carea' id='block_1_68' title="bbox 236 4203 1770 4275">
    <p class='ocr_par' dir='ltr' id='par_1_68' title="bbox 236 4203 1770 4275">
     <span class='ocr_line' id='line_1_68' title="bbox 236 4203 1770 4275; baseline -0.005 -17"><span class='ocrx_word' id='word_1_484' title='bbox 236 4209 316 4258; x_wconf 79' lang='grc' dir='ltr'>καὶ</span> <span class='ocrx_word' id='word_1_485' title='bbox 360 4211 467 4269; x_wconf 76' lang='grc' dir='ltr'>τοῖς</span> <span class='ocrx_word' id='word_1_486' title='bbox 525 4209 582 4259; x_wconf 81' lang='grc' dir='ltr'><strong>ὲν</strong></span> <span class='ocrx_word' id='word_1_487' title='bbox 640 4205 866 4275; x_wconf 80' lang='grc' dir='ltr'>κλήροις</span> <span class='ocrx_word' id='word_1_488' title='bbox 919 4203 1014 4257; x_wconf 81' lang='grc' dir='ltr'><strong>καὶ</strong></span> <span class='ocrx_word' id='word_1_489' title='bbox 1076 4203 1231 4264; x_wconf 79' lang='grc' dir='ltr'>λαοῖς</span> <span class='ocrx_word' id='word_1_490' title='bbox 1296 4203 1651 4264; x_wconf 85' lang='grc' dir='ltr'>κατειπόντα,</span> <span class='ocrx_word' id='word_1_491' title='bbox 1694 4203 1770 4272; x_wconf 74' lang='grc' dir='ltr'>μὴ</span> 
     </span>
    </p>
   </div>
   <div class='ocr_carea' id='block_1_69' title="bbox 238 4294 1770 4374">
    <p class='ocr_par' dir='ltr' id='par_1_69' title="bbox 238 4294 1770 4374">
     <span class='ocr_line' id='line_1_69' title="bbox 238 4294 1770 4374; baseline 0 -25"><span class='ocrx_word' id='word_1_492' title='bbox 238 4300 421 4353; x_wconf 74' lang='grc' dir='ltr'>πεῖσαι.</span> <span class='ocrx_word' id='word_1_493' title='bbox 453 4296 669 4350; x_wconf 83' lang='grc' dir='ltr'>Γελοῖον</span> <span class='ocrx_word' id='word_1_494' title='bbox 716 4296 774 4349; x_wconf 78' lang='grc' dir='ltr'>δέ</span> <span class='ocrx_word' id='word_1_495' title='bbox 828 4313 950 4348; x_wconf 88' lang='grc' dir='ltr'>τινα</span> <span class='ocrx_word' id='word_1_496' title='bbox 978 4294 1152 4360; x_wconf 79' lang='grc' dir='ltr'>δόξαι,</span> <span class='ocrx_word' id='word_1_497' title='bbox 1201 4294 1585 4374; x_wconf 80' lang='grc' dir='ltr'>ἀπροσδόκητα</span> <span class='ocrx_word' id='word_1_498' title='bbox 1626 4296 1770 4350; x_wconf 83' lang='grc' dir='ltr'>κακὰ</span> 
     </span>
    </p>
   </div>
   <div class='ocr_carea' id='block_1_70' title="bbox 1881 3190 3439 3262">
    <p class='ocr_par' dir='ltr' id='par_1_70' title="bbox 1881 3190 3439 3262">
     <span class='ocr_line' id='line_1_70' title="bbox 1881 3190 3439 3262; baseline -0.003 -16"><span class='ocrx_word' id='word_1_499' title='bbox 1881 3193 1949 3246; x_wconf 91' lang='lat' dir='ltr'><strong>tis</strong></span> <span class='ocrx_word' id='word_1_500' title='bbox 1984 3192 2122 3262; x_wconf 88' lang='lat' dir='ltr'><strong>ipsis</strong></span> <span class='ocrx_word' id='word_1_501' title='bbox 2148 3191 2429 3247; x_wconf 88' lang='lat' dir='ltr'><strong>concussit</strong></span> <span class='ocrx_word' id='word_1_502' title='bbox 2459 3198 2625 3261; x_wconf 87' lang='lat' dir='ltr'><strong>atque</strong></span> <span class='ocrx_word' id='word_1_503' title='bbox 2649 3190 2870 3262; x_wconf 85' lang='lat' dir='ltr'><strong>dejecit,</strong></span> <span class='ocrx_word' id='word_1_504' title='bbox 2905 3191 3221 3260; x_wconf 87' lang='lat' dir='ltr'><strong>multosque</strong></span> <span class='ocrx_word' id='word_1_505' title='bbox 3251 3203 3350 3258; x_wconf 91' lang='lat' dir='ltr'><strong>pro</strong></span> <span class='ocrx_word' id='word_1_506' title='bbox 3371 3205 3439 3243; x_wconf 89' lang='lat' dir='ltr'><strong>eo</strong></span> 
     </span>
    </p>
   </div>
   <div class='ocr_carea' id='block_1_71' title="bbox 1877 3281 3440 3356">
    <p class='ocr_par' dir='ltr' id='par_1_71' title="bbox 1877 3281 3440 3356">
     <span class='ocr_line' id='line_1_71' title="bbox 1877 3281 3440 3356; baseline -0.004 -16"><span class='ocrx_word' id='word_1_507' title='bbox 1877 3296 2042 3356; x_wconf 87' lang='lat' dir='ltr'><strong>atque</strong></span> <span class='ocrx_word' id='word_1_508' title='bbox 2074 3285 2178 3340; x_wconf 88' lang='lat' dir='ltr'><strong>hoc</strong></span> <span class='ocrx_word' id='word_1_509' title='bbox 2207 3285 2293 3340; x_wconf 88' lang='lat' dir='ltr'><strong>vel</strong></span> <span class='ocrx_word' id='word_1_510' title='bbox 2335 3285 2426 3339; x_wconf 90' lang='lat' dir='ltr'><strong>illo</strong></span> <span class='ocrx_word' id='word_1_511' title='bbox 2462 3300 2740 3356; x_wconf 88' lang='lat' dir='ltr'><strong>quemque</strong></span> <span class='ocrx_word' id='word_1_512' title='bbox 2774 3285 2900 3340; x_wconf 85' lang='lat' dir='ltr'><strong>loco</strong></span> <span class='ocrx_word' id='word_1_513' title='bbox 2927 3282 3315 3354; x_wconf 86' lang='lat' dir='ltr'><strong>deprehendit.</strong></span> <span class='ocrx_word' id='word_1_514' title='bbox 3352 3281 3440 3334; x_wconf 83' lang='lat' dir='ltr'><strong>vel</strong></span> 
     </span>
    </p>
   </div>
   <div class='ocr_carea' id='block_1_72' title="bbox 1878 3372 3442 3446">
    <p class='ocr_par' dir='ltr' id='par_1_72' title="bbox 1878 3372 3442 3446">
     <span class='ocr_line' id='line_1_72' title="bbox 1878 3372 3442 3446; baseline -0.004 -14"><span class='ocrx_word' id='word_1_515' title='bbox 1878 3379 2140 3442; x_wconf 88' lang='lat' dir='ltr'><strong>servavit,</strong></span> <span class='ocrx_word' id='word_1_516' title='bbox 2179 3377 2264 3431; x_wconf 85' lang='lat' dir='ltr'><strong>vel</strong></span> <span class='ocrx_word' id='word_1_517' title='bbox 2313 3375 2616 3432; x_wconf 90' lang='lat' dir='ltr'><strong>interemit.</strong></span> <span class='ocrx_word' id='word_1_518' title='bbox 2666 3376 2966 3446; x_wconf 87' lang='lat' dir='ltr'><strong>Cecropius</strong></span> <span class='ocrx_word' id='word_1_519' title='bbox 3016 3375 3241 3446; x_wconf 88' lang='lat' dir='ltr'><strong>quidem</strong></span> <span class='ocrx_word' id='word_1_520' title='bbox 3277 3372 3442 3428; x_wconf 84' lang='lat' dir='ltr'><strong>Nico-</strong></span> 
     </span>
    </p>
   </div>
   <div class='ocr_carea' id='block_1_73' title="bbox 1879 3466 3438 3537">
    <p class='ocr_par' dir='ltr' id='par_1_73' title="bbox 1879 3466 3438 3537">
     <span class='ocr_line' id='line_1_73' title="bbox 1879 3466 3438 3537; baseline -0.004 -13"><span class='ocrx_word' id='word_1_521' title='bbox 1879 3469 2197 3533; x_wconf 90' lang='lat' dir='ltr'><strong>mediensis,</strong></span> <span class='ocrx_word' id='word_1_522' title='bbox 2249 3478 2304 3523; x_wconf 90' lang='lat' dir='ltr'><strong>et</strong></span> <span class='ocrx_word' id='word_1_523' title='bbox 2348 3469 2490 3524; x_wconf 89' lang='lat' dir='ltr'><strong>alius</strong></span> <span class='ocrx_word' id='word_1_524' title='bbox 2530 3466 2758 3537; x_wconf 81' lang='lat' dir='ltr'><strong>quidam</strong></span> <span class='ocrx_word' id='word_1_525' title='bbox 2794 3467 3092 3536; x_wconf 89' lang='lat' dir='ltr'><strong>episcopus</strong></span> <span class='ocrx_word' id='word_1_526' title='bbox 3143 3466 3218 3534; x_wconf 90' lang='lat' dir='ltr'><strong>(l)</strong></span> <span class='ocrx_word' id='word_1_527' title='bbox 3266 3480 3438 3534; x_wconf 89' lang='lat' dir='ltr'><strong>parvo</strong></span> 
     </span>
    </p>
   </div>
   <div class='ocr_carea' id='block_1_74' title="bbox 1877 3558 3438 3630">
    <p class='ocr_par' dir='ltr' id='par_1_74' title="bbox 1877 3558 3438 3630">
     <span class='ocr_line' id='line_1_74' title="bbox 1877 3558 3438 3630; baseline -0.001 -16"><span class='ocrx_word' id='word_1_528' title='bbox 1877 3569 2155 3615; x_wconf 88' lang='lat' dir='ltr'><strong>momento</strong></span> <span class='ocrx_word' id='word_1_529' title='bbox 2177 3559 2484 3630; x_wconf 90' lang='lat' dir='ltr'><strong>periculum</strong></span> <span class='ocrx_word' id='word_1_530' title='bbox 2508 3575 2760 3615; x_wconf 88' lang='lat' dir='ltr'><strong>evasere.</strong></span> <span class='ocrx_word' id='word_1_531' title='bbox 2781 3560 2913 3626; x_wconf 78' lang='lat' dir='ltr'><strong>Quae</strong></span> <span class='ocrx_word' id='word_1_532' title='bbox 2938 3575 3027 3614; x_wconf 88' lang='lat' dir='ltr'><strong>res</strong></span> <span class='ocrx_word' id='word_1_533' title='bbox 3055 3559 3194 3612; x_wconf 80' lang='lat' dir='ltr'><strong>fama</strong></span> <span class='ocrx_word' id='word_1_534' title='bbox 3227 3558 3438 3628; x_wconf 83' lang='lat' dir='ltr'><strong>ubique</strong></span> 
     </span>
    </p>
   </div>
   <div class='ocr_carea' id='block_1_75' title="bbox 1879 3649 3437 3722">
    <p class='ocr_par' dir='ltr' id='par_1_75' title="bbox 1879 3649 3437 3722">
     <span class='ocr_line' id='line_1_75' title="bbox 1879 3649 3437 3722; baseline -0.002 -16"><span class='ocrx_word' id='word_1_535' title='bbox 1879 3651 2498 3722; x_wconf 68' lang='lat' dir='ltr'><strong>vulgataepiscoporum</strong></span> <span class='ocrx_word' id='word_1_536' title='bbox 2529 3651 2827 3706; x_wconf 85' lang='lat' dir='ltr'><strong>adventum</strong></span> <span class='ocrx_word' id='word_1_537' title='bbox 2854 3650 3156 3720; x_wconf 85' lang='lat' dir='ltr'><strong>prohibuit.</strong></span> <span class='ocrx_word' id='word_1_538' title='bbox 3189 3649 3437 3718; x_wconf 79' lang='lat' dir='ltr'><strong>Namque</strong></span> 
     </span>
    </p>
   </div>
   <div class='ocr_carea' id='block_1_76' title="bbox 1878 3741 3433 3813">
    <p class='ocr_par' dir='ltr' id='par_1_76' title="bbox 1878 3741 3433 3813">
     <span class='ocr_line' id='line_1_76' title="bbox 1878 3741 3433 3813; baseline -0.001 -16"><span class='ocrx_word' id='word_1_539' title='bbox 1878 3744 1968 3798; x_wconf 89' lang='lat' dir='ltr'><strong>illa</strong></span> <span class='ocrx_word' id='word_1_540' title='bbox 2004 3743 2242 3799; x_wconf 69' lang='lat' dir='ltr'><strong>Nicaeam</strong></span> <span class='ocrx_word' id='word_1_541' title='bbox 2279 3759 2519 3813; x_wconf 85' lang='lat' dir='ltr'><strong>quoque,</strong></span> <span class='ocrx_word' id='word_1_542' title='bbox 2572 3753 2630 3798; x_wconf 91' lang='lat' dir='ltr'><strong>et</strong></span> <span class='ocrx_word' id='word_1_543' title='bbox 2677 3741 3210 3812; x_wconf 87' lang='lat' dir='ltr'><strong>Constantinopolim</strong></span> <span class='ocrx_word' id='word_1_544' title='bbox 3273 3741 3433 3810; x_wconf 77' lang='lat'><strong>771</strong></span> 
     </span>
    </p>
   </div>
   <div class='ocr_carea' id='block_1_77' title="bbox 1873 3833 3438 3906">
    <p class='ocr_par' dir='ltr' id='par_1_77' title="bbox 1873 3833 3438 3906">
     <span class='ocr_line' id='line_1_77' title="bbox 1873 3833 3438 3906; baseline -0.001 -16"><span class='ocrx_word' id='word_1_545' title='bbox 1873 3845 1930 3890; x_wconf 90' lang='lat' dir='ltr'><strong>et</strong></span> <span class='ocrx_word' id='word_1_546' title='bbox 1963 3835 2304 3899; x_wconf 81' lang='lat' dir='ltr'><strong>Perinthum.</strong></span> <span class='ocrx_word' id='word_1_547' title='bbox 2339 3836 2583 3906; x_wconf 87' lang='lat' dir='ltr'><strong>aliasque</strong></span> <span class='ocrx_word' id='word_1_548' title='bbox 2619 3834 2866 3890; x_wconf 83' lang='lat' dir='ltr'><strong>Thraciae</strong></span> <span class='ocrx_word' id='word_1_549' title='bbox 2899 3834 3153 3890; x_wconf 88' lang='lat' dir='ltr'><strong>civitates</strong></span> <span class='ocrx_word' id='word_1_550' title='bbox 3185 3833 3278 3888; x_wconf 78' lang='lat' dir='ltr'><strong>tali</strong></span> <span class='ocrx_word' id='word_1_551' title='bbox 3305 3847 3438 3888; x_wconf 83' lang='lat' dir='ltr'><strong>casu</strong></span> 
     </span>
    </p>
   </div>
   <div class='ocr_carea' id='block_1_78' title="bbox 1873 3926 3415 3996">
    <p class='ocr_par' dir='ltr' id='par_1_78' title="bbox 1873 3926 3415 3996">
     <span class='ocr_line' id='line_1_78' title="bbox 1873 3926 3415 3996; baseline -0.003 -16"><span class='ocrx_word' id='word_1_552' title='bbox 1873 3941 2098 3982; x_wconf 78' lang='lat' dir='ltr'><strong>eversas</strong></span> <span class='ocrx_word' id='word_1_553' title='bbox 2140 3941 2264 3981; x_wconf 79' lang='lat' dir='ltr'><strong>esse</strong></span> <span class='ocrx_word' id='word_1_554' title='bbox 2294 3927 2757 3996; x_wconf 81' lang='lat' dir='ltr'><strong>promulgaverat.</strong></span> <span class='ocrx_word' id='word_1_555' title='bbox 2795 3926 3010 3979; x_wconf 86' lang='lat' dir='ltr'><strong>Dictum</strong></span> <span class='ocrx_word' id='word_1_556' title='bbox 3051 3934 3165 3978; x_wconf 91' lang='lat' dir='ltr'><strong>tum</strong></span> <span class='ocrx_word' id='word_1_557' title='bbox 3200 3931 3306 3989; x_wconf 89' lang='lat' dir='ltr'><strong>est,</strong></span> <span class='ocrx_word' id='word_1_558' title='bbox 3337 3926 3415 3976; x_wconf 81' lang='lat' dir='ltr'><strong>Ar</strong></span> 
     </span>
    </p>
   </div>
   <div class='ocr_carea' id='block_1_79' title="bbox 1873 4015 3437 4088">
    <p class='ocr_par' dir='ltr' id='par_1_79' title="bbox 1873 4015 3437 4088">
     <span class='ocr_line' id='line_1_79' title="bbox 1873 4015 3437 4088; baseline -0.004 -14"><span class='ocrx_word' id='word_1_559' title='bbox 1873 4017 2024 4074; x_wconf 85' lang='lat' dir='ltr'><strong>sacio</strong></span> <span class='ocrx_word' id='word_1_560' title='bbox 2059 4017 2301 4081; x_wconf 86' lang='lat' dir='ltr'><strong>cuidam,</strong></span> <span class='ocrx_word' id='word_1_561' title='bbox 2349 4018 2444 4088; x_wconf 86' lang='lat' dir='ltr'><strong>qui</strong></span> <span class='ocrx_word' id='word_1_562' title='bbox 2482 4020 2585 4072; x_wconf 85' lang='lat' dir='ltr'><strong>sub</strong></span> <span class='ocrx_word' id='word_1_563' title='bbox 2617 4016 2833 4072; x_wconf 91' lang='lat' dir='ltr'><strong>Licinio</strong></span> <span class='ocrx_word' id='word_1_564' title='bbox 2861 4016 3269 4071; x_wconf 80' lang='lat' dir='ltr'><strong>confessionem</strong></span> <span class='ocrx_word' id='word_1_565' title='bbox 3313 4015 3437 4070; x_wconf 82' lang='lat' dir='ltr'><strong>ﬁdei</strong></span> 
     </span>
    </p>
   </div>
   <div class='ocr_carea' id='block_1_80' title="bbox 1872 4105 3438 4178">
    <p class='ocr_par' dir='ltr' id='par_1_80' title="bbox 1872 4105 3438 4178">
     <span class='ocr_line' id='line_1_80' title="bbox 1872 4105 3438 4178; baseline -0.004 -12"><span class='ocrx_word' id='word_1_566' title='bbox 1872 4111 2108 4176; x_wconf 88' lang='lat' dir='ltr'><strong>obierat,</strong></span> <span class='ocrx_word' id='word_1_567' title='bbox 2168 4109 2438 4178; x_wconf 88' lang='lat' dir='ltr'><strong>milesque</strong></span> <span class='ocrx_word' id='word_1_568' title='bbox 2487 4115 2650 4163; x_wconf 86' lang='lat' dir='ltr'><strong>antea</strong></span> <span class='ocrx_word' id='word_1_569' title='bbox 2708 4116 2765 4161; x_wconf 91' lang='lat' dir='ltr'><strong>et</strong></span> <span class='ocrx_word' id='word_1_570' title='bbox 2815 4107 3037 4160; x_wconf 91' lang='lat' dir='ltr'><strong>leonum</strong></span> <span class='ocrx_word' id='word_1_571' title='bbox 3080 4105 3438 4177; x_wconf 75' lang='lat' dir='ltr'><strong>ferarumque</strong></span> 
     </span>
    </p>
   </div>
   <div class='ocr_carea' id='block_1_81' title="bbox 1872 4195 3437 4267">
    <p class='ocr_par' dir='ltr' id='par_1_81' title="bbox 1872 4195 3437 4267">
     <span class='ocr_line' id='line_1_81' title="bbox 1872 4195 3437 4267; baseline -0.006 -8"><span class='ocrx_word' id='word_1_572' title='bbox 1872 4205 2105 4260; x_wconf 88' lang='lat' dir='ltr'><strong>aliarum</strong></span> <span class='ocrx_word' id='word_1_573' title='bbox 2153 4201 2392 4256; x_wconf 89' lang='lat' dir='ltr'><strong>domitor</strong></span> <span class='ocrx_word' id='word_1_574' title='bbox 2439 4211 2496 4256; x_wconf 91' lang='lat' dir='ltr'><strong>et</strong></span> <span class='ocrx_word' id='word_1_575' title='bbox 2544 4208 2732 4255; x_wconf 84' lang='lat' dir='ltr'><strong>custos</strong></span> <span class='ocrx_word' id='word_1_576' title='bbox 2774 4199 2829 4252; x_wconf 86' lang='lat' dir='ltr'><strong>in</strong></span> <span class='ocrx_word' id='word_1_577' title='bbox 2863 4196 3134 4267; x_wconf 90' lang='lat' dir='ltr'><strong>imperiali</strong></span> <span class='ocrx_word' id='word_1_578' title='bbox 3167 4195 3437 4251; x_wconf 88' lang='lat' dir='ltr'><strong>comitatu</strong></span> 
     </span>
    </p>
   </div>
   <div class='ocr_carea' id='block_1_82' title="bbox 1870 4291 3440 4366">
    <p class='ocr_par' dir='ltr' id='par_1_82' title="bbox 1870 4291 3440 4366">
     <span class='ocr_line' id='line_1_82' title="bbox 1870 4291 3440 4366; baseline -0.006 -12"><span class='ocrx_word' id='word_1_579' title='bbox 1870 4299 2092 4366; x_wconf 75' lang='lat' dir='ltr'><strong>fuerat,</strong></span> <span class='ocrx_word' id='word_1_580' title='bbox 2155 4306 2272 4352; x_wconf 88' lang='lat' dir='ltr'><strong>tum</strong></span> <span class='ocrx_word' id='word_1_581' title='bbox 2323 4305 2507 4351; x_wconf 86' lang='lat' dir='ltr'><strong>autem</strong></span> <span class='ocrx_word' id='word_1_582' title='bbox 2559 4293 2893 4350; x_wconf 74' lang='lat' dir='ltr'><strong>Nicomedize</strong></span> <span class='ocrx_word' id='word_1_583' title='bbox 2947 4291 2999 4346; x_wconf 91' lang='lat' dir='ltr'><strong>in</strong></span> <span class='ocrx_word' id='word_1_584' title='bbox 3063 4306 3188 4347; x_wconf 86' lang='lat' dir='ltr'><strong>arce</strong></span> <span class='ocrx_word' id='word_1_585' title='bbox 3242 4291 3440 4365; x_wconf 78' lang='lat' dir='ltr'><strong>pietati</strong></span> 
     </span>
    </p>
   </div>
   <div class='ocr_carea' id='block_1_83' title="bbox 237 4382 1771 4468">
    <p class='ocr_par' dir='ltr' id='par_1_83' title="bbox 237 4385 1769 4458">
     <span class='ocr_line' id='line_1_83' title="bbox 237 4385 1769 4458; baseline -0.001 -17"><span class='ocrx_word' id='word_1_586' title='bbox 237 4389 614 4458; x_wconf 73' lang='grc' dir='ltr'>προμηνύοντα.</span> <span class='ocrx_word' id='word_1_587' title='bbox 665 4387 909 4440; x_wconf 80' lang='grc' dir='ltr'>’Δνιόντα</span> <span class='ocrx_word' id='word_1_588' title='bbox 951 4386 997 4438; x_wconf 83' lang='grc' dir='ltr'>δ’</span> <span class='ocrx_word' id='word_1_589' title='bbox 1024 4385 1204 4447; x_wconf 76' lang='grc' dir='ltr'>αὖθις,</span> <span class='ocrx_word' id='word_1_590' title='bbox 1258 4386 1442 4456; x_wconf 83' lang='grc' dir='ltr'>πρηνῆ</span> <span class='ocrx_word' id='word_1_591' title='bbox 1473 4386 1616 4438; x_wconf 79' lang='grc' dir='ltr'>κατὰ</span> <span class='ocrx_word' id='word_1_592' title='bbox 1664 4385 1769 4454; x_wconf 83' lang='grc' dir='ltr'>γῆς</span> 
     </span>
    </p>
   </div>
   <div class='ocr_carea' id='block_1_84' title="bbox 1877 4382 3452 4468">
    <p class='ocr_par' dir='ltr' id='par_1_84' title="bbox 1877 4382 3452 4460">
     <span class='ocr_line' id='line_1_84' title="bbox 1877 4382 3452 4460; baseline -0.006 -13"><span class='ocrx_word' id='word_1_593' title='bbox 1877 4390 2104 4448; x_wconf 87' lang='lat' dir='ltr'><strong>studens</strong></span> <span class='ocrx_word' id='word_1_594' title='bbox 2137 4387 2657 4460; x_wconf 88' lang='lat' dir='ltr'><strong>philosophabatur,</strong></span> <span class='ocrx_word' id='word_1_595' title='bbox 2691 4385 2900 4440; x_wconf 88' lang='lat' dir='ltr'><strong>cladem</strong></span> <span class='ocrx_word' id='word_1_596' title='bbox 2941 4400 3064 4440; x_wconf 89' lang='lat' dir='ltr'><strong>eam</strong></span> <span class='ocrx_word' id='word_1_597' title='bbox 3111 4382 3301 4440; x_wconf 79' lang='lat' dir='ltr'><strong>divina</strong></span> <span class='ocrx_word' id='word_1_598' title='bbox 3348 4383 3452 4438; x_wconf 76' lang='lat' dir='ltr'><strong>vi-—</strong></span> 
     </span>
    </p>
   </div>
   <div class='ocr_carea' id='block_1_85' title="bbox 237 4475 1770 4549">
    <p class='ocr_par' dir='ltr' id='par_1_85' title="bbox 237 4475 1770 4549">
     <span class='ocr_line' id='line_1_85' title="bbox 237 4475 1770 4549; baseline -0.001 -19"><span class='ocrx_word' id='word_1_599' title='bbox 237 4481 429 4533; x_wconf 82' lang='grc' dir='ltr'>κεῖσθαι</span> <span class='ocrx_word' id='word_1_600' title='bbox 477 4479 730 4549; x_wconf 81' lang='grc' dir='ltr'>δεόμενον</span> <span class='ocrx_word' id='word_1_601' title='bbox 786 4475 880 4530; x_wconf 81' lang='grc' dir='ltr'>τοῦ</span> <span class='ocrx_word' id='word_1_602' title='bbox 927 4475 1088 4529; x_wconf 86' lang='grc' dir='ltr'>Θεοῦ.</span> <span class='ocrx_word' id='word_1_603' title='bbox 1149 4475 1316 4528; x_wconf 85' lang='grc' dir='ltr'>Ἔνθα</span> <span class='ocrx_word' id='word_1_604' title='bbox 1386 4475 1528 4528; x_wconf 78' lang='grc' dir='ltr'>κατὰ</span> <span class='ocrx_word' id='word_1_605' title='bbox 1583 4477 1770 4546; x_wconf 80' lang='grc' dir='ltr'>σχῆμα</span> 
     </span>
    </p>
   </div>
   <div class='ocr_carea' id='block_1_86' title="bbox 237 4567 1772 4651">
    <p class='ocr_par' dir='ltr' id='par_1_86' title="bbox 237 4567 1772 4651">
     <span class='ocr_line' id='line_1_86' title="bbox 237 4567 1772 4651; baseline -0.001 -29"><span class='ocrx_word' id='word_1_606' title='bbox 237 4574 381 4643; x_wconf 78' lang='grc' dir='ltr'>εὐχῆς</span> <span class='ocrx_word' id='word_1_607' title='bbox 429 4575 566 4644; x_wconf 75' lang='grc' dir='ltr'>μετὰ</span> <span class='ocrx_word' id='word_1_608' title='bbox 611 4573 721 4651; x_wconf 50' lang='lat' dir='ltr'><strong>gini</strong></span> <span class='ocrx_word' id='word_1_609' title='bbox 750 4570 1019 4639; x_wconf 66' lang='grc' dir='ltr'>ἐπιφορὰν</span> <span class='ocrx_word' id='word_1_610' title='bbox 1059 4569 1154 4622; x_wconf 78' lang='grc' dir='ltr'>τοῦ</span> <span class='ocrx_word' id='word_1_611' title='bbox 1213 4567 1408 4632; x_wconf 82' lang='grc' dir='ltr'>κακοῦ,</span> <span class='ocrx_word' id='word_1_612' title='bbox 1445 4570 1502 4623; x_wconf 80' lang='grc' dir='ltr'>ὲν</span> <span class='ocrx_word' id='word_1_613' title='bbox 1533 4569 1772 4639; x_wconf 81' lang='grc' dir='ltr'>ἀσείστῳ</span> 
     </span>
    </p>
   </div>
   <div class='ocr_carea' id='block_1_87' title="bbox 239 4658 1768 4734">
    <p class='ocr_par' dir='ltr' id='par_1_87' title="bbox 239 4658 1768 4734">
     <span class='ocr_line' id='line_1_87' title="bbox 239 4658 1768 4734; baseline -0.001 -20"><span class='ocrx_word' id='word_1_614' title='bbox 239 4664 409 4732; x_wconf 81' lang='grc' dir='ltr'>πύργῳ</span> <span class='ocrx_word' id='word_1_615' title='bbox 439 4663 629 4734; x_wconf 75' lang='grc' dir='ltr'>νεκρὸς</span> <span class='ocrx_word' id='word_1_616' title='bbox 685 4664 716 4715; x_wconf 87' lang='grc' dir='ltr'><strong>ό</strong></span> <span class='ocrx_word' id='word_1_617' title='bbox 777 4663 990 4730; x_wconf 77' lang='grc' dir='ltr'>μάρτυς</span> <span class='ocrx_word' id='word_1_618' title='bbox 1025 4660 1249 4730; x_wconf 77' lang='grc' dir='ltr'>εὑρέθη,</span> <span class='ocrx_word' id='word_1_619' title='bbox 1287 4658 1502 4712; x_wconf 82' lang='grc' dir='ltr'>πολλῶν</span> <span class='ocrx_word' id='word_1_620' title='bbox 1532 4659 1768 4730; x_wconf 83' lang='grc' dir='ltr'>ἀναδρα-</span> 
     </span>
    </p>
   </div>
   <div class='ocr_carea' id='block_1_88' title="bbox 240 4753 1766 4823">
    <p class='ocr_par' dir='ltr' id='par_1_88' title="bbox 240 4753 1766 4823">
     <span class='ocr_line' id='line_1_88' title="bbox 240 4753 1766 4823; baseline -0.003 -14"><span class='ocrx_word' id='word_1_621' title='bbox 240 4757 428 4822; x_wconf 82' lang='grc' dir='ltr'>μόνιων</span> <span class='ocrx_word' id='word_1_622' title='bbox 469 4757 648 4808; x_wconf 72' lang='grc' dir='ltr'>ἐκεῖσε</span> <span class='ocrx_word' id='word_1_623' title='bbox 693 4754 774 4823; x_wconf 80' lang='grc' dir='ltr'>τῷ</span> <span class='ocrx_word' id='word_1_624' title='bbox 821 4754 917 4806; x_wconf 77' lang='grc' dir='ltr'><strong>τδν</strong></span> <span class='ocrx_word' id='word_1_625' title='bbox 956 4754 1182 4823; x_wconf 82' lang='grc' dir='ltr'>σεισμὸν</span> <span class='ocrx_word' id='word_1_626' title='bbox 1205 4753 1581 4822; x_wconf 69' lang='grc' dir='ltr'>κατασκῆψαι.</span> <span class='ocrx_word' id='word_1_627' title='bbox 1621 4753 1766 4806; x_wconf 73' lang='grc' dir='ltr'><strong>Ἐλέο</strong></span> 
     </span>
    </p>
   </div>
   <div class='ocr_carea' id='block_1_89' title="bbox 237 4843 1767 4915">
    <p class='ocr_par' dir='ltr' id='par_1_89' title="bbox 237 4843 1767 4915">
     <span class='ocr_line' id='line_1_89' title="bbox 237 4843 1767 4915; baseline 0.001 -19"><span class='ocrx_word' id='word_1_628' title='bbox 237 4862 347 4911; x_wconf 86' lang='grc' dir='ltr'>γετο</span> <span class='ocrx_word' id='word_1_629' title='bbox 385 4847 440 4899; x_wconf 71' lang='grc' dir='ltr'>δὲ</span> <span class='ocrx_word' id='word_1_630' title='bbox 473 4846 942 4909; x_wconf 79' lang='grc' dir='ltr'>Θεὺν’δυσωπείν,</span> <span class='ocrx_word' id='word_1_631' title='bbox 977 4845 1160 4898; x_wconf 87' lang='grc' dir='ltr'>θανεῖν</span> <span class='ocrx_word' id='word_1_632' title='bbox 1192 4843 1444 4914; x_wconf 72' lang='grc' dir='ltr'>ἑλόμενος</span> <span class='ocrx_word' id='word_1_633' title='bbox 1480 4845 1704 4912; x_wconf 81' lang='grc' dir='ltr'>μᾶλλον,</span> <span class='ocrx_word' id='word_1_634' title='bbox 1733 4844 1767 4915; x_wconf 77' lang='grc' dir='ltr'>ἢ</span> 
     </span>
    </p>
   </div>
   <div class='ocr_carea' id='block_1_90' title="bbox 239 4931 1770 5009">
    <p class='ocr_par' dir='ltr' id='par_1_90' title="bbox 239 4931 1770 5009">
     <span class='ocr_line' id='line_1_90' title="bbox 239 4931 1770 5009; baseline -0.001 -20"><span class='ocrx_word' id='word_1_635' title='bbox 239 4941 494 5008; x_wconf 80' lang='grc' dir='ltr'>συμφορὰν</span> <span class='ocrx_word' id='word_1_636' title='bbox 537 4937 746 5008; x_wconf 87' lang='grc' dir='ltr'>ταύτην</span> <span class='ocrx_word' id='word_1_637' title='bbox 805 4934 1248 4989; x_wconf 80' lang='grc' dir='ltr'>καταθεάσασθαι</span> <span class='ocrx_word' id='word_1_638' title='bbox 1298 4936 1507 4999; x_wconf 80' lang='grc' dir='ltr'>πόλεως</span> <span class='ocrx_word' id='word_1_639' title='bbox 1527 4937 1587 4990; x_wconf 78' lang='grc' dir='ltr'><strong>ὲν</strong></span> <span class='ocrx_word' id='word_1_640' title='bbox 1678 4938 1770 4989; x_wconf 82' lang='grc' dir='ltr'><strong>τὸν</strong></span> 
     </span>
    </p>
   </div>
   <div class='ocr_carea' id='block_1_91' title="bbox 238 5026 1769 5098">
    <p class='ocr_par' dir='ltr' id='par_1_91' title="bbox 238 5026 1769 5098">
     <span class='ocr_line' id='line_1_91' title="bbox 238 5026 1769 5098; baseline -0.002 -18"><span class='ocrx_word' id='word_1_641' title='bbox 238 5026 446 5098; x_wconf 78' lang='grc' dir='ltr'>Χριστὸν</span> <span class='ocrx_word' id='word_1_642' title='bbox 472 5030 638 5096; x_wconf 73' lang='grc' dir='ltr'>ἔγνω,</span> <span class='ocrx_word' id='word_1_643' title='bbox 670 5027 766 5081; x_wconf 77' lang='grc' dir='ltr'><strong>καὶ</strong></span> <span class='ocrx_word' id='word_1_644' title='bbox 797 5028 897 5094; x_wconf 85' lang='grc' dir='ltr'>τῆς</span> <span class='ocrx_word' id='word_1_645' title='bbox 947 5026 1410 5094; x_wconf 75' lang='grc' dir='ltr'>ἑκκλησιαστικῆς</span> <span class='ocrx_word' id='word_1_646' title='bbox 1448 5027 1769 5095; x_wconf 85' lang='grc' dir='ltr'>φιλοσοφίας</span> 
     </span>
    </p>
   </div>
   <div class='ocr_carea' id='block_1_92' title="bbox 235 5117 1768 5190">
    <p class='ocr_par' dir='ltr' id='par_1_92' title="bbox 235 5117 1768 5190">
     <span class='ocr_line' id='line_1_92' title="bbox 235 5117 1768 5190; baseline 0.001 -19"><span class='ocrx_word' id='word_1_647' title='bbox 235 5120 542 5190; x_wconf 79' lang='grc' dir='ltr'>κατήρξατο.</span> <span class='ocrx_word' id='word_1_648' title='bbox 581 5119 762 5173; x_wconf 85' lang='grc' dir='ltr'>Πολλὰ</span> <span class='ocrx_word' id='word_1_649' title='bbox 808 5119 867 5172; x_wconf 79' lang='grc' dir='ltr'>δὲ</span> <span class='ocrx_word' id='word_1_650' title='bbox 920 5117 1072 5188; x_wconf 78' lang='grc' dir='ltr'>αὐτῷ</span> <span class='ocrx_word' id='word_1_651' title='bbox 1098 5117 1238 5187; x_wconf 74' lang='grc' dir='ltr'><strong>ὑπὲρ</strong></span> <span class='ocrx_word' id='word_1_652' title='bbox 1287 5118 1633 5188; x_wconf 77' lang='grc' dir='ltr'>ἀνθρωπίνην</span> <span class='ocrx_word' id='word_1_653' title='bbox 1666 5137 1768 5173; x_wconf 84' lang='grc' dir='ltr'><strong>πε-</strong></span> 
     </span>
    </p>
   </div>
   <div class='ocr_carea' id='block_1_93' title="bbox 233 5209 1767 5282">
    <p class='ocr_par' dir='ltr' id='par_1_93' title="bbox 233 5209 1767 5282">
     <span class='ocr_line' id='line_1_93' title="bbox 233 5209 1767 5282; baseline 0 -20"><span class='ocrx_word' id='word_1_654' title='bbox 233 5213 402 5282; x_wconf 79' lang='grc' dir='ltr'>ποίητο</span> <span class='ocrx_word' id='word_1_655' title='bbox 442 5213 696 5282; x_wconf 87' lang='grc' dir='ltr'>δύναμιν.</span> <span class='ocrx_word' id='word_1_656' title='bbox 739 5210 945 5272; x_wconf 78' lang='grc' dir='ltr'>Ἱκανὸς</span> <span class='ocrx_word' id='word_1_657' title='bbox 995 5210 1054 5263; x_wconf 82' lang='grc' dir='ltr'>δὲ</span> <span class='ocrx_word' id='word_1_658' title='bbox 1086 5209 1182 5264; x_wconf 77' lang='grc' dir='ltr'>καὶ</span> <span class='ocrx_word' id='word_1_659' title='bbox 1225 5209 1487 5279; x_wconf 63' lang='grc' dir='ltr'>δαίμονας</span> <span class='ocrx_word' id='word_1_660' title='bbox 1520 5210 1767 5263; x_wconf 68' lang='grc' dir='ltr'>ἐλαύνειν</span> 
     </span>
    </p>
   </div>
   <div class='ocr_carea' id='block_1_94' title="bbox 231 5297 1768 5375">
    <p class='ocr_par' dir='ltr' id='par_1_94' title="bbox 231 5297 1768 5375">
     <span class='ocr_line' id='line_1_94' title="bbox 231 5297 1768 5375; baseline 0 -21"><span class='ocrx_word' id='word_1_661' title='bbox 231 5297 306 5371; x_wconf 74' lang='grc' dir='ltr'><strong>ἦν,</strong></span> <span class='ocrx_word' id='word_1_662' title='bbox 329 5307 419 5360; x_wconf 72' lang='grc' dir='ltr'>καὶ</span> <span class='ocrx_word' id='word_1_663' title='bbox 444 5307 617 5368; x_wconf 77' lang='grc' dir='ltr'>ἄλλως</span> <span class='ocrx_word' id='word_1_664' title='bbox 649 5304 1012 5375; x_wconf 75' lang='grc' dir='ltr'>ὀχλουμένους</span> <span class='ocrx_word' id='word_1_665' title='bbox 1034 5302 1318 5372; x_wconf 83' lang='grc' dir='ltr'>καθαίρειν</span> <span class='ocrx_word' id='word_1_666' title='bbox 1353 5303 1450 5356; x_wconf 80' lang='grc' dir='ltr'>καὶ</span> <span class='ocrx_word' id='word_1_667' title='bbox 1482 5303 1768 5373; x_wconf 82' lang='grc' dir='ltr'>σώφρονας</span> 
     </span>
    </p>
   </div>
   <div class='ocr_carea' id='block_1_95' title="bbox 231 5389 1764 5466">
    <p class='ocr_par' dir='ltr' id='par_1_95' title="bbox 231 5389 1764 5466">
     <span class='ocr_line' id='line_1_95' title="bbox 231 5389 1764 5466; baseline 0 -22"><span class='ocrx_word' id='word_1_668' title='bbox 231 5395 492 5466; x_wconf 72' lang='grc' dir='ltr'>καθιοτᾷν.</span> <span class='ocrx_word' id='word_1_669' title='bbox 541 5396 655 5449; x_wconf 71' lang='grc' dir='ltr'><strong>Καὶ</strong></span> <span class='ocrx_word' id='word_1_670' title='bbox 703 5395 976 5464; x_wconf 79' lang='grc' dir='ltr'>δράκοντα</span> <span class='ocrx_word' id='word_1_671' title='bbox 1010 5393 1092 5459; x_wconf 74' lang='grc' dir='ltr'>δὲ,</span> <span class='ocrx_word' id='word_1_672' title='bbox 1145 5393 1203 5456; x_wconf 83' lang='grc' dir='ltr'>ὃς</span> <span class='ocrx_word' id='word_1_673' title='bbox 1262 5392 1450 5462; x_wconf 76' lang='grc' dir='ltr'>ἕτερον</span> <span class='ocrx_word' id='word_1_674' title='bbox 1505 5393 1662 5461; x_wconf 83' lang='grc' dir='ltr'>γένος</span> <span class='ocrx_word' id='word_1_675' title='bbox 1696 5389 1764 5462; x_wconf 81' lang='grc' dir='ltr'><strong>ἦν</strong></span> 
     </span>
    </p>
   </div>
   <div class='ocr_carea' id='block_1_96' title="bbox 230 5485 1764 5557">
    <p class='ocr_par' dir='ltr' id='par_1_96' title="bbox 230 5485 1764 5557">
     <span class='ocr_line' id='line_1_96' title="bbox 230 5485 1764 5557; baseline 0.001 -22"><span class='ocrx_word' id='word_1_676' title='bbox 230 5485 474 5551; x_wconf 79' lang='grc' dir='ltr'>ἑρπετῶν,</span> <span class='ocrx_word' id='word_1_677' title='bbox 520 5488 617 5541; x_wconf 69' lang='grc' dir='ltr'>καὶ</span> <span class='ocrx_word' id='word_1_678' title='bbox 663 5486 948 5557; x_wconf 80' lang='grc' dir='ltr'>φυσήματι</span> <span class='ocrx_word' id='word_1_679' title='bbox 988 5485 1134 5555; x_wconf 86' lang='grc' dir='ltr'>μόνῳ</span> <span class='ocrx_word' id='word_1_680' title='bbox 1167 5487 1295 5547; x_wconf 86' lang='grc' dir='ltr'>τοὺς</span> <span class='ocrx_word' id='word_1_681' title='bbox 1328 5486 1508 5548; x_wconf 85' lang='grc' dir='ltr'>όδίτας</span> <span class='ocrx_word' id='word_1_682' title='bbox 1530 5485 1764 5553; x_wconf 80' lang='grc' dir='ltr'>διέφθει-</span> 
     </span>
    </p>
   </div>
   <div class='ocr_carea' id='block_1_97' title="bbox 235 5577 1763 5649">
    <p class='ocr_par' dir='ltr' id='par_1_97' title="bbox 235 5577 1763 5649">
     <span class='ocr_line' id='line_1_97' title="bbox 235 5577 1763 5649; baseline 0.002 -22"><span class='ocrx_word' id='word_1_683' title='bbox 235 5593 330 5640; x_wconf 84' lang='grc' dir='ltr'>ρεν,</span> <span class='ocrx_word' id='word_1_684' title='bbox 356 5581 442 5633; x_wconf 70' lang='grc' dir='ltr'><strong>ἐπὶ</strong></span> <span class='ocrx_word' id='word_1_685' title='bbox 473 5580 756 5648; x_wconf 87' lang='grc' dir='ltr'>λεωφόρου</span> <span class='ocrx_word' id='word_1_686' title='bbox 785 5581 895 5649; x_wconf 77' lang='grc' dir='ltr'><strong>γὰρ</strong></span> <span class='ocrx_word' id='word_1_687' title='bbox 928 5577 1085 5648; x_wconf 73' lang='grc' dir='ltr'>ᾤκει,</span> <span class='ocrx_word' id='word_1_688' title='bbox 1117 5579 1415 5646; x_wconf 75' lang='grc' dir='ltr'>εὐξάμενος</span> <span class='ocrx_word' id='word_1_689' title='bbox 1459 5579 1763 5646; x_wconf 85' lang='grc' dir='ltr'>αὐτόματον</span> 
     </span>
    </p>
   </div>
   <div class='ocr_carea' id='block_1_98' title="bbox 236 5668 1761 5738">
    <p class='ocr_par' dir='ltr' id='par_1_98' title="bbox 236 5668 1761 5738">
     <span class='ocr_line' id='line_1_98' title="bbox 236 5668 1761 5738; baseline 0.001 -20"><span class='ocrx_word' id='word_1_690' title='bbox 236 5671 425 5734; x_wconf 76' lang='grc' dir='ltr'><strong>ἐξεῖλκε</strong></span> <span class='ocrx_word' id='word_1_691' title='bbox 472 5669 569 5723; x_wconf 85' lang='grc' dir='ltr'><strong>τοῦ</strong></span> <span class='ocrx_word' id='word_1_692' title='bbox 625 5669 898 5738; x_wconf 33' lang='grc' dir='ltr'>,φωλεοῦ-τ</span> <span class='ocrx_word' id='word_1_693' title='bbox 931 5671 1026 5723; x_wconf 74' lang='grc' dir='ltr'><strong>καὶ</strong></span> <span class='ocrx_word' id='word_1_694' title='bbox 1064 5669 1258 5722; x_wconf 75' lang='grc' dir='ltr'>ἑκόντα</span> <span class='ocrx_word' id='word_1_695' title='bbox 1283 5668 1382 5738; x_wconf 76' lang='grc' dir='ltr'><strong>τὴν</strong></span> <span class='ocrx_word' id='word_1_696' title='bbox 1413 5669 1654 5737; x_wconf 75' lang='grc' dir='ltr'>κεφαλὴν</span> <span class='ocrx_word' id='word_1_697' title='bbox 1680 5669 1761 5730; x_wconf 76' lang='grc' dir='ltr'>δὶς</span> 
     </span>
    </p>
   </div>
   <div class='ocr_carea' id='block_1_99' title="bbox 1871 4475 3453 4546">
    <p class='ocr_par' dir='ltr' id='par_1_99' title="bbox 1871 4475 3453 4546">
     <span class='ocr_line' id='line_1_99' title="bbox 1871 4475 3453 4546; baseline -0.004 -9"><span class='ocrx_word' id='word_1_698' title='bbox 1871 4483 2029 4538; x_wconf 91' lang='lat' dir='ltr'><strong>sione</strong></span> <span class='ocrx_word' id='word_1_699' title='bbox 2067 4480 2370 4535; x_wconf 85' lang='lat' dir='ltr'><strong>revelatam</strong></span> <span class='ocrx_word' id='word_1_700' title='bbox 2395 4517 2411 4543; x_wconf 95' lang='lat'><strong>,</strong></span> <span class='ocrx_word' id='word_1_701' title='bbox 2437 4493 2671 4546; x_wconf 86' lang='lat' dir='ltr'><strong>eamque</strong></span> <span class='ocrx_word' id='word_1_702' title='bbox 2693 4475 2763 4531; x_wconf 85' lang='lat' dir='ltr'><strong>ab</strong></span> <span class='ocrx_word' id='word_1_703' title='bbox 2789 4490 2878 4541; x_wconf 84' lang='lat' dir='ltr'><strong>eo,</strong></span> <span class='ocrx_word' id='word_1_704' title='bbox 2913 4491 2982 4529; x_wconf 78' lang='lat' dir='ltr'><strong>ex</strong></span> <span class='ocrx_word' id='word_1_705' title='bbox 3004 4489 3132 4530; x_wconf 87' lang='lat' dir='ltr'><strong>arce</strong></span> <span class='ocrx_word' id='word_1_706' title='bbox 3161 4475 3453 4545; x_wconf 57' lang='lat' dir='ltr'><strong>digresso.</strong></span> 
     </span>
    </p>
   </div>
   <div class='ocr_carea' id='block_1_100' title="bbox 1871 4567 3433 4643">
    <p class='ocr_par' dir='ltr' id='par_1_100' title="bbox 1871 4567 3433 4643">
     <span class='ocr_line' id='line_1_100' title="bbox 1871 4567 3433 4643; baseline -0.005 -13"><span class='ocrx_word' id='word_1_707' title='bbox 1871 4577 2025 4630; x_wconf 88' lang='lat' dir='ltr'><strong>clero</strong></span> <span class='ocrx_word' id='word_1_708' title='bbox 2093 4573 2406 4643; x_wconf 87' lang='lat' dir='ltr'><strong>populoque</strong></span> <span class='ocrx_word' id='word_1_709' title='bbox 2463 4570 2783 4642; x_wconf 63' lang='lat' dir='ltr'><strong>praedictam</strong></span> <span class='ocrx_word' id='word_1_710' title='bbox 2843 4584 2986 4626; x_wconf 85' lang='lat' dir='ltr'><strong>esse.</strong></span> <span class='ocrx_word' id='word_1_711' title='bbox 3052 4567 3160 4624; x_wconf 89' lang='lat' dir='ltr'><strong>Sed</strong></span> <span class='ocrx_word' id='word_1_712' title='bbox 3219 4578 3433 4623; x_wconf 88' lang='lat' dir='ltr'><strong>tantum</strong></span> 
     </span>
    </p>
   </div>
   <div class='ocr_carea' id='block_1_101' title="bbox 1871 4659 3436 4726">
    <p class='ocr_par' dir='ltr' id='par_1_101' title="bbox 1871 4659 3436 4726">
     <span class='ocr_line' id='line_1_101' title="bbox 1871 4659 3436 4726; baseline -0.005 -5"><span class='ocrx_word' id='word_1_713' title='bbox 1871 4667 2022 4722; x_wconf 84' lang='lat' dir='ltr'><strong>abest</strong></span> <span class='ocrx_word' id='word_1_714' title='bbox 2059 4675 2116 4720; x_wconf 88' lang='lat' dir='ltr'><strong>ut</strong></span> <span class='ocrx_word' id='word_1_715' title='bbox 2148 4663 2281 4718; x_wconf 87' lang='lat' dir='ltr'><strong>lidcs</strong></span> <span class='ocrx_word' id='word_1_716' title='bbox 2315 4665 2366 4718; x_wconf 89' lang='lat' dir='ltr'><strong>ei</strong></span> <span class='ocrx_word' id='word_1_717' title='bbox 2403 4662 2591 4717; x_wconf 89' lang='lat' dir='ltr'><strong>habita</strong></span> <span class='ocrx_word' id='word_1_718' title='bbox 2631 4660 2722 4726; x_wconf 89' lang='lat' dir='ltr'><strong>sit,</strong></span> <span class='ocrx_word' id='word_1_719' title='bbox 2761 4669 2825 4713; x_wconf 91' lang='lat' dir='ltr'><strong>ut</strong></span> <span class='ocrx_word' id='word_1_720' title='bbox 2860 4659 3078 4716; x_wconf 88' lang='lat' dir='ltr'><strong>derisus</strong></span> <span class='ocrx_word' id='word_1_721' title='bbox 3107 4661 3274 4715; x_wconf 85' lang='lat' dir='ltr'><strong>etiam</strong></span> <span class='ocrx_word' id='word_1_722' title='bbox 3311 4659 3436 4714; x_wconf 84' lang='lat' dir='ltr'><strong>fue-</strong></span> 
     </span>
    </p>
   </div>
   <div class='ocr_carea' id='block_1_102' title="bbox 1874 4751 3432 4826">
    <p class='ocr_par' dir='ltr' id='par_1_102' title="bbox 1874 4751 3432 4826">
     <span class='ocr_line' id='line_1_102' title="bbox 1874 4751 3432 4826; baseline -0.003 -14"><span class='ocrx_word' id='word_1_723' title='bbox 1874 4759 1964 4820; x_wconf 85' lang='lat' dir='ltr'><strong>rit.</strong></span> <span class='ocrx_word' id='word_1_724' title='bbox 1998 4757 2092 4826; x_wconf 92' lang='lat' dir='ltr'><strong>qui</strong></span> <span class='ocrx_word' id='word_1_725' title='bbox 2125 4771 2313 4811; x_wconf 89' lang='lat' dir='ltr'><strong>casum</strong></span> <span class='ocrx_word' id='word_1_726' title='bbox 2344 4761 2456 4808; x_wconf 89' lang='lat' dir='ltr'><strong>tam</strong></span> <span class='ocrx_word' id='word_1_727' title='bbox 2493 4754 2932 4820; x_wconf 82' lang='lat' dir='ltr'><strong>inexspectatum</strong></span> <span class='ocrx_word' id='word_1_728' title='bbox 2981 4751 3328 4822; x_wconf 72' lang='lat' dir='ltr'><strong>praediceret.</strong></span> <span class='ocrx_word' id='word_1_729' title='bbox 3365 4753 3432 4807; x_wconf 88' lang='lat' dir='ltr'><strong>ll-</strong></span> 
     </span>
    </p>
   </div>
   <div class='ocr_carea' id='block_1_103' title="bbox 1867 4841 3429 4905">
    <p class='ocr_par' dir='ltr' id='par_1_103' title="bbox 1867 4841 3429 4905">
     <span class='ocr_line' id='line_1_103' title="bbox 1867 4841 3429 4905; baseline -0.005 -1"><span class='ocrx_word' id='word_1_730' title='bbox 1867 4850 1982 4905; x_wconf 88' lang='lat' dir='ltr'><strong>lum</strong></span> <span class='ocrx_word' id='word_1_731' title='bbox 2009 4858 2197 4903; x_wconf 88' lang='lat' dir='ltr'><strong>autem</strong></span> <span class='ocrx_word' id='word_1_732' title='bbox 2246 4861 2465 4902; x_wconf 88' lang='lat' dir='ltr'><strong>rursum</strong></span> <span class='ocrx_word' id='word_1_733' title='bbox 2499 4845 2554 4898; x_wconf 90' lang='lat' dir='ltr'><strong>in</strong></span> <span class='ocrx_word' id='word_1_734' title='bbox 2598 4843 2780 4898; x_wconf 81' lang='lat' dir='ltr'><strong>locum</strong></span> <span class='ocrx_word' id='word_1_735' title='bbox 2810 4858 2970 4896; x_wconf 90' lang='lat' dir='ltr'><strong>suum</strong></span> <span class='ocrx_word' id='word_1_736' title='bbox 3019 4841 3429 4903; x_wconf 82' lang='lat' dir='ltr'><strong>conscendisse,</strong></span> 
     </span>
    </p>
   </div>
   <div class='ocr_carea' id='block_1_104' title="bbox 1869 4933 3428 5010">
    <p class='ocr_par' dir='ltr' id='par_1_104' title="bbox 1869 4933 3428 5010">
     <span class='ocr_line' id='line_1_104' title="bbox 1869 4933 3428 5010; baseline -0.006 -14"><span class='ocrx_word' id='word_1_737' title='bbox 1869 4941 2245 5010; x_wconf 87' lang='lat' dir='ltr'><strong>supinumque</strong></span> <span class='ocrx_word' id='word_1_738' title='bbox 2290 4939 2347 4992; x_wconf 90' lang='lat' dir='ltr'><strong>in</strong></span> <span class='ocrx_word' id='word_1_739' title='bbox 2391 4936 2518 4992; x_wconf 84' lang='lat' dir='ltr'><strong>solo</strong></span> <span class='ocrx_word' id='word_1_740' title='bbox 2549 4934 2823 5004; x_wconf 75' lang='lat' dir='ltr'><strong>iacentem</strong></span> <span class='ocrx_word' id='word_1_741' title='bbox 2859 4934 3030 4989; x_wconf 88' lang='lat' dir='ltr'><strong>Deum</strong></span> <span class='ocrx_word' id='word_1_742' title='bbox 3074 4933 3428 5001; x_wconf 88' lang='lat' dir='ltr'><strong>deprccatmu</strong></span> 
     </span>
    </p>
   </div>
   <div class='ocr_carea' id='block_1_105' title="bbox 1867 5025 3430 5099">
    <p class='ocr_par' dir='ltr' id='par_1_105' title="bbox 1867 5025 3430 5099">
     <span class='ocr_line' id='line_1_105' title="bbox 1867 5025 3430 5099; baseline -0.008 -11"><span class='ocrx_word' id='word_1_743' title='bbox 1867 5034 2060 5089; x_wconf 80' lang='lat' dir='ltr'><strong>fuisse.</strong></span> <span class='ocrx_word' id='word_1_744' title='bbox 2095 5031 2197 5087; x_wconf 87' lang='lat' dir='ltr'><strong>Ubi</strong></span> <span class='ocrx_word' id='word_1_745' title='bbox 2232 5033 2402 5086; x_wconf 87' lang='lat' dir='ltr'><strong>etiam</strong></span> <span class='ocrx_word' id='word_1_746' title='bbox 2431 5031 2488 5084; x_wconf 91' lang='lat' dir='ltr'><strong>in</strong></span> <span class='ocrx_word' id='word_1_747' title='bbox 2519 5029 2640 5099; x_wconf 88' lang='lat' dir='ltr'><strong>ipso</strong></span> <span class='ocrx_word' id='word_1_748' title='bbox 2679 5028 2853 5082; x_wconf 88' lang='lat' dir='ltr'><strong>cladis</strong></span> <span class='ocrx_word' id='word_1_749' title='bbox 2883 5027 3004 5097; x_wconf 87' lang='lat' dir='ltr'><strong>ejus</strong></span> <span class='ocrx_word' id='word_1_750' title='bbox 3031 5026 3262 5093; x_wconf 88' lang='lat' dir='ltr'><strong>impetu,</strong></span> <span class='ocrx_word' id='word_1_751' title='bbox 3291 5025 3430 5078; x_wconf 90' lang='lat' dir='ltr'><strong>turri</strong></span> 
     </span>
    </p>
   </div>
   <div class='ocr_carea' id='block_1_106' title="bbox 1869 5115 3458 5194">
    <p class='ocr_par' dir='ltr' id='par_1_106' title="bbox 1869 5115 3458 5194">
     <span class='ocr_line' id='line_1_106' title="bbox 1869 5115 3458 5194; baseline -0.007 -16"><span class='ocrx_word' id='word_1_752' title='bbox 1869 5125 1982 5194; x_wconf 86' lang='lat' dir='ltr'><strong>ipsa</strong></span> <span class='ocrx_word' id='word_1_753' title='bbox 2020 5124 2245 5177; x_wconf 88' lang='lat' dir='ltr'><strong>immota</strong></span> <span class='ocrx_word' id='word_1_754' title='bbox 2271 5132 2328 5176; x_wconf 92' lang='lat' dir='ltr'><strong>et</strong></span> <span class='ocrx_word' id='word_1_755' title='bbox 2352 5121 2535 5175; x_wconf 87' lang='lat' dir='ltr'><strong>stabili</strong></span> <span class='ocrx_word' id='word_1_756' title='bbox 2571 5127 2956 5190; x_wconf 88' lang='lat' dir='ltr'><strong>permanente,</strong></span> <span class='ocrx_word' id='word_1_757' title='bbox 2996 5116 3209 5170; x_wconf 86' lang='lat' dir='ltr'><strong>orantis</strong></span> <span class='ocrx_word' id='word_1_758' title='bbox 3236 5115 3458 5170; x_wconf 78' lang='lat' dir='ltr'><strong>habitu.</strong></span> 
     </span>
    </p>
   </div>
   <div class='ocr_carea' id='block_1_107' title="bbox 1868 5208 3432 5284">
    <p class='ocr_par' dir='ltr' id='par_1_107' title="bbox 1868 5208 3432 5284">
     <span class='ocr_line' id='line_1_107' title="bbox 1868 5208 3432 5284; baseline -0.004 -15"><span class='ocrx_word' id='word_1_759' title='bbox 1868 5225 2076 5284; x_wconf 72' lang='lat' dir='ltr'><strong>martyr</strong></span> <span class='ocrx_word' id='word_1_760' title='bbox 2108 5223 2358 5268; x_wconf 80' lang='lat' dir='ltr'><strong>mortuus</strong></span> <span class='ocrx_word' id='word_1_761' title='bbox 2379 5221 2467 5268; x_wconf 89' lang='lat' dir='ltr'><strong>est</strong></span> <span class='ocrx_word' id='word_1_762' title='bbox 2498 5224 2752 5281; x_wconf 86' lang='lat' dir='ltr'><strong>repertus</strong></span> <span class='ocrx_word' id='word_1_763' title='bbox 2779 5226 2809 5264; x_wconf 91' lang='lat' dir='ltr'><strong>a</strong></span> <span class='ocrx_word' id='word_1_764' title='bbox 2841 5209 3047 5272; x_wconf 88' lang='lat' dir='ltr'><strong>multis,</strong></span> <span class='ocrx_word' id='word_1_765' title='bbox 3079 5208 3170 5277; x_wconf 88' lang='lat' dir='ltr'><strong>qui</strong></span> <span class='ocrx_word' id='word_1_766' title='bbox 3197 5223 3264 5264; x_wconf 90' lang='lat' dir='ltr'><strong>eo</strong></span> <span class='ocrx_word' id='word_1_767' title='bbox 3295 5223 3432 5264; x_wconf 85' lang='lat' dir='ltr'><strong>con.-</strong></span> 
     </span>
    </p>
   </div>
   <div class='ocr_carea' id='block_1_108' title="bbox 1865 5301 3429 5372">
    <p class='ocr_par' dir='ltr' id='par_1_108' title="bbox 1865 5301 3429 5372">
     <span class='ocr_line' id='line_1_108' title="bbox 1865 5301 3429 5372; baseline -0.005 -12"><span class='ocrx_word' id='word_1_768' title='bbox 1865 5315 2180 5372; x_wconf 84' lang='lat' dir='ltr'><strong>currerant,</strong></span> <span class='ocrx_word' id='word_1_769' title='bbox 2221 5314 2282 5360; x_wconf 91' lang='lat' dir='ltr'><strong>ut</strong></span> <span class='ocrx_word' id='word_1_770' title='bbox 2314 5311 2685 5359; x_wconf 69' lang='lat' dir='ltr'><strong>terrmmotum</strong></span> <span class='ocrx_word' id='word_1_771' title='bbox 2723 5317 2789 5356; x_wconf 87' lang='lat' dir='ltr'><strong>ex</strong></span> <span class='ocrx_word' id='word_1_772' title='bbox 2830 5314 2955 5358; x_wconf 80' lang='lat' dir='ltr'><strong>loco</strong></span> <span class='ocrx_word' id='word_1_773' title='bbox 2983 5301 3271 5369; x_wconf 88' lang='lat' dir='ltr'><strong>superiore</strong></span> <span class='ocrx_word' id='word_1_774' title='bbox 3301 5314 3429 5370; x_wconf 87' lang='lat' dir='ltr'><strong>spe—</strong></span> 
     </span>
    </p>
   </div>
   <div class='ocr_carea' id='block_1_109' title="bbox 1864 5390 3424 5461">
    <p class='ocr_par' dir='ltr' id='par_1_109' title="bbox 1864 5390 3424 5461">
     <span class='ocr_line' id='line_1_109' title="bbox 1864 5390 3424 5461; baseline -0.005 -9"><span class='ocrx_word' id='word_1_775' title='bbox 1864 5405 2101 5452; x_wconf 89' lang='lat' dir='ltr'><strong>ctarent.</strong></span> <span class='ocrx_word' id='word_1_776' title='bbox 2147 5395 2347 5450; x_wconf 89' lang='lat' dir='ltr'><strong>Orasse</strong></span> <span class='ocrx_word' id='word_1_777' title='bbox 2380 5403 2563 5448; x_wconf 90' lang='lat' dir='ltr'><strong>autem</strong></span> <span class='ocrx_word' id='word_1_778' title='bbox 2609 5407 2758 5457; x_wconf 90' lang='lat' dir='ltr'><strong>eum,</strong></span> <span class='ocrx_word' id='word_1_779' title='bbox 2810 5401 3206 5461; x_wconf 87' lang='lat' dir='ltr'><strong>precatumque</strong></span> <span class='ocrx_word' id='word_1_780' title='bbox 3251 5390 3424 5446; x_wconf 85' lang='lat' dir='ltr'><strong>Deum</strong></span> 
     </span>
    </p>
   </div>
   <div class='ocr_carea' id='block_1_110' title="bbox 1863 5483 3420 5554">
    <p class='ocr_par' dir='ltr' id='par_1_110' title="bbox 1863 5483 3420 5554">
     <span class='ocr_line' id='line_1_110' title="bbox 1863 5483 3420 5554; baseline -0.004 -12"><span class='ocrx_word' id='word_1_781' title='bbox 1863 5504 1987 5544; x_wconf 89' lang='lat' dir='ltr'><strong>esse</strong></span> <span class='ocrx_word' id='word_1_782' title='bbox 2038 5488 2243 5553; x_wconf 76' lang='lat' dir='ltr'><strong>ferunt,</strong></span> <span class='ocrx_word' id='word_1_783' title='bbox 2296 5496 2355 5540; x_wconf 91' lang='lat' dir='ltr'><strong>ut</strong></span> <span class='ocrx_word' id='word_1_784' title='bbox 2397 5486 2566 5538; x_wconf 87' lang='lat' dir='ltr'><strong>vitam</strong></span> <span class='ocrx_word' id='word_1_785' title='bbox 2619 5485 2773 5553; x_wconf 89' lang='lat' dir='ltr'><strong>prius</strong></span> <span class='ocrx_word' id='word_1_786' title='bbox 2819 5483 3022 5550; x_wconf 83' lang='lat' dir='ltr'><strong>ﬁniret,</strong></span> <span class='ocrx_word' id='word_1_787' title='bbox 3079 5499 3420 5554; x_wconf 65' lang='lat' dir='ltr'><strong>quam.cam</strong></span> 
     </span>
    </p>
   </div>
   <div class='ocr_carea' id='block_1_111' title="bbox 1865 5575 3416 5646">
    <p class='ocr_par' dir='ltr' id='par_1_111' title="bbox 1865 5575 3416 5646">
     <span class='ocr_line' id='line_1_111' title="bbox 1865 5575 3416 5646; baseline 0 -14"><span class='ocrx_word' id='word_1_788' title='bbox 1865 5579 2018 5632; x_wconf 87' lang='lat' dir='ltr'><strong>urbis</strong></span> <span class='ocrx_word' id='word_1_789' title='bbox 2049 5577 2413 5632; x_wconf 86' lang='lat' dir='ltr'><strong>calamitatem</strong></span> <span class='ocrx_word' id='word_1_790' title='bbox 2446 5575 2675 5640; x_wconf 90' lang='lat' dir='ltr'><strong>videret,</strong></span> <span class='ocrx_word' id='word_1_791' title='bbox 2701 5577 2754 5630; x_wconf 91' lang='lat' dir='ltr'><strong>in</strong></span> <span class='ocrx_word' id='word_1_792' title='bbox 2775 5591 2881 5645; x_wconf 89' lang='lat' dir='ltr'><strong>qua</strong></span> <span class='ocrx_word' id='word_1_793' title='bbox 2902 5577 3181 5635; x_wconf 81' lang='lat' dir='ltr'><strong>Christum</strong></span> <span class='ocrx_word' id='word_1_794' title='bbox 3207 5593 3416 5646; x_wconf 73' lang='lat' dir='ltr'><strong>cogno~</strong></span> 
     </span>
    </p>
   </div>
   <div class='ocr_carea' id='block_1_112' title="bbox 1862 5667 3419 5739">
    <p class='ocr_par' dir='ltr' id='par_1_112' title="bbox 1862 5667 3419 5739">
     <span class='ocr_line' id='line_1_112' title="bbox 1862 5667 3419 5739; baseline 0.001 -17"><span class='ocrx_word' id='word_1_795' title='bbox 1862 5670 2054 5736; x_wconf 82' lang='lat' dir='ltr'><strong>vissct,</strong></span> <span class='ocrx_word' id='word_1_796' title='bbox 2078 5677 2134 5724; x_wconf 88' lang='lat' dir='ltr'><strong>et</strong></span> <span class='ocrx_word' id='word_1_797' title='bbox 2165 5667 2537 5725; x_wconf 87' lang='lat' dir='ltr'><strong>ecclesiastica</strong></span> <span class='ocrx_word' id='word_1_798' title='bbox 2584 5667 2932 5739; x_wconf 83' lang='lat' dir='ltr'><strong>philosophia</strong></span> <span class='ocrx_word' id='word_1_799' title='bbox 2975 5669 3222 5726; x_wconf 86' lang='lat' dir='ltr'><strong>initiatus</strong></span> <span class='ocrx_word' id='word_1_800' title='bbox 3252 5679 3419 5725; x_wconf 78' lang='lat' dir='ltr'><strong>esset.</strong></span> 
     </span>
    </p>
   </div>
   <div class='ocr_carea' id='block_1_113' title="bbox 290 5810 1900 5885">
    <p class='ocr_par' dir='ltr' id='par_1_113' title="bbox 290 5810 1900 5885">
     <span class='ocr_line' id='line_1_113' title="bbox 290 5810 1900 5885; baseline 0.001 -17"><span class='ocrx_word' id='word_1_801' title='bbox 290 5810 360 5881; x_wconf 82' lang='grc' dir='ltr'><strong>(Ι)</strong></span> <span class='ocrx_word' id='word_1_802' title='bbox 391 5813 756 5885; x_wconf 83' lang='lat' dir='ltr'><strong>Bosporanum</strong></span> <span class='ocrx_word' id='word_1_803' title='bbox 790 5816 933 5870; x_wconf 85' lang='lat' dir='ltr'><strong>hunc</strong></span> <span class='ocrx_word' id='word_1_804' title='bbox 960 5813 1260 5870; x_wconf 85' lang='lat' dir='ltr'><strong>antistitem</strong></span> <span class='ocrx_word' id='word_1_805' title='bbox 1311 5813 1500 5883; x_wconf 78' lang='lat' dir='ltr'><strong>fuisse,</strong></span> <span class='ocrx_word' id='word_1_806' title='bbox 1545 5814 1760 5873; x_wconf 85' lang='lat' dir='ltr'><strong>Sozom.</strong></span> <span class='ocrx_word' id='word_1_807' title='bbox 1807 5817 1900 5871; x_wconf 89' lang='lat' dir='ltr'><strong>ait.</strong></span> 
     </span>
    </p>
   </div>
  </div>
