3814 6538
386 389 493 454 375

1597 396 1645 457 Ν
1651 394 2016 457 ICEPHORI
2056 395 2144 455 CA
2156 397 2401 459 LLISTI

3520 406 3617 470 3'36

383 504 554 559 Inita
601 501 649 556 is
693 500 864 556 etiam
914 516 1082 571 supra
1133 505 1243 558 vim
1285 515 1344 561 et
1398 517 1616 576 captum
1668 508 1952 562 hominum

2065 513 2124 580 τῇ
2150 513 2220 582 γῇ
2256 507 2662 582 πῳσαρράξαι,
2693 509 2788 564 καὶ
2830 509 2976 566 οὕτω
3007 513 3399 586 διαρραγῆναι.
3431 517 3616 573 Πολλοὶ

387 596 517 651 fecit
546 612 561 648 :
599 593 883 648 daemones
923 609 1162 664 namque
1193 596 1378 667 ejecit,
1413 597 1537 653 aliis
1561 613 1780 669 quoque
1805 598 1950 653 casi-

385 688 491 742 bus
543 685 774 740 afﬂictos
824 685 1076 740 homines
1135 687 1398 752 restituit,
1454 697 1509 742 et
1555 690 1622 744 ad
1675 691 1952 745 saniorem

386 785 628 832 mentem
663 778 868 831 multos
897 775 1142 832 reduxit.
1167 777 1551 834 Etdraconem
1574 780 1693 834 sive
1723 781 1956 836 alterius

384 867 671 937 reptilium
711 855 936 939 generis
968 885 1302 925 venenosam
1347 870 1521 926 feram
1575 874 1678 928 via:
1719 873 1952 942 publicae

387 959 762 1025 incubantem,
809 969 865 1015 et
919 960 1107 1014 aﬂlatu
1156 962 1279 1015 solo
1332 961 1575 1018 viatores
1640 971 1954 1030 necantem,

385 1052 656 1117 oratione,
706 1067 774 1107 ex
804 1053 1038 1106 latibulo
1070 1061 1128 1107 ut
1183 1065 1380 1122 sponte
1431 1069 1530 1110 sua
1579 1056 1850 1125 prodiret,
1899 1063 1956 1110 et

386 1157 485 1212 per
515 1143 755 1211 seipsam
796 1150 962 1210 caput
1007 1143 1175 1197 semel
1206 1153 1374 1213 atque
1408 1145 1610 1200 iterum
1650 1154 1811 1200 terrae
1847 1145 1952 1200 illi-

384 1237 562 1297 deret,
599 1244 657 1289 et
682 1234 761 1289 sic
798 1234 1016 1288 tandem
1049 1245 1428 1306 rumperetur,
1463 1241 1752 1306 protraxit.
1800 1237 1955 1292 Multi

384 1340 519 1381 sane
567 1325 827 1380 mortales
876 1325 1214 1381 Nicomediae
1250 1327 1328 1398 (ί)
1374 1331 1549 1385 ruinis
1596 1331 1954 1386 aedificiorum

387 1415 743 1480 interierunt,
803 1415 964 1470 multi
1019 1417 1125 1471 sibi
1182 1417 1308 1489 fuga
1365 1419 1421 1473 in
1479 1421 1840 1476 solitudinem
1899 1432 1958 1476 et

384 1523 548 1577 agros
601 1507 1034 1562 consuluerunt.
1085 1508 1303 1564 Etenim
1362 1511 1601 1566 incendii
1662 1512 1881 1566 ﬂamma
1925 1529 1956 1568 e

384 1597 564 1650 furnis
621 1605 678 1650 et
726 1596 940 1652 balneis
996 1597 1344 1670 oﬂieinisque
1404 1603 1679 1657 artificum
1740 1605 1832 1674 qui
1887 1603 1956 1658 ad

386 1687 566 1754 ignem
616 1700 759 1755 Opus
789 1685 1001 1742 faciunt
1033 1699 1244 1755 coorta,
1271 1699 1326 1746 et
1361 1692 1660 1748 ruderibus
1689 1693 1956 1750 deciden-

387 1781 525 1832 tium
556 1779 864 1833 culminum
905 1781 1298 1844 circumclusa,
1337 1785 1677 1854 materiaque
1707 1787 1956 1855 proxima

2061 604 2160 674 μὲν
2189 603 2283 656 οὐν
2325 603 2702 675 διεφθάρησαν
2743 606 2859 666 τοῖς
2893 605 3181 674 έρειπίοις·
3214 609 3264 661 οί
3295 607 3350 661 δὲ
3381 611 3462 664 είς
3491 610 3617 680 έρη-

2059 697 2189 766 μίας
2241 696 2552 764 διέδρασαν.
2596 698 2705 751 Καὶ
2740 696 2874 766 φλὸξ
2919 699 3032 767 γάρ
3067 717 3152 761 τις
3181 699 3245 752 ἐκ
3270 717 3415 764 τινος
3445 717 3618 772 παρα-

2058 791 2319 860 κειμένης
2356 789 2507 860 ὐλης,
2535 791 2642 843 ἀπό
2684 807 2745 844 τε
2777 793 3014 858 πνιγέων
3046 792 3274 846 καὶτῶν
3302 792 3616 861 βαλανείων,

2056 885 2151 936 καί
2194 890 2359 935 τινων
2395 883 2526 954 περὶ
2559 884 2658 945 τὰς
2697 883 2982 954 ἐμπύρους
3011 883 3209 952 τέχνας
3247 887 3622 953 πονουμένων,

2058 973 2432 1043 ἐρειπομένων
2478 975 2588 1027 τῶν
2635 975 2851 1046 ὀρόφων
2891 976 3338 1046 περικλιισθεῖσα
3365 1017 3381 1040 ,
3429 980 3621 1046 ἀναμι-

2059 1065 2266 1130 γέντων
2292 1064 2368 1127 ὡς
2416 1065 2563 1128 είκδς
2596 1066 2912 1134 φρυγάνων,
2945 1068 3037 1118 καὶ
3077 1066 3178 1118 ὃσα
3218 1065 3452 1137 ἐλαιώδη
3483 1067 3618 1130 ἐστὶ,

2057 1155 2322 1226 καὶπρὸς
2373 1155 2433 1208 τὸ
2487 1154 2742 1209 καίεσθαι
2795 1155 2982 1226 ῥᾳδίαν
3037 1154 3137 1226 τὴν
3189 1156 3433 1209 ἐπίδοσιν
3471 1156 3618 1224 ἔχει,

2057 1247 2356 1316 ὲξαιρθεῐσα
2416 1248 2496 1318 τῷ
2550 1248 2650 1318 τῆς
2691 1249 2900 1317 τροφῆς
2947 1249 3206 1319 ἀφθόνῳ,
3268 1247 3518 1318 ἕρπουσὰ
3565 1265 3620 1300 τε

2059 1338 2398 1408 ἁπανταχοῦ,
2444 1341 2538 1393 καὶ
2589 1339 2973 1411 συναπτομένη
3007 1341 3166 1404 αὖθις
3214 1341 3350 1411 πρὸς
3381 1339 3616 1409 ἑαυτὴν,

2059 1430 2192 1502 μίαν
2246 1433 2445 1500 πυρὰν,
2473 1431 2550 1494 ὡς
2593 1433 2791 1497 εἰπεῖν,
2830 1432 2931 1499 τὴν
2975 1432 3126 1484 πόλιν
3167 1425 3393 1486 ἃπασαν
3429 1432 3621 1484 ἐποίειο

2057 1522 2152 1574 καὶ
2187 1521 2377 1574 *πολλοὶ⁵
2431 1521 2510 1592 τῷ
2551 1522 2688 1590 πυρὶ
2741 1521 2958 1591 δαπάνη
3012 1524 3284 1590 ἐγένοντο,
3341 1521 3624 1586 ἁδιεξόδων

2057 1612 2166 1666 τῶν
2202 1613 2366 1666 οῐκων
2401 1613 2812 1682 γεγενημένων.
2865 1613 3024 1666 Οὕτω
3065 1615 3120 1666 δὲ
3158 1614 3250 1666 τοῦ
3284 1615 3428 1666 κατᾶ
3466 1613 3625 1665 Νικι-

2063 1705 2290 1774 μήδειαν
2337 1705 2548 1768 πάθους
2590 1705 2844 1774 ἐμποδὼν
2895 1707 3003 1768 τοῖς
3040 1706 3364 1768 ἐπισκόποις
3393 1720 3622 1773 γεγενη-

2065 1796 2252 1866 μένου,
2309 1796 2526 1865 πρῶτον
2583 1796 2685 1866 μὶν
2734 1795 2948 1867 βασιλεῖ
2999 1796 3174 1849 ἐδόκει
3219 1797 3366 1850 κατὰ
3392 1796 3625 1848 Νίκαιαν

383 1882 438 1924 et
479 1872 799 1935 sarmentis,
849 1880 909 1928 ut
955 1873 1074 1927 fieri
1117 1874 1278 1941 solet,
1329 1877 1380 1930 ei
1424 1877 1702 1944 admistis,
1739 1879 1955 1934 tabula-

2065 1861 2511 1956 πάλινίγενέσθαι
2556 1861 2660 1959 τὴν
2709 1861 2949 1950 σύνοδον.
2991 1890 3102 1942 Καὶ
3129 1889 3300 1959 πολλῇ
3335 1890 3454 1950 τοῖς
3489 1889 3627 1957 ἀμφὶ

385 1964 564 2034 tisque
590 1965 826 2019 resinam
861 1967 1284 2033 exsudantibus,
1314 1978 1372 2024 et
1417 1968 1484 2023 ad
1514 1971 1948 2040 concipiendum

387 2057 912 2126 prepagandumque
956 2058 1138 2127 ignem
1188 2059 1498 2116 commodis
1546 2070 1750 2128 aucta,
1803 2071 1954 2118 tanta

383 2148 636 2204 alimenti
671 2148 831 2218 capia
868 2150 924 2203 in
962 2160 1149 2218 partes
1176 2165 1371 2207 omnes
1400 2167 1756 2223 proserpens,
1797 2165 1852 2209 et
1885 2155 1954 2210 ad

385 2240 628 2310 seipsam
673 2253 981 2307 revertens,
1011 2244 1201 2308 aveluti
1252 2259 1422 2298 unum
1481 2245 1568 2315 (ut
1619 2246 1694 2300 ita
1749 2246 1955 2312 dicam)

386 2335 674 2389 ardentem
720 2350 912 2404 rogum
951 2335 1147 2391 urbem
1189 2336 1364 2405 ipsam
1399 2336 1680 2393 effecerat.
1715 2337 1835 2404 Quo
1872 2341 1955 2392 in-

386 2427 606 2492 cendio,
649 2427 802 2496 quod,
846 2441 914 2482 ex
958 2428 1172 2483 aedibus
1228 2431 1500 2486 transitus
1554 2446 1663 2485 non
1713 2439 1954 2500 pateret,

389 2519 542 2572 multi
579 2527 709 2573 sunt
741 2521 1079 2589 consumpti.
1113 2521 1182 2575 Et
1212 2522 1477 2590 quoniam
1508 2522 1958 2578 Nicomediensis

386 2625 551 2666 casus
578 2611 968 2680 episcoporum
997 2623 1338 2668 conventum
1386 2615 1804 2680 interturbavit,
1843 2618 1958 2687 pri-

386 2717 536 2758 mum
581 2705 806 2774 quidem
858 2706 1202 2774 imperatori,
1235 2715 1293 2760 ut
1335 2708 1529 2764 Nicaeae
1576 2724 1795 2765 rursum
1827 2725 1962 2765 eon-

385 2807 773 2867 gregareutur,
820 2797 1053 2866 placuit.
1096 2798 1332 2854 Basilius
1375 2809 1560 2854 autem
1603 2800 1672 2855 de
1721 2814 1790 2854 eo
1836 2801 1960 2855 loco

387 2889 484 2944 diu
512 2889 860 2958 multumque
885 2889 1238 2944 deliberavit.
1267 2890 1331 2944 Et
1353 2889 1435 2945 sic
1466 2891 1522 2945 in
1555 2891 1690 2947 urbe
1717 2892 1960 2958 Nicena,

387 2985 593 3054 populo
631 2984 708 3038 ibi
738 2985 889 3038 ornni
917 2993 1236 3039 terraemotu
1252 2985 1608 3052 conturbata,
1633 2985 1962 3041 deliberatio

275 3062 286 3072 ’
386 3076 650 3130 ίὶωιιοιιιιι.
701 3075 865 3145 772
911 3073 1088 3129 Porro
1137 3075 1318 3131 Marco
1369 3077 1696 3144 Arethusio,
1724 3077 1960 3144 Georgio

2055 1978 2337 2032 Βασίλειον
2367 1979 2495 2046 περὶ
2537 1981 2730 2035 τούτου
2766 1980 2958 2049 σκέψις
2995 1980 3231 2048 ἐγίνετο.
3278 1979 3625 2034 ’Δνεϐάλλον-

2054 2087 2115 2124 το
2149 2070 2198 2124 δ’
2240 2073 2296 2124 ἐν
2331 2072 2541 2143 Nimia.
2563 2112 2579 2135 ,
2612 2073 2716 2127 ὐπὸ
2751 2073 2996 2142 σεισμῶν
3026 2075 3442 2143 τεταραγμένου
3471 2072 3629 2142 δῆθεν

2054 2162 2148 2215 τοῦ
2201 2162 2411 2225 ἔθνους.
2449 2163 2559 2216 Καὶ
2610 2163 2938 2228 ἐδόκει-τοίς
2977 2164 3104 2233 περὶ
3154 2162 3507 2234 Ἀρεθούσιον
3536 2162 3628 2214 καὶ

2054 2253 2144 2306 τὸν
2187 2251 2596 2322 Ἀλεξανδρείας
2624 2252 2916 2322 Γεώργιον,
2949 2253 3231 2306 Βασίλειάν
3275 2270 3334 2306 τε
3367 2255 3463 2304 τὸν
3505 2253 3628 2318 ’Δγ-

2057 2345 2229 2415 κύρας
2262 2345 2565 2412 τηνικαῦτα
2591 2347 2688 2399 σὺν
2717 2345 2796 2415 τῷ
2822 2347 3032 2415 βασιλεῖ
3056 2348 3112 2399 ὲν
3137 2346 3351 2417 Σιρμίῳ
3379 2347 3630 2412 διάγουσι

2060 2438 2189 2506 περὶ
2248 2437 2466 2508 Ταρσὸν
2520 2437 2621 2506 τῆς
2683 2435 2956 2499 Κιλικίας.
3005 2437 3093 2502 Ὠς
3195 2438 3254 2491 δι
3327 2439 3422 2493 καὶ
3476 2437 3632 2492 τοῦτο

2062 2528 2137 2599 μὴ
2197 2529 2476 2597 προσῆκον
2528 2527 2743 2592 ἐδόκει,
2794 2527 3056 2597 ὡρίζοντο
3106 2531 3235 2597 περὶ
3308 2527 3630 2580 Σελεύκειαν

2057 2620 2158 2690 τῆς
2204 2619 2482 2689 Ἰσαυρίας
2513 2619 2773 2686 γενέσθαι
2807 2618 2908 2690 τὴν
2958 2619 3195 2673 σύνοδον.
3230 2619 3452 2674 Τούτων
3493 2619 3634 2672 οὕτω

2059 2710 2332 2775 δοξάντων
2365 2747 2381 2774 ,
2425 2711 2550 2763 ἐπεὶ
2602 2709 2863 2780 παρῆσαν
2917 2710 3036 2762 ἐκεῖ
3084 2713 3184 2766 καὶ
3222 2711 3271 2763 οἱ
3317 2709 3465 2780 ἀμφὶ
3497 2709 3635 2764 06d-

2060 2803 2220 2856 λεντα
2268 2804 2362 2856 καὶ
2397 2803 2693 2873 υύρσίκιον
2715 2803 2810 2856 καὶ
2839 2802 3176 2868 Εὐδόξιον,ο⁹ί
3214 2802 3314 2872 τῆς
3344 2803 3456 2855 τῶν
3483 2803 3634 2856 Ἀνο-

2066 2895 2229 2965 μοίων
2275 2895 2435 2964 δόξης
2483 2897 2810 2966 προϊσταντο
2851 2895 3111 2965 μάλιστα,
3155 2894 3635 2964 παρασκευάζουσι

2063 2988 2190 3048 τοὺς
2219 2987 2394 3038 ἐκεῖσε
2422 2986 2850 3055 εὑρισκομένους
2875 2985 2986 3037 τῶν
3025 2985 3365 3047 ἐπισκόπων,
3393 2986 3473 3046 είς
3501 3000 3634 3054 γρα-

2064 3075 2174 3145 φήν
2228 3093 2350 3129 τινα
2397 3076 2638 3138 πίστεως
2685 3076 2751 3128 ἐκ
2779 3076 2874 3130 τοῦ
2909 3076 3098 3146 σχεδὸν
3135 3077 3516 3146 γεγενημένην
3545 3094 3637 3129 κα-

387 3170 786 3236 Alexandrino,
821 3179 876 3224 et
908 3169 1106 3224 Basilio
1150 3171 1464 3241 Ancyrano,
1499 3173 1593 3241 qui
1627 3181 1744 3227 tum
1771 3171 1958 3227 Sirmii

2067 3170 2445 3239 θυπογράψαι,
2487 3165 2522 3242 ᾖ
2550 3171 2610 3221 τὸ
2643 3168 2746 3237 τῆς
2798 3167 3130 3232 οὐσίαςόὐκ
3166 3170 3408 3222 ἐνέκειτο
3440 3169 3634 3236 δνομα.

389 3278 514 3316 eum
548 3261 884 3330 imperatore
917 3262 973 3316 in
1021 3262 1246 3331 negotio
1286 3263 1526 3332 quisque
1557 3278 1660 3319 suo
1701 3263 1960 3334 agebant,

391 3355 600 3411 Tarsus
632 3354 840 3409 Cilicia:
869 3353 1158 3408 commoda
1188 3354 1328 3409 visa.
1357 3353 1430 3410 Ut
1457 3372 1589 3410 vero
1616 3366 1672 3411 et
1703 3361 1816 3412 haec
1844 3355 1967 3410 aliis

391 3449 576 3503 minus
602 3447 902 3501 convenire
942 3445 1258 3502 existimata
1279 3457 1387 3511 est,
1427 3449 1648 3503 tandem
1683 3459 1742 3503 ut
1773 3449 1968 3504 Seleu-

389 3542 488 3596 cia
519 3541 571 3594 in
592 3539 795 3594 Isauria
813 3537 1056 3610 synodus
1074 3548 1348 3609 ageretur,
1376 3543 1761 3596 constitutum.
1787 3543 1965 3611 Atque

392 3636 497 3691 hoc
549 3635 628 3689 sic
689 3635 934 3699 decreto,
971 3634 1100 3702 quia
1153 3631 1226 3688 ibi
1280 3635 1509 3691 aderant
1539 3636 1758 3701 Valens,
1797 3637 1966 3693 Ursa-

389 3727 512 3782 eius
573 3735 630 3780 et
669 3723 974 3789 Eudoxius,
1017 3725 1108 3793 qui
1153 3725 1501 3794 potissimum
1571 3729 1965 3782 Anomworum

391 3819 641 3890 opinioni
673 3817 967 3888 prmibant,
1001 3821 1310 3873 effecerunt
1349 3818 1454 3883 illi,
1505 3828 1565 3874 ut
1605 3819 1851 3890 episc0pi
1899 3833 1967 3874 eo

392 3909 518 3966 loco
544 3910 861 3980 congregati
892 3907 1146 3962 formulae
1201 3909 1327 3963 lidei
1354 3923 1421 3963 ex
1449 3918 1698 3980 tempore
1730 3924 1963 3981 compo-

394 4005 520 4060 sita:
553 4001 992 4059 subscriberent.
1021 4001 1080 4054 ln
1115 4016 1223 4070 qua
1252 4001 1486 4057 formula
1518 4003 1842 4058 substantiae
1872 4019 1968 4058 no-

395 4113 521 4152 men
574 4097 841 4151 iusertum
883 4109 990 4148 non
1041 4103 1182 4150 erat.
1232 4093 1438 4150 Adhaec
1491 4096 1547 4148 in
1604 4095 1807 4150 animis
1864 4097 1965 4166 ipsi

395 4203 583 4246 secum
638 4189 1012 4258 perpendere,
1065 4187 1360 4258 episcopos
1421 4187 1696 4243 Seleucia:
1745 4199 1968 4244 coactos

394 4281 597 4353 partim
623 4278 902 4335 Nicmnam
937 4279 1122 4342 fidem,
1151 4279 1350 4348 partim
1382 4279 1690 4335 Antiochiae
1736 4278 1792 4332 in
1829 4288 1969 4334 tem-

397 4375 474 4446 pli
506 4373 859 4430 dedicatione
889 4371 1292 4441 professionem
1324 4371 1529 4425 editam
1557 4371 1967 4440 complexuros,

396 4473 453 4522 et
483 4481 583 4537 per
613 4463 1023 4519 aemulationem
1045 4463 1328 4518 ardentius
1359 4461 1724 4528 defensuros;
1753 4472 1965 4517 utram-

2071 3265 2214 3335 Πρὸς
2243 3264 2300 3316 δὲ
2333 3264 2544 3327 τούτοις
2583 3264 2641 3317 ὲν
2668 3263 2744 3332 νῷ
2772 3262 3012 3333 θέμενοι,
3039 3263 3114 3326 ὡς
3163 3263 3212 3316 οί
3253 3260 3638 3332 ἀθροιζόμενοι

2067 3359 2124 3412 ιν
2170 3359 2460 3429 Σελευκείᾳ
2518 3359 2833 3422 ἐπίσκοποι,
2878 3359 2928 3411 oi
2961 3358 3059 3429 μὲν
3092 3358 3191 3428 τὴν
3217 3358 3275 3410 έν
3308 3355 3516 3427 Νικαίᾳ
3548 3355 3639 3408 πί-

2071 3467 2208 3516 στιν,
2250 3451 2301 3503 οἱ
2351 3451 2406 3502 δὲ
2451 3450 2549 3521 τὴν
2581 3453 2640 3504 έν
2685 3450 2990 3521 Ἀντιοχείᾳ
3041 3449 3418 3519 γεγενημένην
3451 3449 3542 3499 ἐπὶ
3569 3449 3638 3518 τῇ

2066 3542 2160 3596 τοῦ
2197 3542 2302 3596 νεὼ
2353 3541 2704 3614 καθιερώσει,
2755 3542 2849 3596 καὶ
2903 3541 3198 3612 στέργουσι
3254 3542 3352 3593 καὶ
3389 3539 3634 3604 ζηλοῦσι.

2070 3634 2182 3687 Καὶ
2244 3633 2415 3704 ἄμφω
2473 3633 2529 3686 δὲ
2577 3634 2638 3687 τὸ
2690 3633 2786 3702 τῆς
2831 3633 3026 3696 οὐσίας
3075 3635 3249 3702 ὄνομα
3303 3631 3506 3702 έχουσν
3547 3633 3640 3684 καὶ

2069 3727 2212 3779 κατὰ.
2243 3729 2423 3781 πάντα
2452 3727 2640 3796 ὅμοιον
2669 3726 2974 3797 διαρρήδην
3021 3725 3357 3797 κηρύττουσι
3381 3725 3472 3778 τὸν
3510 3724 3644 3777 Υίδν

2066 3819 2146 3890 τῷ
2180 3817 2377 3888 Πατρί.
2435 3819 2503 3872 Ei'
2553 3835 2618 3886 γε
2679 3817 2858 3872 τοίνυν
2905 3820 2987 3880 είς
3029 3817 3089 3871 ἓν
3119 3819 3388 3887 γένοιντο,
3423 3818 3641 3879 πάντως

2069 3913 2170 3982 τὴν
2209 3911 2417 3966 ’Δετίου
2443 3911 2602 3976 δόξαν
2633 3909 2949 3964 ἀπώσονται
2969 3927 2985 3944 ο
3019 3913 3086 3982 ἢν
3117 3913 3316 3965 ἐκεῖνοι
3351 3910 3640 3965 ἐπαινοῦν·

2068 4021 2162 4069 τες
2208 4005 2300 4059 διὰ
2349 4004 2587 4075 σπουδῆς
2623 4005 2880 4076 συνιστᾷν
2915 4004 3235 4074 ἐπειρῶντο.
3267 4004 3332 4056 Τί
3368 4003 3641 4075 πράττου-

2073 4115 2190 4164 σιν;
2243 4096 2607 4167 Οἰκονομοῦσι
2641 4097 2800 4166 δόλῳ,
2833 4099 2963 4159 τοὺς
3001 4097 3100 4166 μὲν
3151 4097 3217 4149 ὲκ
3271 4095 3372 4164 τῆς
3403 4095 3639 4165 ἑσπέρας

2071 4193 2151 4254 είς
2204 4191 2488 4261 Ἀρίμινον
2516 4189 2874 4259 συνδραμεῖν,
2906 4189 3030 4249 τοὺς
3061 4187 3118 4241 δὲ
3167 4185 3228 4251 ἐξ
3275 4187 3394 4238 Ἕω
3422 4189 3504 4249 εἰς
3534 4187 3638 4256 τὴν

2071 4284 2169 4350 τῆς
2218 4283 2494 4353 ’ίσαυρίκς
2553 4281 2914 4334 Σελεύκειαν·
2963 4279 3038 4340 ὼς
3077 4281 3145 4332 ἂν
3185 4280 3270 4349 εἴη
3303 4279 3544 4342 εὐκόλως
3580 4280 3644 4330 τὸ

2077 4375 2454 4445 μελετώμενον
2507 4372 2663 4444 δρᾷν*
2702 4373 2834 4442 ῥᾷον
2876 4371 2986 4442 γὰρ
3035 4369 3205 4440 ᾤοντο
3263 4371 3392 4434 τοὺς
3428 4370 3643 4439 ὀλίγους

2074 4468 2286 4519 πείθειν
2319 4466 2350 4535 ἤ
2393 4466 2626 4527 πάντας.
2663 4464 2773 4518 Καὶ
2801 4465 2849 4516 εἱ
2890 4463 2988 4535 μὲν
3041 4463 3324 4531 δυνηθεῖεν
3369 4465 3466 4516 καὶ
3507 4464 3641 4514 ἑκα-

398 4573 506 4629 que
547 4573 680 4612 vero
716 4555 1010 4610 formulam
1051 4553 1373 4610 substantia
1405 4569 1608 4610 nomen
1653 4555 1882 4621 habere,
1914 4564 1961 4612 et

2072 4557 2240 4628 τέραν
2273 4557 2490 4611 σύνοδον
2558 4555 2850 4627 σύμψηφον
2907 4558 3099 4624 σχεῖν,
3157 4553 3509 4624 μερισθέντες
3583 4555 3644 4604 ὲν

399 4649 600 4707 Filium
619 4649 766 4704 Patri
787 4665 885 4720 per
899 4647 1082 4703 omnia
1105 4645 1337 4703 similem
1361 4648 1568 4704 diserte
1591 4650 1962 4719 promulgare.

399 4747 478 4800 Ac
497 4745 541 4799 si
573 4744 628 4798 in
655 4743 836 4796 locum
866 4758 1034 4796 unum
1059 4741 1304 4814 episcopi
1332 4744 1969 4809 convenirent,omnino

399 4853 496 4893 eos
526 4835 672 4892 Aetii
704 4835 1045 4905 opinionem,
1090 4851 1256 4906 quam
1301 4835 1403 4905 ipsi
1450 4835 1744 4892 laudantes
1781 4833 1970 4891 studio

399 4930 562 4986 omni.
588 4929 842 4984 stabilire
874 4929 1248 4997 conabantur,
1276 4926 1670 4998 repudiaturos
1693 4943 1837 4994 esse,
1862 4929 1972 4983 illis

398 5023 628 5079 minime
677 5020 913 5076 dubium
964 5020 1094 5075 fuit.
1147 5019 1288 5086 Quid
1331 5036 1462 5091 ergo
1494 5020 1741 5076 faciunt?
1775 5019 1970 5075 Dolum

400 5117 723 5178 instituunt,
757 5123 819 5168 ut
841 5111 1228 5168 Occidentales
1247 5112 1472 5180 quidem
1501 5111 1758 5179 Arimini,
1779 5111 1974 5167 Orien-

403 5209 539 5263 tales
567 5221 700 5261 vero
745 5204 1012 5261 Seleuciae
1045 5212 1542 5272 congregarentur,
1570 5214 1632 5257 ut
1659 5217 1726 5258 eo
1750 5202 1972 5258 facilius

399 5299 549 5371 quod
611 5301 846 5371 agebant
901 5295 1285 5367 perficeretur.
1356 5295 1667 5351 Proclivius
1731 5309 1970 5366 namque

398 5393 694 5462 putabant,
726 5392 919 5462 paucis
945 5405 1110 5460 quam
1141 5389 1352 5456 multis,
1390 5387 1537 5459 quod
1571 5388 1803 5455 vellent,
1844 5404 1970 5458 per-

397 5483 658 5537 suadere.
691 5481 756 5537 Et
783 5480 1042 5536 Patribus
1069 5481 1144 5535 ita
1177 5480 1503 5551 segregatis,
1535 5479 1809 5551 siquidem
1843 5495 1972 5549 pos-

399 5587 544 5642 sent,
574 5583 866 5643 utramque
888 5573 1053 5628 etiam
1077 5574 1368 5643 synodum,
1392 5572 1624 5628 dissidio
1648 5572 1701 5627 in
1730 5583 1966 5642 utraque

399 5665 679 5732 instituto,
739 5665 825 5720 sin
874 5663 1076 5726 minus,
1124 5663 1362 5717 alteram.
1398 5663 1596 5720 saltem
1641 5665 1696 5718 in
1745 5670 1970 5719 senten-

473 5841 550 5916 (ι)
583 5841 668 5898 Cf.
707 5842 921 5897 Sozom.
953 5841 1044 5897 lib.
1081 5856 1152 5909 Iv,
1190 5856 1309 5913 cap.
1349 5844 1432 5899 i6.

2069 4651 2432 4721 ἀμφοτέραις
2463 4651 2516 4702 ετ
2558 4649 2606 4702 δ’
2629 4649 2744 4715 οὖν,
2780 4649 3038 4720 ίλατέραν,
3077 4650 3164 4703 ἵνα
3205 4648 3282 4719 μὴ
3315 4650 3437 4712 ταῖς
3471 4647 3641 4701 ἁπάν.

2071 4761 2180 4797 των
2206 4744 2406 4814 ψήφοις
2425 4745 2459 4814 ἡ
2489 4742 2667 4796 αὐτῶν
2690 4742 2902 4813 αἵρεσις
2925 4739 3373 4810 ἁποκηρυχθείη.
3401 4740 3638 4808 "Eupat-

2071 4855 2162 4890 τον
2197 4835 2254 4890 δὲ
2286 4835 2462 4889 ταῦτα
2499 4834 2588 4889 διὰ
2607 4834 2700 4888 τοῦ
2734 4834 2993 4905 εὐνούχου
3026 4833 3294 4886 Εὐσεὸξου
3335 4833 3646 4902 τηνικαῦτα

2072 4929 2172 4999 τῆς
2233 4926 2522 4997 βασιλικῆς
2579 4925 2762 4988 οἰκίας
2837 4923 3266 4995 προεστηκότος”
3319 4923 3476 4986 οὗτος
3528 4923 3646 4988 γὰρ

2074 5023 2361 5092 σύμπνους
2378 5018 2452 5074 ὣν
2481 5019 2549 5073 τὰ
2585 5018 2822 5088 μάλιστα
2855 5018 2950 5071 καὶ
2980 5017 3241 5087 ὁ’μόφρων
3268 5017 3347 5086 τῷ
3382 5015 3643 5084 Εὐδοξίῳ.

2076 5116 2186 5168 Καὶ
2212 5113 2362 5168 ἄλλοι
2398 5111 2541 5175 τινες
2585 5111 2693 5163 τῶν
2725 5111 2780 5162 ιν
2811 5109 2955 5164 τέλει
2979 5110 3378 5180 κεχαρισμένοι
3409 5110 3468 5162 τὸ
3504 5107 3647 5176 πρὸς

2077 5205 2273 5276 βουλῆς
2305 5206 2451 5259 ᾶπαν
2483 5205 2670 5273 ἤνυον.
2727 5196 2822 5265 Οἷς
2872 5201 3118 5264 πεισθεὶς
3165 5203 3194 5254 ὁ
3245 5201 3648 5259 Κωνστάντιος,

2075 5301 2152 5362 ὡς
2195 5299 2512 5361 ἀλυσιτελές
2543 5313 2606 5350 τε
2650 5295 2729 5365 τῷ
2762 5295 3014 5366 δημοσίῳ
3063 5295 3151 5348 διὰ
3184 5297 3284 5363 τὴν
3315 5295 3512 5362 πολλὴν
3541 5293 3647 5345 δα-

2074 5393 2277 5461 πάνην,
2333 5391 2430 5443 καὶ
2460 5390 2646 5451 αὐτοῖς
2679 5389 2791 5450 τοῖς
2831 5387 3062 5456 ἱερεῦσι,
3103 5387 3194 5439 διὰ
3219 5387 3280 5438 τὸ
3311 5388 3411 5456 τῆς
3434 5385 3650 5439 ὁδοιπο-

2077 5485 2200 5556 ρίας
2252 5482 2466 5554 μακρὸν
2491 5519 2506 5544 ,
2549 5483 2629 5543 είς
2667 5479 2725 5533 ἓν
2761 5479 3014 5542 ἅπαντας
3074 5479 3355 5531 συνελθεῖν
3382 5515 3398 5543 ,
3447 5475 3651 5530 διεῖλεν

2073 5572 2153 5634 είς
2197 5569 2290 5624 δύο
2332 5570 2433 5640 τὴν
2469 5567 2709 5632 σύνοδον,
2742 5571 2839 5622 καὶ
2872 5567 3241 5638 προσέταττεν
3269 5570 3327 5620 έν
3370 5564 3645 5636 ’Δριμίνῳ

2074 5663 2170 5718 καὶ
2215 5659 2509 5734 Σελευκείᾳ
2561 5660 2827 5730 γενέσθαι
2880 5660 2978 5732 τὴν
3009 5659 3250 5725 σύναξιν.
3279 5659 3389 5714 Καὶ
3415 5658 3648 5729 γράφων
