3870 6556
192 397 280 461 3ἶῖ

1086 400 1692 462 ECCLESIASTlC/E
1732 400 2122 463 HISTORIE
2164 402 2310 463 LIB.
2357 402 2462 465 1X.

3306 401 3416 472 378

195 518 353 583 ἔλεγε,
379 512 590 584 πρῶτον
624 513 725 584 μὲν
764 514 834 568 τὰ
876 513 1005 585 περὶ
1029 515 1132 586 τῆς
1181 516 1421 579 πίστεως
1455 515 1740 586 ἀμφισϐη-

1853 516 1977 571 tiam
2031 533 2187 574 suam
2235 533 2294 573 se
2328 527 2709 588 pertracturos
2739 533 2862 575 esse
2909 518 3282 586 conﬁdebant,
3321 519 3414 574 illo

192 609 411 676 τούμενα
434 605 693 659 διαλύεινο
726 605 782 670 ἐς
813 605 1041 674 ὕστερον
1064 591 1120 661 δὲ
1145 603 1454 677 σκέψασθαι
1485 607 1582 662 καὶ
1611 607 1743 678 περὶ

193 698 256 755 ἐν
278 701 442 754 ἄλλων
473 701 614 754 κατὰ
649 699 886 765 θεσμοὺς
927 701 1258 771 Ἐκκλησεας
1283 702 1384 754 δεῖο
1416 702 1498 755 ἔτι
1533 701 1591 755 δὲ
1638 701 1739 756 καὶ

199 795 313 864 περὶ
372 793 490 872 τῶν¹
528 791 735 854 ἀδίκως
781 793 1182 864 καθαιρεθῆναι
1236 793 1582 860 δοκούντων,
1645 793 1742 848 καὶ

197 883 491 951 ὑπερορίοις
546 883 1031 953 κατακριθέντων,
1065 880 1142 938 ὧν
1183 877 1265 948 εἷς
1319 884 1615 956 ἐτύγχανεν
1665 883 1742 939 ὢν

198 978 281 1026 καὶ
325 973 582 1044 Κύριλλος
639 975 667 1028 ὁ
720 974 1116 1044 Ἰεροσολύμων
1173 977 1507 1040 ἐπίσκοποςο
1563 977 1645 1030 ἔτι
1693 977 1741 1030 δ’

196 1064 464 1133 ἐρευνῆσαι
512 1065 609 1118 καὶ
660 1065 790 1128 τοὺς
823 1066 918 1120 νῦν
959 1067 1064 1120 ὑπὸ
1092 1068 1350 1138 ἔγκλημα
1379 1070 1740 1138 ποιουμένους

196 1157 523 1220 ἐπισκόπους.
576 1157 796 1211 Πολλῶν
834 1158 943 1228 γὰρ
991 1160 1321 1230 κατηγορίαι
1347 1160 1616 1228 ἐλέγοντο,
1650 1160 1744 1214 καὶ

195 1248 251 1316 δὴ
288 1250 375 1302 καὶ
397 1249 436 1301 Γ
439 1250 674 1317 εωργίου
714 1250 850 1320 παρ’
881 1251 1222 1318 Αἰγυπτίων,
1245 1251 1320 1315 ὡς
1351 1253 1438 1324 εῖη
1463 1253 1743 1322 ἁρπαγαῖς

197 1343 383 1408 χαίρων
412 1342 518 1394 τῶν
545 1342 874 1412 ἀλλοτρίων,
897 1343 994 1396 καί
1017 1361 1182 1397 τινων
1210 1343 1441 1416 ὕϐρεων.
1472 1345 1744 1414 ’Υστερον

195 1432 245 1484 δὲ
283 1433 406 1484 δέκα
440 1434 790 1504 ἕκατέρωθεν
826 1435 1217 1504 ιπιλεγέντας,
1252 1435 1320 1489 τὰ
1377 1437 1744 1507 πεπραγμένα

199 1523 390 1591 βασιλεῖ
426 1527 694 1597 καθιστᾷν
729 1526 890 1593 δῆλα.

1843 609 2095 682 proviso,
2151 618 2212 670 ιιι
2268 623 2338 666 ne
2375 610 2608 666 calculis
2653 611 2901 666 omnium
2939 610 3164 666 baaresis
3213 625 3413 667 eorum

1844 703 2231 760 damnaretur.
2283 704 2411 761 Haec
2463 706 2699 774 agebant
2732 721 2831 774 per
2871 705 3193 760 eunuchum
3240 705 3415 761 Euse-

1842 794 2024 862 bium,
2063 795 2435 865 imperatoria:
2465 805 2580 852 tum
2613 797 2753 852 aula:
2789 797 3132 867 pra-fectum,
3164 796 3414 850 Eudoxio

1844 902 2010 958 quam
2038 887 2274 944 maxime
2298 890 2718 955 assentientem,
2765 899 2822 945 et
2840 890 2978 944 alios
3002 889 3296 958 quosdam,
3318 889 3414 958 qui

1844 977 2198 1046 magistratus
2231 987 2288 1032 et
2319 980 2558 1034 honores
2590 990 2870 1048 gerentes,
2903 989 2959 1033 et
2991 979 3168 1048 gratia
3204 978 3417 1047 pollen-

1849 1079 1950 1135 tes,
1997 1085 2065 1126 ex
2118 1072 2397 1127 sententia
2445 1074 2634 1128 omnia
2679 1073 3066 1143 perﬁciebaut.
3117 1073 3159 1126 Α
3211 1069 3416 1140 quibus

1845 1175 2146 1232 persuasus
2189 1162 2571 1229 Constantius,
2611 1164 2845 1234 perinde
2889 1174 3056 1234 atque
3106 1163 3417 1217 incommo-

1845 1254 1979 1310 dum
2010 1255 2176 1311 simul
2205 1266 2263 1313 et
2291 1257 2612 1326 reipublicae
2639 1265 2869 1326 propter
2897 1270 3091 1326 graves
3114 1255 3415 1323 impensas,

1843 1355 1901 1402 et
1947 1347 2084 1417 ipsis
2119 1347 2399 1419 episcopis
2452 1359 2682 1418 propter
2715 1347 2930 1402 itineris
2978 1345 3416 1416 magnitudinem

1842 1448 2013 1504 esset,
2068 1440 2114 1494 si
2174 1440 2228 1495 in
2281 1441 2476 1496 eodem
2525 1441 2649 1496 loco
2701 1440 3087 1505 convenirent,
3143 1437 3416 1508 synodum

1842 1529 2056 1597 divisit,
2117 1545 2354 1602 eamque
2412 1533 2648 1589 Arimini
2703 1545 2762 1588 et
2815 1531 3082 1588 Seleuciae
3133 1529 3418 1584 celebrare

192 1619 358 1688 jussit.
387 1619 564 1690 Atque
594 1621 650 1675 in
680 1621 887 1678 litteris
911 1622 1028 1679 suis
1056 1623 1373 1687 constituit,
1434 1630 1498 1678 ut
1571 1621 1810 1693 primum
1853 1630 2235 1683 controversia
2294 1629 2362 1684 de
2435 1630 2563 1685 fidei
2631 1628 2972 1700 professione
3040 1626 3414 1690 decideretur,

197 1710 376 1768 deinde
423 1715 486 1770 de
533 1715 660 1771 aliis
688 1715 1086 1772 ecclesiasticis
1151 1715 1537 1772 sanctionibus
1599 1715 1927 1772 deliberatio
1995 1721 2172 1775 fieret.
2217 1720 2356 1775 Tum
2403 1733 2590 1776 autem
2655 1722 2725 1776 de
2775 1721 2858 1775 eis
2887 1719 2982 1790 qui
3022 1734 3123 1790 per
3155 1718 3415 1790 lnjuriam

195 1809 514 1861 exauctorati
570 1817 627 1862 et
671 1807 728 1862 in
761 1807 1018 1864 exsilium
1057 1809 1167 1864 acti
1205 1809 1308 1865 visi
1353 1818 1562 1874 essent,
1599 1809 1760 1880 773
1801 1809 1858 1864 in
1901 1811 2103 1880 quibus
2169 1813 2337 1867 etiam
2367 1813 2605 1886 Cyrillus
2649 1813 3157 1883 Hierosolymorum
3202 1811 3418 1880 episco-

194 1909 286 1964 pus
332 1896 452 1964 fuit,
503 1900 958 1956 consultaretur:
1019 1911 1211 1972 postea
1263 1899 1334 1957 de
1385 1902 1470 1957 eis
1515 1917 1738 1973 quoque
1777 1903 2093 1974 episcopis,
2164 1908 2259 1976 qui
2333 1909 2413 1963 rei
2465 1919 2784 1979 agerentur,
2838 1905 3237 1977 iuquireretur.
3288 1904 3422 1959 Per-

195 1989 332 2043 multi
355 1991 501 2046 enim
531 1994 974 2060 accusabantur,
1004 2005 1061 2050 et
1097 1994 1169 2050 ab
1233 1993 1506 2066 Egyptiis
1571 1995 1811 2049 maxime
1849 1994 2120 2067 Georgius
2155 2015 2170 2054 :
2200 2000 2346 2069 quod
2393 2001 2610 2056 scilicet
2653 2001 2959 2056 alienorum
3012 1999 3286 2055 bonorum
3329 2011 3423 2054 ra-

195 2082 321 2151 pinis
396 2083 704 2152 gauderet,
771 2095 830 2141 et
894 2086 1316 2143 contumeliosis
1380 2085 1720 2156 quibusdam
1764 2088 2088 2147 homini-bus
2152 2092 2546 2152 delectaretur.
2593 2095 2899 2164 Postremo,
2954 2103 3014 2150 ut
3064 2109 3168 2164 per
3222 2093 3415 2150 decem

195 2167 414 2229 delectos
445 2177 656 2246 legatos
702 2191 763 2233 se
809 2178 879 2234 de
909 2180 1051 2234 actis
1090 2179 1207 2235 suis
1255 2178 1550 2234 certiorem
1580 2178 1854 2239 facerent.

735 2314 988 2372 ΚΕΦΑΛ.
1045 2318 1174 2373 ΛΘν.

196 2423 315 2494 Περὶ
336 2421 438 2493 τῆς
456 2426 847 2508 ξενςλριμήνῳ
875 2430 1312 2508 ςυηόδου,ᾃένζῇ
1345 2438 1400 2492 οι
1424 2437 1494 2492 ἐν
1511 2436 1745 2506 ἑσπέρᾳ

418 2495 790 2567 ,ἀσύμφωνοι
818 2495 943 2568 τοῖς
968 2500 1134 2569 ἑῴοις
1157 2495 1463 2575 νέγέιῗοντο.

259 2609 360 2662 Καὶ
403 2611 449 2663 oi
485 2610 588 2680 μὲν
620 2611 1303 2686 ιπίσκοποιουνελέγοντο
1340 2619 1487 2674 καθά
1534 2619 1602 2692 δὴ
1648 2622 1745 2676 καὶ

197 2699 428 2766 ὲθίσπιζε
447 2701 701 2771 βασιλεύς
723 2716 739 2732 ·
773 2705 1158 2777 πῳύλάμὸανε
1180 2710 1237 2764 δὲ
1269 2712 1364 2765 καὶ
1387 2711 1684 2767 συνίστατο
1708 2713 1744 2784 ἠ

196 2793 247 2845 ὲν
282 2793 558 2864 ’Δριμίνῳο
584 2795 646 2849 τὺ
676 2797 735 2852 δὲ
784 2798 1064 2870 πλήρωμα
1087 2801 1297 2855 τούτων
1348 2798 1496 2874 ἦσαν
1545 2821 1746 2874 τετραο

200 2886 355 2940 κόσιοι
388 2890 480 2941 καὶ
509 2890 707 2960 μικρόν
733 2906 785 2943 τι
830 2893 990 2961 πρός.
1025 2894 1149 2945 Δεῖν
1189 2893 1234 2947 δ’
1280 2894 1455 2948 ἐδόκει
1497 2897 1610 2959 τοῖς
1650 2894 1747 2967 βα-

200 2980 322 3044 ρέως
357 2983 487 3052 πρὸς
521 2984 849 3040 ’Δθανάσιον
888 2985 1077 3056 ἔχουσι
1111 2987 1279 3058 μηδέν
1304 3006 1359 3044 τι
1393 2990 1523 3059 περὶ
1549 2989 1741 3045 τούτου

196 3075 349 3124 κινεῖν
369 3087 385 3102 ·
411 3073 555 3128 οὕτω
580 3077 690 3146 γὰρ
721 3077 949 3148 ἄμεινον
981 3078 1327 3151 ἐδοκίμαζον.
1376 3082 1532 3135 Ἐπεὶ
1561 3082 1618 3136 δὲ
1651 3084 1744 3137 καὶ

199 3160 401 3231 ζήτησις
431 3165 684 3235 εἰσήγετο
708 3169 841 3241 περὶ
899 3171 1141 3234 πίστεως
1195 3173 1258 3227 δν
1310 3173 1418 3244 χρὴ
1465 3174 1745 3230 πιστεύειν

198 3255 420 3322 τρόπον,
468 3258 686 3329 Οὐάλης
734 3262 973 3317 ἐνταῦθα
1011 3265 1107 3318 καὶ
1155 3265 1485 3335 Οὺροάκιος,
1521 3265 1571 3319 οἳ
1623 3267 1744 3320 κατ’

200 3346 355 3416 ἀρχὰς
385 3348 482 3416 μὲν
510 3351 856 3407 ὑπασπισταὶ
878 3355 978 3424 τῆς
1019 3356 1233 3426 Ἀρείου
1266 3355 1424 3427 δόξης
1473 3357 1744 3426 ἐγένοντο,

201 3437 250 3491 ιν
305 3441 450 3512 μέσῳ
503 3442 562 3496 δὲ
610 3441 688 3514 τῷ
727 3446 1004 3518 όμοουσίῳ
1043 3448 1356 3514 συνέθεντο,
1411 3449 1621 3519 βιϐλίον
1667 3449 1746 3520 τῷ

201 3531 462 3605 ἔπισκόπῳ
517 3535 741 3607 Ῥώμης
803 3538 1008 3609 Ἰουλίῳ
1062 3540 1454 3604 ὲπιδεδωκότες
1487 3582 1504 3609 ,
1553 3539 1772 3612 ῶσπερ-

201 3624 518 3693 ιίρήκαμεν,
557 3628 648 3682 ἀεὶ
708 3632 824 3691 τοῖς
872 3633 1085 3700 καιροῖς
1131 3633 1229 3686 καὶ
1274 3634 1389 3696 τοῖς
1451 3631 1747 3704 κρατοῦσιν

202 3713 608 3787 ύποκλινόμινοι,
639 3718 927 3775 οῦτοιδεῖν
972 3723 1158 3791 Ελεγον
1186 3723 1362 3778 ἄλλων
1391 3725 1531 3779 ἄλλα
1559 3725 1742 3778 εἰπόν·

201 3821 314 3873 των,
340 3802 426 3861 οἷα
453 3808 634 3877 φιλεῖ,
668 3811 846 3880 ἀργὰς
879 3813 1125 3880 νομίζειν
1167 3814 1271 3877 τὰς
1324 3817 1452 3885 περὶ
1505 3814 1748 3878 πίστεως

203 3900 452 3968 προτέρας
487 3903 728 3970 γραφάς·
766 3903 937 3974 μόνην
969 3906 1016 3958 δ’
1049 3905 1269 3975 huiqu
1296 3909 1542 3977 κρατεῖν,
1587 3907 1655 3978 ἢν
1677 3906 1740 3959 ού

203 3990 300 4058 πρὸ
317 3989 503 4045 πολλοῦ
534 3994 593 4048 ἐν
620 3995 840 4066 Σιρμίῳ
872 3997 1163 4066 Ῥωμαίων
1191 3997 1411 4071 γλώττῃ
1435 3999 1746 4066 συνέθεντο,

203 4081 265 4150 ἢν
299 4083 424 4152 δῆτα
467 4085 563 4138 καὶ
597 4084 856 4154 βασιλεὺς
903 4086 992 4140 διὰ
1055 4086 1229 4158 τιμῆς
1281 4089 1446 4158 ἄγει·
1481 4087 1658 4160 χρεὼν
1701 4089 1748 4142 δ’

205 4167 331 4227 εἶναι
358 4177 451 4229 καὶ
483 4177 627 4244 ὑμᾶς
655 4178 749 4230 νῦν
783 4178 1108 4247 προσίεσθαι
1138 4181 1231 4233 καὶ
1277 4181 1595 4251 παραιτέρω
1645 4199 1751 4252 μη-

207 4264 288 4316 δὲν
314 4265 810 4338 πολυπραγμονεῖν*
837 4267 903 4321 ἵν’
930 4268 1183 4323 ιντεῦθεν
1211 4271 1308 4324 καὶ
1335 4270 1572 4340 διχόνοια
1599 4273 1750 4326 πᾶσα

208 4362 590 4430 περιαιρεθείη,
619 4363 695 4433 μὴ
735 4363 845 4416 τῶν
891 4362 1175 4431 ὀνομάτων
1207 4363 1527 4432 ἀμφιϐόλων
1555 4361 1747 4430 ὄντων,

208 4452 406 4522 ἀκριϐεῖ
462 4454 684 4526 βασάνῳ
753 4455 1226 4526 παραδιδομένων.
1283 4454 1394 4508 Καὶ
1458 4454 1568 4523 γάρ
1633 4471 1752 4518 πως

207 4547 436 4612 κρεῖττον
462 4543 602 4601 εἶναι
648 4546 913 4614 ἐτίθεντο,
949 4548 1088 4618 μετά
1119 4548 1222 4617 τῆς
1268 4547 1554 4619 ἀγροικίας
1584 4547 1752 4618 ὀρθὴν

209 4635 340 4704 ἔχειν
364 4638 519 4704 δόξαν
548 4639 681 4708 περὶ
706 4638 868 4705 Θεοῦ,
896 4639 930 4710 ἢ
965 4640 1233 4704 ξενίζουσι
1261 4640 1441 4708 λόγοις
1467 4638 1526 4703 ἐξ
1563 4638 1753 4709 Ἐλλη-

211 4729 349 4798 νικῆς
392 4730 715 4800 τερθρείας,
765 4731 1160 4800 ἀνεπινοήτους
1210 4729 1522 4798 ἐπεισάγειν
1554 4727 1750 4792 λέξεις.

223 4821 506 4892 ᾘνίττοντο
567 4823 627 4877 δὲ
665 4823 755 4878 διὰ
799 4824 1031 4888 τούτων,
1067 4824 1271 4894 μᾶλλον
1309 4825 1405 4876 καὶ
1459 4820 1753 4892 προφανῶς

214 4912 469 4970 διέϐαλλον
512 4916 612 4986 τὴν
641 4915 738 4969 τοῦ
790 4918 1080 4986 ὀμοουσίου
1111 4915 1278 4982 λέξιν,
1305 4915 1402 4969 ἅτε
1435 4913 1502 4984 δὴ
1537 4911 1612 4984 μὴ
1635 4913 1753 4974 ταῖς

2383 2323 2610 2381 CAPUT
2650 2323 2894 2382 XXXIX.

1918 2437 1998 2494 De
2029 2438 2350 2510 Ariminepsi
2391 2440 2612 2510 synodo,
2649 2441 2704 2494 in
2737 2455 2844 2510 qua
2863 2438 3231 2495 Occidentales
3279 2439 3344 2493 ab

2243 2507 2602 2564 Orientalibus
2645 2507 3026 2564 dissenserunt.

1921 2621 2199 2691 Episcopi,
2234 2622 2398 2680 sicuti
2435 2622 2741 2693 imperator
2767 2624 3034 2695 iusserat,
3065 2639 3417 2683 convenere:

1849 2722 1906 2771 et
1940 2713 2176 2782 primum
2207 2715 2433 2784 quidem
2464 2715 2700 2771 Arimini
2733 2716 3114 2772 Occidentales
3145 2716 3420 2786 quadrin-

1849 2806 1998 2876 genti
2053 2815 2112 2860 et
2139 2805 2351 2875 aliquot
2382 2815 2644 2876 praeterea
2671 2822 2926 2863 numero.
2956 2807 3026 2863 Et
3053 2808 3148 2877 qui
3173 2809 3424 2878 graviter

1851 2896 1908 2950 in
1945 2896 2308 2954 Athanasium
2337 2898 2564 2952 animati
2600 2907 2779 2963 erant,
2811 2899 3038 2954 minime
3065 2900 3315 2953 omnium
3349 2898 3420 2954 de

1850 3001 1920 3044 eo
1943 2988 2243 3059 quidquam
2273 2991 2604 3046 movendum
2628 3003 2754 3046 esse
2779 2989 3010 3068 duxere,
3033 2989 3179 3059 quod
3208 2990 3312 3044 hoc
3338 2989 3422 3044 sic

1852 3078 2195 3136 commodius
2225 3094 2348 3136 esse
2391 3088 2672 3150 putarent.
2717 3078 2990 3135 Craterum
3024 3087 3315 3149 postquam
3349 3079 3422 3134 de

1852 3170 1992 3236 ﬁde,
2038 3169 2316 3240 quomodo
2357 3185 2479 3226 eam
2520 3169 2762 3240 proﬁteri
2805 3170 3152 3231 conveniret.
3187 3173 3424 3239 quaestio

1850 3260 2133 3332 proposita
2158 3269 2265 3320 est.
2298 3261 2372 3316 ibi
2406 3259 2608 3316 Valens
2641 3269 2697 3316 et
2730 3259 3018 3326 Ursacius,
3053 3261 3148 3330 qui
3176 3261 3419 3330 primum

1850 3352 1966 3407 Arii
1990 3352 2307 3421 opinionem
2323 3350 2706 3415 defenderant,
2726 3351 2906 3406 medio
2927 3359 3113 3406 autem
3141 3359 3416 3422 tempore,

1852 3441 2040 3498 libello
2089 3441 2325 3512 supplici
2368 3442 2514 3498 Julio
2553 3441 2812 3497 ‘Romano
2857 3441 3096 3496 antistiti
3143 3445 3312 3504 dato,
3341 3440 3423 3510 τῷ

1852 3532 2149 3603 ὁμοουσίῳ,
2166 3530 2652 3598 consubstantiali,
2670 3540 3042 3596 assenserant,
3061 3530 3422 3600 quemadmo-

1854 3622 1984 3678 dum
2021 3623 2262 3679 diximus
2291 3663 2304 3686 ,
2338 3624 2682 3694 temporibus
2711 3639 2833 3680 sese
2863 3632 2916 3678 et
2949 3624 3118 3680 rebus
3158 3623 3422 3678 obtinen-

1853 3715 2003 3770 tibus
2035 3731 2255 3784 semper
2288 3716 2769 3772 accommodantes
2796 3717 2932 3784 ,aliis
2961 3716 3069 3771 alia
3101 3715 3262 3772 sicuti
3299 3715 3421 3771 ﬁeri

1851 3807 1995 3862 solet
2031 3806 2391 3863 censentibus
2414 3847 2430 3872 ,
2468 3807 2658 3864 dixere
2683 3848 2699 3875 ,
2736 3809 2952 3878 priores
2990 3808 3118 3862 ﬁdei
3155 3807 3422 3866 formulas

1853 3897 2152 3954 abolendas
2180 3913 2328 3958 esse.
2379 3913 2658 3969 unamque
2692 3914 2814 3954 eam
2849 3899 3106 3954 obtinere
3138 3908 3421 3969 oportere,

1853 4005 1976 4062 quae
2004 4003 2115 4043 nou
2150 3989 2223 4044 ita
2255 3990 2464 4058 pridem
2507 3990 2698 4046 Sirmii
2739 3991 2927 4060 lingua
2969 3993 3224 4048 Romana
3269 4006 3424 4050 com-

1853 4081 2072 4152 posita,
2117 4080 2186 4134 ab
2232 4081 2352 4151 ipso
2395 4083 2564 4135 etiam
2597 4083 2944 4154 imperatore
2982 4083 3207 4154 plurimi
3239 4069 3444 4138 θεῖοι(

1858 4173 2067 4229 Debere
2091 4174 2295 4243 quippe
2325 4173 2597 4245 synodum
2622 4189 2842 4245 quoque
2871 4175 2940 4230 de
2966 4174 3242 4230 sententia
3275 4173 3423 4228 illius

1854 4265 2258 4337 professionem
2286 4281 2405 4320 eam
2430 4267 2756 4336 approbare,
2789 4280 2969 4337 neque
3003 4267 3238 4322 ulterius
3261 4266 3426 4337 quid-

1852 4375 2016 4429 quam
2049 4359 2320 4415 curiosius
2359 4360 2616 4428 indagare
2644 4376 2659 4415 :
2693 4370 2755 4415 ut
2778 4376 2846 4416 eo
2875 4360 3039 4416 modo
3069 4361 3252 4416 omnis
3297 4359 3422 4416 dis-

1853 4451 2058 4508 cordiae
2089 4453 2328 4517 occasio,
2390 4452 2573 4506 verbis
2610 4453 2747 4508 nihil
2779 4453 3020 4523 ambigui
3063 4451 3422 4517 habentibus,

1855 4561 1978 4617 qua:
2024 4546 2215 4601 subtili
2277 4555 2333 4601 et
2387 4555 2644 4602 accurata
2713 4546 3094 4616 exploratione
3146 4559 3423 4616 perpensa

1855 4647 2078 4705 essent,
2123 4637 2179 4692 in
2214 4637 2448 4694 for-mula
2485 4640 2736 4706 insertis,
2780 4639 3198 4710 praecideretur,
3257 4641 3421 4712 longe

1855 4731 2208 4802 praestantius
2247 4747 2368 4790 csse
2396 4741 2708 4787 asserentes
2731 4772 2744 4798 ,
2777 4747 2905 4788 cum
2939 4733 3249 4789 rusticitate
3285 4747 3426 4802 qua-

1855 4824 1980 4880 dam
2028 4830 2231 4878 rectam
2279 4821 2348 4878 de
2393 4823 2506 4878 Deo
2540 4831 2731 4878 tenere
2765 4823 3086 4893 opinionem
3110 4862 3126 4886 ,
3157 4837 3323 4892 quam
3355 4837 3426 4877 ex

1857 4911 2176 4968 Graecorum
2221 4911 2572 4982 uugamentis
2612 4911 2772 4965 novis
2817 4910 3004 4980 petitis
3045 4909 3265 4985 verbis,
3306 4921 3428 4976 quae

215 5005 369 5075 ἱεραῖς
411 5009 803 5081 ἐμφερομένην
861 5009 1128 5080 Γραφαῖς.
1206 5007 1393 5062 Ταῦτα
1461 5006 1748 5074 λέγοντες,

1863 5021 1974 5062 non
2009 5004 2451 5075 intelligerentur
2480 5003 2746 5060 inducere
2775 5001 3064 5058 vocabula.
3099 5000 3311 5066 Quibus
3346 4998 3427 5054 illi

214 5097 399 5168 χάρτην
439 5101 685 5170 προῆγον
711 5102 807 5154 καὶ
837 5099 1318 5169 ἀναγινώσκεσθαι
1355 5099 1520 5170 ᾔτουν
1543 5113 1558 5129 °
1609 5099 1666 5150 ὲν
1724 5091 1758 5170 ᾖ

213 5185 376 5253 ὅμοιον
429 5191 526 5257 μὲν
569 5189 652 5259 τῷ
695 5190 876 5258 Πατρὶ
911 5192 1007 5243 τὸν
1051 5189 1183 5243 Υίδν
1216 5188 1357 5243 κατὰ
1387 5188 1488 5250 τάς
1535 5186 1758 5256 Γραφὰς

215 5281 529 5352 είσηγοῦντο,
566 5284 789 5355 μνήμην
810 5284 867 5337 δὲ
897 5283 1088 5346 οὐσίας
1116 5284 1208 5337 ἐπὶ
1241 5281 1376 5337 Θεοῦ
1406 5281 1758 5334 παντάπασιν

214 5373 551 5445 ἀπηγόρευον.
579 5376 728 5446 Αὕτη
760 5376 819 5431 δὲ
861 5371 933 5448 ἦν
959 5375 1166 5446 ἐκείνη,
1211 5375 1282 5447 ἢν
1315 5377 1436 5429 τότε
1484 5373 1587 5445 μὲν
1630 5375 1758 5427 ἑτα-

217 5464 380 5532 μίευον
403 5508 420 5533 ,
447 5468 544 5522 νῦν
577 5469 636 5522 δὲ
689 5470 769 5529 είς
818 5469 934 5538 φῶς
987 5469 1252 5550 προῆγον.
1285 5459 1365 5539 ᾞ
1404 5465 1752 5534 συνελαμϐἀο

215 5573 347 5612 voveo
378 5561 618 5630 μάλιστα
651 5560 958 5631 Γερμάνιος
983 5561 1082 5614 καὶ
1115 5559 1428 5625 Λὺξέντιος,
1473 5559 1570 5614 καὶ
1595 5559 1755 5622 Γάϊος

213 5650 292 5703 καὶ
343 5652 648 5723 Δημόφιλος
678 5667 691 5681 ’
759 5652 855 5705 καὶ
917 5653 1102 5706 τοίνυν
1154 5651 1600 5721 ἀναγνωσθείσης
1631 5691 1645 5716 ,
1704 5652 1754 5704 οί

212 5742 435 5800 πλεῖστοι
493 5745 631 5817 μηδὲ
665 5745 937 5817 νεωτέρας
986 5744 1194 5800 δεῖσθαι
1246 5745 1484 5805 πίστεως
1543 5743 1610 5795 τὰ
1659 5741 1755 5796 νῦν

213 5833 512 5894 διετείνοντο
539 5855 554 5870 ·
623 5839 919 5898 ἀρκεῖσθαι
974 5837 1032 5894 δὲ.
1075 5840 1142 5899 τῇ
1181 5839 1239 5894 ἐν
1282 5837 1488 5894 Nimia.
1527 5853 1755 5893 γεγενη-

1863 5099 2031 5155 dictis
2055 5098 2287 5154 obscure
2319 5097 2642 5160 innuebant,
2673 5110 2772 5152 seu
2801 5094 2985 5165 potius
3016 5092 3298 5162 prOpalam
3329 5089 3429 5144 τοῦ

1861 5193 2182 5263 όμοουσὶου,
2201 5189 2708 5248 consubstantialis.
2729 5188 2955 5243 verbum
2980 5201 3074 5255 per
3092 5183 3426 5240 calumniam

1860 5284 2377 5355 reprehenderunt,
2419 5283 2590 5338 veluti
2637 5282 2690 5336 in
2725 5279 2898 5336 sacris
2927 5277 3148 5334 Litteris
3181 5292 3295 5332 non
3332 5289 3430 5330 ex-

1860 5391 2136 5447 pressum.
2172 5373 2287 5430 Sub
2321 5373 2439 5428 haec
2475 5370 2646 5428 verba
2675 5371 2866 5426 charta
2902 5367 3135 5438 prolata.
3163 5365 3270 5437 legi
3302 5378 3428 5421 eam

1861 5469 2248 5540 postularunt,
2296 5466 2351 5520 in
2398 5480 2506 5534 qua
2538 5464 2774 5519 similem
2813 5463 2959 5517 Patri
2993 5458 3192 5514 Filium
3228 5472 3431 5513 secun-

1861 5563 1992 5617 dum
2025 5559 2341 5628 Scripturas
2375 5555 2672 5611 dicebant:
2702 5550 2868 5623 775
2909 5550 3247 5605 mentionem
3286 5561 3423 5603 vero

1814 5669 1820 5675 ’
1861 5649 2184 5707 substantiae
2221 5649 2278 5705 in
2311 5648 2426 5703 Deo
2463 5645 2691 5700 omnino
2729 5642 2845 5698 ﬁeri
2891 5639 3329 5704 interdicebant,
3365 5645 3426 5692 et

1861 5757 1966 5814 pro
2009 5755 2078 5797 eo
2122 5739 2358 5795 similem
2408 5752 2508 5808 per
2550 5734 2736 5791 omnia
2784 5733 2986 5790 Filium
3037 5730 3186 5786 Patri
3235 5726 3434 5796 reponi

1862 5832 2139 5892 volebant.
2173 5828 2297 5885 llaec
2339 5840 2505 5890 porro
2529 5825 2762 5883 formula
2791 5824 2882 5880 illa
2913 5827 3054 5880 erat.
3082 5833 3244 5880 uuam
3267 5826 3438 5874 auten
