3870 6576
431 402 540 465 3ῗ9

1651 414 2069 478 NiCEPilORl
2111 419 2457 480 CALLISTI

3567 425 3660 488 380

435 517 660 587 quidem
697 536 940 589 pressam
977 539 1331 581 servaverant
1354 570 1367 593 ,
1407 538 1520 583 tum
1564 547 1691 586 vero
1734 535 1786 588 iu
1823 535 2000 588 lucem

2107 536 2265 608 μένῃ.
2292 538 2407 591 Καὶ
2435 537 2532 592 νῦν
2562 555 2624 608 γε
2667 538 2759 593 διὰ
2799 537 2949 594 τοῦτ’
2979 537 3141 591 αὐτὸν
3176 539 3330 608 ἣκειν
3367 537 3463 591 ἐπὶ
3493 541 3654 605 ταῦτ’,

434 609 813 678 proferebant.
866 613 998 669 Eam
1050 617 1285 672 maxime
1334 619 1640 688 probabant
1686 622 2006 681 Germinius

432 712 490 758 et
532 704 844 760 Auxentius
867 747 881 772 ,
930 718 983 762 et
1015 708 1183 765 Caius
1214 721 1271 766 et
1305 713 1682 782 Demophilus.
1731 717 1804 770 Ea
1843 717 2003 784 lecta,

435 794 654 861 plurimi
689 796 832 851 nihil
863 814 1003 867 opus
1031 815 1152 856 esse
1179 817 1318 856 nova
1351 802 1477 857 ﬁdei
1511 804 1744 860 formula
1773 822 1840 862 eo
1869 817 2006 861 tem«

439 901 573 954 pore
615 886 999 954 afﬁrmabant,
1055 900 1346 948 contentos
1395 909 1454 948 se
1492 910 1613 950 esse
1660 897 2005 966 professione

436 974 678 1029 Nicena.
723 977 783 1030 In
833 981 1122 1047 praesentia
1171 992 1466 1052 propterea
1511 982 1567 1038 in
1613 986 1794 1040 locum
1833 1003 2004 1043 unum

437 1067 787 1132 convenisse,
817 1068 862 1122 si
893 1069 1024 1138 quid
1060 1081 1318 1126 novatum
1352 1083 1518 1138 esset,
1543 1088 1602 1130 ut
1637 1076 1693 1132 id
1726 1079 2007 1135 inhibere-

441 1166 548 1211 tur.
586 1159 656 1213 Et
689 1170 971 1232 utcunque
1006 1180 1070 1218 ea
1103 1181 1225 1234 quae
1273 1176 1387 1223 tum
1432 1171 1574 1226 lecta
1605 1185 1825 1240 essent,
1866 1175 2002 1231 nihil

440 1248 711 1304 haberent
753 1266 1021 1308 novarum
1054 1271 1278 1312 rerum:
1315 1268 1376 1313 ut
1413 1259 1658 1316 dicerent
1691 1275 1870 1320 tamen
1906 1281 2004 1322 eos

438 1340 532 1406 qui
565 1340 830 1410 scriptum
880 1344 930 1398 id
965 1350 1438 1416 composuissent,
1475 1363 1638 1421 atque
1679 1366 1740 1410 ut
1783 1356 1858 1410 illi
1901 1357 2003 1426 ipsi

435 1427 552 1482 Arii
589 1429 806 1500 dogma,
839 1433 1043 1503 quippe
1076 1437 1223 1504 quod
1257 1440 1448 1494 turbas
1485 1442 1689 1511 ubique
1732 1444 1786 1499 in
1822 1447 2002 1501 eccle-

435 1518 532 1574 siis
575 1521 866 1576 concitarit
894 1563 908 1585 .
961 1526 1300 1582 anathemati
1345 1531 1584 1598 primum
1633 1533 2000 1603 subjicerent,

2110 627 2214 691 ἵν’,
2261 627 2316 681 εί
2363 646 2416 682 τι
2447 629 2826 700 νεωτερίζοιτο
2871 629 2994 683 κατ’
3032 629 3289 692 ἐκείνων,
3347 629 3656 698 ἐπίσχωσιν,

2108 722 2169 774 El
2198 721 2256 774 δὲ
2285 723 2425 782 τέως
2473 721 2628 776 οὐδέν
2669 739 2722 775 τι
2773 720 3044 792 νεώτερον
3091 721 3276 790 έχουσι
3316 721 3388 774 τά
3437 721 3658 785 ἀνεγκω-

2109 814 2319 878 σμένα,
2373 811 2508 865 ἀλλὰ
2563 813 2704 874 τίνες
2763 812 2812 864 οι
2875 811 3194 879 συνθέμενοι
3245 809 3344 879 τὴν
3408 813 3655 879 γραφὴν,

2105 904 2287 975 ᾔτουν·
2323 903 2374 957 οἳ
2406 905 2470 973 δὴ
2497 903 2712 972 πρῶτον
2745 901 2806 956 τὸ
2838 902 3052 974 Ἀρείου
3085 902 3261 972 δόγμα
3294 901 3659 955 ύποΰαλλέτωο

2106 1009 2203 1044 σαν
2225 992 2548 1060 άναθέματι·
2579 987 2669 1046 οἷα
2697 991 2926 1061 θόρυϐον
2950 993 3072 1054 ταῖς
3101 990 3421 1060 ἁπανταχοῦ
3470 991 3656 1059 ἐκκλη-

2107 1085 2252 1140 σίαις
2299 1085 2616 1153 ἑμπλῆσαν.
2653 1085 2777 1138 Τῶν
2828 1085 2884 1138 δὲ
2936 1085 3067 1155 περὶ
3103 1084 3386 1137 Οὐάλεντα
3420 1084 3517 1136 καὶ
3543 1083 3659 1151 Γερ-

2109 1178 2284 1246 μίνιον
2320 1175 2653 1244 διαδράντων
2691 1175 2793 1246 τὴν
2836 1176 3070 1244 αίτησιν,
3131 1175 3229 1237 τὰς
3262 1174 3518 1235 ἐκθέσεις
3561 1173 3657 1224 τῶν

2105 1267 2374 1336 αἱρέσεων
2431 1266 2527 1320 καὶ
2581 1267 2680 1337 τῆς
2723 1268 2780 1321 ὲν
2819 1265 3021 1336 Νικαίᾳ.
3065 1266 3158 1318 ἐπὶ⁸
3218 1265 3382 1334 μέσον
3420 1263 3658 1315 ἐκέλευον

2105 1357 2358 1426 ἄγεσθαι,
2387 1357 2464 1421 ὡς
2513 1358 2581 1414 ἄν
2609 1374 2674 1426 γε
2716 1359 2924 1411 ἐκεῖναι
2967 1355 3067 1427 μέν
3101 1357 3440 1424 ἐκκήρυκτοι
3469 1355 3655 1421 γένων-

2103 1463 2214 1510 ται,
2258 1447 2317 1500 τδ
2350 1446 2515 1517 κῦρος
2564 1447 2621 1501 δὲ
2656 1447 2754 1500 καὶ
2779 1445 2938 1508 αὖθις
2987 1448 3105 1508 τοῖς
3147 1447 3205 1498 έν
3232 1444 3445 1514 Νικαίᾳ
3475 1442 3657 1512 ἐπιψη-

2105 1537 2346 1606 φισθείηο
2376 1537 2473 1590 καὶ
2522 1536 2619 1592 τοῦ
2652 1536 2842 1591 λοιποῦ
2891 1538 3022 1608 περὶ
3073 1537 3315 1597 πίστεως
3371 1535 3448 1604 μὴ
3494 1538 3654 1586 κινεῖν

438 1610 716 1677 petebant.
745 1612 846 1668 Ubi
876 1615 1074 1671 Valens
1100 1626 1156 1672 et
1185 1618 1500 1677 Germinius
1531 1625 1850 1692 petitionem
1881 1643 2000 1682 eam

2105 1628 2284 1695 λόγον,
2342 1630 2482 1699 μήτε
2537 1629 2647 1700 μὴν
2697 1629 2952 1692 συνόδους
2997 1630 3196 1683 αίτετν.
3255 1629 3504 1696 ’Δπόχρη
3560 1625 3656 1695 γάρ

439 1701 835 1770 icpudiarunt,
891 1707 966 1760 illi
1020 1708 1284 1765 formulas
1333 1714 1718 1770 haereticorum
1767 1728 1822 1772 et
1868 1718 1999 1774 item

437 1792 712 1847 Nicaenam
751 1794 802 1848 in
840 1797 1083 1852 medium
1118 1801 1367 1867 proferre
1397 1804 1636 1874 jussere,
1666 1814 1726 1860 ut
1757 1807 1860 1862 illa:
1879 1811 2000 1878 qui-

2105 1720 2356 1788 στέργειν
2406 1719 2476 1772 τὰ.
2519 1722 2633 1782 τοῖς
2679 1721 2960 1788 πατράσιν
2991 1719 3230 1772 ἔκπαλαι
3259 1717 3512 1784 δόξαντα.
3546 1717 3654 1768 Τῶν

2102 1810 2149 1863 δ’
2184 1810 2403 1864 ἀτόπων
2448 1810 2516 1863 ἂν
2548 1811 2632 1882 εῐη
2663 1810 2761 1864 νῦν
2791 1813 2976 1865 πίστιν
3007 1813 3346 1880 συγγράφειν
3372 1850 3388 1873 ,
3420 1808 3513 1861 καὶ
3544 1809 3656 1876 ἄρτι

436 1883 560 1936 dem
610 1885 883 1942 damnata:
920 1891 1304 1959 rejicerentur,
1349 1897 1462 1952 haec
1494 1914 1624 1953 vero
1666 1900 1996 1956 auctoritate

2105 1902 2438 1970 ἀρχομένους
2496 1881 2796 1969 πιστεύειν,
2849 1903 2951 1972 τὴν
3000 1904 3063 1955 ὲκ
3096 1901 3330 1955 παλαιοῦ
3380 1898 3656 1965 παράδοσιν

437 1974 620 2031 denuo
651 1987 705 2032 et
738 1979 1016 2052 suﬂ‘ragiis
1045 1984 1237 2055 synodi
1267 1988 1708 2045 confirmaretur.
1741 1993 1807 2047 Et
1838 2003 1900 2049 ut
1931 1997 2000 2048 de

439 2075 639 2121 canere
669 2084 847 2139 neque
878 2073 1178 2142 disputatio
1213 2075 1282 2131 de
1319 2077 1424 2132 fide
1454 2090 1790 2144 moveretur.
1824 2097 2002 2152 neque

441 2162 685 2228 synodus
718 2174 1017 2232 peteretur,
1050 2177 1370 2224 sanxerunt.
1410 2171 1672 2228 Suﬂicere
1703 2175 1849 2228 enim
1881 2191 2003 2244 qua:

443 2265 473 2301 a
517 2252 818 2322 majoribus
866 2255 1073 2311 dudum
1123 2261 1420 2316 constituta
1467 2274 1694 2320 essent:
1743 2282 1805 2321 ea
1849 2283 2003 2322 eom-

443 2343 602 2410 plecti
655 2355 906 2414 posteros
954 2349 1156 2406 debere
1198 2371 1211 2406 :
1273 2361 1329 2406 et
1380 2369 1643 2423 perquam
1699 2357 2000 2412 absurdum

439 2448 584 2498 esse,
616 2451 765 2490 nunc
794 2438 1015 2493 demum
1050 2442 1212 2496 ﬁdem
1245 2445 1596 2520 conscribere
1628 2461 1746 2511 eos,
1782 2449 1872 2518 qui
1902 2466 2003 2502 nu-

437 2539 534 2594 per
561 2526 852 2584 admodum
883 2533 1108 2588 credere
1141 2534 1474 2604 coepissent:
1505 2546 1562 2591 et
1593 2547 1844 2594 veterum
1889 2550 2001 2596 tra-

437 2617 704 2673 ditionem
763 2621 1018 2690 abolere,
1073 2641 1171 2694 per
1201 2641 1365 2695 quam
1425 2637 1482 2682 et
1539 2628 1642 2699 ipsi
1699 2639 1756 2685 et
1815 2642 2003 2699 patres

437 2725 628 2766 eorum
675 2715 940 2772 ecclesias
981 2719 1416 2790 gubernassent,
1470 2739 1536 2778 ex
1582 2724 1786 2794 quibus
1819 2727 2002 2796 plures

441 2805 719 2876 martyriis
743 2815 797 2862 et
823 2807 988 2865 obita:
1013 2812 1378 2869 confessionis
1404 2815 1623 2870 coronis
1645 2817 2001 2873 condecorati

443 2894 702 2951 fuissent.
735 2898 803 2952 Et
832 2899 870 2953 ii
897 2901 1122 2970 quidem
1151 2906 1230 2960 sic
1259 2905 1401 2960 dicta
1435 2909 1731 2973 sententia,
1763 2910 2004 2978 antiqui-

440 2994 529 3040 tus
561 2987 800 3046 decretis
835 3001 980 3048 stare
1000 3035 1014 3058 ,
1055 2995 1308 3066 nihilque
1340 3013 1543 3052 novum
1575 3000 1840 3056 inducere
1869 3017 2003 3056 con-

436 3077 782 3135 stituerunt:
818 3083 892 3137 illi
945 3095 1154 3154 autem,
1187 3089 1386 3144 Valens
1421 3091 1634 3146 scilicet
1686 3101 1743 3147 et
1778 3093 1998 3164 reliqui,

439 3186 582 3239 quos
627 3174 791 3241 paulo
832 3186 958 3230 ante
1001 3179 1435 3249 nominavimus,
1482 3192 1672 3238 contra
1714 3185 1819 3240 nisi
1851 3196 1997 3240 sunt.
2028 3205 2074 3266 ρ

442 3261 802 3335 Βιιιηιηορειεο
867 3283 1102 3338 namque
1157 3273 1598 3339 contenderunt,
1649 3285 1710 3330 ut
1764 3277 2006 3348 synodus

442 3371 638 3410 recens
671 3363 1029 3429 compositam
1060 3363 1244 3419 Sirmii
1278 3364 1404 3420 fidei
1435 3365 1724 3420 formulam
1753 3383 2003 3439 compro-

444 3449 622 3503 baret.
657 3448 891 3506 Tantum
920 3464 1102 3508 autem
1135 3455 1309 3521 abest,
1344 3456 1614 3514 utPatres
1648 3459 1701 3514 id
1737 3459 1999 3526 facerent,

439 3547 501 3592 ut
524 3541 696 3595 etiam’
724 3541 1016 3611 Ursicium,
1044 3547 1351 3613 Valentem,
1381 3565 1683 3621 eorumque
1709 3553 2004 3621 complices

441 3630 808 3689 damnationis
858 3639 1132 3691 sententia
1182 3641 1616 3696 exauctorarint.
1658 3643 1725 3696 Et
1763 3643 2004 3714 synodus

442 3722 837 3791 professionem
867 3727 1144 3784 Nicaeuam
1176 3732 1407 3801 amplius
1440 3733 1602 3787 etiam
1637 3735 2002 3791 conﬁrmavit.

444 3813 526 3866 Illi
561 3825 743 3869 autem
777 3817 1355 3893 damuationem'aegre
1385 3823 1646 3888 ferentes,
1678 3826 1743 3880 ad
1769 3827 2006 3896 impera-

442 3916 617 3959 torem
671 3907 988 3979 confugere.
1041 3913 1210 3968 Porro
1257 3917 1501 3986 synodus
1554 3933 1617 3972 ea
1668 3934 1779 3974 non
1825 3919 2003 3974 solum

443 3999 690 4056 formulae
730 4002 945 4058 illorum
983 4006 1393 4076 praefationem.
1439 4010 1533 4064 sed
1570 4010 1742 4079 ipsam
1779 4027 2003 4083 quoque

443 4089 730 4148 formulam
795 4099 1170 4168 reprehendit,
1231 4104 1389 4173 cujus
1451 4103 1619 4158 verba
1678 4114 1839 4160 erant
1885 4107 2001 4175 (¹)²

453 4196 477 4235 ε
501 4182 814 4256 Composita
837 4200 918 4244 est
938 4191 1073 4248 fides
1105 4193 1369 4248 catholica
1402 4194 1454 4248 in
1478 4195 1769 4264 praesentia
1798 4195 2004 4251 domini

441 4278 621 4331 nostri
653 4277 958 4336 Constantii
992 4285 1244 4352 perpetui
1279 4284 1531 4354 Augusti,
1568 4289 1856 4341 consulatu
1891 4287 2005 4342 cla.

440 4365 788 4423 rissimorum
835 4371 1110 4436 virorum,
1146 4373 1352 4438 Flavii,
1400 4374 1620 4430 Eusebii
1664 4383 1720 4430 et
1766 4374 2002 4446 Hypatii,

439 4455 786 4523 Sirmii,ante
818 4462 1074 4516 XtKalen.
1101 4463 1229 4518 Jun.
1257 4485 1274 4517 ο
1299 4465 1458 4535 775
1477 4467 1552 4522 Ac
1568 4467 1803 4522 deinde:
1835 4468 2003 4524 «Cre-

2103 1993 2338 2054 ἀθετεῖν,
2361 1992 2428 2045 δι’
2472 1987 2541 2064 ἦς
2577 1994 2744 2063 ήμεῐς
2774 2010 2834 2046 τε
2865 1993 2963 2046 καὶ
2990 1993 3040 2046 ot
3071 1992 3179 2061 πρὸ
3225 1989 3389 2060 ὴμῶν
3437 1990 3532 2052 τὰς
3575 1990 3655 2040 ἔκ-

2103 2083 2334 2152 κλησίας
2378 2085 2629 2156 ἢγομεν,
2697 2079 2774 2139 ὧν
2821 2085 2871 2137 οἱ
2924 2084 3149 2146 πλείους
3200 2081 3522 2153 μαρτυρίοις
3571 2081 3654 2133 καὶ

2103 2171 2215 2232 τοῖς
2274 2170 2374 2240 τῆς
2442 2171 2738 2241 ὁμολογίας
2795 2174 3087 2241 στεφάνοις
3149 2169 3653 2240 κατεκοσμήθησαν.

2105 2263 2167 2314 Οἱ
2201 2263 2304 2330 μὲν
2355 2257 2451 2316 οὖν
2500 2262 2729 2316 τοιαῦτα
2763 2264 3037 2332 λέγοντες,
3072 2264 3130 2316 ὲν
3163 2264 3276 2326 τοῖς
3320 2260 3550 2315 ἔκπαλαι
3577 2261 3654 2314 δε-

2103 2353 2385 2422 δογμένοις
2446 2355 2632 2424 μένειν
2695 2351 2920 2423 ὴξίουν,
2975 2354 3071 2409 καὶ
3132 2355 3300 2425 μήτι
3355 2353 3653 2421 πρόσφατον

2105 2443 2461 2512 ἐπεισάγεινο
2502 2446 2702 2498 ἐκεῖνοι
2735 2445 2790 2497 δὲ
2818 2487 2833 2511 ,
2875 2447 2926 2498 oi.
2958 2445 3091 2516 napi.
3133 2444 3413 2498 Οὐάλεντα
3447 2441 3651 2513 δηλαδὴ,

2104 2534 2438 2603 ἀντέῦαινον,
2487 2538 2580 2590 καὶ
2637 2537 2738 2608 τὴν
2802 2537 2990 2600 αὐτοῖς
3033 2535 3439 2606 προδληθεῖσαν
3489 2534 3653 2586 πίστιν

2108 2629 2357 2698 στέργειν
2403 2629 2850 2700 προσεϐιάζοντο.
2917 2629 3072 2683 Ἐπεὶ
3127 2628 3174 2682 δ’
3217 2629 3318 2681 οὐκ
3368 2624 3650 2686 ἐπείθοντο,

2107 2719 2465 2791 καθῃροῦντο.
2522 2721 2588 2774 Ἥ
2629 2722 2696 2774 δὲ
2749 2721 2967 2785 σύνοδος
2997 2719 3099 2791 τὴν
3151 2720 3208 2773 ιν
3245 2719 3453 2788 Νικαίᾳ
3487 2716 3652 2770 πίστιν

2110 2812 2312 2881 μᾶλλον
2363 2813 2663 2883 ἐκύρωσεν.
2721 2815 2784 2866 Οἱ
2820 2814 2876 2867 δὲ
2913 2812 3168 2884 χαλεπῶς
3219 2811 3320 2879 τὴν
3349 2809 3651 2877 καθαίρεσιν

2106 2899 2443 2966 ἐνεγκόντες,
2483 2905 2563 2964 εἰς
2606 2901 2835 2971 βασιλέα
2885 2902 3204 2971 ἀνέτρεχον.
3243 2901 3310 2953 Ἦ
3362 2901 3420 2952 δὲ
3454 2898 3650 2959 σύνοδος

2105 2989 2296 3057 ᾐτιᾶτο
2334 2989 2610 3060 μὴμόνον
2658 2991 2760 3062 τὴν
2819 2999 3158 3062 προγραφὴν
3218 2989 3318 3060 τῆς
3373 2987 3649 3049 ἐκθέσεως,

2107 3079 2244 3132 ἀλλὰ
2278 3081 2374 3132 καὶ
2403 3081 2574 3152 αὐτὴν
2600 3083 2820 3154 ἐκείνην
2873 3083 2974 3155 τὴν
3023 3083 3264 3136 ἔκθεσιν.
3305 3080 3502 3146 Ἔλεγε
3533 3078 3648 3146 γάρ’

2111 3188 2133 3223 ε
2176 3171 2430 3242 Ἐξετέθη
2478 3173 2662 3237 πίστις
2701 3175 2734 3245 ἡ
2789 3173 3059 3245 καθολικὴ
3111 3175 3204 3226 ἐπὶ
3257 3171 3532 3244 παρουσίᾳ
3563 3169 3648 3222 τοῦ

2093 3263 2368 3316 δεσπότου
2421 3265 2580 3334 ήμῶν
2629 3266 3014 3320 Κωνσταντίου
3077 3265 3298 3318 αἰωνίου
3353 3262 3648 3332 Αὐγούστου

2107 3359 2164 3410 έν
2188 3356 2423 3427 ὑπατείᾳ
2451 3357 2683 3411 Φλαδίου
2714 3359 2811 3413 καὶ
2839 3358 3101 3412 Εὐσεσίου
3135 3357 3231 3410 καὶ
3267 3357 3529 3412 ’Υπατίου
3555 3355 3652 3414 τῶν

2105 3448 2510 3519 λαμπροτάτων
2549 3449 2607 3502 ιν
2640 3450 2852 3521 Σιρμίῳ
2887 3453 2954 3521 τῇ
2987 3449 3125 3521 πρὸς
3155 3448 3353 3503 ἕνδεκα
3379 3447 3652 3503 Καλανδῶν

2118 3540 2376 3594 Ἰουνίων.
2412 3559 2432 3592 ›
2463 3543 2572 3596 Καὶ
2599 3541 2868 3611 καθεξῆςσ
2902 3541 3279 3611 «Πιστεύομεν
3313 3541 3396 3604 είς
3437 3541 3529 3592 ἕνα
3570 3537 3651 3590 τὸν

2110 3631 2271 3700 μόνον
2319 3632 2415 3685 καὶ
2461 3631 2712 3702 ἀληθινὸν
2745 3633 2881 3685 Θεὸν
2910 3634 3129 3701 Πατέρα
3167 3630 3596 3700 παντοκράτορα.
3626 3644 3643 3676 ι

2107 3723 2244 3790 Περὶ
2274 3722 2332 3775 δὲ
2355 3723 2508 3786 τέλος
2537 3723 2634 3776 καὶ
2661 3722 2816 3776 ταῦτ’
2838 3723 3020 3791 ελεγον
3047 3739 3061 3752 ·
3103 3741 3122 3775 ι
3161 3722 3235 3775 Τὸ
3262 3721 3319 3774 δὲ
3353 3722 3521 3789 ὄνομα
3563 3717 3648 3783 τῆς

2105 3811 2311 3878 οὐσίας,
2348 3812 2436 3866 διὰ
2468 3813 2528 3866 τὸ
2562 3813 2929 3884 ἁπλούστερον
2979 3813 3085 3868 ὐπδ
3123 3812 3234 3866 τῶν
3275 3810 3536 3880 Πατέρων
3573 3823 3649 3860 τε-

2107 3902 2346 3968 θεῖσθαι,
2379 3902 2749 3974 ἀγνοούμενον
2782 3902 2839 3955 δὲ
2872 3903 2976 3956 ὑπὸ
3015 3903 3124 3958 τῶν
3165 3903 3335 3966 λαῶν,
3376 3899 3650 3955 σκάνδαλον

2109 3994 2299 4065 φέρειν
2325 3995 2449 4048 ’διὰ
2492 3994 2554 4048 τὸ
2605 3997 2748 4064 μήτε
2786 3995 2885 4058 τὰς
2921 3995 3147 4064 Γραφάς
3177 3992 3338 4047 τοῦτο
3367 3991 3646 4062 περιέχειν,

2107 4085 2273 4156 ἧρεσε
2324 4086 2484 4138 τοῦτο
2537 4084 2980 4158 περιαιρεθῆναι,
3028 4086 3126 4139 καὶ
3167 4085 3454 4148 παντελῶς
3499 4083 3648 4153 μηδε-

2111 4177 2238 4246 μίαν
2288 4178 2512 4248 μνήμην
2553 4179 2744 4240 οὐσίας
2796 4178 2891 4232 ἐπὶ
2944 4177 3081 4231 Θεοῦ
3129 4176 3274 4231 εῖναι
3323 4179 3421 4231 τοῦ
3455 4171 3646 4233 λοιποῦ,

2105 4269 2194 4322 διὰ
2221 4271 2280 4323 τὸ
2305 4271 2405 4332 τὰς
2429 4269 2578 4333 θείας
2614 4271 2839 4340 Γραφὰς
2878 4271 3142 4342 μηδαμῶς
3173 4272 3305 4342 περὶ
3343 4270 3548 4340 [ἰατρὸς
3566 4265 3648 4320 καὶ

2107 4360 2239 4414 Υίοῦ
2297 4360 2482 4424 οὐσίας
2532 4362 2866 4431 μεμνῆσθαι.
2927 4363 3154 4432 Ὅμοιον
3209 4361 3269 4414 δὲ
3299 4360 3528 4429 λέγομεν
3570 4356 3648 4407 τὸν

2107 4451 2234 4506 Υίδν
2276 4451 2352 4521 τῷ
2405 4453 2581 4522 Πατρὶ
2630 4453 2773 4506 κατὰ
2811 4453 3012 4517 πάντα,
3041 4451 3117 4515 ὡς
3168 4451 3222 4504 αἱ
3259 4452 3416 4519 άγιαι
3455 4447 3646 4518 Γραφαὶ

438 4546 624 4601 ditnus
667 4550 720 4603 in
765 4565 934 4606 unum
977 4555 1152 4607 solum
1195 4565 1252 4609 et
1293 4571 1482 4611 verum
1528 4558 1735 4624 Deum,
1784 4559 2001 4615 Patrem

2108 4543 2330 4612 λέγουσί
2359 4561 2418 4596 τε
2461 4545 2556 4597 καὶ
2592 4543 2927 4599 διδάσκουσι.
2972 4561 2992 4596 ι
3023 4541 3236 4596 Γελοϊον
3273 4542 3384 4612 γὰρ
3423 4539 3647 4610 ἐνόμιζον

438 4638 897 4707 omnipotentem,
931 4654 1234 4700 creatorem
1273 4657 1330 4702 et
1357 4648 1698 4704 Conditorem
1729 4653 1995 4708 omnium.

437 4725 646 4782 Nomen
681 4734 934 4787 essentia:
972 4749 1071 4803 per
1102 4735 1512 4806 simplicitatem
1545 4753 1574 4792 a
1607 4740 1867 4795 Patribus
1900 4756 2002 4811 po-

439 4817 632 4884 situm,
665 4836 776 4876 non
810 4823 1148 4882 intellectum
1178 4843 1309 4883 vero
1334 4845 1364 4884 a
1397 4831 1632 4900 populis,
1662 4833 1922 4888 seandalo
1947 4845 2005 4890 et

439 4907 776 4969 oll‘endiculo
805 4924 910 4971 est.
958 4917 1025 4971 Et
1056 4921 1315 4988 quoniam
1357 4920 1660 4992 Scriptura:
1691 4923 1745 4977 id
1781 4939 2001 4994 quoque

443 5017 554 5057 non
597 5003 832 5072 habent,
884 5006 1143 5076 placitum
1173 5022 1258 5066 est
1290 5010 1346 5065 id
1393 5012 1584 5066 tollere
1605 5053 1620 5077 ,
1651 5022 1709 5067 et
1737 5013 1998 5084 deinceps

442 5095 646 5150 nullam
677 5099 902 5153 omnino
924 5103 1180 5157 essentia:
1213 5103 1267 5157 in
1297 5103 1409 5159 Deo
1431 5103 1611 5160 facere
1640 5106 1996 5169 mentionem,

436 5198 728 5257 prepterea
771 5193 919 5262 quod
965 5193 1167 5248 divinae
1213 5193 1509 5263 Scriptum
1553 5195 1731 5250 Patris
1775 5205 1832 5250 et
1876 5197 1998 5251 Filii

437 5281 758 5337 substantia:
783 5299 1008 5353 prorsus
1040 5300 1149 5341 non
1177 5287 1501 5342 meminere.
1533 5285 1779 5341 Similem
1813 5297 1995 5343 autem

439 5371 639 5426 Filium
665 5375 811 5429 Patri
841 5392 939 5445 per
969 5379 1151 5432 omnia
1173 5378 1434 5442 dicimus,
1463 5379 1625 5433 sicuti
1655 5393 1822 5433 sacra:
1854 5379 2001 5434 Scri-

436 5473 574 5519 turae
603 5475 660 5520 et
688 5467 880 5522 dicunt
914 5480 967 5525 et
1001 5471 1224 5527 docent.
1264 5491 1282 5523 ι
1321 5473 1638 5528 Ridiculum
1675 5487 1840 5541 porro
1873 5473 1996 5541 cpi»

438 5559 618 5629 scopis
647 5561 821 5615 visum
855 5571 956 5628 est,
993 5564 1381 5634 imperatorem
1417 5564 1640 5634 quidem
1675 5573 1996 5632 perpetuum

2107 4637 2198 4688 τὸν
2234 4635 2333 4704 μὲν
2367 4634 2594 4704 βασιλέα
2636 4633 2854 4687 αἰώνιον
2875 4631 3188 4702 ὀνομάζειν,
3213 4632 3306 4684 τὸν
3331 4631 3392 4683 δὲ
3417 4629 3504 4684 τοῦ
3528 4624 3643 4680 Θεοῦ

2107 4727 2236 4782 Υἱδν
2264 4728 2341 4797 μὴ
2381 4727 2558 4780 θέλειν
2589 4727 2761 4780 άῑδιον
2790 4725 2978 4779 καλεῖν
2998 4764 3014 4791 ,
3043 4723 3139 4778 καὶ
3164 4723 3326 4793 ῥητὸν
3353 4722 3537 4793 χρόνον
3559 4717 3646 4785 τῆς

2105 4821 2326 4892 γραφῆς
2357 4819 2560 4889 ταύτης
2599 4819 2946 4890 προτάττειν
2975 4815 3199 4884 διαϐολὴ
3238 4814 3346 4884 γὰρ
3404 4813 3641 4879 ἄντικρυς

2106 4916 2279 4970 ἐδόκει
2333 4912 2430 4980 τῆς
2461 4911 2698 4974 πίστεως
2760 4910 2869 4964 τῶν
2920 4908 3396 4980 προγενεστέρων
3425 4904 3643 4974 μάλιστα

2103 5012 2150 5064 δ’
2177 5008 2498 5069 ’Δθανάσιος
2547 5009 2608 5060 ὲν
2657 5006 2859 5070 αἰτίαις
2919 5005 3110 5071 ἐτίθει,
3144 5003 3221 5066 ῶς
3284 5018 3388 5055 που
3438 4998 3640 5068 γράφων

2105 5105 2239 5173 πρὸς
2290 5102 2415 5164 τοὺς
2469 5100 2708 5162 οἰκείους
2760 5097 3101 5167 ἀπήγγελλε.
3141 5094 3466 5162 Παρεθέμην
3497 5088 3537 5141 δ’
3584 5086 3640 5138 ἂν

2107 5195 2201 5250 καὶ
2227 5194 2328 5262 τὴν
2357 5192 2744 5261 ἐξελέγχουσαν
2773 5187 3059 5256 επιστολὴν
3081 5225 3096 5249 ,
3135 5188 3186 5238 sl
3221 5185 3296 5256 μὴ
3340 5184 3401 5236 τὸ
3431 5191 3639 5250 προσκο-

2104 5286 2197 5358 ρὲς
2226 5286 2318 5338 τοῦ
2359 5286 2516 5352 λόγου
2543 5282 2764 5353 φεύγων
2801 5279 2935 5348 ἐγὼ,
2976 5279 3072 5331 ἐπὶ
3099 5277 3328 5348 ζήτησιν
3356 5278 3476 5334 τοὺς
3509 5268 3639 5338 φιλο-

2104 5379 2298 5450 μαθεῖς
2344 5377 2678 5447 προύτρέπω
2711 5374 2779 5427 τά
2811 5375 2872 5426 ὲν
2906 5371 3094 5440 ἐκείνῃ
3121 5367 3365 5429 δυνατῶς
3395 5360 3638 5450 εἰρημένα

2099 5448 2458 5539 καταμαθεῖν.
2493 5468 2557 5520 Οἱ
2609 5467 2706 5537 μὲν
2753 5465 2851 5518 οὖν
2881 5461 3309 5532 καθαιρεθέντες
3341 5460 3396 5556 ές
3427 5448 3634 5556 θασιλέα

2101 5543 2410 5631 ἀνέτρεχον,
2439 5562 2829 5630 ἐπιφερόμενοι
2853 5558 2950 5612 καὶ
2979 5557 3077 5627 τὴν
3102 5554 3338 5609 ἔκθεσινο
3370 5550 3401 5618 η
3439 5546 3494 5599 δὲ
3519 5543 3630 5595 σύν-

507 5747 584 5819 (Ι)
642 5748 1129 5805 Condemnationis
1188 5750 1602 5819 ejusqcausaiu
1699 5743 2028 5819 praecipuam
2098 5743 2265 5799 fuisse
2337 5743 2588 5800 Socrates
2651 5739 2864 5807 scribit,
2932 5739 3076 5809 quod
3145 5736 3400 5812 Arianum
3459 5729 3630 5793 δοειηει

442 5814 812 5877 Arianizantes
851 5819 1109 5875 damnare
1142 5814 1443 5882 noluerint,
1475 5816 1618 5870 libro
1655 5831 1713 5878 ιι,
1745 5829 1865 5882 cap.
1900 5814 1988 5867 37.
