3870 6610
257 443 353 509 381

1193 418 1797 532 Eccmsmsrtee
1839 435 2227 520 Hismara:
2270 463 2421 526 LIB.
2467 464 2574 523 1x.

3391 469 3498 533 382

261 565 390 628 οδες,
421 563 589 638 εἴκοσι
633 567 743 618 τῶν
776 567 1100 624 ἐπισκόπων
1130 568 1606 643 διαπεμψάμενοι,
1636 575 1812 646 γράμ-

1927 593 2023 631 seu
2058 585 2325 632 aeternum
2362 580 2648 636 nominare
2671 623 2685 648 ,
2721 581 2917 636 Filium
2953 591 3134 640 autem
3167 585 3260 640 Dei
3292 587 3494 656 sempi-

264 666 421 720 μασιν
449 655 670 720 οικείοις
693 660 764 710 τά
797 673 859 710 συ
870 659 1082 729 μσάντα
1111 661 1188 734 τῷ
1210 663 1426 734 βασιλεῖ
1443 666 1812 738 κατεμήνυον*

262 744 298 797 ἃ.
332 747 468 799 τόνδε
497 752 777 820 περιεῖχον
815 753 907 805 τὸν
937 754 1105 807 τόπον
1128 773 1142 786 ·

1926 681 2139 723 ternum
2173 685 2370 724 vocare
2400 671 2544 725 nolle
2572 689 2586 724 :
2621 682 2946 744 certumque
2979 685 3193 745 tempus
3224 677 3350 732 huic
3383 676 3496 730 for-

1925 758 2086 813 mulae
2133 760 2257 815 fidei
2299 763 2602 833 praeﬁgere,
2635 763 2925 820 manifesta
2960 783 3183 836 quoque
3219 769 3494 822 calumnia

262 840 577 909 cajudicata
618 855 707 898 est
745 845 1013 902 adversus
1049 848 1316 919 majorum
1361 849 1546 906 iidem.
1615 851 2022 922 Maximeﬁvero
2091 868 2210 906 eam
2247 852 2580 911 Athanasius
2604 858 2928 912 criminatds
2958 869 3064 920 est,
3104 869 3162 912 ut
3194 861 3392 913 alicubi
3426 859 3493 912 ad

269 948 388 990 suos
409 935 648 989 scribens
675 938 936 995 ostendit.
965 941 1032 995 Et
1064 941 1414 999 inseruissem
1448 945 1538 1000 hic
1563 945 1988 1001 confutatoriam
2055 945 2174 1013 eius
2241 947 2526 1015 epistolam
2549 987 2563 1010 ,
2640 952 2743 1006 nisi
2793 954 3060 1007 orationis
3123 953 3490 1022 prolixitatem

271 1024 793 1096 fugiens,studiosis
821 1048 942 1088 eam
1016 1034 1438 1104 inquirendam,
1487 1025 1650 1108 alque
1693 1055 1760 1093 ex
1816 1054 1880 1093 ea
1920 1053 2033 1091 rem
2080 1053 2297 1092 omnem
2340 1041 2811 1106 cognoscendam,
2860 1046 3250 1115 relinquerem.
3310 1045 3488 1097 Exau-

267 1121 447 1173 ctorati
481 1120 588 1186 illi,
624 1123 782 1177 sicuti
817 1124 962 1190 dixi,
1001 1125 1293 1180 formulam
1361 1144 1549 1183 secum
1600 1129 1863 1194 ferentes,
1905 1129 1971 1182 ad
2006 1124 2385 1195 imperatorem
2418 1133 2730 1202 confugere.
2767 1134 3071 1191 Conc’lium
3113 1154 3262 1199 vero,
3293 1137 3480 1191 decem

266 1214 330 1268 ad
388 1227 504 1267 eum
565 1213 757 1286 legalis
800 1219 1114 1291 episcopis,
1165 1220 1364 1276 litteris
1419 1235 1640 1292 quoque
1693 1237 1808 1276 rem
1850 1231 2027 1277 actam
2077 1222 2412 1289 declaravit,
2462 1241 2582 1293 quae
2668 1228 2720 1282 in
2767 1227 2909 1282 hanc
2994 1229 3222 1285 formam
3273 1232 3492 1300 scripta:

266 1303 466 1358 fuerant
498 1320 511 1334 ·

847 1432 1099 1486 ΚΕΦΔΛ.
1136 1434 1226 1488 Μ’.

285 1540 725 1632 ἐπιστολὴῗτνῆς
755 1545 826 1598 ἐν
851 1548 1156 1632 ’Ληριμήνοξ
1200 1555 1473 1632 συνόδου
1500 1559 1818 1611 Κωνσταν-

593 1621 697 1681 tio)
721 1621 1060 1687 πεμφθεῖσα
1083 1621 1162 1688 τῷ
1179 1624 1455 1688 βασιλεῖ.

339 1744 355 1778 ι
399 1727 494 1782 Ἐκ
522 1745 580 1781 τε
611 1730 709 1800 τῆς
765 1731 858 1785 τοῦ
893 1732 1045 1798 ίΘεοῦ
1093 1735 1393 1801 κελεύσεως
1451 1739 1546 1793 καὶ
1596 1741 1690 1794 τοῦ
1717 1739 1817 1810 τῆς

271 1817 526 1882 εὐσεδείας
563 1820 995 1890 προστάγματος
1052 1825 1120 1878 τὰ
1177 1828 1350 1882 πάλαι
1377 1829 1815 1898 δογματισθέντα

273 1911 574 1978 γεγενῆσθαι
613 1914 972 1984 πιστεύομεν.
1037 1920 1130 1982 Εἰς
1159 1919 1267 1990 γὰρ
1302 1920 1587 1992 Ἀρίμινον
1612 1924 1676 1975 ἒκ
1705 1939 1812 1975 πα-

275 2003 367 2056 σῶν
389 2005 490 2057 τῶν
524 2005 660 2074 πρὸς
687 2007 842 2060 δύσιν
863 2008 1080 2062 πόλεων
1118 2013 1199 2075 είς
1249 2013 1418 2066 ταυτὸ
1462 2015 1662 2077 πάντες
1698 2013 1816 2067 ὲπί-

274 2107 444 2144 σκοποι
472 2093 838 2163 συνήλθομεν,
869 2096 958 2151 ἴνα
986 2099 1079 2152 καὶ
1107 2099 1140 2169 ή
1171 2101 1360 2166 πίστις
1395 2105 1492 2175 τῆς
1517 2104 1815 2173 καθολικῆς

283 2181 583 2250 Ἑκκλησίας
613 2187 920 2258 γνωρισθῇ,
953 2189 1049 2242 καὶ
1078 2190 1128 2243 οῑ
1186 2192 1439 2246 τάναντία
1487 2196 1814 2265 φρονοῦντες

271 2273 463 2341 ἔκδηλοι
490 2276 780 2344 γένωνται.
827 2277 915 2342 Ὠς
943 2281 1052 2352 γάρ
1080 2284 1429 2338 ὲπιπλεῖστον
1458 2286 1815 2341 διασκοποῦνο

271 2383 348 2430 τες
377 2368 705 2440 εὑρήκαμεν,
737 2373 972 2447 ,ἀρεστὸν
1024 2375 1323 2448 ὲφάνητὴν
1359 2379 1545 2434 πίστιν
1577 2380 1678 2450 τὴν
1718 2382 1813 2436 ἐκ·

271 2459 417 2512 παλαι
472 2461 861 2530 διαμένουσαν,
917 2466 984 2535 ἦν
1032 2467 1128 2520 καὶ
1171 2470 1222 2521 οἱ
1267 2471 1546 2539 προφῆται
1588 2473 1684 2526 καὶ
1745 2473 1815 2525 τά

272 2549 554 2620 Εὐαγγέλια
601 2555 698 2607 καὶ
752 2557 800 2608 oi
836 2557 1126 2612 ἀπόστολοι
1170 2559 1259 2613 διά
1290 2559 1384 2612 τοῦ
1415 2562 1624 2628 Κυρίου
1656 2564 1814 2633 ήμῶν

283 2638 439 2707 Ἰησοῦ
463 2641 702 2711 Χριστοῦ
723 2645 1020 2716 ἐκήρυξαν,
1042 2647 1136 2702 τοῦ
1159 2649 1256 2703 καὶ
1284 2651 1382 2719 τῆς
1411 2651 1509 2714 σῆς
1534 2651 1815 2723 βασιλείας

274 2729 512 2800 φρουροῦ,
551 2733 646 2786 καὶ
673 2733 772 2801 τῆς
811 2735 909 2805 σῆς
944 2738 1169 2806 ῥώσεως
1209 2741 1544 2809 προστάτου,
1572 2741 1658 2794 ἵνα
1683 2741 1816 2795 ταύ-

272 2833 359 2888 την
379 2823 740 2891 κατασχόντες
770 2826 1122 2897 φυλάξωμεν,
1166 2830 1275 2902 καὶ,
1307 2831 1691 2899 φυλάττοντες,
1723 2835 1816 2902 μέ·

272 2927 351 2978 χρι
381 2913 566 2977 τέλους
592 2916 968 2989 διατηρῶμεν.
1004 2923 1239 2978 ’Ἄτοπον
1271 2926 1380 2996 γάρ
1427 2928 1520 2979 καὶ
1552 2926 1814 2998 ἀθέμιτον

271 3001 443 3070 ἐφάνη,
466 3004 572 3057 τῶν
599 3006 779 3076 ὀρθῶς
802 3011 897 3062 καὶ
926 3011 1148 3076 δικαίως
1169 3015 1493 3084 ὡρισμένων
1519 3031 1572 3068 τι
1612 3017 1814 3086 μεταλ-

270 3093 482 3162 λάττειν,
509 3099 604 3152 καὶ
633 3099 743 3153 τῶν
777 3101 836 3154 ἐν
859 3103 1068 3175 Νικαίᾳ
1111 3108 1267 3176 κοινῇ
1313 3109 1451 3176 μετά
1482 3107 1577 3160 τοῦ
1608 3107 1816 3174 ὲνδοξου

269 3188 411 3240 τάτου
469 3205 563 3244 σου
631 3193 839 3261 πατρὸς
899 3198 996 3246 καὶ
1055 3194 1325 3264 βασιλέως
1395 3188 1812 3253 Κωνσταντίνου
1837 3233 1886 3296 C

266 3280 627 3354 taxeppévwv;
659 3280 734 3338 ὧν
759 3285 792 3355 ή
816 3285 1135 3341 διδασκαλία
1154 3291 1248 3343 καὶ
1271 3289 1332 3342 τὸ
1357 3291 1613 3362 φρόνημα
1631 3293 1813 3363 διῆλθέ
1840 3280 1886 3296 “
1909 3343 1912 3346 .

265 3389 317 3426 τε
341 3374 426 3428 καὶ
453 3375 736 3448 ἐκηρύχθη
767 3379 847 3442 εις
872 3380 1051 3443 πάσας
1083 3380 1390 3453 ἀνθρώπων
1432 3384 1602 3447 ἀκοάς
1631 3401 1686 3437 τε
1717 3385 1812 3439 καὶ

265 3467 504 3534 διανοίας,
558 3471 684 3541 ἥτις
743 3473 1045 3531 ἀντίπαλος
1102 3476 1241 3545 μόνη
1311 3477 1406 3530 καὶ
1457 3477 1658 3547 ὀλετὴρ
1715 3480 1814 3548 τῆς

278 3561 470 3632 Ἀρείου
527 3565 797 3636 αἱρέσεως
853 3567 1064 3638 ὑπῆρξε
1092 3583 1106 3598 ⁶
1143 3568 1214 3623 δι’
1247 3564 1312 3641 ἧς
1345 3571 1408 3624 οὑ
1454 3570 1616 3640 μόνον
1649 3571 1811 3640 αὑτὴ,

265 3655 384 3707 ἀλλὰ
418 3656 510 3709 καὶ
568 3657 624 3710 αἱ
683 3659 873 3712 λοιπαὶ
931 3660 1176 3730 αἱρέσεις
1206 3662 1633 3733 καθῃρέθησανο
1687 3656 1812 3735 ὲνῇ

263 3745 416 3810 ὗντως
440 3748 526 3802 καὶ
546 3749 608 3802 τδ
638 3751 957 3820 προσθεῖναί
983 3769 1055 3818 τι,
1089 3752 1387 3822 σφαλερὸν,
1413 3756 1509 3808 καὶ
1531 3754 1590 3807 τὸ
1617 3755 1814 3823 ἀφελέ-

267 3837 396 3902 σθαι,
427 3839 768 3894 ἐπικίνδυνον
826 3841 1086 3913 ὑπάρχει.
1133 3843 1224 3906 Ὠς
1251 3843 1411 3913 εἴπερ
1436 3846 1530 3898 καὶ
1583 3845 1814 3914 θάτερον

264 3928 475 3992 γένοιτο,
507 3928 667 3982 ἔσται
693 3931 806 3994 τοῖς
837 3931 1053 4001 ἐχθροῖς
1084 3932 1240 3986 eam
1277 3927 1470 3987 ’ποιεῖν
1497 3937 1642 4005 άπερ
1695 3934 1813 4005 βού-

265 4019 439 4074 λοιντο.
475 4020 639 4076 Ὅθεν
675 4024 985 4095 υῠρσάκιός
1016 4042 1078 4077 τε
1119 4027 1208 4078 καὶ
1239 4026 1477 4097 Οὐάλης,
1503 4028 1690 4096 ἐπειδὴ
1717 4031 1814 4082 καὶ

2515 1433 2741 1490 CAPUT
2792 1433 2906 1490 XL.

1923 1547 2163 1621 Epistola
2203 1550 2550 1606 Ariminensit
2585 1549 2796 1630 concilii
2827 1548 3140 1603 Constantio
3182 1551 3495 1620 imprralon‘

2629 1637 2805 1673 ιηιεεα.

2000 1753 2020 1786 ι
2064 1733 2131 1789 Ει
2158 1735 2254 1790 Dei
2284 1735 2482 1806 jussu,
2527 1743 2585 1790 et
2630 1734 2854 1805 pietatis
2899 1744 3005 1789 tuae
3047 1735 3328 1800 mandato,
3367 1752 3494 1807 qua:

1923 1826 2234 1897 antiquitus
2287 1827 2591 1883 constituta
2640 1836 2798 1892 sunt,
2843 1827 3143 1882 credimus.
3179 1829 3492 1883 Ariminum

1847 1899 1889 1954 Β
1918 1931 2154 1986 namque
2194 1931 2261 1972 ex
2309 1917 2570 1974 omnibus
2614 1915 2934 1972 Occidentis
2982 1918 3213 1974 urbibus
3249 1919 3492 1988 episcopi

1917 2023 2113 2064 omnes
2150 2010 2205 2063 in
2235 2009 2418 2064 locum
2453 2008 2708 2064 eumdem
2739 2010 3125 2074 convenimus,
3160 2020 3219 2064 ut
3247 2011 3410 2065 simul
3437 2019 3495 2065 et

1918 2099 2056 2156 ﬁdes
2103 2101 2365 2157 Ecclesiae
2420 2101 2709 2157 catholicae
2765 2113 3228 2172 cognosceretur,
3287 2112 3344 2157 et
3396 2103 3490 2171 qui

1917 2191 2080 2246 aliter
2122 2193 2370 2247 sentiunt
2407 2191 2682 2247 manifesti
2729 2191 2948 2247 ﬁerent.
2997 2193 3176 2261 Atque
3228 2192 3322 2246 ubi
3372 2206 3490 2246 rem

1918 2299 2138 2340 omnem
2191 2285 2286 2339 diu
2333 2285 2680 2353 multumque
2727 2285 3232 2349 consideravimus,
3286 2284 3494 2339 facien-

1917 2375 2048 2429 dum
2078 2390 2200 2431 esse
2227 2375 2622 2444 comperimus,
2651 2382 2713 2428 ut
2736 2389 2857 2442 quae
2887 2373 3023 2429 ﬁdes
3054 2375 3364 2444 antiquitus
3390 2374 3492 2429 ob-

1916 2464 2087 2528 tinet,
2129 2473 2184 2519 et
2217 2480 2381 2534 quam
2419 2465 2702 2534 praphetae
2729 2473 2781 2518 el
2813 2465 3111 2532 Evangelia
3158 2473 3215 2520 et
3257 2466 3492 2534 apostoli

1918 2572 2020 2626 per
2065 2557 2356 2612 Dominum
2404 2565 2652 2611 nostrum
2703 2555 2890 2612 Jcsum
2941 2557 3220 2613 Christum
3272 2559 3490 2628 imperii

1919 2649 1996 2704 tui
2028 2647 2350 2712 custodem,
2381 2647 2822 2722 valetudinisqne
2853 2647 3018 2702 etiam
3058 2659 3320 2712 tutorem,
3351 2666 3479 2718 pro-

1920 2742 2236 2812 mulgarunt
2257 2784 2270 2808 ,
2302 2757 2421 2797 eam
2455 2757 2485 2796 a
2517 2740 2822 2812 majoribus
2853 2749 3133 2809 acceptam
3179 2755 3490 2801 servemus.

1916 2842 1973 2887 et
2017 2841 2290 2888 servatam
2335 2832 2402 2887 ad
2454 2833 2620 2887 ﬁnem
2674 2847 2851 2902 usque
2895 2832 3296 2886 custodiamus.
3329 2833 3496 2903 776

1918 2925 1987 2979 Et
2029 2924 2329 2980 absurdum
2375 2923 2762 2993 nefariumque
2805 2939 2926 2980 esse
2971 2924 3321 2994 putavimus,
3367 2939 3491 2993 quae

1920 3028 2070 3074 recte
2100 3028 2157 3074 et
2185 3019 2430 3089 legitime
2463 3018 2786 3081 constituta,
2815 3027 2871 3072 et
2896 3017 3090 3071 Nicaeae
3121 3018 3493 3072 communiter

1921 3126 2026 3166 una
2084 3126 2212 3166 cum
2263 3109 2664 3181 gloriosissimo
2720 3118 2948 3178 parente
3005 3117 3102 3164 tuo
3154 3108 3491 3178 imperatore

1916 3203 2284 3260 Constantino
2308 3203 2614 3258 deliberata
2657 3214 2821 3268 sunt,
2851 3217 2917 3256 ex
2965 3201 3048 3256 eis
3080 3209 3296 3256 mutare
3331 3202 3492 3270 quid-

1919 3311 2081 3365 quam
2112 3313 2127 3351 :
2156 3309 2392 3365 quorum
2445 3293 2695 3350 doctrina
2749 3301 2808 3348 et
2855 3291 3128 3348 sententia
3179 3291 3249 3346 ad
3297 3307 3491 3348 omnes

1918 3388 2163 3440 omnium
2198 3386 2484 3440 hominum
2519 3399 2684 3438 aures
2711 3393 2768 3437 et
2796 3383 3010 3438 animos
3045 3383 3261 3452 vulgata
3298 3397 3492 3450 perve-

1916 3478 2034 3542 nit,
2087 3492 2210 3546 qua:
2267 3491 2374 3531 una
2431 3475 2550 3529 Arii
2611 3474 2862 3529 haeresim
2934 3473 3264 3544 expugnavit
3323 3481 3489 3541 atque

1917 3570 2226 3624 exstinxit:
2277 3584 2376 3638 per
2421 3582 2588 3638 quam
2640 3581 2749 3620 non
2789 3565 2964 3620 solum
3003 3581 3069 3621 ea
3115 3565 3264 3634 ipsa.
3309 3563 3404 3619 sed
3433 3572 3490 3618 et

1916 3663 2142 3732 reliqua:
2197 3662 2435 3716 haereses
2487 3670 2617 3715 sunt
2665 3674 2912 3714 eversa:
2966 3658 3052 3712 cui
3112 3658 3338 3712 omnino
3391 3655 3477 3710 vel

1916 3754 2119 3810 addere
2157 3753 2459 3823 quidquam
2493 3766 2605 3805 nou
2650 3757 2828 3804 tutum
2855 3788 2870 3812 ,
2910 3747 2996 3802 vel
3041 3747 3283 3801 adimere
3321 3745 3489 3800 etiam

1915 3845 2282 3916 periculosum
2333 3851 2434 3898 est.
2488 3842 2668 3911 Atque
2709 3841 2756 3896 si
2803 3840 3132 3894 alterutrum
3169 3839 3223 3892 in
3253 3852 3317 3893 ea
3353 3836 3445 3890 (lat
3472 3853 3492 3889 :

1913 3938 2136 3994 licentia
2181 3935 2514 3992 adversariis
2559 3934 2755 3999 detur,
2801 3943 2862 3987 ut
2891 3931 3038 4002 quod
3078 3931 3265 3993 libeat,
3306 3929 3490 3983 facere

1913 4029 1997 4085 eis
2038 4029 2224 4083 liceat.
2277 4027 2514 4082 Proinde
2549 4023 2814 4079 Ursacius
2859 4033 3027 4093 atque
3074 4023 3304 4088 Valens,
3340 4020 3489 4092 quod

267 4112 474 4170 ἔκπαλαι
504 4119 722 4190 μέτοχοι
751 4136 810 4172 τε
857 4123 956 4174 καὶ
1009 4119 1319 4191 σύμφρονες
1355 4121 1451 4176 τοῦ
1476 4122 1808 4194 ’Δρειανείου

1917 4118 2231 4192 iamdudum
2265 4119 2662 4188 suifragatores
2703 4125 2761 4169 et
2806 4116 3110 4185 participes
3153 4115 3340 4189 Ariani
3385 4115 3490 4168 do-

266 4207 505 4280 δόγματος
568 4209 715 4284 ἦσαν
774 4205 1204 4283 καθεστηκότες,
1235 4215 1330 4266 καὶ
1379 4214 1482 4284 τῆς
1535 4215 1811 4286 ήμετέρας

270 4305 528 4367 κοινωνίας
553 4303 916 4375 χωρισθέντες
939 4303 1355 4374 ἀπεφάνθησαν.
1389 4299 1495 4367 *Ης
1518 4305 1606 4359 ἵνα
1640 4306 1804 4375 μετά-

274 4411 468 4464 σχωσιν,
497 4397 580 4466 ἐφ’
609 4391 693 4460 οἷς
718 4395 950 4460 ἑαυτοὺς
997 4395 1440 4465 συνεγνὼκεισαν
1485 4398 1810 4468 πλημμελή-

267 4502 464 4555 σαντας,
491 4489 778 4559 μετανοίας
808 4505 870 4541 τε
894 4490 988 4541 καὶ
1015 4487 1352 4556 συγγνώμης
1375 4489 1562 4556 ἠξίουν
1589 4493 1774 4562 τυχεῖν
1794 4508 1807 4522 ο

1915 4213 2112 4283 gmatis
2132 4211 2355 4273 iuerint,
2391 4226 2420 4264 a
2451 4211 2839 4264 communione
2867 4217 3058 4263 nostra
3090 4209 3301 4262 exclusi
3332 4217 3486 4262 sunt.

1912 4305 1996 4360 Ad
2054 4320 2218 4374 quam
2273 4312 2452 4358 tamen
2505 4301 2733 4358 admissi
2796 4308 2959 4368 sunt,
3013 4307 3374 4370 posteaquam
3427 4287 3495 4355 se.

1911 4413 2128 4454 errasse
2176 4404 2599 4466 cognoverunt,
2647 4405 2816 4464 atque
2866 4403 2927 4448 ut
2978 4393 3046 4448 ad
3102 4394 3485 4462 ptenitentiam

1912 4489 2356 4553 admitterentur,
2405 4503 2461 4542 et
2507 4502 2664 4542 noxae
2713 4488 2950 4558 gratiam
2982 4495 3485 4557 consequerentur,

264 4576 330 4641 ὡς
378 4580 465 4631 καὶ
509 4578 579 4630 τά
617 4577 872 4648 ἔγγραφοι
903 4575 972 4628 τά
1022 4576 1162 4646 ὑπὲρ
1202 4577 1426 4631 ἐκείνων
1464 4580 1808 4649 γεγενημένα

1917 4589 2259 4636 oraverunt:
2310 4578 2364 4633 id
2413 4579 2558 4649 quod
2607 4579 2879 4650 scriptum
2929 4594 3124 4634 eorum
3169 4588 3483 4636 attestatur.
3583 4655 3585 4658 ι

265 4673 528 4740 μαρτυρεῖ.
569 4671 650 4722 Δι’
671 4663 747 4722 ὧν
777 4669 1034 4722 ἁπάντων
1057 4669 1227 4737 φειδὼ
1258 4671 1555 4741 γεγένηται
1584 4673 1808 4727 καὶτῶν

1916 4662 2263 4742 Quapropter
2296 4680 2358 4725 ut
2401 4673 2457 4726 in
2501 4672 2734 4741 gratiam
2783 4672 3185 4742 reciperentur,
3229 4681 3284 4727 et
3325 4669 3485 4726 venia

263 4762 598 4833 ἐγκλημάτων
622 4756 1063 4830 συγγνώμη.Ἦν
1080 4762 1136 4816 δὲ
1157 4763 1184 4814 ὁ
1204 4763 1392 4834 καιρὸς
1417 4764 1541 4816 καθ’
1560 4764 1619 4818 ὃν
1637 4765 1809 4818 ταῦτα

1917 4767 1997 4821 eis
2022 4765 2348 4820 delictorum
2382 4763 2628 4826 daretur,
2657 4763 3041 4818 obtinuerunt.
3077 4763 3304 4819 Factum
3339 4762 3394 4818 id
3421 4777 3486 4817 co

263 4859 560 4926 ἐπράττετο,
581 4859 672 4911 ὅτε
704 4859 760 4910 ἑν
783 4854 1102 4925 Μεδιολάνῳ
1140 4856 1201 4908 τὸ
1230 4857 1509 4926 συνέδριον
1551 4858 1653 4928 τῆς
1687 4875 1810 4912 συν-

264 4945 368 5000 όδου
401 4949 774 5017 συνεκροτεῖτο
796 4963 811 4979 ι
850 4946 1259 5034 συμπαρόντων
1293 4947 1351 5001 δὲ
1387 4949 1480 5002 καὶ
1531 4949 1641 5002 τῶν
1675 4967 1809 5020 πρε-

264 5037 516 5108 σϐυτέρων
547 5039 650 5108 τῆς
680 5037 967 5105 Ῥωμαίων
987 5035 1345 5107 Ἐκκλησίας,
1366 5040 1667 5107 ἐγνωκότες
1691 5039 1809 5110 ἃμα

264 5130 342 5181 καὶ
369 5131 452 5184 τὸν
487 5132 624 5198 μετὰ
646 5130 910 5199 τελευτὴν
957 5129 1104 5194 ἄξιον
1143 5131 1366 5200 μνήμης
1395 5133 1809 5188 Κωνσταντῖνον

271 5223 390 5289 μετὰ
417 5223 593 5292 πάσης
637 5221 930 5291 ἀκριϐείας
959 5225 1055 5275 καὶ
1089 5222 1392 5288 ἐξετάσεως
1437 5223 1536 5295 τὴν
1568 5241 1831 5296 conpar

269 5315 438 5380 φεῖσαν
465 5317 646 5370 πίστιν
672 5316 1048 5370 ὲκτεθεικότα.
1080 5313 1303 5385 Ἐπειδὴ
1331 5315 1388 5368 δὲ
1413 5315 1490 5378 ὡς
1509 5316 1570 5383 ἐξ
1598 5316 1809 5387 ἀνθρὼ-

270 5421 370 5458 πων
403 5409 610 5475 ἐγένετο
639 5406 984 5476 βαπτισθεὶς,
1013 5408 1110 5459 καὶ
1165 5406 1301 5476 πρὸς
1327 5407 1425 5476 τὴν
1448 5408 1809 5478 ὀψειλομένην

273 5496 468 5576 εἰρήνην
518 5497 904 5568 ἀνεχώρησεν·
931 5497 1132 5551 ἄτοπον
1169 5491 1309 5549 εἶναι
1347 5498 1465 5566 μετ’
1506 5497 1716 5554 ἐκεῖνόν
1754 5515 1805 5550 τι

275 5593 608 5660 καινοτομεῖν,
661 5591 758 5644 καί¹
783 5589 1076 5653 τοσούτους
1110 5589 1298 5658 ἁγίους
1341 5589 1684 5659 όμολογητάς
1710 5590 1808 5642 καὶ

281 5679 552 5752 μάρτυρας,
607 5683 737 5746 τοὺς
786 5683 880 5736 καὶ
912 5681 1009 5736 τοῦ
1057 5682 1328 5752 δόγματος
1361 5667 1715 5752 συγγραφέας
1745 5701 1806 5736 τε

265 5771 360 5825 ’καὶ
388 5777 604 5845 εὑρετάς
627 5777 907 5848 ὑπεριδεῖν
928 5793 944 5810 ο
986 5777 1211 5840 οἵτινες
1265 5776 1408 5831 κατὰ
1444 5778 1535 5830 τὸν
1575 5778 1806 5836 παλαιλν

283 5860 684 5941 τῆςἘκκλησίσς
711 5867 916 5940 θεσμὸν
939 5867 1035 5939 τῆς
1066 5865 1361 5936 καθολικῆς
1391 5865 1634 5930 ἅπαντες
1675 5884 1805 5939 φρε-

1913 4866 2185 4927 temporc,
2221 4872 2347 4912 cum
2381 4855 2672 4911 Mediolani
2709 4854 2952 4926 synodus
2988 4863 3073 4909 est
3105 4862 3318 4918 coacta,
3353 4868 3476 4922 pre-

1912 4949 2153 5021 sbyteris
2198 4963 2421 5019 quoque
2474 4948 2734 5002 Romana:
2781 4945 3043 5001 Ecclesiae
3095 4945 3484 5016 praesentibus.

1911 5041 2129 5096 Norunt
2157 5040 2260 5106 illi,
2293 5056 2420 5095 cum
2466 5040 2564 5110 qui
2593 5039 2762 5094 etiam
2803 5046 2927 5108 post
2960 5037 3171 5092 obitum
3217 5036 3484 5090 memoria

1913 5135 2114 5204 dignus
2147 5139 2272 5199 est,
2312 5131 2736 5187 Constantinum
2775 5131 2924 5186 omni
2956 5129 3202 5184 adlubita
3232 5128 3485 5196 exquisi-

1912 5229 2054 5283 tiore
2078 5243 2211 5283 cura
2249 5237 2306 5282 et
2335 5226 2686 5298 diligentiore
2728 5223 3175 5294 investigatione,
3203 5221 3329 5276 ﬁdei
3360 5238 3484 5290 pru-

1913 5322 2232 5386 i‘essionem,
2269 5335 2392 5388 qua:
2420 5319 2569 5373 edita
2600 5326 2708 5380 est,
2752 5316 3086 5385 publicasse.
3118 5314 3482 5383 Posteaquam

1911 5424 2096 5467 autem
2134 5412 2448 5481 baptizatus
2495 5410 2607 5472 ille,
2646 5409 2793 5462 inter
2839 5409 3089 5462 homines
3127 5423 3252 5463 esse
3295 5409 3479 5471 desiit,

1909 5515 1964 5559 et
1991 5507 2057 5559 ad
2092 5505 2332 5560 debitam
2365 5501 2472 5557 sibi
2497 5502 2737 5572 quietem
2769 5501 3068 5556 translatus
3101 5511 3206 5566 est,
3235 5501 3482 5569 ineptum

1909 5611 2029 5652 esse
2075 5596 2288 5659 sciunt,
2325 5610 2480 5649 novae
2512 5593 2813 5664 quidquam
2849 5593 2928 5647 rei
2968 5593 3270 5656 invehere,
3313 5601 3370 5646 et
3403 5600 3482 5645 tot

1910 5697 2127 5743 sanctos
2173 5687 2361 5741 Patres
2407 5685 2752 5741 conl‘essores
2799 5691 2857 5738 et
2906 5693 3176 5755 martyres
3208 5681 3480 5752 dogmatis

1910 5779 2083 5850 ipsius
2117 5788 2371 5834 auctores
2405 5786 2572 5848 atque
2621 5777 2946 5832 inventores
2995 5775 3281 5845 despicere
3315 5790 3330 5826 :
3383 5773 3478 5842 qui

1909 5871 2128 5944 quidem
2171 5869 2384 5940 Patres,
2417 5872 2572 5942 juxta
2609 5878 2849 5927 veterem
2892 5867 3148 5926 Ecclesia:
3191 5865 3475 5922 catholicae
