3870 6602
354 401 460 462 £33
1576 405 2000 467 NlCEPllORI
2041 409 2394 473 CALLISTI

3529 414 3647 478 38i

356 513 721 581 s.uietionem,
758 528 950 570 omnes
987 513 1044 568 in
1077 514 1270 571 eadem
1304 518 1578 572 sententia
1617 533 1933 588 persevera-

2040 520 2258 583 νοῦντες
2286 523 2761 596 διαμεμενήκασιν
2783 542 2798 558 ·
2850 519 2927 581 ὧν
2947 527 2974 580 ό
3002 525 3134 589 θεὸς
3173 526 3274 596 τὴν
3305 527 3499 582 πίστιν
3537 530 3645 586 καὶ

360 617 486 660 runt
512 624 528 666 ς
559 623 865 678 eorumque
906 607 1071 662 etiam
1109 607 1270 663 ﬁdem
1305 608 1452 664 Deus
1493 609 1560 664 ad
1597 609 1814 680 imperii
1857 611 1934 667 tui

360 709 609 766 tempora
637 699 944 753 transmisit
967 740 979 760 ,
1029 715 1126 769 per
1154 700 1446 755 Dominum
1472 710 1725 756 nostrum
1749 702 1936 758 Jesum

355 790 636 845 Christum
665 830 680 854 ,
721 792 881 860 cujus
917 792 1187 847 beneﬁcio
1221 793 1515 863 imperium
1550 794 1770 850 obtines
1792 837 1807 862 ,
1851 812 1937 851 re-

359 895 595 950 rumque
646 881 699 935 in
737 881 870 937 orbe
917 883 1083 938 etiam
1129 893 1320 939 nostro
1371 887 1592 954 potiris.
1642 890 1710 942 At
1746 904 1938 944 rursus

359 974 658 1029 miserandi
681 985 734 1031 ct
761 979 1060 1033 aerumnosi
1089 977 1170 1033 illi
1197 977 1362 1050 impia
1394 990 1581 1036 mente
1610 982 1937 1054 nefarieque

358 1081 494 1120 ausu
538 1081 820 1136 praecones
856 1067 1071 1137 seipsos
1106 1067 1285 1138 impiae
1318 1071 1599 1140 opinionis
1648 1076 1936 1129 renuntia-

361 1166 528 1223 runt,
574 1167 627 1212 et
661 1159 909 1215 veritatis
951 1160 1405 1217 constitutionem
1448 1175 1701 1222 evertere
1749 1167 1934 1222 conati

360 1261 508 1306 sunt.
573 1251 866 1322 Postquam
922 1252 1096 1320 enim,
1139 1254 1299 1324 juxta'
1364 1257 1689 1313 mandatum
1751 1269 1932 1323 tuum,

361 1346 558 1413 synodi
608 1346 902 1401 concilium
953 1357 1204 1402 coactum
1244 1357 1365 1415 est,
1412 1351 1751 1409 seductionis
1781 1355 1934 1408 l‘rau-

360 1436 557 1507 disque
592 1454 702 1492 suxe
736 1438 812 1492 illi
852 1439 1146 1494 consilium
1183 1441 1512 1498 detexerunt
1542 1461 1555 1498 :
1596 1445 1758 1516 777
1801 1461 1936 1501 con-

359 1528 661 1583 tenderunt
711 1544 950 1600 namque
1004 1532 1251 1588 versutia
1302 1533 1539 1602 quadam
1595 1537 1934 1592 tumultuose

361 1633 483 1673 sese
523 1619 875 1689 ingerentes,
907 1637 1114 1677 novare
1148 1624 1448 1693 quiddam,
1482 1626 1576 1682 tibi
1622 1629 1934 1688 sodalitatis

358 1709 769 1782 impietatisque
819 1715 1068 1785 ejusdem
1128 1733 1242 1774 suae
1303 1730 1623 1790 compertos
1682 1722 1934 1780 homines

359 1801 732 1867 invenissent.
792 1806 1171 1872 Germinium,
1221 1810 1554 1868 Auxentium
1604 1823 1659 1870 et
1707 1815 1929 1881 Caium,

357 1896 570 1974 dissidii
603 1905 658 1952 et
691 1899 984 1955 seditionis
1017 1911 1312 1957 auctores:
1342 1919 1578 1973 quorum
1615 1905 1936 1963 inconstans

357 1986 612 2041 doctrina
652 1989 1114 2057 blasphemiarum
1148 1996 1394 2048 omnium
1432 2010 1694 2050 acervum
1734 1998 1935 2068 imple-

359 2086 471 2134 tate
507 2094 610 2135 sua
663 2081 824 2151 longe
866 2083 1104 2138 excedit.
1155 2084 1254 2142 Ubi
1301 2101 1434 2142 vero
1487 2085 1933 2148 animadvertere

359 2185 464 2226 nos
500 2186 608 2226 non
642 2173 892 2241 ejusdem
925 2175 1148 2230 haeresis
1191 2191 1314 2234 esse
1335 2219 1349 2242 .
1385 2193 1566 2249 neque
1593 2181 1778 2250 pravis
1815 2182 1935 2252 opi-

359 2261 623 2316 nionibus
647 2277 838 2317 eorum
873 2267 1152 2328 assentiri,
1180 2267 1237 2321 in
1268 2269 1564 2323 concilium
1593 2286 1652 2326 se
1682 2279 1932 2328 nostrum

361 2351 751 2418 insinuarunt,
785 2354 1015 2423 perinde
1066 2365 1232 2418 atque
1283 2359 1434 2414 aliud
1486 2360 1786 2432 quidquam
1835 2365 1934 2419 deo

358 2444 588 2497 ereturi.
641 2444 913 2501 Perbreve
941 2455 1124 2501 autem
1161 2451 1478 2506 intercessit
1511 2461 1748 2522 tempus,
1785 2456 1934 2524 quod

235 2610 247 2616 '
357 2551 552 2590 eorum
601 2541 904 2594 sententias
951 2540 1006 2594 in
1068 2541 1249 2597 lucem
1305 2558 1614 2614 coarguens
1677 2549 1931 2617 protulit.

359 2632 559 2688 Verum
607 2637 890 2690 enimvero
933 2651 1001 2691 ne
1053 2653 1140 2692 res
1171 2638 1430 2695 Ecclesiae
1473 2655 1692 2711 semper
1736 2642 1932 2696 eodem

361 2724 693 2796 aﬂligeretur
721 2741 872 2791 casu,
909 2729 1181 2800 turbaque
1208 2739 1266 2785 et
1299 2732 1570 2788 tumultus
1605 2735 1934 2803 provolutus

362 2833 557 2872 omnes
587 2820 1103 2888 comprehenderet,
1141 2823 1484 2880 tutissimum
1524 2825 1702 2880 visum
1731 2839 1840 2891 est,
1873 2834 1934 2880 ut

361 2924 484 2978 qua:
522 2909 831 2978 antiquitus
871 2910 1093 2966 decreta
1123 2909 1282 2979 situt,
1317 2915 1529 2986 integra
1562 2928 1728 2979 atque
1759 2915 1937 2972 invio-

359 3003 472 3057 lata
499 3013 902 3058 servarentur:
937 3015 1102 3075 atque
1136 3007 1214 3061 illi
1250 3021 1388 3075 quos
1424 3007 1686 3075 diximus,
1721 3022 1750 3062 a
1782 3023 1933 3062 com-

361 3098 570 3152 mercio
636 3096 1141 3168 rommunioneque
1217 3107 1406 3154 nostra
1479 3110 1928 3171 segregarentur.

2040 613 2121 676 είς
2149 614 2278 678 τοὺς
2326 615 2452 680 σοὺς
2487 619 2718 687 χρόνους
2750 619 2853 688 τῆς
2886 608 3168 688 βασιλείας
3223 622 3515 689 μετέδωκε
3544 621 3646 676 διὰ

2040 705 2135 760 τοῦ
2161 710 2438 762 Δεσπότου
2464 710 2627 781 ἡμῶν
2672 711 2851 782 Ἰησοῦ
2885 711 3124 782 Χριστοῦ
3149 728 3164 743 ⁸
3198 712 3267 766 δι’
3296 713 3356 766 οὖ
3400 731 3492 767 σοι
3538 713 3647 768 καὶ

2039 796 2102 851 τδ
2130 797 2440 868 βασιλεύειν
2466 800 2738 871 ὑπῆρξεν,
2765 799 2841 864 ὡς
2863 801 2958 855 καὶ
2985 801 3086 870 τῆς
3107 800 3230 854 καθ’
3253 787 3647 872 ήμᾶςόἰκου-
3731 874 3737 878 Ἰ

2044 889 2213 960 μένης
2243 894 2492 962 κρατεῖν.
2527 893 2699 948 Πάλιν
2729 893 2862 962 γοῦν
2895 892 3123 946 ἐλεεινοὶ
3161 896 3256 948 καὶ
3283 896 3506 966 οίκτροὶ
3559 893 3647 964 τῷ

2043 983 2378 1054 φρονήματι,
2417 985 2663 1056 ἀθεμίτῳ
2686 984 3000 1056 τολμήματι
3035 987 3135 1056 τῆς
3164 987 3464 1051 δυσσεϐοῦς
3490 1004 3647 1056 φρο-

2040 1073 2268 1141 νήσεως,
2311 1075 2562 1146 κήρυκάς
2596 1093 2655 1129 τε
2678 1075 2906 1139 ἑαυτοὺς
2938 1077 3276 1146 ἀνήγγειλαν
3297 1120 3313 1140 ,
3359 1078 3457 1131 καὶ
3515 1079 3648 1130 ὲπιο

2039 1165 2320 1237 χειροῦσιν
2347 1167 2679 1236 ἀνατρέπειν
2719 1168 2828 1221 πᾶν
2857 1167 3116 1238 ἀληθείας
3169 1168 3489 1240 σύνταγμα.
3542 1169 3642 1232 Ὠς

2038 1257 2149 1326 γάρ
2175 1257 2319 1311 κατά
2352 1257 2412 1311 τδ
2451 1259 2543 1312 σὸν
2571 1261 2909 1329 πρόσταγμα
2957 1257 3019 1311 τδ
3051 1260 3332 1330 συνέδριον
3360 1262 3464 1330 τῆς
3497 1276 3643 1312 συν-

2037 1346 2158 1402 ὁδου
2195 1351 2598 1416 συνεκροτεῖτο,
2631 1351 2872 1403 κάκεῖνοι
2908 1350 3008 1419 τῆς
3059 1349 3192 1412 ιδίας
3225 1350 3449 1420 ἀπάτης
3497 1351 3642 1418 ἐγύ-

2041 1456 2208 1509 μνουν
2245 1438 2346 1510 τὴν
2375 1441 2592 1509 σκέψιν.
2647 1441 2984 1512 Ἐπειρῶντο
3015 1442 3125 1513 γὰρ
3168 1442 3492 1513 πανουργίᾳ
3523 1443 3644 1494 τινὶ
3670 1453 3674 1455 ’

2037 1534 2134 1588 καὶ
2161 1532 2376 1606 ταραχῇ
2404 1536 2810 1606 προσφέροντες
2835 1553 2890 1590 τι
2913 1540 3281 1607 καινοτομεῖν,
3305 1541 3406 1608 τῆς
3440 1535 3646 1589 rotati-

2035 1643 2136 1697 της
2159 1627 2408 1698 ἑταιρίας
2423 1629 2555 1692 τοὺς
2584 1628 3089 1699 συναλισκομένους
3113 1629 3393 1700 εὑρόντες,
3416 1630 3644 1698 Γερμί-

2035 1737 2172 1785 νιον,
2223 1719 2512 1784 Αὐξέντιον
2568 1720 2666 1774 καὶ
2713 1721 2896 1785 Γάϊον,
2923 1720 3050 1784 τοὺς
3076 1723 3175 1793 τὴν
3203 1721 3321 1793 ιριν
3353 1723 3448 1776 καὶ
3479 1722 3643 1794 διχο-

2039 1810 2266 1865 στασίαν
2295 1808 2699 1878 ἀμωιοῦντας·
2730 1803 2806 1863 ὧν
2827 1812 2861 1878 ή
2900 1809 3229 1864 διδασκαλία
3262 1811 3338 1880 μὴ
3377 1813 3642 1881 μένουσα

2037 1905 2146 1958 πᾶν
2189 1902 2394 1972 πλῆθος
2420 1902 2783 1972 βλασφημιῶν
2813 1902 3186 1974 ὑπερϐέϐηκε.
3230 1904 3322 1966 Ὠς
3349 1904 3407 1957 δὲ
3443 1907 3642 1958 συνεί-

2035 1993 2124 2048 δον
2158 1993 2283 2063 οὐχὶ
2309 1993 2410 2063 τῆς
2446 1993 2618 2060 αὐτῆς
2651 1992 2922 2060 αἱρέσεως
2961 1991 3147 2056 ὄντας,
3200 1991 3317 2044 οὗθ’
3371 1996 3639 2061 ὁμογνω-

2041 2083 2338 2155 μονοῦντας
2373 2083 2460 2152 ἂρ’
2496 2077 2577 2146 οἷς
2617 2082 2806 2145 κακῶς
2849 2082 3142 2154 ἐφρόνουν,
3174 2082 3255 2147 είς
3285 2085 3348 2136 τὸ
3376 2086 3641 2154 συμϐού-

2035 2177 2148 2232 λιον
2175 2176 2334 2247 ήμῶν
2376 2177 2693 2247 μετήγαγον
2715 2177 2968 2244 ἑαυτοὺς,
3015 2176 3091 2240 ὡς
3121 2177 3303 2232 δοκεῖν
3335 2178 3421 2231 ἔτι
3435 2183 3538 2250 ρόν
3579 2163 3637 2234 τι

2034 2270 2292 2339 γράφειν.
2328 2264 2438 2322 Ἦν
2465 2269 2525 2322 δὲ
2555 2271 2583 2322 ὁ
2605 2268 2800 2339 καιρὸς
2825 2269 3034 2339 βραχὺς
3063 2271 3092 2322 ό
3125 2271 3223 2322 καὶ
3263 2269 3366 2333 τὰς
3390 2271 3637 2340 γνώμας

2034 2359 2218 2412 αὐτῶν
2266 2357 2589 2429 ἐξελέγχων.
2650 2356 2749 2410 Ἵν⁸
2795 2357 2888 2412 οὖν
2924 2357 3000 2428 μὴ
3050 2361 3163 2422 τοῖς
3193 2360 3380 2422 αὐτοῖς
3408 2360 3488 2412 τὰ
3525 2361 3635 2431 τῆς

2047 2452 2378 2522 Ἐκκλησίας
2433 2451 2770 2522 περιπίπτῃ,
2836 2451 2932 2504 καὶ
2986 2452 3202 2523 ταραχὴ
3255 2453 3354 2505 καὶ
3386 2453 3635 2522 Θόρυϐος

2035 2543 2461 2614 καλινδούμενος
2511 2544 2765 2606 ἅπαντας
2819 2543 3043 2613 συνέχῃ,
3096 2543 3312 2613 βέϐαιον
3341 2546 3527 2613 ἐφάνη
3561 2544 3633 2597 τὰ

2036 2638 2207 2690 πάλαι
2244 2636 2529 2708 ὡρισμένα
2562 2637 2659 2690 καὶ
2692 2637 3083 2706 ἀμετακίνητα
3117 2636 3414 2706 φυλάττειν
3440 2653 3454 2667 ·
3495 2640 3633 2700 τοὺς

2033 2729 2090 2782 δὲ
2123 2727 2562 2799 προειρημένους
2587 2728 2686 2797 τῆς
2716 2727 2996 2799 ἡμετέρας
3016 2728 3298 2790 κοινωνίας
3325 2729 3631 2797 ἀποκεχω-

2038 2820 2244 2887 ρίσθαι.
2275 2820 2354 2872 Δι’
2389 2821 2455 2889 ἣν
2494 2817 2674 2873 αἰτίαν
2708 2819 2838 2881 τοὺς
2883 2819 3309 2884 ἀναδιδάξοντας
3350 2818 3631 2887 πρέσϐεις

2035 2917 2177 2984 πρὸς
2203 2913 2302 2985 τὴν
2330 2913 2428 2982 σὴν
2450 2914 2752 2967 ἐπιείκειαν
2783 2911 3234 2981 ἀπεστάλκαμεν,
3263 2913 3364 2982 τὴν
3383 2913 3630 2983 γνώμην

2033 3005 2128 3058 τοῦ
2165 3005 2446 3076 συνεδρίου
2472 3006 2564 3059 διὰ
2594 3006 2696 3075 τῆς
2726 3005 3022 3074 ἐπιστολῆς
3084 3009 3457 3075 μηνύσοντας.
3497 3007 3631 3070 Τοῖς

2033 3095 2091 3148 δὲ
2123 3094 2412 3166 πρέσϐεσι,
2438 3095 2547 3162 πρό
2569 3111 2632 3163 γε
2666 3095 2890 3148 πάντων
2915 3095 3080 3148 τοῦτο
3125 3095 3632 3164 παρεκελευσάμε-

362 3188 535 3256 Quam
568 3191 640 3245 ob
669 3205 891 3245 causam
929 3200 1185 3246 oratores
1215 3200 1436 3247 nostros
1464 3193 1531 3247 ad
1581 3195 1930 3250 clementiam

2037 3187 2130 3255 θα,
2159 3189 2220 3240 τὸ
2255 3187 2356 3258 τὴν
2403 3188 2667 3259 ἀλήθειαν
2714 3188 3098 3240 πιστώσασθαι
3158 3188 3224 3239 ἐκ
3274 3188 3387 3241 τῶν
3445 3189 3631 3242 πάλαι

361 3292 512 3337 tuam
555 3283 843 3349 misimus,
889 3284 981 3353 qui
1016 3283 1194 3338 eidem
1232 3284 1459 3338 concilii
1492 3285 1673 3340 nostri
1709 3293 1934 3341 senten-

361 3374 494 3429 tiam
533 3389 635 3444 per
681 3375 950 3443 scriptum
1000 3388 1217 3444 quoque
1251 3375 1498 3431 indicent
1545 3385 1710 3446 atque
1743 3378 1932 3433 deela-

361 3477 504 3522 rent.
541 3467 754 3532 Quibus
785 3467 920 3522 illud
957 3483 1175 3538 quoque
1211 3469 1488 3539 praecipue
1525 3471 1929 3538 mandavimus,

360 3571 424 3616 ut
478 3577 546 3616 ex
603 3561 845 3630 antiquis
900 3561 1272 3631 legitimisque
1335 3561 1620 3642 decretis,
1678 3564 1932 3619 veritatis

362 3653 525 3709 ﬁdem
581 3653 826 3718 faciant,
878 3667 1110 3723 eamque
1163 3653 1512 3710 conﬁrment.
1565 3657 1932 3712 Declarabunt

362 3747 444 3801 illi
487 3747 653 3800 etiam
701 3743 982 3800 sanctitati
1028 3752 1163 3809 tuae,
1196 3745 1422 3800 minime
1454 3744 1696 3801 futuram
1720 3788 1735 3814 ,
1768 3749 1930 3804 sicuti

343 3837 626 3894 'Ursaeius
655 3847 710 3890 et
746 3836 946 3891 Valens
974 3835 1186 3904 dixere,
1226 3841 1437 3906 paeem,
1475 3839 1519 3894 si
1550 3839 1680 3908 quid
1712 3839 1768 3894 in
1800 3839 1934 3910 legi-

363 3929 514 3984 timis
535 3927 1020 3982 constitutsonibus
1048 3927 1396 3983 immutatum
1428 3929 1618 3984 fuerit.
1643 3930 1932 3997 Quomodo

361 4032 602 4086 namque
635 4033 820 4086 pacem
857 4027 1101 4084 servent,
1141 4019 1233 4090 qui
1268 4013 1454 4089 pa'cem
1492 4021 1662 4091 ipsam
1696 4022 1933 4078 tollunt!

361 4109 502 4176 Quin
534 4111 816 4165 contentio
847 4111 1029 4179 potius
1055 4119 1109 4166 et
1138 4112 1294 4168 turba
1325 4128 1423 4182 per
1448 4123 1632 4183 empta
1655 4114 1930 4185 ejusmodi

362 4218 488 4258 cum
541 4203 704 4269 alibi,
759 4213 874 4258 tum
925 4203 980 4258 in
1033 4205 1280 4260 Romana
1332 4204 1573 4261 Ecclesia
1620 4207 1928 4264 exorietur.

362 4295 550 4366 Itaque
578 4297 883 4351 clementia:
903 4313 1008 4351 iure
1029 4296 1424 4367 supplicamus,
1455 4307 1516 4351 ut
1542 4313 1742 4355 sereno
1772 4299 1930 4354 vultu

362 4389 661 4458 respicias.
703 4388 1070 4460 benignisque
1123 4389 1355 4446 auribus
1404 4399 1657 4446 oratores
1710 4400 1932 4448 nostros

363 4484 590 4547 audias,
642 4499 820 4552 neque
867 4498 990 4538 cum
1038 4483 1426 4541 defunctorum
1475 4485 1675 4557 injuria
1727 4501 1932 4542 novare

2033 3279 2282 3348 ἀρχαίων
2303 3279 2530 3343 δικαίως
2551 3279 2879 3348 ὡρισμένων
2902 3294 2920 3314 ο
2970 3277 3020 3332 oi
3051 3278 3148 3332 καὶ
3173 3278 3272 3349 τὴν
3296 3279 3399 3348 σὴν
3429 3279 3628 3333 ἀναδι-

2031 3371 2290 3436 δάξουσιν
2317 3372 2604 3441 ὁσιότητα,
2625 3373 2706 3426 ὅτι
2729 3372 2828 3442 οὐχ
2851 3371 3045 3442 ὥσπερ
3071 3370 3285 3441 ἔφησαν
3307 3371 3629 3441 Οὑρσάκιος

2003 3468 2128 3531 ,καὶ
2158 3466 2394 3537 Οὐάλης,
2447 3466 2602 3522 ἔσται
2642 3467 2862 3536 εἰρήνη,
2909 3467 3070 3536 εἴπερ
3118 3485 3173 3520 τι
3228 3466 3342 3521 τῶν
3383 3466 3629 3520 δικαίων

2031 3562 2400 3632 ἀνατραπείη.
2454 3561 2580 3624 Πῶς
2635 3563 2745 3629 γὰρ
2773 3561 3002 3628 εἰρήνην
3033 3554 3149 3613 οἷόν
3174 3575 3232 3612 τε
3263 3559 3424 3627 ἄγειν
3486 3560 3624 3624 τοὺς

2029 3654 2132 3723 τὴν
2153 3654 2380 3724 εἰρήνην
2409 3653 2817 3717 καταλύοντας;
2860 3653 3064 3721 μᾶλλον
3087 3651 3200 3722 γὰρ
3233 3651 3350 3722 ἔρις
3380 3653 3485 3705 καὶ
3525 3668 3628 3705 ταο

2035 3747 2179 3818 ραχή
2204 3751 2267 3800 ὲκ
2289 3746 2497 3800 τούτων
2519 3747 2616 3800 σὺν
2636 3748 2758 3806 ταῖς
2779 3745 2997 3808 λοιπαῖς
3025 3748 3226 3798 πόλεσι
3246 3746 3344 3798 καὶ
3369 3748 3436 3816 τῇ
3478 3745 3626 3801 Ῥω·-

2036 3840 2213 3911 μαίων
2237 3837 2880 3914 Ἐκκλησία-γενήσεται.
2939 3836 3033 3888 Διὸ
3067 3835 3130 3905 δὴ
3156 3835 3485 3904 ἱκετεύομεν
3523 3837 3626 3909 τὴν

2034 3932 2134 4001 σὴν
2155 3931 2482 3994 ἐπιείκειαν,
2508 3929 2594 3980 ἵνα
2614 3928 2946 3999 προσηνέσιν
2970 3929 3163 3991 ἀκοαῖς
3189 3930 3285 3982 καὶ
3305 3929 3624 4000 γαληνιαίῳ

2035 4024 2309 4094 βλέμματι
2339 4021 2468 4085 τοὺς
2495 4021 2804 4092 ἡμετέρους
2837 4019 3099 4091 πρέσϐεις
3124 4021 3453 4092 ἀθρήσειας,
3478 4022 3624 4091 μηδὲ

2033 4117 2173 4182 πρὸς
2205 4113 2366 4186 ὓϐριν
2417 4113 2528 4167 τῶν
2567 4113 3045 4182 τετελευτηκότων
3085 4114 3276 4166 καινόν
3314 4131 3367 4166 τι
3412 4115 3625 4183 μεταλ-

2030 4206 2248 4262 λάττειν
2301 4204 2692 4275 ἐπιτρέψειαςο
2753 4205 2892 4260 ἀλλὰ
2941 4204 3112 4276 ἐάσῃς
3153 4205 3413 4274 ὲμμένειν
3466 4207 3624 4276 ἡμᾶς

2031 4302 2145 4362 τοῖς
2184 4299 2336 4368 παρά
2363 4298 2474 4352 τῶν
2500 4298 2784 4370 προγόνων
2815 4296 3086 4369 ὁρισθεῖσί
3107 4315 3165 4350 τε
3200 4298 3295 4352 καὶ
3321 4301 3623 4368 νενομοθε-

2031 4392 2315 4461 τημένοις,
2355 4389 2450 4451 οὓς
2473 4391 2690 4445 ἅπαντα
2725 4390 2864 4460 μετὰ
2887 4390 3171 4460 ἀγχινοίας
3200 4407 3260 4443 τε
3285 4391 3382 4444 καὶ
3401 4395 3620 4462 φρονή-

2035 4498 2176 4544 σεως
2210 4481 2304 4533 καὶ
2340 4481 2660 4546 [Ινεύματος
2697 4481 2854 4548 ἀγίου
2913 4481 3280 4550 πεποιηκέναι
3331 4483 3620 4553 φήσαιμεν

363 4575 664 4647 quidquam
691 4585 747 4631 et
776 4584 984 4630 mutare
1018 4578 1305 4646 permittas
1330 4619 1345 4645 ,
1377 4580 1480 4633 sed
1497 4595 1598 4635 nos
1626 4580 1681 4635 in
1711 4581 1778 4636 iis
1807 4595 1930 4650 qua:

2035 4575 2119 4630 ἄν.
2151 4573 2233 4626 Τά
2261 4573 2370 4643 γὰρ
2400 4571 2496 4626 νῦν
2526 4571 2658 4643 παρ’
2710 4571 2937 4625 ἐκείνων
2989 4573 3474 4642 καινοτομούμενα
3498 4575 3619 4636 τοῖς

363 4683 392 4723 a
425 4669 727 4739 majoribus
753 4669 956 4723 nostris
985 4668 1214 4725 deﬁnita
1247 4671 1601 4742 legitimeque
1634 4675 1932 4729 constituta

365 4772 514 4828 sunt,
558 4762 952 4832 conquiescere
995 4763 1184 4818 sinas:
1234 4779 1373 4834 quos
1409 4764 1658 4835 profecto
1699 4767 1936 4822 solerter

365 4862 419 4907 et
447 4852 744 4924 prudenter
790 4855 974 4910 omnia
1011 4853 1253 4924 Spiritus
1293 4857 1470 4909 sancti
1517 4855 1701 4911 alllatu
1754 4858 1932 4928 egisse

365 4944 683 5000 dixerimus.
713 4945 844 5012 Quae
875 4963 1003 5002 vero
1037 4961 1188 5001 nunc
1213 4947 1281 5002 ab
1311 4947 1433 5002 istis
1467 4959 1766 5011 novantur.
1803 4950 1934 5004 tide-

365 5036 509 5090 li'hus
565 5038 784 5106 quidem
841 5037 1324 5105 incredulitatem,
1381 5039 1697 5095 inﬁdelibus
1747 5052 1931 5096 autem

367 5130 702 5186 ferocitatem
755 5132 1012 5185 afferunt.
1074 5130 1462 5200 Supplicamus
1515 5143 1820 5202 praeterea,
1876 5143 1936 5189 ut

367 5221 658 5292 episcopos
694 5223 785 5291 qui
832 5221 888 5274 in
920 5219 1239 5290 longinquis
1277 5221 1586 5292 alienisque
1616 5223 1935 5294 regionibus

367 5316 572 5384 degunt
593 5355 608 5380 ,
639 5324 694 5368 et
725 5313 807 5367 vel
837 5310 1016 5366 aetatis
1045 5313 1355 5383 grandioris
1401 5314 1775 5370 imbecillitate
1799 5354 1814 5379 ,
1847 5315 1934 5370 vel

370 5406 711 5475 paupertatis
748 5403 1018 5472 gravioris
1066 5404 1386 5462 dicnltate
1425 5417 1775 5476 premuntur,
1807 5421 1932 5461 cum

369 5497 510 5550 bona
543 5495 702 5549 venia
737 5495 918 5550 redire
935 5497 1002 5550 ad
1023 5511 1153 5552 suos
1175 5495 1390 5569 iubeas,
1421 5514 1488 5552 ne
1515 5499 1784 5564 ecclesiae,
1808 5499 1925 5568 epio

369 5589 550 5658 scopis
573 5601 766 5641 earum
796 5588 866 5642 ab
896 5587 980 5644 eis
1009 5588 1320 5661 disjuuctis,
1348 5591 1560 5647 diutius
1595 5593 1651 5646 in
1680 5591 1772 5646 tali
1803 5591 1936 5646 soli-

372 5679 564 5733 tudine
595 5691 976 5749 permaneant.
1013 5681 1180 5753 778
1215 5681 1419 5738 Adhmc
1459 5685 1687 5753 insuper
1722 5682 1929 5749 omnia,

376 5769 509 5824 illud
557 5786 778 5841 quoque
826 5781 878 5828 te
926 5788 1182 5841 oramus,
1235 5783 1296 5829 ut
1349 5789 1415 5831 ne
1460 5775 1592 5846 quid
1639 5773 1936 5836 adimatur,

381 5880 517 5920 neve
552 5865 786 5921 addatur
824 5867 890 5923 ad
938 5883 1000 5924 ea
1049 5883 1167 5937 qua:
1208 5868 1360 5939 prius
1406 5868 1730 5934 exstabant,
1777 5867 1936 5936 quid-

2037 4667 2137 4736 μὲν
2162 4665 2517 4719 πιστεύουσιν
2550 4665 2815 4718 ἀπιστίαν
2835 4665 3036 4731 ἐποίει,
3061 4667 3177 4726 τοῖς
3207 4666 3263 4719 δὲ
3279 4666 3618 4720 ἀπιστοῦσιν

2033 4758 2319 4828 ὠμότητα.
2383 4755 2726 4826 ἰκετεύομεν
2780 4757 2837 4808 δὲ
2889 4756 2995 4820 ἔτι,
3039 4756 3128 4810 ῖνα
3185 4757 3451 4828 κελεύσῃς
3484 4760 3619 4820 τοὺς

2035 4851 2372 4913 ἐπισκόπους
2417 4849 2544 4912 τοὺς
2575 4849 2635 4900 ὲν
2673 4847 3010 4910 ἀλλοδαπαῖς
3041 4847 3452 4918 διατρίϐοντας,
3517 4849 3618 4912 οὓς

2034 4945 2131 4997 καὶ
2161 4943 2223 4996 τὸ
2245 4942 2345 5009 τῆς
2376 4940 2592 5011 ἡλικίας
2618 4941 2903 5014 ἑπίπονσν,
2950 4940 3049 4994 καὶ
3075 4941 3135 4993 τὸ
3160 4940 3262 5010 τῆς
3296 4942 3495 5006 πενίας
3527 4946 3616 4994 ὲν-

2034 5038 2151 5102 δεὲς
2200 5035 2415 5107 τρύχει,
2471 5037 2572 5106 τήν
2606 5038 2686 5097 εἰς
2731 5037 2801 5089 τὰ
2828 5037 3010 5089 οἰκεῖα
3046 5035 3382 5107 ἀνακομιδὴν
3416 5037 3613 5108 ῥᾳδίαν

2036 5132 2394 5197 ποιήσασθαι,
2434 5128 2521 5180 ἵνα
2556 5126 2631 5197 μὴ
2665 5125 2864 5197 ἔρημοι
2893 5127 3005 5180 τῶν
3034 5128 3354 5182 ἐπισκόπων
3396 5129 3616 5198 ἀφωρι-

2038 5222 2252 5292 σμένων
2274 5223 2330 5275 αἱ
2349 5220 2638 5287 ἐκκλησίαι
2667 5219 3022 5287 διαμένωσιν.
3049 5218 3172 5273 Ἔτι
3195 5221 3254 5274 δὲ
3273 5219 3414 5288 πρὸς
3433 5221 3612 5274 ἃπασι

2036 5310 2130 5362 καὶ
2159 5307 2318 5362 τοῦτο
2343 5307 2598 5376 δεόμεθα,
2635 5305 2724 5358 ἵνα
2781 5305 2948 5375 μηδὲν
2978 5305 3205 5378 ἐλλείπῃ
3231 5323 3284 5359 τι
3319 5306 3432 5359 τῶν
3467 5323 3610 5376 προ-

2038 5399 2422 5472 ϋπαρξάντων,
2465 5398 2605 5467 μήτε
2638 5398 2934 5469 πλεονάζῃ,
2968 5397 3107 5449 ἀλλὰ
3139 5398 3322 5451 πάντα
3351 5397 3609 5468 ἀρῤηκτα

2037 5491 2292 5562 διαμένῃ,
2323 5492 2386 5542 ἐκ
2419 5489 2518 5556 τῆς
2571 5487 2668 5540 τοῦ
2698 5487 2790 5540 σοῦ
2819 5490 3028 5559 πατρὸς
3057 5487 3347 5551 εὐσεϐείας
3390 5489 3491 5567 διαὶ
3530 5491 3610 5551 είς

2037 5584 2131 5636 τὸν
2168 5581 2264 5635 νῦν
2297 5581 2488 5651 χρόνον
2519 5579 2996 5647 διαφυλαττόμενα
3015 5596 3030 5612 ·
3061 5581 3202 5650 μήτε
3242 5579 3432 5634 λοιπὸν
3459 5583 3609 5651 ἡμᾶς

2045 5673 2266 5745 μοχθεῖν
2285 5688 2298 5702 '
2333 5673 2428 5727 καὶ
2478 5670 2587 5724 τῶν
2617 5669 2840 5722 οἰκείων
2868 5672 3256 5741 παροικήσεων
3285 5669 3609 5740 ἀλλοτρίους
3648 5674 3653 5678 ’

2041 5767 2396 5839 ἐπιτρέψειας
2421 5762 2680 5833 γενέσθαι
2707 5778 2720 5792 ⁸
2747 5760 2863 5816 ἀλλ’
2895 5763 2982 5816 ἵνα
3010 5767 3058 5817 οἱ
3086 5765 3375 5816 ἐπίσκοποι
3410 5763 3510 5816 νῦν
3529 5764 3606 5831 τῷ

2042 5863 2152 5932 ἰδίῳ
2186 5859 2300 5930 λαῷ
2338 5858 2453 5928 μετ’
2491 5854 2714 5925 εἰρήνης
2740 5857 2820 5920 εἰς
2860 5856 3096 5928 εὐωχίας
3122 5873 3179 5910 τι
3212 5855 3307 5920 καὶ
3335 5854 3598 5924 λατρείας
