3870 6538
208 362 289 426 385
1123 355 1727 419 ECCLESIASTICIE
1759 356 2152 417 HISTORLE
2194 359 2339 421 LIB.
2377 361 2484 424 IX.

3290 362 3397 427 386

207 480 364 550 σχολὴν
392 479 596 547 ἄγοιεν,
635 478 976 541 ἱκετεύοντες
1009 477 1150 548 ὑπὲρ
1180 477 1280 545 τῆς
1321 473 1420 544 σῆς
1449 472 1725 540 σωτηρίας

1831 486 1993 540 quam
2023 509 2039 534 .
2087 472 2182 526 sed
2235 483 2294 527 ιιι
2324 475 2508 528 omnia
2557 475 2760 530 intacta
2811 477 3131 548 integraque
3177 494 3396 549 perma-

204 575 278 628 καὶ
303 571 565 642 βασιλείας
613 571 709 624 καὶ
744 571 991 641 εἰρήνης,
1032 569 1100 639 ἢν
1145 570 1178 637 ἡ
1212 566 1403 635 θενῖτης
1437 581 1520 616 σοι
1545 564 1625 622 είς
1663 561 1724 614 τὸ

203 664 402 734 διηνεκὲς
426 665 724 732 χαριεῖται.
757 663 818 716 0i
844 661 900 714 δὲ
939 661 1201 731 ἡμέτεροι
1233 656 1497 728 πρέσϐεις
1535 656 1632 716 τάς
1662 671 1724 707 τε

203 756 513 828 ὑπογμφὰς,
552 755 650 809 xui.
679 755 775 815 τὰς
829 752 940 805 τῶν
974 752 1295 804 ἐπισκόπων
1346 744 1722 818 προσηγορίας

203 849 506 918 κομίζουσιν·
536 846 738 908 οἵτινες
773 846 866 898 καὶ
904 844 967 909 ἐξ
997 843 1180 898 αὐτῶν
1203 840 1312 894 τῶν
1344 839 1506 892 θείων
1533 838 1723 907 Γραμο

205 944 350 1011 μάτων
369 940 462 1009 τὴν
493 937 594 1010 σὴν
624 936 1004 1002 ἀναδιδάξουσι
1028 934 1281 1005 θεότητα.
1312 950 1330 984 ι
1356 929 1599 983 Τοιαῦτα
1625 928 1724 998 μὲν

202 1035 241 1086 oi
265 1036 312 1085 ὲν
339 1032 600 1101 Ἀριμίνῳ
630 1029 847 1100 βασιλεῖ
876 1028 1136 1099 ἔγραφον.

1835 571 2023 625 neant.
2069 563 2231 618 sicuti
2283 580 2312 618 a
2358 567 2528 635 patris
2569 568 2646 621 tui
2697 569 2896 635 pietate
2943 572 3008 623 d
3067 571 3173 625 hoc
3220 586 3396 642 usque

1842 660 2057 721 tempus
2087 667 2216 710 sunt
2247 667 2596 724 conservata,
2645 675 2708 713 ac
2757 677 2824 716 ne
2863 662 3124 732 deinceps
3173 678 3276 718 nos
3306 665 3398 719 iti-

1836 745 1985 796 neris
2012 744 2202 800 labore
2231 746 2418 816 allligi,
2450 757 2612 818 atque
2640 752 2849 806 alienos
2877 752 3148 823 longeque
3175 755 3399 810 dissitas

1829 851 1861 890 a
1887 839 2144 906 paruaciis
2175 844 2377 896 nostris
2405 858 2526 899 esse
2554 847 2865 914 permittas,
2927 848 3021 902 sed
3054 857 3114 901 ut
3145 849 3396 918 episcopi

1830 928 2013 997 potius
2051 944 2175 984 cum
2227 934 2429 1003 pepulo
2475 952 2578 990 suo
2630 939 2681 991 in
2729 954 2863 1008 pace
2910 941 3082 994 sacris
3129 942 3310 1009 epulis
3343 955 3399 995 et

1835 1018 2008 1073 rebus
2068 1021 2268 1077 divinis
2320 1042 2512 1083 vacare
2570 1029 2822 1097 posnint,
2887 1045 2987 1100 pro
3048 1041 3140 1086 tua
3197 1033 3395 1094 salute,

207 1127 399 1198 imperio
441 1135 499 1196 et
583 1141 716 1195 pace
763 1136 1006 1187 orantes,
1055 1137 1220 1192 quam
1305 1118 1405 1174 tibi
1455 1125 1777 1188 perpetuam
1847 1115 2095 1170 divinum
2158 1135 2362 1175 numen
2424 1123 2609 1194 largiri
2678 1127 2956 1196 dignetur.
3019 1127 3202 1197 Legati
3269 1144 3400 1184 vero

201 1220 338 1274 nostri
375 1227 427 1273 et
491 1219 935 1288 subscripti-nes
980 1226 1036 1271 et
1085 1214 1309 1269 nomina
1360 1210 1741 1280 episcoporum
1800 1221 1985 1262 secum
2034 1210 2257 1268 lerunt:
2305 1215 2396 1282 qui
2439 1217 2660 1284 quidem
2705 1220 2869 1273 etiam
2915 1236 2980 1275 ex
3030 1222 3166 1291 ipsis
3227 1226 3400 1277 sacris

201 1315 385 1370 Litteris
451 1315 520 1368 de
579 1313 854 1369 sententia
913 1321 1100 1366 nostra
1160 1310 1454 1370 certiorem
1500 1305 1717 1393 .l‘acient
1755 1310 1905 1358 tuam
1971 1305 2252 1374 pietatem.
2289 1311 2460 1367 illaec
2501 1314 2744 1386 episcopi
2785 1316 3014 1372 Arimini
3089 1321 3400 1390 congregati

201 1410 252 1464 ad
279 1411 643 1479 imperatorem
672 1407 970 1492 scripsere.

627 1538 630 1539 ⁷
714 1564 969 1618 imam.
1019 1560 1156 1616 MA'.

199 1677 307 1745 Περί
325 1677 428 1754 τῆς
442 1677 595 1754 πρὸς
612 1677 877 1754 ,βασιλέα
897 1675 1185 1754 ᾷιαεεορᾶς
1200 1674 1319 1754 τῷν
1344 1671 1721 1754 ἑνςΑριμήηῳ

250 1743 650 1802 {revelari-9'er
699 1743 1086 1801 ἐπισκόπωνι
1152 1746 1249 1799 καί
1298 1744 1433 1812 περὶ
1498 1743 1606 1808 τῆς
1651 1743 1722 1795 ἐν

2403 1556 2627 1615 CAPUT
2667 1561 2804 1619 XLI.

1828 1665 1906 1720 De
1945 1667 2318 1752 epimeporunr
2340 1672 2571 1727 Arimini
2597 1687 3038 1752 congregatarum
3080 1683 3394 1752 cumiimpe

1901 1747 2085 1816 ναῖοι-ε
2097 1739 2415 1816 dissensione
2446 1758 2466 1796 :
2497 1754 2546 1796 et
2571 1747 2633 1797 de
2663 1739 2860 1814 εῄηοξίο
2898 1748 3016 1804 dolo
3045 1751 3184 1804 malo
3202 1739 3395 1816 Νἱνέαι,

250 1819 379 1884 Νίκῃ
405 1818 519 1897 τῆς
547 1816 784 1884 Θρᾴκης
811 1815 1215 1888 γεγενημένης
1236 1808 1506 1870 συνὸὃυυ
1538 1813 1722 1877 δολᾶρ

1898 1824 2013 1876 qua:
2043 1808 2282 1864 Thracia:
2310 1814 2490 1866 civitas
2517 1825 2614 1880 est,
2645 1808 2848 1872 coacta.

251 1902 458 1953 σκοπῳ.

258 1999 308 2051 Οί
332 2000 382 2053 δὲ
416 2001 540 2070 περὶ
569 2000 848 2054 Οὐάλεντα
883 2003 976 2054 καὶ
1021 1999 1332 2069 Ούρσάκιον
1361 1995 1728 2069 προλαϐόντες

197 2094 295 2156 rei»;
326 2094 600 2162 πρέσϐεις,
657 2094 876 2148 ἅπαντα
923 2095 1220 2162 κατέλεγον
1254 2092 1504 2165 βασιλεῖ’
1534 2092 1634 2156 τήν
1668 2107 1726 2141 τε

197 2187 374 2257 γραφὴν
404 2188 847 2256 ἐπιδεικνύμενοι
873 2190 938 2258 ἣν
965 2188 1227 2257 ἀνέγνων,
1262 2190 1353 2242 καὶ
1382 2185 1480 2258 τὴν
1512 2184 1728 2238 σύνοδον

196 2278 429 2346 διέϐαλον,
463 2280 534 2345 ὡς
569 2281 647 2353 μὴ
673 2279 980 2350 δεξαμένην
1012 2281 1111 2352 τὴν
1153 2281 1372 2335 ἔκθεσιν
1392 2297 1406 2312 ’
1437 2278 1524 2348 ἐφ’
1547 2273 1614 2350 ἦς
1643 2294 1729 2342 γι·

198 2374 393 2443 νομένης
429 2375 520 2428 καὶ
551 2375 716 2438 αὐτὸς
748 2373 1120 2444 συνεδριάζων
1178 2372 1362 2444 παρῆν
1385 2388 1402 2405 θ
1453 2371 1548 2424 καὶ
1574 2369 1730 2440 χαλε-

200 2467 369 2519 παίνων
395 2471 462 2538 τῇ
485 2467 693 2537 συνόδῳ
717 2466 1076 2537 ὑπερετίθετο
1103 2467 1227 2529 τοὺς
1247 2465 1507 2536 πρέσϐεις
1527 2479 1730 2529 μετεω-

200 2556 352 2624 ρίζων,
382 2557 734 2627 ταλαιπωρου
746 2555 940 2625 μένους
963 2558 1027 2626 τῇ
1055 2554 1387 2627 προσεδρείᾳ
1407 2594 1422 2618 ,
1453 2552 1541 2604 διὰ
1560 2551 1729 2621 τιμῆς

199 2648 243 2700 δὲ
263 2648 393 2715 ἄγων
433 2649 518 2712 οὓς
554 2651 755 2702 ἐκεῖνοι
787 2650 1059 2702 καθεῖλον.
1098 2648 1265 2707 Μόλις
1284 2646 1326 2699 δ’
1348 2643 1552 2714 ἔγραψε
1588 2659 1728 2712 παρ-

197 2741 499 2810 αιτούμενος,
541 2741 616 2802 ὡς
659 2741 728 2794 δι’
756 2741 1006 2812 ἀνάγκης
1029 2741 1123 2804 ὢν,
1145 2742 1239 2794 ἐπὶ
1255 2737 1534 2808 πολεμίοις
1566 2735 1724 2798 ξέναι,

195 2835 296 2895 τοῦς
320 2834 575 2904 πρέσϐεις
636 2834 766 2887 ίδεῖν
814 2834 1056 2905 εὐχερῶς
1109 2834 1208 2886 οὐκ
1239 2831 1396 2900 ἔσχεν
1417 2847 1433 2863 ο
1483 2832 1539 2883 ἐν
1569 2827 1626 2881 δὲ
1657 2829 1722 2896 τῇ

205 2923 452 2994 Ἀδριανοῦ
477 2927 790 2988 ἐπανιόντα.
828 2927 1158 2997 προσδοκᾷν,
1200 2924 1266 2978 ἵν’
1299 2923 1401 2990 ἔξω
1430 2923 1540 2975 τῶν
1569 2921 1728 2991 θορύ-

198 3016 284 3069 ϐων
310 3018 614 3086 γενόμενος,
650 3018 721 3070 τά
743 3035 802 3070 τε
827 3019 926 3084 τῆς
949 3017 1246 3086 πρεσϐείας
1278 3015 1520 3078 ἀκούσοι,
1553 3014 1726 3069 καὶτὸ

197 3109 341 3180 χρεὼν
367 3108 814 3180 καταπράξηται.
861 3109 1179 3180 Προσετίθει
1211 3109 1343 3178 γάρ,
1378 3109 1450 3169 ὡς
1479 3106 1568 3159 τὸν
1594 3106 1726 3176 περὶ

1901 1987 2008 2044 Sed
2044 1989 2244 2047 Valens
2273 2003 2326 2048 et
2357 1994 2615 2053 Ursacius
2657 1998 2864 2070 legatos
2894 2013 3303 2072 praevenerunt,
3339 2015 3396 2059 cl.

1831 2083 2148 2153 imperatori
2177 2102 2289 2141 rem
2317 2103 2538 2144 omnem
2565 2091 2836 2147 arbitratu
2864 2109 2965 2150 suo
2989 2109 3359 2164 exposuerunt
3378 2139 3394 2160 ,

1829 2175 2149 2244 scriptoque
2179 2177 2322 2245 quod
2369 2179 2618 2250 legerant
2649 2193 2902 2246 ostenso,
2947 2185 3216 2256 synodum
3250 2189 3396 2256 apud

1826 2279 1953 2318 eum
2004 2267 2345 2323 calumniose
2387 2271 2792 2338 prosciderunt,
2838 2285 2895 2329 ut
2935 2292 3058 2345 quae
3101 2278 3395 2333 formulam

1831 2372 1937 2410 non
1988 2363 2302 2428 receperit,
2352 2364 2442 2418 cui
2496 2367 2901 2422 conscribendas
2957 2369 3073 2440 ipse
3124 2370 3394 2426 aﬂuisset.

1827 2448 2006 2518 Atque
2061 2450 2152 2505 ille
2200 2455 2410 2524 synodo
2457 2470 2823 2524 succensens,
2876 2471 3159 2522 oratores.
3195 2465 3397 2531 quibus

1829 2540 2088 2596 diuturna
2136 2558 2288 2599 mora
2317 2547 2370 2600 in
2406 2548 2529 2602 aula
2563 2550 2790 2605 molesta
2823 2561 2983 2619 erat,
3031 2553 3174 2608 diem
3205 2553 3273 2609 de
3306 2554 3397 2608 die

1828 2634 2142 2702 dillindens,
2202 2637 2530 2694 diﬂ'erebat:
2589 2651 2778 2695 contra
2834 2652 3060 2711 autem,
3121 2660 3261 2716 quos
3315 2645 3396 2700 illi

1827 2738 2345 2796 exauctoraverant,
2379 2731 2434 2784 in
2466 2735 2644 2801 pretio
2673 2733 2926 2791 habebat.
2954 2735 3142 2791 Etrix
3175 2739 3392 2793 tandem

1827 2838 2101 2878 excusans
2131 2839 2212 2888 se,
2245 2824 2490 2895 scripsit.
2529 2827 2673 2896 quod
2715 2831 3042 2884 neceSsitate
3074 2841 3301 2901 urgente
3336 2842 3397 2886 ut

1831 2927 2024 2970 contra
2065 2917 2254 2971 hostes
2292 2919 2417 2983 iret,
2455 2933 2552 2987 per
2583 2920 2992 2988 expeditionem
3027 2938 3148 2978 eam
3187 2924 3397 2996 legatos

1828 3006 1988 3062 facile
2042 3008 2234 3063 videre
2285 3023 2394 3062 non
2450 3013 2695 3079 potuerit
2729 3050 2746 3074 ,
2799 3014 3155 3086 Adrianopoli
3208 3027 3394 3074 autem

1830 3097 2152 3153 redeuntem
2187 3115 2247 3154 se
2292 3111 2610 3169 exspectare
2659 3102 2781 3158 illus
2811 3105 3058 3174 jusserit,
3096 3120 3154 3164 ut
3200 3110 3276 3164 ibi
3310 3121 3397 3166 tu-

196 3203 285 3254 τῶν
334 3202 485 3256 θείων
545 3202 882 3255 σκέπτεσθαι
942 3201 1206 3271 μέλλοντα
1245 3199 1444 3270 χρῆναι
1489 3199 1724 3265 ἄμικτον

1831 3191 2096 3246 multibus
2129 3193 2288 3255 liber,
2334 3208 2433 3264 per
2462 3195 2635 3248 otium
2681 3206 2745 3250 et.
2782 3201 3112 3269 legationem
3152 3203 3394 3266 audiret.

195 3295 281 3346 τῶν
309 3294 492 3359 ἄλλων,
517 3296 611 3348 καὶ
641 3295 912 3364 εἱλικρινῆ
936 3293 1181 3362 θορύϐων
1205 3290 1726 3362 κεκτῆσθαιψυχήν.

199 3385 313 3452 Πρὸς
333 3385 365 3440 θ.
383 3389 418 3454 ἠ
443 3386 662 3450 σύνοδος
689 3385 984 3456 άντεδήλου
1016 3381 1196 3450 αὖθις,
1217 3384 1290 3446 ὡς
1318 3385 1572 3451 οὐδαμῶς
1599 3382 1726 3435 ἄλλο

199 3479 322 3546 παρὰ
347 3477 404 3529 τὸ
429 3477 585 3542 δόξαν
615 3476 855 3540 ἐκείνοις
897 3475 1192 3548 πραχθείη,
1225 3477 1330 3530 κᾶν
1362 3477 1414 3528 εί
1439 3492 1491 3527 τι
1518 3475 1611 3528 καὶ
1635 3474 1724 3542 γέ-

199 3587 347 3640 νηται.
372 3572 478 3626 Καὶ
505 3573 610 3625 οὐκ
640 3570 847 3642 ἔγραψε
880 3571 1062 3640 μόνον,
1103 3570 1238 3624 ἀλλὰ
1266 3571 1358 3622 καὶ
1383 3567 1526 3621 οὕτω
1561 3568 1726 3637 φάναι

201 3665 274 3713 καὶ
301 3666 403 3726 τοῖς
441 3663 736 3733 πρέσϐεσιν
770 3662 1170 3715 ἑπενετείλατο.
1202 3661 1323 3714 Ἔτι
1347 3660 1401 3714 δὲ
1436 3676 1730 3728 προσηντι-

202 3755 322 3807 ϐόλει
348 3757 567 3826 ἡμέρως
595 3755 724 3819 τοὺς
764 3755 1026 3825 πρέσϐεις
1058 3751 1315 3818 δέξασθαι
1349 3752 1443 3805 καὶ
1489 3751 1606 3822 μετ’
1639 3751 1728 3803 εὐ-

199 3845 320 3909 νοίας
340 3847 457 3900 [div
475 3862 491 3878 ν
519 3846 720 3918 μαθεῖν
741 3863 798 3898 τε
827 3844 862 3899 ἃ
883 3845 950 3898 δι’
972 3845 1151 3898 αὐτῶν
1175 3844 1436 3915 ἀγράφως
1462 3843 1723 3912 ἐμήνυον*

199 3937 309 4005 πρὸς
335 3937 386 3991 δὲ
433 3939 526 3990 καὶ
573 3936 610 3991 ἃ
644 3937 883 4006 ἔγραφον
914 3934 1194 4004 ἐπιμελῶς
1241 3936 1572 4002 ἀναγνῶναι.
1618 3935 1728 3989 Καὶ

198 4028 285 4098 γάρ
309 4045 410 4092 πως
434 4030 672 4100 χαλεπὸν
695 4024 840 4080 εἶναι
871 4029 1056 4095 ελεγον
1091 4029 1176 4079 ἐπ’
1211 4027 1377 4082 αὐτοῦ
1409 4025 1725 4097 βασιλεύον-

198 4133 270 4180 τος
293 4119 541 4182 τοσαύτας
570 4117 868 4187 ἐκκλησίας
899 4119 960 4171 ἐν
979 4117 1220 4188 τοσούτῳ
1247 4119 1422 4188 χρόνῳ
1445 4120 1723 4188 χηρεύειν,

199 4205 385 4270 ζώντων
403 4209 506 4262 τῶν
558 4208 881 4262 ἐπισκόπων
917 4211 1009 4261 καὶ
1038 4209 1238 4262 ταῦτα·
1285 4209 1461 4280 χρεὼν
1481 4209 1525 4262 δ’
1559 4207 1722 4278 εἶναι,

198 4301 241 4352 εί
267 4318 321 4368 γε
349 4303 434 4356 καὶ
463 4301 612 4372 αὑτῷ
639 4302 905 4361 συνδοκεῖ.
940 4301 1110 4372 πρινὴ
1142 4302 1428 4370 ἐπιστῆναι
1453 4304 1724 4372 χειμῶνα,

197 4393 272 4444 ἐπὶ
298 4394 382 4456 τὰς
415 4393 544 4457 ιδίας
578 4393 882 4460 ἐκκλησίας
906 4393 1138 4446 ἕκαστον
1173 4393 1554 4462 ἀναστρέφειν.
1595 4394 1638 4444 Τ
1642 4411 1724 4446 os-

198 4481 313 4534 αὔτα
340 4485 427 4536 καὶ
453 4485 586 4539 ἄλλα
608 4485 822 4546 τούτοις
847 4484 1208 4554 παραπλήσια
1249 4484 1581 4554 γράψαντες,
1620 4485 1720 4538 ὅσα

197 4567 252 4643 ἦν
274 4575 401 4640 εἰκὸς
427 4577 606 4640 ἱκέτας
639 4576 842 4647 ἱερέας,
869 4577 1099 4646 ὀνόμασι
1140 4576 1235 4628 καλ¹
1278 4577 1463 4645 λόγοις
1502 4576 1636 4630 πολὺ
1665 4579 1724 4631 τὸ

199 4664 444 4733 ἐπαγωγὸν
483 4667 707 4737 ἔχουσιν
761 4669 821 4720 έν
859 4667 1051 4736 κόσμῳ
1077 4668 1298 4736 θέμενοι
1336 4670 1406 4740 τῇ
1439 4668 1724 4738 ἐπιστολῇ,

200 4754 350 4824 ὀλίγον
378 4757 564 4827 χρόνον
593 4757 900 4824 ἐπέμειναν
921 4773 938 4790 ο
966 4757 1041 4821 ὡς
1065 4758 1123 4810 δὲ
1160 4759 1330 4829 μηδὲν
1355 4759 1542 4822 αὐτοῖς
1574 4761 1728 4812 άντε-

199 4847 424 4916 δήλωσεν,
449 4850 840 4920 ἐπιμείναντες
872 4845 998 4904 εἶτα
1045 4851 1138 4903 ἐπὶ
1167 4851 1297 4914 τοὺς
1331 4852 1567 4914 οἰκείους
1599 4852 1727 4922 θρό-

201 4953 300 5000 νους
323 4939 537 5004 ἕκαστος
563 4940 861 4994 διελύοντο.
890 4941 1015 5006 Ὅτι.
1040 4941 1140 5011 μὲν
1167 4940 1259 4995 οὖν
1298 4943 1391 4995 καὶ
1419 4944 1468 4994 οἱ
1503 4942 1728 5012 ἐν’Δρι-

203 5030 317 5099 μίνῳ
347 5034 682 5096 συνελθόντες
727 5034 826 5101 τὴν
855 5035 911 5086 ἐν
959 5035 1165 5106 Nimia.
1205 5035 1390 5088 πίστιν
1418 5037 1723 5108 ἐκύρωσαν,

199 5124 427 5194 πρόδηλον
447 5143 459 5156 ο
488 5127 633 5180 ὅτιδ’
653 5131 709 5191 ἐς
732 5127 961 5196 ⁴ύστερον
988 5129 1175 5182 πολλοὶ
1198 5133 1263 5202 τῇ
1290 5131 1724 5203 προκομισθείςῃ

200 5211 250 5265 ἑκ
274 5213 480 5286 Σιρμίου
519 5222 703 5273 πίστει
762 5223 876 5292 τοῖς
942 5226 1070 5291 περὶ
1104 5223 1413 5293 Οὺρσάκιον
1461 5225 1555 5277 καὶ
1580 5226 1726 5278 Οὐά-

201 5305 335 5360 λεντα
369 5313 824 5385 καθυπέγρσψαν,
853 5309 948 5368 κάλ
995 5315 1152 5368 τοῦτο
1180 5316 1517 5386 δηλώσομεν.
1549 5319 1728 5370 Διττοὶ

199 5395 244 5450 at
263 5402 373 5469 περὶ
394 5406 578 5458 τούτου
608 5405 870 5474 φέρονται
906 5406 1058 5474 λόγοι
1086 5423 1098 5436 ·
1125 5410 1152 5460 ὁ
1187 5409 1286 5477 μὲν
1326 5412 1436 5479 γάρ
1467 5425 1632 5478 φησιν
1649 5408 1724 5473 ὡς

202 5485 719 5577 βασιλεὺςετρόφασιν
753 5497 900 5568 σχὼν
930 5500 1032 5570 τὴν
1062 5499 1160 5569 τῆς
1194 5499 1415 5554 συνόδου
1456 5501 1724 5567 διάλυσιν,

201 5577 258 5638 ὡς
288 5581 353 5652 μὴ
383 5583 601 5650 ἐχόντως
639 5589 1044 5660 γεγενημένην,
1095 5592 1278 5647 δοῦναι
1315 5594 1435 5646 κατ’
1475 5593 1725 5660 ἐξουσίαν

202 5669 290 5729 τοῖς
325 5675 437 5739 περὶ
468 5677 761 5743 Οὐάλεντα,
798 5673 1038 5750 ᾖαύτοίς
1071 5683 1188 5734 ἐστι
1226 5682 1592 5754 βουλομένοις.
1627 5685 1726 5748 τὰς

203 5759 312 5828 πρὸς
333 5761 552 5836 ἑσπέραν
574 5770 800 5824 διοικεῖν
826 5773 1144 5841 ἐκκλησίας,
1178 5775 1272 5828 καὶ
1305 5775 1401 5842 τὴν
1426 5774 1518 5828 ὑπ’
1543 5775 1723 5828 αὐτῶν

1828 3294 1885 3338 et
1915 3301 2034 3353 quae
2065 3301 2203 3356 opus
2234 3299 2419 3340 essent
2458 3287 2844 3345 constitueret.
2889 3292 3108 3349 Addidit
3150 3305 3206 3350 et
3235 3296 3392 3362 illud,

1829 3379 1896 3434 de
1928 3381 2090 3436 rebus
2122 3381 2324 3437 divinis
2353 3383 2661 3440 deliberare
2683 3384 2983 3451 volentem,
3013 3386 3246 3456 negotiis
3274 3387 3397 3442 aliis

1826 3488 2100 3538 vacuum,
2155 3475 2513 3545 animumque
2567 3477 2845 3532 sincerum
2902 3488 3068 3547 atque
3129 3478 3380 3548 quietum

1827 3563 2078 3618 obtinere
2109 3565 2332 3622 debere.
2363 3567 2446 3622 Ad
2488 3583 2610 3638 quae
2641 3570 2884 3639 synodus
2919 3569 3222 3640 rescripsit,
3254 3571 3394 3625 nihil

1828 3672 1886 3711 se
1921 3657 2070 3711 aliud
2125 3661 2353 3714 omnino
2407 3677 2572 3730 quam
2624 3661 2906 3717 decretum
2959 3663 3030 3718 ab
3075 3665 3182 3720 illis
3226 3676 3393 3729 esset.

1827 3749 2041 3803 etiamsi
2077 3751 2379 3819 quidquam
2417 3763 2684 3822 praeterea
2715 3765 3077 3820 statueretur,
3104 3739 3391 3813 facturam.

1830 3840 1898 3895 Et
1931 3855 2042 3894 non
2077 3842 2241 3896 modo
2275 3842 2518 3912 scripsit,
2554 3844 2649 3899 sed
2686 3844 2736 3899 id
2773 3861 2996 3917 quoque
3031 3847 3217 3904 dicere
3250 3849 3397 3921 lega-

1829 3941 1914 3988 tos
1949 3931 2133 4003 jussit.
2183 3933 2418 4004 Insuper
2462 3935 2642 3991 eidem
2682 3938 3054 4008 supplicavit,
3092 3951 3150 3993 ut
3181 3941 3395 4010 placide

1827 4024 2142 4078 oratoribus
2189 4026 2465 4094 receptis,
2511 4037 2567 4081 et
2615 4043 2735 4097 quae
2780 4029 2900 4082 sine
2947 4031 3154 4099 scripto
3193 4032 3395 4088 dicturi

1829 4127 2019 4171 essent
2055 4117 2292 4188 benigne
2333 4119 2629 4187 acciperet,
2663 4132 2718 4173 et
2748 4135 2870 4188 qua:
2903 4121 3004 4189 ipsi
3040 4123 3396 4190 scripsissent

1828 4205 2123 4276 diligenter
2150 4217 2528 4276 cognosceret.
2557 4208 2765 4262 Durum
2795 4211 2960 4264 etiam
2991 4212 3397 4280 quodammodo

1825 4318 1947 4358 esse
2001 4305 2421 4372 signitlearunt,
2459 4303 2594 4373 ipso
2646 4305 2950 4374 imperante
3003 4316 3081 4362 tot
3131 4310 3397 4366 ecclesias

1832 4402 1984 4448 tanto
2014 4401 2261 4462 tempore
2294 4395 2431 4447 vivis
2461 4395 2642 4449 adhuc
2694 4395 2968 4467 episcopis
2989 4399 3200 4464 orbari,
3233 4401 3398 4471 779

1828 4499 2078 4553 opusque
2110 4501 2267 4551 esse,
2304 4486 2348 4540 si
2384 4487 2485 4556 ipsi
2519 4503 2741 4558 quoque
2775 4489 3079 4557 videretur,
3112 4494 3268 4562 prius
3299 4509 3398 4549 eos

1829 4576 1895 4630 ad
1935 4578 2225 4631 ecclesiam
2258 4594 2534 4648 quemque
2567 4597 2719 4635 suam
2759 4569 2972 4643 redire.
3017 4601 3180 4654 quam
3219 4586 3399 4642 hiems

1827 4683 1922 4722 eos
1956 4670 2319 4737 opprimeret.
2360 4668 2486 4726 Haec
2519 4681 2685 4740 atque
2717 4673 2821 4728 alia
2858 4675 3008 4730 hisce
3043 4662 3296 4741 similia,
3323 4679 3398 4732 ita

1828 4760 1908 4814 uti
1946 4761 2221 4830 supplices
2250 4763 2540 4834 episcopos
2570 4765 2845 4829 decebat,
2882 4783 3004 4821 cum
3044 4769 3294 4824 oratione
3326 4769 3396 4823 ad

1827 4853 2271 4921 persuadendum
2321 4857 2570 4924 apposita
2625 4873 2724 4926 per
2764 4859 3048 4926 epistolam
3088 4875 3304 4930 gravem
3340 4870 3398 4914 ct

1830 4953 2026 4998 tcrsam
2071 4945 2136 4999 ad
2188 4961 2314 5000 eum
2362 4948 2750 5016 scripsissent,
2789 4950 2923 5004 satis
2957 4950 3052 5004 diu
3098 4951 3281 5005 adhuc
3321 4951 3393 5006 iiii

1829 5037 2026 5090 morati
2055 5047 2201 5100 sunt,
2225 5054 2463 5108 cumque
2491 5039 2626 5092 nihil
2649 5041 2762 5109 ipse
2781 5045 3172 5110 respondisset,
3192 5043 3394 5098 deinde

1827 5131 1893 5184 al
1943 5129 2104 5184 sedes
2146 5145 2273 5184 suas
2303 5141 2429 5184 sunt
2477 5133 2708 5185 reversi.
2746 5132 2923 5200 Atque
2964 5133 3110 5202 quod
3146 5135 3394 5205 episcopi

1827 5223 2050 5292 quidem
2086 5221 2319 5276 Arimini
2361 5225 2672 5293 congregati
2713 5223 2988 5278 Nieaznatn
3028 5225 3393 5282 confirmave-

1829 5317 1939 5366 rint
1992 5311 2188 5378 ﬁdem,
2241 5315 2373 5368 satis
2413 5315 2523 5383 jam
2559 5323 2797 5368 constat.
2843 5315 3000 5382 Quod
3041 5331 3171 5370 vero
3207 5329 3394 5387 postea

1829 5404 1986 5458 niulti
2030 5403 2279 5459 formula:
2323 5407 2391 5460 ab
2438 5405 2663 5462 Ursacio
2708 5417 2763 5461 et
2814 5408 3040 5464 Valente
3083 5426 3151 5464 ex
3195 5411 3398 5466 Sirmo

1827 5496 2004 5551 allata:
2052 5498 2525 5566 subscripserint,
2589 5498 2642 5552 id
2695 5515 2917 5570 quoque
2968 5502 3394 5558 declarabimus.

1827 5589 1943 5653 Qua
1993 5589 2060 5645 de
2123 5605 2182 5643 re
2227 5590 2422 5660 duplex
2467 5591 2643 5645 fertur
2698 5594 2905 5661 opinio.
2960 5595 3164 5652 Harum
3221 5599 3394 5652 altera

1827 5690 1912 5735 est
1955 5699 1967 5734 :
2011 5681 2397 5750 imperatorem
2459 5685 2752 5740 occasione
2809 5701 3027 5756 arrepta
3081 5704 3110 5741 a
3161 5691 3394 5759 synodo,

1829 5775 1983 5843 quasi
2020 5792 2128 5832 non
2178 5793 2275 5834 sna
2327 5778 2611 5836 voluntate
2649 5781 2821 5835 soluta
2848 5824 2862 5844 .
2904 5781 3114 5836 Valenti
3164 5785 3396 5854 ejusque
