3870 6576
436 371 540 437 387

1616 369 2038 433 NlCEPHORI
2070 367 2418 430 CALLISTI

3566 370 3671 437 38

436 483 806 541 sectatoribus
835 482 1153 541 facultatem
1177 481 1523 553 permisisse,
1552 493 1613 540 ut
1637 500 1776 554 quas
1802 484 2005 539 vellem

2110 484 2555 554 ἀναγνωσθεῖσαν
2617 482 2799 537 πίστιν
2833 485 3003 536 πᾶσιν
3055 481 3398 538 ἐκδίδοσθαιυ
3438 482 3529 536 καὶ
3557 484 3670 537 ὅσοι

432 577 491 632 in
524 576 820 632 Occidente
851 576 1116 632 ecclesias
1137 576 1608 642 administrarent,
1633 575 2002 645 omnibus1ue

434 668 633 724 lectam
666 668 736 724 ab
766 669 849 724 eis
882 669 1042 723 [idem
1076 668 1397 729 traderent:
1433 677 1487 723 et
1517 668 1833 737 quicunque
1865 666 1999 721 sub-

434 760 677 816 scribere
711 760 789 815 illi
823 760 1035 825 nolent,
1068 759 1294 815 sedibus
1324 758 1438 825 suis
1476 758 1802 829 dejicerent,
1839 770 2002 829 atque

343 856 356 911 ξ
432 850 572 907 alios
601 850 859 907 factionis
890 867 1002 908 sum
1029 852 1137 907 illis
1165 853 1554 921 subrogarent.
1585 851 1700 918 Qua
1726 860 2002 921 potestate

342 936 347 1013 ξ
432 951 684 1012 accepta,
717 943 840 999 illos
876 943 929 997 vi
965 958 1179 1008 onmes,
1218 951 1278 998 ut
1308 956 1474 1013 quam
1517 942 1757 997 diximus
1792 941 2001 996 formu-

339 1021 364 1088 ἶ-
433 1034 542 1090 lam
569 1036 1019 1104 comprobarent,
1053 1036 1279 1092 adortos
1308 1050 1471 1100 esse:
1509 1048 1563 1090 et
1593 1034 1688 1105 qui
1723 1033 1776 1090 id
1817 1034 2003 1090 facere

434 1126 772 1193 noluissent,
808 1128 1215 1198 quamprimum
1254 1127 1508 1181 ecclesiis
1536 1126 1837 1197 expulisse.
1878 1124 2003 1180 Pri-

434 1232 695 1287 mumque
722 1218 1020 1281 Liberium,
1047 1219 1195 1287 quod
1221 1218 1370 1274 dicto
1392 1219 1625 1274 audiens
1651 1233 1760 1272 non
1784 1217 2001 1283 fuisset,

434 1309 485 1363 vi
513 1322 763 1363 exactura
794 1325 935 1364 esse.
960 1308 1196 1375 Quidam
1219 1303 1351 1365 sane
1375 1309 1676 1367 secundam
1705 1310 1846 1366 hanc
1870 1324 2003 1380 pro-

432 1401 791 1470 scriptionem
816 1402 943 1471 ejus
958 1400 1126 1457 fuisse
1150 1402 1368 1471 dicunt,
1418 1403 1511 1458 alii
1536 1410 1717 1457 autem
1744 1405 2000 1473 primam,

429 1508 554 1549 cum
592 1509 655 1548 ea
691 1494 857 1575 etiam
890 1509 1014 1564 qua:
1052 1509 1221 1565 supra
1252 1495 1322 1551 de
1366 1495 1532 1552 Felici
1562 1496 1803 1550 diximus
1826 1537 1842 1558 ,
1879 1504 2001 1549 acta

430 1594 580 1639 sunt.
632 1584 811 1653 Atque
848 1585 994 1650 illos,
1054 1584 1220 1639 rebus
1266 1585 1341 1639 ita
1399 1598 1497 1654 per
1545 1584 1754 1638 Italiam
1810 1582 1999 1653 gestis,

426 1676 622 1733 eadem
665 1691 762 1746 per
800 1674 1081 1731 Orientem
1123 1691 1344 1747 quoque
1383 1676 1567 1732 facere
1620 1675 1998 1731 constituisse.

428 1768 496 1825 Et
528 1785 628 1839 per
657 1767 948 1824 Thraciam
974 1779 1192 1835 euntes,
1217 1770 1309 1825 ubi
1341 1770 1396 1824 in
1427 1768 1689 1840 oppidum
1719 1768 2001 1840 quoddam

2108 578 2182 649 μὴ
2214 577 2557 646 θπογράψειν
2584 577 2829 645 αἱροῖντο
2853 573 3079 645 ταύτην,
3129 575 3237 628 τῶν
3276 573 3485 644 θρόνων
3513 572 3670 627 έλαύ-

2104 683 2239 733 νειν,
2269 666 2363 720 καὶ
2387 666 2580 730 ἄλλους
2610 664 2856 734 εἰσάγειν
2886 662 2985 726 οὓς
3034 664 3102 717 ἂν
3131 664 3456 735 ὁμοφρονεῖν
3474 663 3670 731 γνοῖεν.

2105 757 2375 829 Τοιαύτης
2401 758 2446 812 δ’
2495 757 2754 824 ἐξουσίας
2795 755 3259 826 ἔστειλημμένους,
3296 755 3507 816 πάντας
3538 754 3671 823 πρὶς

2107 848 2231 920 βίαν
2255 849 2411 916 ἀγειν
2437 850 2505 920 τῇ
2537 847 2806 918 εἰρημένῃ
2832 846 3010 898 πίστει
3036 842 3495 912 καθυπογράφιιν
3512 859 3526 875 ·
3573 844 3666 895 καὶ

2105 944 2230 1008 τοὺς
2257 942 2333 1013 μὴ
2383 941 2744 1012 βουλομένους
2775 940 2918 993 οὕτω
2959 943 3159 1003 ποιεῖν,
3194 938 3269 1000 ὡς
3302 936 3463 1009 τάχος
3493 937 3670 991 ὠθεῖν.

2102 1026 2205 1087 ’Ὧν
2229 1035 2450 1105 πρῶτον
2495 1034 2776 1104 Λιϐέριον,
2841 1032 2916 1104 μὴ
2971 1032 3316 1101 πειθόμενον,
3371 1029 3507 1099 πρὸς
3555 1028 3674 1100 βίαν

2105 1125 2421 1196 ιξήλαυνον.
2449 1127 2560 1181 Καὶ
2582 1128 2634 1181 οἰ
2659 1127 2761 1194 μέν
2786 1143 2919 1194 φασι
2947 1126 3207 1196 δευτέραν
3227 1123 3447 1195 ἐξορίαν
3470 1122 3673 1191 ταύτην

2105 1220 2256 1289 αὐτῷ
2295 1218 2574 1288 γενέσθαι,
2599 1220 2649 1272 οἰ
2683 1218 2739 1271 δὲ
2773 1218 3000 1289 πρώτην
3025 1233 3038 1249 ο
3082 1218 3171 1270 ὅτε
3199 1218 3297 1268 καὶ
3324 1216 3391 1268 τά
3410 1213 3554 1267 κατᾶ
3584 1214 3673 1265 τὶν

2103 1312 2313 1382 Φήλικα
2347 1311 2594 1380 γέγονεν,
2631 1311 2707 1374 ὡς
2737 1310 2843 1381 πρὸ
2870 1309 3099 1379 βραχέος
3131 1309 3368 1379 ιίρήκαελ
3380 1323 3462 1360 εν.
3497 1304 3675 1359 Ταῦτα

2103 1402 2159 1457 δὲ
2191 1402 2337 1457 κατά
2364 1403 2465 1474 τὴν
2512 1402 2748 1457 Ἰταλίαν
2784 1401 3223 1471 διαπραξὶμενοι
3272 1399 3324 1454 οἰ
3380 1399 3512 1468 περὶ
3541 1397 3679 1451 Οὐά-

2106 1495 2292 1563 λεντα,
2324 1498 2394 1551 τὰ
2426 1497 2518 1549 ίσα
2553 1497 2648 1551 καὶ
2677 1497 2824 1550 κατά
2855 1496 2956 1568 τὴν
2990 1496 3067 1547 ἒω
3096 1494 3360 1564 πράττειν
3383 1493 3672 1545 ἐσκόπουν.

2105 1590 2214 1644 Καὶ
2241 1589 2305 1657 δὴ
2326 1590 2415 1643 διὰ
2444 1586 2668 1660 Θρᾴκης
2700 1588 2893 1652 ἰόντες,
2923 1587 3046 1640 ἐπεὶ
3069 1586 3212 1641 κατά
3236 1598 3358 1638 τινα
3375 1581 3469 1636 τοῦ
3491 1580 3676 1642 ἔθνους

2104 1670 2332 1750 πόλιν,ᾖ
2361 1678 2508 1748 Νίκη
2527 1676 2705 1746 θνομα
2717 1670 2807 1748 ἦν,
2833 1693 2911 1728 πα
2922 1675 3230 1747 ρσγέκοντο.
3252 1672 3477 1726 σύνοδον
3501 1668 3679 1740 ἀθροί-

2108 1785 2319 1834 σαντες,
2354 1770 2454 1840 τὴν
2481 1770 2540 1823 ἐν
2583 1768 2852 1841 ’Δριμίνῳ
2909 1768 3097 1821 πίστιν
3145 1766 3212 1820 ὲκ
3253 1764 3572 1835 Ῥωμαῖκῆς
3603 1764 3678 1825 εἱς

430 1862 675 1933 regionis
722 1864 844 1935 ejus
905 1863 1129 1919 nomine
1190 1861 1324 1918 Nica
1380 1863 1804 1934 pervenissent,
1867 1878 2004 1918 eon-

2114 1861 2347 1916 Ἐλλάδα
2374 1835 2560 1932 φωνὴν
2594 1835 3021 1932 μεταϐαλόντες,
3065 1857 3318 1929 βεϐαιοῦν
3350 1855 3675 1924 ἐπειρῶντο·

428 1965 656 2013 ventum
704 1956 976 2027 coegisse,
1034 1956 1308 2025 iidemque
1346 1954 1579 2011 Arimini
1622 1970 1653 2010 a
1682 1970 1743 2011 se
1780 1955 2002 2022 lectam,

426 2063 497 2102 ex
526 2047 721 2103 Latina
754 2049 807 2102 in
843 2047 1086 2104 Graecam
1122 2047 1366 2118 linguam
1399 2062 1723 2103 conversam
1752 2046 2003 2104 stabilire

429 2148 659 2193 conatos
685 2153 834 2203 esse,
890 2149 1055 2208 atque
1086 2138 1305 2209 publice
1332 2138 1681 2194 sermonibus
1711 2136 2003 2208 sparsisse,

428 2231 724 2287 formulam
763 2247 883 2286 eam
911 2233 1062 2288 Nicze
1087 2246 1117 2285 a
1144 2231 1356 2303 synodo
1385 2231 1682 2287 universali
1713 2231 1815 2286 rite
1838 2239 2005 2301 atque

430 2324 629 2379 ordine
662 2324 871 2378 editam
926 2324 1420 2393 conlirmatamque
1452 2338 1619 2379 esse:
1656 2334 1716 2378 ut
1751 2323 2007 2380 videlicet

430 2418 723 2473 nominum
751 2419 1030 2474 vicinitate
1057 2434 1155 2489 per
1189 2417 1438 2473 fraudem
1472 2417 1842 2489 simpliciores
1866 2417 2005 2474 seri-

432 2523 590 2584 ptum
628 2512 705 2577 id,
735 2511 962 2582 perinde
990 2520 1156 2580 atque
1180 2511 1376 2567 Nicaeae
1407 2511 1462 2566 in
1492 2509 1744 2582 Bithynia
1775 2525 2003 2581 compo-

428 2605 599 2660 situm
634 2612 807 2669 esset,
839 2603 1195 2673 accipientes,
1229 2602 1486 2673 decipere
1520 2611 1764 2673 possent.
1802 2601 2005 2657 Verum

429 2693 787 2750 calliditatem
832 2693 1356 2764 eavillationemque
1404 2707 1527 2749 eam
1575 2691 2004 2762 deprehensam,

431 2787 485 2841 in
520 2786 691 2841 risum
728 2796 896 2856 atque
940 2785 1242 2840 ludibrium
1292 2784 1515 2840 abiisse.
1558 2784 1738 2855 Atque
1785 2784 1890 2839 hoc
1927 2785 2007 2841 sic

433 2877 690 2933 nonnulli
756 2877 1056 2933 tradidere.
1122 2876 1307 2932 Altera
1372 2883 1559 2931 autem
1623 2876 1814 2946 opinio
1880 2875 2005 2931 fuit.

431 2970 600 3041 780
628 2968 764 3025 Cum
799 2969 1047 3040 episcopi
1078 2968 1319 3023 Arimini
1352 2969 1693 3039 congregati,
1728 2967 1875 3040 quod
1907 2969 2009 3022 im-

433 3070 660 3131 perator
694 3075 1021 3130 responsum
1054 3058 1309 3115 diﬂ'erret
1332 3099 1347 3125 ,
1379 3058 1640 3130 quodque
1685 3058 1795 3114 illis
1828 3056 2007 3113 redire

2106 1955 2203 2010 καὶ
2254 1954 2531 2026 ἐκήρυξαν
2582 1954 2657 2020 ὡς
2691 1954 2797 2008 ὑπὸ
2854 1950 3252 2024 οίκουμενικῆς
3286 1947 3513 2003 συνόδου
3558 1949 3588 2017 ἡ
3623 1949 3679 1999 ἐν

2105 2047 2250 2120 Νίκῃ
2286 2049 2468 2113 πίστις
2497 2048 2558 2102 τὸ
2609 2047 2826 2120 βέδαιον
2885 2046 3046 2118 ἔσχεν
3075 2043 3150 2108 ὡς
3198 2041 3381 2115 χρεὼν
3420 2038 3679 2110 ἐπιψηφι-

2108 2141 2297 2194 σθεῖσα
2322 2155 2335 2170 ·
2371 2140 2447 2204 ὡς
2497 2140 2564 2195 ἄν
2622 2157 2687 2210 γε
2720 2139 2800 2211 τῷ
2852 2137 3223 2210 παραπλησίῳ
3260 2135 3373 2193 τῶν
3398 2132 3678 2204 ὀνομάτων

2107 2232 2416 2299 έπιδούλως
2453 2234 2675 2305 ἀπατᾷν
2702 2234 2869 2305 ἔχωσι
2897 2234 3025 2295 τοὺς
3073 2230 3489 2299 ἁπλουστέρους
3511 2243 3524 2257 ⁸
3553 2224 3678 2280 ὥστ’

2107 2328 2276 2397 αὐτὴν
2328 2322 2469 2383 εἶναι
2529 2328 2742 2382 οἴεσθαι
2791 2328 2892 2397 τὴν
2942 2330 2999 2380 ἐν
3030 2327 3240 2396 Νικαὶᾳ
3292 2325 3391 2393 τῆς
3424 2320 3679 2381 Βιθυνίας

2108 2419 2488 2492 ὲξενεχθεῖσαν
2506 2422 2751 2492 γραφήν.
2775 2419 2942 2474 Ἀλλὰ
2971 2418 3031 2473 τὸ
3060 2419 3305 2488 σόφισμα
3333 2413 3678 2485 ἐξηλέγχετρ.

2108 2512 2204 2565 καὶ
2256 2514 2314 2565 έν
2362 2511 2709 2580 καταγέλωτι
2739 2506 2882 2583 ἦσαν
2911 2508 2981 2564 τὰ
3029 2509 3303 2581 δρώμενα.
3353 2508 3417 2560 Οἱ
3455 2505 3562 2575 μὲν
3589 2498 3677 2557 οὖν

2108 2604 2252 2659 οὕτω
2281 2606 2444 2673 φασίν
2470 2624 2479 2637 ·
2513 2605 2703 2676 ἔτερος
2732 2606 2789 2660 δὲ
2814 2604 2970 2674 λόγος
3002 2604 3136 2674 ἔχει,
3184 2603 3260 2665 ὠς
3289 2601 3399 2655 τῶν
3446 2601 3509 2654 έν
3538 2595 3680 2668 Ἀρι’

2110 2693 2253 2764 μίνφ
2283 2696 2351 2765 τῇ
2387 2694 2686 2765 βραδυτῆτι
2720 2693 2824 2764 τῆς
2860 2692 3146 2763 βασιλικῆς
3178 2692 3538 2764 ἀποκρίσεως
3571 2709 3682 2743 ms-

2109 2787 2377 2857 ζομένων,
2409 2788 2487 2858 τῷ
2522 2786 2598 2858 μὴ
2646 2786 2840 2841 ἐᾶσθαι
2864 2787 3196 2858 ἀναχωρεῖν,
3242 2786 3291 2839 οἰ
3322 2784 3533 2855 θατέρᾳ
3559 2782 3679 2853 δόξῃ

2110 2878 2505 2951 προσκείμενοι
2540 2877 2915 2932 ὑποῦἀλλουσί
2944 2896 3098 2942 τινας
3129 2878 3588 2949 εἰσηγουμένους,
3610 2879 3682 2949 μὴ

2107 2968 2219 3024 δεῖν
2242 2964 2401 3032 εἶναι,
2438 2971 2568 3040 μιᾶς
2594 2970 2794 3037 λέξεως
2824 2970 3225 3041 ἀντεχομένους
3254 2970 3350 3024 τοῦ
3371 2974 3471 3043 τῆς
3500 2971 3684 3035 οὐσίας

2108 3062 2396 3133 ὀνόματος,
2449 3061 2518 3116 δι’
2574 3063 2748 3133 αὐτῆς
2809 3062 3127 3130 στασιάζειν
3184 3065 3313 3129 τοὺς
3370 3063 3681 3134 ἅπανταχοῦ

433 3153 502 3208 ad
530 3168 629 3209 sua
662 3168 773 3208 non
806 3154 1023 3221 liceret,
1057 3164 1473 3209 macerarentur
1502 3169 1516 3205 :
1550 3153 1645 3223 qui
1681 3151 1841 3207 alteri
1881 3166 2001 3207 sen-

2115 3154 2296 3223 ἰερέας
2319 3170 2334 3186 ·
2397 3153 2573 3208 ἔνεστι
2624 3155 2735 3227 γὰρ
2775 3155 2959 3226 ὅμοιον
3005 3155 3083 3227 τῷ
3117 3157 3293 3230 Πατρὶ
3321 3156 3415 3211 τὸν
3445 3157 3577 3219 Υἱὸν
3604 3160 3685 3210 λέ-

434 3246 618 3301 tcutite
665 3246 870 3303 addicti
920 3254 1114 3312 erant,
1160 3245 1535 3300 subornarunt
1584 3243 1850 3315 quosdam
1908 3243 2004 3315 qui

429 3338 707 3402 dicerent,
739 3352 848 3392 non
880 3336 1203 3402 convenire,
1235 3336 1382 3406 quod
1419 3333 1642 3405 quidam
1680 3350 1849 3389 unum
1878 3337 2008 3390 sub-

430 3429 653 3486 stantia:
684 3428 922 3483 Verbum
969 3437 1255 3498 tantopere
1297 3435 1743 3498 propugnarent,
1793 3435 1853 3480 ut
1877 3441 2008 3497 pro-

434 3529 624 3589 ptcrea
652 3533 850 3574 omnes
880 3519 1081 3588 ubique
1115 3518 1361 3587 episcopi
1401 3532 1498 3586 per
1529 3517 1863 3571 seditionem
1894 3516 2009 3570 dis-

433 3609 672 3663 sideant.
721 3607 918 3664 Licere
959 3608 1198 3663 similem
1242 3606 1388 3661 Patri
1444 3606 1640 3661 Filium
1685 3608 1907 3672 dicere,
1953 3614 2010 3661 et

432 3703 810 3758 universalem
838 3701 990 3757 orbis
1020 3702 1436 3757 contentionem
1467 3701 1670 3770 sepire.
1709 3700 2009 3770 Episcopos

432 3793 766 3859 Orientales,
796 3791 903 3846 nisi
932 3790 1260 3846 substantia:
1290 3804 1494 3844 nomen
1526 3791 1840 3854 tolleretur,
1871 3804 2011 3845 con-

435 3886 725 3955 quieturos
771 3898 882 3938 non
919 3898 1064 3939 esse.
1103 3881 1231 3937 Haec
1270 3898 1395 3936 cum
1441 3882 1510 3937 ab
1558 3884 1680 3954 ejus
1720 3883 2012 3938 sententiae

434 3978 702 4032 studiosis
726 3991 852 4031 cum
883 3985 1105 4031 versuta
1131 3975 1367 4045 quadam
1396 3978 1666 4046 gravitate
1693 3987 1748 4030 et
1783 3976 1831 4030 ti
1864 3975 2011 4030 dicta

432 4079 654 4134 essent,
686 4083 829 4139 aegre
862 4069 1080 4122 tandem
1117 4067 1385 4139 synodum
1429 4069 1720 4123 adductam
1750 4082 1909 4130 esse.
1951 4080 2011 4124 ut

434 4165 649 4221 Ursacii
681 4177 736 4222 et
764 4166 1009 4224 Valentis
1041 4166 1295 4221 formulae
1340 4165 1806 4221 subscribendum
1847 4171 2011 4236 puta-

435 4266 541 4313 ret.
579 4258 801 4315 Veritus
844 4259 1050 4328 quippe
1102 4257 1501 4323 artitices,doli
1546 4258 1711 4312 istius
1750 4271 1894 4321 esse,
1939 4270 2009 4312 ne

433 4351 599 4421 legati
635 4351 780 4420 apud
816 4350 1210 4420 imperatorem
1246 4348 1677 4405 Occidentalium
1719 4350 2010 4419 episcopo-

436 4457 563 4494 rum
590 4448 936 4496 constantem
977 4457 1141 4510 quam
1171 4441 1300 4496 inde
1333 4442 1401 4495 ab
1428 4440 1590 4495 initio
1617 4440 2007 4511 praestitissent

2112 3262 2252 3316 γειν,
2285 3245 2379 3299 καὶ
2410 3246 2511 3317 τὴν
2539 3247 2931 3319 οἰκουμενικὴν
2965 3247 3204 3304 διαλύειν
3234 3250 3383 3321 ἔριν·
3418 3250 3681 3321 μηδὲγὰρ

2111 3337 2175 3393 ἂν
2203 3338 2328 3403 τοὺς
2353 3339 2456 3392 ἀνά
2480 3339 2580 3409 τὴν
2598 3338 2675 3393 ἕω
2706 3340 2869 3411 ίερεῖς
2886 3342 3139 3413 ἠρεμεῖν,
3163 3342 3239 3414 μὴ
3264 3342 3359 3396 τοῦ
3381 3344 3482 3411 τῆς
3499 3344 3683 3405 οὐσίας

2111 3431 2540 3502 περιαιρομένου
2570 3431 2857 3501 ὀνόματος.
2894 3430 3053 3487 Οὕτω
3083 3433 3138 3486 δὲ
3186 3433 3419 3505 κομψῶς
3478 3437 3681 3488 ἐπικει-

2114 3524 2292 3592 μέκων
2322 3522 2430 3576 τῶν
2459 3524 2835 3590 σπουδαστῶν,
2874 3525 3032 3595 μόλις
3085 3527 3275 3578 πεῖσαι
3303 3525 3403 3596 σὴν
3447 3526 3682 3580 σύνοδον

2111 3615 2204 3669 καὶ
2234 3614 2577 3685 ὑπογράφειν
2606 3616 2905 3687 αἱρεῖσθαι,
2939 3617 3009 3690 ἢν
3031 3617 3080 3669 οἰ
3110 3620 3236 3687 περὶ
3261 3618 3575 3688 Ονῦρσᾶκιον
3598 3619 3685 3673 καὶ

2112 3706 2392 3760 Οὐάλεντα
2452 3706 2697 3777 ἔγραφον
2755 3706 2996 3764 ἔκθεσιν.
3035 3708 3124 3763 Ἐν
3154 3711 3264 3763 δέει
3316 3712 3373 3765 δὲ
3401 3714 3686 3781 γεγονότες

2114 3798 2308 3868 μήπως
2341 3798 2389 3850 οἱ
2422 3800 2686 3867 πρέσϐεις
2718 3799 2885 3869 δήλην
2907 3803 3299 3874 καταστήσωσι
3335 3803 3550 3873 βασιλεῖ
3585 3808 3685 3859 τιῖρν

2060 3946 2065 3951 .
2114 3889 2386 3959 ἐσπερίων
2405 3890 2599 3961 ἱερέων
2623 3891 2719 3962 τὴν
2739 3890 2797 3955 ἐξ
2819 3891 2990 3962 ἀρχῆς
3014 3892 3290 3957 ἔνστασιν,
3312 3894 3405 3947 καὶ
3435 3896 3494 3948 τὸ
3516 3899 3686 3978 αἴτιον

2111 3979 2208 4049 τῆς
2226 3978 2321 4031 τοῦ
2343 3978 2633 4048 ὁμοουσίου
2656 3981 2989 4050 ἀναιρέσεως
3012 3983 3264 4053 ἐπισχεῖν
3282 3986 3409 4049 τοὺς
3434 3987 3631 4057 πρέσδε
3645 4004 3687 4053 ις

2112 4069 2256 4123 κατά
2285 4069 2386 4141 τὴν
2408 4070 2711 4143 εἰρημένην
2748 4072 2904 4126 πόλιν
2934 4072 3033 4143 τῆς
3066 4076 3290 4145 Θρᾴκης
3335 4075 3542 4147 Νίκην,
3571 4079 3686 4150 βου-

2111 4163 2208 4236 λὴν
2267 4162 2475 4227 ἔθεντο,
2542 4166 2821 4236 πρόφασιν
2876 4167 3136 4233 εἰπόντας
3196 4172 3259 4223 τὸ
3294 4170 3387 4225 τοῦ
3421 4175 3687 4245 χειμῶνος

2109 4251 2308 4321 τραχὺ,
2360 4252 2457 4305 καὶ
2491 4251 2553 4305 τὸ
2591 4251 2667 4322 μὴ
2708 4254 2844 4319 πρὸς
2899 4256 3215 4327 ὁδοιπορίαν
3252 4261 3551 4332 πρόχειρον
3581 4264 3686 4324 τοῖς

2109 4342 2462 4411 ὑποζυγίοιςο
2527 4346 2625 4398 καὶ
2676 4348 2737 4397 ἐν
2795 4346 2873 4414 τῷ
2913 4348 3119 4418 μεταξὺ
3173 4351 3273 4419 τῆς
3331 4352 3690 4425 βραδυτῆτος,

2112 4435 2509 4508 βουλεύσασθαι
2533 4437 2628 4507 τὴν
2648 4439 2969 4494 ἒκτεθεῖσαν
2993 4444 3174 4497 πίστιν
3200 4445 3433 4509 ἐκείνοις
3452 4447 3515 4500 ἐκ
3538 4446 3692 4515 ,Ῥωο

436 4533 805 4598 alacritatem,
828 4543 885 4588 et
913 4533 1007 4586 τοῦ
1032 4532 1875 4604 ὁμοουσίου,οοηειὼειαηιίιιιίε,
1910 4534 2012 4586 tol-
2048 4525 2087 4578 ι)
2118 4528 2321 4599 μαῖκῆς
2376 4529 2456 4592 εἰς
2498 4527 2783 4598 Ἑλληνίδι
2817 4532 3019 4599 φράσιν
3071 4534 3424 4603 μεταϐαλεῖν.
3455 4539 3550 4591 καὶ
3578 4540 3694 4596 ’τοῖς

438 4622 587 4682 lendi
630 4641 851 4680 causam
895 4633 1258 4697 exponerent.
1314 4625 1496 4691 Quare
1539 4624 1671 4678 illud
1718 4639 1815 4678 eos
1861 4623 2015 4679 inve-

439 4719 588 4771 nisse
642 4714 961 4782 consilium,
1012 4724 1075 4769 ut
1125 4725 1376 4769 oratores
1420 4713 1473 4765 in
1520 4709 1723 4781 oppido
1767 4709 2017 4767 Thraciae

438 4808 586 4878 quod
627 4807 836 4863 dictum
888 4817 971 4862 est
1021 4806 1155 4861 Nica
1204 4803 1640 4868 distinerentur,
1692 4818 1790 4872 per
1838 4817 2018 4857 causa:

437 4900 711 4973 ejusmodi
762 4899 1088 4959 obtentum,
1142 4908 1365 4966 propter
1407 4893 1620 4962 hyemis
1664 4895 2016 4963 asperitatem

432 5003 489 5047 et
519 4993 777 5047 itinerum
815 4989 1197 5046 difﬁcultatem
1258 4989 1512 5058 jumenta
1550 4987 1801 5056 progredi
1834 4993 1889 5040 et
1917 4987 2017 5040 ria:

434 5085 676 5139 laborem
733 5084 882 5138 ferre
940 5096 1051 5136 non
1103 5094 1287 5150 posse.
1338 5080 1519 5149 Atque
1570 5078 1624 5131 in
1660 5064 1735 5131 ea
1790 5078 2013 5132 interim

437 5192 590 5231 mora
618 5175 977 5231 constituisse
1000 5212 1015 5237 ,
1063 5173 1233 5228 ﬁdem
1276 5173 1345 5226 ab
1380 5171 1515 5251 ipsis
1544 5171 1906 5240 compositam
1947 5188 2014 5227 ex

436 5268 632 5322 Latino
658 5267 711 5322 in
736 5265 985 5321 Graecum
1013 5278 1324 5320 sermonem
1353 5263 1698 5329 translatam,
1725 5261 1789 5318 ad
1821 5263 2017 5317 Orien-

438 5360 571 5414 tales
606 5359 828 5413 mittere
859 5356 1173 5427 episcopos.
1210 5354 1301 5411 Sic
1335 5368 1572 5425 namque
1602 5353 1743 5421 fore,
1774 5368 1899 5408 cum
1932 5337 2009 5409 illi

434 5452 501 5505 ad
547 5450 883 5505 sententiam
934 5462 1131 5503 eorum
1181 5447 1432 5503 inclinati
1480 5452 1708 5509 essent,
1757 5455 1819 5500 ut
1861 5447 2009 5517 quod

436 5551 697 5610 ageretur
720 5539 1082 5610 perlicerent;
1113 5539 1383 5594 fallaciam
1412 5553 1544 5593 vero
1575 5536 1737 5590 talem
1771 5554 1879 5593 non
1908 5537 2004 5594 de-

2116 4619 2223 4672 ἀνά
2251 4618 2351 4689 τὴν
2408 4619 2482 4672 Em
2534 4619 2950 4690 διαπέμπεσθαι
3014 4624 3289 4699 ἱερεῦσιν
3354 4630 3554 4682 ἐκεῖναι
3583 4630 3692 4699 γὰρ

2118 4709 2297 4772 οὓτως
2323 4711 2383 4762 τὸ
2409 4710 2855 4783 σπουδαζόμενον
2892 4715 3220 4786 κατορθοῦν,
3267 4722 3410 4773 κατά
3441 4718 3689 4788 βούλησιν

2124 4799 2504 4871 συγκειμένων
2535 4802 2788 4860 ἐκείνων.
2822 4804 2933 4874 Τὴν
2962 4806 3018 4860 δὲ
3048 4808 3409 4881 ῥᾳδιουργίαν
3435 4810 3511 4881 μὴ
3533 4811 3688 4865 κα.τά-

2125 4908 2308 4963 φωρον
2340 4885 2485 4945 εἶναι
2520 4892 2610 4946 διὰ
2647 4895 2757 4946 τῶν
2792 4897 3151 4968 ἐλεγχόντων,
3194 4900 3268 4965 ὼς
3302 4882 3528 4966 ἄκοντες
3555 4905 3602 4957 oi
3637 4905 3687 4954 ἐν

2134 4983 2419 5054 ’Δριμήνῳ
2440 4981 2538 5055 τῆς
2565 4983 2764 5051 λέξεως
2782 4972 2875 5040 τοῦ
2907 4991 3198 5061 όμοουσίου
3232 4993 3553 5063 ἀπέστησαν
3572 5008 3586 5023 ⁸
3609 4994 3685 5045 διὰ

2121 5072 2179 5128 δὲ
2203 5075 2327 5138 τοὺς
2358 5074 2500 5130 κατά
2530 5076 2630 5147 τὴν
2658 5076 2733 5131 έω
2782 5079 3123 5146 ἐπισκόπους
3176 5086 3573 5156 σκηπτόμενοι,
3621 5084 3686 5145 ὡς

2123 5167 2473 5221 παντάπασιν
2529 5170 2960 5241 ἀποσειομένους
3011 5173 3073 5228 τὸ
3124 5174 3340 5245 ὄνομα*
3390 5176 3530 5250 ὅπερ
3580 5178 3685 5235 ταῖς

2122 5258 2404 5328 ἀληθείαις
2431 5258 2625 5330 ψευδὲς
2650 5258 2739 5333 ἦν.
2768 5263 2962 5334 Σχεδὸν
3012 5268 3122 5338 γὰρ
3163 5268 3408 5333 ἅπαντες
3458 5272 3554 5325 καὶ
3581 5267 3685 5322 κλτ⁹

2119 5353 2312 5406 ιύσίαν
2335 5352 2523 5423 ὅμοιον
2552 5351 2691 5409 εἶναι
2719 5356 2798 5427 τῷ
2833 5359 3010 5428 Πατρὶ
3032 5360 3124 5419 τὴν
3156 5361 3282 5415 Υξον
3318 5362 3591 5428 ἐδόξαζον.
3631 5360 3682 5413 'll

2121 5444 2357 5519 διαφορά
2396 5448 2452 5501 δὲ
2492 5444 2561 5520 ἦν
2600 5451 2785 5518 μόνον,
2827 5453 3022 5525 ὅτιπερ
3070 5456 3119 5506 οἰ
3154 5455 3257 5523 μὲν
3293 5458 3602 5527 ὁμοούσιον,
3644 5453 3687 5505 οἱ

2117 5539 2173 5592 δὲ
2204 5541 2547 5609 ὁμοιοούσιον
2582 5543 2933 5614 ὠνομάζοντο
2966 5550 3056 5601 τὸν
3085 5548 3238 5603 Υἰόν.

434 5633 773 5704 prehensum
806 5632 876 5688 iri
908 5632 979 5687 ab
1018 5633 1122 5699 eis,
1157 5634 1250 5703 qui
1282 5649 1393 5687 rem
1436 5634 1579 5719 lique
1641 5631 2052 5689 consideraturi
2094 5644 2305 5696 essent,
2372 5649 2709 5693 conventum
2744 5641 3001 5696 videlicet
3031 5644 3436 5699 Ariminensem
3469 5647 3684 5701 int-itqu

435 5731 508 5786 ab
551 5731 868 5800 ὁμοουσίου,
910 5715 1422 5798 consubstantialis,
1457 5715 1629 5787 verbo
1661 5728 2001 5787 reccssissei
2047 5742 2237 5803 utpote
2278 5726 2357 5787 ab
2405 5734 2794 5793 Orientalibus
2863 5740 3163 5810 episcopis,
3250 5745 3348 5811 qui
3399 5745 3685 5799 ιείςιίυιιιιιιι

434 5839 554 5878 eam
591 5838 818 5894 prorsus
866 5824 1222 5896 reiecissent,
1267 5831 1541 5883 coactura.
1621 5822 1777 5891 Quod
1826 5823 2050 5895 quidem
2094 5825 2271 5896 rripsa
2311 5827 2506 5884 lalsmu
2551 5839 2689 5885 erat.
2738 5828 2877 5888 Fere
2919 5834 3066 5890 enim
3142 5851 3338 5895 omnes
3372 5842 3426 5895 in
3461 5842 3684 5902 Oricum,
