3870 6574
449 372 553 437 391

1676 377 2103 440 NICEPHORI
2145 381 2492 442 CALLISTI

3593 385 3687 451 3'32

452 500 574 540 mos
593 483 932 556 precatorias
954 485 1015 539 τὸ
1039 482 1352 556 ὀμοοῦσιον,
1382 486 1880 570 consubstantiale,
1899 504 2026 560 pro-

2134 489 2213 544 ἅτ’
2248 466 2406 555 εἰδὼς
2436 490 2727 555 κάκείνους
2758 489 2836 560 τῷ
2867 488 3139 560 ὁμοουσίῳ
3197 488 3544 562 στοιχοῦντας
3566 506 3580 522 ’
3608 493 3688 546 ὅτε

455 578 726 633 titentium
760 578 944 633 statim
974 589 1225 633 evertere
1277 577 1570 648 jubebant.
1603 579 1684 634 Ex
1717 595 1827 650 qua
1857 595 2024 638 causa

447 671 615 726 etiam
665 671 1096 727 Novatianorum
1141 671 1454 736 ecclesiam,
1499 687 1621 742 quae
1662 673 1717 728 in
1759 674 1882 729 vico
1928 673 2024 728 τοῦ

449 763 761 836 Πελαργοῦ,
815 763 918 818 hoc
970 773 1054 819 est
1096 763 1522 829 Ciconiaa,erat,
1570 773 1655 819 est
1704 765 2021 833 demolitus,

451 859 597 932 quod
633 873 730 914 eos
754 873 972 928 quoque
1010 859 1087 928 τῷ
1116 862 1407 930 ὁμοουσίῳ,
1439 860 1914 928 consubstantiali,
1935 878 2024 918 as-

452 950 644 1005 sentiri
668 951 860 1006 sciret.
893 950 1014 1015 Quo
1043 960 1289 1015 tempore
1345 951 1423 1006 illi
1455 951 1734 1022 egregium
1779 961 2019 1008 strenuae

454 1057 651 1096 manus
677 1057 814 1111 opus
839 1042 1084 1103 edidere,
1134 1042 1364 1098 forsitan
1403 1057 1499 1098 eos
1536 1052 1595 1097 ut
1619 1044 1865 1114 ejusdem
1895 1061 2023 1100 sen-

452 1135 635 1189 tentia:
660 1143 962 1188 assertores
997 1134 1388 1204 adjuvantibus
1415 1132 1509 1186 τοῦ
1546 1135 1860 1203 όμοουσίου,
1891 1150 2024 1189 cou-

449 1227 853 1292 substantialis,
897 1227 1325 1303 professoribus.
1357 1224 1601 1281 Ecclesia
1635 1228 1781 1280 enim
1826 1227 1917 1281 illa
1957 1226 2026 1280 ab

449 1318 530 1372 eis
556 1319 759 1387 quibus
798 1318 901 1371 hoc
942 1319 1296 1372 commissum
1357 1319 1536 1374 fuerat
1584 1357 1600 1381 ,
1647 1333 1838 1373 eversa
1869 1358 1886 1383 ,
1945 1319 2022 1374 illi

449 1419 638 1468 coacta
672 1423 834 1462 manu
878 1409 1120 1464 universi
1167 1424 1292 1464 cum
1339 1411 1668 1482 conjugibns
1696 1420 1753 1467 ct
1795 1412 2021 1478 liberis,

450 1503 595 1572 quod
646 1517 784 1571 upus
837 1509 959 1556 erat
1017 1510 1074 1556 et
1123 1505 1506 1571 conveniebat,
1545 1519 1646 1574 pro
1690 1519 1750 1560 se
1792 1505 2026 1575 quisque

451 1597 764 1655 afferentes,
825 1609 990 1664 supra
1051 1596 1276 1650 modum
1329 1597 1651 1652 laborarunt
1705 1606 1812 1653 :et
1865 1598 2022 1652 brevi

452 1689 725 1760 temporis.
763 1696 1066 1750 momento.
1120 1689 1174 1742 in
1220 1687 1342 1744 loco
1361 1690 1452 1744 cui
1483 1704 1684 1745 nomen
1721 1699 1804 1746 est
1835 1691 2025 1755 Συκαὶ,

453 1784 558 1838 hoc
581 1791 666 1837 est
689 1782 773 1835 fici
801 1781 901 1850 (i),
923 1795 954 1835 e
975 1780 1196 1851 regione
1224 1782 1395 1846 urbis,
1413 1797 1443 1837 e
1463 1782 1692 1852 vestigio
1716 1783 1875 1838 aliam
1897 1798 2028 1839 con-

451 1875 641 1930 didere
667 1873 955 1928 ecclesiam
981 1911 996 1936 ,
1031 1888 1263 1944 eamque
1309 1873 1676 1928 Ἀναστασίαν
1711 1873 1809 1946 (2),
1842 1875 1897 1930 id
1943 1886 2028 1932 est

454 1967 966 2030 llesurrectionem,
999 1981 1296 2030 vocavere.
1331 1981 1396 2022 ex
1439 1977 1638 2024 eventu
1676 1969 1797 2039 ipso
1827 1985 2026 2025 nomen

453 2060 508 2113 id
548 2060 595 2112 ei
642 2059 1007 2128 imponentes.
1034 2057 1206 2124 Quam
1245 2057 1506 2129 deinceps
1533 2075 1780 2126 rursum,
1808 2061 2029 2117 .lul‘iano

454 2151 764 2220 imperante
827 2159 990 2218 atque
1039 2149 1416 2218 permittente,
1459 2150 1515 2205 in
1557 2151 1795 2220 priorem
1843 2153 2028 2208 locum

455 2241 686 2294 materia
736 2255 800 2294 ex
852 2239 1004 2294 Ficis
1043 2238 1327 2308 deportata
1369 2242 1810 2306 transtulerunt,
1863 2257 2028 2314 opere

456 2342 692 2402 utroque
745 2330 1055 2385 incredibili
1115 2331 1398 2386 celeritate
1437 2333 1704 2402 perfecto.
1738 2332 1866 2390 Haec
1903 2347 2028 2390 cum

457 2438 486 2476 a
515 2409 832 2478 Macedonio
866 2421 940 2476 ita
994 2432 1341 2493 gererentur,
1383 2422 1670 2478 Novatiani
1713 2423 1827 2481 fere
1856 2434 1913 2480 et
1941 2440 2032 2482 ca-

460 2515 677 2570 tholica:
703 2513 964 2568 Ecclesiae
983 2513 1043 2566 τὸ
1061 2513 1372 2584 όμοούσιον,
1400 2515 1888 2582 consubstantiale,
1906 2531 2032 2587 pro-

457 2608 699 2672 fitentes,
725 2607 1005 2677 conjuncti
1052 2616 1220 2677 atque
1256 2607 1397 2662 uniti
1435 2617 1584 2673 sunt,
1611 2609 1859 2664 eamdem
1890 2608 2032 2664 obti-

451 2710 653 2756 nentes
703 2700 1054 2764 sententiam,
1092 2706 1258 2769 atque
1289 2699 1516 2766 {eisdem
1553 2701 1811 2771 exagitati
1847 2700 2027 2757 malis.

457 2793 654 2847 Pacem
703 2807 936 2861 namque
991 2791 1135 2847 inter
1182 2806 1240 2845 se
1290 2791 1543 2860 agebant,
1603 2791 2030 2858 conveniebant,

457 2885 848 2948 orationesque
895 2892 955 2936 et
1012 2881 1114 2937 alia
1170 2882 1693 2947 eommunicabant,
1746 2883 1898 2938 nullo
1963 2884 2032 2939 ab

457 2976 676 3032 Arianis
703 2975 797 3045 qui
846 2975 1110 3030 ecclesias
1151 2990 1343 3030 omnes
1387 2985 1814 3046 occupaverant.
1842 2977 2032 3031 catho-

455 3071 580 3126 licis
622 3071 815 3126 relicto
847 3071 1070 3138 templo.
1113 3069 1190 3123 lta
1221 3069 1641 3124 consuetudinis
1685 3069 2030 3134 assiduitate,

2124 584 2190 656 δή
2233 585 2392 653 λόγος
2420 583 2537 654 ἔχει
2578 585 2805 653 γενναῖα
2837 583 3038 646 αὐτοὺς
3066 582 3204 652 ἔργα
3245 583 3434 652 χειρὸς
3467 583 3689 654 διαπρά-

2127 675 2343 743 ξασθαι,
2395 675 2536 747 τάχα
2582 677 2996 746 συναιρομένων
3044 670 3242 746 οἷάπερ
3283 674 3555 746 ὁμόφροσι
3605 680 3690 730 καὶ

2125 770 2235 822 τῶν
2275 767 2382 820 ἀπὸ
2431 767 2532 837 τῆς
2559 768 2849 838 όμοουσίου
2883 767 3064 838 δόξης.
3099 767 3391 838 Δυομένης
3423 770 3532 839 γὰρ
3561 771 3688 823 ἐκεί-

2127 878 2225 930 νης
2275 860 2342 915 δι’
2370 856 2448 916 ῶν
2477 860 2850 931 ἐπετρέπετο,
2907 860 3187 931 πανδημεὶ
3226 859 3691 930 συναθροισθέντες

2127 956 2352 1020 ἐκεῖνοι,
2383 955 2479 1008 καὶ
2512 957 2770 1022 γυναῖκες
2812 954 2907 1006 καὶ
2937 953 3146 1016 παῖδες,
3178 953 3240 1006 τὸ
3271 951 3552 1022 προσῆκον
3575 951 3690 1004 ἐκα-

2129 1062 2254 1136 σιτ-φ⁸
2281 1044 2804 1115 μετακομιζόμενοι,
2834 1044 3133 1116 ὑπερφυῶς
3160 1044 3389 1098 ἐπόνουν
3413 1058 3426 1070 ·
3449 1043 3692 1136 xui-ﬁxa.

2131 1128 2320 1208 ρισπως
2355 1136 2436 1199 είς
2466 1137 2557 1191 τὸν
2591 1135 2900 1205 ἀντιπέραν
2927 1135 3093 1189 τόπον
3123 1134 3224 1204 τῆς
3264 1134 3498 1197 πόλεως,
3527 1128 3571 1201 ᾧ
3602 1135 3690 1187 Ea-

2127 1226 2223 1277 καὶ
2255 1225 2447 1294 ὄνομα,
2477 1225 2676 1295 ἀθρόον
2704 1225 2894 1296 ἕτερον
2935 1221 3085 1280 οἷκον
3121 1225 3356 1278 ἀνίστων
3384 1243 3398 1256 ο
3429 1225 3522 1277 καὶ
3553 1223 3692 1279 Ἀνα-

2129 1317 2359 1371 στασίαν
2387 1318 2479 1372 τδν
2511 1316 2660 1372 οἶκον
2698 1319 3012 1387 ὠνόμασαν,
3051 1321 3116 1370 ἐκ
3165 1318 3260 1371 τοῦ
3298 1317 3607 1388 συμϐάντος
3638 1320 3691 1368 τ’›

2125 1402 2308 1473 ὄνομα
2357 1405 2750 1475 περιθέμενοι*
2797 1406 2858 1460 δν
2884 1405 3041 1469 αὖθις
3088 1405 3387 1458 Ἰουλιανοῦ
3443 1403 3689 1474 ἄρξαντος

2127 1499 2223 1551 καὶ
2253 1498 2674 1566 ἐπιτρέψαντος,
2703 1499 2787 1560 είς
2837 1498 2931 1551 τὸν
2961 1499 3233 1568 πρότερον
3269 1497 3583 1566 μετήγαγον
3607 1496 3687 1549 τό-

2126 1604 2250 1652 πον,
2277 1587 2376 1650 τάς
2413 1587 2544 1652 ὕλας
2599 1593 3080 1658 μετακομίσαντες
3121 1591 3188 1641 ἐκ
3241 1586 3451 1653 συκῶν,
3495 1588 3690 1657 ἀπείρῳ

2127 1678 2279 1748 τάχει
2307 1679 2402 1732 καὶ
2423 1677 2595 1749 ἄμφω
2622 1677 3078 1747 διαπραξάμενοι.
3109 1678 3334 1732 Τούτων
3363 1679 3421 1732 δέ
3454 1678 3558 1733 ὑπὸ
3582 1678 3688 1732 Μα-

2128 1770 2367 1824 κεδονίου
2397 1771 2724 1838 γινομένων,
2761 1771 2963 1842 μικροῦ
3005 1768 3146 1836 οῐ,τε
3173 1770 3516 1825 Ναυατιανοί
3542 1773 3627 1825 καὶ
3643 1773 3687 1824 oi

2128 1862 2227 1929 τῆς
2279 1861 2510 1915 καθόλου
2557 1861 2891 1932 Ἐκκλησίας
2919 1861 2997 1930 τῷ
3041 1863 3317 1934 ὁμοουσίῳ
3368 1862 3688 1932 στοιχοῦντες

2131 1954 2444 2026 ήνὼθησαν,
2478 1954 2602 2026 ῐσην
2629 1954 2790 2021 δόξαν
2821 1955 3059 2024 ἔχοντες⁹
3091 1957 3289 2026 ἐπίσης
3315 1971 3378 2008 τε
3414 1955 3688 2025 ἐλαυνόμε-

2129 2065 2210 2103 νοι
2237 2062 2251 2076 ·
2274 2051 2371 2103 καὶ
2404 2047 2540 2118 πρὸς
2570 2047 2841 2117 ἀλλήλους
2871 2047 3216 2111 ἐσπένδοντο,
3258 2049 3592 2117 συνήρχοντό
3637 2063 3687 2097 τι

2129 2140 2228 2194 καὶ
2269 2139 2435 2210 εὐχῆς
2464 2142 2560 2194 καὶ
2597 2140 2710 2194 τῶν
2758 2139 2963 2193 λοιπῶν
2995 2139 3340 2193 ἐκοινώνουν.
3383 2138 3569 2200 Οὐδεὶς
3595 2140 3689 2206 γὰρ

2128 2228 2278 2296 οἶκος
2314 2235 2428 2295 τοῖς
2473 2231 2584 2286 ἀπὸ
2633 2233 2736 2302 τῆς
2762 2231 2995 2287 καθόλου
3047 2231 3384 2300 Ἐκκλησίας
3437 2231 3688 2296 ἐλείπετο,

2129 2329 2242 2390 τοῖς
2283 2327 2582 2396 Ἀρειανοῑς
2606 2326 2822 2381 πάντων
2851 2323 3256 2396 κατεχομένων.
3289 2324 3384 2394 Τῷ
3409 2323 3467 2376 δὲ
3494 2325 3689 2394 συνεχεί

2131 2421 2228 2492 τῆς
2272 2420 2493 2492 ὁμιλίας
2531 2419 2728 2489 καὶτῷ
2759 2419 2854 2473 τοῦ
2887 2420 3098 2482 πάθους
3149 2417 3336 2488 ταυτῷ
3371 2419 3528 2472 κενὸν
3563 2413 3688 2469 εἶναι

2130 2514 2370 2584 οίόμενοι
2401 2511 2650 2583 ἀλλήλων
2679 2511 3011 2577 διίστασθαι,
3045 2512 3179 2582 πρὸς
3202 2511 3265 2564 τδ
3298 2511 3578 2564 κοινωνεῖν
3606 2507 3691 2561 ἀλ-

2130 2605 2316 2678 λήλοις
2345 2601 2506 2676 ἦσαν.
2545 2603 2656 2658 Καί
2700 2620 2766 2673 γε
2807 2603 2875 2658 ἀν
2925 2605 3266 2676 ἐπεραίνετο,
3305 2606 3358 2658 εί
3405 2604 3481 2674 μὴ
3511 2602 3570 2656 τδ
3607 2601 3688 2655 τοῦ

2133 2699 2377 2768 πλήθους
2407 2699 2689 2769 πρόθυμον
2715 2699 2891 2770 βραχύ
2922 2715 2976 2752 τι
3008 2699 3314 2769 βασκανίας
3345 2697 3583 2768 ἐμπεσὸν
3608 2698 3690 2750 ἐπ-

2131 2794 2282 2862 έσχε,
2313 2793 2374 2846 τὸ
2405 2793 2470 2845 ἐκ
2508 2791 2740 2845 παλαιοῦ
2775 2791 2895 2854 ιθος
2929 2793 3129 2863 χρῆναι
3163 2793 3257 2846 καὶ
3297 2790 3458 2854 αὖθις
3490 2789 3689 2859 κρατεῖν

2133 2879 2344 2933 πολλῶν
2367 2879 2662 2947 λεγόντων,
2711 2880 2805 2933 καὶ
2843 2879 2940 2948 τήν
2969 2879 3043 2951 μὴ
3076 2879 3268 2950 ἐντελῆ
3301 2878 3586 2933 κοινωνίαν
3608 2879 3688 2931 ἐκ·

2129 2971 2451 3043 τρέπεσθαι.
2495 2970 2578 3024 Τὰ
2605 2971 2694 3024 ίσα
2723 2971 2781 3026 δέ
2808 2972 2903 3026 καὶ
2945 2971 3224 3034 Ἐλεύσιος
3256 2971 3364 3025 ἀνὰ
3409 2972 3508 3041 τὴν
3541 2971 3690 3035 Κύζι-

2133 3081 2230 3120 κον
2259 3069 2372 3128 τοίς
2395 3065 2763 3128 Ναυατιανοϊς
2790 3064 2986 3120 ἐποίει.
3017 3063 3131 3134 Τὴν
3167 3064 3278 3135 γὰρ
3303 3065 3486 3116 ἐκεῖσε
3517 3061 3690 3130 ἐκκλη·

455 3174 512 3218 et
547 3178 730 3217 rerum
754 3162 1101 3218 adversarum
1125 3161 1522 3232 aequabilitate.
1547 3161 1748 3216 frustra
1779 3162 1856 3216 illi
1883 3175 2026 3228 esse,

2134 3160 2254 3212 σίαν
2277 3158 2455 3212 αὐτῶν
2483 3159 2658 3228 ἀρδην
2684 3157 2958 3212 καθεῖλεν.
3013 3159 3243 3228 Ἐπίσης
3280 3157 3339 3211 δὲ
3373 3159 3465 3211 καὶ
3494 3158 3542 3211 oi
3566 3157 3687 3210 κατά

457 3257 502 3311 si
546 3257 691 3311 inter
724 3269 783 3309 se
811 3255 1162 3320 dissidercnt,
1195 3255 1634 3321 exsistimantes,
1679 3257 1746 3311 ad
1781 3266 2027 3313 mutuam

458 3348 1122 3403 communionem‘erant
1187 3349 1471 3418 propensi.
1529 3347 1596 3402 Et
1650 3349 1891 3419 perfecta
1940 3366 2030 3406 res

459 3443 670 3504 fuisset,
695 3440 799 3496 nisi
833 3440 1203 3496 multitudinis
1223 3441 1560 3497 alacritatem
1587 3456 1750 3512 parva
1782 3445 2029 3514 quaedam

459 3532 664 3586 invidia
707 3532 1054 3586 intercedens
1098 3531 1495 3600 impedivisset,
1578 3533 1764 3589 multis
1820 3551 2029 3591 morem

457 3639 676 3677 rursum
710 3631 984 3677 vetustum
1041 3623 1420 3688 retinendum,
1462 3633 1627 3695 atque
1679 3628 2029 3681 communio-

457 3732 583 3771 nem
608 3715 984 3786 imperfectam
1002 3705 1360 3770 aversandain
1377 3732 1496 3772 esse
1518 3717 1850 3773 dicentibus.
1866 3721 2029 3792 783

461 3807 680 3861 Eisdem
742 3822 907 3876 porro
957 3807 1134 3861 modis
1185 3805 1370 3877 Cyzici
1400 3807 1657 3864 Eleusius
1701 3809 2030 3867 Novatianos

459 3899 734 3969 amigebat
761 3915 775 3953 :
801 3899 1064 3968 templum
1103 3899 1248 3953 enim
1276 3913 1466 3954 eorum
1496 3900 1568 3953 ibi
1600 3915 1822 3970 prorsus
1845 3913 2031 3958 sustu-

459 3993 544 4048 lit.
572 3992 719 4047 ldem
755 3992 849 4061 qui
885 3991 1139 4046 Mantinei
1177 3991 1521 4054 habitabant.
1569 4001 1625 4048 et
1667 3993 1760 4048 alii
1813 4011 2032 4064 quoque

459 4088 516 4141 in
544 4085 907 4155 Paphlagonia
936 4084 1220 4139 Novatiani
1257 4083 1632 4153 patiebantur.
1658 4085 1807 4151 Quos
1831 4087 2032 4158 ejicere

458 4177 833 4234 Macedoniaui
865 4192 989 4232 cum
1015 4191 1128 4230 non
1171 4185 1432 4246 possent,
1476 4177 1825 4247 imperatoris
1870 4195 2031 4250 opem

461 4266 846 4336 imploraruut,
869 4267 964 4336 qui
1012 4264 1096 4320 eis
1127 4273 1364 4335 quatuor
1392 4265 1559 4320 millia
1590 4277 1921 4321 armatorum
1953 4268 2030 4339 (3)

458 4357 687 4412 attribui
731 4357 918 4427 jussit,
975 4359 1091 4410 fore
1123 4365 1309 4423 ratus,
1348 4366 1409 4410 ut
1455 4356 1532 4411 illi
1591 4359 1815 4414 insolito
1848 4375 2034 4414 armo-

460 4466 581 4503 rum
619 4457 767 4503 metu
830 4449 1091 4503 cederent
1118 4456 1283 4518 atque
1309 4449 1666 4505 vincerentur
1695 4451 1792 4522 (4).
1831 4451 2030 4507 Verum

463 4553 552 4593 res
579 4539 738 4593 aliter
761 4538 982 4592 cecidit.
1015 4538 1259 4608 Populus
1307 4541 1455 4594 enim
1509 4520 1745 4596 falcibus
1774 4550 1829 4596 et
1861 4542 2030 4598 clavis
2066 4520 2108 4576 θ

459 4639 518 4684 et
545 4629 852 4692 securibus,
883 4629 1116 4698 aliisque
1141 4630 1330 4694 armis,
1369 4640 1430 4683 ut
1463 4647 1583 4684 sors
1633 4632 1866 4695 ferebat,
1901 4647 2030 4688 cor-

460 4722 650 4790 reptis,
681 4737 804 4776 cum
833 4722 1054 4775 militari
1085 4737 1248 4775 manu
1274 4727 1376 4790 pro
1408 4739 1466 4778 se
1490 4726 1721 4793 quisque
1754 4727 2031 4796 congressi

460 4822 611 4868 sunt.
639 4811 707 4865 Et
742 4812 928 4880 pmiio
969 4811 1571 4880 utrinque.commisso.
1611 4813 1764 4867 inulti
1810 4814 2032 4884 quidem

460 4903 627 4960 etiam
657 4918 724 4958 ex
751 4901 1211 4972 Paphlagonibus,
1243 4901 1443 4957 milites
1468 4913 1648 4958 autem
1691 4901 1806 4959 fere
1839 4920 2033 4960 omnes

461 4997 840 5052 conciderunt.
895 4993 1260 5060 Quamobrem
1319 5008 1350 5048 a
1406 4995 1597 5050 multis
1629 5034 1644 5058 .
1703 4997 2036 5051 necessariis

461 5090 628 5144 etiam
664 5088 800 5154 suis,
835 5085 1188 5142 Macedonius
1217 5097 1303 5142 est
1343 5089 1729 5156 reprehensus.
1759 5091 2038 5145 Alienavit

463 5194 685 5250 quoque
745 5179 813 5233 ab
842 5192 911 5232 eo
953 5177 1350 5232 benevolentia:
1397 5178 1654 5233 ardorem
1713 5181 2036 5249 imperator,

463 5286 642 5340 neque
681 5271 818 5326 adeo
840 5271 980 5326 bene
1008 5270 1236 5340 posthac
1263 5285 1390 5340 erga
1419 5284 1543 5324 eum
1579 5272 1856 5326 animatus
1893 5271 1995 5326 fuit
2023 5291 2035 5326 :

438 5428 446 5455 f

438 5468 442 5474 '
538 5468 618 5538 (l)
652 5468 909 5524 Socrates
951 5469 1109 5525 Ficos
1140 5471 1494 5526 tredecimam
1539 5475 1696 5528 urbis
1723 5473 2043 5529 Constanti-

467 5541 802 5609 nopolitana:
839 5541 1115 5609 regionem
1149 5557 1270 5595 esse
1298 5543 1514 5596 scribit.

542 5612 617 5678 (2i
660 5611 1086 5686 Ἀνάστασιςμιξῐ
1123 5613 1426 5686 ἀναστασία
1459 5613 1796 5686 vastitatem,
1837 5623 1895 5670 et
1945 5631 2042 5686 per

470 5691 802 5754 contrariam
871 5680 1321 5754 significationem
1387 5685 1798 5739 restitutionem
1873 5680 2041 5754 atque

473 5748 1245 5826 resurrectionemdesignat:
1268 5752 1321 5804 in
1352 5761 1643 5826 utramque
1673 5770 1800 5809 sane
1831 5748 2040 5826 partem

472 5822 676 5891 templo
706 5820 753 5875 ei
783 5819 1076 5890 appellatio
1111 5825 1211 5876 ista
1241 5821 1520 5876 convenit.

2129 3251 2191 3305 τὸ
2219 3252 2545 3305 Μαντίνειον
2590 3249 2871 3313 οἰκοῦντες
2918 3249 3176 3319 ἔπασχον,
3221 3252 3316 3303 καὶ
3346 3251 3498 3304 ἄλλοι
3525 3249 3688 3302 Ναυα-

2130 3344 2306 3398 τιανολ⁸
2326 3343 2680 3412 Παφλαγόνες
2701 3359 2716 3375 ο
2738 3341 2832 3406 οὓς
2867 3341 3180 3408 ἐξελαύνειν
3213 3344 3288 3413 μὴ
3330 3337 3435 3397 οἷοί
3468 3361 3522 3396 τε
3553 3343 3686 3404 ὅντες

2131 3437 2180 3490 οί
2207 3435 2309 3505 τῆς
2330 3435 2631 3508 ἐκκλησίας
2657 3433 3017 3499 Μακεδονίου,
3051 3436 3264 3489 ἐδέοντο
3289 3434 3558 3505 βασιλέως
3580 3453 3688 3487 συν-

2133 3529 2406 3600 αίρεσθαι.
2457 3528 2518 3581 '0
2553 3529 2611 3581 δὲ
2650 3527 3127 3598 τετρακισχιλίους
3155 3529 3414 3598 ξιφήρεις
3450 3528 3688 3599 στρατιὼο

2131 3639 2231 3686 τας
2265 3621 2538 3692 πέμπων,
2569 3621 2644 3692 τῷ
2671 3620 2831 3693 ἀήθει
2883 3622 2992 3674 τῶν
3024 3623 3206 3675 ὃπλων
3237 3621 3380 3692 ᾤετο
3409 3623 3511 3676 On‘;
3549 3623 3688 3690 χεῖρα

2135 3715 2305 3784 σχεῖν.
2336 3714 2410 3767 Τὸ
2441 3713 2498 3766 δέ
2529 3713 2708 3777 ἄλλως
2737 3712 3027 3768 ἀπέϐαινε.
3051 3715 3130 3767 Τά
3161 3717 3268 3782 γὰρ
3292 3716 3476 3768 ἐκεῖσε
3510 3712 3684 3782 πλήθη,

2131 3807 2378 3876 δρέπανα
2400 3807 2494 3860 καὶ
2516 3806 2760 3878 κορύνας
2784 3807 2881 3860 καὶ
2898 3807 3026 3861 ἀλλο
3056 3807 3110 3859 εἴ
3137 3825 3191 3860 τι
3213 3807 3406 3878 ἔτυχεν
3436 3805 3691 3875 ἁρπάσαν-

2131 3917 2244 3965 τες,
2297 3899 2527 3962 ἕκαστος
2577 3897 2954 3968 συμϐάλλουσι
3011 3903 3126 3962 τοῖς
3172 3901 3560 3969 στρατιώταις.
3597 3898 3688 3950 Καὶ

2137 3993 2317 4064 μάχης
2363 3991 2714 4062 ἑκατέρωθεν
2773 3991 3172 4065 συρῤαγείσης,
3240 3992 3430 4046 πολλοὶ
3478 3992 3573 4062 μὲν
3608 3990 3688 4044 καὶ

2133 4083 2241 4136 τῶν
2275 4081 2674 4151 Παφλαγόνων,
2705 4081 2818 4136 τῶν
2855 4085 2912 4138 δὲ
2967 4083 3320 4154 στρατιωτῶν
3375 4085 3554 4154 σχεδὸν
3593 4082 3687 4135 ὅλοι

2135 4173 2417 4226 πίπτουσι.
2473 4173 2784 4227 Κὰντεῦθεν
2831 4175 2935 4227 ὑπδ
2999 4176 3216 4246 μέμψιν
3251 4171 3321 4247 ἦν
3379 4175 3687 4235 Μακεδόνως

2133 4267 2244 4327 τοῖς
2286 4264 2498 4329 πολλοῖς
2541 4266 2649 4319 τῶν
2683 4265 3032 4338 ἐπιτηδείων.
3084 4267 3316 4340 Ἀφῄρει
3347 4268 3403 4322 δὲ
3431 4272 3526 4322 καὶ
3555 4268 3688 4338 βασι-

2133 4355 2259 4415 λεὺς
2291 4357 2348 4409 τὸ
2377 4356 2474 4426 τῆς
2524 4356 2739 4420 εὖνοίας
2773 4356 2995 4427 θερμὸν,
3028 4358 3123 4412 καὶ
3156 4361 3223 4412 τι
3256 4360 3395 4430 πρὸς
3423 4360 3580 4413 αὐτὸν
3602 4359 3688 4410 οὐκ

2135 4447 2467 4518 ἐρρωμένως
2496 4447 2752 4513 διέκειτο,
2784 4449 2880 4503 ac:
2921 4449 2985 4520 δὴ
3015 4450 3290 4505 τοσούτων
3332 4453 3512 4522 φόνων
3539 4452 3688 4502 αἴτιον

2135 4541 2418 4608 γεγονότα.
2473 4541 2698 4612 Συμσάν
2768 4542 2824 4595 δὲ
2865 4541 3146 4597 καὶτοῦτο
3205 4545 3432 4614 μεῖζονα
3466 4544 3559 4616 τήν
3589 4539 3687 4593 κατ’

2135 4632 2301 4685 αὑτοῦ
2336 4633 2632 4703 ἀπέχθειαν
2665 4635 2857 4706 ἠγειρε
2888 4635 3141 4705 βασιλεῖ·
3191 4638 3287 4689 τοῦ
3319 4640 3430 4707 γὰρ
3472 4637 3612 4691 οῐκου
3639 4638 3686 4685 ὲν

2133 4715 2178 4788 ᾧ
2208 4725 2240 4792 ή
2271 4723 2474 4792 λάρναξ
2497 4723 2594 4777 καὶΙ
2622 4725 2681 4777 τὸ
2701 4725 2864 4794 σῶμα
2897 4725 3076 4780 ἔκειτο
3100 4727 3534 4793 Κωνσταντίνου,
3566 4724 3688 4778 m6)-

2138 4831 2222 4867 σιν
2241 4815 2614 4880 ἀπειλοῦντος,
2647 4819 2744 4871 καὶ
2771 4818 2925 4883 δέους
2951 4821 3051 4873 οὐκ
3073 4820 3360 4889 ἐλαχίστου
3392 4822 3497 4882 τοῖς
3531 4821 3684 4871 ἐκεῖσε

2135 4907 2198 4976 δὴ
2225 4908 2656 4979 παρεδρεύουσιν
2689 4911 3078 4980 ἐπηρτημένου
3102 4953 3116 4978 ,
3154 4913 3492 4975 Μακεδόνιος
3523 4912 3585 4963 τα
3608 4907 3686 4960 τἰὖ

2141 4996 2404 5066 βασιλέως
2454 5001 2588 5053 ὀστᾶ
2639 5000 2875 5072 ἀλλαχοῦ
2907 5004 3244 5074 μεταφέρειν
3280 5001 3594 5064 ἐσπούδαζε,
3625 4998 3684 5050 Ti

2137 5087 2193 5141 δὲ
2215 5089 2442 5157 πλῆθος,
2475 5091 2762 5160 μαθόντες,
2796 5094 3185 5158 στασιάζοντες
3214 5091 3376 5165 ἦσαν,
3413 5095 3486 5165 μὴ
3515 5094 3682 5164 χρῆναι

2139 5177 2386 5247 λέγοντες
2439 5182 2666 5251 βασιλέα
2706 5185 2880 5255 μέγαν
2909 5185 3050 5239 οὓτω
3081 5188 3507 5257 μετακομίζεινο
3540 5184 3683 5254 μηδὲν

2141 5273 2249 5340 γὰρ
2280 5273 2558 5345 διαφέρειν
2588 5276 2680 5328 τοῦ
2714 5276 3058 5346 ἀνορύττειν.
3096 5273 3190 5341 Οἷς
3217 5279 3282 5350 δὴ
3311 5279 3540 5347 μάλιστα
3570 5274 3686 5340 σύμ-

2219 5473 2296 5545 (5)
2330 5478 2618 5553 Τέσσαρας
2638 5480 2942 5553 ἀριθμούς,
2971 5481 3128 5538 Socr.
3150 5483 3404 5552 Τέσσαρα
3435 5480 3682 5548 τάγματα»

2149 5545 2372 5623 Sozam:
2409 5545 2819 5622 Τετραρίθμους
2853 5545 3216 5623 στρατιώτας,
3250 5545 3404 5610 Suid.

2224 5617 2302 5687 (4)
2346 5617 2406 5692 ιιι
2451 5617 2531 5673 8³⁷
2567 5617 2948 5692 persecutione
2998 5621 3287 5679 Novatiaui
3341 5621 3684 5692 Paphlagones

2148 5683 2260 5770 viui
2285 5683 2365 5769 '_vi
2408 5683 2772 5812 trepel-lentes,
2818 5692 3264 5750 Maccdonianam
3313 5683 3684 5752 manum'nlaic

2149 5771 2401 5812 accuuun
2435 5801 2449 5812 .

2149 5771 2449 5825 accipiunt.
