3870 6542
207 315 299 378 393

1113 304 1711 368 ECCLESIAS’I‘Ifle
1753 304 2140 366 HISTORIAE
2180 304 2324 365 LIB.
2374 304 2470 364 IX.

3246 350 3254 356 .
3331 301 3435 362 ποι

203 443 356 495 emo:
388 420 522 493 ἦσαν
566 422 653 475 καλ.
685 424 733 477 οἱ
774 423 832 475 τὸ
861 421 1036 489 δόγμα
1078 418 1176 487 τῆς
1204 419 1263 472 ὲν
1296 418 1503 487 Nix-tisi.
1529 416 1751 469 συνόδου

1868 426 2048 485 utpote
2077 415 2169 485 qui
2208 424 2286 470 tot
2316 414 2510 470 fuisset
2531 413 2760 470 ctedium
2796 398 3010 469 auctor.
3036 413 3103 469 Et
3134 430 3257 470 cum
3282 417 3434 470 aliud

201 517 601 588 πρεσϐεύοντες,
638 515 797 585 ὖεριν
823 513 916 569 τοῦ
948 513 1216 581 βασιλέως
1246 512 1346 581 τὴν
1383 508 1756 580 μετακομιδὴν

203 613 450 677 οξόμενοι,
496 609 672 670 ἄλλως
700 624 760 659 τε
791 608 889 660 καὶ
920 606 1010 659 διὰ
1032 604 1271 681 σπουδῆς
1289 601 1604 672 ποιούμενοι
1635 602 1758 658 Μα-

201 702 408 772 κεδονίῳ
434 699 833 755 ἐναντιοῦσθαι.
851 698 909 755 Ὀ
930 698 977 751 δ’
1008 699 1213 768 ἥκιστα
1240 695 1531 767 φροντίσας
1558 694 1665 747 τῶν
1689 696 1759 748 εί-

206 794 466 864 ρημένων.
503 795 736 862 μετάγει
765 795 825 846 τδ
856 794 1017 862 σῶμα
1054 790 1184 862 περὶ
1210 794 1303 844 τὸν
1333 791 1459 844 ναόν
1482 805 1498 821 ⁶
1531 791 1666 843 ὅπου
1693 788 1759 859 δὴ

205 886 288 938 καὶ
312 889 339 939 ὁ
372 886 561 957 νεκρδς
591 886 853 940 ’Δκακίου
883 887 1065 939 κεῖται
1098 884 1188 937 τοῦ
1241 882 1540 955 μάρτυρος*
1578 873 1639 936 οὗ
1675 898 1761 951 γι-

201 979 411 1048 νομένου
436 1019 451 1041 ,
489 978 597 1033 τῶν
625 979 1041 1049 διαφερομένων
1073 979 1242 1049 πολλή
1276 996 1359 1040 τις
1391 979 1604 1046 γίνεται
1635 992 1758 1029 συν-

198 1072 358 1141 δρομή
380 1088 395 1103 ’
422 1065 501 1126 ῶν
524 1070 575 1125 oi
607 1070 707 1142 μὲν
724 1070 793 1125 δι’
823 1072 1070 1136 ἐπαίνου,
1101 1072 1152 1124 οί
1179 1071 1224 1124 δ’
1245 1071 1302 1124 ἐν
1333 1069 1543 1141 μέμψει
1574 1066 1759 1141 notos-

203 1177 341 1230 μενοι
365 1160 427 1211 τὸ
453 1159 721 1230 πραχθὲν,
754 1159 817 1213 τὸ
844 1159 944 1229 μὲν
979 1159 1197 1230 πρῶτον
1228 1158 1501 1230 ἠμύνοντο
1520 1173 1534 1189 ο
1569 1157 1761 1212 ἔπειτα

198 1254 310 1307 κατ’
358 1251 604 1320 ἀλλήλων
633 1253 960 1323 τραπέντες,
989 1254 1048 1314 ὲς
1089 1250 1346 1305 τοσοῦτον
1385 1250 1614 1313 ἀτοπίας
1644 1249 1762 1317 ὲγέ-

199 1361 356 1411 νοντο,
385 1342 461 1406 ὡς
491 1343 659 1397 αὐτόν
693 1360 752 1397 τε
800 1344 896 1397 τὸν
932 1340 1104 1406 οἷκον,
1132 1344 1228 1396 καὶ
1259 1342 1349 1397 τὸν
1373 1341 1537 1413 πέριξ
1569 1343 1760 1401 τόπον.

198 1437 430 1505 αίμάτων
463 1436 558 1489 καὶ
593 1436 773 1505 φόνων
808 1435 1063 1507 ἔμπλεων
1100 1435 1295 1503 δεῖξαι.
1325 1435 1586 1523 Βασιλεὺς
1612 1434 1656 1488 δ’
1683 1434 1762 1487 ἔτι

200 1524 319 1594 πρὸς
346 1524 586 1592 ἑσπέραν
635 1524 862 1593 διάγων,
889 1524 1015 1578 ἐπεὶ
1052 1524 1121 1578 τὰ
1153 1524 1294 1577 κατὰ
1346 1523 1446 1593 τὴν
1478 1523 1760 1594 πατρικὴν

197 1616 339 1685 θίδην
370 1615 658 1685 συμϐάντα
713 1616 935 1685 διέγνω,
978 1615 1240 1693 χαλεπῶς
1286 1613 1485 1684 ἔφερεν
1514 1628 1527 1644 ⁸
1559 1614 1762 1687 ὲμήνυέ

1842 507 2024 562 -etiam
2057 505 2316 576 quiddam
2363 505 2675 570 accidisset,
2726 506 3075 577 imperatoris
3132 523 3259 579 erga
3303 523 3431 562 eum

1859 598 2046 652 odium
2078 597 2249 669 magis
2276 608 2363 654 est
2386 607 2632 654 auctum.
2671 597 2955 668 Templum
2987 599 3040 652 in
3074 614 3183 669 quo
3224 615 3360 654 urna
3383 609 3442 655 et

1860 701 2061 755 corpus
2093 686 2437 743 Constantini
2466 687 2633 741 situm
2673 695 2812 753 erat,
2850 687 3061 741 ruinam
3101 687 3435 743 minabatur.

1864 780 2037 848 Atque
2080 779 2169 833 ubi
2204 778 2531 833 custodibus
2572 779 2693 848 ejus
2737 789 2795 833 et
2822 778 3203 834 sacerdotibus
3253 796 3316 834 ea
3371 781 3442 835 de

1862 884 2026 924 causa
2059 883 2166 924 non
2198 870 2456 924 minimus
2487 870 2806 925 incessisset
2846 854 3055 935 metus,
3080 869 3440 926 Macedonius

1866 960 2213 1030 imperatoris
2240 976 2364 1015 ossa
2390 960 2445 1014 in
2468 960 2636 1015 alium
2667 961 2965 1018 transferre
2990 963 3170 1023 locum
3196 962 3437 1018 volebat.

1863 1052 1938 1106 Ea
1966 1067 2023 1106 re
2062 1053 2301 1123 cognita,
2331 1052 2628 1107 multitudo
2677 1052 3000 1108 tumultuari
3037 1054 3241 1123 cmpit,
3283 1053 3439 1110 nefas

1863 1160 1985 1201 esse
2016 1145 2326 1201 vociferans
2355 1186 2370 1211 ,
2408 1163 2664 1217 magnum
2717 1147 3106 1217 imperatorem
3141 1146 3214 1201 ita
3260 1157 3442 1202 trans-

1863 1236 2008 1291 ferre
2036 1253 2051 1290 :
2082 1238 2226 1307 quod
2258 1252 2320 1292 ea
2349 1253 2436 1293 res
2470 1238 2605 1293 nihil
2634 1254 2665 1293 a
2720 1238 2958 1309 sepulcri
3011 1239 3304 1293 violatione
3335 1237 3443 1293 dif-

1868 1327 2053 1383 ferret.
2107 1327 2243 1384 Cum
2309 1329 2512 1400 quibus
2571 1330 2760 1386 verbis
2809 1331 2973 1385 etiam
3031 1329 3443 1385 concordabant
3521 1360 3533 1368 -

1864 1420 2133 1491 dogmatis
2181 1419 2385 1475 Niraeni
2418 1421 3220 1493 professores,‘contumeliam
3271 1423 3446 1492 impe-

1867 1513 2069 1568 ratoris
2119 1513 2534 1569 translationem
2596 1529 2715 1568 eam
2764 1529 2888 1570 esse
2937 1524 3213 1584 putantes.
3243 1516 3323 1570 Ad
3387 1516 3443 1571 id

1865 1606 2117 1672 accessit.
2143 1606 2289 1676 quod
2326 1606 2394 1663 de
2423 1607 2692 1664 industria
2728 1607 3050 1665 Macedonio
3080 1610 3446 1665 adversaren-

197 1722 247 1758 τε
273 1705 607 1776 Μακεδονίῳ,
639 1703 714 1769 ῶς
742 1700 1077 1775 ὐόρισμένου
1105 1703 1256 1774 αὐτῷ
1285 1702 1378 1756 τοῦ
1414 1701 1641 1773 πατρὸς,
1667 1701 1763 1755 ac:

1868 1707 1980 1752 tur.
2005 1698 2099 1755 llle
2129 1710 2311 1755 autem
2340 1701 2525 1757 verbis
2553 1701 2826 1772 ejusmodi
2868 1703 3445 1773 contemptis,corpus

198 1799 333 1868 παρὰ
360 1773 586 1866 γνώμην
629 1773 839 1852 ἐκείνου
892 1773 1591 1867 μεταθεῖναιτολμήσαντι
1617 1810 1631 1826 ·
1667 1794 1764 1849 καὶ

1871 1789 1924 1844 in
1977 1790 2239 1860 templum
2282 1793 2577 1858 transfert,
2609 1794 2700 1847 ubi
2753 1796 2918 1849 etiam
2977 1795 3209 1850 cadaver
3255 1796 3445 1852 Acacii

195 1892 260 1954 ὡς
284 1890 449 1944 αἴτιον
490 1889 797 1961 ήγούμενος
826 1890 926 1960 τῆς
965 1889 1061 1944 τοῦ
1096 1888 1338 1960 πλήθους
1373 1888 1606 1957 φθορᾶς.
1649 1888 1762 1943 Καὶ

1870 1885 2124 1954 martyris
2155 1894 2240 1939 est
2274 1885 2568 1956 sepultum.
2601 1886 2757 1953 Quod
2779 1903 2903 1943 cum
2935 1888 3112 1953 ﬁeret,
3154 1890 3343 1960 ingens
3362 1899 3447 1945 est

198 1982 319 2050 δῆτα
345 1984 453 2038 τῶν
478 1984 752 2054 ἑσπερίων
795 1982 1041 2053 ἀπάρας,
1089 1982 1171 2045 είς
1195 1980 1296 2052 τὴν
1329 1980 1447 2036 Ἕω
1470 1980 1757 2035 διέϐαινεν.

1868 1975 2053 2044 populi
2084 1974 2228 2031 inter
2267 1991 2326 2031 se
2355 1977 2676 2034 dissidentis
2701 1978 2846 2055 facta
2869 1983 3241 2037 concursatio.
3265 1983 3446 2053 Atque

208 2072 480 2128 Ἰουλιανδν
503 2075 561 2128 δὲ
587 2076 681 2128 τὸν
709 2075 933 2146 ἀνεψιὸν
963 2074 1219 2144 Καίσαρα
1252 2072 1556 2144 τηνικαῦτα
1584 2089 1760 2143 χειρο-

1869 2065 1956 2122 liis
1992 2065 2195 2124 factum
2231 2068 2607 2139 laudantibus,
2636 2072 2747 2128 illis
2772 2084 2955 2129 autem
2987 2076 3449 2145 reprehendenti-

199 2169 417 2237 τονήσας
446 2167 538 2220 ἐπὶ
563 2166 781 2237 φυλακῇ
817 2166 927 2221 τῶν
952 2165 1091 2237 πρὸς
1118 2164 1273 2220 δύσιν
1304 2164 1629 2236 ἀρχομένων
1657 2182 1755 2236 με-

1868 2158 1993 2226 bus,
2031 2163 2267 2232 primum
2294 2165 2517 2235 quidem
2544 2167 2799 2238 injuriam
2838 2179 3089 2226 arccntes
3119 2186 3177 2225 se
3210 2171 3446 2224 tueban-

201 2257 315 2327 ρῶν,
344 2257 426 2320 τίς
458 2257 710 2321 Γαλάτας
735 2257 1013 2328 ἔπεμπεν.

1875 2267 1965 2311 tnr
2024 2274 2041 2315 :
2101 2259 2300 2317 deinde
2366 2279 2497 2319 vero
2551 2265 2709 2321 alteri
2768 2268 2822 2322 in
2894 2270 3097 2323 alteros
3154 2269 3446 2332 conversi,

201 2365 260 2404 eo
314 2351 580 2407 vecordiae
641 2351 1071 2422 processerunt,
1136 2359 1198 2404 ut
1256 2358 1314 2404 et
1364 2364 1485 2406 eam
1548 2349 1722 2419 ipsam
1795 2348 1968 2404 aedem
2032 2367 2271 2419 sacram,
2326 2365 2384 2410 et
2459 2361 2768 2427 proximum
2831 2362 2886 2416 in
2945 2362 3185 2417 circuitu
3266 2362 3449 2417 locum

202 2445 447 2515 sanguine
509 2455 566 2500 et
627 2444 875 2500 caedibus
942 2443 1376 2514 compleverint.
1435 2441 1738 2511 Imperator
1792 2454 1976 2498 autem
2028 2444 2081 2499 in
2140 2445 2443 2507 Occidente
2501 2452 2681 2509 adhuc
2738 2454 2974 2526 degens,
3033 2456 3124 2510 ubi
3182 2456 3312 2529 quid
3382 2456 3451 2511 de

204 2552 413 2610 paterno
479 2541 735 2611 sepulcro
810 2549 993 2596 actum
1072 2548 1220 2596 esset
1304 2538 1611 2602 intellexit,
1684 2539 1834 2610 gravi
1904 2539 1958 2594 id
2040 2542 2162 2599 tulit
2220 2545 2432 2614 animo,
2499 2549 2664 2622 784,
2720 2561 2774 2607 et
2836 2552 3197 2620 Macedonio,
3251 2555 3449 2627 injuria

202 2638 261 2693 ab
316 2654 378 2693 eo
433 2639 687 2693 affectum
750 2653 871 2694 esse
940 2647 1176 2707 patrem,
1216 2637 1312 2707 qui
1376 2636 1531 2691 illum
1592 2645 1792 2708 praeter
1839 2638 2178 2696 voluntatem
2226 2658 2379 2698 suam
2442 2649 2745 2703 transferre
2794 2663 2964 2705 ausus
3028 2649 3220 2717 fuerit,
3267 2651 3449 2721 ipsum

204 2748 404 2803 quoque
454 2732 622 2786 cmdis
693 2740 854 2787 tantae
904 2730 1272 2785 multitudinis
1334 2744 1555 2785 causam
1621 2743 1743 2785 esse
1797 2728 2165 2790 denuntiavit.
2241 2736 2310 2791 Et
2384 2749 2572 2809 postea
2634 2757 2702 2796 ex
2759 2742 3062 2799 Occidente
3106 2742 3191 2802 'ad
3266 2759 3452 2817 partes
3504 2767 3516 2777 θ

203 2828 488 2884 Orientales
541 2826 775 2882 transiit.
808 2825 878 2881 Et
908 2824 1188 2882 lulianum
1258 2823 1559 2895 patruelem
1628 2821 1894 2889 fratrem,
1938 2835 2052 2880 tum
2100 2826 2370 2887 Caesarem
2424 2833 2625 2893 factum
2655 2876 2671 2899 ,
2707 2842 2767 2890 ut
2827 2839 3129 2906 provinciis
3180 2838 3452 2896 Occiden-

207 2924 390 2980 talibus
442 2922 697 2994 praasidio
766 2930 950 2988 esset,
1014 2921 1068 2977 in
1143 2919 1411 2977 Calatiam
1453 2919 1629 2977 misit.

764 3064 1017 3118 ΚΕΦᾹΛ.
1049 3063 1181 3118 ΜΡ.

208 3160 328 3228 Περί
382 3161 492 3229 τῆς
536 3162 608 3216 ἐν
641 3159 965 3229 Σελευκείᾳ
1017 3159 1289 3214 συνόδου
1312 3158 1452 3229 ’.καί
1486 3160 1620 3229 περὶ
1653 3159 1761 3227 τῆς

265 3226 450 3297 ἄλλης
506 3232 803 3295 ἐκθέσεως
854 3227 965 3296 τῆς
1014 3230 1276 3295 πίστεως
1346 3226 1427 3295 ἢν
1483 3226 1763 3297 ’Λκάκιος-

265 3303 699 3371 ὑπηγόρευσεν.

278 3416 412 3469 Ἀλλ’
455 3418 606 3479 ὅπως
652 3418 752 3485 μὲν
794 3417 1124 3481 Μακεδόνιος
1147 3417 1242 3472 τοῦ
1266 3417 1461 3488 θρόνου
1489 3417 1765 3486 ἁπεσφαί·

210 3509 375 3579 ρῐσθη,
403 3509 616 3563 πολλῶν
664 3510 848 3564 κακῶν
883 3510 1435 3585 βραχεϊαψδεᾷωκὼς
1471 3512 1648 3581 δίκην,
1678 3529 1766 3581 μι-

207 3603 324 3667 κρδν
349 3603 581 3673 ὕστερον
617 3602 789 3667 λέξω·
820 3604 913 3657 ἐπὶ
942 3602 1000 3657 δὲ
1049 3604 1148 3675 τὴν
1194 3605 1250 3660 ὲν
1276 3605 1575 3677 Σελευκείᾳ
1604 3622 1769 3676 μετα-

209 3695 429 3765 ϐήσομαι
468 3695 711 3758 σύνοδον,
746 3696 815 3767 ἢν
871 3697 1255 3762 Κωνστάντιος
1297 3684 1385 3753 διὰ
1422 3698 1485 3753 τὸ
1512 3699 1611 3768 τῆς
1644 3699 1765 3754 ὁδοῦ

207 3788 443 3858 δυσχερὲς
478 3788 772 3860 ἀντίμιμον
808 3792 875 3860 τῇ
929 3792 986 3845 ὲν
1026 3790 1305 3863 ’Δριμήνῳ
1341 3791 1481 3846 κατὰ
1508 3792 1609 3863 τὴν
1648 3793 1766 3847 Ἕω

209 3881 443 3945 γενέσθαι
478 3866 843 3951 προσέταττε.
880 3883 993 3936 Καὶ
1014 3882 1077 3954 δή
1115 3883 1259 3937 κατὰ
1306 3884 1407 3954 τὴν
1440 3886 1541 3954 τῆς
1596 3883 1767 3937 Ἰσαυ-

214 3972 320 4038 ρίας
343 3972 664 4027 Σελεύκειαν
690 3973 951 4043 συνῆλθον
982 3974 1180 4028 ἑκατὸν
1204 3979 1298 4031 καὶ
1320 3976 1587 4044 ἑξήκοντα
1612 3974 1764 4040 ὄντες

210 4063 494 4121 ἐπίσκοποι.
549 4067 724 4135 Συνῆν
779 4066 836 4119 δὲ
884 4067 1099 4133 τούτοις
1145 4068 1239 4120 κοιλ⁸
1284 4068 1508 4132 Λεωνᾶς
1551 4068 1661 4121 τῶν
1701 4069 1766 4122 ἐκ

212 4155 455 4224 βασιλέως
482 4160 773 4228 ἐπισήμως
806 4158 977 4213 πάλαι
1006 4159 1508 4228 στρατευσαμένων
1531 4175 1547 4190 ·
1581 4159 1670 4227 ἐφ’
1704 4154 1765 4213 οὗ

211 4252 273 4303 τὰ
299 4252 389 4321 τῆς
415 4254 651 4312 πίστεως
679 4249 1039 4320 ἐξετασθῆναι
1065 4253 1397 4321 γράμμασιν
1419 4251 1637 4306 ἐκέλευε
1665 4256 1766 4323 βα-

214 4343 404 4405 σιλεύς·
427 4342 561 4412 πρὸς
594 4339 771 4413 τούτῳ
799 4342 857 4397 δὲ
875 4344 971 4397 καὶ
998 4346 1298 4415 Δαυρίκιος
1328 4344 1423 4399 τοῦ
1451 4344 1641 4407 ἔθνους
1667 4344 1765 4416 τὴν

215 4434 526 4502 στρατηγίαν
557 4434 1062 4505 ἐγκεχειρισμένος,
1093 4435 1148 4488 εἴ
1173 4453 1227 4489 τι
1261 4437 1369 4490 δέοι
1396 4434 1546 4506 αὐτῷ
1576 4453 1637 4489 τε
1669 4436 1764 4490 καὶ

2426 3073 2654 3132 CAPUT
2694 3077 2878 3137 XLIII.

1791 3198 1837 3259 α
1874 3159 1949 3214 De
1978 3163 2173 3233 synodo
2205 3164 2822 3259 Seleuciaiucong’reigatq,
2857 3183 2908 3259 et
2930 3175 3039 3259 alia
3065 3177 3189 3244 ﬁdei
3217 3177 3469 3249 formula‘

2321 3253 2480 3306 quam
2515 3241 2734 3297 Aeacius
2764 3246 3000 3301 dictavit.

1938 3412 2210 3473 Caeterum
2252 3392 2311 3477 ιῖι
2336 3420 2687 3487 Macedonius
2718 3429 2922 3487 throno
2953 3448 3055 3489 suo
3086 3434 3159 3491 sit
3184 3436 3449 3495 deturba-

1870 3518 1980 3572 tus,
2004 3510 2416 3583 multorumque
2471 3516 2743 3573 malorum
2801 3522 3051 3594 exiguam
3107 3542 3228 3583 eam
3284 3527 3450 3586 luerit

1838 3615 2111 3693 penam,
2148 3605 2314 3673 paulo
2352 3616 2475 3676 post
2501 3610 2702 3670 dicam.
2756 3615 2916 3673 Nunc
2948 3620 3015 3673 ad
3049 3624 3318 3693 synodum
3353 3624 3452 3683 Se-

1870 3691 2065 3753 leucia:
2092 3696 2427 3754 celebratam
2458 3710 2679 3760 transeo
2699 3746 2714 3769 .
2746 3724 2910 3779 quam
2936 3691 3293 3775 Constantius
3323 3736 3452 3790 pro-

1869 3794 1995 3855 pter
2035 3789 2139 3844 vias
2196 3790 2573 3851 difﬁcultatem
2635 3801 3001 3861 Ariminensis
3075 3789 3334 3866 aemulam
3392 3815 3449 3870 in

1867 3875 2093 3933 Oriente
2129 3881 2214 3951 agi
2242 3884 2525 3954 prmcepit.
2558 3887 2824 3947 Seleuciae
2867 3896 3013 3964 apud
3064 3898 3285 3956 Isauros
3316 3917 3447 3958 cen-

1873 3979 1987 4023 tum
2008 3980 2068 4026 et
2092 3974 2370 4044 sexaginta
2421 3979 2667 4052 episcopi
2708 3994 3039 4044 convenere.
3074 3990 3215 4045 Cum
3246 3995 3452 4064 quibus

1871 4060 2087 4118 Leonas
2112 4065 2237 4132 fuit,
2266 4069 2359 4137 qui
2392 4068 2600 4125 dudum
2632 4076 2777 4144 apud
2807 4077 3194 4147 imperatorem
3225 4060 3451 4154 praecla-

1873 4171 1992 4209 rum
2029 4157 2083 4212 in
2112 4161 2233 4215 aula
2263 4162 2549 4221 obtinebat
2575 4167 2779 4227 locum.
2816 4170 2932 4227 Sub
2976 4189 3044 4229 eo
3079 4175 3203 4232 lldei
3240 4179 3451 4250 disqui-

1868 4249 2123 4306 sitionem
2162 4253 2363 4310 litteris
2395 4257 2752 4316 Coustantius
2802 4263 2917 4319 fieri
2962 4264 3227 4335 jusscrat.
3277 4249 3451 4328 Aduit

1868 4338 1943 4394 ibi
1981 4356 2202 4412 quoque
2243 4345 2532 4404 Lauricius
2557 4389 2573 4415 ,
2606 4353 2787 4421 gentis
2833 4356 2956 4425 ejus
3006 4358 3139 4422 dux.
3183 4364 3446 4418 mandato

1870 4430 1941 4485 ab
1968 4431 2296 4502 imperatore
2335 4446 2583 4507 accepto,
2633 4451 2693 4496 ut
2721 4442 2765 4497 si
2788 4460 2895 4514 qua
2923 4446 2975 4501 in
3008 4464 3067 4504 re
3101 4464 3242 4521 opus
3273 4465 3442 4520 esset,

214 4527 308 4586 τοῖς
335 4526 654 4588 ἐπισκόποις
683 4527 984 4594 ὑπουργεῖν
1022 4528 1087 4581 ὲκ
1135 4527 1400 4597 βασιλέως
1430 4529 1764 4598 πρόσταγμα

1868 4532 1924 4578 et
1954 4521 2030 4578 illi
2083 4534 2140 4581 et
2180 4528 2455 4599 episcopis
2491 4530 2732 4592 adesset.
2762 4536 2867 4595 Ubi
2934 4541 2989 4596 in
3048 4552 3216 4605 unum
3263 4546 3447 4603 locum

217 4614 357 4684 ἔχων.
386 4617 541 4673 Ἐπεὶ
569 4617 626 4670 δὲ
660 4618 741 4681 εις
787 4618 849 4672 ἓν
880 4619 1166 4687 συνῆλθον,
1199 4621 1530 4690 δξυγράφων
1557 4620 1765 4688 παρόν-

216 4722 308 4759 των
332 4711 417 4761 καὶ
448 4703 866 4781 σῆμειουμένων
888 4708 958 4762 τὰ
983 4712 1471 4781 παρεμπίπτοντα,
1502 4711 1559 4763 ὲν
1587 4712 1686 4780 μὲν
1702 4709 1765 4780 δὴ

217 4799 283 4869 τῷ
308 4801 501 4873 πρώτῳ
530 4799 774 4869 συλλόγῳ
800 4799 990 4854 πολλοί
1033 4818 1094 4854 τε
1132 4801 1579 4869 ἀπελιμπάνοντο
1596 4818 1610 4833 ο
1650 4802 1678 4855 ὃ
1705 4818 1767 4855 τε

221 4892 816 4956 Κωνσταντινουπόλεως
866 4892 1225 4955 Μακεδόνιος,
1286 4892 1567 4957 Βισίλειός
1619 4909 1678 4946 τε
1739 4896 1769 4948 δ

230 4982 496 5054 Ἀγκύρας,
530 4986 626 5037 καὶ
670 4986 700 5038 δ
728 4982 1129 5054 Σκυθοπολίτης
1166 4984 1531 5054 Ιῐατρόφιλος.
1570 4986 1634 5039 ὐ
1666 4986 1767 5056 μὲν

220 5072 311 5143 γὰρ
333 5078 522 5139 νοσεῖν,
549 5076 580 5129 δ
608 5068 656 5129 δ⁴
677 5074 1005 5145 δφθαλμιᾷν,
1036 5077 1066 5129 δ
1094 5075 1143 5128 δ’
1166 5076 1325 5139 ἄλλος
1356 5075 1486 5130 ἄλλο
1515 5094 1568 5130 τι
1598 5079 1766 5147 πρού-

222 5164 470 5221 ϐάλλοντο.
497 5165 854 5239 Παρτγταῦντο
884 5166 944 5220 δδ
972 5169 1093 5231 ταῖς
1121 5167 1402 5238 ἀληθείαις
1451 5171 1544 5223 τδν
1575 5169 1768 5224 σύλλο-

222 5270 320 5320 γον.
348 5259 439 5313 iu
462 5259 695 5323 δεδιότες
725 5256 839 5314 τῶν
865 5259 1191 5331 κατηγόρων
1220 5261 1291 5313 τὰ
1325 5261 1590 5331 στόματα.
1611 5262 1767 5316 Ἐπεὶ

223 5346 272 5399 δὲ
293 5350 373 5404 διὰ
395 5351 456 5405 τδ
477 5352 697 5407 ἀπεῖναι
720 5351 947 5416 τούτους
969 5391 985 5420 ,
1011 5354 1045 5421 ἡ
1075 5352 1294 5416 σύνοδος
1324 5352 1425 5420 τὴν
1455 5353 1566 5406 τῶν
1598 5355 1770 5425 ἀμφι-

225 5439 372 5495 ϐόλων
388 5445 684 5515 παρῃτεῖτο
713 5443 980 5510 tamen,
1008 5446 1236 5506 Λεωνᾶς
1262 5444 1482 5499 ἐκέλευε
1508 5446 1603 5500 καὶ⁴
1624 5445 1769 5500 οὕτω

224 5530 282 5582 τὰ
311 5534 512 5606 ἑκάστῳ
535 5536 798 5592 δοκοῦντα
827 5538 908 5601 είς
942 5538 1174 5607 ζήτησιν
1202 5536 1380 5604 ἄγειν.
1428 5537 1498 5591 Ol
1536 5538 1638 5605 μὲν
1672 5536 1768 5593 οὖν

226 5627 460 5697 πρότερον
478 5629 541 5682 τδ
573 5628 755 5699 δόγμα
785 5629 988 5696 λέγειν.
1019 5630 1069 5683 οἱ
1090 5627 1439 5700 δέξετὰζειν
1468 5632 1596 5695 τοὺς
1614 5631 1767 5702 βίους

226 5717 317 5766 τῶν
331 5721 382 5769 ἐν
404 5721 736 5791 ἐγκλήμασιν
760 5723 933 5777 δντων
960 5723 1020 5775 ἐν
1038 5722 1222 5785 αὐτοῖς
1237 5722 1559 5793 είσηγοῦντο
1576 5739 1591 5754 ο
1607 5724 1767 5778 τοῦτο

227 5801 293 5858 δὲ.
316 5806 397 5862 διὰ
424 5811 687 5882 Κύριλλον
723 5812 816 5866 τδν
857 5812 1274 5883 Ἰεροσολύμων,
1312 5815 1404 5868 καὶ
1458 5815 1760 5872 Εὑστάοιον

529 5908 800 5973 Pauor“
845 5912 957 5972 Gn.
1008 5908 1113 5972 CX
1128 5905 1249 5972 LVI

1842 4629 2198 4685 convenere,
2232 4619 2556 4693 celeresque
2604 4628 2802 4682 notarii
2842 4628 3076 4700 aﬁ'uere,
3102 4649 3449 4708 quaecunque

1871 4706 1947 4763 ibi
1977 4708 2296 4767 dicerentur
2334 4715 2555 4788 scriptis
2589 4724 2874 4792 excepturi
2909 4742 2922 4779 :
2978 4724 3033 4781 in
3082 4729 3263 4797 primo
3313 4706 3449 4787 con-

1870 4812 2027 4856 sessu
2060 4802 2216 4858 multi
2251 4804 2449 4863 abesse
2472 4814 2742 4897 comperti
2788 4826 2941 4882 sunt,
3000 4818 3055 4873 in
3080 4820 3277 4891 primis
3304 4822 3452 4879 Con-

1869 4893 2394 4964 stantinopolitanus
2421 4893 2799 4968 Macedonius,
2819 4904 3055 4964 Basilius
3102 4909 3447 4982 Ancyranus,

1867 4993 1926 5041 et
1958 4984 2443 5058 Scythopolitanus
2470 4992 2845 5067 Patropbilus.
2864 4996 2963 5054 Hic
2995 5000 3218 5071 quidem
3240 5019 3447 5073 agrum

1866 5089 1931 5130 se
1958 5090 2103 5143 esse,
2130 5080 2222 5135 ille
2255 5092 2440 5139 autem
2478 5099 2546 5140 ex
2573 5089 2753 5144 oculis
2786 5088 3065 5159 laborare,
3109 5102 3276 5165 atque
3303 5096 3449 5153 alius

1864 5166 2021 5222 aliud
2050 5170 2345 5241 quidquam
2366 5183 2674 5243 praetexens
2700 5195 2717 5234 :
2774 5182 2951 5251 reipsa
2981 5196 3112 5239 vero
3136 5223 3152 5250 ,
3180 5187 3328 5255 quod
3350 5168 3481 5243 ac:

1869 5267 2189 5316 cusatorum
2237 5272 2549 5320 metuerent
2608 5282 2703 5323 ora
2733 5309 2748 5335 ,
2799 5282 3133 5329 conventum
3188 5275 3445 5334 vitantes.

1870 5350 2166 5443 Postquam
2189 5364 2373 5411 autem
2412 5348 2639 5429 propter
2661 5362 2893 5425 istorum
2923 5364 3257 5434 absentiam,
3285 5384 3451 5443 syno-

1870 5442 1974 5500 dus
2002 5461 2183 5502 rernm
2203 5459 2687 5509 controversarum
2713 5456 3133 5527 dispositionem
3150 5460 3450 5522 instituere

1792 5598 1799 5603 ο
1868 5535 2198 5609 detrectavit
2241 5553 2261 5595 :
2321 5541 2536 5600 Leonas
2583 5546 2664 5602 sic
2693 5562 2912 5620 quoque
2957 5567 3447 5628 unumquemque,

1869 5630 2016 5699 quod
2070 5630 2173 5685 sibi
2201 5633 2375 5689 visum
2408 5644 2576 5701 esset,
2622 5637 2678 5694 in
2726 5644 3089 5712 quaestionem
3138 5647 3449 5717 producere

1865 5723 2050 5793 jussit.
2101 5725 2176 5778 lta
2210 5725 2300 5780 alii
2341 5726 2581 5797 primum
2620 5731 2931 5791 doctrinam
2965 5739 3445 5803 constituendam,

1872 5817 1966 5876 alii
1999 5816 2055 5871 in
2089 5830 2285 5872 eorum
2316 5818 2503 5911 ﬁvitam
2531 5822 2624 5893 qui
2661 5823 2807 5882 inter
2844 5828 3107 5898 ipsos‘rei
3146 5831 3449 5902 agebantur

2967 5922 3041 5985 13
