3870 6572
394 361 501 426 399

1608 364 2036 428 NICE‘PIIORI
2075 366 2414 428 CALLISTl

3529 373 3634 438 400

395 471 715 539 resurrexit,
752 480 810 529 et
839 481 1096 546 receptus
1126 481 1213 531 est
1257 473 1313 530 in
1343 473 1512 532 oculos
1536 515 1552 541 ,
1586 482 1649 531 ut
1681 475 1869 531 sedeat
1905 475 1949 532 it

2073 478 2258 531 πίστιν
2292 476 2422 545 ἄλλο
2457 493 2510 530 τι
2561 473 2944 550 κηρύσσοντας
2987 479 3304 548 ἀλλοτρίους
3351 479 3493 537 εἶναι
3539 485 3636 555 τῆς

394 567 594 624 dextra
619 567 824 630 Patris,
847 576 1118 637 venturus
1151 584 1374 625 rursum
1401 568 1455 625 in
1487 569 1659 640 gloria
1699 569 1770 625 ad
1806 571 1957 640 judi-

391 659 628 720 candutn
660 659 817 714 vivos
845 667 902 715 et
947 669 1211 715 mortuos.
1247 659 1538 716 Credimus
1579 670 1760 716 autem
1811 673 1869 718 et
1891 663 1958 718 'in

392 750 655 822 Spiritum
691 759 967 815 sanctum,
1027 767 1189 821 quetn
1235 750 1578 806 Paracletum
1631 752 1956 818 nominavit,

391 853 448 900 et
510 843 809 897 missurum
863 857 921 898 se
972 851 1095 913 post
1153 858 1314 898 suum
1346 843 1648 899 discessum
1695 843 1959 912 apostolis

392 938 667 1009 promisit,
701 935 863 992 sicuti
913 945 969 991 et
1005 929 1154 991 misi’t
1177 935 1426 992 Salvator
1449 945 1506 992 et
1549 937 1818 992 Dominus
1861 951 1960 991 no-

390 1043 507 1087 ster
545 1047 561 1084 :
591 1047 689 1102 per
722 1045 882 1098 quem
913 1039 968 1084 et
997 1027 1327 1083 sanctificat.
1349 1029 1406 1083 in
1442 1027 1682 1084 Ecclesia
1717 1028 1954 1084 creden-

393 1131 514 1184 tes.
563 1131 619 1177 et
673 1119 984 1191 baptizatos
1016 1117 1071 1172 in
1108 1119 1333 1174 nomine
1376 1118 1557 1174 Patris
1605 1127 1662 1174 et
1713 1118 1836 1174 Filii
1901 1126 1957 1174 et

392 1216 638 1286 Spiritus
659 1213 854 1270 sancti.
893 1212 996 1280 Qui
1030 1227 1163 1267 vero
1198 1221 1398 1282 praeter
1441 1211 1583 1267 hanc
1612 1210 1775 1266 fidem
1803 1211 1954 1267 aliud

389 1307 691 1380 quidquam
748 1304 1071 1377 przrdicant,
1118 1318 1213 1360 eos
1263 1303 1332 1358 ab
1379 1303 1624 1359 Ecclesia
1686 1304 1956 1360 catholica

387 1414 510 1456 esse
539 1401 803 1456 alienos.»
843 1399 970 1453 Haec
1001 1405 1086 1453 est
1125 1396 1307 1452 Aeacii
1349 1394 1606 1452 formula.
1646 1395 1746 1453 Cui
1789 1395 1956 1452 etiam

387 1489 646 1548 factionis
687 1489 808 1559 ejus
841 1488 1100 1544 fautores
1155 1486 1380 1558 triginta
1420 1487 1530 1542 duo
1580 1487 1655 1542 illi
1707 1487 1957 1543 subscri-

386 1597 565 1652 psere.
588 1579 671 1636 Ad
702 1597 868 1651 quam
894 1578 1240 1648 Sophronius
1280 1578 1559 1648 Paphlago
1589 1578 1956 1649 Pompeiopo-

386 1673 591 1729 litanus
623 1672 918 1743 episcopus
941 1679 1132 1740 aperte
1160 1669 1275 1724 hac
1299 1667 1468 1724 verba
1495 1668 1700 1724 dixisse
1725 1667 1907 1724 fertur
1937 1683 1952 1722 :

385 1766 439 1822 Si
474 1765 723 1836 quotidie
765 1763 1105 1820 voluntatem
1143 1775 1298 1817 suam
1339 1775 1620 1830 exponere
1646 1801 1661 1828 ,
1697 1760 1817 1816 fidei
1845 1759 1959 1815 for-

382 1860 587 1916 mulam
637 1858 806 1914 edere
861 1863 972 1920 est,
1028 1853 1295 1910 destituet
1327 1868 1428 1908 nos
1471 1852 1726 1909 veritatis
1774 1853 1953 1922 ipsius

383 1949 680 2009 certitudo.
710 1945 1057 2018 Sophronius
1078 1944 1302 2016 quidem
1359 1943 1463 2002 hoc
1510 1951 1630 1998 tum
1688 1944 1768 2000 sic
1815 1958 1952 2000 voce

343 2021 345 2023 1
385 2059 577 2113 inagua
605 2041 782 2100 dixit:
815 2039 982 2111 ’188
1020 2052 1122 2109 ego
1152 2053 1280 2092 vero
1307 2035 1618 2092 censuerim
1643 2077 1660 2103 ,
1700 2035 1743 2090 si
1777 2043 1834 2110 et
1859 2036 1952 2108 qui

383 2145 510 2192 ante
548 2151 647 2192 eos
699 2134 874 2196 fuere,
903 2143 961 2189 et
990 2131 1082 2201 qui
1113 2145 1211 2186 eos
1249 2138 1379 2187 sunt
1429 2128 1629 2193 secuti,
1660 2127 1852 2184 itidem
1885 2128 1953 2184 de

382 2229 600 2285 Nicena
632 2225 758 2282 lldei
785 2223 1126 2295 professione
1143 2221 1473 2292 cogitassent
1499 2229 1662 2290 atque
1690 2219 1949 2290 egissent,

381 2323 660 2380 sincerum
707 2318 962 2374 Ecclesize
1002 2317 1194 2388 dogma
1233 2322 1682 2376 conservam-ros,
1720 2322 1778 2368 et
1811 2311 1953 2367 deli—

383 2419 632 2468 ramenta
672 2409 855 2464 omnia
890 2408 1048 2477 longe
1079 2421 1108 2461 a
1152 2406 1323 2460 sacris
1353 2403 1618 2460 Ecclesia:
1655 2405 1824 2476 septis
1855 2403 1952 2458 ab-

381 2506 566 2560 lutura
602 2500 799 2556 fuisse.
831 2498 909 2554 Ac
962 2507 1076 2552 tum
1108 2496 1353 2566 quidem
1385 2511 1508 2551 cum
1543 2495 1704 2549 alteri
1747 2495 1951 2550 alteros

379 2600 726 2656 accusantes,
763 2589 997 2661 plurima
1025 2597 1077 2642 et
1113 2586 1384 2641 dixissent
1407 2595 1462 2642 et
1493 2587 1797 2651 audissent,
1820 2601 1952 2641 ροη-

377 2700 566 2744 sessus
590 2693 677 2739 est
705 2682 938 2738 solulus.
967 2680 1176 2747 Quarto
1210 2693 1504 2748 congressu
1535 2678 1701 2733 multa
1721 2678 1951 2733 futiliter

377 2779 568 2850 nugati
605 2788 756 2832 sunt.
808 2775 871 2830 Et
901 2772 1136 2828 Aeacius
1181 2772 1319 2827 nihil
1363 2771 1606 2834 obstare,
1650 2773 1782 2842 quin
1846 2773 1949 2827 alia

383 2873 517 2928 fides
540 2871 821 2932 ederetur,
856 2864 1227 2923 contendebat
1254 2903 1269 2929 ,
1303 2864 1745 2934 quandoquidem
1777 2864 1946 2920 semel

376 2965 596 3021 Nicaeua
634 2960 868 3018 formula
917 2967 1124 3014 mutata
1196 2965 1380 3021 esset;
1432 2972 1542 3010 non
1586 2957 1778 3026 semel,
1839 2957 1951 3012 imo

380 3072 570 3113 verum
600 3054 822 3124 saepius.
857 3051 936 3108 Ad
971 3067 1093 3122 quae
1138 3049 1400 3106 'Eleusius
1431 3047 1735 3121 Cyzicenus
1764 3067 1778 3104 :
1825 3049 1950 3106 Haec

379 3148 642 3220 synodus.
676 3145 839 3206 dixit.
893 3150 1080 3199 coacta
1127 3149 1233 3205 est,
1285 3156 1393 3196 non
1450 3149 1510 3194 ut
1544 3139 1790 3196 addiscat
1826 3154 1950 3210 qua
1978 3170 2022 3232 ο

372 3241 536 3311 prius
567 3255 678 3295 non
706 3235 989 3302 didicerit,
1012 3247 1190 3304 neque
1216 3241 1276 3287 ut
1304 3231 1674 3304 probatiorem
1698 3233 1950 3288 inveniat

385 3331 573 3396 fidem,
606 3346 768 3400 quam
818 3343 880 3383 ea
903 3336 989 3382 est
1021 3341 1142 3395 quae
1171 3340 1200 3380 a
1233 3325 1503 3380 Palribu's
1529 3324 1836 3380 Antiochia:
1865 3333 1950 3380 est

383 3423 746 3494 promulgata.
802 3420 939 3475 Nam
987 3419 1041 3472 in
1093 3417 1214 3488 ejus
1265 3415 1678 3472 definitionibus
1721 3429 1947 3471 assensu

377 3515 800 3586 conquiescens,
825 3509 1076 3582 quamvis
1108 3508 1256 3562 aliud
1292 3507 1590 3578 quidquam
1621 3507 1690 3562 ab
1720 3522 1784 3563 ea
1813 3507 1950 3563 eda-

378 3619 490 3672 tur,
531 3624 640 3664 non
679 3617 862 3662 tamen
913 3619 1155 3676 unquam
1193 3603 1342 3658 illam
1388 3602 1682 3672 relinquet.
1714 3600 1814 3656 Cui
1847 3615 1950 3674 ego

377 3703 611 3761 obvians
660 3701 892 3756 dixeiim
928 3698 1256 3766 :Quomodo
1301 3695 1546 3758 tandem,
1587 3679 1951 3766 mensi-pes-

375 3796 535 3854 sime,
564 3793 658 3862 qui
709 3789 1014 3845 Antio‘chize
1061 3786 1376 3859 congregati
1423 3787 1600 3850 fuere,
1630 3784 1818 3841 Patres
1856 3803 1950 3842 vo-

374 3885 502 3942 cas?
521 3883 691 3938 Multo
721 3881 870 3937 enim
902 3881 1075 3951 magis
1099 3881 1292 3934 Patres
1312 3885 1363 3933 te
1397 3877 1684 3933 nominare
1706 3893 1803 3934 eos
1818 3893 1950 3934 con-

374 3976 650 4041 veniebat,
703 3974 798 4045 qui
848 3974 1044 4028 Nicteaa
1095 3970 1488 4029 convenientes
1518 4008 1536 4036 ,
1574 3986 1680 4026 una
1711 3985 1848 4027 voce
1883 3971 1945 4026 τὸ
1975 4028 1994 4054 ι

373 4067 682 4138 ὁμοιοῦσιον,
697 4064 1168 4133 consubstantiale,
1192 4064 1636 4135 promulgarunt:
1654 4079 1779 4120 cum
1799 4066 1947 4136 quod

377 4169 624 4230 tempore
652 4167 780 4214 sunt
815 4157 1167 4222 vetustiores,
1196 4164 1309 4210 tum
1339 4155 1486 4226 quod
1516 4156 1610 4226 qui
1638 4155 1947 4214 Antiochia:

375 4252 550 4309 coacti
582 4261 732 4313 sunt,
752 4251 821 4305 ab
848 4250 957 4305 illis
985 4264 1268 4304 sacrorum
1294 4264 1583 4304 munerum
1608 4248 1948 4306 funCtionem

373 4353 730 4412 acceperunt.
761 4341 919 4406 Quod
939 4342 982 4395 si
1024 4341 1113 4396 isti
1162 4351 1347 4411 patres
1391 4355 1525 4397 suos
1551 4342 1946 4414 reprobarunt,

373 4433 683 4504 parricidas
710 4433 894 4502 potius
915 4447 1080 4502 quam
1130 4429 1320 4488 Patres
1358 4445 1454 4488 eos
1484 4431 1656 4488 dicas.
1683 4433 1818 4500 Quis
1846 4434 1950 4489 ita-

2065 570 2364 642 καθολικῆς
2406 569 2756 642 Ἐκκλησίας.
2817 591 2836 626 ι
2871 573 2936 628 'H
2973 575 3074 646 μὲν
3118 570 3212 629 οὖν
3251 576 3516 630 Ἀκακίου
3552 576 3639 629 ἔκ-

2061 661 2206 727 δοσις
2234 662 2372 733 αὕτη
2397 679 2412 694 ·
2436 663 2502 733 ἣν
2536 663 2635 718 σὺν
2665 665 2815 736 αὐτῷ
2845 666 2938 720 καὶ
2963 667 3013 720 οί
3042 667 3172 738 περὶ
3204 668 3367 722 αὐτὸν
3388 667 3484 722 δύο
3506 667 3638 737 πρὸς

2060 755 2175 816 τοῖς
2213 752 2513 821 τριάκοντα
2548 754 3024 826 καθυπέγραψαν·
3058 757 3194 826 πρὸς
3227 759 3293 829 ἡν
3327 759 3637 828 Σ‹ι›φρόνιος

2061 845 2089 898 ὀ
2122 843 2432 914 Παφλαγὼν
2460 846 2559 914 τὴν
2585 846 2875 917 Πομπηΐου
2903 849 3304 920 ἐπιτροπεύων,
3328 850 3634 921 διαρρήδην

2060 938 2248 998 αὐταῖς
2293 936 2504 1002 λέξεσιν
2548 937 2721 1000 οὕτως
2775 939 2954 994 eli:er
3002 940 3261 1010 λέγεται·
3292 941 3353 994 Εἰ
3398 942 3459 992 το
3501 941 3636 994 ἰδίαν

2044 1025 2298 1091 ἑκάστης
2328 1024 2542 1098 ἡμέρας
2573 1027 2890 1082 ἐκτίθεσθαι
2919 1029 3177 1099 βούλησιν
3216 1029 3453 1093 πίστεώς
3489 1033 3636 1094 ἐστιν

2061 1119 2298 1184 ἓκθεσις,
2331 1120 2601 1190 ἐπιλείψει
2629 1122 2777 1191 ἡμᾶς
2822 1123 2855 1190 η
2887 1123 2987 1190 τῆς
3033 1123 3297 1188 ἀληθείας
3348 1122 3634 1193 ἀκρίϐεια.

2071 1206 2132 1264 Ὀ
2169 1208 2267 1278 μὲν
2311 1207 2404 1263 οὖν
2459 1208 2774 1279 Παφλαγὼν
2807 1209 3115 1280 Σωφρόνιος
3161 1209 3335 1263 ταῦτα
3373 1210 3636 1279 τηνικάδε

2059 1301 2289 1370 ἐϐόησεν
2307 1316 2324 1332 ο
2349 1299 2461 1371 ἐγὼ
2506 1301 2562 1354 δέ
2614 1318 2759 1371 φημι
2790 1301 2866 1364 ὡς
2888 1300 2942 1353 εῐ
2963 1318 3026 1371 γε
3042 1301 3091 1353 oi
3125 1301 3229 1371 προ
3253 1300 3433 1360 αὐτῶν
3464 1302 3564 1356 καὶ
3589 1301 3636 1353 ul

2062 1391 2181 1461 μετ’
2219 1389 2466 1454 ἐκείνους
2519 1393 2696 1446 τοιάδε
2751 1391 2882 1463 περὶ
2927 1395 3026 1463 τῆς
3064 1394 3123 1446 ὲν
3154 1393 3360 1463 Nimia
3391 1393 3636 1455 πίστεως

2057 1484 2153 1537 Ital
2181 1483 2481 1537 διενοοῦντο
2525 1486 2618 1538 καὶ
2659 1484 2951 1556 ἔπραττον,
2993 1485 3285 1552 ἀκίϐδηλον
3335 1485 3400 1538 ἂν
3441 1487 3501 1537 τδ
3535 1485 3635 1554 τῆς

2070 1575 2397 1644 Ἐκκλησίας
2450 1575 2631 1646 δόγμα
2663 1576 3045 1650 διατετήρητο,
3085 1577 3180 1632 καὶ
3218 1580 3371 1630 πᾶσα
3401 1581 3636 1648 ἐρεσχε-

2058 1667 2150 1723 λία
2182 1663 2249 1738 ἦν
2284 1667 2350 1722 ἂν
2384 1669 2491 1721 τῶν
2532 1668 2693 1723 θείων
2729 1670 3035 1742 περιϐόλων
3088 1671 3330 1742 μακράν.
3367 1670 3478 1723 Kal
3509 1672 3634 1722 τότε

2062 1758 2166 1830 μὲν
2212 1761 2306 1813 τὸν
2341 1759 2600 1830 σύλλογον
2655 1761 2828 1827 ἔλυον,
2892 1762 3118 1816 πλεῖστα
3171 1762 3306 1829 πρὸς
3365 1761 3635 1831 ἀλλήλους

2058 1851 2187 1922 περὶ
2219 1851 2846 1924 τῶν-κατηγορουμένων
2878 1854 3123 1918 εἰπόντες
3155 1873 3213 1908 τε
3245 1857 3342 1908 καὶ
3364 1855 3637 1908 ἀκούσαν-

2057 1959 2175 2006 τες·
2199 1945 2264 2014 τῇ
2301 1941 2357 1997 δὲ
2385 1944 2621 2016 τετάρτῃ
2673 1945 2988 1999 συνελεύσει
3044 1946 3213 2016 πολλὴ
3247 1946 3538 2016 ἀδολεσχία
3586 1947 3637 1999 ὐ-

2057 2036 2300 2104 φαίνετο.
2334 2037 2396 2090 ’Θ
2435 2037 2481 2090 δ’
2518 2036 2780 2102 ’Ᾱκάκιος
2836 2039 3144 2109 ἰσχυρίζετο
3187 2040 3354 2108 μηδὲν
3389 2037 3537 2094 εἶναι
3577 2042 3634 2095 τὸ

2055 2127 2309 2198 ἐμποδὼν
2348 2127 2544 2200 ἑτὲραν
2597 2129 2780 2184 πίστιν
2816 2131 3082 2198 εἰσάγειν,
3128 2133 3248 2185 ἐπεὶ
3299 2132 3568 2199 καθάπαξ
3602 2137 3633 2203 ἡ

2055 2221 2111 2273 ὲν
2139 2219 2341 2294 Natali;
2389 2223 2574 2285 πίστις
2619 2224 2987 2294 μετεποιήθη’
3023 2227 3117 2281 καὶ
3144 2227 3240 2297 οὐχ
3274 2229 3441 2295 ἅπαξ,
3491 2229 3635 2283 ἀλλὰ

2053 2311 2118 2383 δὴ
2153 2313 2246 2366 καὶ
2278 2313 2562 2377 πολλάκις.
2600 2315 2742 2387 Πρὸς
2773 2317 2828 2370 δὲ
2867 2319 3042 2373 ταῦτα
3079 2320 3351 2386 Ἐλεὺσιος
3386 2321 3413 2372 ὁ
3459 2322 3636 2388 Κυζί-

2053 2421 2173 2467 κου,
2214 2404 2283 2458 Ἢ
2328 2404 2444 2471 νῦν,
2483 2405 2642 2476 φησὶ,
2679 2407 2894 2478 σύνοδος
2948 2409 3237 2482 ἠθροίσθη,
3271 2413 3367 2484 οὐχ
3397 2413 3486 2466 ἵνα
3513 2415 3634 2486 γνῷ

2050 2497 2088 2549 ἃ.
2113 2496 2188 2567 μὴ
2209 2495 2334 2567 ἔσχε
2371 2496 2619 2567 μαθοῦσα
2651 2500 2937 2570 πρότερον,
2976 2503 3086 2556 οὐδ’
3123 2503 3210 2557 ἵνα
3237 2505 3627 2579 δοκιμωτέραν

2054 2588 2240 2642 πίστιν
2294 2589 2519 2661 ἐξεύρῃ,
2559 2590 2693 2662 παρ’
2722 2593 2787 2664 ἢν
2844 2594 2902 2645 ἐν
2945 2595 3250 2668 Ἀντιοχείᾳ
3313 2602 3468 2668 παρὰ
3515 2600 3632 2654 τῶν

2024 2679 2315 2751 ,Πατέρων
2349 2681 2564 2753 είλήφει
2584 2699 2601 2716 ·
2622 2685 2733 2747 τοῖς
2761 2687 2870 2755 γὰρ
2887 2687 3111 2741 ἐκείνων
3138 2689 3286 2761 ὅροις
3309 2691 3628 2761 στοιχοῦσα,

2049 2771 2153 2824 οὐκ
2192 2771 2279 2839 ἂν,
2315 2773 2367 2825 ετ
2390 2790 2442 2826 τι
2469 2773 2567 2828 καὶ
2598 2774 2846 2844 γένηται,
2892 2776 3098 2846 ταύτης
3151 2780 3423 2851 ἀποσταίη
3465 2783 3628 2838 ποτέ.

2052 2861 2196 2934 Πρδς
2243 2864 2309 2935 ἦν
2339 2864 2448 2934 ἐγὼ
2489 2864 2770 2929 ἀπαντῶν,
2806 2867 2950 2933 Πῶς,
2995 2863 3040 2924 ὦ
3092 2869 3311 2925 κάκιστ’
3351 2872 3630 2940 Ἐλεύσιε,

2053 2954 2220 3026 φαίην
2270 2953 2361 3021 ἂν,
2420 2959 2673 3030 Πατέρας
2722 2960 2853 3023 τοὺς
2898 2963 2958 3014 ἐν
3027 2963 3331 3035 Ἀντιοχείᾳ
3393 2965 3628 3035 καλεῖςς

2054 3045 2242 3115 Πολλῷ
2268 3047 2377 3119 γὰρ
2401 3049 2646 3118 κρεῖττον
2687 3050 2930 3114 ἐκείνους
2973 3052 3176 3122 μᾶλλον
3212 3057 3397 3110 καλεῖν
3420 3073 3481 3110 σε
3515 3060 3632 3112 Πα-

2055 3138 2220 3208 τέρας
2241 3138 2313 3204 ol,
2335 3139 2394 3192 ὲν
2423 3140 2632 3213 Νικαίᾳ
2676 3143 3098 3214 συνδραμόντες,
3129 3147 3428 3216 ὁμοφώνως
3462 3149 3525 3202 τὸ
3577 3153 3634 3203 δ-

2055 3230 2308 3302 μοούσιον
2338 3233 2680 3302 ἀνεκήρυξαν
2699 3249 2714 3266 °
2741 3237 2824 3292 ὅτι
2857 3254 2920 3306 γε
2955 3241 3049 3291 καὶ
3077 3243 3188 3303 τοῖς
3217 3242 3431 3310 χρόνοις
3452 3243 3632 3315 ὑπερ-

2052 3325 2323 3393 τεροῦσιν,
2385 3329 2478 3380 καὶ
2523 3322 2605 3390 οἷς
2665 3329 2715 3382 ol
2771 3331 2830 3384 ὲν
2865 3330 3167 3402 Ἀντιοχείᾳ
3225 3333 3474 3398 ἐλθόντες
3533 3336 3633 3390 ὑπ’

2051 3417 2281 3471 ἐκείνων
2327 3419 2486 3489 ἔσχον
2545 3421 2606 3475 τδ
2663 3421 2942 3493 ἱερᾶσθαι.
3012 3425 3076 3478 El
3141 3424 3188 3479 δ’
3238 3428 3437 3480 ἐκεῖνοι
3494 3431 3631 3493 τοὺς

2051 3509 2264 3562 ἑαυτῶν
2297 3510 2560 3581 Πατέρας
2589 3513 2885 3583 ἠθέτησαν,
2915 3516 3239 3586 πατραλοϊαι
3277 3519 3498 3587 μᾶλλον,
3530 3524 3632 3576 καὶ

2049 3598 2110 3652 ού
2137 3600 2400 3672 Πατέ-ρες,
2421 3603 2674 3672 κληθεῖεν
2691 3603 2775 3658 ἄν.
2808 3605 2916 3660 Καὶ
2943 3605 3060 3670 πῶς
3087 3608 3153 3662 ἄν
3181 3625 3265 3672 τις
3294 3609 3479 3663 ἕποιτο
3508 3617 3631 3678 τοῖς

2051 3691 2312 3758 τοιούτοις
2339 3713 2353 3762 ;
2387 3696 2449 3748 El
2474 3695 2520 3749 δ’
2543 3696 2805 3766 ἀδόκιμος
2850 3699 3075 3754 ἐκείνων
3106 3702 3139 3774 ἡ
3170 3703 3376 3766 πίστις,
3409 3707 3534 3759 οὐδὲ
3593 3711 3627 3778 ἡ

2051 3788 2359 3858 χειροτονία
2424 3788 2644 3854 πάντως
2701 3791 2758 3842 ὲν
2788 3793 3168 3860 ἀμφιλέκτως.
3223 3794 3288 3849 Εἰ
3347 3797 3455 3869 γὰρ
3514 3802 3630 3871 πρὸ

2050 3879 2276 3934 ἐκείνων
2320 3881 2383 3934 τὸ
2423 3883 2577 3952 ἆγιον
2611 3883 2835 3954 Πνεῦμα
2877 3885 2978 3939 οὐκ
3009 3883 3180 3955 εἶχον,
3203 3889 3232 3942 ὃ
3283 3891 3523 3960 μάλιστα
3553 3897 3625 3966 τῇ

2051 3972 2297 4026 ὲπιθέσει
2327 3972 2547 4045 ἔρχεται
2594 3977 2704 4028 τῶν
2735 3979 2961 4048 χειρῶν,
2993 3980 3104 4034 οὐδ’
3137 3979 3284 4035 οὗτοι
3317 3985 3536 4050 πάντως
3563 3988 3628 4040 ἐν

2052 4065 2283 4136 ἱερεῦσι.
2319 4066 2445 4130 Πῶς
2473 4068 2581 4139 γὰρ
2614 4067 2678 4121 ἂν
2705 4071 2801 4123 καὶ
2836 4070 3020 4128 λαθεῖν
3051 4066 3200 4142 είχον
3227 4076 3377 4146 παρὰ
3403 4077 3516 4132 τῶν
3545 4079 3624 4150 μὴ

2049 4155 2306 4221 καθάπαξ
2338 4156 2648 4224 λαϐόντων;
2685 4159 2870 4214 Ταῦτα
2901 4161 3002 4230 μὲν
3030 4163 3095 4217 ἄν
3131 4181 3216 4226 τις
3261 4168 3400 4237 προς
3432 4167 3624 4224 Ἐλεύ-

2052 4264 2166 4302 σιον
2194 4250 2453 4313 ἀντιστὰς
2485 4252 2632 4306 είποι
2660 4267 2676 4282 ο
2728 4253 2830 4321 τῆς
2881 4253 2937 4308 δὲ
2971 4255 3262 4322 διαλέξεως
3300 4261 3620 4329 γινομένης,

2049 4343 2129 4404 είς
2163 4341 2390 4412 ζήτησιν
2405 4342 2608 4415 ἑτέραν
2642 4344 3006 4400 καθίσταντο·
3037 4349 3130 4400 καὶ
3155 4350 3277 4402 ἐπεὶ
3310 4353 3376 4423 τῇ
3410 4353 3623 4408 ἐκδόσει
3711 4375 3714 4378 ν

2049 4433 2234 4504 ὅμοιον
2259 4434 2474 4507 ἔφησαν
2523 4436 2604 4508 τῷ
2636 4439 2819 4509 -Πατρὶ
2867 4439 2960 4492 τὸν
3008 4440 3158 4508 my,
3205 4443 3623 4500 διεπυνθάνοντο

371 4543 481 4597 que
512 4529 646 4580 tales
682 4527 830 4581 viros
863 4524 1170 4594 sequatur?
1208 4524 1276 4579 Et
1316 4523 1718 4597 illorumlides
1763 4528 1808 4582 si
1855 4542 1946 4582 re-

2053 4524 2160 4578 τῶν
2191 4527 2321 4595 περὶ
2355 4526 2636 4593 ’Δκάκ-ιον,
2693 4532 2836 4584 κατὰ
2869 4531 2919 4584 τί
2947 4533 3138 4602 ὅμοιον
3181 4535 3260 4604 τῷ
3295 4537 3472 4610 Πατρὶ
3525 4539 3620 4592 τὸν

372 4619 542 4689 proba
575 4627 683 4681 est,
722 4632 824 4672 nec
849 4615 1125 4670 ordinatio
1147 4630 1337 4670 eorum
1370 4631 1598 4686 prorsus
1618 4634 1724 4673 non
1761 4629 1944 4689 potest

375 4712 431 4767 in
470 4710 700 4767 dubium
741 4708 943 4765 vocari.
989 4707 1232 4778 Namque
1259 4707 1303 4763 si
1332 4718 1459 4764 ante
1492 4707 1628 4764 istos
1659 4711 1737 4765 illi
1769 4711 1946 4782 Spiri-

372 4815 486 4859 tum
520 4812 772 4858 sanctum
798 4815 907 4854 non
952 4799 1222 4862 habuere,
1255 4800 1349 4870 qui
1395 4816 1494 4870 per
1531 4801 1941 4873 impositionem

369 4912 634 4953 manuum
686 4894 921 4950 maxime
969 4893 1146 4958 venit,
1179 4907 1363 4962 neque
1415 4893 1503 4946 isti
1537 4894 1762 4951 omnino
1800 4897 1947 4953 inter

367 4990 657 5062 episcopos
698 4996 756 5043 et
787 4983 1108 5042 sacerdotes
1140 4983 1432 5040 censendi.
1474 4983 1767 5052 Quomodo
1788 4990 1942 5044 enim

367 5082 692 5154 dignitatem
737 5079 900 5135 talem
949 5079 1022 5134 ab
1071 5078 1154 5132 eis
1201 5075 1456 5147 accipere
1487 5086 1812 5147 potuerunt,
1849 5083 1944 5151 qui

369 5175 518 5231 illam
545 5187 826 5244 nunquam
861 5169 1202 5226 habuerint?
1231 5168 1393 5224 llisce
1427 5170 1614 5226 verbis
1648 5171 1940 5242 quisquam

368 5275 560 5324 contra
611 5263 896 5321 Eleusium
917 5261 1112 5315 venire
1168 5259 1457 5329 potuisset.
1487 5259 1668 5315 Porro
1699 5261 1947 5331 disputa-

366 5359 517 5412 tione
537 5353 946 5426 progrediente,
962 5351 1032 5407 ad
1051 5337 1408 5422 quaestionem
1433 5348 1595 5404 aliam
1615 5365 1944 5421 pervenere.

368 5453 437 5507 Et
493 5451 754 5521 quoniam
812 5449 865 5502 in
921 5445 1153 5504 formula
1213 5444 1448 5500 similem
1497 5443 1748 5499 dixerant
1789 5445 1940 5501 Patri

368 5545 595 5608 Filium,
648 5541 834 5596 Aeacii
889 5541 1055 5595 factio
1100 5539 1437 5608 interrogata
1466 5545 1575 5600 est,
1617 5553 1849 5607 quanam
1885 5555 1942 5592 re

370 5634 604 5689 similem
652 5633 801 5688 Patri
859 5631 1060 5686 Filium
1113 5628 1552 5700 proﬁterentur?
1587 5628 1766 5697 Atque
1827 5629 1938 5690 illa,

368 5707 655 5780 voluntate
684 5724 822 5788 sola,
858 5737 965 5776 non
991 5728 1172 5776 autem
1219 5719 1548 5784 substantia,
1579 5720 1813 5775 similem
1867 5723 1947 5774 di-

365 5828 529 5877 cente
553 5855 572 5885 ,
598 5817 691 5874 alii
715 5829 927 5884 omnes,
958 5814 1124 5869 etiam
1155 5813 1458 5870 substantia
1490 5812 1722 5868 similem
1755 5813 1942 5867 dicen-

2052 4619 2183 4673 Υίὸν
2212 4619 2563 4688 ὁμολογοῦσι.
2599 4619 2721 4674 Τῶν
2764 4623 2820 4676 δὲ
2853 4626 2992 4678 κατᾶ
3027 4624 3288 4694 βούλησιν
3340 4630 3524 4697 μόνον,
3555 4632 3617 4683 οὐ

2053 4712 2162 4782 μὴν
2183 4711 2242 4765 δὲ
2272 4712 2369 4765 καὶ
2398 4711 2542 4765 κατὰ
2569 4712 2669 4782 τὴν
2694 4714 2884 4767 οὐσίαν
2907 4716 3056 4784 ἔχειν
3079 4717 3140 4769 τὸ
3164 4719 3373 4786 ὅμοιον,
3399 4722 3448 4773 of
3471 4721 3620 4776 ἄλλοι

2046 4804 2252 4867 πάντες
2285 4805 2378 4858 καὶ⁹
2407 4805 2554 4859 κατὰ
2578 4806 2682 4876 τὴν
2707 4807 2900 4862 οὐσίαν
2929 4810 3120 4878 ὅμοιον
3153 4811 3501 4882 ισχυρίζοντο
3530 4815 3617 4866 λέ-

2046 4911 2187 4964 γειν.
2218 4894 2331 4948 Καὶ
2356 4895 2486 4966 περὶ
2517 4896 2712 4949 τούτου
2738 4897 2854 4965 ἔρις
2887 4898 3118 4969 πλείστη
3147 4900 3216 4955 δι’
3245 4903 3374 4971 ὅλης
3403 4906 3617 4976 ἡμέρας

2047 4987 2280 5055 ἐγίνετο.
2325 4987 2658 5059 Ἐξήλεγχόν
2685 5005 2746 5042 τε
2778 4992 2872 5044 καὶ
2923 4993 3088 5047 αὐτ“.ν
3137 4995 3400 5050 ’Δκάκιον
3425 4997 3506 5061 ὡς
3532 4997 3616 5068 είη

2045 5077 2320 5147 διαφόροις
2350 5079 2570 5150 γράψας
2600 5082 2659 5134 ὲν
2704 5083 2819 5145 τοῖς
2847 5083 3015 5136 αὐτοῦ
3042 5083 3247 5152 λόγοις,
3277 5085 3375 5151 οὓς
3405 5090 3504 5142 καὶ
3527 5092 3617 5141 ιχ.

2045 5171 2298 5237 δέδωκεν,
2346 5174 2535 5242 ὅμοιον
2579 5175 2722 5228 κατὰ
2782 5177 2961 5230 πάντα
3002 5177 3083 5248 τῷ
3129 5180 3301 5248 ﬂat-pl
3347 5181 3443 5234 τὸν
3492 5182 3616 5235 Υίδν

2046 5261 2242 5326 εἰπὼν,
2290 5264 2388 5320 καὶ
2418 5265 2620 5336 ὁμοίως
2659 5265 2905 5334 δοξάζειν
2963 5269 3170 5330 αὐτοῖς.
3223 5273 3334 5326 Καὶ
3367 5271 3466 5328 νῦν
3502 5273 3615 5337 πῶς

2047 5357 2211 5424 ἀρνῇ.
2236 5355 2455 5424 ἔλεγον,
2492 5357 2552 5409 τὸ
2601 5358 2723 5411 κατ’
2752 5359 2943 5413 οὐσίαν
2994 5361 3220 5429 ὃμοιον;
3264 5364 3323 5416 '0
3351 5365 3430 5429 δὲ,
3477 5365 3612 5418 Οὔτε

2045 5447 2166 5510 νέος
2194 5464 2303 5524 τις,
2328 5449 2454 5500 οὕτε
2490 5465 2576 5511 τις
2612 5449 2719 5502 τῶν
2744 5451 2992 5520 ἀρχαίων
3025 5453 3132 5504 ἀπὸ
3164 5455 3611 5525 συγγραμμάτων

2047 5538 2277 5600 εὐθύνας
2327 5539 2475 5609 ἔσχε.
2509 5541 2617 5594 Kal
2672 5541 2847 5611 ἔριδος
2887 5543 3152 5614 πλείστης
3203 5547 3607 5615 ἀναπτομένης,

2033 5630 2199 5693 ¹τέλος
2226 5633 2254 5684 ὀ
2287 5633 2526 5695 Κυζίκου
2571 5633 2868 5697 Ἐλεύσιος,
2909 5635 2970 5686 El
2998 5635 3099 5703 μὲν
3154 5636 3455 5698 Βασίλειος,
3481 5635 3608 5704 ἔφη,

2047 5724 2080 5792 ἢ
2114 5723 2342 5795 Μάρκος
2399 5725 2522 5778 τινὰ
2557 5726 2680 5779 καθ’
2719 5728 2946 5792 ἑαυτοὺς
2999 5730 3340 5800 πεπραχότες
3389 5730 3540 5792 εἰσιν,
3569 5728 3607 5797 ἢ

2050 5816 2140 5867 ἐπί
2171 5832 2311 5868 τισιν
2343 5817 2496 5881 ἰδίοις
2545 5819 2797 5890 ἀλλήλοις
2853 5821 3338 5891 ἀντεγκαλοῦντες,
3374 5821 3521 5875 οὐδὲν
3546 5822 3612 5872 τὸ
