3814 6532
167 467 249 529 409
996 469 1008 478 ⁸
1040 458 1652 523 ECCLESIASTECAE
1692 467 1701 523 ι

1806 461 2085 525 ΞΤΟΒΙᾹΞ
2121 461 2269 524 LIB.
2315 460 2419 523 IX.

3266 458 3383 527 ίέῦ

170 586 352 641 στάσεις
380 575 465 629 καὶ
507 574 722 642 φόνους,
755 577 852 629 καὶ
883 574 970 629 διὰ
1006 576 1105 647 τὴν
1138 578 1433 648 μεταθεσιν
1480 580 1581 650 τῆς
1612 582 1693 635 θί-

1806 594 1980 640 autem
2010 583 2091 639 ira
2118 582 2283 655 quasi
2307 579 2546 651 quodam
2576 576 2825 634 subsidio
2857 578 2964 648 usi,
2994 593 3100 650 qua
3129 578 3220 635 ille
3245 596 3372 637 cum

168 681 248 747 6ης
274 673 368 727 τῶν
401 670 569 724 ὀστῶν
599 670 691 723 τοῦ
751 672 954 741 πατρὸς
999 674 1441 741 κωνσταντίνου,
1488 678 1580 730 καὶ
1610 681 1691 733 ὅτι

165 770 375 822 διάκονον
411 763 499 817 ἐπὶ
540 764 776 835 πορνείᾳ
814 764 1098 820 ἑαλωκότα
1147 771 1433 832 κοινωνίας
1466 770 1691 840 ἠξίωσε,

168 857 446 929 καθαιροῦσι
489 857 584 909 καὶ
621 856 814 911 τοῦτον
859 860 1091 914 αὐτίκα·
1133 862 1315 933 τρίτον
1361 867 1453 918 ἐπὶ
1480 864 1694 931 τούτοις

164 953 241 1002 τὸν
284 944 502 1009 Κυζίκου
550 945 850 1013 Ἐλεύσιον,
904 949 1085 1003 αἰτίαν
1130 953 1453 1021 ἐπάγοντες,
1501 955 1694 1026 ὅτιπερ

175 1037 452 1111 Ἡράκλειόν
508 1056 631 1092 τινα
667 1040 891 1110 Τύριον,
928 1042 1076 1113 ἱερέα
1123 1045 1252 1098 δντα
1270 1046 1393 1099 κτοῦ
1445 1051 1503 1102 ὲν
1530 1048 1695 1118 Τύρῳ

173 1131 463 1203 Ἡρακλέους
521 1128 803 1201 Ἑλληνίου
868 1133 1015 1194 οεοῦ.
1075 1136 1353 1204 γοητείαις
1412 1138 1696 1201 πλείσταις

162 1225 467 1292 κατάφωρον,
511 1221 608 1276 τοῦ
637 1223 785 1278 θείου
820 1227 1085 1297 μεταδοὺς
1134 1230 1557 1300 ἀπερισκέπτως
1599 1233 1698 1304 βα-

161 1317 465 1384 πτίσματος,
521 1317 603 1379 είς
663 1315 914 1371 διακόνου
980 1322 1319 1390 χειροτονίαν
1374 1327 1695 1393 προήγαγεν

162 1406 550 1475 ὑποκρινόμενον
598 1408 668 1461 τὰ
710 1409 1083 1478 Χριστιανῶν,
1133 1412 1349 1479 φυγάδα
1380 1430 1441 1465 τε
1485 1414 1574 1468 διὰ
1599 1416 1697 1480 τὰς

162 1498 377 1567 γοητείας
409 1498 619 1553 ὲκεῖοεν
664 1501 956 1570 γενόμενον
982 1516 997 1532 ’
1053 1502 1153 1556 καὶ
1185 1503 1338 1557 ταῦτ’
1375 1506 1432 1568 ἐς
1469 1505 1699 1577 ὓστερον

162 1586 321 1659 μαθὼν
346 1587 585 1651 τοιοῦτον
614 1586 776 1656 εἷναι,
812 1591 875 1644 οὑ
898 1591 991 1645 τοῦ
1031 1593 1281 1661 ἱερᾶσθαι
1307 1595 1537 1665 ἀπεῖρξε
1559 1615 1571 1629 ·
1603 1600 1697 1652 καὶ

161 1681 218 1743 ὡς
240 1680 421 1750 ἄνδρας
450 1680 539 1733 διὰ
574 1682 921 1749 κατάγνωσιν
954 1686 1401 1758 ἀπεληλαμένους
1446 1688 1592 1759 Μάρι
1620 1690 1699 1759 τῷ

162 1774 407 1845 ἑπισκόπῳ
458 1771 841 1845 Χαλκηδόνος,
890 1780 1258 1848 ἀφικομένους
1309 1783 1394 1845 είς
1435 1782 1698 1848 Κύζικον,

164 1865 419 1935 ίεριυσύνης
462 1865 839 1931 ἁκανονίστως
867 1870 1165 1937 μετέδωκε.
1197 1873 1478 1926 Βασίλειον
1512 1874 1570 1928 δὲ
1605 1874 1697 1929 τὸν

1799 675 2069 732 adversus
2097 676 2236 731 alios
2266 674 2581 745 plerosque,
2618 680 2732 727 tum
2765 671 3001 726 maxime
3032 670 3087 724 in
3116 670 3375 726 Macedo-

1798 769 1952 824 nium
1998 776 2311 823 commotus
2368 765 2573 832 fuerat,
2610 772 2838 835 propter
2890 776 2984 817 eas
3029 776 3167 831 quas
3211 772 3375 816 antea

1799 861 2041 914 diximus
2084 857 2387 914 seditiones
2433 863 2491 911 et
2534 853 2749 920 caedes,
2797 867 2902 908 nec
2948 866 3060 906 non
3107 851 3179 908 ob
3221 868 3376 908 urnae

1799 952 2050 1007 cinerum
2078 948 2427 1007 Constantini
2452 946 2627 1018 patris
2653 943 3072 1000 translationem
3103 960 3118 999 :
3143 952 3199 998 et
3225 942 3372 1013 quod

1800 1042 2030 1114 insuper
2059 1041 2352 1097 diaconum
2385 1041 2440 1093 in
2474 1033 2841 1092 fornicatione
2867 1033 3275 1103 deprehensum
3306 1034 3373 1086 ad

1799 1134 2249 1193 communionem
2293 1129 2628 1193 admisisset,
2681 1126 2733 1183 ci
2780 1139 3003 1196 quoque
3049 1124 3373 1196 dignitatem

1801 1230 2090 1299 abrogant.
2124 1223 2349 1279 Eleusin
2385 1229 2650 1293 praeterea
2677 1216 2976 1289 Cyziceno,
3009 1213 3244 1269 crimine
3281 1212 3376 1267 illo

1798 1320 2040 1389 oltjecto.
2068 1313 2214 1386 quod
2244 1311 2556 1367 llcraclium
2586 1307 2881 1380 quemdam
2915 1304 3169 1376 Tyrium,
3193 1317 3377 1357 sacer-

1799 1409 1993 1479 dotem.
2026 1403 2295 1467 llerculis,
2331 1401 2504 1457 Graeci
2540 1399 2650 1464 dei,
2686 1399 2743 1454 in
2769 1398 2914 1452 .urbe
2935 1394 3102 1467 Tyro,
3144 1392 3379 1448 manife-

1798 1512 1947 1557 stum
1995 1498 2393 1566 impostorem,
2453 1490 2863 1547 inconsiderate
2902 1487 2971 1541 ad
3012 1500 3232 1541 sacrum
3277 1483 3376 1538 ba-

1799 1594 2058 1663 ptismum
2104 1587 2432 1651 admissum,
2468 1584 2523 1639 in
2558 1581 2925 1638 diaconorum
2958 1592 3181 1647 quoque
3228 1575 3379 1630 ordi-

1800 1700 1925 1739 nem
1957 1671 2204 1753 legisset,
2239 1693 2364 1733 cum
2397 1677 2619 1747 quidem
2653 1675 2700 1729 is
2729 1670 3217 1729 Christianismum
3252 1679 3377 1724 tan-

1802 1788 1915 1832 tum
1949 1776 2258 1837 simularet,
2285 1780 2342 1826 et
2384 1778 2611 1841 propter
2645 1768 2981 1836 imposturas
3011 1762 3155 1835 Tyro
3188 1766 3378 1832 prolu-

1800 1869 1969 1938 gisset
2002 1883 2016 1919 :
2047 1875 2162 1919 tum
2207 1872 2414 1927 autem,
2449 1857 2596 1929 quod
2642 1873 2767 1913 cum
2804 1865 2994 1926 postea
3041 1854 3199 1908 talem
3251 1867 3377 1915 eum

158 1962 234 2014 καὶ
258 1959 482 2013 Βασιλᾶν
506 1960 795 2032 διωνύμως
825 1965 1183 2032 καλούμενον,
1204 1968 1261 2029 ὃς
1292 1970 1414 2023 ἀντὶ
1440 1969 1696 2038 Μαρκέλ-

1806 1975 1924 2014 esse
1961 1955 2334 2027 cognovisset,
2364 1952 2538 2006 nihilo
2574 1960 2757 2004 tamen
2791 1947 2963 2018 magis
2992 1959 3154 2001 sacro
3179 1943 3378 1998 ordine

156 2052 233 2104 λον
257 2050 324 2120 τῷ
350 2050 450 2121 τῆς
492 2054 852 2124 ’Δγκυρανὼν
883 2054 1061 2125 Θρόνῳ
1091 2058 1477 2126 ἀντικατέστη,
1504 2062 1581 2124 ὡς
1604 2062 1696 2114 οὺ·-

155 2141 246 2193 δενὶ
273 2141 403 2210 λόγῳ
428 2142 723 2211 ἄνθρωπον
752 2145 1009 2215 βασάνοις
1035 2148 1393 2214 ἐκδεδωκότα.
1424 2155 1517 2206 καὶ
1545 2152 1696 2221 σιδη-

156 2232 475 2303 ροδεσμώτας
527 2238 721 2308 εἱρκτῇ
776 2239 958 2309 πολλῷ
991 2240 1167 2311 χρόνῳ
1225 2243 1691 2313 ἐγκλεισάμενον·

155 2326 230 2377 καὶ
254 2326 318 2387 ὡς
347 2325 546 2396 paean:
579 2346 692 2382 τισι
720 2334 1086 2402 συκοφαντίας
1113 2334 1292 2400 δεινὰς
1324 2336 1606 2405 κληρικοῖς
1640 2336 1697 2402 ἐξ

165 2416 489 2488 Ἀντιοχείας,
525 2418 785 2485 Κίλιξίτε
822 2424 916 2477 καὶ
949 2424 1217 2490 Γαλάταις
1253 2428 1347 2480 καὶ
1397 2428 1693 2496 Ἀσιανοῖς,

154 2511 357 2581 ἀκρίτως
394 2511 629 2582 ἄρχουσι
683 2515 985 2585 παραδοὺς,
1036 2517 1241 2588 ζημίας
1289 2519 1549 2590 πρόξενος
1604 2524 1698 2576 καὶ

154 2601 413 2672 ὑπερορίου
452 2606 640 2673 φυγῆς
676 2607 896 2681 ἐγένετο
926 2608 1100 2673 αίτιος
1121 2628 1137 2642 ⁸
1182 2610 1261 2664 ἔτι
1293 2611 1353 2665 δὲ
1380 2614 1474 2665 καὶ
1507 2614 1581 2677 ὼς
1606 2616 1697 2667 τὸν

150 2694 420 2748 διοδεύοντα
474 2698 847 2769 πρεσϐύτερον
887 2702 1147 2771 Διογένην
1190 2703 1251 2768 ἐξ
1288 2706 1697 2777 Ἀλεξιινερείας

152 2785 236 2855 τὴν
267 2787 545 2858 ’Ἄγκυραν
574 2790 873 2855 ἀφελέσθαι
901 2810 961 2845 τε
992 2794 1116 2857 τοὺς
1142 2794 1353 2865 χάρτας
1378 2798 1470 2860 οὓς
1499 2799 1697 2866 ἐπειρέ-

156 2894 277 2947 ρετο,
328 2882 418 2934 καὶ
459 2881 627 2936 αὑτὸν
680 2882 892 2953 τύψειε,
941 2886 1259 2956 Καὶ“ἇ).λην
1305 2889 1364 2942 δὲ
1420 2891 1699 2961 προσῆγον

151 2970 326 3036 αἰτίαν,
375 2972 456 3034 ὡς
501 2974 805 3044 βασιλικοῖς
838 2979 1069 3051 ἀντέστη
1123 2984 1542 3051 προστάγμασιν
1569 3000 1582 3014 υ
1618 2978 1701 3049 οἷς

149 3065 374 3119 ἐκέλευεν
413 3067 648 3135 Ἀέτιον,
682 3071 776 3123 καί
824 3090 980 3135 τινας
1028 3074 1245 3141 ἄλλους,
1295 3075 1532 3145 ἀχθῆναι
1566 3076 1700 3147 πρὸς

150 3158 461 3228 Κεκρέπιον,
521 3163 683 3232 λόγον
726 3163 1108 3230 ἀποδώσοντας
1157 3169 1287 3240 περὶ
1332 3162 1407 3223 ὧν
1456 3169 1700 3237 κατηγό-

151 3267 323 3319 ρηντοο
352 3255 453 3307 καὶ
485 3254 563 3318 ὡς
600 3255 927 3327 Ἑρμογένει
959 3258 1037 3330 τῷ
1077 3261 1327 3332 ὑπάρχῳ,
1363 3262 1460 3314 καὶ
1488 3262 1565 3331 τῷ
1597 3260 1700 3332 ἀρ-

150 3357 278 3408 χοντι
306 3344 507 3413 Συρίας
538 3345 773 3415 ἔγραφε,
803 3347 954 3410 τίνας
988 3350 1085 3402 καὶ
1104 3350 1211 3420 ὅπη
1238 3352 1345 3421 χρὴ
1371 3350 1703 3421 μετοικίζειν

146 3436 325 3501 αὑτούς
345 3454 360 3469 ο
392 3437 541 3507 ὑπὲρ
571 3432 645 3493 ὧν
680 3440 773 3494 τοῦ
807 3440 1072 3513 βασιλέως
1104 3444 1408 3512 γράφοντος
1437 3444 1705 3511 κατάγειν

149 3527 344 3593 αὒτοὺς,
373 3532 720 3601 τεχνηέντως
743 3524 902 3595 οὗτος
928 3534 1124 3602 ἐπῆγε,
1149 3536 1261 3597 τοῖς
1282 3551 1339 3587 τε
1355 3535 1585 3606 ἄρχουσι
1609 3535 1705 3588 καὶ

149 3620 365 3691 ἱερεῦσιν
392 3623 814 3695 ἐναντιούμενος
841 3642 856 3658 ·
892 3624 972 3679 ἔτι
998 3625 1054 3679 δὲ
1087 3627 1179 3680 καὶ
1208 3625 1284 3690 ὡς
1314 3627 1591 3698 Γερμινίῳ
1611 3627 1706 3680 τὸν

148 3714 196 3765 ὲν
235 3715 447 3787 Σιρμίῳ
493 3716 695 3787 κλῆρον
728 3718 1020 3789 ὲπανίστη,
1063 3720 1159 3773 καὶ
1193 3720 1468 3789 ἐπιορκῶν
1521 3720 1701 3773 ὲάλω’

145 3805 227 3857 καὶ
250 3805 324 3870 ὡς
373 3806 663 3877 Ἰλλυριοῖς
705 3810 799 3863 καὶ
837 3810 1068 3881 ’Δφροις
1111 3810 1180 3864 δι’
1210 3811 1510 3866 ἐπιστολῶν
1564 3811 1707 3881 διχοο

146 3896 278 3961 vola;
306 3901 402 3953 καὶ
440 3899 686 3964 στάσεως
715 3901 889 3965 αἴτιος
920 3902 1184 3970 ἐγεγόνει.
1217 3901 1359 3972 Πρὸς
1385 3902 1442 3954 δὲ
1466 3901 1567 3955 καὶ
1587 3900 1707 3954 δού-

145 3986 233 4059 λην
280 3989 562 4061 δεσμῶτιν
613 3992 826 4061 ὲόίαζι,
879 3994 1052 4064 ψευδῆ
1107 3996 1555 4065 καταμαρτυρεῖν
1604 3992 1706 4062 τῆς

144 4082 418 4156 δεσποίνης
444 4101 458 4115 ο
488 4086 694 4157 αἰσχρᾷ
714 4103 772 4138 τε
799 4085 944 4155 μίξει
974 4086 1142 4156 ἄνδρα
1168 4073 1394 4151 γυναικὶ
1410 4083 1705 4156 ὁμιλοῦντα

146 4177 413 4244 ἐύάπτισε,
453 4178 551 4232 καὶ
587 4178 871 4242 διακονίας
903 4178 1058 4249 ἠξίου
1080 4195 1097 4211 ·
1129 4179 1224 4233 καί
1268 4195 1391 4234 τινα
1421 4178 1706 4249 περιοδευ-

143 4267 231 4336 τὴν
263 4267 473 4321 πολλῶν
502 4266 680 4337 φόνων
711 4267 1002 4336 γενόμενον
1043 4266 1216 4320 αἴτιον
1249 4266 1347 4337 τῆς
1402 4266 1706 4336 ἐκκλησίας

144 4360 198 4409 οὐ
233 4360 487 4429 διέστησε
511 4376 526 4391 ο
563 4361 657 4415 καὶ
681 4360 758 4423 ὡς
809 4362 937 4431 περὶ
975 4360 1077 4437 τὴν
1127 4360 1395 4433 μυστικὴν
1428 4361 1708 4433 τράπεζαν

148 4455 481 4522 συνωμοσίας
521 4454 697 4506 ἐποίει
723 4468 739 4486 ο
772 4454 867 4507 καὶ
893 4454 1021 4517 τοὺς
1052 4456 1108 4506 ὲν
1137 4454 1326 4525 κλήρῳ
1362 4455 1708 4525 παρεσκεύα-

142 4541 227 4604 ζεν
268 4542 616 4612 ὲπὸμνυσθαι
646 4542 725 4611 μὴ
778 4545 1104 4614 κατηγορεῖν
1143 4543 1389 4615 ἀλλήλων
1414 4561 1429 4575 ’
1471 4544 1608 4616 δόλῳ
1651 4546 1705 4599 δὲ

140 4632 291 4686 τοῦτο
323 4636 613 4704 πράττειν,
647 4634 725 4697 ὡς
776 4635 845 4688 ἂν
874 4634 1034 4695 αὐτὸς
1078 4635 1294 4705 πρῶτος
1324 4634 1399 4688 ὢν
1444 4635 1538 4688 τοῦ
1571 4636 1701 4706 κλή-

1811 4634 2140 4690 concitasset
2189 4648 2201 4683 :

144 4740 251 4790 ρου,
276 4727 376 4787 τὰς
417 4725 759 4796 κατηγορίας
804 4715 1187 4793 διαφυγγάνοι.
1224 4727 1333 4779 Καὶ
1372 4727 1438 4781 τὰ
1485 4727 1586 4796 μὲν
1613 4727 1708 4780 τοῦ

151 4817 420 4888 ’Δγκύρας
474 4816 762 4872 Βασιλείου
818 4819 915 4888 τῆς
960 4818 1335 4887 καθαιρέσεως
1385 4819 1536 4872 αίτια
1582 4818 1709 4872 τάδε

140 4909 383 4976 ἐγένοντο
413 4926 427 4939 ·
460 4910 556 4963 τοῦ
580 4910 625 4963 δ’
678 4910 978 4963 Εὑσταοίου
1014 4908 1347 4971 Σεὸαστείας
1376 4909 1476 4977 τῆς
1504 4911 1561 4960 ὲν
1584 4909 1713 4978 ’Δρ-

142 5007 293 5073 nevi;
336 5005 559 5073 πρῶτον
584 5004 706 5074 μὲν,
740 5002 815 5067 ὡς
854 5003 1019 5073 ἡνίκα
1050 5001 1127 5072 τῷ
1158 5002 1539 5072 πρεσϐυτερίῳ
1564 5018 1706 5056 κατ-

139 5095 365 5163 είλεκτο,
430 5098 689 5161 ὑῖὺλάλιος
744 5100 772 5149 ὁ
822 5097 1035 5149 ἐκείνου
1113 5093 1298 5164 πατὴρ
1349 5094 1708 5162 κατεγνωκὼς

140 5187 321 5248 αὑτοῦ,
379 5186 484 5255 τῆς
540 5186 840 5257 ἐκκλησίας
881 5184 1156 5255 ἀφώρισεν
1182 5200 1196 5214 ·
1223 5183 1417 5251 ὅτιπερ
1465 5184 1709 5251 ἀναρμο-

141 5295 255 5331 στον
284 5284 354 5349 τῇ
411 5279 681 5351 ἱερωσύνῃ
727 5278 918 5347 στολὴν
962 5279 1252 5346 ἠμφίεστο.
1283 5275 1610 5337 Ἐπίσκοπος
1664 5274 1707 5325 δ’

139 5364 201 5439 ἦν
238 5370 503 5430 Εὑλάῖοιος
536 5368 873 5439 Καισαρείας
907 5367 1005 5437 τῆς
1051 5368 1439 5421 Καππαδοκῶν
1468 5385 1480 5398 ·
1518 5366 1709 5418 ἔπειτα

141 5463 229 5513 καὶ
262 5468 321 5514 ἐν
354 5466 422 5531 τῇ
464 5461 556 5515 τοῦ
593 5462 794 5513 ίιοντου
838 5459 1241 5530 Νεοκαισαρεία
1283 5460 1569 5521 κοινωνίας
1600 5459 1708 5512 ἄπο

139 5556 361 5624 ἐγένετο
390 5558 453 5624 τῇ
505 5555 683 5606 ἐκεῖσε
720 5554 940 5620 συνόδῳ.
977 5552 1208 5605 Καὺεῑλε
1252 5551 1308 5604 δὲ
1348 5551 1511 5603 αὑτὸν
1545 5552 1710 5603 Εὐσέ-

142 5649 251 5710 ϐιος
276 5649 306 5700 ὁ
333 5646 555 5717 πρῶτον
589 5648 688 5716 μὲν
721 5643 990 5717 Βηρυτοῦ,
1024 5642 1140 5697 εἷτα
1187 5644 1581 5714 Νικομηδείας,
1614 5649 1709 5695 καὶ

139 5740 320 5806 τρίτον
361 5737 462 5808 τῆς
516 5734 1147 5797 Κωνσιαντ.νουπόλεως
1181 5733 1511 5803 Ἐκκλησίας
1564 5737 1705 5805 μετὰ

142 5828 355 5885 Παῦλον
384 5828 564 5884 λαϐὼν
590 5830 692 5898 τὴν
731 5827 1054 5899 ἐπιτροπὴν,
1094 5827 1187 5881 ἆτε
1225 5826 1289 5898 δὴ
1310 5827 1404 5879 ἐπί
1444 5843 1555 5879 τισι
1581 5826 1710 5894 διοι-

142 5927 340 5987 κὴσεσι
372 5925 849 5994 καταγνωσθέντα.
885 5922 1013 5975 Ἐπὶ
1044 5923 1101 5977 δὲ
1148 5922 1381 5988 τούτοις,
1409 5922 1483 5984 ὡς
1508 5919 1584 5993 μὴ
1615 5938 1709 5975 κα-

1806 2048 2089 2104 movisset.
2141 2046 2412 2101 Praaterea
2464 2043 2613 2112 quod
2665 2042 2817 2095 viros
2864 2037 3131 2109 quosdam
3167 2050 3197 2090 a
3243 2032 3377 2090 Mari

1802 2139 2170 2199 Chalcedonis
2218 2137 2525 2207 episcopo,
2573 2130 2667 2204 qui
2720 2140 2836 2188 tum
2892 2126 3378 2199 Constantinopoli

1770 2228 2096 2290 ‘conventui
2134 2229 2225 2285 isti
2262 2225 2444 2294 aﬂuit,
2479 2225 2769 2292 damnatos
2805 2231 2969 2292 atque
3011 2220 3377 2290 proscriptos,

1804 2334 1995 2381 contra
2060 2334 2302 2378 canones
2368 2316 2702 2374 sacerdotali
2766 2313 3035 2383 dignitate
3101 2318 3378 2365 ornasset.

1803 2419 2063 2476 Basiliam
2094 2428 2334 2487 quoque,
2367 2411 2461 2483 qui
2494 2422 2550 2467 et
2578 2410 2807 2474 Basilas,
2844 2417 2903 2461 ut
2931 2403 3253 2467 binominis,
3291 2401 3380 2455 di-

1805 2523 1925 2568 ctus
1971 2520 2078 2577 est,
2118 2519 2175 2563 et
2228 2522 2326 2578 pro
2382 2502 2637 2559 Marcello
2686 2502 3045 2576 Ancyranam'
3082 2493 3380 2578 Ecclesiam

1805 2602 2067 2668 obtinuit,
2117 2574 2503 2658 exauctorant,
2544 2591 2691 2665 quod
2748 2574 3043 2646 hominem
3085 2574 3379 2656 quemdam

1806 2707 2001 2770 pra-ter
2040 2695 2308 2750 rationem
2343 2704 2564 2745 omnem
2616 2688 2683 2740 ad
2733 2692 3004 2740 tormenta
3043 2677 3379 2736 tradidisset.

1806 2800 1857 2844 et
1888 2789 2099 2843 catenis
2142 2787 2360 2838 vinctos
2408 2783 2571 2851 longo
2614 2788 2862 2848 tempore
2898 2775 2953 2828 in
2987 2771 3238 2827 custodia
3286 2770 3382 2822 lia-

1807 2882 2055 2944 buisset;
2083 2888 2141 2934 et
2169 2876 2315 2947 quod
2347 2876 2542 2945 gravies
2569 2868 2876 2926 calumnias
2906 2864 3125 2921 clericis
3155 2861 3385 2933 quibus-

1806 2973 1931 3027 dam
1980 2969 2378 3032 Antiochenis,
2432 2963 2732 3027 Cilicibus,
2793 2958 3000 3014 Galatis
3047 2965 3104 3011 et
3161 2950 3384 3009 Asianis

1810 3061 2097 3128 texuisset,
2132 3058 2337 3125 quibus
2383 3052 2590 3110 indicta
2638 3065 2802 3105 causa
2847 3045 3259 3120 provinciarum
3299 3058 3384 3098 re-

1808 3154 2059 3209 ctoribus
2104 3149 2325 3206 traditis
2375 3146 2560 3201 multa:
2608 3142 2904 3212 exsiliique
2942 3155 3107 3196 causa
3147 3137 3380 3193 exstitit.

1810 3246 1944 3300 Item
1973 3243 2119 3314 quod
2154 3239 2380 3312 Diogeni
2407 3236 2728 3310 presbytero
2752 3230 3082 3314 Alexandria
3109 3231 3378 3300 Ancyram

1806 3340 1982 3405 eunti,
2012 3337 2235 3391 chartas
2264 3347 2401 3403 quas
2427 3307 2613 3386 secum
2641 3307 3204 3390 ferebatabstulisset,
3226 3337 3386 3375 eum.

1808 3430 2045 3499 demque
2102 3424 2431 3480 verberibus
2488 3419 2786 3476 affecisset.
2835 3417 3011 3472 Aliam
3058 3428 3279 3486 quoque
3330 3411 3384 3465 ei

1810 3527 2084 3594 impegere
2123 3520 2326 3585 dicam,
2368 3516 2517 3586 quod
2564 3511 2945 3584 imperialibus
2984 3508 3198 3564 scilicet
3235 3520 3388 3559 man-

1808 3618 1951 3674 datis
1978 3616 2232 3685 resistere
2256 3623 2427 3665 ausus
2456 3608 2672 3673 fuisset,
2697 3603 2900 3675 quibus
2933 3598 3383 3672 praecipiebatur,

1811 3719 1871 3764 ut
1915 3708 2107 3764 Aetius
2148 3717 2204 3761 et
2244 3704 2337 3760 alii
2374 3700 2597 3772 quidam
2662 3698 2729 3753 ad
2774 3696 3127 3765 Cecropium,
3160 3705 3382 3746 causam

1810 3807 1877 3856 de
1927 3798 2253 3856 criminibus
2301 3796 2422 3866 qua:
2472 3793 2554 3849 eis
2603 3790 3007 3863 objiciebantur
3057 3785 3201 3856 apud
3258 3799 3386 3837 eum

1810 3895 2038 3961 dicturi,
2068 3894 2429 3949 ducerentur.
2463 3890 2533 3945 Et
2562 3887 2712 3960 quod
2750 3883 3080 3954 llermogeni
3127 3878 3387 3950 pra-lecto

1810 4000 1974 4056 atque
2006 3986 2170 4040 etiam
2201 3983 2370 4056 Syria:
2404 3980 2603 4036 rectori
2632 3976 2967 4048 scripsisset,
2994 3987 3133 4043 quos
3162 3979 3218 4025 et
3250 3983 3388 4039 quo-

1811 4097 1934 4135 nam
1990 4080 2237 4134 locorum
2291 4070 2665 4146 deportandos
2715 4072 2994 4123 curaret:
3060 4061 3245 4135 795,
3284 4076 3384 4131 pro

1810 4172 2014 4243 quibus
2060 4188 2185 4227 cum
2231 4171 2553 4240 imperator,
2592 4170 2647 4220 iu
2690 4163 2932 4235 patriam
2977 4175 3075 4215 eos
3121 4159 3387 4212 reducere

1804 4266 2031 4337 jubens,
2076 4263 2431 4331 scripsisset,
2472 4260 2590 4329 ipse
2646 4268 2828 4311 tamen
2880 4262 2996 4308 arte
3042 4249 3277 4323 quadam
3327 4256 3388 4303 ut

1810 4357 1958 4411 aliud
1997 4356 2155 4410 lleret
2194 4352 2491 4412 elfecisset,
2524 4346 2936 4419 magistratibus
2978 4342 3142 4398 simul
3173 4350 3229 4397 et
3262 4339 3386 4410 epi-

1810 4450 1993 4520 scopis
2043 4448 2331 4503 adversus.
2378 4442 2612 4512 Insuper
2662 4438 2808 4511 quod
2864 4433 3075 4500 Sirmii,
3114 4429 3383 4488 Germiuii

1811 4544 2046 4606 clerum,
2077 4555 2144 4594 ne
2176 4554 2299 4593 cum
2333 4551 2400 4593 eo
2432 4531 2874 4590 communicaret
2916 4528 2984 4584 ad
3024 4526 3383 4583 rebellionem

2266 4627 2526 4697 quodque
2590 4625 2643 4680 in
2706 4623 2952 4696 perjurio
3007 4618 3387 4689 deprehensus

1814 4726 2036 4790 fuisset;
2087 4721 2233 4792 quod
2285 4718 2552 4790 Illyricis,
2606 4715 2872 4771 Romanis
2919 4724 2975 4769 et
3024 4711 3230 4784 Aphris
3288 4725 3385 4779 per

1811 4818 2025 4873 litteras
2050 4811 2340 4869 discordiae
2368 4820 2423 4866 et
2450 4807 2741 4865 seditionis
2768 4821 2989 4861 causam
3020 4804 3382 4875 praebuisset;

1812 4909 1956 4980 quod
2002 4908 2060 4961 in
2108 4904 2400 4958 Africanos
2450 4902 2701 4957 scribens
2744 4900 3057 4969 episcopos,
3094 4892 3381 4950 UrSacium

1812 5010 1865 5056 et
1902 4998 2184 5054 Valentem
2238 4991 2581 5049 calutnniose
2635 4989 2960 5047 criminatus
3004 4992 3185 5048 esset;
3233 4980 3380 5049 quod

1812 5088 2066 5143 ancillam
2101 5086 2341 5139 vinctam
2375 5082 2570 5137 falsum
2599 5088 2792 5135 contra
2826 5079 3009 5130 lteram
3042 5087 3196 5126 suam
3231 5070 3381 5124 testi-

1813 5181 2059 5234 monium
2084 5176 2267 5233 dicere
2297 5174 2686 5244 compulisset;
2722 5167 2866 5239 quod
2898 5167 3071 5218 virum
3105 5178 3229 5217 curn
3262 5178 3383 5213 nm-

1811 5274 1945 5328 liere
2004 5272 2149 5327 fmda
2206 5266 2607 5325 consuetudine
2666 5262 2939 5316 viventem
3005 5242 3379 5327 baptizasset.

1809 5366 2101 5434 eidemque
2152 5360 2372 5417 diaconi
2429 5359 2752 5428 dignitatem
2813 5350 3180 5416 contulisset;
3234 5346 3382 5417 quod

1811 5458 2215 5526 exploratorem
2248 5451 2543 5523 rpremdatn
2577 5448 2859 5511 itinerum,
2890 5445 2984 5514 qui
3019 5431 3206 5497 multis
3233 5455 3333 5494 nec
3358 5456 3384 5491 s

1811 5565 2031 5606 causam
2079 5548 2361 5606 attulerat,
2394 5540 2626 5597 ecclesia
2681 5555 2791 5593 non
2839 5536 3199 5595 exclusisset;
3237 5532 3380 5603 quml

1811 5643 1876 5696 ad
1918 5642 2201 5713 mysticam
2253 5652 2495 5692 mensam
2541 5633 2953 5705 conjurationes
2994 5630 3233 5687 fecisset,
3267 5625 3378 5679 cle-

1812 5750 2046 5803 rumque
2079 5732 2153 5786 ibi
2180 5729 2540 5801 juzisjnrandi
2562 5716 2928 5788 sacramento,
2955 5737 3024 5777 ne
3050 5723 3189 5775 alius
3211 5718 3378 5772 alium

1811 5840 2115 5891 accusaret,
2141 5819 2553 5888 obstrinxisset,
2577 5820 2632 5877 id
2656 5817 2800 5890 quod
2827 5816 2953 5872 dolo
2974 5815 3040 5869 ab
3062 5828 3127 5868 eo
3150 5811 3374 5865 factum.

1812 5932 1872 5977 ut
1906 5918 2109 5976 scilicet
2165 5918 2279 5988 ipse
2321 5916 2555 5986 primatu
2592 5913 2646 5970 in
2685 5914 2831 5969 clero
2868 5908 3189 5980 dignitatem
3236 5903 3376 5957 obti-
