3870 6536
429 458 541 524 415

1661 467 2083 530 NICEi’IlORl
2117 466 2460 528 CALLISTI

3579 457 3671 522 416

430 581 632 647 coegit.
669 578 833 649 793
865 579 1054 634 Talem
1083 581 1306 652 quidem
1341 583 1704 640 abdicationis
1725 586 1847 656 ejus
1875 602 2006 642 cau-

2135 586 2336 649 Ἱάντας
2370 584 2428 638 δέ
2472 582 2700 646 τούτους
2745 583 2904 645 ὅσους
2937 580 3209 644 καθεῖλον,
3245 578 3338 634 καὶ
3377 578 3474 647 τῆς
3525 579 3668 631 Κων-

431 684 546 722 sam
589 669 759 725 fuisse
807 672 1015 738 audivi,
1059 672 1156 729 sed
1203 690 1312 728 non
1365 675 1498 731 satis
1550 684 1700 731 certe
1755 689 1894 740 tum,
1945 689 2005 732 ut:

441 760 573 817 mihi
610 760 850 825 videtur,
899 764 1316 818 convenientem
1357 781 1373 820 :
1420 765 1682 833 quoniam
1737 766 1911 820 fames
1951 775 2007 820 et

436 854 664 921 penuria
721 856 1056 911 venditionis
1111 871 1275 911 causa
1332 855 1509 912 fuere.
1567 858 2006 926 Quibuseunque

434 949 618 994 autem
657 941 890 997 Aeacius
928 941 1289 1012 factionisque
1319 945 1440 1014 ejus
1485 943 1726 999 fautores
1768 945 2005 1016 dignita-

439 1040 547 1084 tem
592 1032 1006 1102 abrogaverant,
1041 1049 1136 1090 eos
1177 1034 1341 1089 etiam
1376 1050 1568 1091 omnes
1613 1036 2007 1092 Constantino-

437 1121 546 1191 poli
578 1125 922 1191 expnlerunt.
961 1126 1130 1180 Erant
1153 1136 1333 1181 autem
1363 1128 1414 1181 in
1440 1143 1501 1182 ea
1530 1129 1768 1185 factione
1792 1133 2006 1195 decem,

439 1214 534 1282 qui
585 1217 888 1270 sententias
932 1218 1120 1270 talium
1163 1218 1586 1290 abrogationum
1623 1220 1850 1275 calculis
1893 1221 2012 1276 suis

440 1308 800 1377 comprobare
835 1310 1151 1366 noluerunt.
1178 1310 1284 1366 Eos
1313 1311 1366 1366 in
1408 1312 1530 1368 loco
1563 1322 1714 1367 certe
1740 1314 2008 1369 asservari

433 1400 670 1476 jussi:re,
713 1409 771 1454 ut
801 1401 876 1456 ibi
911 1401 1107 1472 privati
1139 1412 1386 1473 agerent.
1415 1420 1594 1472 neque
1627 1419 1738 1458 rem
1772 1405 2010 1459 divinam

438 1491 794 1560 attingentes.
832 1505 1012 1562 neque
1059 1508 1250 1548 eorum
1299 1493 1601 1564 quidquam
1644 1511 1764 1564 quae
1792 1494 2011 1564 episco-

440 1582 579 1651 palis
622 1584 867 1638 muneris
892 1591 1039 1647 isunt
1078 1597 1326 1656 agentes.
1377 1586 1551 1643 donec
1592 1587 2009 1658 abrogationum

442 1673 738 1728 sententiis
771 1675 1209 1732 subscriberent.
1245 1676 1310 1732 Et
1343 1679 1447 1732 nisi
1489 1679 1632 1732 intra
1665 1695 1884 1734 menses
1918 1695 2016 1736 sex

439 1781 540 1838 per
569 1769 949 1837 penitentiam
987 1773 1392 1842 resipiscerent,
1429 1761 1492 1828 et
1527 1776 1690 1829 rebus
1721 1776 2005 1832 omnibus

442 1875 564 1928 quae
606 1863 849 1932 synodos
878 1866 1238 1920 constituerat
1267 1867 1688 1932 assentirentur,
1716 1868 1848 1938 ipsis
1872 1886 2014 1940 quo-

2114 676 2400 729 σταντίνου
2435 674 2726 729 ἀπώσαντο
2757 675 2806 727 οἱ
2837 673 2967 744 περὶ
3005 673 3283 728 ’Δκάκιον.
3314 667 3498 724 Ἦσαν
3539 669 3584 723 δ’
3611 672 3672 724 ἐκ

2109 765 2204 820 τοῦ
2249 767 2450 836 μέρους
2477 764 2659 819 αὐτῶν
2688 763 2821 818 δέκα
2846 763 2936 816 τὸν
2972 763 3231 834 ἀριθμὸν,
3268 762 3319 816 οἳ
3347 763 3468 825 ταῖς
3495 760 3670 814 τοιαύ·

2113 875 2237 919 ταις
2288 857 2678 928 καθαιρέσεσιν
2709 857 2910 927 ἣκιστα
2953 854 3180 928 ᾑροῦντο
3213 852 3632 925 ἐπιψηφίζεσθαι
3655 869 3670 884 ο

2113 947 2208 1012 οὓς
2243 949 2336 1003 xui.
2365 949 2616 1002 ἐκέλευον
2643 949 2700 1001 ἐν
2729 946 2809 1018 τῷ
2843 934 3078 1017 ἀσφαλεῐ
3109 947 3322 1018 τηρεῐν,
3355 946 3451 999 καὶ
3478 945 3676 1012 διάγειν

2115 1041 2174 1094 ἐν
2219 1041 2457 1105 ιαυτοτς,
2494 1042 2632 1110 μήτε
2686 1039 3028 1110 λειτουργίας
3067 1039 3364 1104 ἅπτεσθαι,
3422 1037 3556 1110 μήτ’
3588 1039 3674 1090 ἐκ-

2115 1131 2366 1202 κλησίαις
2420 1149 2473 1186 τι
2504 1131 2780 1202 προσῆκον
2837 1131 3157 1195 ἐπισκόποις
3207 1131 3364 1202 δρᾷν,
3413 1130 3572 1200 ἀχρις
3611 1129 3675 1182 ἂν

2113 1227 2235 1287 ταῖς
2263 1224 2656 1293 καθαιρέσεσιν
2691 1225 3105 1296 ὑπογράψωσιν.
3143 1225 3204 1277 Ei
3235 1222 3282 1278 δ’
3315 1223 3466 1288 ἐντὸς
3498 1223 3676 1292 μηνῶν
3723 1221 3725 1223 ’

2113 1311 2172 1377 ἓξ
2203 1310 2276 1382 μὴ
2307 1312 2617 1382 χρήσωνται
2659 1313 2973 1382 μεταμέλῳ,
3003 1313 3097 1365 καὶ
3141 1310 3221 1382 μὴ
3249 1312 3416 1364 πᾶσιν
3451 1311 3677 1364 ἕλωνται

2113 1404 2229 1464 τοῖς
2272 1403 2338 1471 τῇ
2390 1402 2592 1472 συνόδῳ
2637 1401 2984 1470 δεδογμένοις
3039 1403 3292 1473 στοιχεῖν,
3346 1404 3442 1456 καὶ
3489 1403 3679 1465 αὐτοῦς

2115 1491 2471 1562 ἀφαιρεῖσθαι
2506 1491 2605 1556 τὰς
2652 1493 2972 1563 ἐκκλησίας,
3007 1494 3103 1548 καὶ
3141 1493 3530 1563 ἀντικαθιστᾷν
3575 1494 3682 1546 ἐτέ-

2120 1599 2246 1654 ρους
2281 1584 2466 1646 αὑταῖς
2498 1587 2649 1655 κοινῇ
2679 1584 2986 1651 συνιόντας,
3007 1584 3199 1656 ὥσπερ
3231 1585 3389 1640 εἴωθε
3416 1584 3680 1654 γίνεσθαι.

2125 1673 2219 1737 Ὠς
2253 1674 2309 1729 δέ
2360 1673 2568 1728 τοιαῦτ’
2621 1674 3033 1742 ἐϐουλεύσαντο,
3093 1677 3189 1729 καὶ
3227 1676 3406 1745 πέρας
3465 1667 3583 1744 εἶχε
3631 1675 3685 1728 τδ

2121 1767 2414 1836 βούλευμα,
2451 1770 2560 1830 τοῖς
2590 1769 2905 1838 ἁπανταχοῦ
2944 1769 3183 1842 ἔγραφον
3218 1767 3566 1832 ἐπισκόποις,
3595 1767 3686 1837 τὴν

2122 1860 2179 1912 ἐν
2212 1857 2478 1930 Ἀριμίνῳ
2515 1861 2696 1914 πίστιν
2728 1860 3020 1930 φυλάττειν
3056 1864 3194 1932 μετά
3223 1862 3322 1931 τῆς
3345 1859 3687 1932 προσθήκης,

443 1968 552 2020 que
583 1953 900 2024 ademptum
936 1957 1221 2024 ecclesias,
1254 1959 1486 2029 aliisque
1539 1961 1894 2017 commissura
1922 1963 2014 2030 iri,

2135 1950 2216 2002 καὶ
2245 1950 2382 2018 ὑπογ
2393 1955 2590 2021 ραιραϊς
2610 1953 2815 2021 κυροῦν
2838 1970 2852 1985 ο
2883 1953 3010 2016 τοὺς
3028 1953 3074 2006 δ’
3097 1951 3272 2016 ἄλλως
3304 1952 3534 2023 ἔχοντας
3561 1951 3684 2020 γνώ-

443 2045 540 2113 qui
573 2061 696 2100 cum
729 2049 809 2102 eis
841 2051 1212 2105 consentirent
1235 2094 1249 2115 ,
1284 2052 1445 2108 sicuti
1485 2053 1599 2108 fieri
1633 2056 1811 2122 solet,
1843 2058 2018 2112 mina-

446 2136 670 2190 bantur.
702 2138 815 2194 lioc
847 2141 937 2193 ubi
965 2143 1395 2208 constituerunt,
1423 2145 1828 2217 consiliumque
1854 2164 2015 2204 suum

447 2225 517 2279 ad
545 2227 750 2281 exitum
780 2230 1177 2298 perduxerunt,
1199 2233 1264 2285 ad
1291 2233 1578 2303 episcopos
1603 2235 1803 2305 ubique
1826 2253 2018 2293 omnes

448 2319 665 2375 litteras
693 2319 990 2388 dederunt,
1025 2333 1082 2377 ut
1123 2325 1526 2382 Ariminensem
1563 2326 1688 2382 fidei
1730 2329 2022 2398 professio-

447 2427 575 2466 nem
624 2430 731 2469 una
775 2431 898 2470 cum
948 2417 1253 2486 adjectione
1297 2435 1396 2474 sua
1443 2430 1750 2486 servarent,
1785 2437 2020 2494 eamque

452 2503 960 2573 subscriptionibus
989 2506 1105 2563 suis
1134 2511 1549 2564 confirmarent.
1589 2511 1766 2566 Aliter
1795 2513 1842 2568 si
1873 2511 2015 2568 face-

451 2604 598 2662 rent,
649 2597 826 2651 solum
877 2599 1054 2654 exsilii
1098 2615 1262 2654 causa
1310 2610 1608 2656 verterent.
1647 2603 1726 2657 Ad
1769 2619 1892 2674 qua:
1923 2605 2020 2659 im-

453 2690 724 2756 pexatoris
789 2706 1048 2760 quoque,
1122 2703 1302 2762 empta
1365 2709 1556 2748 eorum
1629 2697 2019 2764 eomprobans,

451 2781 684 2835 accessit
727 2783 962 2837 sanctio.
1007 2783 1310 2839 Certiorem
1345 2801 1563 2855 quoque
1597 2786 1664 2840 de
1713 2787 1800 2841 his
1829 2789 2022 2842 Patro-

453 2873 666 2944 philum
702 2873 1136 2946 Seythopolitam
1170 2877 1369 2939 fecere.
1399 2879 1490 2947 qui
1521 2893 1578 2932 se
1611 2878 1794 2933 statim
1829 2879 2023 2935 Sel-'u-

455 2965 540 3019 cia
577 2965 642 3020 ad
671 2981 826 3020 suam
867 2969 1181 3022 contulerat
1218 2969 1546 3024 Ecclesiam.
1579 2971 1648 3025 Et
1686 2971 1850 3039 paulo
1880 2981 2021 3040 post,

455 3058 737 3112 Eudoxius
763 3075 886 3115 cum
917 3061 1285 3114 sectatoribus
1311 3061 1448 3124 suis,
1477 3061 1615 3116 alios
1642 3063 1765 3117 aliis
1797 3063 1850 3116 in
1881 3063 2027 3118 sedi-

458 3149 563 3202 bus
583 3149 990 3220 episcopalibus
1017 3151 1323 3206 substituit.
1357 3150 1477 3221 lpse
1495 3152 1716 3222 quidem
1747 3153 2026 3208 Eudoxius

459 3242 674 3310 primus
705 3240 1023 3297 Macedonio
1057 3251 1379 3313 surrogatus
1407 3252 1491 3298 est
1541 3263 1554 3297 :
1600 3244 1799 3299 Basilio
1842 3257 2023 3299 autem

458 3335 749 3404 Ancyrano
820 3333 1172 3389 Athanasius.
1235 3335 1407 3389 Porro
1474 3333 1693 3389 Eleusio
1759 3336 2028 3390 successit

459 3417 789 3490 Eunémius,
818 3426 911 3495 qui
944 3426 1108 3482 etiam
1136 3427 1362 3482 haeresis
1392 3429 1627 3482 nominis
1659 3427 1745 3483 sui
1776 3430 2029 3498 princeps

457 3517 688 3570 exstitit.
728 3518 796 3569 Et
825 3533 926 3587 pro
953 3518 1238 3573 Eustathio
1272 3518 1554 3581 Sebastize,
1579 3519 1740 3573 divus
1781 3518 2031 3573 Meletius

461 3609 722 3664 Ecclesiae
768 3611 1080 3679 praefectus.
1132 3609 1482 3666 Macedonius
1530 3609 2033 3679 Constantinopoli-

462 3713 594 3756 tano
623 3705 940 3771 episcopatu
973 3703 1240 3772 privatus,
1269 3717 1299 3757 ο
1333 3702 1555 3772 regione
1597 3700 1718 3755 urbi
1749 3699 2030 3756 Orientem

465 3806 680 3855 versus,
711 3790 762 3842 in
788 3793 908 3844 loco
937 3792 1023 3844 cui
1050 3807 1246 3845 nomen
1271 3790 1541 3857 Claustra,
1573 3789 1783 3845 diutius
1805 3787 2030 3859 degens,

466 3882 541 3935 ibi
577 3884 840 3936 adversus
887 3883 1157 3952 Spiritum
1207 3892 1458 3937 sanctum
1495 3881 1892 3952 blasphemiam
1939 3895 2035 3935 ore

465 3977 694 4030 minime
741 3977 926 4029 clauso
982 3976 1264 4038 evomuit,
1317 3985 1372 4030 et
1420 3976 1561 4030 male
1614 3978 1778 4030 vitam
1835 3973 2030 4028 finivit.

468 4069 639 4124 Porro
703 4070 935 4123 Aeacius
1001 4078 1058 4123 et
1107 4078 1405 4123 sectatores
1447 4068 1567 4138 ejus
1631 4065 1940 4121 Eudoxium
1980 4066 2038 4120 in

467 4163 873 4231 possessionem
895 4175 1120 4216 vacuam
1146 4159 1402 4215 Ecclesiae
1420 4158 2040 4229 Constantinopolitanae

469 4255 841 4318 deduxerunt,
875 4255 1037 4325 longe
1068 4253 1135 4308 ab
1159 4254 1239 4309 eis
1266 4270 1385 4325 qua:
1411 4253 1574 4325 paulo
1599 4263 1726 4308 ante
1751 4251 2036 4323 iudicave-

472 4357 596 4402 rant
623 4349 837 4404 diversa
877 4359 1207 4404 statuentes.
1248 4347 1352 4414 Qui
1386 4348 1536 4403 enim
1568 4362 1679 4402 non
1725 4347 1795 4400 ita
1827 4345 2038 4414 pridem

471 4439 768 4494 Dracontio
791 4439 1191 4508 episc0patum,
1211 4440 1356 4506 quod
1390 4454 1454 4492 ex
1479 4436 1686 4492 Galatia
1715 4435 2039 4505 Pergamum

475 4531 782 4595 transisset,
831 4531 1170 4596 ademerant,
1225 4547 1332 4585 non
1381 4529 1911 4589 animadverterunt,
1958 4540 2040 4590 se,

475 4624 607 4678 dum
640 4623 952 4678 Eudosium
992 4638 1100 4676 non
1141 4623 1194 4676 in
1229 4639 1416 4686 unam,
1447 4623 1539 4676 sed
1575 4624 1686 4694 jam
1722 4622 1777 4676 in
1813 4622 2042 4676 altetam
2076 4651 2118 4705 θ

481 4718 780 4773 Eeclcsiam
826 4717 1205 4781 transferrent,
1237 4717 1513 4770 contraria
1556 4715 1659 4770 sibi
1693 4715 1824 4784 ipsis
1855 4714 2046 4769 decer-

479 4826 609 4865 nere
654 4821 711 4866 et
755 4811 956 4864 facere.
989 4809 1154 4880 799
1190 4811 1362 4865 Porro
1395 4823 1516 4862 cum
1562 4809 1610 4864 is
1641 4809 1928 4863 ecclesiam
1963 4823 2046 4862 rc-

479 4904 644 4974 cepit,
677 4913 790 4956 tum
823 4913 878 4957 et
913 4919 1107 4972 magna
1148 4903 1379 4958 ecclesia
1419 4917 1539 4971 quae
1569 4900 1762 4970 Σοφία,
1805 4901 1908 4954 hoc
1939 4908 2044 4962 est,

479 4999 760 5071 Sapientia
791 4997 1016 5060 dicitur,
1063 4997 1314 5050 [inca-nia
1344 4995 1660 5059 celebravit,
1698 4995 2049 5064 quindecimo

481 5091 768 5148 Februarii
801 5088 1007 5144 mensis
1037 5089 1148 5144 die.
1188 5087 1286 5142 llic
1331 5087 1420 5142 ille
1462 5088 1514 5140 in
1554 5089 1752 5140 throno
1783 5101 1885 5139 suo
1913 5101 2050 5138 con-

477 5187 687 5244 sidens.
718 5185 952 5255 primum
987 5181 1320 5251 divulgatum
1353 5183 1493 5234 illam
1531 5180 1585 5232 in
1617 5179 1848 5234 ecclesia
1876 5177 2052 5232 edidit

478 5294 672 5332 vocem
710 5297 722 5333 :
752 5279 933 5340 Pater,
979 5270 1259 5346 inquiens,
1304 5277 1527 5346 ἀσεϐὴς,
1567 5274 1669 5328 hoc
1705 5283 1808 5336 est,
1843 5270 1888 5324 si
1920 5270 2052 5324 sitn-

483 5371 700 5440 pliciter
747 5370 1091 5438 accipiatur,
1143 5367 1342 5436 impius
1378 5384 1391 5420 :
1421 5369 1577 5419 aliter
1607 5405 1619 5427 ,
1673 5380 1780 5416 non
1839 5362 2046 5416 colens.

483 5465 657 5520 Filius
696 5473 878 5516 autem
912 5462 1166 5533 εὐσεϐὴς,
1207 5461 1311 5514 hoc
1347 5472 1450 5521 cst,
1486 5474 1609 5512 vere
1640 5457 1784 5527 pius,
1815 5465 1871 5510 et
1894 5467 2053 5519 recte

482 5555 695 5611 colens.
733 5554 799 5607 Et
831 5554 1068 5606 tumultu
1103 5552 1168 5605 ad
1215 5553 1340 5607 talia
1373 5551 1559 5614 verba,
1592 5551 1755 5605 sicuti
1787 5565 1883 5617 par
1913 5557 2052 5609 erat,

483 5667 513 5704 ιι
565 5647 767 5717 populo
809 5657 864 5700 et
894 5645 1164 5700 seditione
1205 5656 1384 5703 mota.
1437 5659 1506 5696 ne
1554 5642 1770 5696 turbam
1821 5641 2052 5702 cierent,

488 5741 741 5794 hortatus
775 5747 880 5792 cst.
921 5736 1082 5790 Pater
1127 5735 1297 5798 cnim,
1344 5733 1544 5802 inquit.
1593 5731 1866 5786 neminem
1901 5729 2053 5794 colit,

486 5840 546 5887 ct
593 5831 673 5886 sic
716 5828 918 5898 ἀσεϐὴς
968 5839 1099 5882 est:
1148 5827 1320 5881 Filius
1377 5842 1505 5881 vero
1560 5823 1810 5894 εὐσεϐὴς,
1861 5822 2056 5877 merito

485 5927 636 5983 enim
677 5934 735 5983 et
774 5937 926 5982 rcctc
977 5922 1192 5978 Patrem
1242 5919 1392 5976 colit.
1439 5917 1534 5973 liis
1580 5915 1743 5973 dictis
1787 5916 2058 5971 tumultus
2097 5996 2101 5998 _

2129 2057 2238 2110 μης
2295 2041 2624 2112 ὑπερορίους
2669 2043 2923 2111 ἄγεσθαι.
2955 2043 3126 2099 Τοῦτο
3158 2045 3215 2099 δέ
3262 2045 3356 2098 καὶ
3413 2043 3689 2113 θέσπισμα

2127 2131 2395 2201 βασιλέως
2441 2134 2660 2204 ἐκύρου.
2693 2135 2733 2187 Γ
2738 2134 2954 2206 νώριμα
2986 2136 3042 2190 δέ
3081 2135 3256 2192 ταῦτα
3301 2137 3580 2190 καθίστων
3606 2136 3693 2189 καὶ

2129 2224 2453 2295 Ιιατροφίλῳ
2501 2225 2579 2295 τῷ
2610 2225 2995 2290 Σκυθοπόλεως
3021 2244 3036 2259 ⁸
3064 2222 3220 2288 οὗτος
3258 2228 3367 2300 γάρ
3399 2228 3566 2291 εὐθὺς
3594 2227 3695 2283 ἀπὸ

2127 2313 2451 2377 Σελευκείας
2491 2315 2571 2378 εἰς
2597 2313 2695 2384 τὴν
2727 2315 2934 2369 οίκεὶαν
2975 2315 3304 2385 Ἐκκλησίαν
3335 2315 3691 2386 ἀφώρμησεν.

2131 2405 2364 2458 Ἔπειτα
2397 2406 2455 2459 δέ
2483 2406 2546 2459 οὐ
2583 2405 2764 2477 πολλῷ
2797 2408 3025 2479 ὕστερον
3051 2409 3101 2461 oi
3131 2410 3276 2478 ἀμφὶ
3303 2409 3394 2462 τὸν
3423 2408 3692 2476 Εὐδόξιον,

2127 2494 2322 2560 ἀλλους
2347 2495 2527 2561 ἀλλοις
2547 2497 2942 2552 ἀντικαθίστων
2971 2501 3086 2562 τοῖς
3117 2499 3350 2570 θρόνοις.
3388 2499 3566 2563 Αὐτὸς
3600 2499 3698 2569 μὲν

2127 2585 2238 2656 γὰρ
2300 2587 2550 2651 Εὑδόξιος
2595 2588 2811 2659 πρῶτος
2865 2589 3188 2660 Μακεδονίῳ
3230 2590 3696 2643 ἀντικαθίστατοο

2130 2675 2391 2746 Βασιλείῳ
2408 2677 2564 2750 δέτῷ
2589 2677 2915 2748 Ἀγκνρανῷ
2941 2679 3262 2745 Ἀθανάσιος
3285 2697 3299 2710 ’
3321 2682 3413 2734 τὸν
3435 2681 3492 2734 δέ
3524 2681 3699 2734 Ἐλεύ-

2133 2782 2247 2819 σιον
2277 2767 2537 2836 Εὑνόμιος
2560 2767 2831 2839 διεδέχετο
2849 2783 2862 2796 °
2895 2768 2954 2832 δς
2980 2769 3116 2839 δῆτα
3145 2772 3240 2824 καὶ
3263 2766 3511 2841 ἀρχηγὸς
3543 2772 3702 2825 κατέ-

2132 2867 2232 2922 στη
2262 2852 2361 2921 τῆς
2389 2853 2677 2924 ἐπωνύμου
2701 2856 2992 2927 αἱρέσεως.
3026 2858 3171 2912 Ἀντὶ
3196 2859 3250 2913 δέ
3277 2860 3583 2914 Εὑσταθὲου
3606 2861 3696 2914 τού

2130 2945 2462 3006 Σεϐαστείας
2494 2948 2523 2999 ό
2573 2946 2714 3010 θεῖος
2761 2949 3021 3014 Μελέτιος
3054 2951 3154 3020 τὴν
3203 2952 3513 3022 ἐπισκοπὴν
3542 2953 3701 3023 ἐκλη-

2137 3037 2316 3106 ροῦτο.
2359 3038 2417 3092 '0
2445 3039 2499 3092 δέ
2529 3041 2859 3106 Μακεδόνιος
2883 3043 2979 3114 την
3004 3044 3103 3114 τῆς
3132 3045 3546 3118 Κωνσταντιίνοο
3583 3047 3701 3100 Ἐκ·

2133 3130 2365 3198 κλησίαν
2384 3131 2720 3202 ἀφαιρεθεὶς,
2744 3133 3046 3202 ἀντιπέραν
3071 3135 3167 3206 τῆς
3190 3136 3398 3200 πόλεως
3425 3137 3566 3206 πρὸς
3591 3137 3704 3192 Ἕω

2135 3221 2215 3285 εἷς
2239 3237 2290 3274 τι
2334 3224 2535 3294 χωρίον
2569 3215 2613 3291 ᾧ
2641 3223 2820 3288 Πύλας
2851 3225 3040 3297 ὄνομα,
3083 3228 3175 3280 ἐπὶ¹
3210 3228 3348 3282 πολὺ
3383 3228 3697 3300 διατρίϐων,

2057 3295 2102 3356 C
2133 3313 2353 3365 κάκεῖσε
2378 3313 2480 3384 τὴν
2520 3315 2662 3368 κατά
2690 3316 2783 3369 τού
2811 3295 2971 3385 ἀγίου
3003 3319 3317 3387 ιῙνεύματος
3349 3295 3699 3392 βλασςρημίαν

2135 3403 2326 3474 ἀπύλῳ
2361 3404 2592 3475 στόματι
2619 3406 2878 3478 ἐξερευξά
2891 3426 3072 3478 μενος,
3105 3414 3294 3476 κακῶς
3320 3414 3380 3465 τὸ
3406 3413 3560 3483 βιοῦν
3594 3414 3701 3479 ἐξεο

2137 3498 2351 3566 μέτρει.
2401 3499 2464 3551 οι
2497 3498 2554 3552 δέ
2590 3503 2722 3570 περὶ
2759 3500 3014 3556 ’Δκάκιον
3055 3504 3148 3558 τὸν
3195 3504 3444 3570 Εὑδόξιον
3488 3511 3557 3578 τῇ
3611 3509 3701 3561 τοῦ

2136 3587 2410 3653 Βύζαντος
2453 3591 2808 3662 ἐνεθρόνιζον,
2855 3596 3073 3650 ἐναντία
3116 3599 3226 3659 τοῖς
3260 3598 3444 3669 μικρῷ
3472 3601 3703 3669 πρόσθεν

2139 3683 2494 3751 κεκριμένοις
2549 3685 2986 3754 νομοθετοῦντες.
3039 3689 3102 3742 Οί
3145 3690 3254 3761 γάρ
3315 3692 3425 3759 πρὸ
3477 3692 3704 3762 βραχέος

2141 3773 2470 3842 Δρακόντιον
2503 3774 2598 3828 τοῦ
2645 3777 2899 3847 ἱερᾶσθαι
2927 3781 3292 3851 παυσάμενοι,
3330 3783 3414 3836 ὅτι
3462 3784 3574 3838 ἀπὺ
3604 3785 3704 3836 Γα-

2141 3867 2328 3932 λατίας
2363 3869 2463 3940 τὴν
2497 3872 2786 3943 Πέργαμον
2811 3875 3209 3944 μετηλλάξατο,
3237 3877 3298 3930 ού
3331 3877 3589 3931 συνίεσαν
3619 3879 3704 3932 τὸν

2097 3970 2100 3972 ’
2142 3960 2397 4027 Εὑδόξιον
2423 3962 2484 4015 οὑ
2520 3963 2648 4032 μίαν
2699 3965 2874 4030 πόλιν,
2921 3963 3040 4019 ἀλλ’
3067 3966 3168 4038 ἤδη
3201 3967 3296 4020 καὶ
3342 3970 3423 4030 είς
3451 3969 3704 4040 δευτέραν

2145 4053 2329 4117 κακῶς
2387 4054 2758 4122 ἐπιϐαίνοντα,
2797 4056 2874 4119 ὼς
2919 4057 3138 4112 ἐναντία
3184 4059 3399 4123 ἑαυτοῖς
3452 4060 3705 4132 διεπράτ-

2144 4161 2322 4199 τοντο.
2359 4145 2564 4199 Τούτου
2598 4147 2654 4199 δὲ
2685 4147 2782 4218 τὴν
2811 4149 3110 4218 ἐκκλησίαν
3133 4151 3542 4218 ἀναϐαίνοντος,
3566 4169 3707 4222 τηνι-

2147 4235 2323 4289 καῦτα
2343 4240 2436 4289 καὶ
2461 4239 2495 4308 ἡ
2531 4239 2742 4309 μεγάλη
2779 4240 3071 4311 ἐκκλησία,
3118 4242 3154 4312 ἢ
3178 4243 3346 4312 Σοφία
3367 4243 3703 4314 ὠνόμασται.

2146 4331 2215 4380 τὰ
2245 4329 2499 4397 ἐγκαίνια
2528 4331 2654 4404 ἔσχε
2691 4335 2758 4403 τῇ
2801 4336 3270 4408 πεντεκαιδεκάτῃ
3302 4335 3396 4391 τοῦ
3433 4337 3706 4409 Φεϐρουα-

2151 4420 2267 4488 ρίου
2310 4423 2509 4492 μηνός⁹
2549 4422 2606 4486 δς
2655 4425 2939 4490 καθεσθεὶς
2983 4428 3076 4482 ἐπὶ
3101 4429 3194 4480 τὸν
3240 4428 3451 4498 θρόνον,
3492 4430 3706 4501 πρῶτον

2147 4515 2247 4585 τὴν
2297 4516 2733 4588 πολυθρύλλητον
2777 4519 2956 4589 ἀφῆκε
3015 4521 3223 4592 φωνὴν,
3272 4520 3364 4574 ἐπ’
3415 4523 3706 4588 ἐκκλησίας

2149 4607 2321 4662 εἰπών
2343 4624 2358 4639 ο
2400 4609 2455 4662 ⁸0
2487 4609 2673 4679 Πατὴρ
2702 4610 2928 4680 ἀσεϐὴς,
2965 4611 2993 4663 ό
3021 4611 3078 4664 δὲ
3109 4611 3239 4675 Υίὸς
3269 4613 3518 4684 εὐσεϐής.
3544 4612 3710 4682 Θορί-

2147 4701 2244 4754 ϐου
2283 4699 2330 4755 δ’
2363 4699 2438 4765 ὡς
2464 4703 2610 4764 εἰκὸς
2643 4701 2736 4754 ἐπὶ
2770 4704 2946 4770 τούτῳ
2977 4703 3072 4756 καὶ
3104 4704 3355 4769 στάσεως
3392 4707 3471 4776 τῷ
3515 4705 3708 4774 πλήθει

2149 4795 2547 4865 γεγενημένης,
2597 4793 2765 4864 μηδὲν
2793 4794 3161 4864 ταράττεσθαι
3195 4798 3496 4867 παρηγγύα
3517 4814 3529 4826 °
3553 4801 3578 4851 ὁ
3611 4798 3709 4866 μὲν

2148 4889 2256 4957 γὰρ
2291 4886 2483 4956 Πατὴρ
2516 4886 2707 4939 οὐδένα
2738 4886 2884 4938 σέϐει
2909 4899 2924 4916 ·
2949 4886 2977 4939 ό
3003 4884 3061 4939 δέ
3109 4886 3238 4950 Υἱὸς
3268 4887 3500 4959 εὐσεϐής
3523 4905 3539 4921 ·
3563 4888 3707 4940 σέϐει

2149 4981 2280 5051 γὰρ,
2312 4981 2493 5043 καλῶς
2522 4978 2716 5044 ποιῶν,
2753 4979 2846 5032 τὸν
2904 4979 3152 5048 Πατέρα.
3191 4977 3359 5033 Ταῦτ’
3393 4981 3652 5043 είπόντος,
3682 4978 3709 5030 ό

2155 5074 2253 5143 μὲν
2283 5072 2509 5142 θόρυϐος
2553 5070 2977 5124 κατεστέλλετο·
3013 5071 3185 5138 γέλως
3227 5071 3272 5124 δ’
3305 5073 3572 5143 ἐπεχώρει
3615 5085 3709 5123 πο-

2151 5163 2248 5227 λύς
2269 5180 2283 5195 ·
2315 5166 2410 5218 καὶ
2441 5164 2520 5226 είς
2551 5161 2712 5229 δεῦρο
2738 5164 2798 5216 ἐν
2825 5162 3021 5231 γέλωτι
3054 5163 3115 5215 τδ
3145 5163 3438 5234 εἰρημένον
3466 5163 3705 5218 διατελεῖ.

2154 5259 2290 5328 Περὶ
2321 5256 2544 5311 τοιαῦτα
2583 5257 2644 5324 δὴ
2677 5257 2724 5309 oi
2754 5256 3037 5318 δυσσεϐεῖς
3077 5256 3472 5325 ἀσχολούμενοι
3506 5257 3594 5309 κα)⁵
3617 5274 3708 5308 κα-

2151 5348 2594 5416 τασοφιζόμενοι,
2613 5349 2693 5410 είς
2712 5349 2943 5411 ἀτόπους
2968 5347 3124 5410 δόξας
3149 5347 3248 5416 τὴν
3265 5347 3588 5418 Ἐκκλησίαν
3610 5348 3707 5400 διέ-

2156 5458 2394 5506 σπασαν,
2419 5440 2494 5502 ὡς
2516 5439 2718 5493 καὶνῦν
2735 5438 2896 5501 αὑτός
2923 5455 2982 5491 τε
3010 5441 3106 5493 καὶ
3123 5440 3410 5504 Ἀκάκιος,
3436 5443 3529 5492 καὶ
3556 5441 3705 5508 ἀσχο·

2154 5537 2275 5600 ila;
2305 5536 2607 5606 ὑπέρτερον
2634 5532 2934 5598 ἐποιοῦντο,
2957 5533 3095 5607 λήθῃ
3120 5533 3211 5586 δοῦ
3229 5551 3306 5586 και
3335 5535 3398 5587 τά
3435 5537 3491 5585 ἐν
3516 5532 3705 5599 Nimia

2155 5631 2500 5700 γεγενημένα
2524 5645 2538 5660 ο
2574 5629 2669 5680 καὶ
2696 5627 2790 5698 τὴν
2814 5629 2870 5679 ἐν
2901 5626 3169 5697 ’Δριμίνῳ
3197 5627 3335 5696 μετά
3357 5627 3459 5697 τῆς
3487 5623 3709 5696 προσθή-

2156 5741 2260 5794 κης
2285 5719 2603 5790 ἁπανταχοῦ
2634 5719 3000 5789 διεπέμποντο
3020 5735 3034 5750 ·
3066 5720 3159 5771 καὶ
3197 5721 3322 5782 τοὺς
3360 5720 3434 5788 μὴ
3464 5713 3709 5789 βουλομέ-

2157 5834 2303 5883 νους,
2345 5816 2418 5878 ὡς
2447 5817 2682 5886 εἴρηται,
2720 5813 2876 5884 ἀϊδίῳ
2927 5813 3073 5882 φυγῇ
3114 5809 3344 5881 ζημιοῦν
3371 5827 3384 5839 ⁸
3416 5811 3444 5863 δ
3478 5811 3540 5880 δὴ
3564 5806 3707 5870 δόξαν

2157 5911 2256 5984 τὴν
2310 5907 2626 5982 παράλογον
2673 5907 2888 5973 ἀπόνως
2939 5903 3188 5960 διανύσαι
3227 5903 3484 5975 σπουδὴν,
3546 5899 3705 5970 ἀρχὴν
