3870 6536
185 334 268 399 ιιι
1069 333 1679 396 ΕΕΟὶΕΞΙΛΒΤΙΠΕ
1713 334 2105 397 ΠῖΞΤΟῙῖΙΕ
2146 336 2290 398 LIB.
2337 335 2443 400 ῐΧ.
2704 382 2708 388 ι
3299 336 3402 405 418

184 456 360 522 ἑτέρων
408 451 696 523 συμφορῶν
745 454 996 525 ἧνοιγεν·
1053 455 1239 524 ἁπάσῃ
1283 455 1394 524 γᾶρ
1446 456 1506 506 οὐ
1567 457 1728 523 μόνον

1847 452 2041 521 sopitus
2086 460 2192 516 est,
2245 461 2303 506 et
2354 465 2584 522 magnus
2629 451 2957 508 subsecutus
3000 449 3166 506 risus.
3221 450 3402 520 Atque

185 543 442 613 ἐκκλησίᾳ,
474 543 608 597 ἀλλὰ
651 546 746 598 καὶ
776 547 950 610 πό“ει,
983 546 1226 616 τάραχον
1255 548 1318 598 οὐ
1375 546 1572 616 μικρλιν
1610 549 1721 598 ὲνε-

1847 543 1987 597 iodie
2020 559 2241 613 quoque
2277 544 2485 598 dictum
2530 543 2584 598 id
2621 544 2914 599 ridiculum
2964 543 3222 598 habetur.
3255 543 3405 598 Tali-

187 635 326 690 mist.
353 637 596 706 Διωγμὸς
639 637 688 690 δ’
739 638 894 692 οὐδὲν
950 639 1215 692 ἐλλείπων
1244 638 1354 691 τῶν
1409 639 1579 692 πάλαι
1609 641 1723 702 τοῖς

1847 652 1928 690 ius
1977 636 2131 706 impii
2185 636 2262 690 illi
2315 636 2484 691 rebus
2526 635 2803 706 occupati,
2855 645 2912 691 et
2955 635 3404 692 cavillationibus

195 727 539 794 Ῥιλληνισταῖς
591 731 1000 801 γεγενημένων,
1057 731 1156 802 τὴν
1199 731 1486 801 Ῥωμαίων
1521 734 1726 804 ἠγεμο-

1847 727 2158 798 ejuscemodi
2195 727 2298 790 usi,
2361 727 2658 783 Ecclesiam
2694 727 2760 782 ad
2801 727 3064 782 absurdas
3108 727 3401 797 opiniones

188 819 288 872 νίαν
318 819 610 890 διέτρεχεν.
666 823 728 876 El
759 826 870 894 γὰρ
896 824 992 877 καὶ
1037 826 1160 886 ταῖς
1193 824 1320 893 περὶ
1370 824 1525 894 σῶμα
1552 841 1725 893 τιμω-

1847 817 2224 872 Ιίειηιτετυηι.
2267 817 2544 886 Omnique
2589 833 2820 888 prorsus
2863 833 2994 872 cura
3036 827 3092 872 et
3119 817 3303 872 studio
3347 827 3406 873 et

192 913 313 980 ρίαις
334 912 388 963 τὺ
415 907 577 984 ἧττον
611 913 780 988 εῖχεν,
808 916 976 986 ἀλλ’ἢ
1010 917 1242 986 αἰσχύνη
1284 917 1507 984 μείζονα
1537 916 1724 970 τοῦτον

1853 925 1944 978 pse
1974 909 2252 965 Endoxius
2278 921 2334 966 et
2366 911 2600 965 Acacins
2633 925 2984 979 summopere
3021 911 3074 964 in
3109 911 3214 965 hoc
3243 911 3402 964 incu-

189 1005 336 1056 ὲποίει
362 1005 446 1056 καὶ
485 1007 876 1078 χαλεπώτερον
905 1011 1019 1072 τοῖς
1054 1010 1127 1073 ὼς
1160 1009 1266 1080 χρὴ
1295 1011 1356 1062 τὸ
1409 1010 1530 1062 δέον
1553 1011 1728 1078 διαγι-

1847 1016 2034 1064 mere,
2073 1011 2133 1058 ut
2167 1001 2220 1056 in
2257 1001 2590 1056 oblivionem
2635 1003 2852 1058 Nicaena
2901 1002 3125 1057 decreta
3166 1001 3406 1056 adduce-

192 1095 475 1150 νὼσκουσιν.
511 1099 580 1152 Ὃ
612 1117 673 1154 τε
702 1100 814 1171 γὰρ
840 1100 1054 1153 διώκων
1087 1102 1182 1154 καὶ
1209 1105 1236 1155 ὁ
1274 1101 1605 1168 διωκόμενος
1627 1105 1726 1170 τῆς

1847 1103 1972 1149 'ent.
2006 1092 2241 1149 Proinde
2271 1093 2680 1150 Ariminensem
2713 1095 3004 1148 formulam
3036 1109 3160 1149 cum
3196 1109 3410 1164 appen-

188 1189 335 1257 αύτῆς
360 1189 659 1257 θρησκείας
702 1188 844 1263 ἦσαν
873 1195 970 1246 καὶ
999 1193 1348 1265 Ἑκκλψίαςὲ
1381 1194 1549 1246 Τόσον
1581 1195 1626 1247 δ’
1658 1191 1727 1266 ἦν

1847 1185 1950 1238 lice
1984 1199 2082 1239 sua
2110 1185 2174 1239 ad
2206 1185 2326 1240 loca
2362 1186 2549 1241 omnia
2580 1186 2855 1240 miserunt
2886 1204 2898 1238 :
2930 1195 2986 1240 et
3015 1186 3107 1256 qui
3141 1201 3260 1240 eam
3298 1201 3404 1239 non

186 1276 250 1345 τῷ
294 1278 486 1348 αίσχρῷ
539 1279 603 1332 τὸ
656 1280 829 1334 δεινὸν
867 1281 1204 1350 ὑπερφέρον,
1237 1283 1361 1335 ὅσον
1417 1283 1556 1352 πρὸς
1597 1283 1728 1347 τοὺς

1847 1278 2162 1348 'eeiperent,
2206 1279 2350 1334 sicut
2393 1279 2600 1333 dictum
2629 1289 2739 1344 est,
2771 1279 2966 1333 exsilio
3010 1292 3106 1334 eos
3137 1290 3407 1349 perpetuo

186 1370 456 1439 ὁμοφύλους
497 1372 568 1426 τὰ
598 1373 876 1443 πολεμίων
906 1377 1041 1447 δρᾷ-ι
1069 1391 1085 1406 ·
1115 1377 1208 1429 καὶ
1237 1374 1366 1447 περὶ
1391 1376 1728 1446 ἀλλοφύλους

1851 1369 2157 1424 nullarunt.
2185 1371 2342 1437 Quod
2377 1385 2508 1424 sane
2533 1386 2656 1424 eum
2683 1371 2842 1425 facile
2874 1386 2986 1426 rem
3015 1379 3212 1440 praeter
3240 1369 3410 1423 ratio-

187 1458 301 1512 εἷναί
344 1478 404 1528 γε
433 1465 738 1527 τοιούτους,
777 1466 806 1515 δ
859 1466 955 1535 τῆς
1011 1467 1314 1541 ίερωσύνης
1369 1468 1604 1539 ἀπεῖργε
1640 1465 1728 1519 οε-

1847 1477 1957 1515 iem
1996 1473 2309 1531 susceptam
2343 1462 2716 1532 perlecturum
2757 1477 2880 1526 esse
2924 1463 3229 1528 videretur,
3273 1462 3410 1515 alia-

188 1556 320 1622 cp6;.
352 1555 422 1607 T6
452 1573 521 1623 γε
559 1557 667 1627 μὴν
711 1561 901 1611 καινὸν
949 1559 1346 1624 ἐπαινούμενον
1381 1562 1504 1614 κατ’
1546 1561 1729 1629 ὀλίγον

1847 1571 1951 1609 'um
1991 1555 2363 1610 calamitatum
2411 1555 2628 1611 initium
2673 1556 2903 1624 praebuit
2937 1572 2950 1608 :
2989 1563 3045 1609 et
3091 1543 3198 1610 non
3243 1555 3410 1607 modo

187 1647 396 1700 ιπίδοσιν
447 1644 588 1720 εἶχε,
639 1652 732 1704 καὶ
789 1652 925 1724 πρὸς
979 1653 1352 1724 νεωτερισμὸν
1398 1655 1724 1726 ἠρεθίζετο·

1847 1645 2102 1710 ξεοΙιιείῑε,
2130 1646 2226 1702 sed
2246 1637 2306 1701 et
2333 1646 2564 1701 urbibus
2589 1645 2850 1701 omnibus
2881 1661 3138 1714 magnum
3169 1644 3411 1701 concivit

185 1742 259 1791 ita".
285 1742 356 1803 είς
407 1741 705 1796 αὐθάδειαν
733 1742 926 1814 ἕρπον,
961 1743 1071 1798 τῶν
1122 1747 1369 1816 ἀρχαίων
1401 1747 1496 1800 καὶ
1533 1765 1732 1818 πατρι-

186 1829 280 1854 μτ.-.
560 1833 842 1854 ,ι--κ----ι
883 1850 923 1854 ,-
954 1850 968 1854 -
1009 1833 1094 1854 -.Α
1391 1834 1492 1854 ..ιη
1543 1834 1701 1854 is".--

1847 1748 2066 1793 motum.
2096 1738 2416 1794 Persecutio
2449 1754 2710 1808 namque,
2741 1755 2862 1807 quae
2892 1739 3040 1792 nulla
3074 1738 3129 1792 in
3168 1753 3226 1793 re
3258 1736 3413 1794 Grae-

1847 1845 2022 1854 .-_.-...
2056 1830 2331 1854 .-.μμ-...2.Ιὲ
2377 1842 2425 1854 ,ι
2477 1831 2786 1854 ---μιιιιὲιριέ
2829 1831 3042 1854 -..ΛΑ-..ι
3099 1829 3406 1854 Ι)Α-..-...-..ι

186 1829 280 1880 κῶν
329 1831 506 1894 νόμων
560 1833 968 1902 ὑπερεφρόνει·
1008 1833 1101 1887 καὶ
1159 1837 1356 1904 νόμους
1390 1834 1496 1905 ίδίᾳ
1541 1834 1729 1887 ἐτίθει.

1847 1845 2023 1885 corum
2056 1830 2331 1902 tyrannidi
2373 1842 2429 1886 et
2472 1831 2787 1886 crudelitati
2825 1831 3066 1896 cederet,
3098 1829 3408 1886 Romanum

190 1921 280 1974 Καὶ
316 1923 378 1973 τὰ
407 1923 547 1976 αὐτὰ
576 1924 710 1995 περὶ
741 1924 876 1978 Θεοῦ
922 1908 1169 1990 δοξάζειν
1209 1915 1322 1989 τοῖς
1356 1925 1734 1996 ἀρχαιοτέροις

1847 1924 2074 1988 pervasit
2118 1923 2435 1995 imperium.
2475 1923 2737 1992 Quamvis
2781 1925 2970 1989 enim,
3021 1934 3288 1994 quantum
3339 1923 3410 1976 ad

183 2013 400 2080 οὖδαμῶς
439 2016 674 2086 ἢθελενο
706 2017 824 2070 ἀλλ’
861 2019 950 2072 ἀεὶ
993 2017 1121 2081 ξένα
1154 2017 1276 2071 τινὰ
1338 2018 1616 2089 περιενόει
1646 2017 1732 2070 δό-

1847 2032 2133 2088 :orporum
2184 2017 2452 2088 supplicia
2502 2019 2785 2089 pertinet,
2821 2017 3004 2071 minor
3034 2016 3201 2072 fuerit
3232 2033 3247 2071 :
3282 2032 3413 2087 pro-

185 2119 363 2172 γμαια,
389 2109 483 2160 καὶ
510 2109 569 2160 οὐ
602 2109 886 2172 καθεκτῶς
913 2107 1048 2180 εἶχε,
1077 2111 1243 2163 καινὰ
1269 2111 1361 2164 ἐπὶ
1392 2110 1732 2178 καινοτέροις

1847 2110 1998 2162 brum
2037 2115 2218 2162 tamen
2266 2109 2470 2178 ipsum,
2518 2109 2782 2180 majorem
2833 2110 3255 2180 gravioremque
3286 2125 3411 2164 eam

186 2195 258 2247 citi
286 2198 645 2267 ἐφευρίσκων,
676 2194 764 2253 οἷα
798 2200 863 2271 δὴ
895 2201 990 2254 καὶ
1013 2201 1136 2255 τότε
1167 2200 1478 2255 συνέϐαινε.

1847 2201 1980 2271 ψυιι
2029 2215 2124 2255 eos
2161 2200 2255 2270 qui
2303 2216 2419 2255 rem
2461 2208 2610 2256 recte
2646 2210 2932 2271 putarunt,
2982 2201 3134 2257 fecit.
3176 2201 3310 2256 Nam
3355 2209 3412 2255 et

186 2294 262 2361 qui
294 2306 774 2365 persequerentur,
841 2305 896 2353 et
931 2298 1024 2368 qui
1092 2276 1537 2370 persecutionem
1604 2297 1951 2367 exciperent,
2000 2295 2248 2368 ejusdem
2282 2305 2440 2351 erant
2488 2296 2747 2353 Ecclesiae
2790 2307 2846 2353 et
2895 2297 3197 2368 religionis.
3232 2295 3411 2350 Tanto

187 2401 294 2440 vero
338 2388 387 2440 id
447 2389 658 2444 malum
723 2401 950 2461 propter
1005 2390 1310 2446 lmditatem
1376 2391 1550 2461 majus
1602 2389 1726 2455 fuit,
1767 2399 1978 2459 quanto
2036 2391 2256 2460 turpius
2317 2390 2535 2446 civibus
2557 2406 2720 2460 quam
2755 2389 2877 2444 aliis
2907 2387 3406 2443 inlerturbellum:

186 2494 288 2533 cum
309 2481 526 2549 quidem
564 2481 616 2534 id
664 2485 831 2536 etiam
862 2499 992 2553 erga
1035 2495 1257 2540 exteros
1321 2482 1504 2538 lacere
1578 2482 1908 2552 episcopalis
1960 2481 2262 2537 [unctionis
2311 2483 2675 2553 prohiberent
2721 2484 3059 2537 sanctiones.
3104 2483 3166 2536 Et
3197 2480 3412 2535 novitas

189 2571 379 2640 quidem
419 2572 643 2627 laudata
676 2575 934 2640 paulatim
968 2577 1311 2632 incrementa
1336 2592 1431 2632 sua
1457 2575 1729 2645 capiebat,
1755 2585 1921 2645 atque
1961 2573 2028 2630 ad
2088 2578 2452 2632 mutationem
2493 2577 2771 2632 insolitam
2826 2576 3112 2645 spectabat
3163 2591 3178 2628 :
3233 2589 3411 2644 eoque

188 2662 377 2717 demum
431 2666 737 2734 praefractae
774 2667 1101 2723 temeritatis
1145 2667 1420 2738 pervenit,
1467 2676 1526 2721 ut
1556 2667 1811 2721 homines
1852 2676 2067 2722 veteres
2133 2678 2189 2722 et
2258 2670 2469 2739 patrias
2504 2671 2651 2738 leges
2694 2677 3098 2733 contemneret,
3143 2677 3199 2724 et
3238 2683 3412 2724 novas

186 2756 272 2810 sibi
313 2772 404 2827 pro
433 2772 494 2812 se
541 2760 776 2828 quisque
816 2759 1100 2815 conderet.
1140 2764 1319 2829 Atque
1342 2759 1596 2831 equidem
1629 2759 1821 2814 eadem
1855 2759 1923 2814 de
1957 2757 2066 2814 Deo
2098 2774 2218 2814 cum
2252 2759 2660 2830 antiquioribus
2720 2762 2832 2816 illis
2895 2762 3104 2816 sentire
3165 2760 3410 2823 nolebat,

187 2852 264 2906 sed
291 2867 418 2905 nova
472 2853 782 2910 identidem
842 2855 1088 2926 quaedam
1141 2855 1390 2924 dogmata
1433 2853 1981 2917 comminiscebatur,
2047 2868 2228 2924 neque
2273 2869 2332 2908 se
2405 2854 2474 2907 ab
2516 2854 2640 2909 aliis
2672 2870 2838 2924 super
2887 2854 3022 2912 alias
3051 2854 3210 2910 umis
3245 2856 3411 2911 rebus

189 2944 508 3004 inveniendis
535 2950 819 3004 continere
866 2956 1100 3016 poterat.
1129 2946 1279 3003 Talis
1315 2955 1430 3002 tum
1463 2945 1568 3002 fuit
1597 2960 1778 3002 rerum
1812 2955 1990 3001 status

715 3101 966 3157 ΚΕΦΑΛ.
1002 3095 1131 3154 ΜΖ⁹.

2289 3087 2714 3160 θοοεΑρυτ
2753 3088 2958 3146 XLVII.

187 3194 303 3262 Περι
331 3193 437 3260 τῆς
466 3195 849 3250 Μακεδονίου
892 3194 1176 3261 αιρέσεως
1213 3191 1310 3244 καὶ
1341 3188 1731 3262 Μαραθωνίου

1847 3179 2482 3262 Dan/neruiillgcedouii,
2533 3192 2584 3262 et
2621 3181 2949 3237 Marathonii
2977 3181 3328 3262 Nicomediae,
3357 3194 3411 3238 et

246 3251 340 3319 τοῦ
362 3251 784 3334 Νῖκομηδὲίας,
841 3251 964 3319 καί
989 3251 1330 3334 Εὐστὶιθίου
1388 3251 1495 3314 rei}
1530 3261 1728 3334 Σεϐα-

1906 3252 2172 3334 Eustothii
2205 3251 2461 3306 Sebastiw
2490 3254 2873 3334 rpisceporum,
2903 3254 2992 3334 qui
3029 3256 3189 3322 primi
3209 3267 3411 3334 contra

245 3340 465 3402 ctelac'
496 3322 556 3391 ὁι
577 3322 830 3402 ’πρῶτ’ώς
855 3335 1005 3389 κατὰ
1038 3333 1144 3387 τοῦ
1169 3333 1342 3400 ἁγίου
1389 3333 1732 3402 ιΙνεύμᾳτος

1905 3322 2161 3391 Spiritum
2203 3333 2442 3375 sanctum
2485 3322 2792 3402 blaspheme
2838 3322 3265 3402 preferre_verba
3299 3343 3416 3402 cae-

243 3393 929 3476 βλασῷημεῖνίῆρξαίθτο,
955 3404 1054 3458 και
1080 3393 1566 3470 Πνειῖματομιὶχοὶ
1591 3399 1736 3452 ὠνο-

1905 3401 2114 3461 peruul,
2177 3405 2225 3447 et
2288 3402 2565 3463 propterea
2620 3393 3092 3449 I’ucumatomochi
3154 3395 3411 3466 appellati

240 3473 579 3552 μάσθίισᾶν.
675 3473 695 3474 θ

1909 3473 2054 3517 sunt.

245 3597 574 3658 Maxsadvaoc
619 3594 728 3664 γὰρ
767 3591 1036 3663 αύμφρων
1065 3589 1145 3644 ὢν
1192 3591 1464 3660 πρότερον
1496 3587 1733 3658 Εὐδοξίῳ

190 3689 271 3744 καὶ
337 3689 607 3758 Ἀκακίῳ,
669 3688 820 3756 ὅμως
880 3684 980 3754 τὴν
1036 3683 1332 3753 ἐκκλησίαν
1388 3671 1731 3752 ἆφαιρεθεὶς,

191 3784 351 3836 οὐκέτι
383 3780 786 3852 παραπλησίως
815 3779 1045 3839 ἐκείνοις
1078 3776 1324 3841 δοξάζειν
1353 3777 1572 3847 ῄρεῐεΨ
1601 3773 1738 3830 ἀλλὰ

192 3874 275 3944 τὴν
301 3877 355 3928 ὲν
381 3873 690 3945 ’Δντιοχείᾳ
722 3873 990 3942 πρότερον
1030 3872 1124 3923 καὶ
1151 3871 1208 3922 ὲν
1240 3867 1530 3938 Σελευκείᾳ
1577 3865 1738 3918 ῦστε-
1765 3923 1768 3925 _

197 3981 272 4035 ρον
299 3966 694 4036 βεϐαιωθεῖσαν
736 3965 944 4029 πίστιν,
976 3961 1043 4033 ἦν
1091 3961 1184 4016 καὶ
1219 3960 1562 4030 ὁμοιοούσιον
1597 3960 1740 4012 ὲκεί-

195 4073 267 4120 νος
289 4057 554 4126 ὠνόμαζε,
597 4054 891 4122 κρατύνειν
922 4055 1131 4125 ᾑρεῖτο,
1159 4054 1223 4122 ἢν
1261 4052 1425 4112 αὐτὸν
1457 4051 1615 4120 λόγος
1646 4052 1738 4103 εύ-

197 4152 312 4217 ρεῖν,
333 4149 531 4220 μᾶλλον
552 4149 606 4202 δὲ
629 4147 1015 4217 Μαραθώνιον,
1035 4143 1095 4197 ὃν
1122 4142 1494 4216 Νικομηδείας
1515 4142 1736 4212 ποιήσοι

195 4243 490 4296 ἐπίσκοπον.
527 4242 604 4294 Οὐ
637 4240 796 4293 τοῦτο
835 4237 893 4293 δὲ
928 4239 1111 4309 μόνον,
1143 4235 1280 4289 ἀλλὰ
1307 4237 1402 4290 καὶ
1433 4238 1492 4290 ὲν
1521 4238 1588 4306 τῇ
1622 4237 1739 4289 θεο-

1911 3574 2265 3631 Macedonius
2311 3589 2587 3648 namque,
2649 3577 2863 3631 etiamsi
2914 3586 3042 3632 ante
3089 3577 3232 3633 idem
3283 3594 3408 3633 cum

1839 3665 2092 3721 Eudoxio
2140 3677 2196 3720 et
2241 3669 2442 3722 Acacio
2491 3670 2789 3733 sensisset,
2834 3670 3194 3726 nihilominus
3227 3682 3408 3727 tamen

1843 3776 1908 3813 ex
1949 3759 2186 3814 ecclesia
2237 3776 2336 3814 sua
2386 3761 2740 3826 deturbatus,
2786 3778 2895 3818 non
2943 3763 3193 3819 eamdem
3245 3783 3413 3836 porro

1840 3866 2007 3921 quam
2043 3851 2121 3906 illi
2153 3853 2490 3921 sequebatur
2515 3856 2832 3924 Opinionem
2867 3874 2882 3910 :
2917 3857 3012 3912 sed
3047 3859 3170 3914 lldei
3204 3861 3414 3930 proles-

1840 3944 2054 4000 sionem
2090 3946 2398 4000 Antiochiae
2431 3948 2690 4017 primum,
2725 3958 2914 4018 postea
2949 3951 3116 4006 etiam
3148 3951 3414 4010 Seleuciae

1841 4038 2246 4104 conﬁrmatam,
2276 4054 2441 4109 quam
2477 4042 2596 4110 ipse
2643 4055 2740 4096 seu
2789 4043 2971 4111 potius
3015 4043 3411 4113 Marathonius,

1844 4145 2006 4200 quem
2054 4129 2386 4186 Nicomediae
2429 4133 2747 4203 epiScopum
2800 4134 3028 4201 fecerat,
3085 4147 3144 4190 ut
3185 4139 3411 4208 quidam

1842 4235 2056 4298 putant,
2102 4217 2460 4295 ὁμῖοιοούσιον,
2515 4227 2620 4282 hoc
2671 4239 2756 4283 est
2802 4228 3030 4283 similem
3085 4231 3415 4300 substantia,

191 4333 330 4405 λογξᾳ
378 4333 436 4386 ἐν
465 4337 566 4405 τῆς
609 4333 842 4403 Τριάδος
887 4331 1070 4399 λέγειν
1121 4331 1182 4382 τὸ
1217 4328 1439 4398 Πνεῦμα
1483 4328 1544 4382 τὺ
1583 4330 1736 4399 ἅγιον

1847 4319 2176 4390 appellabat,
2203 4318 2455 4374 obtinere
2483 4319 2685 4374 debere
2717 4320 2956 4376 censuit.
2984 4321 3184 4376 Verum
3217 4339 3324 4378 non
3359 4327 3414 4381 id
3480 4367 3486 4372 .

195 4431 492 4499 ἀπηρνεῖτο.
525 4427 631 4482 Τὸν
681 4428 779 4498 μὲν
826 4427 934 4496 γὰρ
985 4423 1116 4477 Υιὸν
1146 4422 1282 4476 Θεὸν
1317 4423 1524 4476 τέλειον
1572 4417 1739 4490 εἷναι..

1847 4414 2008 4470 modo
2037 4415 2171 4486 egit,
2207 4415 2301 4470 sed
2337 4415 2502 4469 etiam
2537 4416 2592 4469 in
2655 4415 2926 4486 theologia
2959 4431 3057 4470 seu
3105 4417 3418 4475 divinitatis

196 4522 277 4574 καὶ
329 4524 446 4575 κατ’
501 4521 690 4575 οὐσίαν
741 4521 928 4589 ὅμοιον
976 4517 1130 4585 ἔλεγε
1178 4515 1255 4586 τῷ
1315 4513 1528 4585 Πατρί·
1579 4515 1638 4567 τὸ
1680 4514 1736 4568 δὲ

1847 4507 2058 4561 ratione
2112 4505 2461 4575 exponenda,
2515 4505 2781 4576 Spiritum
2824 4519 3075 4563 sanctum
3125 4526 3412 4578 personam

196 4613 395 4684 Πνεῦμα
441 4615 504 4668 τὸ
553 4614 710 4682 ἆγιον
763 4614 990 4682 ἄμοιρον
1031 4610 1266 4664 καθίστα
1324 4608 1434 4662 τῶν
1481 4610 1740 4662 τοιούτων

1847 4614 2008 4652 unam
2036 4598 2323 4654 Trinitatis
2357 4599 2648 4654 dicendam
2679 4615 2800 4655 esse
2833 4605 3075 4672 negavit.
3107 4606 3183 4658 Ac
3215 4603 3415 4661 Filium

196 4706 373 4772 γερῶν.
424 4708 681 4760 Διάκονον
739 4705 848 4775 γὰρ
902 4703 1034 4756 αύτδ
1096 4699 1236 4757 εἶναι
1305 4702 1399 4756 καὶ
1461 4701 1740 4772 ὑπουργὸν

1847 4691 2067 4761 quidem
2100 4689 2270 4746 Deum
2293 4691 2622 4762 perfectura,
2648 4701 2706 4749 et
2734 4692 3044 4749 substantia
3083 4697 3230 4751 Patri
3263 4699 3420 4754 simi-

196 4800 468 4867 εἰσηγεῖτο,
513 4799 608 4852 καὶ
646 4797 822 4869 βραχύ
873 4814 926 4852 τι
968 4795 1078 4850 τῶν
1126 4796 1436 4866 ἀγγελικῶν
1477 4794 1740 4867 διαφέρον

1847 4784 1950 4837 lem
1988 4798 2109 4838 esse
2147 4783 2286 4837 dixit
2333 4802 2346 4838 :
2383 4783 2650 4854 Spiritum
2701 4794 2950 4840 sanctum
2993 4799 3174 4843 autem
3215 4804 3416 4858 exper-

195 4888 867 4957 ταγμάτων.Ἐκοινώνουν
905 4887 963 4941 δὲ
1025 4886 1126 4958 τῆς
1155 4885 1313 4957 δόξης
1363 4886 1514 4956 αὐτῷ
1557 4884 1741 4939 Ἐλεύ-

195 4994 294 5041 σιος
337 4984 364 5033 ὁ
392 4980 656 5042 Κυζίκου,
722 4979 1032 5050 Σωφρόνιός
1087 4995 1146 5032 τε
1197 4981 1225 5032 ὁ
1265 4979 1598 5047 Παφλαγὼν,
1645 4979 1742 5032 καὶ

193 5072 218 5121 ί,
244 5071 560 5136 Σεδαστείας
591 5072 892 5136 Εὐστάθιος
915 5087 932 5104 ο
991 5071 1048 5136 ὃς
1097 5070 1260 5142 δῆθεν
1301 5071 1743 5141 εὐγνωμονέστε-

198 5179 274 5233 ρος
326 5164 401 5218 ὣν
451 5165 571 5219 οὔτε
632 5164 767 5219 Θεὸν
821 5163 946 5218 οὗτε
993 5163 1199 5233 κτίσμα
1251 5162 1434 5230 λέγειν
1462 5164 1650 5235 ᾑρεῖτο
1682 5163 1742 5216 τὸ

198 5255 402 5326 Πνεῦμα
438 5258 501 5310 τὸ
535 5249 710 5328 ἅγιον.
757 5255 952 5310 Πολλοὶ
995 5255 1053 5309 δὲ
1101 5256 1195 5310 καὶ
1223 5255 1372 5312 ἄλλοι
1409 5257 1506 5310 σὺν
1556 5256 1740 5318 αὐτοῖς

197 5342 355 5418 ἦσαν,
397 5352 494 5404 καὶ
543 5350 730 5422 σχεδὸν
785 5349 898 5402 ὅσοι
954 5347 1072 5418 μετ’
1119 5347 1299 5401 αὐτῶν
1349 5345 1741 5418 καθῃρέθησαν

200 5443 332 5512 ’παρὰ
379 5444 488 5498 τῶν
520 5441 878 5498 ὑπεναντίων.
921 5441 1165 5496 ’Ἥκιστα
1215 5439 1264 5494 δ’
1315 5439 1610 5510 ἐλαχίστην
1648 5441 1742 5493 καὶ

201 5539 373 5608 μοῖραν
425 5537 692 5606 ἐπήγοντο
736 5533 830 5589 τοῦ
867 5535 926 5587 ὲν
970 5529 1550 5588 Κωνσταντινουπόλει
1585 5530 1738 5598 ldo-5,

263 5715 327 5783 (l)
356 5715 616 5771 Enstathii
649 5715 1015 5773 Sebastiensis
1046 5715 1274 5768 verbum
1306 5729 1322 5768 :
1353 5711 1489 5784 Ego,
1535 5711 1735 5782 inquit,

203 5799 344 5853 neque
377 5788 536 5842 Deum
562 5787 815 5859 ερίσὶικηι
843 5795 1086 5841 sanciunt
1115 5787 1388 5841 nominare
1421 5784 1740 5851 censuerim,

1844 4884 1953 4928 tem
1979 4873 2206 4930 honoris
2232 4884 2287 4930 et
2307 4876 2590 4947 dignitatis
2618 4876 2890 4946 ejusmodi
2917 4879 3211 4942 statuebat,
3241 4879 3420 4935 lamu-

1845 4967 1959 5022 lutn
1989 4983 2116 5022 eum
2169 4976 2226 5022 et
2265 4969 2678 5032 adininistrum,
2713 4971 3091 5041 angelicis-que
3121 4972 3419 5030 ordinibus

1844 5063 2009 5133 paulo
2053 5064 2492 5134 praestantiorem
2549 5080 2675 5122 esse
2725 5065 2952 5120 docens.
3006 5065 3074 5119 Et
3133 5065 3186 5119 in
3222 5067 3416 5126 eadem

1843 5170 1968 5209 cum
2020 5171 2088 5210 eo
2143 5157 2416 5211 sententia
2465 5167 2627 5212 erant
2684 5158 2938 5213 Eleusius
2986 5159 3310 5229 Cyzicenus,
3360 5172 3419 5220 et

1843 5247 2192 5318 Sophronius
2244 5249 2558 5318 Paphlago,
2611 5257 2669 5303 et
2727 5249 3046 5303 Eustathius
3102 5250 3419 5308 Scbastien-

1846 5341 1923 5395 sis
1947 5342 2024 5410 (l)
2055 5341 2186 5410 :qui
2218 5352 2399 5401 tamen
2426 5340 2548 5396 aliis
2570 5340 2801 5410 aequior,
2825 5356 3005 5410 neque
3035 5340 3203 5397 Deum
3239 5359 3418 5414 neque

1846 5441 2158 5488 creaturam
2192 5431 2460 5502 Spiritum
2483 5441 2732 5486 sanctum
2764 5430 2950 5487 dicere
2972 5435 3183 5489 maluit.
3212 5433 3422 5490 δυσω-

1845 5526 2118 5593 gabantur
2152 5524 2236 5578 eis
2281 5533 2336 5578 et
2369 5523 2460 5577 alii
2497 5523 2653 5578 inulti
2678 5564 2693 5588 ,
2728 5533 2781 5580 et
2823 5523 2938 5581 fere
2989 5541 3183 5582 omnes
3215 5529 3420 5598 quibus

1848 5722 2011 5833 ἶιὶῳιε
2059 5712 2361 5845 ενεαιέξαίη
2426 5721 2610 5759 uocare
2673 5723 2833 5765 ausus
2898 5709 3116 5779 fuerint.
3181 5702 3418 5782 (Socrati

1875 5799 1882 5829 I
1929 5817 1942 5832 .
1974 5792 2030 5844 ll,
2061 5789 2182 5844 Cap.
2244 5793 2295 5828 ι).
2330 5802 2338 5810 ·

1875 5789 1942 5833 in.
1974 5792 2030 5844 ιι,
2061 5789 2182 5844 cap.
2207 5789 2338 5844 4ο.)-
