3870 6586
160 452 243 513 ίΞὸ

1052 418 1662 503 ΕεςιΕειΑδτισιε
1708 431 2098 495 HlSTORl/E
2135 428 2288 490 Lm.
2330 425 2431 489 Ix.

3286 418 3393 481 426

158 566 292 629 αὐτὸς
339 565 511 619 ὶδόκτι
559 560 911 628 δοξάζοντας,
957 556 1094 610 ἀλλὰ
1132 554 1231 610 καὶ
1261 554 1398 626 πρὸς
1434 552 1707 624 Ἕλληνας
1741 584 1748 602 ι

1853 563 1929 603 im
1960 547 2239 629 perferre,
2267 553 2323 599 et
2361 559 2462 615 per
2490 540 2958 615 interrogationes
2990 554 3089 596 eos
3140 540 3392 611 urgenti-

158 661 303 732 βαρὺς
328 654 415 730 ἦν.
466 656 558 717 Ὠς
605 655 717 724 γὰρ
754 654 952 723 έκείνῳ
978 650 1155 705 ἐδόκει
1208 647 1499 707 κάκείνους
1547 644 1705 709 δοξά-

157 754 252 819 ζειν
272 753 465 824 ᾑρεῖτο,
494 750 592 803 καὶ
621 746 698 818 μὴ
730 745 1096 818 βουλομένους
1123 742 1384 813 ἧλαυνεν.
1424 739 1501 794 Ού
1533 740 1638 810 μὴν
1657 737 1703 790 δ’

156 848 272 902 ἀλλὰ
308 848 399 898 καὶ
447 842 614 898 παντί⁵
658 840 739 912 τῷ
772 840 934 910 δήμῳ
967 838 1069 910 τῆς
1097 836 1306 899 πόλεως
1335 833 1572 906 χαλεπὸς
1598 827 1702 902 ἦν⁸

157 935 504 1007 ἐπιτιμητικός
529 934 576 990 δ’
606 934 685 995 ὡς
717 933 957 1004 μάλιστα
985 930 1100 994 τοῖς
1129 929 1413 999 ἄρχουσιν.
1435 924 1709 996 ’Δπεχθὴς

155 1034 202 1087 δὲ
230 1033 313 1086 καὶ
334 1030 411 1101 τῷ
440 1017 971 1101 πλήθειὶτύγχανεν
992 1019 1083 1078 οἷα
1120 1018 1472 1092 τυραννικὸς,
1498 1017 1595 1072 καὶ
1619 1016 1709 1071 δύ-

155 1143 298 1197 ναμιν
321 1124 498 1195 ἑαυτῷ
519 1120 990 1194 περιποιούμενος
1021 1117 1255 1172 οἴκοθεν.
1282 1114 1358 1169 Τδ
1384 1113 1432 1168 δ’
1462 1111 1710 1185 Ἐλληνι-

156 1220 237 1273 κὸν
274 1218 429 1273 πλέον
462 1218 785 1286 ὲξέμαινιν,
835 1213 917 1267 ὅτι
956 1212 1023 1267 τὰ
1057 1212 1265 1282 πάτρια
1288 1204 1532 1270 ἐκείνους
1559 1201 1712 1276 εἶργε

158 1315 309 1366 ποιεῖν
332 1326 347 1343 ·
368 1312 462 1365 καὶ
492 1311 594 1374 τὰς
619 1309 816 1380 ἑορτὰς
857 1306 1115 1379 περιῄρει
1134 1320 1151 1336 ’
1174 1305 1271 1357 καὶ
1298 1302 1492 1371 ὅτιπερ
1526 1302 1714 1367 στῖφος

156 1405 208 1470 ἐξ
240 1402 508 1471 Αἰγύπτου
540 1400 933 1476 στρατιωτικὸν
963 1394 1263 1466 ἐπαγαγὼν
1292 1395 1500 1458 αὐτοῖς,
1530 1394 1628 1457 τάς
1655 1408 1713 1445 τε

158 1494 250 1548 τῶν
291 1493 572 1564 σφετέρων
613 1490 753 1545 θεῶν
780 1488 1018 1554 είκόνας,
1052 1486 1146 1541 καὶ
1164 1482 1494 1557 ἀναθῆματα
1528 1482 1715 1554 ἕτερα,

159 1588 239 1640 καὶ
279 1588 399 1650 ὅσος
434 1588 544 1648 τοῖς
579 1587 728 1649 ναοῖς
775 1578 846 1656 ἦν
897 1582 1107 1648 κόσμος
1157 1578 1364 1646 αὐτῶν,
1408 1577 1722 1648 διήρπασεν

159 1680 558 1752 ἀφαιρούμενος.
611 1679 677 1734 Ἀ
712 1677 776 1746 δὴ
808 1677 989 1730 πάντα
1032 1673 1184 1727 αἴτια
1216 1671 1411 1743 ίκείνῳ
1437 1671 1538 1739 τῆς
1569 1670 1722 1724 ἀναι-

1815 639 1922 695 bus
1965 622 2287 693 satisfacere
2321 651 2433 692 non
2476 642 2804 706 potuerunt.
2852 633 2920 688 Et
2963 648 3088 689 cum
3136 632 3284 702 quod
3332 631 3409 685 in-

1816 730 2171 787 adversarios
2227 729 2440 786 crimen
2510 737 2873 799 regererent,
2929 742 3040 781 non
3103 725 3396 791 haberem,

1820 823 2143 878 conﬁrmata
2173 823 2358 878 denuo
2391 836 2557 892 quam
2580 818 3066 890 Constantinopoli
3098 818 3397 875 ediderant

1820 915 2089 980 formula,
2152 913 2590 971 conciliabulum
2637 929 2802 970 suum
2863 912 3190 976 solverunt,
3237 921 3294 967 et
3340 925 3402 969 se

1821 1006 2047 1061 domum
2076 1005 2279 1076 singuli
2313 1012 2666 1076 receperunt.
2695 1003 2901 1060 Eadem
2930 1003 3037 1059 hac
3066 1009 3401 1072 tempestate

1820 1098 2121 1154 Athanasio
2177 1097 2360 1154 adhuc
2418 1098 2657 1165 latente,
2713 1095 2988 1168 Georgius
3050 1095 3400 1151 Alexandriae

1824 1203 1935 1243 non
1969 1204 2066 1244 eos
2098 1190 2262 1244 modo
2293 1188 2387 1260 qui
2417 1188 2701 1246 diversum
2736 1190 2806 1244 ab
2836 1188 3102 1260 opinione
3133 1204 3235 1244 sua
3277 1203 3407 1243 sen-

1826 1284 2013 1352 tirent,
2068 1286 2210 1340 male
2261 1285 2589 1357 accipiebat,
2624 1285 2722 1341 sed
2756 1284 2962 1341 Graecis
3006 1297 3230 1354 quoque
3275 1283 3412 1353 ipsis

1823 1376 2008 1447 gravis
2060 1385 2202 1431 erat.
2260 1375 2398 1432 Nam
2457 1391 2555 1432 eos
2592 1377 2786 1442 etiam,
2842 1376 3007 1432 sicuti
3061 1373 3169 1446 ipsi
3229 1374 3410 1429 visum

1827 1477 1996 1533 esset,
2027 1469 2246 1542 opinari
2276 1478 2443 1540 atque
2489 1469 2703 1525 sentire
2735 1467 2979 1532 volebat,
3023 1475 3081 1522 et
3112 1467 3300 1522 facere
3358 1466 3415 1520 id

1827 1564 2086 1619 nolentes
2131 1562 2622 1633 persequebatur:
2672 1562 2809 1632 quin
2864 1561 3138 1617 universa:
3185 1573 3413 1631 quoque

1830 1655 1987 1711 urbis
2028 1657 2152 1727 ejus
2198 1656 2346 1727 plebi
2390 1656 2689 1712 rnolestum
2728 1671 2789 1711 se
2825 1652 3173 1709 exhibebat:
3210 1650 3420 1725 princi-

163 1747 344 1841 ρέσεως
371 1747 640 1838 ἐγεγόνει,
670 1767 748 1830 ὼς
781 1768 840 1819 ἐν
880 1769 949 1836 τῇ
977 1762 1179 1833 ἑφεξῆς
1213 1779 1304 1829 μοι
1339 1761 1721 1833 δηλωθήσεται

1853 1765 1963 1805 ium
1993 1750 2233 1806 maxime
2277 1751 2523 1806 virorum
2576 1751 2926 1823 objurgator,
2955 1755 3013 1805 et
3043 1747 3222 1803 doctis
3254 1755 3421 1817 atque

162 1840 373 1933 ίστορίᾳ.
411 1859 522 1915 Τοῦ
547 1861 605 1914 δὲ
639 1859 912 1930 Κυρίλλου
939 1858 999 1910 δν
1029 1857 1238 1929 τρόπον
1266 1857 1483 1926 είρηται
1520 1852 1720 1908 καθαι-

1853 1845 2019 1912 :larls,
2040 1845 2190 1915 quod
2217 1859 2316 1900 eos
2338 1845 2757 1910 contemnebat,
2786 1859 2890 1899 nec
2922 1858 3034 1898 non
3068 1840 3421 1898 multitudini

165 1952 418 2021 ρεθέντος,
469 1950 570 2021 τὴν
593 1950 705 2003 τῶν
738 1947 1136 2019 Ἰεροσολύμων
1172 1945 1504 2015 Ἐκκλησίαν
1539 1943 1726 2013 Ἐρέν-

1857 1936 1939 2007 psi
1980 1936 2215 2003 invisus,
2248 1937 2421 1993 veluti
2454 1938 2809 2008 tyrannicus,
2847 1945 2903 1991 et
2938 1938 3035 2007 qui
3083 1933 3424 1991 dominatio-

163 2063 260 2110 νιος
304 2045 621 2116 ἑπετράπψ
687 2041 810 2115 μεθ’
849 2041 910 2095 ὃν
954 2039 1204 2109 ἐγεγόνει
1234 2037 1579 2108 Ἡράκλειος,
1635 2033 1731 2090 καὶ

1856 2044 1963 2084 tem
2008 2030 2119 2085 sibi
2178 2032 2335 2100 quasi
2390 2030 2519 2101 jure
2568 2044 2671 2086 suo
2720 2029 3054 2086 vindicaret.
3113 2029 3172 2084 lu
3226 2028 3425 2099 primis

164 2141 340 2212 ἑφεξῆς
404 2138 675 2209 ’ἰλάριοςο
728 2129 878 2191 οὗτοι
926 2134 1039 2205 γὰρ
1076 2134 1241 2213 μέχρι
1285 2132 1384 2200 τῆς
1444 2127 1729 2183 Θεοδοσίου

1853 2138 1969 2178 vero
2017 2119 2223 2179 Graecae
2276 2124 2696 2194 superstitionis
2757 2125 3003 2180 cultores
3042 2124 3419 2187 exacerbavit,

166 2234 419 2305 βασιλείας
442 2232 721 2301 διοικῆσαι
737 2230 808 2283 τὰ
830 2228 929 2299 τῆς
950 2227 1211 2296 τοιαύτης
1227 2222 1566 2291 Ἐκκλησίας
1591 2219 1735 2275 ίστό-

1853 2215 1983 2286 ιυοι]
2028 2230 2125 2272 eos
2167 2217 2363 2287 patriis
2404 2216 2523 2272 suis
2563 2219 2740 2274 sacris
2768 2216 3020 2289 operari,
3058 2217 3293 2288 diesque
3344 2215 3428 2271 fe-

169 2343 364 2398 ρηνται.
388 2324 544 2380 Μετὰ
571 2324 630 2378 δὲ
655 2321 878 2385 τούτους
909 2318 1118 2375 πάλινό
1144 2317 1310 2381 αὐτὸς
1343 2315 1612 2387 Κύριλλος
1641 2313 1733 2367 τὸν

1853 2317 1954 2364 stos
1995 2322 2263 2381 peragere
2313 2309 2629 2381 prohibuit.
2675 2312 2748 2368 Et
2802 2311 3029 2368 militari
3077 2327 3143 2367 ex
3192 2310 3426 2383 Egypto

167 2419 348 2472 οἰκεῖον
378 2415 683 2471 ὲπανέλαϐε
722 2413 937 2482 θρόνον.

1853 2402 2075 2457 idducta
2107 2418 2298 2470 manu,
2339 2404 2570 2461 deorum
2599 2406 2874 2477 imagines
2901 2416 3069 2479 atque
3102 2407 3209 2463 alia
3251 2414 3428 2463 dona-

170 2518 265 2581 ria,
293 2526 347 2572 et
375 2515 647 2587 quidquid
680 2521 948 2584 praiterea
993 2510 1047 2563 in
1092 2505 1325 2577 templis
1355 2517 1552 2559 eorum
1585 2510 1736 2559 esset
1810 2502 2148 2566 ornamenti,
2207 2501 2481 2572 diripiens
2512 2504 2768 2560 abstulit.
2795 2504 2934 2573 Qua
2963 2520 3099 2561 sane
3131 2505 3342 2598 omnia:
3368 2514 3431 2559 ut

170 2621 465 2675 necaretur,
486 2604 714 2666 causam
741 2607 1051 2679 praebuere,
1105 2604 1269 2661 sicuti
1327 2601 1475 2657 libro
1538 2599 1791 2671 proximo
1830 2598 2208 2655 ostendemus.
2244 2597 2451 2671 Cyrillo
2502 2600 2756 2657 Ecclesia
2794 2601 3321 2674 Hierosolymitana,
3357 2615 3427 2658 eo

173 2722 273 2777 quo
301 2723 463 2778 supra
503 2707 717 2763 dictum
753 2712 841 2759 est
895 2700 1086 2767 modo,
1120 2699 1376 2769 adempta
1420 2702 1527 2764 est,
1600 2705 1659 2751 et
1695 2694 1978 2751 Herennio
2047 2695 2328 2750 mandata.
2364 2695 2531 2767 805
2569 2695 2671 2752 Cui
2704 2695 3014 2762 Heraeiius,
3067 2708 3236 2768 atque
3286 2697 3422 2753 huic

171 2816 376 2855 rursum
403 2799 679 2855 successit
712 2795 957 2852 Hilarius
988 2813 1004 2850 :
1036 2793 1128 2849 isti
1169 2804 1410 2860 namque
1442 2802 1619 2859 usque
1660 2786 1729 2842 ad
1769 2784 2073 2842 Theodosii
2119 2784 2415 2856 imperium
2455 2786 2758 2844 Ecclesium
2807 2804 2929 2844 eam
2994 2790 3422 2851 administrasse

175 2895 348 2950 traditi
377 2903 551 2950 sunt:
585 2902 710 2965 post
739 2906 882 2963 quos
909 2888 1154 2962 Cyrillus
1183 2887 1302 2957 ipse
1353 2884 1541 2942 sedem
1574 2897 1731 2940 suam
1772 2881 2148 2952 recuperavit.

755 3028 1010 3083 ΚΕΦΑΛ.
1054 3027 1138 3084 N'.

175 3146 301 3214 Περὶ
340 3143 446 3211 τῆς
465 3145 575 3201 τοῦ
597 3142 915 3210 ,βασιλέως
947 3141 1372 3214 King-Utanch
1405 3139 1733 3214 τελευτῆς]

238 3211 329 3271 καί
360 3214 454 3273 οἷα
485 3221 519 3272 ό
546 3217 841 3287 Θεολόγος
871 3212 1071 3284 γραφῇ
1092 3212 1230 3281 περὶ
1267 3212 1455 3267 αὑτοῦ
1487 3211 1736 3279 ἱστορεῖ.

2476 3023 2707 3082 CAPUT
2746 3025 2811 3080 L.

1849 3134 1926 3189 De
1954 3130 2289 3213 imperatoris
2331 3135 2636 3213 Constantii
2676 3138 2856 3213 obitu,
2914 3147 2964 3213 el
2996 3160 3114 3213 qua:
3153 3142 3436 3213 Gi‘egarius

2120 3206 2408 3280 Tlieologus
2433 3210 2498 3264 de
2536 3226 2597 3265 eo
2624 3210 2822 3291 scripta
2852 3205 3151 3284 reliquerit.
3257 3205 3275 3221 ⁸

246 3335 307 3389 '0
338 3336 393 3388 δι
425 3333 643 3403 Καῖσαρ
671 3331 983 3395 Ἰουλιανὸς,
1020 3328 1171 3400 μάχῃ
1204 3327 1313 3381 τῶν
1347 3329 1477 3395 περὶ
1499 3328 1593 3380 τὸν
1625 3327 1748 3399 Ῥῆ·

1931 3318 2189 3376 Julianus
2220 3335 2355 3377 sane
2388 3321 2571 3378 Caesar
2598 3322 2748 3379 Bello
2777 3322 3053 3382 Barbaros
3081 3327 3148 3383 ad
3183 3330 3441 3390 Rhenum

179 3441 257 3477 νον
281 3425 572 3497 βαρδάρων
606 3422 913 3493 κρατήσας,
942 3423 1038 3473 καὶ
1064 3420 1327 3488 τοὺςσμὲν
1352 3418 1498 3487 ξίφει
1528 3419 1750 3487 ὑπαγα-

182 3515 301 3583 γὼν,
325 3516 417 3581 οὒς
465 3516 524 3569 δὲ
558 3516 654 3569 καὶ
682 3514 1004 3584 ζωγρήσας,
1037 3512 1134 3566 καὶ
1177 3509 1346 3574 πολὺς
1371 3509 1627 3581 τηνικάδε
1659 3510 1751 3564 διὰ

184 3607 639 3681 μετριοφροσύνης
667 3608 765 3662 καὶ
797 3605 1105 3669 ἐπιεικείας
1130 3603 1433 3676 πρόσχημα
1455 3603 1615 3673 δόξας
1636 3605 1752 3667 τοῖς

184 3701 552 3772 στρατιώταις,
606 3699 860 3769 βασιλεὺς
907 3697 1198 3770 Ῥωμαίων
1229 3695 1644 3768 ἀναγορεύεται.
1683 3696 1752 3750 Ὃ

182 3794 240 3863 δὴ
265 3796 316 3859 ές
336 3795 722 3849 Κωνστάντιον
739 3790 1028 3862 ἀγγελθὲν,
1055 3788 1259 3860 πολλὴν
1279 3789 1454 3843 ἐποίει
1476 3790 1576 3858 τὴν
1600 3789 1750 3856 ἀγω-

185 3886 309 3941 νίαν.
343 3888 453 3941 Καὶ
471 3887 537 3958 δὴ
565 3887 629 3940 τὸ
652 3886 798 3940 θεῖον
823 3883 1049 3955 λουτρὸν
1080 3882 1219 3954 πρὸς
1248 3881 1493 3945 Εύζωῖου
1527 3884 1588 3933 ὲν
1635 3880 1756 3934 Ἀν-

184 3982 378 4051 τιοχεία
407 3980 730 4051 δεξάμενος,
755 3978 897 4047 ἄρας
931 3974 1143 4031 ἐκεῖθεν
1178 3977 1279 4046 τὴν
1302 3977 1587 4044 στρατιὰν,
1622 3974 1756 4045 πρὸς

186 4074 267 4126 τὸν
302 4075 421 4128 κατ’
449 4074 663 4129 ἐκείνου
698 4072 999 4142 ἐπορεύετο
1029 4070 1288 4141 πόλεμον.
1337 4071 1430 4125 Ἐν
1462 4070 1519 4123 δὲ
1561 4068 1757 4138 Μόψου

188 4166 407 4237 κρήναις
447 4167 763 4236 γενόμενος,
796 4166 853 4220 αἳ
887 4165 990 4218 ἀνὰ
1033 4164 1198 4235 μέσον
1229 4162 1632 4226 Καππαδοκίας
1662 4162 1759 4215 καί⁹

190 4259 427 4326 Κιλικίας
458 4262 623 4325 είσὶν,
643 4261 998 4331 ἀπόπληκτος
1029 4258 1107 4328 τῷ
1138 4256 1321 4326 πολλῷ
1347 4257 1446 4328 τῆς
1474 4256 1760 4326 φροντίδος

192 4352 492 4419 γενόμενος,
528 4350 622 4404 τὸν
672 4348 789 4419 βίον
832 4346 1128 4402 ἀπέλιπεν.
1165 4347 1382 4409 Ὃποῖος
1439 4346 1540 4416 μὲν
1573 4344 1670 4400 οὖν
1700 4343 1763 4399 τὺ

192 4435 311 4508 ἦθος
342 4444 439 4498 καὶ
465 4445 566 4513 τὴν
604 4442 908 4513 θρησκείαν
946 4441 1195 4509 ἐγεγόνει
1230 4441 1632 4505 Κωνστάντιος,
1676 4441 1757 4494 δι-

193 4532 406 4601 εξῆλθον
441 4537 528 4600 ἂν,
564 4536 615 4587 εί
667 4535 742 4605 μὴ
775 4536 805 4587 ὁ
839 4532 1144 4602 πυρίπνους
1182 4533 1370 4605 ῥήτωρ
1407 4534 1436 4587 ό
1497 4532 1763 4602 Θεολόγος

1852 3412 2006 3478 vicit,
2038 3412 2322 3484 plerisque
2353 3415 2528 3478 exesis,
2567 3415 2900 3485 quibusdam
2932 3418 3100 3474 etiam
3137 3422 3340 3491 captis.
3376 3421 3443 3479 Et

1853 3507 2004 3577 quod
2029 3507 2306 3565 militibus
2343 3518 2458 3564 tum
2490 3521 2721 3581 propter
2750 3511 3154 3571 moderationis
3188 3517 3356 3571 animi
3387 3531 3446 3575 et

1854 3600 2137 3671 aequitatis
2162 3601 2455 3657 obtentum
2483 3603 2787 3674 praeclarus
2813 3620 2938 3660 esse
2982 3606 3290 3672 videretur,
3335 3609 3443 3665 im—

1855 3701 2083 3763 per-utor
2123 3693 2505 3750 Romanorum
2558 3694 2628 3751 ab
2681 3695 2765 3751 eis
2813 3712 2898 3751 es:
2936 3696 3275 3756 declaratus.
3313 3701 3445 3770 Quae

1859 3804 1948 3844 res
1978 3789 2072 3844 ubi
2104 3788 2436 3844 Constantio
2465 3800 2551 3845 est
2581 3791 2921 3856 renuntiata,
2947 3792 3108 3848 anxia
3141 3809 3266 3850 eum
3297 3795 3448 3867 cepit

1861 3882 2204 3938 sollicitudo.
2245 3883 2312 3938 Et
2343 3883 2653 3938 Antiochiae
2686 3884 2755 3939 ab
2802 3885 3015 3940 Euzoio
3046 3903 3207 3943 sacro
3242 3890 3449 3945 tinctus

1860 3978 2106 4042 lavacro,
2140 3978 2447 4031 exercitum
2483 3976 2613 4031 inde
2647 3976 2916 4034 adversus
2954 3977 3237 4035 Julianum
3265 3981 3449 4041 duxit.

1860 4072 2044 4140 [Itque
2067 4069 2160 4125 ubi
2185 4069 2251 4124 ad
2281 4070 2467 4140 Mopsi
2497 4068 2702 4135 fontes,
2737 4070 2832 4141 qui
2861 4070 3006 4125 inter
3035 4070 3442 4143 Cappadociam

1862 4171 1921 4220 et
1952 4162 2203 4219 Ciliciam
2235 4173 2386 4229 sunt,
2422 4162 2597 4226 venit,
2643 4164 2796 4217 curis
2832 4164 3142 4230 confectus,
3177 4182 3276 4236 per
3316 4184 3451 4239 apo-

1866 4254 2108 4325 plexiam
2161 4254 2331 4309 vitam
2370 4250 2534 4308 ﬁniit.
2578 4250 2775 4318 Qualis
2804 4264 2989 4309 autem
3024 4264 3079 4309 ct
3114 4234 3369 4313 moribus
3396 4268 3456 4314 ct
3536 4234 3543 4241 1

1865 4347 2139 4420 religione
2173 4345 2536 4402 Constantius
2572 4344 2766 4409 fuerit,
2799 4345 2857 4400 in
2887 4347 3179 4416 praesentia
3210 4340 3456 4405 commc-

1868 4456 2172 4507 morarem,
2212 4440 2319 4495 nisi
2358 4438 2887 4495 vehementissimus
2918 4449 3108 4495 orator
3148 4440 3455 4513 Gregorius

1869 4532 2184 4604 Theologus
2226 4531 2463 4586 virtutes
2505 4531 2625 4602 ejus
2659 4531 3036 4603 pulcherrime
3087 4535 3449 4591 ostendisset.

196 4619 480 4692 Γρηγόριος
510 4626 580 4678 τὰ
612 4627 736 4678 κατ’
779 4626 942 4677 αὑτὸν
978 4624 1179 4692 ἄριστα
1211 4623 1535 4695 διεσάφησε.
1567 4624 1676 4678 Καί
1708 4627 1748 4693 γ

1867 4627 2092 4683 Etcum
2120 4626 2306 4681 verbis
2351 4625 2501 4679 illius
2545 4624 2728 4694 qualis
2766 4625 2812 4680 is
2852 4627 3025 4681 fuerit
3057 4627 3347 4686 declarare
3383 4631 3453 4685 li-

196 4712 314 4764 ὲνὸν
351 4714 436 4767 διὰ
484 4718 592 4767 τῶν
627 4716 841 4769 ἐκείνου
882 4716 1236 4786 παραστῆσαι
1287 4715 1482 4785 φωνῶν
1512 4709 1626 4778 οἷος
1668 4711 1761 4787 ἦν,

198 4807 436 4876 περιττὸν
463 4802 621 4877 οἶμαι
652 4809 855 4877 ἑτέρως
890 4809 1068 4877 λέγειν
1101 4809 1403 4879 αίρείσθαι.
1433 4809 1524 4862 Ἐν
1550 4810 1651 4880 μὲν
1671 4810 1766 4864 οὖν

196 4897 278 4967 τῷ
320 4899 511 4970 πρώτῳ
562 4900 960 4970 στηλιτευτικῷ
1006 4901 1151 4954 κατὰ
1204 4900 1523 4967 Ἰουλιανοῦ,
1574 4899 1768 4971 ὥσπερ

198 4991 581 5062 ιπαιτιώμενος
630 4996 732 5062 τὴν
789 4995 1001 5061 ἑκείνου
1063 4993 1392 5066 ἀνάρρησιν,
1441 4994 1569 5047 τάδε
1623 4995 1769 5045 κατὰ

200 5084 353 5155 ῥῆμα
382 5087 518 5157 ὑπὲρ
536 5089 921 5141 Κωνσταντίου
953 5084 1178 5150 διέξεισι
1196 5101 1211 5116 ο
1241 5085 1338 5138 ιΤί
1366 5087 1545 5151 τοῦτο,
1564 5078 1771 5139 ὧθειό-

196 5193 329 5229 τατε
354 5179 609 5251 βασιλέων
652 5179 750 5233 καὶ
794 5178 1241 5249 φιλοχριστότατε
1292 5181 1635 5251 (προάγομαι
1664 5181 1770 5251 γὰρ

197 5270 283 5335 ὡς
324 5275 540 5344 παρόντι
592 5273 692 5328 καὶ
720 5272 976 5327 ἀκούοντι
1021 5271 1341 5342 μέμψασθαι
1371 5289 1388 5305 ο
1430 5275 1524 5328 καὶ
1555 5276 1604 5326 σί
1636 5276 1771 5328 πολὺ

200 5359 479 5426 κρείττονά
506 5377 566 5415 σε
599 5362 988 5431 γινώσκω-τῆς
1021 5362 1297 5432 ἡμετέρας
1336 5362 1602 5433 μέμψεως
1635 5366 1774 5432 μετὰ

200 5447 341 5503 Θεοῦ
381 5455 750 5523 τεταγμένον,
779 5454 873 5507 καὶ
916 5454 1018 5524 τῆς
1068 5457 1185 5508 “Et
1232 5456 1393 5525 δόξης
1425 5457 1796 5527 κληρονομὴο.

203 5558 407 5596 σανταο
438 5550 531 5601 καὶ
575 5548 834 5600 τοσοῦτον
872 5550 1399 5620 μεταχωρήσαντα,
1429 5550 1556 5603 ὅσον
1607 5566 1778 5621 μετα-

205 5635 392 5689 θέσθαι
416 5639 509 5710 τὴν
546 5640 889 5711 βασιλείαν);
925 5642 1049 5694 τίνα
1073 5641 1285 5713 ταύτην
1305 5641 1616 5695 ἐϐουλεύσω
1653 5640 1779 5711 βου-

203 5727 348 5795 λήνς
376 5733 586 5786 πάντων
620 5734 837 5785 συνέσει
860 5732 958 5786 καὶ
987 5734 1243 5805 ἀγχινοίᾳ
1276 5737 1561 5788 καταπολὺ
1595 5736 1782 5803 διαφὲ-

208 5836 345 5889 ρων,
373 5822 429 5874 οὐ
456 5824 561 5876 τῶν
583 5825 678 5878 ἐπὶ
714 5824 808 5878 σοῦ
842 5825 1107 5896 βασιλέων
1147 5828 1349 5899 μόνων,
1386 5827 1521 5881 ἀλλὰ
1548 5827 1647 5881 καὶ
1668 5816 1782 5880 τῶν

207 5915 527 5983 ἔμπροσθεν.
572 5920 600 5970 ὁ
627 5920 689 5971 τὸ
732 5918 1071 5990 βαρϐαρικὸν
1119 5907 1513 5993 ἀνακαἹαίρων
1571 5921 1779 5993 κύκλῳ,

512 6014 783 6074 Ριιτιιοι..
816 6016 848 6073 (-
873 6033 936 6079 ιι.
978 6015 1209 6075 CXLVI

1868 4726 2012 4787 ceat,
2061 4733 2541 4789 supervacaneum
2589 4734 2713 4774 esse
2769 4721 2936 4785 duxi,
2978 4721 3142 4776 aliter
3193 4738 3281 4778 res
3325 4724 3448 4795 ejus

1870 4814 2080 4867 referre
2109 4811 2272 4867 velle.
2310 4812 2368 4865 ln
2409 4810 2587 4882 prima
2622 4811 2793 4882 igitur
2825 4814 2875 4867 in
2904 4813 3185 4869 Julianum
3227 4818 3459 4872 invecti-

1871 4919 1966 4967 va,
2001 4905 2174 4960 veluti
2231 4906 2655 4976 reprehendens
2705 4906 2976 4962 Cmsarcm
3034 4924 3160 4962 eum
3210 4919 3456 4965 creatum

1873 5010 2016 5059 esse,
2036 4998 2155 5054 haec
2175 4998 2241 5052 ad
2271 4998 2503 5053 verbum
2534 5013 2637 5069 pro
2659 4998 2985 5052 Constantio
3019 4999 3190 5055 refert
3217 5017 3231 5052 :
3268 5019 3286 5050 ι
3313 4999 3457 5067 Quid

1874 5090 1981 5145 hoc
2025 5091 2102 5145 rei
2133 5100 2251 5157 est,
2310 5091 2711 5163 imperatorum
2754 5093 3127 5155 sanctissime,
3162 5103 3216 5148 et
3250 5094 3457 5149 Christi

1876 5183 2258 5239 amantissime
2300 5186 2389 5255 (eo
2419 5183 2570 5238 enim
2594 5184 2904 5255 provehor,
2944 5194 3005 5239 ut
3037 5193 3087 5240 te
3120 5184 3286 5240 veluti
3318 5202 3458 5256 pra:-

1876 5284 2091 5332 sentem
2136 5286 2193 5332 et
2237 5277 2355 5332 hzee
2396 5277 2718 5332 audientem
2764 5276 3058 5331 incusem:
3108 5278 3364 5347 quamvis
3407 5289 3459 5332 te

1877 5370 2038 5441 longe
2060 5369 2414 5440 superiorem
2442 5368 2877 5440 reprehensione
2905 5379 3094 5423 nostra
3119 5384 3242 5424 esse
3264 5371 3459 5436 sciam,

1879 5463 1973 5533 qui
2010 5466 2076 5516 ad
2116 5464 2286 5518 Deum
2317 5461 2618 5517 translatus
2651 5464 2728 5516 sis
2751 5460 2940 5532 gloria:
2965 5463 3213 5518 cmlestis
3240 5462 3417 5518 haeres
3447 5502 3460 5517 .

1880 5569 1938 5610 et
1975 5563 2127 5609 tanto
2158 5571 2190 5608 α
2222 5558 2383 5611 nobis
2418 5555 2645 5626 longius
2673 5555 3004 5618 secesseris,
3048 5564 3257 5625 quanto
3290 5556 3464 5627 impe-

1883 5646 2027 5699 rium
2057 5644 2191 5700 illud
2241 5644 2387 5715 quod
2446 5659 2573 5699 cum
2604 5645 2712 5701 hoc
2743 5647 3124 5713 commutasti,
3172 5653 3256 5701 est
3298 5634 3493 5716 augu?

1885 5736 2046 5796 stius)
2073 5733 2098 5786 ἲ
2123 5738 2404 5805 quodnam
2439 5736 2546 5793 hoc
2574 5737 2773 5806 cepisti
2816 5738 3159 5792 consilium?
3201 5738 3295 5807 qui
3334 5754 3466 5807 pru-

1886 5829 2077 5884 dentia
2121 5839 2178 5884 et
2232 5831 2404 5886 animi
2461 5830 2691 5888 solertia
2738 5847 2954 5900 omnes,
2992 5849 3101 5886 non
3156 5831 3321 5886 modo
3371 5835 3466 5900 qui

1887 5935 2048 5981 aetate
2114 5934 2232 5994 tua,
2287 5927 2382 5983 sed
2445 5937 2610 5985 antea
2664 5942 2889 5999 quoque
2942 5926 3099 5982 fuere
3158 5926 3465 5997 principes,

3020 6022 3092 6083 1Ῑι
