3870 6558
394 390 503 453 ίίίέἾ

400 506 563 575 longe
608 503 878 575 superasti
929 523 942 560 :

402 600 662 669 regiones
701 614 729 652 a
783 597 1038 654 Barbaris
1079 601 1406 670 repurgasti,
1444 611 1501 658 et
1531 603 1677 658 domi
1712 611 1971 676 tyrannos

404 691 793 761 compescuisti
829 707 843 745 :
879 699 1044 760 atque
1082 690 1220 745 alios
1254 692 1480 762 quidem
1528 694 1716 749 verbis
1746 695 1969 761 ﬂexisti,

403 785 544 836 alios
586 794 769 835 autem
821 781 990 835 armis
1026 780 1207 835 vicisti
1246 798 1261 836 :
1304 791 1361 836 et
1398 797 1466 838 co
1509 799 1643 839 sane
1674 796 1972 853 utrumque

406 878 571 933 modo
625 875 906 946 peregisti,
963 887 1021 929 nt
1068 876 1307 930 alterum
1366 876 1420 930 in
1459 876 1638 933 altero
1679 878 1817 933 nihil
1874 879 1972 934 tibi

404 978 630 1030 allcrret
680 970 1061 1027 diliicultatis?
1102 970 1172 1026 Et
1206 987 1330 1025 cum
1365 971 1538 1026 multa
1571 972 1683 1027 sint
1725 972 1872 1027 bello
1917 980 1974 1027 et

402 1070 571 1123 armis
637 1077 815 1137 parta,
868 1067 1074 1137 majora
1124 1076 1307 1121 tamen
1358 1076 1414 1121 et
1468 1067 1791 1135 illustriora,
1851 1082 1973 1137 qua:

400 1162 557 1216 nullo
622 1158 802 1215 cﬂuso
855 1157 1123 1228 sanguine
1187 1158 1529 1214 constituisti
1591 1159 1836 1231 tropaea?
1890 1158 1973 1213 Ad

400 1269 565 1323 quem
605 1252 972 1322 undequaque
1002 1252 1163 1322 legati
1203 1264 1259 1309 et
1298 1253 1580 1322 supplices
1608 1267 1672 1307 ex
1714 1252 1975 1323 gentibus

402 1348 569 1399 vat-iis
607 1345 923 1406 veniebant,
963 1361 1199 1414 quarum
1237 1345 1520 1400 nonnullae
1547 1344 1661 1414 jam
1701 1344 1974 1413 imperata

400 1439 699 1497 faciebant.
746 1438 1029 1491 nonnullm
1065 1447 1252 1493 autem
1296 1436 1524 1492 factum
1559 1436 1770 1491 ernt?
1806 1436 1973 1507 806

399 1529 506 1595 Qui
536 1528 802 1598 quidquid
826 1543 1136 1596 sperasses,
1178 1527 1494 1583 conlectum
1528 1527 1628 1583 tibi
1658 1529 1769 1600 jam
1804 1541 1977 1598 prope

401 1624 522 1676 t'uit.
557 1621 708 1675 Adeo
738 1638 902 1676 tnanu
938 1620 1042 1679 Dei.
1065 1622 1129 1676 ad
1161 1620 1388 1676 consilia
1421 1629 1479 1677 et
1504 1621 1753 1676 actiones
1782 1635 1976 1675 omnes

399 1732 459 1771 es
494 1716 818 1786 perductus.
843 1713 1015 1791 Cujus
1036 1714 1324 1784 prudentia
1361 1714 1584 1785 quidem
1612 1713 1783 1783 magis
1812 1727 1977 1783 quam

404 1807 693 1871 lortitudo,
726 1808 898 1875 magis
935 1822 1067 1861 vero
1111 1808 1279 1860 etiam
1316 1806 1586 1861 fortitudo
1633 1821 1803 1874 quam
1838 1820 1975 1876 pru-

1622 398 2047 462 NlCEPIlOm
2092 376 2434 462 CAL'Ltsrt

994 503 1089 575 qui
1120 503 1251 561 furis
1300 506 1565 563 ﬁnitimas
1608 509 1969 566 circumcirca

2087 513 2167 564 mi
2207 511 2332 575 τοὺς
2365 511 2503 565 οἴκοι
2537 512 2834 583 τυράννους
2863 513 3242 586 χειρούμενος,
3277 516 3403 584 τοὺς
3436 519 3531 588 μὶν
3557 522 3633 575 λό-

3537 402 3627 469 429

2079 620 2222 672 γοις,
2255 604 2379 665 τοὺς
2415 602 2468 656 δὲ
2499 605 2610 666 τοῖς
2641 605 2826 668 ὅπλοις
2847 620 2862 637 ⁸
2897 607 2989 660 καὶ
3018 605 3225 661 τούτων
3258 608 3539 672 ἑκάτερον.
3571 611 3637 677 ὥς

2078 696 2245 768 μηδὲν
2279 696 2384 749 ὑπὸ
2410 697 2507 748 τοῦ
2541 697 2729 765 ἐτέρου
2758 695 3165 766 διοχλούμενος.
3200 692 3276 752 οὗ
3313 699 3527 768 μεγάλα
3553 702 3640 771 μὲν

2073 792 2315 858 τρόπαια
2340 790 2406 843 τὰ
2439 787 2559 859 μεθ’
2589 788 2769 842 ὅπλων
2799 794 2892 842 καὶ
2918 790 3121 863 μάχης,
3149 789 3321 857 μείζω
3346 792 3405 845 δὲ
3438 791 3533 845 καὶ
3560 811 3643 847 πε·-

2080 881 2448 950 ριφανέστερα
2479 880 2548 934 τὰ
2592 881 2911 951 ἁναίμακτα
2937 896 2954 914 ⁸
2988 881 3128 951 πρὸς
3168 880 3229 934 ὃν
3260 884 3352 934 καὶ
3383 883 3642 953 πανταχό-

2079 973 2170 1025 θεν
2206 972 2495 1044 πρεσϐεῖαι
2535 975 2629 1028 καὶ
2663 974 2889 1036 ίκεσίαι,
2924 967 3000 1027 ὧν
3046 974 3115 1027 τὰ
3153 971 3255 1043 μὲν
3294 972 3556 1043 ὑπήκουε,
3583 974 3645 1026 τὰ

2076 1064 2133 1119 δὲ
2149 1065 2374 1136 ἔμελλες
2404 1066 2518 1120 Πᾶν
2546 1065 2603 1119 δὲ
2625 1060 2692 1137 ἦν
2717 1066 2776 1119 τὸ
2796 1064 3051 1119 ἔλπισθὲν
3082 1066 3198 1119 ἴσον
3223 1065 3303 1134 τῷ
3324 1064 3641 1135 χειρωθέντι·

2076 1160 2105 1212 ό
2137 1160 2282 1230 χειρὶ
2333 1158 2470 1213 Θεοῦ
2506 1158 2641 1230 πρὸς
2673 1160 2855 1212 πᾶσαν
2891 1157 2986 1211 καὶ
3006 1155 3215 1227 ⁴βουλὴν
3242 1155 3338 1210 καὶ
3370 1156 3564 1227 πρᾶξιν
3591 1156 3645 1208 ό-

2075 1250 2446 1321 δηγούμενος·
2483 1244 2546 1304 οὗ
2601 1249 2807 1320 μᾶλλον
2851 1249 2951 1318 μὲν
2988 1252 3085 1320 τῆς
3124 1249 3311 1318 χειρὸς
3343 1248 3378 1319 ὴ
3428 1246 3647 1313 σύνεσις,

2081 1345 2285 1415 μᾶλλον
2312 1344 2371 1398 δὲ
2401 1344 2501 1412 τῆς
2551 1345 2823 1406 συνέσεως
2854 1344 2888 1412 ὴ
2928 1344 3053 1414 χεὶρ
3086 1342 3432 1413 ἐθαυμάζετο
3454 1355 3468 1372 ⁸
3497 1341 3649 1395 πλέον

2077 1437 2133 1491 δὲ
2169 1437 2268 1507 τῆς
2317 1439 2375 1490 ἐν
2417 1437 2751 1508 ἀμφοτέροις
2794 1435 3204 1505 εὐδοκιμήσεως
3239 1435 3275 1504 ἡ
3326 1433 3595 1488 εὐσέϐεια.
3626 1451 3645 1484 ι

2079 1532 2191 1585 Καὶ
2222 1530 2342 1598 μετ’
2368 1528 2528 1598 όλίγα
2547 1545 2564 1562 θ
2603 1528 2732 1592 «Τίς
2757 1529 2866 1600 γὰρ
2896 1528 2995 1581 ούκ
3016 1525 3127 1581 οίδε
3156 1528 3253 1585 καὶ
3279 1527 3388 1580 τῶν
3421 1526 3653 1596 μετρίως

2078 1626 2288 1679 ἐκεῖνον
2327 1622 2732 1692 ἐπισταμένων,
2766 1624 2849 1675 δτι
2893 1622 3057 1675 ἕνεκα
3092 1618 3192 1690 μὲν
3235 1618 3514 1681 εὐσεϐείας
3563 1620 3653 1673 καὶ
3736 1610 3740 1613 ’

2078 1715 2172 1770 τοῦ
2204 1716 2331 1785 περὶ
2363 1716 2511 1786 ἡμᾶς
2545 1714 2796 1784 φίλτρου,
2824 1714 2919 1768 καὶ
2951 1714 3044 1768 τοῦ
3074 1712 3366 1784 βούλεσθαι
3397 1713 3502 1766 πᾶν
3524 1714 3653 1782 ἡμῖν

2079 1807 2306 1877 ἀγαθὸν,
2343 1808 2419 1879 μὴ
2446 1809 2528 1861 ὅτι
2577 1809 2784 1861 ἑκείνον
2817 1806 3071 1875 παρεῖδεν
3114 1805 3201 1869 ἂν,
3240 1805 3487 1876 ἢγένους
3536 1806 3652 1859 ὅλον

403 1901 591 1954 (lentia
641 1898 998 1952 admirationi
1048 1896 1193 1952 fuit:
1240 1898 1480 1967 amplius
1530 1907 1744 1963 autem,
1808 1910 1974 1967 quam

2087 1899 2268 1971 τιμὴν,
2299 1899 2333 1969 ἢ
2365 1898 2684 1969 προσθήκην
2710 1900 2809 1968 τῆς
2852 1897 3155 1968 βασιλείας,
3187 1897 3326 1951 ἀλλὰ
3361 1897 3459 1950 καὶ
3491 1896 3667 1965 αὐτῆς,

404 2004 649 2062 utraeque
680 1991 818 2057 istae,
839 1991 1058 2045 laudata
1083 1990 1256 2060 pietas
1290 2009 1308 2042 ι
1339 1990 1406 2045 Ει
1428 1990 1593 2059 paulo
1621 1998 1775 2060 post:
1802 2006 1821 2040 ι
1844 1989 1979 2055 Quis

394 2088 547 2140 enim
576 2101 770 2140 eorum
796 2084 965 2141 etiam
1001 2085 1093 2153 qui
1128 2084 1309 2154 aliqua
1338 2084 1532 2139 saltem
1563 2098 1630 2137 ex
1661 2090 1819 2153 parte
1847 2096 1974 2136 cum

403 2193 631 2244 novere,
684 2179 884 2246 nescit,
946 2178 1100 2233 illum
1164 2188 1393 2248 propter
1444 2192 1634 2233 veram
1688 2178 1975 2249 pietatem,

402 2287 790 2342 summumque
814 2272 868 2327 in
906 2287 1009 2327 nos
1038 2287 1310 2337 amorem,
1338 2280 1399 2327 et
1428 2271 1575 2341 quod
1601 2271 1763 2325 nobis
1789 2271 1975 2325 omnia

399 2366 639 2422 voluerit
670 2366 970 2421 conciliare
1012 2367 1178 2430 bona,
1213 2380 1326 2420 non
1370 2373 1583 2419 tantum
1619 2372 1978 2434 contemptu~

402 2475 525 2514 rum
561 2458 647 2514 vel
682 2473 905 2513 omnem
934 2458 1157 2528 generis
1192 2458 1277 2514 sui
1312 2456 1605 2522 honorem,
1631 2456 1717 2510 vel
1752 2454 1972 2525 imperii

401 2562 638 2621 partem,
692 2564 883 2605 verum
938 2549 1105 2604 etiam
1155 2547 1595 2603 incolumitatem
1630 2548 1975 2617 salutemque

322 2652 362 2683 -'
403 2654 651 2698 nostram
716 2640 948 2709 imperio
1012 2640 1133 2711 ipso
1188 2640 1466 2708 rebusque
1520 2640 1638 2695 suis
1691 2640 1975 2706 omnibus,

402 2744 569 2805 atque
594 2734 732 2790 adeo
773 2734 956 2788 anima
988 2733 1131 2804 ipsa,
1158 2749 1263 2802 qua
1300 2731 1439 2787 nihil
1472 2742 1556 2787 est
1590 2732 1851 2788 omnibus
1880 2732 1980 2787 ho-

402 2828 649 2884 rninibus
699 2826 925 2881 charius
970 2834 1026 2881 et
1060 2825 1458 2896 prrestabilins,
1502 2834 1977 2881 commutaturum

404 2921 613 2976 fuisse?
648 2918 864 2975 Nemini
901 2919 1176 2989 siquidem
1211 2933 1455 2987 unquam
1486 2927 1671 2973 tantus
1697 2918 1776 2972 rei
1803 2917 1978 2971 alicu-

400 3017 513 3085 jus,
544 3021 788 3083 quantus
818 3011 927 3074 illi,
954 3009 1121 3065 ardor
1151 3021 1207 3065 et
1231 3025 1389 3064 amor
1431 3008 1684 3074 incessit,
1729 3018 1791 3063 ut
1818 3007 1980 3063 Chri-

406 3106 571 3161 stiani
626 3103 776 3159 aucti
832 3103 1163 3172 honestique
1220 3111 1429 3168 essent,
1485 3110 1541 3156 et
1589 3101 1656 3155 ad
1704 3114 1979 3155 summam

332 3252 339 3257 .
405 3199 636 3269 gloriam
673 3205 729 3251 et
766 3196 1068 3267 potentiam
1101 3194 1480 3266 pervenirent.
1515 3193 1635 3249 Non
1670 3193 1817 3248 enim
1847 3209 1982 3263 gen-
2009 3220 2053 3279 ο

409 3300 492 3347 tes
525 3289 755 3360 imperio
788 3289 912 3359 ejus
954 3287 1217 3353 subactis,
1256 3301 1369 3342 non
1400 3286 1715 3357 respublica
1749 3286 1976 3358 praecla-

411 3382 494 3437 ris
540 3380 758 3452 legibus
812 3380 1143 3444 constituta,
1172 3394 1284 3435 non
1342 3379 1537 3449 ingens
1590 3379 1841 3449 pecunia:
1878 3380 1981 3445 vis,

410 3490 519 3529 non
569 3472 757 3544 gloria:
801 3471 1129 3542 amplitudo,
1186 3487 1295 3525 non
1347 3471 1497 3541 quod
1549 3488 1645 3528 rex
1686 3487 1874 3543 regum
1929 3482 1983 3527 et

407 3573 555 3620 esset
583 3571 639 3616 et
678 3563 1095 3627 nominaretur;
1135 3578 1243 3616 non
1275 3564 1394 3618 aliae
1428 3564 1671 3633 denique
1716 3578 1829 3625 res,
1861 3562 1986 3633 qui-

408 3653 511 3706 lins
554 3651 846 3705 hominum
904 3651 1141 3707 felicitas
1191 3651 1525 3719 declaratur,
1579 3666 1681 3707 nec
1740 3652 1986 3722 denique

407 3743 709 3817 quidquam
757 3760 823 3799 ex
865 3746 1126 3800 omnibus
1157 3745 1323 3800 rebus
1354 3754 1566 3800 tantum
1598 3760 1727 3801 eum
1772 3744 1988 3799 exhila-

404 3838 572 3901 ravit,
605 3846 875 3908 quantum
906 3846 967 3891 ut
1006 3851 1107 3891 nos
1139 3836 1364 3907 quidem
1390 3853 1489 3908 per
1520 3839 1722 3908 ipsum,
1749 3852 1853 3908 per
1879 3851 1983 3891 nos

407 3940 596 3987 autem
629 3932 773 4002 ipse,
807 3942 864 3986 et
889 3929 1036 4001 apud
1068 3930 1264 3995 Deum,
1296 3940 1352 3986 et
1391 3930 1535 4001 apud
1575 3930 1831 3987 homines
1860 3929 1983 3983 lau-

406 4026 532 4081 dem
562 4034 1024 4095 consequeretur,
1054 4033 1109 4077 et
1128 4033 1395 4079 constans
1419 4024 1580 4079 nobis
1603 4033 1986 4094 perpetuaque

404 4125 761 4189 permaneret
791 4126 1059 4185 potestas.
1093 4112 1313 4171 Etenim
1349 4131 1475 4172 cum
1508 4116 1615 4171 alia
1654 4117 1847 4181 multa,
1871 4125 1986 4170 tum

408 4208 546 4265 illud
603 4209 881 4279 przecipne
930 4207 1253 4272 sublimius,
1299 4207 1775 4277 irnperatorieque
1811 4205 1988 4278 magis

407 4318 572 4373 quam
612 4302 867 4372 plerique
890 4300 1130 4366 soleant,
1158 4299 1545 4367 considerans,
1579 4301 1790 4369 optime
1823 4313 1992 4355 nove-

409 4404 520 4460 rat,
556 4409 684 4449 cnm
716 4392 1165 4448 Christianorum
1198 4392 1371 4447 rebus
1406 4408 1513 4446 una
1549 4393 1856 4447 Romanum
1896 4406 1995 4446 au-

396 4495 562 4537 .ctum
596 4498 721 4537 esse
757 4482 1058 4552 imperium
1086 4499 1100 4536 :
1151 4491 1320 4552 atque
1371 4483 1702 4538 adveniente
1735 4481 1988 4547 Christo,

2081 1988 2360 2058 βασιλείας
2392 1988 2487 2041 καὶ
2527 1987 2747 2041 πάντων
2796 1986 2905 2039 τῶν
2948 1985 3143 2051 ὄντων,
3179 1986 3277 2038 καὶ
3329 1985 3428 2053 τῆς
3481 1982 3656 2054 ψυχῆς

2078 2082 2272 2152 αὐτῆς,
2312 2076 2379 2154 ἧς
2427 2080 2580 2134 οὐδὲν
2612 2079 2969 2151 τιμιώτερον,
3009 2079 3109 2149 τὴν
3155 2079 3436 2149 ἡμετέραν
3486 2076 3657 2146 ἀσφάο

2078 2175 2230 2229 λειάν
2258 2192 2317 2228 τε
2352 2178 2448 2227 καὶ
2482 2172 2784 2243 σωτηρίαν,
2818 2172 2921 2226 οὐκ
2957 2170 3024 2226 ἂν
3065 2170 3319 2242 χαλεπῶς
3353 2169 3654 2238 ὴλλάξατο;

2080 2269 2269 2323 Ούδεὺὶ
2308 2266 2418 2337 γὰρ
2450 2266 2666 2328 οὐδενὸς
2699 2264 2842 2320 οὕτω
2887 2266 3109 2319 πώποτε
3153 2265 3485 2335 πράγματος
3528 2265 3658 2335 ἔρως

2081 2361 2283 2431 θερμὸς
2324 2359 2648 2431 ἐνέσκηψεν,
2690 2360 2765 2423 ὡς
2795 2359 2991 2429 ἐκείνῳ
3029 2358 3392 2429 Χριστιανοὺς
3420 2356 3658 2427 αὐξηθῆ-

2080 2472 2192 2518 vat,
2222 2454 2314 2506 καὶ
2354 2446 2454 2505 tu):
2476 2453 2731 2506 πλεῖστον
2754 2453 2848 2506 καὶ
2876 2452 3035 2520 δόξης
3069 2449 3358 2521 προελθεῖν
3389 2452 3487 2504 καὶ
3513 2450 3660 2503 δυνά-

2084 2562 2251 2616 μεως.
2276 2546 2387 2599 Καὶ
2417 2544 2541 2598 οὔτε
2564 2544 2693 2615 ἔθνη
2723 2543 3081 2616 χειρούμενα,
3107 2542 3236 2596 οὗτε
3274 2544 3337 2597 τὸ
3364 2542 3547 2596 κοινὸν
3577 2542 3662 2594 εύ-

2082 2637 2441 2709 νομούμενον,
2478 2637 2541 2689 ού
2571 2637 2774 2707 πλῆθος
2818 2638 3142 2707 χρημάτων,
3170 2636 3233 2689 ού
3258 2634 3416 2706 δόξης
3448 2652 3664 2705 περιου-

2083 2732 2195 2796 σία,
2231 2730 2291 2784 ού
2323 2731 2382 2784 τὸ
2412 2730 2641 2801 βασιλέα
2674 2730 2945 2802 βασιλέων
2978 2724 3121 2784 εἶναι
3152 2732 3249 2784 καὶ
3275 2727 3660 2800 ὀνομάζεσθαι,

2081 2823 2182 2893 οὐχ
2210 2823 2354 2887 δσοις
2394 2823 2576 2884 ἄλλοις
2607 2822 2917 2894 ἀνθρώπων
2958 2823 3278 2892 εὐδαιμονία
3306 2820 3660 2893 γνωρίζεταιο

2082 2916 2235 2969 οὐδὲν
2261 2915 2404 2970 οὕτω
2436 2918 2547 2969 τῶν
2583 2916 2803 2969 πάντων
2830 2918 3037 2970 ἐκεῖνον
3061 2915 3380 2985 εὖφρσιινεν,
3410 2914 3487 2979 ὡς
3511 2914 3574 2967 τὸ
3597 2910 3662 2965 δι’

2083 3008 2248 3062 αὐτοῦ
2292 3009 2392 3078 μὲν
2418 3009 2589 3079 ἡμᾶς,
2613 3007 2700 3061 διὰ
2731 3006 2787 3061 δὲ
2820 3009 2978 3078 ἡμῶν
3008 3010 3218 3062 ἐκεῖνον
3240 3010 3333 3061 καὶ
3364 3008 3516 3078 παρὰ
3548 3004 3662 3076 Θεῷ

2085 3099 2179 3154 καὶ⁸
2203 3100 2516 3169 ἀνθρώποις
2547 3099 2879 3167 εὐδοκιμεῖν,
2909 3102 3004 3154 καὶ
3036 3098 3380 3153 ἀκατάλυτον
3410 3100 3548 3168 ἡμῖν
3586 3099 3662 3162 είς

2084 3192 2175 3244 τὸν
2204 3191 2420 3246 ἅπαντα
2451 3192 2641 3261 χρόνον
2671 3194 3011 3260 παραμεῖναι
3041 3194 3140 3263 τὴν
3167 3191 3519 3245 δυναστείιν.
3556 3191 3659 3245 Καὶ

2083 3280 2193 3352 γὰρ
2235 3282 2371 3351 πρὸς
2400 3283 2513 3340 τοῖς
2544 3280 2725 3344 ἄλλοις
2750 3282 2925 3333 ἐκεῖνο
2955 3279 3070 3352 ᾔδει
3104 3281 3313 3351 σαφῶς,
3336 3280 3665 3353 ὑψηλότερόν

2083 3391 2147 3427 τε
2173 3378 2269 3427 καὶ
2298 3371 2779 3444 βασιλικώτερονῆ
2807 3374 2950 3427 κατά
2975 3373 3099 3437 τοὺς
3129 3374 3360 3438 πολλοὺς
3391 3376 3523 3444 περὶ
3553 3374 3667 3429 τού-

2086 3486 2195 3521 των
2251 3466 2656 3536 διανοούμενος,
2709 3467 2794 3521 ὅτι
2824 3469 2939 3532 τοῖς
2981 3467 3333 3539 Χριστιανῶν
3376 3468 3668 3539 πράγμασι

2086 3566 2182 3615 καὶ
2216 3560 2532 3629 συνεισῆλθε
2563 3563 2632 3631 τῇ
2665 3561 2936 3631 ἐπιδημίᾳ
2964 3559 3207 3632 Χριστοῦ
3236 3560 3297 3614 τὸ
3325 3561 3555 3632 κράτος,
3584 3559 3673 3614 οὖ-

2088 3672 2176 3707 πω
2208 3655 2477 3723 πρότερον
2502 3651 2729 3717 τελείως
2759 3656 2835 3715 εἰς
2873 3654 3181 3725 μοναρχίαν
3205 3654 3521 3724 νενικηκός.
3564 3652 3671 3709 Καὶ

2087 3747 2175 3799 διὰ
2224 3745 2383 3799 τοῦτο
2414 3745 2578 3798 πλέον
2608 3744 2784 3798 ἐδόκει
2825 3762 2918 3814 μοι
2962 3746 3253 3816 περιέπειν
3291 3745 3354 3800 εὖ
3389 3747 3566 3800 ποιῶν
3605 3747 3670 3798 τὰ

2096 3837 2343 3908 ἡμέτερα
2368 3854 2383 3867 ·
2412 3836 2470 3899 ὃς
2497 3852 2559 3904 γε
2588 3838 2684 3889 καὶ
2720 3838 2770 3888 εί
2799 3834 3162 3906 παρελύπησέ
3191 3855 3245 3891 τι
3274 3839 3448 3907 ἡμᾶς,
3487 3839 3551 3892 οὐ
3582 3854 3671 3891 πει

2090 3930 2382 4003 ριφρονῶν,
2413 3928 2536 3983 οὐδὲ
2556 3928 2818 4001 ὑϐρίζων.
2859 3929 2977 3985 οὐδὲ
3017 3930 3198 3994 ἄλλοις
3230 3933 3344 3987 τισὶ
3374 3934 3485 4001 πρὸ
3516 3934 3673 4004 ήμῶν

2089 4022 2449 4094 χαριζόμενος
2474 4038 2489 4053 ο
2544 4022 2659 4076 ἀλλ’
2695 4021 2840 4076 ὥστε
2880 4026 3094 4088 πάντας
3139 4024 3199 4078 ἑν
3230 4021 3376 4078 εἶναι
3407 4029 3505 4080 καὶ
3541 4041 3676 4093 συμ-

2092 4118 2310 4185 φρονεῖν
2341 4115 2723 4186 παρελύπησε,
2752 4115 2847 4169 καὶ
2884 4116 2956 4188 μὴ
2989 4116 3353 4185 διακεκόφθαι
3389 4118 3530 4187 μηδὲ
3561 4119 3673 4172 διε-

2093 4208 2288 4262 στάναι
2321 4209 2437 4269 τοῖς
2473 4210 2794 4278 σχίσμασιν.
2837 4209 3071 4280 Ἐφεξῆς
3106 4210 3168 4263 δι
3197 4211 3339 4281 ὑπὲρ
3364 4212 3482 4264 τῶν
3508 4211 3676 4280 ἐγκα-

2091 4299 2333 4354 λούντων
2362 4299 2647 4369 εὐήθειαν,
2671 4301 3142 4371 ἀπολογούμενος,
3172 4305 3266 4358 καὶ
3299 4304 3474 4358 ταῦτα
3515 4322 3679 4375 προσ-

2091 4394 2300 4463 τίθησι·
2346 4412 2364 4445 ι
2408 4393 2521 4448 Καὶ
2552 4393 2661 4463 γὰρ
2691 4393 2758 4447 ἂν
2785 4396 3136 4466 αίχυνοίμην,
3168 4401 3218 4448 εὶ
3247 4399 3515 4466 τοιαύτης
3550 4393 3675 4466 παρ’

2093 4485 2260 4539 αὑτοῦ
2288 4486 2542 4555 τυχόντες
2562 4489 2765 4557 τιμῆς,
2802 4490 2900 4542 καὶ
2930 4487 3189 4542 τοσοῦτον
3229 4490 3392 4543 αύτζν
3424 4490 3677 4557 εὐσεϐείᾳ

411 4591 599 4630 rerum
632 4575 1174 4629 administrationem
1204 4578 1270 4630 ad
1306 4578 1476 4630 unius
1515 4577 1807 4647 principis,
1841 4579 1982 4645 quod

2095 4577 2378 4645 διαφέρειν
2425 4579 2875 4645 πεπιστευκότες,
2913 4580 2990 4649 μὴ
3027 4579 3095 4633 τὰ
3143 4580 3328 4634 δίκαια
3371 4580 3679 4649 συνηγορή-

407 4677 573 4722 antea
629 4683 695 4722 ex
761 4665 913 4720 omni
965 4677 1122 4735 parte
1175 4665 1383 4720 factum
1437 4682 1719 4737 nunquam
1783 4667 1986 4732 fuerat,

330 4800 334 4803 μ
411 4774 683 4813 summam
717 4768 1047 4829 potestatem
1080 4759 1429 4828 pervenisse.
1455 4759 1629 4825 Quam
1658 4760 1730 4814 ob
1760 4776 1985 4816 causam

414 4851 613 4907 merito
645 4851 737 4906 ille
766 4852 901 4906 mihi
941 4851 1095 4907 visus
1127 4860 1214 4906 est
1263 4866 1353 4905 res
1381 4850 1831 4906 Christianorum
1866 4864 1991 4907 tan-

417 4955 611 5015 t0pere
647 4958 850 4999 ornare
880 4952 935 4999 et
968 4942 1179 4998 fovere.
1212 4942 1317 5009 Qui
1346 4943 1566 4997 etiamsi
1611 4943 1864 4998 dolorem
1894 4946 1993 5000 ali-

413 5052 576 5105 quem
615 5036 775 5091 nobis
814 5036 1027 5100 attulit,
1081 5051 1193 5089 non
1241 5034 1295 5088 id
1339 5044 1519 5088 tamen
1569 5034 1654 5088 vel
1699 5049 1803 5104 per
1853 5050 1991 5090 con-

416 5136 707 5196 temptum,
762 5128 849 5182 vel
894 5143 1022 5183 cum
1063 5128 1427 5194 contumelia,
1473 5128 1558 5182 vel
1595 5136 1655 5182 ut
1699 5128 1828 5182 aliis
1878 5143 1995 5199 pra:

417 5219 579 5274 nobis
601 5218 1009 5290 gratiﬁcaretur
1031 5236 1047 5273 :
1072 5219 1168 5274 sed
1204 5228 1264 5273 ut
1286 5216 1481 5275 omnes
1509 5235 1685 5273 unum
1719 5235 1991 5287 essemus,

413 5320 475 5365 et
553 5312 699 5366 idem
789 5314 1170 5381 sentiremus,
1256 5326 1362 5387 nec
1434 5312 1512 5366 ita
1586 5312 1753 5366 sectis
1828 5322 1997 5382 atque

414 5405 660 5459 dissidiis
715 5403 941 5459 dissecti
1003 5415 1173 5475 atque
1244 5405 1509 5475 disjuncti
1562 5419 1852 5469 essemus,
1912 5404 1996 5459 fe-

414 5495 509 5547 cit.
556 5512 575 5545 ›
642 5493 852 5549 Deinde
903 5484 1030 5549 eum
1074 5494 1341 5549 adversus
1405 5494 1854 5559 obtrectatores,
1897 5487 2000 5564 qui"

401 5585 490 5641 illi
521 5586 797 5655 ignaviam
835 5601 1138 5654 rerumque
1178 5585 1540 5659 imperitiam,
1573 5584 1836 5640 defuncto
1880 5586 1996 5640 cri-

414 5680 715 5745 minando,
781 5678 1155 5748 objiciebant,
1216 5679 1546 5743 defendens,
1591 5662 1726 5735 Ibacc
1785 5680 1990 5735 addit:

418 5796 437 5828 ι
476 5772 802 5832 Pudendutn
838 5772 1089 5843 profecto
1121 5784 1292 5837 esset,
1326 5776 1371 5829 si
1415 5785 1564 5830 tanto
1593 5776 1663 5829 ab
1692 5792 1759 5831 eo
1783 5776 1997 5832 honore

414 5869 584 5937 aucti,
648 5874 704 5920 et
766 5874 981 5920 tantum
1039 5880 1172 5920 vera
1220 5866 1424 5935 pietate
1482 5868 1813 5923 excelluisse
1869 5884 1995 5924 eum

2097 4683 2314 4737 σαιμε-κ,
2343 4666 2372 4720 ὃ
2427 4668 2520 4719 καὶ
2555 4669 2669 4731 τοῖς
2720 4669 2893 4738 μηδὲν
2944 4672 3371 4742 εὐεργετηκόσιν
3400 4671 3676 4740 ὀφείλεται

2095 4760 2230 4828 παρ’
2281 4760 2458 4829 ἡμῶν,
2491 4760 2600 4812 τῶν
2639 4760 2798 4829 λόγου
2830 4764 2928 4815 καὶ
2966 4764 3226 4832 ἀληθείας
3276 4765 3636 4833 θεραπευτῶν
3659 4779 3673 4794 ⁶

2094 4850 2387 4905 καὶταῦτα
2423 4853 2562 4922 μετὰ
2603 4854 2709 4923 τὴν
2745 4855 2997 4909 ἐντεῦθεν
3022 4856 3371 4927 ἀπαλλαγὴν,
3405 4857 3570 4926 ἡνίκα
3587 4856 3675 4909 καὶ

2096 4949 2154 4996 τὸ
2199 4944 2521 4999 κολακεύειν
2566 4946 2750 4999 δοκεῖν
2795 4948 3247 5021 ἐκπεφεύγαμεν,
3288 4952 3381 5003 καὶ
3430 4944 3676 5019 πονηρᾶς

2097 5036 2381 5105 ἐλεύθερος
2413 5038 2671 5103 ὑπονοίας
2699 5041 2727 5093 δ
2751 5040 2910 5108 λόγος
2926 5057 2941 5072 ο
2966 5042 3050 5105 τίς
3072 5045 3183 5111 γὰρ
3206 5043 3310 5095 οὐκ
3332 5042 3402 5097 ἂν
3424 5041 3677 5114 ἡλπισεν,

2098 5130 2148 5181 εί
2183 5133 2314 5199 μήτι
2345 5129 2497 5198 ἄλλο,
2526 5134 2644 5195 ταῖς
2677 5136 2874 5203 τιμαῖς
2909 5139 3163 5204 ποιήσειν
3197 5138 3365 5190 αὑτὸν
3392 5137 3678 5208 ἡμερώτε-

2100 5236 2194 5291 ρον
2220 5237 2235 5287 ;
2284 5219 2389 5274 Καὶ
2423 5224 2531 5292 γὰρ
2560 5221 2623 5274 τὸ
2667 5223 2894 5295 θαρρεῖν
2925 5221 3076 5295 εἶχεν
3102 5227 3164 5279 ού
3198 5229 3455 5280 τοσοῦτον
3488 5232 3551 5282 ὲκ
3579 5226 3677 5295 τῆς

2101 5314 2315 5366 ἐκείνου
2349 5317 2610 5379 πίστεως,
2641 5316 2768 5369 ὅσον
2795 5318 2862 5369 ὲκ
2902 5318 3003 5385 τῆς
3036 5319 3174 5383 ἰδίας
3206 5321 3513 5390 δυνάμεως.
3544 5319 3680 5373 Καί-

2098 5422 2183 5458 τοι
2230 5408 2284 5459 τί
2319 5405 2462 5459 τοῦτ’
2506 5407 2874 5477 ἀγωνίζομαι,
2906 5410 3028 5462 ἐνὸν
3066 5413 3346 5483 κρατῆσαι
3384 5415 3479 5467 καὶ
3511 5415 3676 5481 ἡττη-

2103 5501 2304 5569 μένονς
2342 5500 2403 5553 Ei
2453 5501 2563 5571 γὰρ
2591 5502 2619 5554 ό
2652 5502 2955 5566 πιστεύσας
3005 5505 3193 5570 κακὸς,
3232 5507 3287 5558 τί
3330 5504 3536 5560 ποτ’ἂν
3595 5503 3676 5571 εἴη

2105 5591 2237 5660 παρ’
2268 5593 2475 5645 ἐκεῖνον
2501 5595 2529 5643 δ
2553 5593 2911 5659 πιστευθεὶςς
2951 5597 3060 5649 Καὶ
3090 5598 3140 5648 εί
3160 5601 3221 5649 τὸ
3258 5602 3334 5669 μὴ
3370 5593 3680 5669 προϊδέσθαι

2103 5685 2194 5737 τὸν
2224 5686 2426 5756 τρόπον
2460 5684 2711 5738 ὑπαίτιον
2734 5726 2749 5750 ,
2783 5687 2959 5757 αὑτήν
2995 5705 3061 5757 γε
3101 5690 3198 5761 τὴν
3228 5694 3430 5745 κακίαν
3461 5688 3561 5741 ποῦ
3589 5686 3682 5758 θή-

2105 5792 2312 5845 σομενς
2360 5775 2501 5828 Ἀλλ’
2530 5776 2700 5839 δντως
2734 5779 3128 5846 ἀσυλλόγιστόν
3153 5799 3207 5835 τι
3241 5785 3473 5853 πρᾶἥμα
3505 5783 3536 5849 ή
3581 5796 3678 5832 πο-

2106 5869 2290 5938 νηρία,
2332 5869 2426 5921 καὶ
2447 5870 2546 5921 οὐκ
2572 5868 2720 5922 ἔστιν
2755 5862 2802 5938 ᾧ
2838 5871 2966 5933 τοὺς
3001 5872 3312 5944 μοχθηροὺς
3354 5879 3418 5929 ἄν
3449 5891 3526 5937 τις
3556 5870 3676 5939 βελ-
