3814 6580
215 408 305 470 te)
1097 380 1703 459 ECCLESIASTICAK
1741 393 1758 452 1

1865 386 2134 451 ὶΤΟΒΙΑΞ
2174 385 2314 447 LIB.
2368 385 2471 445 1X.

3332 380 3441 444 430

210 527 342 586 τίους
388 520 653 591 ποιήσειεν
680 529 693 547 ⁸
729 514 893 569 ὁπότε
929 513 1192 574 κάκεῖνος
1220 510 1280 575 ἐξ
1306 501 1382 563 ὦν
1406 506 1758 574 εὐνούστερος

1865 510 2014 556 certo
2063 496 2338 570 persuasi,
2376 492 2576 550 merito
2621 507 2723 549 suo
2773 508 2901 548 eum
2955 509 3064 549 non
3107 491 3442 551 defendere-

213 620 420 689 φανῆναι
447 613 648 673 δίκαιος
670 605 762 682 ἦν,
790 608 885 661 καὶ
915 607 969 660 εί
992 622 1042 660 τι
1074 605 1276 666 κακίας
1304 598 1450 674 εῖχεν
1478 600 1756 671 ιμπύρευ-

212 729 294 784 μα,
331 708 463 762 τοῦτ’
495 705 723 765 ἀνελεῖν,
757 702 819 754 εκ
846 700 1054 753 τούτων
1085 698 1168 761 είς
1199 696 1388 767 μεῖζον
1419 691 1641 763 ἀνήφθη
1666 693 1756 784 μῖα

210 782 317 868 σος·
346 802 435 855 καὶ
482 800 626 860 ὅπως
666 793 732 848 ἂν
787 792 1059 862 ἀμύναιτο
1096 789 1187 843 τδν
1240 786 1558 856 εὐεργέτην,
1598 782 1757 841 ἐσκό-

211 913 307 950 πει.
348 912 366 945 r
407 890 589 945 Ταῦτα
630 886 733 957 μὲν
769 888 826 940 ὲν
844 884 923 956 τῷ
949 882 1154 955 πρώτῳ
1175 881 1431 947 διέξεισιν
1451 896 1467 911 ·
1499 881 1559 934 ιν
1585 878 1645 932 δὲ
1676 878 1756 948 τῷ

155 1006 157 1009 ‘
207 987 416 1057 δευτέρῳ
467 976 901 1049 Στὴλιτευτικῷ
960 977 1059 1030 καὶ
1117 974 1298 1028 ταῦτα
1346 971 1710 1043 προστίθησιν
1738 986 1752 1001 ·

212 1099 229 1132 r
248 1080 385 1132 Ἐπεὶ
409 1073 579 1129 δὲ’καλ⁵
609 1073 739 1143 ὐμῖν
762 1074 878 1126 ἐστι
905 1069 1100 1142 νεκρὸς
1131 1069 1161 1122 ό
1189 1068 1295 1137 πρὸ
1323 1066 1490 1120 αὐτοῦ
1516 1064 1757 1120 καταλύ-

208 1189 291 1234 σας
311 1170 393 1223 τὸν
423 1167 552 1239 βίον,
576 1166 779 1238 ἴδωμεν
802 1163 1081 1219 κὰνταῦὓα
1103 1165 1220 1217 τοῖν
1257 1160 1529 1234 βασιλέοιν
1551 1161 1756 1230 ἀμφοῖν

205 1264 258 1315 τὸ
283 1263 521 1332 διάφορον
537 1278 553 1294 ·
575 1260 630 1312 εί
653 1277 707 1312 τι
728 1259 823 1312 καὶ⁸
852 1258 1014 1311 τοῦτο
1037 1257 1195 1327 φέρει
1232 1254 1371 1325 πρὸς
1403 1251 1758 1323 εὐδαιμονίαν

206 1360 232 1427 ἢ
260 1353 670 1423 κακοδαιμονίαν
700 1354 814 1414 τοῖς
847 1350 1205 1405 ἀπελθοῦσιν.
1249 1346 1314 1403 ⁸0
1353 1345 1454 1420 μιν
1476 1363 1542 1413 γε
1574 1360 1757 1414 παρα-

206 1452 454 1520 πέμπεται
483 1442 795 1515 πανδήμοις
827 1440 1132 1512 εὐφημίαις
1166 1454 1225 1493 τε
1249 1440 1346 1493 καὶ
1366 1437 1635 1505 πομπαῖς,
1658 1436 1757 1490 καὶ

202 1539 391 1599 τούτοις
446 1534 744 1606 ἡμετέροις
800 1529 1043 1601 σεμνοῖς,
1088 1527 1255 1600 ᾠδαῖς
1315 1523 1614 1594 παννύχοις
1660 1522 1758 1579 καὶ

203 1628 503 1702 δᾳδουχίαις,
528 1620 619 1689 αἷς
650 1624 979 1699 Χριστιανὸν
1003 1622 1173 1693 τιμᾷν
1199 1618 1530 1691 μετάστασιν
1556 1616 1758 1686 εὐσεϐῆ

203 1722 503 1793 νομιζόμεν’
547 1721 649 1774 καὶ
698 1717 911 1787 γίνεται
948 1715 1257 1788 πανήγυρις
1298 1712 1437 1783 μετὰ
1482 1711 1754 1781 πάθουςή

200 1811 437 1883 ὲκκομιδὴ
465 1811 560 1865 τοῦ
594 1812 873 1880 σώματος.
897 1808 960 1862 Et
983 1808 1041 1862 δὲ
1065 1824 1142 1878 τῳ
1169 1805 1361 1868 πιστὸς
1391 1805 1420 1858 ό
1449 1804 1629 1873 λόγος,
1661 1803 1759 1856 καὶ

1861 608 1988 649 mus
2020 610 2036 649 :
2076 592 2241 664 807
2293 588 2444 661 quod
2489 596 2753 658 praestare
2783 586 2952 642 etiam
2997 586 3068 643 de
3102 586 3265 643 nobis
3300 585 3439 643 n'rhil

1863 686 2080 744 meritis
2108 685 2402 749 debemus,
2452 679 2547 751 qui
2596 678 2757 736 verbi
2788 689 2844 737 et
2889 678 3146 737 veritatis
3194 677 3437 735 ministri

1863 792 2101 834 sumus:
2144 786 2270 847 post
2299 774 2515 831 obitum
2558 772 2838 844 praecipue
2868 772 3016 842 ejus,
3043 785 3173 826 cum
3203 770 3315 841 jam
3353 784 3444 824 as-

1862 868 2192 927 sentationis
2234 866 2506 940 probrum
2560 864 2893 935 effugimus.
2940 864 2997 920 e‘t
3049 863 3230 919 oratio
3286 862 3440 918 omni

1864 960 2188 1031 suspicione
2219 958 2475 1030 superior
2502 966 2609 1015 est.
2663 956 2800 1025 Quis
2844 955 2997 1013 enim
3026 970 3138 1013 non
3172 954 3439 1025 speravit,

1864 1051 2169 1115 Julianum.
2214 1050 2259 1106 si
2306 1049 2458 1107 aliud
2510 1049 2677 1116 nihil,
2708 1049 2922 1104 honore
2953 1047 3152 1103 saltem
3184 1055 3444 1116 accepto.

1866 1143 2346 1201 rnansuetiurem?
2373 1141 2510 1208 Quis
2540 1157 2673 1198 vero
2708 1156 2819 1197 non
2865 1156 2933 1199 ex
2970 1139 3079 1196 fide
3116 1154 3309 1196 earum
3350 1152 3442 1191 re-

1866 1252 1990 1291 rum
2019 1251 2139 1305 quas
2166 1236 2214 1290 ei
2237 1235 2468 1293 creditae
2491 1243 2641 1299 sunt.
2673 1234 2865 1301 etiam,
2899 1241 3270 1303 praeterquam
3294 1228 3445 1299 quod

1864 1338 2301 1384 consentaneum
2353 1335 2524 1392 esset,
2587 1327 2893 1397 aequiorem
2939 1322 3099 1380 fore?
3158 1323 3226 1381 Et
3274 1321 3446 1379 simul

1865 1422 2131 1491 majorem
2165 1418 2534 1479 Constantius
2569 1419 2773 1477 Iuliani
2818 1416 3172 1489 arrogatione
3200 1415 3448 1472 obtinuit

1865 1515 2139 1577 animum,
2177 1529 2290 1569 non
2324 1523 2436 1568 tam
2470 1516 2617 1582 quod
2652 1511 2814 1568 fidem
2841 1511 2989 1568 illius
3015 1508 3196 1581 magni
3228 1508 3444 1572 fecerit,

1865 1621 2031 1677 quam
2060 1607 2209 1677 quod
2240 1607 2505 1677 potentiae
2536 1622 2649 1662 sua:
2681 1604 2926 1660 confisus
2951 1604 3046 1663 sit.
3075 1602 3184 1659 Sed
3217 1617 3317 1658 cur
3340 1600 3446 1656 hoc

1866 1702 1948 1757 sic
1990 1716 2186 1772 urgeo.
2231 1716 2361 1756 cum
2410 1700 2617 1755 cedens
2652 1708 2819 1767 atque
2869 1697 3051 1753 victus
3098 1696 3346 1757 vincere.
3391 1704 3448 1747 et

1865 1794 2209 1866 argumentis
2238 1792 2494 1864 superior
2523 1808 2648 1849 esse
2680 1789 2931 1862 possim?
2966 1789 3024 1845 Si
3073 1800 3313 1858 namque
3349 1789 3446 1855 qui

202 1874 337 1959 τοῦτο
374 1874 582 1975 διεδόοη
624 1874 749 1967 ταῖς
779 1903 890 1956 τῶν
923 1874 1134 1954 πιστῶν
1165 1900 1360 1962 ἀκοαῖς
1387 1913 1401 1929 ·
1446 1899 1529 1952 ὅτι
1566 1896 1758 1968 ἐπειδὴ

1865 1888 1956 1944 alii
1989 1887 2251 1951 credidit,
2281 1874 2460 1943 malus
2498 1894 2604 1950 est.
2646 1888 2775 1953 quis
2812 1886 3035 1940 tandem
3065 1883 3112 1941 is
3142 1880 3443 1942 fuerit.cui

199 2001 276 2054 τὸν
302 1997 502 2069 Ταῦρον
534 1996 873 2067 ὐπερϐἀλλοι
904 1995 969 2048 ab
997 1994 1160 2061 σῶμα
1189 1993 1328 2063 πρὸς
1358 1991 1459 2062 τὴν
1489 1989 1757 2062 πατρῴαν

200 2086 327 2157 αὐτῷ
356 2086 504 2142 πόλιν
529 2086 963 2157 διασωζόμενον,
987 2085 1198 2156 ταύτην
1222 2084 1288 2155 δὴ
1326 2083 1427 2145 τὴν
1462 2081 1759 2154 ὁμώνυμον

200 2178 402 2242 ἐκείνοις
426 2178 521 2231 καὶ
554 2177 986 2248 μεγαλώνυμον,
1013 2177 1168 2247 φωνή
1215 2194 1301 2242 τις
1331 2176 1398 2228 εκ
1430 2174 1541 2228 τῶν
1569 2174 1759 2245 ἄκρων

200 2270 327 2324 ἔστιν
366 2266 444 2333 οἷς
478 2269 801 2338 ὲξηκούετο,
834 2264 949 2324 οἷον
998 2269 1318 2340 ψαλλόντων
1345 2284 1408 2322 τε
1448 2268 1546 2322 καὶ
1573 2282 1757 2337 παραυ

199 2359 518 2430 πεμπόντων,
552 2358 886 2429 enatum,
920 2353 1100 2429 οἶμαι,
1125 2358 1436 2429 δυνάμεων,
1459 2357 1631 2429 γέρας
1660 2356 1760 2428 τῆς

199 2450 456 2514 εὐσεϐείας
489 2451 590 2505 καὶ
640 2449 920 2511 ἀντίδοσις
952 2448 1266 2517 ἐπιτάφιος.
1296 2444 1410 2502 κει
1439 2448 1549 2519 γὰρ
1575 2449 1624 2501 εί
1663 2448 1761 2504 καὶ

199 2541 284 2607 τὴν
308 2540 466 2612 ὀρθὴν
493 2539 662 2607 δόξαν
692 2542 1025 2610 παρακινεῖν
1056 2538 1264 2607 ἔδοξεν,
1296 2538 1441 2594 ἀλλὰ
1470 2542 1565 2597 καὶ
1600 2539 1762 2594 τοῦτο

198 2634 285 2704 τῆς
311 2635 414 2688 τῶν
443 2633 1009 2689 ὐποδυναστευόντων
1041 2632 1365 2702 σκαιότητος
1398 2635 1494 2687 καὶ
1528 2633 1759 2687 κακοδο-

197 2727 296 2795 eis;
330 2728 386 2782 τὸ
411 2726 697 2798 ἔγκλημα,
728 2728 781 2781 οῖ
809 2728 988 2798 ἁπλῆν
1020 2730 1120 2782 καὶ
1146 2730 1338 2799 ἀπαγῆ
1360 2729 1443 2789 είς
1471 2728 1759 2783 εὐσέϐειαν

200 2822 588 2893 παραλαϐόντες
618 2822 822 2894 ψυχὴν,
853 2823 917 2874 οὐ
943 2821 1353 2894 προορωμένην
1381 2822 1453 2876 τὰ
1483 2820 1758 2893 βαράθρα,

196 2915 457 2986 ἀπήγαγον
507 2909 667 2988 ᾗπερ
703 2912 993 2967 ἐϐούλοντο
1024 2930 1038 2946 ο
1074 2915 1171 2969 καὶ
1203 2913 1564 2985 προσχήματι
1596 2913 1761 2968 εὐσε-

196 3004 325 3069 ϐείας
352 3006 440 3061 τὸν
475 3006 649 3079 ζῆλον
691 3006 892 3061 κακίαν
920 3000 1274 3075 εἰργάσαντο.
1304 3001 1449 3061 Ἀλλ’
1478 2998 1574 3058 οὖν
1595 3003 1761 3074 ἡμεῖς

194 3100 246 3152 τδ
270 3102 589 3173 κοινότερον,
625 3102 718 3155 τόν
749 3119 812 3156 τε
856 3101 1076 3173 πατέρα
1103 3096 1420 3163 εννοοῦντες
1466 3097 1560 3151 τὸν
1594 3095 1760 3167 βαλό-

196 3210 336 3262 μενον
360 3194 457 3266 τὴν
483 3194 737 3267 κρηπῖδα
766 3197 866 3266 τῆς
896 3193 1190 3267 βασιλικῆς
1221 3192 1305 3263 τῷ
1334 3189 1760 3264 Χριστιανισμῷ

193 3285 485 3340 δυναστείας
519 3288 625 3340 καὶ
664 3287 926 3348 πίστεως,
965 3288 1064 3339 καὶ
1111 3284 1207 3339 τὸν
1255 3288 1336 3348 είς
1368 3284 1534 3340 αὐτὸν
1566 3284 1759 3339 κατελ-

193 3371 334 3426 θόντα
360 3373 562 3445 κλῆρον
594 3375 692 3427 τοῦ
718 3374 1014 3443 δόγματος,
1047 3371 1418 3444 ἑγεραίρομεν
1447 3374 1515 3427 τὰ
1565 3371 1759 3425 εἰκότα

189 3467 241 3520 τὺ
271 3468 458 3537 σκῆνος
488 3468 589 3523 τοῦ
636 3468 823 3541 δικαίᾳ
862 3467 1113 3540 βασιλείᾳ
1140 3469 1501 3538 τυζήσαντος,
1539 3466 1634 3522 καὶ
1666 3466 1758 3523 τὸν

192 3560 292 3630 βίον
339 3562 759 3628 καταλύσαντος
811 3563 946 3633 ὁσίῳ
978 3561 1058 3633 τῷ
1105 3561 1274 3628 τέλει,
1317 3561 1414 3617 καλ⁸
1447 3562 1510 3616 τὸ
1556 3564 1757 3629 κράτος

190 3655 306 3723 ἡμῖν
348 3655 806 3726 καταλείψαντος.
853 3655 941 3718 Ὧς
994 3656 1051 3713 δι
1097 3654 1391 3727 πλησιάζοι
1433 3658 1502 3726 τῦ
1539 3655 1752 3728 μιγάὶιῃ

190 3749 273 3802 καὶ
301 3748 530 3818 βασ.λίδι
582 3750 766 3817 πόλει,
796 3750 851 3804 τί
882 3749 963 3804 δεῖ
996 3750 1179 3818 λίγειν
1202 3751 1538 3821 δορυφορίας
1578 3767 1634 3804 τε
1658 3750 1755 3805 τοῦ

192 3842 408 3912 στρατοῦ
459 3845 695 3907 παντὸς,
728 3845 825 3897 καὶ
869 3844 1032 3911 τάξιν
1069 3843 1321 3901 ἐνόπλιον
1349 3845 1422 3907 ὡς
1462 3843 1630 3908 ζῶντι
1679 3844 1758 3914 τῷ

192 3932 384 4001 βασιλεῖ
404 3935 748 4005 γινομένηνς
780 3934 813 4006 ἦ
851 3937 949 4006 τῆς
990 3934 1250 4003 λαμπρᾶς
1286 3935 1491 3998 πόλεως
1530 3935 1759 4005 ῑκχυσιν

189 4026 622 4097 ὀνομαστοτάτην
650 4028 759 4080 τῶν
786 4027 1009 4084 πώποτε
1036 4029 1348 4098 γενομένων
1377 4029 1409 4098 ἢ
1445 4030 1756 4098 ἐσομένωνς

199 4119 323 4173 Ἀλλ’
375 4124 404 4175 ὁ
450 4122 663 4192 θρασὺς
714 4124 809 4176 καὶ
864 4123 1131 4191 γεννάδας
1162 4125 1395 4187 ἐκεῖνος,
1424 4126 1516 4179 καὶ
1547 4127 1645 4196 νέᾳ
1689 4128 1754 4195 τῇ

189 4213 465 4283 πορφυρίδι
522 4210 1036 4281 καλλωπιζόμενος,
1091 4215 1189 4269 καὶ
1220 4214 1310 4271 διὰ
1359 4213 1541 4277 τοῦτο,
1591 4216 1664 4275 ὡς
1697 4216 1758 4267 τὸ

190 4305 343 4367 εἰκὸς,
360 4307 508 4375 μέγα
540 4307 784 4374 φρονῶν,
817 4307 984 4377 μέρος
1012 4305 1225 4373 γίνεται
1251 4310 1343 4363 καὶ
1370 4307 1531 4372 αὐτὸς
1562 4306 1759 4379 ἐκεινῳ

189 4395 279 4464 τῆς
311 4399 676 4470 προπομπίω
718 4398 911 4469 τιμῆς,
955 4399 1057 4471 τὴν
1110 4399 1285 4467 αὐτὴν
1315 4400 1409 4456 καὶ
1456 4398 1758 4466 ἀντιδιδοὺς

190 4489 274 4541 καὶ
302 4492 727 4562 άντιλαμϐἀνων
770 4494 958 4563 χάριν,
988 4494 1050 4548 τὸ
1081 4496 1180 4565 μέν
1210 4510 1263 4546 τι
1302 4493 1567 4564 βιασθεὶς,
1597 4494 1658 4549 τὸ
1700 4494 1759 4548 δὲ

1865 1979 2143 2037 creditum
2175 1979 2305 2035 est?
2333 1980 2397 2036 Et
2429 1979 2478 2036 si
2509 1994 2695 2039 mores
2725 1993 2929 2047 pravos
2954 1990 3065 2033 non
3096 1974 3446 2046 praevidisse,

1863 2074 2028 2144 culpa
2065 2088 2174 2128 non
2209 2081 2388 2135 vacat.
2438 2087 2550 2142 quo
2582 2072 2709 2130 loco
2755 2071 3087 2141 pravitatem
3124 2067 3305 2139 ipsam
3353 2082 3451 2138 po-

1861 2166 2100 2223 nemus?
2130 2166 2633 2224 Verumenimvero
2666 2179 2757 2224 res
2783 2172 2875 2225 est
2902 2152 3158 2233 quaedam
3190 2161 3448 2217 conside-

1863 2259 2095 2316 rationis
2124 2274 2325 2330 expers
2357 2259 2605 2316 malitia:
2636 2272 2815 2326 neque
2851 2255 2971 2313 fieri
3006 2264 3212 2324 potest.
3254 2262 3315 2308 ιιι
3341 2254 3445 2306 ho-

1864 2354 2042 2409 mines
2060 2351 2343 2423 improbos
2363 2351 2626 2407 meliores
2643 2349 2939 2420 quisquam
2962 2348 3186 2405 efﬁciat.
3212 2348 3447 2415 Quando

1861 2455 1920 2503 et
1951 2445 2065 2512 ille,
2090 2460 2159 2499 ex
2192 2444 2402 2514 quibus
2426 2443 2597 2500 rebus
2626 2442 2828 2499 merito
2858 2442 3283 2497 benevolentior
3299 2456 3447 2507 esse,

1863 2547 1920 2594 et
1948 2539 1992 2592 si
2027 2551 2193 2607 quam
2244 2534 2612 2607 malignitatis
2650 2534 2944 2593 habuisset
2969 2535 3293 2597 scintillam.
3324 2552 3444 2593 eam

1862 2629 2220 2700 exstinguere
2245 2627 2557 2692 debuisset.
2584 2642 2653 2685 ex
2677 2627 2760 2685 eis
2784 2627 2953 2687 rebus
2983 2626 3052 2681 ad
3095 2628 3273 2698 majus
3301 2628 3449 2681 exci-

1868 2731 2016 2778 tatus
2066 2731 2153 2778 est
2194 2721 2385 2777 odium
2434 2735 2451 2774 :
2494 2730 2552 2780 et
2604 2736 2718 2792 quo
2768 2730 2933 2790 pasto
2968 2719 3191 2792 egregia
3244 2721 3446 2781 merita

1864 2822 2031 2882 atque
2064 2811 2336 2867 beneficia
2379 2810 2437 2865 in
2476 2819 2708 2867 auctore
2758 2826 2860 2867 suo
2902 2811 3295 2877 ulcisceretur,
3330 2811 3446 2866 cir-

1864 2904 2199 2975 cumspexit.
2237 2920 2257 2957 ι
2295 2902 2422 2957 Haec
2466 2901 2689 2972 quidem
2724 2903 2782 2962 in
2810 2902 3001 2973 priore
3033 2903 3315 2961 lnvectiva
3353 2905 3446 2960 ille

1866 2997 2057 3053 refert.
2085 2995 2145 3050 lu
2182 2997 2496 3066 posteriore
2531 3004 2722 3055 autem
2756 2995 2876 3053 haec
2913 2997 3152 3057 scribit:
3196 3016 3216 3051 ι
3253 2998 3447 3066 Quan-

1863 3089 2164 3160 doquidem
2216 3106 2348 3147 vero
2400 3090 2565 3147 etiam
2620 3089 2787 3151 nobis
2825 3090 3002 3147 funus
3030 3091 3155 3165 ejus
3188 3104 3297 3159 est.
3349 3094 3448 3164 qui

1866 3194 1998 3243 ante
2039 3183 2327 3241 lulianum
2385 3199 2415 3238 e
2467 3187 2576 3243 \ita
2627 3185 2891 3250 excessit.
2944 3185 3307 3258 inspiciamus
3356 3187 3451 3243 hie

1867 3290 2141 3351 quantum
2194 3279 2310 3337 duo
2343 3280 2433 3337 isti
2483 3280 2850 3350 imperatores
2881 3281 3025 3339 inter
3069 3298 3131 3340 se
3162 3284 3447 3341 differant.

1868 3370 2154 3442 Siquidem
2193 3373 2299 3428 hoc
2329 3389 2556 3444 quoque
2585 3374 2798 3444 aliquid
2839 3375 2897 3431 in
2943 3375 3223 3432 defunctis
3260 3378 3343 3433 vel
3376 3378 3447 3433 ad

1866 3463 2223 3530 felicitatem,
2255 3463 2343 3521 vel
2377 3464 2446 3519 ad
2478 3465 2866 3522 infelicitatem
2890 3465 3134 3525 confert.
3163 3469 3245 3523 Ac
3266 3468 3446 3526 nostri

1868 3557 2093 3627 quidem
2114 3559 2282 3614 funus
2315 3559 2648 3630 producitur
2672 3547 2902 3631 publici
2934 3574 3227 3635 apparatu,
3260 3564 3453 3635 auspi-

1866 3653 2115 3722 catisque
2168 3653 2460 3710 ominibus
2508 3662 2565 3710 et
2616 3654 3116 3715 acclamationibus
3161 3675 3177 3714 :
3231 3659 3451 3720 nostris

1866 3745 2016 3814 dico,
2038 3756 2096 3803 et
2114 3748 2498 3809 sanctioribus
2522 3748 2646 3809 istis
2674 3751 3041 3824 carminibus,
3064 3752 3197 3811 item
3222 3763 3449 3813 noctur~

1866 3838 1957 3893 nis
1991 3840 2215 3910 hymnis
2245 3849 2303 3895 et
2356 3842 2709 3899 lucernarum
2746 3843 2993 3914 ignibus.
3042 3844 3250 3914 quibus
3282 3844 3446 3901 Chri-

1866 3931 2033 3987 stiani
2068 3932 2279 3989 obitum
2315 3935 2467 4005 pium
2507 3934 2991 3997 cohonestandum
3029 3952 3321 3995 censemus
3349 3957 3362 3995 :
3394 3946 3451 3994 tt

1867 4040 2073 4095 corpus
2100 4026 2280 4097 ipsum
2312 4028 2516 4084 celebri
2541 4029 2852 4101 lugentium
2877 4044 3155 4089 conventu
3186 4032 3446 4093 effertur.

1866 4118 2024 4184 Quod
2062 4117 2110 4174 ei
2157 4117 2325 4177 verba
2359 4119 2463 4175 ista
2503 4119 2667 4177 fidem
2701 4131 3006 4186 merentur.
3039 4124 3107 4179 ad
3140 4126 3444 4181 multarunt

1867 4219 2019 4264 certe
2049 4208 2154 4266 hoc
2182 4210 2518 4280 quibusdam
2551 4211 2928 4269 referentibus
2960 4216 3219 4285 pervenit
3237 4232 3404 4273 aures
3430 4235 3444 4272 :

1868 4315 1992 4361 cum
2017 4300 2276 4377 defuncti
2305 4302 2540 4361 cadaver
2570 4304 2815 4362 Taurum
2851 4318 3097 4363 montem
3127 4318 3444 4378 superaret,

1867 4403 1931 4451 ut
1978 4394 2050 4450 ad
2096 4396 2332 4466 patriam
2378 4396 2597 4465 urbem,
2628 4400 3017 4470 cognominem
3068 4400 3153 4458 eis
3183 4402 3345 4456 istam
3391 4412 3448 4458 et

1866 4488 2187 4561 praeclaram
2232 4488 2380 4556 dico,
2427 4490 2753 4556 duceretur.
2784 4494 3031 4549 auditam
3074 4509 3197 4551 esse
3245 4510 3277 4550 a
3319 4496 3446 4566 qui-

189 4580 335 4644 ἑκὼν,
368 4586 443 4646 ὡς
478 4586 762 4653 λέγουσιν.
808 4586 866 4640 Ὀ
918 4586 1028 4657 γὰρ
1063 4588 1297 4657 στρατὸς
1346 4588 1515 4654 ἄπας,
1559 4588 1607 4640 εί
1661 4588 1758 4642 καὶ

1868 4581 2097 4637 busdam
2131 4598 2198 4639 ex
2231 4587 2615 4654 superioribus
2661 4587 2802 4643 locis
2835 4604 3027 4645 vocem
3078 4590 3251 4646 veluti
3297 4591 3444 4661 ρελι-

188 4673 269 4725 τοῦ
318 4678 591 4744 παρόντος
627 4677 833 4748 ἥττητο
866 4679 1127 4750 κράτους,
1174 4679 1291 4732 ἀλλ’
1319 4677 1412 4735 οὖν
1460 4679 1641 4735 πλεῖον
1678 4682 1758 4749 τῷ

189 4767 553 4837 κατοιχομένῳ
582 4769 766 4839 νέμων
819 4769 1000 4833 αίδοῦς
1035 4769 1248 4842 (ἐπειδὴ
1299 4771 1395 4823 καὶ
1429 4771 1761 4840 πεφύκαμεν

172 4858 527 4936 ἐὐνούστεροί
560 4878 678 4923 πως
711 4857 853 4916 εἶναι
886 4865 998 4927 τοίς
1026 4863 1105 4916 ἔτι
1139 4867 1479 4936 προσφάτοις
1512 4865 1756 4937 πάθεσι),

189 4953 257 5022 τῷ
306 4956 517 5033 φίλτρῳ
578 4958 1054 5028 προσπάσχοντες,
1091 4961 1189 5012 καὶ
1235 4958 1328 5013 τὸν
1384 4959 1535 5013 ἔλεον
1586 4960 1761 5031 τούτῳ

192 5046 615 5115 προσάπτοντες,
646 5050 744 5104 καὶ
780 5050 867 5103 διὸ.
893 5050 1055 5105 τοῦτο
1084 5053 1186 5105 οὐκ
1236 5052 1561 5122 ἀνεχόμενοι
1587 5052 1649 5105 τὸ
1684 5050 1761 5125 μὴ

188 5137 278 5208 οὐχ
305 5138 377 5204 ὡς
405 5140 641 5210 βασιλέα
670 5145 974 5215 τιμηθῆναι
999 5144 1189 5199 τοῦτον
1216 5147 1312 5200 καὶ
1333 5145 1758 5218 προσδεχθῆναι,

192 5231 432 5286 πείθουσι
470 5234 565 5289 τὸν
597 5236 918 5307 ἀποστάτην
967 5241 1064 5291 καὶ
1101 5238 1612 5307 συναναγκάζουσιν
1655 5239 1762 5295 ὐπ-

194 5324 414 5393 αντῆσαι
440 5327 521 5395 τῷ
555 5329 734 5399 νεκρῷ
754 5330 894 5399 μετὰ
922 5328 1017 5383 τοῦ
1050 5331 1424 5402 προσήκοντος
1455 5334 1758 5402 σχήματος.

193 5414 261 5469 Τὸ
284 5419 338 5471 δὲ
373 5415 465 5491 ἦν,
502 5421 974 5492 ἁποκοσμήσαντα
1003 5422 1102 5492 τὴν
1161 5423 1409 5493 κεφαλὴν
1446 5422 1541 5475 τοῦ
1573 5423 1762 5490 διαδή-

198 5525 378 5578 ματος,
403 5514 499 5565 καὶ
523 5512 882 5583 ὑποκύψαντα
906 5514 983 5585 τῷ
1012 5514 1229 5584 βασιλεῖ
1252 5516 1320 5567 τὰ
1350 5515 1560 5579 είκότα,
1584 5514 1760 5581 οὕτως

194 5600 280 5651 ἐπὶ
309 5604 400 5655 τὸν
431 5605 604 5673 τάφον
638 5608 1125 5677 συμπαραπέμψαι
1158 5609 1272 5671 τοῖς
1298 5608 1526 5676 ἄγουσιν
1543 5611 1635 5663 ἐπὶ
1669 5611 1760 5663 τὸν

195 5691 428 5761 ἀοίδιμον
457 5695 563 5749 τῶν
609 5698 953 5751 Ἀποστόλων
985 5698 1153 5768 σηκόν
1173 5715 1188 5731 ο
1222 5700 1272 5753 οἳ
1304 5699 1369 5770 δὴ
1396 5701 1456 5752 το
1491 5700 1636 5772 ἱερὸν
1671 5702 1762 5770 γέ-

194 5799 277 5844 νος
312 5785 638 5854 ὑπεδέξαντο
664 5795 760 5844 καὶ
809 5791 1254 5860 διαφυλάττουσι,
1299 5793 1499 5862 μικροῦ
1546 5794 1614 5847 τὰ
1669 5795 1759 5847 ίσα

196 5876 323 5947 γέρα
358 5884 762 5954 καρπούμενον.
818 5904 835 5936 ι
878 5887 987 5940 Καὶ
1042 5888 1069 5938 ό
1107 5886 1203 5956 μὲν
1237 5886 1501 5954 Θεολόγος
1534 5886 1756 5940 τοιαῦτα

1870 4672 2106 4729 lentium
2171 4691 2234 4730 ac
2286 4680 2770 4749 prositqucntium,
2819 4683 3200 4755 angelicarum
3249 4685 3447 4755 opinor

1867 4776 2233 4836 potestatum,
2288 4778 2349 4825 ut
2398 4772 2577 4827 honor
2622 4774 2727 4829 iste
2772 4776 2966 4845 pietati
2999 4776 3149 4832 illius
3196 4787 3252 4833 et
3283 4781 3443 4848 quasi

1866 4861 2102 4916 funebre
2135 4878 2335 4918 munus
2366 4864 2555 4919 datum
2588 4867 2681 4921 sit.
2715 4868 2885 4938 808
2920 4866 2976 4922 Si
3000 4870 3208 4924 ctenim
3232 4881 3439 4925 rectam

1867 4953 1995 5008 fidei
2038 4956 2368 5025 opinionem
2415 4959 2539 5013 loco
2570 4974 2672 5013 suo
2719 4975 2942 5015 movere
2987 4960 3142 5015 visus
3174 4969 3282 5028 est,
3345 4964 3447 5015 im-

1864 5047 2223 5117 portunitatis
2272 5050 2599 5120 errorisque
2657 5067 2952 5121 procerum
3004 5054 3130 5122 ejus
3167 5053 3220 5107 id
3273 5054 3445 5110 fuerit

1864 5140 2103 5203 crimen.
2150 5142 2246 5213 qui
2284 5154 2575 5214 acceptum
2623 5143 2681 5199 in
2733 5154 3067 5214 potestatem
3099 5130 3281 5214 suam,
3311 5150 3445 5203 sim-

1865 5233 2067 5295 nlicem
2098 5235 2243 5306 ejus,
2284 5234 2505 5292 facilem
2535 5246 2593 5293 et
2622 5238 2929 5308 proclivem
2961 5238 3029 5294 ad
3062 5241 3348 5311 pietatem,
3386 5252 3443 5298 et

1864 5336 2050 5383 minus
2080 5328 2407 5384 barathrum
2454 5340 2510 5385 et
2541 5331 2849 5401 perniciem
2900 5334 3285 5402 providentem
3323 5337 3445 5392 ani-

1865 5439 2037 5485 mum.
2065 5439 2175 5493 quo
2193 5424 2416 5489 vellent.
2439 5428 2675 5492 duxere,
2699 5436 2756 5482 et
2778 5427 3036 5484 certioris
3061 5429 3442 5500 ἰοιιιιίεἰιίοιιὶε

1862 5524 2158 5585 praetextu.
2194 5516 2374 5571 zelum
2427 5525 2482 5570 et
2523 5515 2781 5570 ardorem
2832 5516 2888 5573 in
2932 5520 3259 5589 pravitatem
3308 5534 3443 5574 con-

1866 5618 2102 5665 vertere.
2145 5608 2403 5664 Sedenim
2438 5625 2540 5664 nos
2571 5624 2922 5666 communem
2963 5614 3171 5684 magis,
3222 5612 3443 5682 pietatis

1861 5701 2078 5755 scilicet
2110 5713 2165 5755 et
2193 5701 2318 5756 fidei
2349 5702 2695 5772 opinionem,
2726 5713 2783 5759 et
2814 5716 3027 5775 patrem
3058 5707 3130 5760 ob
3166 5707 3442 5794 ocnlgsmt

1860 5793 2133 5855 animum.
2166 5793 2258 5863 qui
2288 5793 2651 5850 fundamenta
2685 5793 3113 5870 Christianitati
3137 5793 3440 5868 impcrialis

1866 5885 2155 5954 potestatis
2200 5896 2254 5941 ct
2299 5886 2425 5941 fidei
2467 5887 2623 5960 jccit,
2673 5897 2992 5958 sortemque
3022 5904 3142 5959 qum
3173 5888 3234 5943 in
3281 5888 3439 5942 illum
