3814 6540
336 353 437 419 431

1567 350 1909 413 ΝΙΟΕΡΗΟῘ

2029 351 2117 413 CA
2129 349 2380 413 LLlSTI
3484 345 3568 415 4⁷ξὲ

337 471 610 543 dogmatis
640 469 816 525 nostri
841 471 1219 528 constituendi
1253 471 1472 535 incidit,
1512 478 1802 541 ponentes,
1833 467 1907 522 ita

2020 468 2104 521 καὶ
2132 467 2268 522 ἄλλα
2297 465 2521 521 πλείονα
2564 447 2620 520 ἐν
2669 483 2727 520 τε
2782 464 2894 528 τοῖς
2944 460 3426 532 Στηλιτευτικοῒς
3455 457 3571 533 ὑπὲρ

338 575 397 618 ιιι
425 564 631 630 decuit,
667 563 1085 618 tabernaculum
1118 579 1432 635 corpusque
1461 564 1604 634 ejus,
1638 563 1732 632 qui
1757 562 1906 632 juste

337 651 686 721 imperasset,
707 662 761 707 et
782 654 952 709 vitam
975 664 1164 710 sancta
1186 664 1364 710 morte
1386 651 1906 720 (inissetmobisque

340 759 612 800 summam
639 737 966 816 potestatem
991 747 1329 818 reliquisset,
1370 747 1585 801 honore
1606 746 1755 816 justo
1781 758 1907 814 pro-

337 840 514 895 secuti
565 855 778 896 sumus.
842 840 945 898 Ubi
1007 851 1192 896 autem
1240 840 1308 895 ad
1349 855 1598 910 magnam
1648 846 1702 893 et
1739 837 1911 906 impe—

337 933 596 988 ratricem
665 933 859 988 urbem
929 933 1441 1005 appropinquavit,
1511 931 1648 1002 quid
1721 931 1908 985 dicere

337 1025 559 1093 attinet,
595 1027 842 1082 universi
899 1027 1182 1082 exercitus
1225 1025 1549 1082 satellitium
1583 1035 1637 1080 et
1671 1033 1912 1079 armato—

336 1133 460 1170 rum
487 1117 736 1185 ordines,
763 1119 856 1189 qui
905 1127 1166 1186 tanquam
1198 1119 1326 1173 vivo
1361 1117 1545 1173 adhuc
1573 1117 1910 1186 imperatore

335 1208 589 1264 aﬂuere:
630 1220 725 1264 aut
759 1209 1064 1280 splendidae
1096 1209 1253 1265 urbis
1304 1209 1656 1276 eli‘usionem,
1689 1218 1746 1263 et
1785 1223 1907 1262 om-

336 1302 487 1354 nium
521 1301 614 1372 qui
659 1301 742 1358 vel
778 1305 930 1357 luere
967 1303 1050 1356 vel
1093 1301 1264 1357 futuri
1298 1309 1446 1370 sunt,
1479 1301 1904 1356 celeberrimum

333 1394 672 1448 occursum?
713 1397 784 1449 At
830 1403 1092 1450 strenuus
1153 1395 1248 1450 ille
1301 1404 1358 1450 et
1410 1410 1718 1466 generosus
1767 1409 1905 1448 nava

333 1501 576 1554 purpura
629 1501 754 1542 sese
800 1487 1123 1554 venditans,
1182 1497 1349 1559 atque
1415 1503 1482 1544 eo
1539 1488 1791 1554 nomine,
1847 1498 1910 1542 ut

332 1589 769 1636 consentaneum
825 1589 930 1647 est,
983 1580 1333 1651 superbiens,
1367 1579 1474 1635 fuit
1518 1587 1574 1635 et
1613 1579 1732 1649 ipse
1783 1594 1908 1646 pars

331 1671 512 1742 aliqua
549 1673 872 1730 honoriﬁca:
905 1674 1067 1730 istius
1116 1690 1356 1746 pompae,
1398 1675 1652 1730 eamdem
1681 1685 1739 1730 et
1767 1674 1910 1730 dans

332 1773 388 1818 et
421 1765 700 1834 recipiens
736 1767 969 1837 gratiam
1015 1785 1029 1822 :
1077 1775 1136 1822 et
1191 1767 1338 1821 illam
1397 1767 1619 1837 quidem
1670 1767 1905 1832 invitus,

2018 558 2403 612 Κωνσταντίου
2433 557 2688 623 διέξεισιν
2712 595 2728 623 ,
2781 555 2904 608 οὐδὲ
2955 555 3013 606 ὲν
3045 553 3161 615 τοῖς
3191 551 3376 614 ἄλλοις
3414 552 3571 618 λόγοις

2016 653 2215 706 κακίαν
2271 650 2420 720 αὐτῷ
2476 649 2796 719 μαρτυρῶν,
2838 647 2956 703 ἀλλ’
3001 645 3284 716 ἁπλότητα
3333 643 3571 721 μᾶλλονῆ

2017 745 2330 816 κουφότητα
2357 762 2370 777 ⁸
2411 745 2461 798 οἱ
2498 745 2554 798 δὲ
2600 744 2780 798 λοιποὶ
2809 742 2919 797 τῶν
2971 739 3268 812 ἱστορικῶν
3320 739 3394 810 μὴ
3433 735 3575 794 καλὸν

2017 833 2253 892 εἶναιτὸ
2303 837 2468 899 σέϐας
2497 835 2773 891 διδόασιν·
2830 835 2888 888 ὲν
2930 827 3010 896 οἷς
3041 833 3138 886 κα)⁸
3170 833 3198 884 ό
3243 829 3432 899 Κύρου
3481 832 3577 886 ἐστὶ

2017 932 2390 1002 Θεοδώρητος.
2455 929 2598 1000 Ἐγὼ
2638 930 2695 984 δὲ
2730 928 2808 1000 τῷ
2845 926 3119 998 προμάχσρ
3168 924 3270 990 τῆς
3319 922 3578 988 εὐσεϐείας

2018 1025 2059 1078 Γ
2063 1024 2308 1098 ρηγορίῳ
2334 1023 2414 1094 τῷ
2441 1023 2584 1078 πάνυ
2617 1022 2854 1077 ἔπεσθαι
2895 1020 3140 1092 μάλιστα
3176 1016 3459 1088 βούλομαι.
3490 1016 3580 1069 Καὶ

2017 1117 2123 1185 γάρ
2154 1116 2287 1186 φασί
2311 1132 2457 1178 τινες
2487 1114 2564 1185 μὴ
2592 1111 2907 1180 θαυμαστὸν
2925 1107 3090 1173 εἶναι,
3124 1111 3173 1161 εί
3198 1108 3256 1161 ἐν
3284 1110 3396 1168 τοῖς
3419 1105 3581 1170 ἄλλοις

2015 1206 2193 1274 λόγοις
2219 1206 2402 1277 ἡρέμα
2423 1205 2573 1276 αὐτῷ
2594 1202 2865 1274 ἐγκαλῶν,
2896 1203 2955 1255 ὲν
2983 1202 3094 1264 τοῖς
3119 1195 3581 1268 Στηλιτευτικοῖς

2017 1298 2196 1352 διόλου
2246 1299 2590 1368 ὑπερφυέσιν
2617 1296 2863 1357 ἐπαίνοις
2893 1293 3058 1347 αὐτὸν
3109 1287 3465 1357 καταστέφει.
3492 1287 3580 1340 Τὸν

2018 1391 2126 1460 γὰρ
2153 1391 2296 1446 κατὰ
2325 1390 2418 1445 τοῦ
2442 1391 2749 1444 ὰποστάτου
2781 1389 2945 1459 ζῆλον
2971 1385 3322 1440 διαλλάττειν
3349 1381 3479 1449 φασὶ
3503 1380 3581 1432 τὸν

2022 1485 2197 1556 μέγαν
2218 1526 2234 1552 ,
2280 1487 2374 1539 καὶ
2406 1486 2560 1554 φίλον
2588 1483 2800 1564 ἐκείνου
2832 1482 3060 1553 γνήσιον
3091 1476 3365 1548 γίνεσθαι,
3400 1472 3477 1545 μὴ
3509 1473 3586 1526 διὰ

2019 1574 2244 1642 κακίαν,
2297 1574 2433 1628 ἀλλὰ
2464 1573 2531 1628 δι’
2581 1573 2870 1643 ἁπλότητα
2933 1568 3176 1642 μετρίως
3235 1565 3582 1635 λυπήσαντος.

2032 1667 2184 1720 Ἐπεί
2220 1665 2300 1721 τοι
2330 1683 2394 1736 γε
2440 1667 2536 1721 καὶ
2569 1667 2630 1720 τὸ
2662 1665 2792 1719 ἄλλο
2825 1664 2917 1718 τοῦ
2954 1663 3160 1735 πατρὸς
3193 1657 3326 1733 ἦθος
3357 1656 3587 1710 τοιοῦτον

2022 1761 2372 1832 εὑρίσκεσθαι
2395 1761 2643 1828 λέγουσι,
2679 1759 2756 1832 τῷ
2785 1758 3182 1827 ὑπερὸἁλ).οντι
3222 1752 3378 1823 κακῷ
3410 1769 3589 1820 συγγι-

332 1856 475 1911 hanc
509 1866 696 1914 autem
740 1859 942 1925 libens,
983 1859 1148 1914 sicuti
1195 1858 1410 1913 dicunt.
1440 1856 1625 1928 Copiae
1667 1874 1907 1928 namque

2020 1855 2251 1909 νώσκειν
2278 1857 2391 1918 τοῖς
2427 1854 2625 1926 μικρὸν
2675 1852 3034 1922 ἀγνοήσασιν.
3078 1848 3223 1916 Ἐγὼ
3245 1849 3303 1902 δέ
3333 1863 3479 1917 φημι
3515 1846 3588 1897 λό-

331 1949 604 2005 militares
635 1965 854 2019 omnes,
911 1951 1128 2005 tametsi
1165 1951 1456 2020 praesentis
1503 1952 1629 2021 ejus
1663 1952 1908 2020 potentia

331 2042 718 2108 vincerentur,
762 2044 886 2115 plus
922 2052 1108 2100 tamen
1138 2045 1368 2101 honoris
1405 2045 1668 2101 defuncto
1701 2046 1912 2100 haben-

335 2144 416 2188 tes
471 2136 948 2206 (quandoquidem
999 2148 1199 2192 natura
1257 2139 1660 2194 benevolentia:
1703 2138 1909 2193 affectu

334 2241 592 2282 recentes
631 2245 906 2284 aerumnas
958 2230 1366 2302 prosequimur)
1399 2242 1455 2286 et
1484 2233 1693 2288 amoris
1741 2232 1914 2288 mise-

335 2320 703 2390 ricordiaeque
731 2323 1090 2378 inclinatione
1116 2333 1333 2378 mortuo
1365 2324 1745 2390 eondolentes,
1769 2341 1915 2382 eam-

333 2427 442 2482 que
472 2414 542 2467 ob
572 2429 796 2470 causam
829 2416 1055 2470 minime
1094 2431 1154 2473 se
1183 2417 1557 2486 continentes,
1595 2420 1730 2490 quin
1756 2420 1912 2476 illum

334 2505 487 2561 velut
554 2507 946 2578 imperatorem
1005 2509 1314 2566 honorifice
1373 2512 1722 2581 exciperent,
1776 2528 1917 2583 apo-

333 2606 490 2652 statae
548 2608 602 2654 et
653 2600 924 2654 desertori
969 2600 1334 2671 persuadent,
1368 2612 1533 2674 atque
1568 2620 1694 2658 eum
1745 2604 1912 2659 simul

334 2691 451 2747 lere
489 2701 714 2763 cogunt,
764 2702 824 2747 ut
869 2693 1154 2760 defuncto,
1188 2693 1381 2750 habitu
1415 2696 1770 2753 convenienti
1819 2701 1918 2754 ob-

336 2783 482 2836 viam
515 2783 860 2852 procederet.
903 2784 1035 2839 Erat
1065 2794 1249 2840 autem
1287 2785 1510 2841 habitus
1539 2786 1605 2852 is,
1638 2799 1694 2843 ut
1723 2789 1914 2844 diade-

335 2891 423 2930 ma
454 2875 522 2930 de
558 2877 739 2945 capite
762 2877 1088 2948 deponeret,
1114 2887 1171 2932 et
1204 2878 1449 2934 demisso
1481 2881 1636 2935 vultu
1672 2883 1915 2952 impera-

337 2967 442 3019 tori
488 2965 808 3021 eXtrcmum
871 2977 1162 3038 prastaret
1215 2969 1492 3037 oilicium,
1542 2986 1785 3042 eumque
1845 2974 1912 3027 ad

331 3060 675 3130 sepulcrum,
725 3077 850 3115 cum
901 3060 1116 3132 reliquo
1167 3063 1438 3118 comitatu
1489 3064 1546 3117 in
1590 3065 1914 3135 praclarum

2019 1967 2120 2019 γου
2164 1949 2265 2020 μὲν
2293 1947 2516 2020 ἔχεσθαι
2545 1947 2606 2000 τὸ
2638 1947 2950 2018 εἰρημένον.
2991 1945 3109 1997 Ἐπ’
3142 1940 3397 2011 εὐσεϐείᾳ
3419 1940 3500 2004 δὲ,
3527 1938 3592 2008 μὴ

2022 2043 2258 2098 τοιαῦτα
2292 2042 2565 2112 αἱρεῖσθαι
2594 2038 3068 2110 καταχαρίζεσθαι
3099 2037 3191 2091 τὸν
3221 2035 3481 2090 τοσοῦτον
3506 2034 3593 2102 τῆς

2040 2139 2354 2209 Εκκλησίας
2379 2137 2729 2194 διδάσκαλον.
2764 2137 2878 2189 Καὶ
2910 2133 2981 2189 τὰ
3023 2134 3123 2204 μὲν
3153 2133 3284 2198 περὶ
3314 2132 3595 2184 Κωνσταν-

2021 2233 2139 2286 τίου
2182 2231 2374 2286 τοῦτον
2413 2232 2540 2302 ἔσχε
2571 2231 2662 2284 τὸν
2696 2230 2939 2300 τρόπον’
2975 2226 3206 2298 τελευτᾷ
3247 2224 3292 2278 δ’
3326 2224 3383 2277 ὲν
3411 2222 3592 2291 Μόψου

2021 2328 2272 2399 κρήναις,
2303 2325 2378 2389 ὡς
2408 2327 2649 2397 εἴρηται,
2672 2325 2816 2380 κατὰ
2841 2324 2939 2395 τὴν
2956 2322 3152 2393 τρίτην
3179 2318 3276 2373 τοῦ
3296 2316 3594 2387 Νοεμϐρίου

2024 2422 2194 2492 μηνός
2213 2436 2226 2450 ·
2253 2420 2426 2490 ζήσας
2457 2421 2556 2490 μὲν
2575 2421 2644 2475 τὰ
2672 2421 2854 2473 πάντα
2887 2416 2984 2486 ἐτη
3018 2416 3181 2471 πέντε
3200 2416 3297 2467 καὶ
3329 2410 3596 2480 τεσσαρά-

2019 2527 2206 2577 κοντα,
2257 2510 2588 2582 βασιλεύσας
2633 2509 2691 2563 δὲ
2735 2509 2945 2563 τούτων
2977 2505 3123 2562 ὀκτὼ
3157 2504 3296 2577 πρὸς
3339 2499 3409 2570 λ’,
3438 2496 3511 2555 ὧν
3537 2503 3598 2554 τὰ

2023 2603 2123 2674 μὲν
2152 2603 2508 2674 τρισκαίδεκα
2553 2602 2773 2674 σύναμα
2802 2601 2882 2672 τῷ
2916 2601 3087 2671 πατρῖ
3117 2595 3257 2671 ἦρχε
3278 2615 3290 2629 ·
3325 2597 3393 2651 τὰ
3433 2596 3477 2650 δ’
3511 2597 3598 2648 ἑπ-

2020 2698 2205 2750 ἐκεινα
2237 2696 2404 2749 πέντε
2436 2695 2565 2748 όντα
2595 2694 2691 2750 καὶ
2741 2696 2919 2750 εἴκοσι
2952 2696 3114 2762 μόνος
3139 2691 3440 2763 διῴκησεν.
3470 2690 3599 2743 Ὅσα

2021 2791 2086 2860 δὴ
2115 2791 2208 2843 καὶ
2239 2791 2271 2860 ὴ
2296 2790 2552 2860 παροῦσα
2577 2789 2745 2858 ἐνάτη
2781 2806 2876 2858 μοι
2908 2787 3017 2842 τῶν
3043 2787 3294 2857 ἱστοριῶν
3321 2783 3595 2855 περιέχει·

2023 2884 2260 2952 ὁπηνίκα
2295 2883 2500 2952 κόσμου
2539 2883 2638 2952 μὲν
2691 2881 2810 2944 ἔτος
2850 2879 3040 2949 ,εωοβ’,
3083 2878 3192 2932 ἀπὸ
3218 2877 3276 2931 δὲ
3312 2877 3416 2944 τῆς
3461 2874 3601 2936 θείας

2024 2976 2118 3028 τοῦ
2184 2976 2389 3045 Κυρίου
2454 2976 2764 3044 γεννήσεως
2833 2971 3250 3041 τριακοσιοστυ
3310 2968 3601 3039 ἑξηκοστὸν

2026 3067 2253 3136 ἕϐδομον
2289 3068 2639 3138 ἐπεραίνετο.

333 3151 592 3208 divorum
650 3155 1031 3224 apostolorum
1085 3156 1376 3226 templum,
1432 3159 1528 3225 qui
1575 3174 1793 3213 sacrum
1847 3161 1954 3216 hoc
2017 3177 2192 3230 genus
2238 3173 2293 3216 et
2325 3176 2645 3231 suscepere,
2691 3169 2748 3216 et
2783 3169 3142 3226 conservant,
3179 3158 3408 3215 eosdem
3446 3171 3605 3228 prope

334 3263 460 3303 eum
504 3249 616 3305 illis
659 3251 899 3305 honores
943 3250 1284 3320 percipiens,
1320 3251 1644 3330 deduceret.
1712 3274 1732 3306 ι
1805 3256 2118 3326 Tlteulogus
2186 3257 2412 3326 quidem
2479 3258 2615 3319 hate,
2645 3267 2701 3312 et
2735 3257 2840 3311 alia
2881 3256 3062 3326 plura,
3089 3257 3144 3310 in
3179 3253 3481 3310 lnvectivis
3512 3269 3605 3323 pro

284 3332 285 3335 “
333 3341 662 3398 Constantio
691 3343 829 3398 dicit
865 3360 878 3397 :
923 3358 993 3396 ne
1029 3344 1085 3397 in
1122 3344 1248 3398 aliis
1290 3345 1513 3413 quidem
1563 3348 1912 3404 orationibus
1955 3352 2071 3404 suis
2143 3351 2471 3419 pravitatem
2503 3350 2607 3416 illi,
2667 3353 2762 3404 sed
2798 3348 3210 3420 simplicitatem
3237 3348 3426 3417 potius
3447 3362 3602 3416 quam

335 3436 622 3491 levitatem
671 3439 943 3517 tribuens.
989 3440 1098 3494 Alii
1155 3454 1286 3495 vero
1335 3440 1582 3494 historici
1633 3457 1760 3496 eum
1803 3459 1913 3497 non
1957 3454 2107 3499 recta
2145 3445 2201 3498 in
2271 3447 2540 3517 religione
2571 3444 2850 3500 sententia
2919 3445 3093 3500 fuisse
3129 3442 3374 3514 produnt
3404 3464 3416 3493 ;
3445 3440 3608 3511 809

335 3531 391 3584 in
425 3530 630 3601 quibus
658 3541 744 3586 cst
776 3541 832 3586 et
861 3507 1247 3588 Theodoretus
1289 3533 1416 3604 Cyri
1451 3533 1767 3604 episcopus.
1813 3535 1920 3604 Ego
1955 3553 2089 3592 vero
2158 3541 2346 3610 potius
2379 3507 2816 3612 propugnatoris
2891 3555 3037 3596 verte
3083 3538 3308 3610 pietatis
3357 3537 3606 3610 Gregorii

339 3630 527 3700 magni
560 3628 952 3683 auctoritatem
983 3643 1208 3698 sequor.
1246 3629 1380 3683 Nam
1414 3629 1638 3698 quidam
1706 3631 1955 3698 tradunt,
2000 3635 2227 3691 minime
2299 3637 2618 3692 mirandum
2649 3653 2796 3705 esse,
2829 3637 2874 3693 si
2916 3639 2969 3692 in
2996 3638 3224 3708 reliquis
3260 3637 3608 3691 orationibus

350 3725 509 3778 illum
536 3722 736 3777 leviter
759 3719 1159 3790 perstringeus,
1194 3721 1248 3776 in
1299 3720 1611 3788 Invectivis,
1676 3724 1986 3794 magniﬁcis
2027 3744 2262 3798 prorsus
2317 3738 2548 3786 exornet
2603 3730 2882 3786 laudibus.
2940 3731 3212 3787 Ardorem
3259 3731 3438 3794 enim,
3502 3746 3608 3801 quo

335 3820 607 3874 adversus
640 3816 930 3888 religionis
965 3819 1311 3873 desertorem
1362 3818 1626 3874 incitatus
1717 3820 1841 3886 luit,
1919 3824 1990 3877 ita
2035 3825 2357 3883 immutasse
2395 3827 2575 3882 virum
2621 3843 2879 3897 magnum
2917 3827 3130 3893 dicunt,
3182 3834 3243 3880 ut
3279 3829 3500 3881 amicus
3534 3823 3608 3879 illi

337 3913 758 3983 benevolusque
791 3928 1021 3982 prorsus
1057 3913 1234 3970 factus
1277 3916 1369 3980 sit,
1413 3917 1508 3986 qui
1537 3931 1649 3971 non
1682 3918 1915 3984 malitia,
1956 3921 2050 3976 sed
2094 3925 2452 3994 simplicitate
2480 3937 2606 3993 gres
2673 3936 2899 3982 nostras
2923 3926 3269 3997 aliquantum
3313 3924 3610 3994 perturba-

335 4011 430 4065 rit.
473 4006 580 4073 Qui
635 4015 690 4061 ct
741 4007 896 4060 illum
935 4006 1110 4060 sancti
1141 4007 1260 4078 ejus
1293 4009 1466 4078 patris
1500 4024 1709 4063 morem
1742 4009 1911 4066 fuisse
1951 4015 2167 4081 volunt,
2194 4027 2254 4072 ut
2320 4017 2678 4086 gravissimas
2699 4022 2866 4072 etiam
2894 4020 2977 4074 eis
3002 4034 3175 4074 noxas
3234 4019 3607 4085 condonaret,

338 4102 436 4174 qui
485 4114 580 4154 eas
633 4099 944 4170 ignorantia
993 4112 1048 4155 et
1093 4100 1248 4170 lapsu
1300 4099 1487 4170 aliquo
1535 4101 1913 4158 admisissent.
1953 4103 2111 4171 Quod
2163 4123 2263 4178 ego
2296 4107 2522 4178 quidem
2594 4110 2797 4164 rationi
2829 4125 3134 4166 consonum
3166 4124 3293 4165 esse
3324 4111 3608 4166 dixerim:

334 4199 390 4250 in
428 4190 594 4245 rebus
627 4201 812 4246 autem
851 4193 1073 4262 pietatis
1120 4200 1326 4246 nostra:
1389 4190 1689 4262 gratiﬁcari
1756 4198 2012 4266 cuiquam
2051 4200 2294 4256 voluisse
2351 4211 2566 4256 tantum
2615 4201 2878 4258 Ecclesia:
2927 4204 3211 4257 doctorem
3269 4205 3609 4274 negaverim.

334 4281 445 4338 lies
473 4283 784 4340 Constantii
815 4285 897 4341 sic
941 4301 1001 4342 se
1036 4284 1307 4341 habuere.
1346 4285 1598 4341 Mortuus
1628 4287 1776 4346 enim
1805 4299 1911 4356 cst,
1953 4293 2098 4347 sicut
2168 4293 2430 4361 diximus,
2470 4295 2541 4350 ad
2609 4294 2786 4365 Mopsi
2826 4297 3032 4359 fontes,
3070 4294 3239 4350 tertio
3284 4294 3613 4352 Novembris

333 4381 543 4434 mensis
587 4381 677 4434 die
717 4399 731 4434 :
777 4383 917 4436 vixit
970 4397 1150 4436 annos
1193 4382 1556 4452 quadraginta
1613 4386 1859 4453 quinque
1895 4403 1906 4440 :
1952 4387 2247 4460 imperavit
2314 4401 2504 4446 autem
2575 4393 2800 4463 triginta
2840 4401 2896 4448 et
2935 4405 3083 4459 octo,
3136 4407 3263 4447 cum
3303 4401 3460 4461 patre
3490 4389 3614 4460 qui—

334 4474 460 4526 dem
489 4474 781 4540 tredecim,
816 4476 1060 4544 reliquos
1083 4475 1276 4545 viginti
1299 4476 1545 4545 quinque
1573 4478 1748 4533 solus.
1811 4480 1961 4546 Quos
2002 4485 2226 4553 quidem
2296 4502 2475 4542 annos
2513 4503 2698 4544 nonus
2744 4489 2850 4545 iste
2893 4489 3257 4542 historiarum
3291 4485 3616 4557 complecti-

335 4581 424 4621 tur
483 4567 669 4621 liber:
719 4585 844 4622 cum
887 4586 916 4622 a
970 4571 1178 4623 mundo
1239 4570 1464 4624 condito
1534 4573 1830 4642 quinquies
1892 4576 2220 4635 millesimus
2289 4587 2727 4653 scptuagesimus
2797 4583 3076 4638 secundus
3128 4582 3252 4652 (ι),
3306 4596 3336 4634 a
3385 4579 3612 4634 Christo

331 4671 520 4718 autem
563 4671 698 4716 nato
748 4666 1174 4720 trecentesimus
1215 4669 1593 4737 sexagesimus
1645 4669 1916 4739 septimus
1955 4687 2213 4744 ageretur
2248 4691 2450 4730 annus.

405 4828 483 4902 (1)
523 4825 841 4883 Secundum
879 4831 1192 4887 neotericos
1227 4831 1390 4887 4542.
