3814 6526
227 400 318 461 43⁵1

1155 395 1759 462 ECCLESIASTIC/E
1800 394 2193 457 HISTORIEE
2236 392 2384 454 LIB.
2429 393 2500 453 Χ.

3368 381 3471 442 iis

227 515 369 566 πόλει
420 516 828 586 παιδευτηρίοις
886 516 1029 570 κιτά
1064 518 1166 587 τὴν
1207 515 1494 587 βασιλικὴν
1527 514 1790 584 ἠκροᾶτο,

1920 522 2157 565 ieratore
2188 508 2290 572 ira,
2330 506 2521 563 Gallus
2552 505 2751 561 deinde
2780 502 2977 573 Ephesi
3016 502 3086 570 (οὶ)
3121 498 3378 567 degebat,
3417 496 3471 549 in

222 603 315 664 τάς
357 601 623 670 προόδους
670 604 733 653 ὲν
777 599 987 652 εὐτελεί
1014 599 1389 667 πεποιημένος
1418 598 1498 667 τῷ
1546 599 1791 668 σχήματι

1899 600 2105 656 scholis
2140 600 2338 655 studiis
2357 612 2581 669 operam
2609 611 2815 649 navans
2846 610 2859 649 :
2909 593 3001 648 ubi
3035 593 3201 646 etiam
3230 597 3476 659 patertue

224 693 321 747 ὑπὸ
346 691 661 762 Μαρδονίου
697 690 796 744 τοῦ
820 690 1076 760 εὐνούχου
1112 691 1410 760 ἀγόμενος.
1465 689 1525 741 '0
1559 688 1662 757 μὲν
1699 682 1794 741 οὖν

1920 700 2053 745 ’τεηι
2093 693 2496 761 possessiones.
2555 689 2806 744 Julianus
2838 702 2967 741 vero
2992 681 3475 750 Constantinopoli

223 786 410 840 Δάκων
466 783 744 853 Νικοκλῆς
791 781 904 836 τῶν
960 783 1376 853 γραμματικῶν
1430 781 1605 847 λόγων
1641 779 1794 846 αὐτῷ

219 868 512 944 παιδευτὴς
542 870 611 945 ἦν
639 891 655 905 ο
679 875 785 928 ὅσα
815 875 874 928 δὲ
904 875 1006 943 τῆς
1035 875 1339 946 ῥητορικῆς
1372 870 1539 944 ἦσαν,
1567 871 1796 943 Ἑκηϐό-

223 967 328 1028 λιος
357 965 666 1031 ἐδιδάξατο.
700 965 781 1020 Τά
822 966 1174 1035 Χριστιανῶν
1199 965 1257 1019 δὲ
1285 965 1588 1034 τηνικαῦτα
1612 965 1793 1035 ήσπάο

223 1059 338 1122 Esto
374 1057 723 1129 Ἐκηδόλιος.
748 1058 864 1128 Τῆς
887 1059 943 1111 δὲ
970 1058 1231 1130 τοιαύτης
1254 1059 1600 1130 προμηθείας
1620 1059 1795 1122 αι’τιος

220 1151 247 1202 δ
275 1149 659 1213 Κωνστάντιος
683 1145 775 1219 ἦν.
816 1150 1037 1205 Ἐδεδίει
1067 1150 1180 1221 γάρ
1204 1150 1279 1219 μὴ
1303 1149 1441 1221 πρὸς
1465 1150 1798 1217 δεισιδαιμο·

221 1240 329 1293 νίαν
357 1241 608 1294 ὲκκλίνοι
654 1242 882 1313 Ἕλληνι
913 1241 1233 1313 διδασκάλῳ
1290 1243 1667 1312 χρησάμενος.
1689 1242 1798 1294 Φύ-

221 1347 351 1394 σεως
394 1331 456 1384 δὲ
486 1331 670 1403 λαχὼν
727 1335 858 1403 περὶ
899 1335 968 1387 τά
1011 1333 1312 1404 μαθήματα
1341 1335 1544 1398 δεξιᾶς,
1580 1334 1799 1396 πολλοῖς

221 1424 636 1494 συγγινόμενος,
663 1427 854 1498 φήμην
892 1423 1040 1497 εἶχεν
1064 1427 1140 1490 ῶς
1166 1428 1353 1487 ἱκανὸς
1374 1428 1459 1497 εἴη
1504 1429 1597 1481 καὶ
1622 1428 1802 1495 πράγ-

224 1528 361 1584 ματα
384 1516 617 1572 διοικεῖν
638 1531 657 1548 ⁸
676 1518 765 1571 ναὶ
796 1518 904 1589 μὴν
933 1521 1029 1573 καὶ
1055 1519 1156 1589 τὴν
1180 1520 1370 1588 κοινὴν
1391 1519 1603 1573 διέπειν
1621 1519 1800 1590 ἀρχὴν

290 1624 444 1671 ιστος
468 1605 614 1663 εἶναι
641 1610 911 1680 ἐκρίνετο.
966 1612 1122 1666 Ἐπεὶ
1155 1613 1213 1666 δὲ
1250 1614 1422 1677 πολὺς
1451 1615 1479 1666 ὀ
1514 1614 1643 1683 περὶ
1674 1612 1797 1666 τού-

220 1699 308 1752 του
347 1699 518 1769 λόγος
547 1704 792 1772 ἐκράτει,
824 1704 1011 1775 ήρέμα
1054 1708 1138 1769 εἰς
1169 1707 1421 1776 ταραχήν
1446 1705 1612 1776 ὲνῆγε
1646 1707 1802 1759 Κων-

223 1793 501 1849 στάντιον.
535 1796 729 1850 Ἔνθεν
758 1814 841 1851 τοι
877 1798 975 1852 καὶ
1004 1800 1066 1851 ὲκ
1094 1802 1196 1868 τής
1248 1802 1515 1870 μεγίστης
1549 1799 1660 1853 τῶν
1694 1801 1799 1853 πό-

1901 781 1954 835 ἰιι
1991 782 2219 837 basilica
2236 782 2504 836 docentes
2528 790 2900 851 prteeeptores
2922 776 3136 832 audivit
3162 792 3175 829 :
3207 773 3476 843 tenuique

1900 875 1953 928 in
1971 874 2194 944 publico
2221 891 2349 929 usus
2368 884 2450 930 est
2469 876 2693 935 vestitu,
2724 871 2991 927 Mardonii
3013 869 3253 925 eunuchi
3281 868 3477 921 ductu.

1900 964 2309 1020 Grammaticen
2347 981 2473 1020 eum
2507 966 2699 1021 docuit
2734 964 2988 1019 Nlcocles
3020 960 3198 1015 Lacon
3232 975 3248 1013 :
3290 959 3477 1013 rheto-

1900 1060 2053 1113 ricen
2095 1067 2281 1112 autem
2306 1055 2622 1117 Et-ebolius.
2649 1056 2743 1126 qui
2778 1065 2892 1109 tum
2917 1052 3290 1109 Christianam
3319 1066 3472 1106 com-

1902 1153 2095 1222 plexus
2122 1152 2304 1208 fuerat
2336 1153 2680 1223 religionem.
2706 1151 3033 1205 Providerat
3056 1149 3164 1203 hoc
3196 1146 3277 1202 sic
3334 1145 3491 1200 Con‘

1901 1246 2159 1310 stantius,
2214 1244 2426 1301 veritus
2464 1260 2534 1299 ne
2580 1243 2647 1298 ad
2686 1243 3163 1313 superstitionem,
3214 1241 3256 1295 si
3289 1239 3481 1294 Crit-eo

1904 1347 2151 1393 uteretur
2193 1337 2481 1408 magistro,
2530 1337 2860 1391 declinaret.
2898 1335 2964 1390 Et
3020 1350 3142 1388 enm
3169 1332 3497 1401 disciplinis

1901 1428 2199 1499 discendis
2232 1427 2499 1499 praeclaro
2547 1435 2694 1482 esset
2746 1427 2989 1497 ingenio,
3024 1435 3080 1479 et
3126 1442 3248 1481 cum
3291 1424 3483 1477 multis

1902 1498 2235 1573 lainiliarius
2295 1517 2533 1583 viveret,
2572 1517 2850 1573 celebrem
2884 1526 2970 1573 est
3021 1515 3244 1583 fatuam,
3294 1514 3358 1568 ad
3397 1529 3485 1567 res

1902 1624 2123 1680 quoque
2154 1609 2624 1664 administrandas
2652 1609 2909 1664 idoneum
2943 1625 3071 1665 eum
3099 1624 3244 1673 esse,
3284 1623 3484 1662 consc-

1904 1716 2086 1759 cutus.
2113 1703 2258 1771 Quin
2287 1712 2343 1759 et
2367 1705 2433 1757 ad
2463 1702 2758 1774 imperium
2795 1704 2973 1773 ipsum
3007 1703 3308 1774 gerendum
3338 1702 3484 1769 opti-

1907 1813 2030 1852 mus
2060 1808 2143 1854 est
2183 1796 2487 1869 judicatus.
2528 1796 2643 1864 Qua
2670 1796 2736 1851 de
2774 1812 2832 1851 re
2857 1781 2981 1852 cum
3014 1811 3301 1851 sermones
3332 1793 3485 1848 inva-

220 1884 349 1937 λεων
385 1888 535 1940 κατά
563 1889 663 1959 τὴν
692 1889 1066 1960 Νικομήδειαν
1106 1891 1316 1960 γίνεται
1336 1932 1353 1956 ,
1386 1891 1704 1954 κελευσθεὶς
1746 1891 1802 1944 δὲ

1927 1898 2198 1953 eseerent,
2232 1888 2589 1945 Constantius
2628 1900 2715 1945 est
2761 1889 3138 1961 perturbatus.
3192 1888 3384 1957 itaque
3419 1904 3489 1941 ex.

220 1978 290 2046 μὴ
339 1978 428 2050 τῷ
482 1981 639 2053 Σύρῳ
685 1987 914 2056 σοφιστῇ
958 1984 1202 2057 Λιϐανίῳ
1259 1987 1494 2058 φοιτᾷν·
1546 1985 1667 2039 τότε
1693 1984 1803 2055 γὰρ

216 2072 430 2134 ἐκεῖνος
465 2074 574 2130 ὑπὸ
628 2076 743 2129 τῶν
774 2078 1143 2147 παιδαγωγῶν
1192 2080 1292 2150 τῆς
1322 2079 1534 2141 πόλεως
1566 2077 1801 2145 ὲλαθεὶς,

216 2165 293 2227 εἰς
316 2164 429 2236 τὴν
466 2164 842 2238 Νικομήδειαν
860 2170 921 2222 τὸ
948 2170 1332 2225 διδασκαλεῖον
1363 2173 1639 2243 ἐπήγνυτο
1659 2188 1676 2204 ·
1712 2173 1806 2226 κοιλ⁵

152 2278 161 2291 ·
217 2255 357 2310 κατά
387 2256 507 2311 τῶν
536 2260 907 2330 παιδαγωγῶν
936 2263 1027 2316 τὸν
1084 2264 1241 2333 χόλον
1281 2264 1616 2329 ἑπιδεικνὺς,
1650 2262 1806 2331 λόγον

216 2347 464 2414 ἑξαίσιον
490 2352 758 2425 ἔγραφεν.
802 2356 1093 2420 Ἰουλιανὸς
1115 2358 1192 2421 δὲ,
1223 2358 1272 2410 εί
1295 2359 1392 2411 καὶ
1418 2358 1508 2411 διά
1536 2358 1634 2428 τὴν
1668 2356 1808 2429 θρηο

218 2442 412 2496 σκείαν
445 2445 653 2516 ἥκιστα
685 2448 840 2519 παρά
867 2450 946 2521 τῷ
981 2449 1228 2522 Διδανίῳ
1261 2451 1452 2522 φοιτᾷν
1501 2450 1806 2518 ἐκελεύετο,

214 2537 367 2606 ὅμως
391 2543 480 2604 είς
504 2542 676 2611 ἀκρον
700 2543 869 2597 αὐτοῦ
892 2546 1210 2612 συντακεὶς,
1234 2546 1420 2616 κρύφα
1449 2548 1574 2610 τοὺς
1599 2547 1806 2600 ἐκείνου

217 2625 414 2694 λόγους
441 2630 718 2699 συνάγων,
745 2633 932 2688 πᾶσαν
977 2636 1221 2689 ἐποιεῖτο
1271 2635 1512 2707 σπουδὴν
1554 2639 1808 2707 ικμιμεῖο

216 2717 366 2773 σθαι.
409 2720 506 2776 Ἐν
530 2723 711 2793 τούτῳ
735 2723 793 2777 δὲ
835 2723 1084 2794 Μάξιμος
1110 2728 1139 2779 6
1163 2726 1477 2797 φιλόσοφος,
1514 2726 1613 2796 οὐχ
1638 2729 1665 2780 δ
1702 2727 1809 2779 Βυ-

216 2810 468 2879 ξάντως.
503 2814 622 2866 ἀλλ’
647 2815 705 2878 ὃς
747 2817 988 2887 Ἔφεσον
1045 2816 1162 2889 εἶχε
1195 2820 1455 2889 πατρίδα,
1479 2819 1536 2873 ὃν
1563 2820 1619 2882 ἐς
1656 2817 1811 2873 ὕστεφ

222 2919 316 2973 ρον
358 2906 768 2972 asumma;
826 2913 1196 2980 μαγγανείαις
1234 2912 1434 2968 ἁλόντα
1470 2912 1671 2979 ἀνεῖλε,
1722 2912 1812 2966 διά

220 2993 424 3066 φήμην
459 2995 755 3051 Ἰουλιανοῦ
783 3002 928 3053 κατά
956 3000 1054 3069 τὴν
1088 3002 1460 3072 Νικομήδειαν
1489 3002 1730 3073 ἔρχεται,
1750 2997 1811 3058 οὗ

214 3085 327 3138 τῶν
362 3086 687 3157 φιλοσόφων
720 3090 896 3159 λόγων
951 3093 1235 3164 ἀκροατής
1276 3093 1543 3163 γεγονὼς.
1595 3094 1811 3163 καὶτῆς

218 3177 448 3233 ἐκείνου
483 3180 785 3252 θρησκείας
823 3185 1063 3256 δραστης
1094 3186 1363 3256 διάπυρος
1385 3185 1476 3259 ἦν.
1500 3188 1734 3255 Λέγεται
1763 3188 1809 3241 δ’

215 3267 311 3326 οὖν
348 3275 570 3329 ἀκεῖνον
597 3280 693 3329 καὶ
716 3280 797 3342 είς
821 3278 914 3332 τὸν
938 3302 939 3305 η
964 3279 1061 3350 τῆς
1090 3279 1269 3350 ἀρχῆς
1302 3280 1482 3349 ἔρωτα
1512 3280 1812 3353 διερεθίσαι

213 3364 421 3420 τοῦτον
462 3368 524 3420 οὗ
552 3369 776 3440 μέτρια,
832 3372 1068 3444 μαντείᾳ
1098 3373 1161 3425 τὸ
1210 3373 1618 3445 θρυλλούμενον
1669 3393 1811 3446 μυη-

214 3459 419 3525 θέντα,
476 3463 571 3516 καὶ
624 3464 709 3527 είς
752 3466 911 3533 μῖσος
964 3467 1159 3519 ἱλάσαι
1213 3466 1310 3522 τοῦ
1347 3468 1811 3539 Χριστιανισμοῦ.

228 3554 403 3609 Ἐπεὶ
428 3554 489 3607 ει
517 3558 692 3609 ταῦτα
733 3558 922 3612 λαθεῖν
950 3560 1053 3614 οὐκ
1101 3555 1172 3631 ἦν
1200 3561 1294 3613 τὸν
1323 3561 1728 3625 Κωνστάντιον,
1758 3563 1817 3614 ὲν

216 3648 467 3720 ὑπονοίᾳ
518 3650 811 3721 γενόμενος
860 3653 1163 3726 δυσχερῶν,
1188 3657 1289 3709 καὶ
1323 3657 1442 3717 ταῖς
1470 3654 1679 3718 αίσίαις
1707 3655 1819 3709 τῶν

218 3740 473 3797 ἐλπίδων
506 3744 879 3819 βουκοληθεὶς,
923 3747 993 3801 τὰ
1043 3748 1293 3818 μοναχῶν
1334 3747 1577 3818 ὑπῆλθεν
1609 3749 1666 3802 ἑν
1700 3746 1819 3817 χρῷ

218 3836 571 3906 κειράμενος
598 3854 611 3868 ·
642 3840 738 3891 καὶ
774 3839 834 3892 ὃν
871 3842 997 3903 ταῖς
1024 3839 1307 3911 ἀληθείαις
1351 3841 1619 3911 πρότερον
1640 3841 1819 3910 ήσπά-

218 3929 359 3992 ζετο
390 3929 844 4002 Χριστιανισμὸν,
873 3933 996 3987 τότε
1030 3933 1285 3997 πλαστῶς
1335 3931 1525 4005 μετῄει
1549 3949 1567 3965 ο
1597 3935 1693 3986 καὶ
1720 3932 1818 3986 λά-

219 4023 335 4093 θρα.
364 4022 458 4077 τὸν
484 4024 781 4093 φιλόσοφον
810 4027 1037 4096 ἠσκεῖτο
1070 4027 1230 4095 λόγον
1252 4042 1266 4057 ·
1295 4026 1372 4097 τῷ
1402 4026 1462 4079 δὲ
1502 4026 1817 4097 φαινομένῳ

218 4117 320 4171 τὸν
345 4115 446 4170 τοῦ
472 4118 826 4185 ἀναγνώστου
850 4118 1063 4189 βαθμὸν
1091 4118 1362 4181 ὑπελθὼν,
1392 4117 1462 4171 τὰ
1484 4119 1609 4189 ίερά
1629 4116 1818 4190 Γράμ·

224 4226 387 4273 ματα
449 4211 855 4278 ἀνεγίνωσκεν·
912 4212 1164 4265 ἐντεῦθεν
1213 4210 1314 4283 τὴν
1367 4211 1489 4265 κατ’
1525 4209 1689 4263 αὑτοῦ
1720 4209 1816 4265 τοῦ

221 4301 580 4372 κρατοῦντος
660 4304 1010 4357 ἀναστέλλων
1069 4303 1346 4361 ὑπόνοιαν.
1420 4302 1579 4357 Ἐπεὶ
1628 4300 1685 4357 εξ
1741 4302 1819 4374 τῷ

220 4394 418 4463 χρόνῳ
452 4394 720 4464 προῆκεν,
750 4395 802 4446 εί
832 4393 1052 4458 τίςὲστι
1078 4395 1242 4466 τέχνη
1267 4394 1328 4446 τὸ
1365 4394 1561 4464 μέλλον
1589 4394 1817 4448 ἐπιστα-

228 4487 405 4556 μένη,
459 4485 822 4557 διηρευνᾶτο’
885 4488 980 4540 καὶ
1032 4486 1341 4555 ἀναγκαίαν
1391 4487 1631 4540 ἐποιεῖτο
1687 4487 1821 4557 περὶ

1907 1982 2045 2038 urbe
2094 1981 2331 2037 maxima
2369 1985 2445 2054 (3)
2492 1982 2874 2038 Nicomediam
2911 1981 3208 2036 translatus
3236 1990 3357 2035 est:
3393 1980 3487 2035 ubi

1910 2091 1977 2129 ne
2012 2075 2077 2130 ad
2139 2074 2435 2131 Libanium
2492 2077 2693 2149 Syrum
2752 2076 3054 2147 suphistam
3101 2078 3228 2140 iret,
3288 2074 3341 2131 ei
3404 2084 3490 2130 est

1907 2165 2294 2223 interdictum.
2330 2169 2407 2223 Eo
2434 2167 2584 2223 enim
2619 2178 2874 2240 tempore
2922 2185 2952 2224 a
3007 2169 3316 2240 pzrdagOgis
3354 2168 3490 2222 urbe

1906 2261 2521 2332 Constantinopolitana
2555 2248 2819 2335 eitpulsns
2854 2262 2968 2326 ille,
3012 2260 3350 2316 Nicomediae
3407 2261 3494 2315 lu-

1907 2355 2039 2410 dum
2057 2364 2371 2425 aperuerat,
2398 2356 2489 2411 ubi
2515 2355 2786 2412 adversus
2802 2356 3125 2427 paedagogos
3141 2354 3493 2409 stomachum

1909 2450 2233 2515 ostendens,
2270 2450 2582 2506 orationem
2636 2458 2829 2505 contra
2863 2465 2960 2505 eos
2994 2450 3317 2519 prceclaram
3351 2464 3491 2501 con-

1911 2543 2156 2615 scripsit.
2181 2542 2438 2599 Julianus
2462 2560 2609 2607 cum,
2642 2553 2866 2614 propter
2892 2543 3242 2613 religionem,
3268 2542 3495 2596 Libanii

1910 2634 2372 2690 consuetudinem
2401 2635 2592 2706 fugere
2641 2635 2830 2707 jussus
2858 2634 3075 2698 fuisset,
3132 2634 3279 2705 quod
3310 2645 3493 2688 tamen

1912 2741 2129 2780 summo
2160 2725 2208 2780 ei
2249 2726 2418 2781 animi
2478 2727 2861 2782 benevolentia
2937 2726 3267 2799 conjunctns
3324 2738 3496 2793 esset,

1913 2820 2051 2875 clam
2085 2818 2257 2873 libros
2276 2819 2398 2891 ejus
2426 2818 2787 2889 comparavit,
2818 2834 3025 2888 eosque
3052 2819 3347 2888 diligenter
3375 2817 3499 2871 imi-

1915 2913 2019 2967 tari
2055 2912 2290 2968 studuit.
2348 2912 2560 2968 Interea
2606 2911 2873 2967 Maximus
2932 2910 3321 2982 philosophus,
3385 2927 3495 2965 non

1915 3008 2208 3079 Byzantius
2233 3006 2345 3071 ille,
2375 3007 2432 3079 8
2462 3006 2558 3060 sed
2590 3005 2681 3077 qui
2715 3005 2992 3077 Ephesum
3019 3005 3249 3075 patriam
3277 3004 3494 3068 habuit,

1914 3108 1966 3153 et
2000 3107 2191 3166 postea
2220 3113 2250 3152 a
2278 3097 2669 3153 Valentiniano
2692 3098 3022 3168 magiearum
3060 3096 3501 3164 imposturarmn

1840 3225 1882 3279 ο
1917 3189 2223 3257 convictus,
2249 3205 2425 3245 czesus
2452 3200 2555 3256 est,
2589 3188 2790 3245 Juliani
2836 3188 2979 3244 lama
3007 3197 3291 3262 permotus
3337 3187 3499 3242 Nico-

1921 3282 2156 3338 mediam
2190 3283 2379 3339 venit:
2416 3283 2575 3353 cujus
2603 3299 2726 3337 cum
2764 3284 2818 3337 in
2858 3280 3209 3353 philosophia
3247 3280 3492 3338 auditor,

1920 3372 2031 3431 tum
2070 3378 2236 3431 etiam
2272 3376 2328 3430 in
2363 3375 2760 3446 superstitione
2808 3374 3054 3429 imitator
3086 3383 3255 3445 atque
3287 3380 3502 3425 amator

1918 3470 2222 3524 acerrimus
2252 3468 2370 3524 fuit.
2418 3467 2516 3524 llic
2547 3466 2698 3523 illum
2744 3467 2949 3523 dicitur
3004 3483 3111 3522 non
3146 3464 3502 3520 mediocriter

1919 3559 1985 3616 ad
2007 3561 2311 3632 imperandi
2349 3561 2635 3616 libidinem
2664 3560 2959 3624 excitasse,
2998 3574 3121 3615 cum
3149 3558 3312 3614 sicuti
3355 3558 3499 3611 fama

1920 3657 2202 3729 vulgatum
2233 3663 2339 3718 est,
2370 3653 2671 3709 ariolorum
2704 3652 2880 3708 sacris
2912 3650 3195 3705 initiatum
3222 3650 3501 3706 instituis-

1920 3762 2022 3816 set,
2051 3760 2106 3804 et
2135 3750 2201 3804 ad
2228 3745 2636 3803 Christianismi
2667 3745 2856 3800 odium
2909 3744 3280 3815 produxisset.
3341 3741 3499 3811 Quod

1920 3844 2049 3915 quia
2077 3840 2463 3898 Constantium
2512 3839 2683 3894 latere
2717 3854 2824 3893 non
2878 3837 3081 3908 potuit,
3143 3837 3199 3891 in
3247 3835 3498 3907 gravium

1923 3952 2108 3991 rerum
2143 3931 2514 4004 suspicionem
2562 3929 2778 3984 incidit.
2833 3928 2898 3981 Et
2946 3944 3040 3998 spe
3072 3926 3237 3982 simul
3302 3942 3388 3992 ea,
3444 3926 3498 3978 in

1924 4043 2086 4100 quam
2115 4025 2309 4081 faustis
2334 4024 2580 4096 auguriis
2612 4034 2831 4079 erectus
2863 4030 3007 4083 erat.
3064 4020 3359 4079 adductus.
3410 4034 3503 4072 ca-

1924 4124 2035 4194 pite
2068 4131 2228 4177 tonso
2262 4119 2569 4175 monachus
2605 4117 2781 4171 iactus
2810 4125 2919 4171 est.
2946 4114 3020 4168 Ita
3064 4114 3181 4179 ille,
3210 4129 3375 4185 quem
3406 4128 3505 4166 an-

1927 4229 2012 4271 tea
2043 4228 2235 4269 revera
2271 4219 2577 4281 receperat,
2611 4226 2736 4265 eum
2772 4218 2887 4264 tum
2950 4208 3085 4262 falso
3118 4202 3229 4276 prie
3282 4221 3341 4260 se
3377 4207 3502 4260 tulit

1924 4306 2429 4364 Christianismum.
2481 4303 2552 4359 Et
2604 4302 2821 4357 occulte
2875 4300 3238 4370 philosophia
3277 4314 3502 4369 cperant

1927 4401 2117 4457 dedit:
2153 4409 2345 4470 aperte
2384 4407 2567 4453 autem
2605 4395 2659 4451 in
2685 4395 2954 4451 lectorum
2998 4390 3332 4449 Nicomediae
3357 4391 3509 4445 ordi-

1929 4510 2051 4548 nem
2077 4493 2273 4559 lectus,
2308 4506 2492 4547 sacras
2514 4489 2647 4561 legit
2670 4487 2925 4544 Litteras.
2954 4488 3072 4555 Qua
3107 4503 3164 4541 re
3194 4501 3313 4540 eam
3344 4499 3507 4555 qttant

223 4583 438 4635 τούτου
462 4580 720 4651 σπουδήν.
747 4582 846 4635 Διά
878 4600 958 4635 τοι
981 4583 1077 4636 καὶ
1106 4580 1160 4635 εί
1182 4580 1286 4634 πού
1322 4598 1446 4635 τινα
1476 4578 1638 4650 ἔγνω,
1666 4579 1802 4650 φίλοι

1929 4592 1994 4643 de
2024 4588 2115 4643 illo
2138 4588 2438 4652 imperator
2466 4592 2816 4656 conceperat,
2851 4585 3222 4653 suspicionem
3245 4579 3507 4635 abolevit.

229 4676 408 4737 εὐθὺς
476 4677 735 4729 ἐποιεῖτο.
800 4677 1016 4746 Ἥρίμα
1068 4676 1125 4729 δέ
1168 4691 1285 4734 πως
1329 4675 1425 4728 καὶ
1465 4674 1680 4738 πολλοῖς
1710 4673 1821 4727 τῶν

227 4768 498 4840 ἑταίρων,
539 4769 631 4821 τὸν
666 4768 868 4821 σκοπὸν
896 4767 1209 4822 ὲκοινοῦτο’
1261 4771 1357 4824 κοιι¹
1400 4768 1513 4821 τότ’
1544 4767 1820 4822 ἐνευδοκι-

232 4865 444 4934 μήσειν
469 4862 569 4926 τάς
601 4861 789 4925 πόλεις
813 4859 1122 4930 ὲφοίδαζεν,
1148 4860 1299 4930 ἡνίκ’
1321 4859 1387 4914 ἂν
1413 4861 1575 4923 αὐτὸς
1600 4861 1692 4914 ἐπὶ
1713 4862 1824 4914 τῶν

226 4957 381 5011 ὅλων
410 4956 476 5029 δὴ
528 4953 865 5026 κατασταίη.
900 4956 1001 5008 Διά
1028 4957 1188 5008 τοῦτο
1220 4956 1318 5025 τὴν
1367 4953 1717 5024 Νικομήδους
1746 4952 1827 5007 λι-

229 5050 383 5116 πὼν,
423 5052 502 5113 είς
534 5048 723 5102 ’Δςίαν
743 5044 887 5119 εἷχε’
919 5048 1014 5101 καὶ
1043 5051 1155 5112 τοῖς
1178 5046 1444 5111 τοιούτοις
1475 5049 1824 5116 συγγεγονὼς

228 5146 355 5198 τῶν
379 5143 612 5215 ἀνδρῶν,
675 5143 879 5215 μᾶλλον
923 5143 1063 5214 πρὸς
1113 5144 1345 5196 τοιαῦτα
1371 5144 1681 5215 ὲπέρῤωτο.
1714 5140 1823 5195 Τοῦ

230 5239 300 5293 δὲ
328 5235 559 5306 ἀδελφοῦ
595 5235 765 5290 αὑτοῦ
814 5234 1022 5290 Γάλλου
1067 5234 1347 5307 Καίσαρος
1385 5235 1822 5305 ἀναδειχθέντος,

233 5332 341 5385 καὶ
370 5330 718 5400 νεωτερίζειν
747 5327 1239 5398 καταγγελθέντος,
1296 5330 1353 5379 ὲν
1390 5328 1671 5390 ὑπονοίαις
1729 5326 1824 5379 καὶ

232 5418 399 5488 οὗτος
432 5424 730 5494 γενόμενος
761 5423 836 5485 ὼς
859 5423 967 5493 ἄρα
1006 5420 1280 5494 βασιλειᾷ,
1312 5422 1417 5474 ὑπὸ
1459 5422 1705 5491 φρουρὰν
1732 5439 1826 5491 γε-

236 5517 441 5587 γονὼς,
467 5519 537 5589 τῇ
563 5517 785 5587 γαμετῇ
820 5515 1205 5571 Κωνσταντίου
1239 5514 1480 5586 Eustaqu
1512 5515 1653 5586 μέσῃ
1683 5532 1823 5585 χρη-

322 5678 398 5752 (2)
438 5679 653 5752 Gallum
695 5679 756 5752 in
800 5678 977 5752 lonia,
1029 5676 1253 5749 Ephesi,
1302 5677 1394 5752 u_bi
1449 5676 1829 5752 possessiones

240 5748 505 5819 paternas
538 5750 765 5815 habuit;
795 5748 1085 5804 Jul'anutn’
1105 5759 1287 5804 autent
1318 5748 1824 5819 Constantinopoli,

244 5818 355 5873 Sub
386 5822 665 5888 magistris
700 5832 756 5875 et
798 5820 1234 5889 praeceptoribus
1264 5832 1561 5886 tttrumque
1600 5818 1824 5869 doettttn

248 5901 416 5962 atque
445 5895 740 5948 educatum
788 5888 909 5947 esse
942 5892 1209 5946 scribunt.
1246 5890 1526 5944 lulianum
1569 5890 1621 5941 in
1658 5888 1824 5941 lecto-

1928 4680 2138 4736 Deinde
2170 4696 2299 4735 vero
2330 4695 2397 4735 eo
2424 4685 2509 4735 est
2540 4687 2857 4749 provectus,
2884 4685 2945 4730 ut
2986 4674 3032 4730 si
3066 4689 3189 4744 qua:
3215 4688 3307 4727 ars
3355 4678 3507 4727 esset

1931 4791 2113 4829 rerum
2147 4773 2459 4828 futurarum
2489 4770 2808 4832 divinatrix,
2841 4777 3213 4827 scrutaretur,
3240 4778 3508 4817 necessa—

1932 4864 2124 4937 rioque
2153 4876 2272 4916 eam
2302 4860 2408 4916 sibi
2440 4860 2760 4915 discendam
2797 4874 2919 4912 eSse
2968 4864 3205 4924 putaret.
3244 4852 3501 4922 Protiter-

1929 4974 1995 5012 ea
2048 4955 2091 5010 si
2127 4970 2287 5025 quem
2321 4955 2441 5024 ejus
2504 4956 2582 5009 rei
2623 4952 2931 5008 studiosum
2998 4946 3276 5017 cognovit,
3324 4943 3511 4997 statim

1928 5067 2053 5108 eum
2073 5048 2178 5105 sibi
2212 5047 2454 5103 anticum
2482 5046 2627 5101 fecit.
2676 5043 2744 5099 Et
2772 5039 3038 5116 paulatim
3071 5053 3195 5092 cum
3226 5035 3507 5106 plerisque

1929 5159 2157 5201 suorum
2198 5141 2471 5197 sodalium
2514 5137 2804 5194 consilium
2847 5149 3009 5192 suum
3059 5128 3509 5186 communicavit.

1929 5236 1997 5290 Et
2030 5243 2142 5290 tum
2176 5233 2401 5289 demum
2444 5231 2611 5286 urbes
2632 5228 2809 5300 gloria
2842 5226 3104 5280 ﬂorentes
3146 5222 3287 5285 fore,
3347 5219 3506 5291 quasi

1929 5328 2185 5383 divinans
2238 5323 2512 5397 przedixit,
2542 5336 2665 5376 cum
2718 5319 2833 5390 ipse
2884 5317 2950 5370 ad
3001 5328 3185 5369 rerum
3232 5325 3505 5367 summam

1930 5419 2266 5492 perveniret.
2294 5417 2378 5473 Ob
2405 5431 2570 5485 quam
2602 5427 2825 5469 causam
2862 5410 3028 5465 etiam
3063 5404 3387 5463 Nicomedia
3414 5419 3505 5457 rc-

1930 5521 2077 5576 ltcta.
2110 5515 2295 5567 Asiam
2333 5511 2530 5581 petiit:
2595 5518 2651 5563 et
2719 5521 2845 5561 cum
2892 5500 3162 5575 ejusmodi
3216 5498 3506 5554 hominum

1932 5690 2054 5730 rum
2086 5672 2337 5730 ordinem
2365 5677 2681 5739 cooptatum
2713 5681 2858 5739 esse,
2888 5675 2945 5719 et
2972 5665 3026 5720 in
3054 5660 3303 5739 publicis
3324 5658 3515 5739 Eoi-le-

1930 5749 2025 5800 sia:
2082 5731 2487 5798 conventibns'
2521 5755 2711 5795 saeros
2764 5737 2961 5792 Libros
3020 5733 3227 5806 populo
3288 5731 3512 5799 legisse,

1931 5816 2312 5871 'i‘heodm'etus
2345 5811 2482 5866 dicit
2506 5810 2604 5866 lib.
2639 5827 2721 5872 ιιι,
2754 5825 2873 5877 cap.
2903 5809 2956 5862 τὶ.

2006 5889 2079 5957 l5)
2123 5886 2214 5938 Ἐκ
2245 5886 2336 5953 τῆς
2380 5871 3009 5952 μεγα>.ἰπό>.εω;.’5υυι’.
3043 5878 3138 5931 lib.
3184 5892 3262 5939 ιιι,
3302 5891 3420 5943 cap.
3461 5871 3508 5926 i.
