3870 6594
387 384 492 445 439

1616 386 2039 453 NICEPHORI
2074 395 2422 457 CALLISTI

3515 398 3614 462 440

384 511 587 567 genere
636 512 762 552 cum
807 496 880 550 ibi
916 494 1247 551 familiarius
1275 496 1523 562 .viveret,
1572 498 1745 569 magis
1798 509 1962 570 atque

2072 504 2325 574 σάμενος,
2357 507 2438 571 είς
2467 505 2697 577 Ἀθήνας
2734 505 3109 578 παρεπέμφθη
3150 507 3475 577 φιλοσοφεῖν.
3511 512 3614 565 Καὶ

383 591 561 662 magis
582 605 768 647 rerum
793 592 983 645 talium
1004 590 1247 646 studium
1275 591 1328 645 in
1357 607 1425 647 eo
1445 598 1528 647 est
1549 591 1959 663 confirmatum.

381 686 557 741 Porro
588 683 680 741 ubi
715 682 885 738 frater
933 683 1054 753 ejus
1092 683 1281 738 Gallus
1332 681 1514 738 Caesar
1549 684 1748 750 factus,
1778 694 1836 740 et
1871 700 1961 740 res

380 795 505 835 eum
541 793 713 834 novas
754 777 933 831 moliri
971 777 1281 832 nuntiatum
1315 786 1422 840 est,
1461 786 1515 831 et
1581 776 1672 831 hic
1719 776 1958 834 aﬂ‘ectati

380 869 599 940 imperii
635 876 926 938 suspectus
973 865 1094 930 fuit,
1125 875 1179 920 et
1210 876 1497 936 propterea
1546 865 1649 920 sub
1698 866 1954 921 custodia

380 962 603 1018 habitus
618 970 722 1016 est.
745 958 1015 1016 Caeterum
1044 974 1168 1014 cum
1203 973 1302 1028 pro
1332 973 1402 1013 eo
1426 957 1660 1012 Eusebia
1682 956 1957 1013 Constan-

379 1055 441 1110 tii
465 1070 601 1109 uxor
631 1064 848 1124 precata
879 1064 1045 1115 esset.
1078 1053 1319 1108 Athenas
1349 1050 1415 1106 ad
1468 1050 1836 1121 philosophos
1869 1062 1956 1105 est

378 1151 602 1202 missus.
636 1146 704 1200 Et
741 1144 889 1200 hunc
919 1145 1144 1215 quidem
1175 1142 1535 1215 profectionis
1557 1143 1678 1214 ejus
1700 1141 1956 1198 obtendit

377 1246 729 1307 praetextum,
760 1238 911 1292 velut
965 1234 1170 1291 Graecis
1227 1235 1301 1290 ibi
1354 1232 1665 1303 disciplinis
1727 1247 1951 1303 operam

378 1341 680 1385 navaturus
703 1337 873 1386 esset.
907 1328 1013 1384 Res
1046 1337 1232 1383 autem
1257 1328 1372 1398 ipsa
1408 1335 1549 1391 erat,
1581 1334 1641 1379 ut
1662 1325 1732 1381 de
1764 1324 1955 1388 rebus,

376 1438 516 1491 quas
590 1422 695 1476 sibi
738 1419 1152 1491 persequendas
1204 1427 1492 1483 statuerat,
1529 1432 1652 1473 cum
1692 1417 1955 1487 imposto—

377 1512 533 1568 ribus
568 1520 753 1583 ageret
813 1513 1007 1582 magis.
1062 1518 1242 1583 Atque
1305 1511 1535 1567 Athenis
1588 1518 1774 1581 agens,
1844 1522 1951 1563 una

378 1619 503 1659 cum
543 1603 743 1658 Basilio
768 1613 824 1659 et
859 1603 1127 1673 Gregorio
1180 1603 1396 1659 scholas
1425 1601 1821 1673 frequentavit:
1858 1599 1953 1671 qui

376 1713 443 1752 ex
473 1696 695 1752 indiciis
721 1697 1049 1765 quibusdam
1079 1696 1320 1750 abditam
1354 1696 1597 1751 hominis
1636 1693 1954 1765 improbita-

381 1798 492 1847 tem
523 1790 725 1844 mentis
746 1789 923 1844 oculis
943 1789 1452 1860 deprehenderunt.
1476 1788 1538 1844 Et
1567 1786 1949 1848 Constantius,

2064 595 2131 648 τὸ
2160 596 2259 664 μὲν
2288 598 2567 668 προφανὲς
2594 600 2627 669 ή
2660 599 2772 654 τῶν
2831 598 3161 669 Ἑλληνικῶν
3197 599 3520 669 μαθημάτων
3548 597 3621 670 ἦν

2068 687 2310 755 παιδεία,
2330 688 2391 742 τὸ
2416 689 2464 744 δ’
2492 690 2715 761 ἀληθὲς,
2751 692 2829 756 ὡς
2856 691 2923 745 ἂν
2957 692 3086 762 περὶ
3124 691 3234 745 τῶν
3256 691 3396 745 κατὰ
3431 695 3621 747 σκοπὸν

2063 780 2177 841 τοῖς
2212 781 2391 834 ἐκεῖσε
2429 783 2768 853 συγγένηται
2815 783 3030 852 γόησιν.
3082 782 3262 836 Ὅπου
3315 782 3377 852 δὴ
3405 782 3619 851 διάγων,

2065 871 2331 943 Βασιλείῳ
2387 875 2488 928 καὶ
2513 875 2803 946 Γρηγορίῳ
2855 875 3074 945 σύναμα
3101 876 3211 937 τοῖς
3241 873 3625 939 διδασκαλείοις

2061 963 2253 1032 ἐφοίτα
2276 978 2290 993 ·
2321 964 2372 1017 οἳ
2407 965 2663 1036 σημείοις
2687 967 2751 1037 δή
2787 984 2898 1021 τισι
2946 968 3046 1035 τὴν
3075 965 3429 1035 οἰκουροῦσαν
3449 967 3627 1036 τάνδρὶ

2061 1057 2263 1110 κακίαν
2292 1057 2510 1127 ὄμμασι
2569 1058 2814 1122 διανοίας
2866 1057 3185 1127 ἐφώρασαν.
3224 1058 3508 1122 Κάκεῖθεν,
3536 1059 3626 1113 ίνα

2060 1147 2300 1202 συνελὼν
2339 1149 2504 1213 εἴπω,
2534 1151 2921 1212 Κωνστάντιος
2954 1150 3470 1221 μεταστειλάμενος,
3496 1150 3627 1201 Καί-

2059 1254 2201 1309 στρα
2230 1238 2405 1292 ἐποίει
2435 1255 2449 1270 ·
2481 1239 2579 1295 καὶ
2595 1239 2693 1312 τὴν
2729 1240 2972 1311 ἀδελφὴν
3017 1240 3403 1294 Κωνσταντίαν
3442 1238 3626 1304 συζεύ-

2057 1330 2153 1397 ξας
2175 1332 2397 1402 ἐκείνῳ,
2422 1333 2516 1386 ἐπὶ
2545 1334 2646 1396 τὰς
2684 1334 2977 1405 ἑσπερίους
3008 1333 3245 1396 Γαλλίας
3270 1331 3500 1388 ἔστελλε.
3552 1332 3627 1386 Τδ

2056 1421 2167 1490 γὰρ
2207 1422 2600 1492 μισθοφορικὸν
2631 1423 2658 1477 δ
2686 1424 2833 1479 κατὰ
2879 1424 2993 1478 τῶν
3040 1423 3321 1496 ἐσπερίων
3355 1426 3627 1494 τυράννων

2055 1512 2401 1581 Μαγνεντίου
2444 1517 2537 1569 καὶ
2568 1517 2975 1585 Βρεττανίωνος
3022 1509 3264 1587 ἐπήγετο
3285 1518 3316 1570 δ
3349 1516 3630 1570 Κωνστάν-

2054 1618 2188 1667 τιος,
2223 1606 2306 1669 εἰς
2359 1605 2516 1660 οὐδὲν
2543 1607 2695 1678 αὐτῷ
2722 1608 3023 1680 γενόμενον
3057 1608 3350 1680 χρήσιμον,
3376 1606 3631 1678 βαρϐάρῳ

2044 1696 2250 1778 fuiin
2290 1698 2680 1770 ἀντιστρέψαν,
2734 1699 2833 1763 τὰς
2864 1698 3122 1763 Γαλλίας-
3155 1699 3312 1771 ἐδῄου
3334 1712 3348 1726 ·
3377 1698 3469 1752 καὶ
3504 1699 3628 1751 κατ’

2056 1790 2263 1845 ἐκείνου
2326 1793 2530 1859 μᾶλλον
2588 1794 2799 1862 ἐγίνετο
2847 1794 2949 1858 τάς
2982 1794 3298 1863 Ῥωμαϊκὰς
3319 1793 3632 1862 διαφθεῖρον

377 1893 440 1937 ιιι
477 1884 667 1949 paucis
695 1898 809 1938 rem
841 1882 1132 1953 explicem,
1156 1882 1309 1937 illum
1342 1880 1471 1937 inde
1506 1881 1738 1937 accitum
1767 1878 1951 1936 Czrsa-

2065 1884 2265 1947 πόλεις.
2293 1885 2417 1956 Νέῳ
2462 1885 2522 1939 δέ
2569 1860 2651 1941 ἐτι
2681 1887 2820 1955 δντι,
2868 1888 3038 1959 μηδὲν
3063 1860 3329 1960 πράττειν
3361 1860 3630 1958 ἐπέτρεπε

377 1991 493 2031 rem
537 1976 785 2039 creavit,
826 1985 880 2031 et
929 1978 982 2031 iu
1016 1975 1433 2032 matrimonium
1470 1974 1522 2031 ei
1582 1988 1776 2029 sorore
1808 1972 1954 2029 Con-

376 2069 578 2124 stantia
606 2068 685 2137 (1)
737 2068 958 2131 tradita,
988 2069 1043 2123 in
1076 2066 1487 2124 Occidentalem
1519 2066 1751 2122 Galliam
1779 2065 1953 2121 misit.

379 2164 742 2234 Stipendiarii
777 2163 925 2219 enim
950 2163 1174 2228 milites,
1213 2176 1352 2233 quos
1400 2161 1667 2216 adversus
1700 2168 1957 2232 tyrannos

380 2256 751 2327 Magnentium
790 2264 847 2310 ct
892 2255 1309 2312 Britannionem
1351 2253 1405 2308 in
1457 2251 1757 2309 Occidente
1811 2250 1956 2307 Con-

379 2347 619 2401 stantius
654 2345 851 2401 ductos
875 2345 1078 2410 alebat,
1109 2344 1249 2399 nulli
1289 2344 1340 2398 ei
1374 2351 1531 2399 erant
1559 2343 1709 2407 usui,
1738 2341 1795 2412 9
1821 2341 1954 2413 quin

380 2438 567 2508 potius
600 2438 841 2493 barbaro
896 2436 1144 2508 corrupti
1200 2435 1476 2502 instituto,
1532 2434 1738 2490 Gallias
1780 2443 1959 2489 vasta—

379 2531 536 2598 bant,
562 2542 618 2587 et
656 2546 781 2584 cum
819 2530 1153 2585 detrimento
1193 2528 1384 2598 ipsius,
1426 2526 1658 2596 imperio
1710 2524 1957 2580 Romano

379 2626 631 2685 subditas
686 2623 852 2680 urbes
880 2621 1239 2693 diripiebant.
1268 2621 1337 2675 At
1363 2620 1506 2691 quod
1537 2617 1758 2690 juvenis
1779 2617 1958 2672 adhuc

381 2725 551 2782 esset,
586 2715 727 2771 nihil
757 2716 831 2782 ei,
868 2715 1012 2784 quod
1041 2714 1160 2768 sine
1194 2712 1399 2768 ducum
1426 2713 1519 2782 qui
1553 2711 1608 2765 in
1638 2712 1759 2782 ejus
1786 2710 1957 2766 comi-

383 2819 498 2862 tatu
535 2818 714 2863 erant.
750 2806 985 2862 consilio
1011 2817 1218 2876 ageret,
1253 2804 1522 2874 permisit.
1557 2802 1657 2858 Ubi
1703 2817 1836 2857 vero
1877 2800 1954 2856 illi

385 2918 494 2960 non
542 2911 693 2959 recte
730 2915 845 2955 rem
889 2900 1183 2955 militarem
1233 2899 1713 2962 administrarent,
1748 2896 1868 2966 ipse
1900 2904 1959 2950 ut

383 2990 564 3064 potuit
622 3006 725 3067 per
772 3004 834 3045 se
889 2988 1092 3043 bellum
1141 2985 1332 3055 gessit,
1389 2982 1955 3040 militibns'ardorem

383 3079 689 3155 quemdam~
712 3080 933 3143 indidit.
967 3078 1443 3147 animosioresqne
1473 3078 1537 3128 ad
1576 3075 1756 3144 praelia
1804 3088 1956 3128 eom-

2058 1970 2286 2043 γνώμης
2309 1972 2435 2044 δίχα
2458 1974 2568 2027 τῶν
2598 1975 2883 2042 ἑπομένων
2910 1975 3060 2047 αὐτῷ
3087 1975 3431 2047 στρατηγῶν.
3467 1976 3632 2030 ’Δνωο

2062 2063 2245 2132 μάλως
2270 2066 2318 2119 δ’
2333 2067 2561 2121 ἐκείνων
2591 2073 2659 2122 τὰ
2688 2069 2827 2139 πρὸς
2854 2068 3037 2140 μάχην
3055 2069 3442 2140 διακειμένων,
3471 2069 3633 2133 αὐτὸς

2057 2154 2133 2217 ὼς
2170 2156 2296 2227 ἐνῆν
2322 2158 2416 2212 τδν
2448 2159 2688 2230 πόλεμον
2711 2159 3012 2231 διηυθέτει.
3042 2161 3147 2215 Καί
3170 2179 3294 2215 τινα
3323 2160 3483 2233 ζῆλον
3500 2164 3632 2216 ἐνίει

2058 2250 2170 2310 τοῖς
2226 2250 2618 2320 στρατιώταις,
2676 2252 3050 2325 θερμοτέρους
3119 2252 3253 2323 περὶ
3311 2255 3404 2306 τὸν
3451 2254 3662 2323 ἀγῶνα·

2060 2342 2255 2407 ποιῶν.
2311 2346 2801 2416 παρακινδυνεύειν
2865 2347 3232 2417 προτρέπωνο
3303 2343 3385 2411 οἷς
3443 2346 3633 2418 μισθὸν

2059 2436 2336 2506 ἀνήκοντα
2393 2437 2553 2504 ἔταξε
2609 2438 2686 2509 τῷ
2744 2439 3031 2511 βάρϐαρον
3057 2440 3442 2510 άναιρήσοντι.
3478 2440 3543 2492 ’0
3567 2439 3634 2509 δὴ

2058 2529 2234 2601 ἀρχὴν
2265 2531 2544 2602 παρέσχεν
2577 2531 2786 2585 ἐλάττω
2812 2533 2916 2600 μὲν
2937 2532 3191 2601 γίνεσθαι
3216 2533 3286 2586 τὰ
3321 2531 3633 2604 βαρϐάρων,

2057 2623 2270 2676 ἐκεῖνον
2294 2621 2351 2676 δέ
2386 2624 2793 2695 κεχαρισμένον
2820 2618 2963 2678 εἶναι
2996 2625 3091 2678 καὶ
3117 2624 3207 2679 διά
3224 2624 3417 2695 φήμης
3440 2623 3637 2694 πολλῆς

2056 2716 2305 2771 διελθεῖν.
2371 2718 2484 2770 Καὶ
2535 2716 2603 2787 δὴ
2661 2717 2763 2788 τὴν
2808 2718 2919 2773 τῶν
2979 2719 3305 2791 στρατηγῶν
3356 2719 3636 2790 ῥᾳστώνην

2060 2810 2426 2880 Κωνσταντίῳ
2486 2810 2761 2880 δηλώσας,
2818 2812 3040 2883 ἐτέρους
3087 2812 3212 2882 ἔσχε
3246 2812 3375 2876 τοὺς
3406 2828 3638 2883 στρατη-

2057 2901 2191 2970 γούς
2217 2918 2232 2934 υ
2268 2901 2390 2972 μεθ’
2420 2897 2496 2958 ὧν
2517 2905 2631 2966 τοῖς
2657 2905 2921 2969 ἐναντίοις
2953 2904 3303 2977 προσϐαλὼν,
3328 2904 3638 2976 ἀνακράτος

2058 2996 2242 3050 ἐνίκα·
2284 2999 2351 3068 τῇ
2404 2996 2451 3049 δ’
2501 2999 2722 3069 ἀνάγκη
2783 3000 2866 3063 είς
2903 2998 3207 3072 πρεσϐείαν
3251 2999 3638 3052 καταστάντων

2060 3087 2310 3153 ἐκείνων,
2341 3088 2440 3142 καὶ
2473 3074 2543 3143 τὰ
2576 3091 2882 3161 γράμματα
2915 3092 3298 3145 Κωνσταντίου
3332 3089 3636 3159 προϐαλλο-

385 3174 653 3229 mittenda
678 3180 734 3228 et
753 3171 1001 3243 pericula
1031 3169 1286 3225 adeunda
1312 3166 1793 3223 cohortationibus
1821 3181 1958 3235 prae-

387 3283 394 3284 ,
419 3267 502 3284 κίοι
524 3279 615 3284 _-__
691 3264 752 3284 -I-
802 3261 1065 3284 l--_|_-_--
1121 3275 1289 3284 -..αλκ
1348 3258 1642 3284 ..-κληρζοέη
1700 3256 1930 3284 ...ηιΛεΛει

2065 3182 2264 3250 μένων,
2304 3180 2381 3246 ὡς
2444 3183 2638 3253 καλοίη
2672 3185 2815 3251 σφᾶς
2873 3179 3032 3248 αὖθις
3076 3184 3168 3238 ἐπὶ
3209 3185 3310 3251 τὴν
3348 3182 3638 3254 Ῥωμαίων

385 3267 621 3337 miisque
685 3264 757 3319 ob
802 3261 1068 3317 barbaros
1118 3275 1290 3315 cazsos
1348 3258 1645 3329 propositis
1700 3256 1955 3311 reddidit.

385 3358 517 3424 Quae
547 3372 679 3411 sane
722 3370 811 3411 res
838 3353 1062 3411 initium
1099 3352 1357 3425 praebuit,
1387 3362 1447 3405 ut
1476 3349 1691 3404 barbari
1727 3348 1963 3405 subinde

385 3447 587 3505 victori
617 3447 912 3502 inferiores
962 3454 1170 3510 essent,
1227 3444 1345 3512 ipse
1374 3450 1561 3499 autem
1623 3451 1679 3496 et
1706 3441 1879 3513 gratia
1909 3450 1964 3505 et

387 3537 606 3614 egregia
621 3541 762 3597 fama
788 3540 1038 3611 polleret.
1071 3541 1248 3607 Atque
1284 3537 1377 3591 ubi
1408 3535 1729 3594 Constantio
1760 3536 1962 3590 dueum

389 3637 711 3706 languorem
745 3642 801 3687 ct
830 3633 1101 3704 ignaviam
1135 3629 1428 3695 indicavit,
1482 3626 1617 3683 alios
1663 3628 1733 3683 ab
1774 3643 1840 3683 eo
1866 3642 1965 3706 pro

349 3736 358 3749 ‘
391 3700 511 3780 illis
534 3725 750 3794 accepit
776 3742 790 3777 :
819 3700 1052 3793 quorum
1080 3721 1317 3776 consilio
1355 3731 1412 3777 et
1434 3737 1620 3792 Opera,
1646 3736 1771 3776 eum
1798 3700 1966 3775 hosti-

391 3820 496 3874 bus
521 3819 707 3890 praeiio
725 3832 869 3887 saepe
888 3816 1203 3882 commisso,
1224 3815 1510 3871 victoriam
1535 3812 1753 3869 fortiter
1774 3829 1966 3884 repor-

393 3914 548 3975 tavit.
578 3928 784 3983 eosque
826 3913 892 3968 ad
938 3912 1269 3984 legationem
1304 3909 1628 3967 mittendam
1658 3909 1837 3982 coegit
1860 3910 1962 3979 (2).

389 4012 660 4069 Caeterum
722 4011 833 4070 illis
893 4008 1203 4065 Constantii
1276 4006 1749 4078 praetendentibus
1821 4006 1969 4061 litte-

393 4119 503 4169 ras,
538 4102 744 4174 quibus
800 4118 898 4157 eos
933 4116 1153 4155 rursum
1210 4103 1273 4154 ad
1315 4100 1496 4155 foedus
1549 4108 1605 4153 et
1645 4100 1967 4153 societatem

395 4196 522 4251 belli
555 4210 680 4250 cum
714 4192 981 4250 Romanis
1013 4192 1309 4247 ineundam
1343 4190 1634 4256 invitabat,
1676 4189 1794 4259 ipse
1833 4199 1968 4243 tem-

394 4304 500 4359 pus
529 4304 595 4344 εκ
622 4286 893 4342 industria
920 4286 1183 4350 extraxit,
1220 4292 1276 4339 et
1308 4290 1586 4338 oratorem
1616 4296 1812 4336 eorum
1872 4281 1965 4335 ubi

392 4380 714 4452 aliquandiu
754 4377 1011 4443 distulit,,
1040 4384 1096 4432 et
1151 4391 1303 4448 spem
1354 4374 1535 4429 eidem
1599 4372 1751 4439 fecit,
1792 4372 1971 4429 fmdus

393 4480 683 4543 acceptum
707 4486 737 4525 a
763 4468 1089 4525 Constantio
1122 4468 1227 4533 iri;
1275 4475 1472 4537 praeter
1504 4467 1969 4537 exspectationem

2064 3273 2409 3345 συμμαχίαν.
2452 3274 2711 3346 ἒπίτηδες
2738 3276 2948 3330 ἐκεῖνον
2977 3275 3376 3348 ἀναϐαλέσθαι.
3420 3274 3636 3344 Μελλή-

2065 3383 2161 3431 σας
2208 3366 2318 3437 γὰρ
2367 3365 2463 3421 τδν
2494 3367 2751 3438 πρέσϐιν,
2786 3370 2883 3423 καὶ
2916 3369 3113 3424 ἐλπίδα
3148 3368 3276 3433 δοὺς
3304 3371 3377 3432 ὡς
3408 3366 3640 3440 προσδέ-
3678 3420 3691 3433 ,

2062 3475 2231 3531 χοιτο,
2266 3459 2551 3530 ἀδοκήτως
2587 3459 2754 3524 πολὺς
2780 3458 3056 3523 ἐπελθὼν,
3106 3460 3340 3512 ιίσάπαν
3369 3457 3480 3510 τῶν
3506 3456 3637 3527 βαρ·

2064 3551 2249 3623 ϐάρων
2273 3553 2548 3625 ἐκράτησε
2568 3569 2581 3582 ·
2611 3552 2707 3606 καὶ
2734 3553 2829 3605 τὸν
2855 3552 3083 3625 ἐκείνων
3112 3551 3338 3623 βασιλέα
3353 3548 3641 3620 δεσμώτην

2064 3645 2123 3708 ἐς
2149 3624 2531 3699 Κωνστίάντιον
2551 3644 2825 3715 ἔπεμπεν.
2854 3624 3012 3699 θ’ὖτω
3042 3643 3099 3697 δὲ
3129 3642 3207 3715 τῷ
3226 3643 3451 3713 πολέμῳ
3468 3640 3640 3711 τούτῳ

2066 3736 2457 3807 ἐνευτυχήσας,
2497 3736 2636 3806 πρὸς
2669 3735 2779 3789 τῶν
2813 3735 3165 3805 στρατιωτῶν
3197 3733 3456 3804 βασιλεὺς
3508 3732 3643 3787 Ῥω-

2070 3829 2248 3901 μαίων
2282 3829 2702 3899 ἀναγορεύεται.
2746 3828 3026 3898 Στεφάνου
3049 3827 3107 3881 δὲ
3139 3828 3215 3898 μὴ
3241 3827 3512 3896 παρόντος
3547 3824 3641 3894 βα-

2069 3923 2306 3987 σιλικοῦ,
2356 3925 2465 3977 τῶν
2486 3940 2571 3988 τις
2601 3921 2947 3993 δορυφόρων,
3000 3920 3060 3975 δν
3092 3923 3220 3991 περί⁵
3244 3920 3339 3974 τὸν
3370 3918 3640 3991 τράχηλον

2069 4015 2257 4086 ἐφόρει
2294 4016 2563 4085 στρεπτὸν
2594 4015 2818 4081 ἐξελὼν,
2849 4016 2916 4084 τῇ
2976 4014 3195 4066 ἐκείνου
3226 4011 3442 4082 κεφαλῇ
3488 4027 3647 4080 περι-

2069 4106 2257 4176 έθηκε.
2306 4106 2481 4175 Λόγος
2534 4122 2599 4177 γε
2636 4107 2743 4177 μὴν
2782 4105 2897 4179 ἔχει
2933 4106 3030 4160 καὶ
3065 4105 3354 4177 πρότερον,
3412 4102 3494 4165 εἷς
3522 4119 3647 4155 τινα

2071 4197 2334 4270 πολίχνην
2361 4199 2645 4263 εἰσιόντος,
2679 4198 2947 4268 στέφανόν
2973 4215 3094 4253 τινα
3131 4198 3300 4269 μέσον
3326 4195 3420 4250 δύο
3450 4195 3645 4249 κιόνων

2070 4287 2474 4359 ἀνηρτημένον,
2500 4282 2581 4351 οἷς
2604 4289 2703 4352 τὰς
2739 4289 2929 4351 πόλεις
2981 4287 3101 4350 ἐθος
3139 4288 3391 4357 κοσμεῖν,
3445 4287 3643 4339 ἐπιπε-

2074 4377 2236 4431 σόντα
2263 4378 2329 4449 τῇ
2370 4377 2580 4432 ἐκείνου
2616 4378 2828 4450 κεφαλῇ
2880 4379 3234 4450 ἐφαρμόσειν
3283 4378 3378 4431 καὶ
3427 4375 3647 4436 πολλοῖς

2074 4465 2325 4520 ἐντεῦθεν
2360 4465 2634 4537 σύμϐολον
2663 4463 2829 4530 εἶναι.
2858 4466 2932 4530 ὡς
2962 4469 3057 4521 καὶ
3093 4466 3155 4519 τὸ
3183 4466 3283 4537 τῆς
3313 4465 3490 4537 ἀρχῆς
3519 4468 3648 4519 ἀνα-

392 4563 676 4627 omnium,
716 4562 894 4634 copiis
942 4560 1058 4616 suis
1116 4559 1386 4614 Barbaros
1430 4558 1679 4627 adortus,
1735 4557 1962 4614 maxima

2076 4562 2309 4633 δήσηται
2340 4560 2564 4632 κράτος.
2605 4558 2979 4631 Διεθρυλλήθη
3018 4560 3078 4615 δέ
3108 4560 3202 4615 καί
3231 4576 3317 4624 τις
3348 4560 3539 4629 ἐτερος
3570 4556 3649 4610 λό-

394 4657 572 4712 victos
599 4655 756 4711 clade
789 4654 1007 4720 afﬂixit,
1038 4667 1337 4724 regemque
1364 4668 1560 4707 eorum
1590 4652 1839 4708 vinctum
1902 4650 1971 4706 ad

395 4746 784 4803 Constantium
816 4745 986 4801 misit.
1011 4745 1086 4799 Ea
1116 4744 1341 4801 victoria
1373 4746 1452 4814 (5;
1481 4760 1544 4799 ex
1580 4744 1850 4800 sententia
1879 4758 1976 4814 po-

397 4842 555 4905 titus,
587 4854 617 4895 a
648 4838 915 4893 militibus
934 4836 1307 4891 Romanorum
1339 4835 1636 4905 imperator
1650 4843 1737 4889 est
1772 4848 1978 4888 renuu-

400 4936 588 4991 tiatus.
607 4932 784 5000 Atque
803 4928 898 4984 ubi
919 4940 1034 4985 tum
1058 4928 1424 4998 imperatoriae
1447 4941 1667 4981 corona:
1688 4925 1845 4997 copia
1861 4940 1972 4980 non

400 5022 527 5089 fuit,
550 5038 617 5078 ex
642 5020 975 5076 satellitibus
1004 5019 1254 5090 quidam,
1282 5026 1534 5091 torquem
1557 5032 1720 5087 quam
1748 5018 1801 5071 in
1834 5015 1976 5071 colle

399 5113 671 5183 gestabat,
688 5111 852 5186 capiti
880 5111 1029 5167 illius
1059 5109 1346 5181 imposuit.
1365 5108 1596 5165 Obtinet
1620 5110 1785 5173 fama,
1810 5117 1974 5162 antea

398 5222 638 5280 quoque,
670 5220 795 5261 eum
821 5203 1087 5275 oppidum
1127 5201 1403 5272 quoddam
1436 5200 1850 5273 ingrederetur,
1878 5214 1975 5255 co-

403 5312 594 5352 ronam
627 5296 768 5351 inter
796 5294 938 5350 duas
968 5292 1255 5350 columnas
1287 5306 1639 5364 suspensam,
1667 5290 1833 5346 sicuti
1860 5304 1981 5345 mos

402 5401 491 5443 est
513 5387 678 5442 urbes
708 5401 1005 5450 exornare,
1035 5399 1200 5455 quam
1233 5383 1518 5454 aptissime
1547 5383 1599 5436 in
1624 5392 1796 5451 caput
1835 5396 1979 5451 pra:-

406 5481 677 5539 tereuntis
706 5479 998 5537 decidisse.
1045 5478 1175 5551 Quae
1211 5492 1299 5533 res
1349 5474 1639 5547 permultis
1669 5489 1768 5547 pro
1796 5474 1982 5528 omine

474 5640 554 5706 (i)
583 5638 738 5693 Socr.
765 5635 1021 5690 Helenam
1056 5634 1240 5691 habet.
1436 5704 1444 5706 _
1576 5702 1587 5706 Α
1709 5702 1722 5706 _
1903 5701 1914 5706 _
1952 5698 1963 5705 Δ

474 5701 556 5775 (2⁷)
589 5708 800 5764 Socrat.
831 5716 887 5761 et
932 5706 1161 5774 Eutrop.
1190 5706 1399 5773 legatos
1434 5704 1487 5758 in
1538 5702 1758 5757 vincula
1791 5701 1981 5773 conjs?-

403 5791 522 5837 (‘os
554 5794 680 5834 esse
708 5777 937 5831 addunt.

483 5851 558 5924 (3)
592 5849 749 5920 Apud
789 5849 1212 5920 Argentoratum
1241 5847 1491 5917 ingentes
1519 5843 1757 5899 hostium
1794 5842 1981 5911 copias

2076 4665 2192 4718 γος,
2233 4650 2309 4712 ὡς
2366 4647 2663 4717 ἐπιϐουλῆς
2720 4651 2887 4720 χάριν
2919 4650 2948 4703 ὁ
3003 4649 3140 4721 πρὸς
3180 4651 3306 4712 τοὺς
3335 4648 3647 4719 βαρϐάρους

2076 4742 2316 4811 πόλεμος
2349 4742 2508 4812 ἐδόθη
2534 4742 2711 4812 αὐτῷ,
2743 4742 2811 4795 ἵν’
2838 4743 3025 4807 αὐτοῖς
3052 4742 3505 4812 συμπλεκόμενος
3538 4742 3648 4809 ὅλη·

2074 4851 2188 4889 ται.
2220 4834 2293 4887 Οὐ
2330 4834 2554 4897 πιθανὸς
2583 4832 2630 4887 δ’
2652 4834 2780 4904 ἐμοί
2814 4851 2877 4904 γε
2906 4834 3029 4889 λίαν
3061 4836 3089 4888 ὁ
3120 4834 3299 4902 λόγος.
3323 4833 3389 4887 Τί
3415 4832 3529 4905 γὰρ
3562 4833 3648 4886 καὶ

2076 4925 2338 4995 Καίσαρα
2369 4925 2559 4978 τοῦτον
2593 4926 2768 4978 ἐποίει
2792 4926 2852 4980 τὸ
2881 4928 3002 4980 κατ’
3035 4926 3232 4997 ἀρχὰς,
3258 4926 3358 4981 καὶ
3380 4925 3480 4995 τὴν
3503 4925 3649 4979 ἁδελ-

2078 5016 2187 5083 φὴν
2212 5017 2293 5079 είς
2322 5018 2501 5086 γάμον
2531 5016 2741 5083 ἐδίδου;
2778 5016 2844 5070 Τί
2875 5018 2932 5070 δὲ
2956 5017 3108 5089 αὐτῷ
3147 5019 3245 5073 καὶ
3272 5018 3336 5070 τὸ
3364 5015 3646 5070 πείθεσθαι

2079 5105 2175 5160 καὶ
2203 5103 2568 5158 ὑπαλλάττειν
2605 5106 2732 5168 τοὺς
2763 5105 3318 5178 ἐρρᾳστωνευμὲνους
3346 5106 3457 5157 τῶν
3490 5121 3648 5177 στρα-

2079 5193 2298 5265 τηγῶν⁶
2333 5196 2587 5259 καὶτοὺς
2640 5197 2780 5267 πρὸς
2830 5198 3013 5268 μάχην
3044 5196 3264 5250 ἔστελλε
3300 5194 3536 5262 δεξιοὺς,
3570 5199 3646 5249 ἵνα

2084 5283 2290 5354 μᾶλλον
2318 5284 2644 5360 κατορθώσῃ
2663 5285 2758 5338 τὸν
2788 5285 3050 5355 πόλεμον,
3077 5283 3126 5338 εί
3156 5284 3232 5356 μὴ
3255 5284 3398 5354 φίλῳ
3424 5285 3642 5354 ἒχρῆτοί

2082 5375 2431 5446 Συμϐάλλειν
2479 5380 2662 5431 τοίνυν
2712 5376 2885 5443 ἐστιν,
2919 5376 2997 5441 ὡς
3030 5376 3220 5440 εὔνους
3275 5373 3341 5450 ἦν
3371 5375 3526 5445 αὐτῷ
3558 5374 3645 5442 τήν

2083 5466 2261 5538 ἀρχὴν
2290 5469 2318 5521 δ
2364 5468 2606 5539 κρατῶν,
2633 5467 2760 5523 ὅθεν
2786 5469 2982 5523 ἀνεῖπε
3034 5469 3129 5523 καὶ
3161 5468 3449 5540 Καίσαρα.
3495 5468 3579 5530 Ὠς
3605 5465 3644 5516 δ’

2082 5634 2305 5688 delevit.
2331 5633 2565 5689 Stabant
2586 5635 2768 5690 acervi
2791 5635 3120 5690 cadaverum
3153 5636 3429 5690 montium
3457 5634 3643 5691 instar.

2082 5703 2286 5775 liuebat
2319 5720 2485 5759 cruor
2530 5705 2820 5775 ﬂuminum
2852 5706 3035 5768 modo,
3065 5716 3259 5775 captus
3306 5721 3401 5761 rex
3452 5703 3643 5760 nobilis

2081 5774 2555 5841 Chonodomarus,
2591 5786 2696 5832 etc.
2731 5774 3007 5849 (Eutrop)
