3870 6548
175 402 257 468 in
1098 385 1711 475 secessusrtcs

1844 387 2143 450 STOBLE
2186 388 2342 449 ΜΒ.
2384 389 2451 450 Χ.

176 518 360 575 ἐκεῖνος
393 505 670 571 Σεδαστδς
698 503 1084 576 ἀνεκηρύχθη.
1114 504 1191 574 μὴ
1219 502 1402 567 δόντος
1437 501 1631 567 αὑτοῦ,
1688 500 1721 572 ἢ

1841 510 1881 557 et
1932 501 2139 558 indicio
2173 512 2400 572 accepta
2439 510 2544 564 est,
2601 501 2820 570 imperii
2868 515 3088 573 quoque
3138 516 3410 557 summam

172 608 352 670 δεδιὼς,
378 599 458 665 οἷς
488 602 687 664 αὐτοὺς
741 599 973 670 ἠδίκησε
1007 599 1159 660 νέους
1190 596 1378 661 ὄντας,
1408 598 1440 667 ἢ
1490 597 1588 650 καὶ
1620 595 1720 664 τῆς

1841 595 1895 648 ad
1917 609 2045 649 cum
2086 605 2471 663 perventuram
2490 609 2641 669 Iesse.
2703 593 2843 649 illud
2868 609 3088 665 quoque
3135 592 3413 649 sermoni—

176 702 279 770 ίσης
305 694 469 766 τιμῆς
524 695 688 764 χάριν
748 691 1080 763 ἀχθόμενος,
1109 689 1203 745 διὰ
1261 690 1373 745 τῶν
1407 689 1723 760 εἰρημένων

1841 688 1938 743 bus
1960 689 2242 760 vulgatum
2270 687 2396 751 fuit,
2416 690 2484 745 ab
2515 689 2810 744 insidiante
2837 689 2962 743 vitae
2992 689 3114 759 ejus
3137 687 3413 742 Constan-

175 790 443 863 βσρδὰρων
504 787 642 848 ἴσως
705 785 935 856 ὕστερον
988 784 1367 839 έπιὸουλεύιιν
1421 785 1721 857 προήγετο.

1841 781 1913 836 lio
1944 782 2147 836 bellum
2179 781 2231 836 id
2258 781 2521 838 adversus
2554 782 2823 836 barbaros
2849 781 2898 836 ei
2920 781 3242 835 mandatum
3264 791 3408 839 esse,

185 883 326 938 Ἀλλά
356 880 517 934 τοῦτο
582 878 712 950 μὲν,
764 878 841 942 ὡς
897 877 1116 948 ἑκάστῳ
1174 877 1333 947 δόξης
1399 876 1542 942 ἐστὶ,
1595 891 1725 946 κρι-

1841 884 1892 931 at
1925 892 2051 930 cum
2084 876 2193 932 illis
2221 892 2384 930 manu
2411 885 2667 932 conserta
2699 876 2982 931 interiret.
3019 873 3128 929 Sed
3177 872 3322 927 fama
3348 885 3410 923 ea

176 977 313 1031 νέτω.
1825 969 1973 1038 apud
2013 984 2099 1026 me
2123 986 2315 1040 parum
2367 969 2666 1026 admodum
2697 971 2863 1026 habet
2915 965 3199 1023 ﬁdei.Cur
3261 964 3413 1020 enim

170 1071 382 1127 Casaris
435 1070 512 1126 illi
566 1070 812 1140 primum
858 1068 1184 1139 dignitatem
1235 1066 1543 1130 tribuisset,
1595 1080 1958 1138 sororemque
1995 1069 2045 1124 ei
2082 1071 2313 1141 .nuptui
2357 1069 2638 1125 dedisset?
2665 1069 2777 1125 Cur
2830 1068 3035 1138 optatis
3065 1068 3208 1138 ejus,
3234 1071 3294 1119 ut
3322 1079 3415 1118 so-

177 1168 416 1223 cordibus
450 1167 546 1222 alii
571 1177 1008 1238 surrogarentur
1038 1165 1231 1231 duces,
1281 1180 1489 1220 morem
1549 1164 1849 1232 gessisset:
1908 1177 1966 1220 et
2029 1167 2124 1238 qui
2189 1168 2256 1222 ad
2284 1167 2471 1238 praelia
2505 1165 2897 1222 committenda
2955 1166 3165 1220 strenui
3201 1170 3411 1223 essent,

172 1260 459 1332 bellumque
482 1270 636 1316 recte
663 1269 947 1332 gererent,
977 1258 1238 1324 misisset,
1294 1257 1403 1312 nisi
1434 1256 1614 1312 amico
1655 1264 1711 1312 et
1753 1257 2024 1315 benevolo
2088 1261 2142 1315 in
2213 1276 2338 1316 eum
2392 1262 2593 1317 fuisset
2634 1261 2866 1315 animo?
2915 1259 3101 1328 Itaque
3151 1256 3417 1325 colligere

172 1358 288 1413 satis
314 1358 457 1422 licet,
492 1357 639 1412 bene
677 1358 727 1412 ei
753 1357 823 1412 ab
851 1355 1012 1412 initio
1042 1356 1433 1426 imperatorem
1491 1353 1760 1419 voluisse,
1801 1365 1858 1411 et
1891 1356 1963 1412 ob
2010 1356 2063 1411 id
2101 1357 2373 1415 Caesarem
2404 1373 2530 1413 eum
2551 1358 2881 1413 declarasse.
2915 1355 3019 1425 ιο
3045 1355 3113 1408 At
3146 1352 3239 1408 ubi
3288 1350 3412 1414 ille,

172 1454 273 1522 ipso
307 1470 411 1508 non
435 1458 821 1524 permittente,
870 1453 1156 1525 Augustus
1210 1462 1294 1509 est
1346 1443 1716 1520 renuntiatus,
1758 1454 1847 1510 vel
1903 1466 2240 1513 metuentem
2317 1474 2444 1514 eum
2488 1459 2618 1524 sibi,
2675 1468 2901 1530 propter
2939 1452 3195 1522 injurias,
3258 1466 3399 1521 quas

174 1549 236 1602 illi
262 1559 443 1604 tenero
468 1549 653 1605 adhuc
687 1550 956 1620 fratrique
998 1551 1120 1621 ejus
1152 1550 1433 1614 intulerat,
1481 1548 1567 1602 vel
1631 1564 1817 1618 parem
1870 1549 2020 1607 illius
2080 1569 2206 1608 cum
2236 1569 2336 1609 suo
2357 1554 2620 1608 honorem
2692 1552 2921 1606 moleste
2956 1546 3247 1612 ferentem,
3302 1560 3407 1615 per

170 1655 249 1696 eos
273 1642 356 1711 qui
382 1642 512 1696 dicti
549 1654 685 1700 sunt
734 1644 1026 1707 Barbaros,
1067 1650 1256 1714 postea
1297 1639 1438 1695 forte
1465 1638 1700 1695 insidias
1733 1640 1783 1695 ei
1813 1644 2104 1699 struxisse.
2142 1646 2248 1701 Sed
2289 1647 2394 1701 hoc
2443 1645 2657 1717 judicio
2694 1643 2964 1715 cujusque
3003 1636 3394 1707 relinquimus.

3308 384 3414 448 452
3513 383 3525 395 ’

743 1782 996 1839 ΚΕΦΑΛ.
1044 1778 1122 1838 B'.

2440 1784 2670 1844 CAPUT
2716 1783 2786 1838 li.

172 1881 347 1944 ὀπως
376 1875 473 1960 διὰ
504 1875 748 1960 Θρᾴκης
787 1878 820 1929 ὁ
854 1873 1204 1960 ἀπορτάτῇης
1256 1872 1386 1954 ίὼζ,
1416 1871 1534 1960 τῂν
1561 1875 1724 1960 Κωκ-

1841 1883 1900 1942 υι
1938 1883 2330 1960 ,ρναυανεεαιοη
2374 1886 2452 1960 σε.
2478 1885 2870 1960 «nesciam
2901 1865 3414 1960 lineatam:

228 1943 560 2003 σαίνειν-ου’
595 1943 900 2014 κατέσχεν
956 1943 1232 1999 ἐκποδὼν
1259 1943 1366 1998 τοῦ
1410 1948 1730 1998 Κωνσταν-

228 2019 345 2073 rion
371 2016 809 2087 γεγενημένου.

230 2130 416 2185 Τοῦτον
448 2127 550 2200 μὲν
586 2123 683 2182 οὖν
716 2129 807 2181 τὸν
836 2127 1040 2198 τρόπον
1067 2127 1096 2180 δ
1138 2127 1427 2191 Ἰουλιανὸς
1454 2126 1553 2198 τῆς
1579 2124 1731 2204 βασι-

170 2223 294 2299 λείας
323 2222 588 2293 ἐδράξατο
609 2234 626 2251 ⁸
654 2221 704 2275 εί
732 2221 790 2275 δὲ
825 2224 970 2274 κατά
991 2219 1323 2291 φιλοσόφους
1352 2221 1386 2292 ἡ
1421 2220 1550 2289 ἑξῆς
1579 2222 1730 2287 ἀγω-

172 2317 248 2385 γὴ,
274 2319 326 2369 έν
352 2316 518 2385 κοινῷ
554 2316 785 2368 σκοπεῖν
810 2313 907 2369 ἐῶ.
938 2307 1040 2366 Οἷα
1076 2314 1188 2384 γὰρ
1230 2312 1397 2382 φιλεῖ,
1430 2312 1505 2384 μὴ
1537 2312 1732 2366 ἀπολο-

1904 1937 2122 2018 εἱέεεηε,
2175 1949 2484 2006 Constantio
2516 1937 2829 2018 'dcfuucto,
2898 1937 3416 2006 Constantinopolim

1903 2024 2225 2094 pervenerit.

1905 2138 1981 2194 Ad
2017 2138 2165 2193 hunc
2203 2148 2354 2192 certe
2379 2132 2600 2205 quidem
2658 2129 2883 2184 modum
2928 2126 3183 2184 Julianus
3243 2124 3414 2192 impe-

1832 2230 1974 2283 rium
2003 2228 2237 2297 arripuit
2266 2225 2369 2299 (l).
2405 2224 2489 2279 An
2546 2236 2678 2279 vcro
2739 2218 3110 2290 philosophici
3164 2211 3409 2269 instituti

1831 2322 1966 2385 sint,
1998 2335 2120 2390 quae
2153 2334 2280 2373 mox
2315 2317 2517 2372 deinde
2561 2313 2753 2384 gessit,
2777 2320 2833 2367 et
2865 2311 3107 2380 idipsnm
3153 2307 3207 2362 in
3235 2306 3416 2361 medio

173 2411 276 2475 γίαν
298 2408 382 2461 διὰ
402 2407 708 2478 πρεσὸείας
738 2407 864 2467 δοὺς
886 2404 1279 2473 Κωνσταντίῳ,
1302 2404 1360 2459 δν
1382 2406 1478 2459 καὶ
1504 2405 1728 2474 σωτῆρα

176 2505 251 2552 καὶ
277 2500 572 2571 εὐεργέτην
622 2498 920 2569 ἠπίστατο,
977 2496 1138 2558 εὐθὺς
1180 2496 1279 2566 μὲν
1310 2493 1729 2565 ἀπεχειροτόνει

176 2592 281 2652 τοὺς
309 2592 581 2662 ἄρχοντας
606 2590 765 2651 ὅσους
803 2590 1016 2651 ἐκεῖνος
1047 2586 1389 2657 κατέστησεν
1412 2602 1426 2616 ·
1479 2584 1729 2656 ἀμείϐων

177 2684 215 2738 δ’
254 2686 460 2755 ἑτέρους
515 2681 911 2752 ἀντικαθίστη,
969 2681 1068 2734 καὶ
1099 2681 1210 2733 πᾶν
1261 2678 1323 2732 τὸ
1355 2679 1492 2749 πρὸς
1527 2676 1728 2749 βουλῆς

176 2777 300 2848 αύτῷ
343 2777 652 2850 ἔπραττεν
708 2774 1027 2843 ἐπεγγελῶν
1061 2774 1117 2826 δὲ
1177 2775 1273 2828 καὶ
1336 2770 1727 2839 Κωνσταντίῳ,

175 2871 297 2924 κατά
321 2872 501 2943 χώρας
532 2871 639 2934 τὰς
664 2869 955 2933 ἐπιστολὰς
1003 2867 1171 2923 αὑτοῦ
1199 2867 1486 2932 διεδείκνυ,
1531 2865 1599 2920 δι’
1651 2859 1728 2919 ὧν

174 2964 281 3023 τοὺς
304 2964 615 3035 βαρϐάρους
645 2964 790 3018 κατά
813 2962 1151 3030 Μαγνεντίου
1175 2961 1381 3024 καλῶν,
1429 2959 1729 3031 Ῥωμαίοις

176 3057 396 3125 ἐπήγαγε
420 3072 435 3087 ·
472 3058 572 3111 καὶ
595 3057 763 3128 τέχνῃ
793 3056 863 3109 τὰ
890 3055 1073 3126 πλήθη
1128 3054 1554 3125 μετερχόμενος,
1584 3053 1729 3107 ἀπέ-

176 3159 272 3196 σπα
302 3147 395 3215 μὲν
421 3146 667 3213 ἐκείνου,
704 3149 784 3210 είς
818 3145 1014 3200 ἑαυτὸν
1043 3145 1101 3198 δὲ
1154 3143 1537 3216 μετεὸίὸαζεν.
1568 3142 1729 3210 Ἐξά-

177 3236 292 3290 πινά
319 3255 374 3291 τε
398 3241 497 3294 καὶ
523 3239 587 3291 τὸ
609 3239 791 3292 δοκεῖν
819 3236 961 3291 εἶναι
996 3236 1323 3309 Χριστιανὸς
1345 3238 1582 3307 διαφεὶς,
1615 3240 1729 3300 τοῖς

1841 3243 1925 3298 ille
1958 3243 2231 3299 Barbaros
2264 3255 2455 3299 contra
2494 3244 2869 3313 Magnentium
2900 3257 3159 3306 evocans.
3202 3243 3258 3296 in
3301 3242 3415 3295 Ro-

175 3329 267 3383 τῶν
308 3331 600 3400 δαιμονίων
660 3331 857 3402 έφοίτα
888 3333 1078 3400 σηκοῖς
1100 3347 1116 3362 ·
1174 3330 1270 3385 καὶ
1305 3329 1471 3396 θύων,
1498 3329 1728 3392 καὶτοῖς

1841 3352 2125 3392 manorum
2155 3337 2426 3394 ditionem
2460 3337 2715 3394 adduxit.
2754 3336 3166 3393 Multitudinem
3189 3349 3413 3405 quoque

177 3422 430 3492 ἀγάλμασι
467 3424 945 3494 προσφερόμενος,
991 3423 1254 3493 ἀρχιερέα
1278 3420 1471 3475 ἑαυτὸν
1494 3421 1686 3475 ἐκάλει
1711 3435 1726 3450 ·

1841 3438 1950 3483 arte
1986 3428 2448 3493 circumventam,
2481 3436 2537 3483 et
2563 3428 2632 3483 ab
2659 3427 2752 3483 illo
2779 3428 3098 3490 alienatam,
3134 3424 3189 3480 in
3226 3433 3417 3495 partes

178 3514 363 3578 καὶτὰς
400 3516 734 3587 Ἑλληνικὰς
760 3516 958 3584 ἑορτὰς
984 3516 1256 3569 ἐπιτελεῖν
1305 3515 1600 3585 ἐπέτρεπε,
1637 3516 1730 3569 καὶ

1841 3535 1961 3576 suas
1979 3522 2264 3591 pertraxit.
2290 3522 2367 3576 Ac
2382 3521 2685 3592 derepente
2709 3518 3045 3575 simulationi
3066 3533 3287 3588 quoque
3313 3515 3416 3580 illi,

177 3607 283 3671 τοὺς
307 3609 407 3661 ὑπὸ
459 3611 622 3680 χεῖρα
670 3611 885 3670 πάντας
940 3605 1141 3677 ἐπίσης
1170 3604 1495 3677 θρησκεύειν
1521 3605 1731 3670 ἔπειθε,

1841 3626 1940 3680 qua
1989 3610 2365 3666 Christianum
2395 3627 2453 3668 se
2482 3628 2607 3668 esse
2664 3611 2841 3675 tinxit,
2893 3609 3090 3665 nuntio
3148 3607 3407 3673 remisso,

178 3696 256 3748 καὶ
282 3698 409 3769 πρὸς
441 3697 712 3768 ἐμφύλιον
733 3696 1118 3768 ἀνερριπίζετο
1144 3696 1403 3766 πόλεμον.
1442 3696 1548 3749 Καί
1582 3713 1644 3764 γε
1667 3698 1732 3750 ἂν

1841 3702 2145 3757 ᾱκιιιοιιυω
2171 3705 2369 3772 templa
2420 3702 2789 3773 frequentavit
2820 3721 2836 3757 :
2873 3711 2930 3756 et
2972 3699 3316 3764 sacriﬁcans,
3343 3698 3418 3753 si-

181 3788 281 3843 ὕσον
308 3792 365 3844 τί.
399 3794 487 3845 ἐπ’
540 3789 692 3861 αὐτῷ
741 3790 938 3860 αἵμασι
996 3788 1249 3860 διεκρίθη
1282 3789 1344 3842 τὸ
1389 3789 1487 3860 τῆς
1520 3790 1732 3844 έκείνου

1841 3795 2204 3866 mulacrisqne
2226 3811 2346 3851 sese
2372 3795 2603 3861 dedens,
2622 3794 2946 3851 Pontificem
2974 3793 3413 3863 seipsum‘voca~

180 3883 469 3952 φιλοσοφίας
487 3883 806 3952 ἀπέριττον,
825 3883 874 3936 εί
906 3882 983 3953 μὴ
1002 3881 1135 3946 Θεὸς
1159 3884 1188 3936 ὁ
1222 3883 1403 3936 πάντα
1433 3883 1530 3934 σὺν
1554 3882 1732 3949 ἀγνώ-

1841 3887 1932 3952 vit,
1966 3888 2134 3943 festos
2172 3887 2491 3944 Graecorum
2540 3889 2660 3944 dies
2709 3904 2974 3960 peragere
3026 3887 3302 3956 permisit,
3358 3893 3416 3937 et

181 3993 272 4048 στῳ
297 3978 434 4047 λόγῳ
466 3977 638 4031 ποιῶν
686 3975 1100 4047 συμφερόντως,
1159 3974 1393 4047 θάτερον
1426 3978 1504 4038 είς
1539 3976 1732 4030 ἑαυτὸν

1841 3982 1931 4051 qui
1963 3980 2066 4036 sub
2096 3989 2367 4050 potestate
2393 3982 2513 4051 ejus
2536 3991 2689 4037 erant
2723 3982 2875 4036 cives
2913 3981 2980 4034 ad
3012 3978 3274 4033 eumdem
3297 3975 3419 4032 cul-

1838 4078 1953 4124 tum
1987 4069 2341 4124 suasionibus
2371 4070 2684 4140 perducere
2743 4069 3003 4126 intendit.
3042 4069 3109 4123 Et
3170 4066 3419 4137 profecto

1837 4163 1999 4218 civile
2028 4162 2120 4218 ille
2147 4166 2485 4221 concitasset
2516 4163 2747 4227 bellum,
2792 4174 2848 4217 et
2875 4170 3143 4231 quantum
3205 4160 3261 4214 in
3294 4159 3416 4228 ipso

1838 4255 2004 4311 situm
2030 4269 2170 4322 erat,
2202 4257 2472 4328 sanguine
2501 4259 2648 4323 fuso,
2693 4255 2771 4310 de
2792 4254 3120 4310 exuberanti
3176 4253 3421 4323 philoso-

1839 4348 1968 4418 phia
1993 4349 2115 4420 ejus
2139 4350 2414 4420 judicium
2450 4349 2654 4405 factum
2700 4348 2917 4412 fuisset,
2950 4347 3055 4402 nisi
3122 4346 3291 4412 Deus,
3321 4346 3417 4415 qui

183 4439 296 4492 τείν.
322 4440 425 4492 Καὶ
454 4439 519 4510 δὴ
571 4436 931 4508 σκηψάμενος
987 4438 1125 4504 πρὸς
1162 4439 1542 4492 Κωνστάντιον
1575 4438 1732 4492 έλαύ-

1841 4446 2047 4509 omnia,
2086 4446 2268 4515 ignota
2287 4453 2344 4499 et
2370 4442 2584 4499 occulta
2619 4443 2853 4506 ratione,
2888 4442 2942 4494 in
2978 4439 3180 4495 melius
3203 4438 3417 4509 dirigit,

186 4546 299 4597 νειν,
343 4534 434 4587 ἐπὶ
491 4532 826 4603 παραιτήσει
862 4528 1028 4600 δῆθεν
1061 4529 1157 4582 τοῦ
1210 4529 1288 4601 μὴ
1337 4531 1485 4584 ἑκὼν
1535 4534 1606 4586 τὰ
1633 4534 1732 4602 τῆς

1841 4537 2074 4592 alterum
2102 4535 2173 4591 ad
2195 4552 2255 4591 se
2289 4551 2416 4593 cum
2455 4536 2607 4590 nullo
2666 4533 2975 4589 adversarii
3018 4532 3199 4602 ipsius
3243 4530 3417 4585 detri-

188 4622 440 4691 βασιλείας
500 4624 752 4696 σύμϐολα
808 4620 1093 4688 δέξασθαι,
1141 4623 1230 4694 ᾔει
1262 4622 1358 4677 τοῦ
1413 4625 1602 4697 πρόσω
1646 4626 1732 4680 διὰ

1841 4638 2025 4684 mento
2057 4626 2444 4684 transtulisset.
2496 4627 2636 4683 Cum
2679 4627 2826 4682 enim
2848 4625 3209 4683 Constantius
3229 4622 3285 4677 in
3315 4621 3420 4693 Sy-

188 4714 384 4788 Θρᾴκης
408 4717 636 4788 χωρῶν·
671 4715 910 4786 ὁπηνίκα
935 4715 992 4767 δὲ
1023 4713 1132 4768 τῶν
1161 4714 1289 4785 τῇδε
1338 4716 1483 4786 ὅρων
1522 4717 1697 4787 ἐπέϐη
1720 4732 1732 4745 ⁸

1842 4720 1921 4774 ria
1951 4718 2307 4775 excursiones
2357 4729 2523 4790 atque
2570 4719 2951 4788 expeditiones
2981 4716 3229 4772 Persicas
3272 4729 3421 4769 com-

190 4809 308 4874 μετά
338 4809 546 4881 τρύγην
600 4808 646 4861 δ’
700 4806 794 4860 οὖν
843 4806 939 4860 καὶ
966 4806 999 4877 ἡ
1049 4805 1253 4869 Πλειὰς
1280 4804 1518 4861 δύνουσα
1544 4803 1613 4880 ἦν
1633 4826 1646 4839 ο
1680 4808 1732 4861 al

1841 4820 2107 4882 pesceret,
2156 4812 2237 4866 illi
2286 4811 2504 4867 interea
2565 4812 2746 4867 visum
2802 4818 2908 4873 est,
2947 4808 3245 4880 Illyricum,
3299 4805 3419 4858 sine

193 4900 273 4968 μὲν
296 4901 523 4969 ἄμπελοι
578 4901 841 4972 δμφακας
873 4899 1181 4969 έπεγέννων
1204 4914 1220 4930 ο
1255 4900 1349 4953 καί
1399 4917 1523 4953 τινα
1546 4901 1732 4969 δρόσον

1841 4903 2029 4972 praelia
2062 4903 2293 4975 imperio
2344 4918 2444 4959 suo
2477 4902 2774 4972 subjicere.
2814 4901 2913 4970 ιι
2957 4902 3134 4968 Atque
3179 4896 3418 4952 assimu-

191 4992 240 5059 ῑξ
260 4996 408 5066 ἀέρος
439 4995 843 5066 καταχυθεῖσαν
872 4993 1032 5061 λόγος
1059 4991 1210 5062 αύτῷ
1243 5009 1302 5047 τε
1330 4992 1428 5045 καὶ
1455 4995 1568 5056 τοῖς
1604 4993 1732 5047 ἑπο-

1841 4995 1962 5049 lans
1987 5010 2046 5050 se
2068 4995 2133 5049 ad
2149 4994 2536 5050 Constantium
2563 4993 2813 5056 tendere,
2839 4990 3008 5046 veluti
3029 4989 3268 5059 culpam,
3294 5000 3414 5055 per.

194 5085 373 5153 μένοις,
404 5087 643 5159 σταυροῦ
693 5088 881 5156 σχῆμα
939 5085 1184 5155 έκάστην
1218 5086 1457 5153 σταγόνα
1486 5089 1598 5150 τοῖς
1643 5085 1740 5140 πέ-

194 5177 329 5242 πλοις
384 5180 567 5235 αὐτῶν
608 5178 898 5233 έντυπούν.
940 5178 1127 5234 Ἄλλοι
1185 5181 1286 5249 μέν
1316 5174 1409 5234 οὖν
1460 5181 1597 5236 ἄλλα
1625 5184 1738 5243 τοῖς

192 5269 425 5335 τοιούτοις
479 5272 669 5339 ἔλεγον
696 5269 809 5323 τῶν
867 5286 933 5323 συ
944 5269 1160 5340 μϐόλων
1183 5286 1200 5302 ο
1228 5270 1290 5325 τό
1318 5287 1382 5340 γε
1424 5270 1533 5341 μὴν
1559 5271 1738 5341 ἄωρον

194 5359 275 5414 καὶ
296 5362 656 5434 ὀλιγοχρόνιον
677 5361 771 5432 τῆς
796 5361 972 5432 ἀρχῆς
995 5361 1084 5415 διά
1110 5361 1219 5415 τῶν
1240 5361 1510 5433 όμφάκων
1534 5362 1740 5434 ύπεση-

197 5454 410 5521 μαίνετο.
454 5456 512 5510 Ὀ
537 5456 594 5509 δὲ
634 5456 866 5527 σταυρὸς
915 5453 991 5519 ὡς
1032 5454 1143 5508 τῶν
1179 5455 1529 5526 Χριστιανῶν
1560 5457 1738 5528 δόγμα

1831 2411 2033 2482 cuique
2066 2409 2477 2480 dispiciendum
2512 2406 2787 2476 relinquo.
2818 2402 2951 2458 Nam
2984 2401 3152 2471 (quod
3209 2395 3415 2465 alioqui

1833 2503 1951 2558 ﬁeri
1985 2502 2161 2575 solet)
2202 2502 2354 2557 nulla
2385 2501 2454 2556 ad
2491 2498 2877 2555 Constantium
2931 2495 3116 2549 adhuc
3148 2490 3419 2563 supersti-

1833 2607 1967 2662 tem,
2012 2612 2042 2651 a
2083 2612 2190 2667 quo
2229 2594 2498 2650 beneﬁcia
2554 2593 2725 2647 multa
2786 2607 2845 2648 se
2886 2588 3169 2658 accepisse
3226 2597 3418 2641 serva-

1833 2698 2057 2759 tumque
2078 2688 2216 2743 adeo
2251 2702 2373 2743 esse
2427 2685 2660 2749 sciebat,
2714 2684 3013 2754 legatione,
3074 2696 3198 2751 quae
3254 2678 3413 2733 illum

1829 2791 2114 2837 excusaret
2128 2780 2539 2844 etdefenderct,
2562 2779 2750 2841 missa,
2768 2776 2951 2830 statim
2971 2790 3069 2831 eos
3091 2773 3412 2843 magistratu

1830 2870 1986 2926 abire
2023 2881 2438 2938 exauctoratos,
2474 2885 2615 2940 quos
2640 2869 2731 2924 ille
2775 2877 3059 2933 evexerat,
3102 2867 3313 2937 coegit,
3362 2874 3418 2920 et

1830 2965 2039 3020 aliosin
2071 2980 2262 3020 eorum
2293 2965 2475 3019 locum
2494 2965 2736 3033 sutl'ecit,
2774 2962 3076 3030 omniaque
3105 2961 3172 3014 ad
3209 2960 3411 3015 volun-

1832 3063 1996 3110 tatem
2031 3064 2242 3110 tantum
2276 3072 2431 3111 suam
2474 3062 2614 3127 egit.
2668 3057 2736 3113 Et
2764 3054 3150 3129 Constantium
3206 3052 3413 3117 ridens,

184 4071 552 4141 μετεστήσατο,
589 4069 712 4138 δίχα
764 4067 949 4138 μέντοι
1008 4066 1220 4137 ζημίας
1277 4067 1372 4120 τοῦ
1408 4068 1730 4123 ἀντιπάλου.

181 4157 271 4210 Τοῦ
294 4158 394 4230 γὰρ
417 4158 806 4212 Κωνσταντίου
836 4159 893 4211 ὲν
926 4157 1095 4228 Συρίᾳ
1118 4160 1219 4229 τὴν
1249 4157 1523 4230 Περσικὴν
1555 4160 1733 4230 ὁρμὴν

183 4250 599 4316 ἀναστέλλοντος,
632 4251 830 4321 ὲκείνῳ
854 4249 966 4304 δεῖν
1001 4250 1173 4303 ἐδόκει
1209 4252 1277 4305 τά
1309 4252 1440 4322 περὶ
1462 4251 1588 4313 τοὺς
1636 4253 1738 4305 Ἱλ-

183 4341 372 4412 λυμοὺς
404 4345 538 4398 εἴσω
568 4343 760 4397 θέσθαι
790 4342 1014 4413 χειρῶν,
1046 4341 1140 4395 καὶ
1189 4342 1377 4413 μάχης
1421 4343 1555 4398 ἄνευ
1591 4334 1735 4414 κρα-

1841 5087 1972 5145 inde
2024 5098 2188 5159 atque
2242 5089 2456 5143 invitus
2508 5087 2729 5156 imperii
2787 5082 3025 5149 insignia
3090 5079 3415 5150 recepisset,

1840 5180 2259 5252 deprecaturus,
2300 5182 2534 5237 ulterius
2577 5179 2705 5236 inde
2742 5176 3026 5232 Thraciam
3065 5187 3259 5228 versus
3293 5187 3415 5241 pro-

1840 5274 2005 5330 cessit
2029 5291 2043 5329 :
2063 5281 2119 5328 et
2146 5274 2236 5329 ubi
2265 5274 2319 5328 in
2345 5273 2465 5344 ejus
2490 5269 2733 5338 regionis
2750 5276 2965 5322 montes
2996 5263 3265 5336 pervenit,
3291 5279 3416 5318 cum

1842 5374 1964 5436 post
2010 5363 2344 5420 vindemiam
2412 5361 2665 5430 Vergiliae
2735 5357 2810 5429 (2)
2867 5355 3204 5416 occiderent,
3276 5353 3418 5407 vites

1841 5455 2073 5527 gemmis
2093 5468 2151 5511 et
2182 5454 2306 5510 uvis
2343 5452 2665 5508 recentibus
2701 5449 3107 5522 germinarunt,
3147 5455 3204 5502 et
3231 5462 3320 5502 ros
3349 5461 3418 5501 ex

351 5590 816 5673 Juli_anus_hostes
861 5589 1157 5673 ex___Gailia
1194 5589 1336 5644 ultra
1363 5589 1621 5673 libcnum
1655 5594 1740 5673 tu?
1840 5592 2014 5673 culis,
2079 5566 2590 5673 Quadriburgium,
2618 5586 3019 5673 mStricensium
3041 5626 3075 5673 ,_
3115 5584 3418 5673 bivesiiinj,

192 5654 335 5725 gavit.
384 5664 463 5718 Ad
518 5661 774 5717 undecim
842 5661 1012 5714 millia
1062 5660 1221 5715 Rom.
1283 5661 1377 5730 qui
1424 5661 1551 5731 jure
1605 5663 1735 5718 belli
1839 5654 2067 5727 Bonam,
2104 5654 2472 5731 Lutcnacm‘n.
2522 5669 2578 5714 et
2618 5658 2892 5731 Bingium,
2946 5656 3201 5731 civitates
3232 5654 3417 5731 cepit.

196 5732 321 5798 capti
362 5732 699 5797 serviebant,
751 5731 820 5786 ab
874 5731 1136 5802 Almonis
1175 5724 1736 5802 recepit,'Agrippina
1843 5724 2124 5802 Sarmatas
2164 5733 2296 5802 item
2329 5742 2391 5802 ct
2419 5729 2638 5802 Quados
2663 5724 2813 5784 vicit.
2842 5727 3026 5802 0ro_s.,
3069 5724 3341 5781 Ammiau.

195 5812 450 5882 occupata.
514 5802 668 5882 Ideni
741 5816 865 5882 cum
924 5799 1170 5882 alumnis
1240 5798 1449 5856 eisdem
1484 5798 1733 5882 fbélluru
1910 5801 1988 5874 (‘2)
2021 5800 2290 5859 Pleiades.
2322 5798 2541 5856 Sozam.
2581 5800 2678 5857 lib.
2711 5815 2764 5867 ν,
2792 5814 2911 5869 cap.
2942 5798 2991 5852 l.

195 5874 358 5939 gessit,
384 5885 438 5931 et
480 5890 576 5943 per
628 5871 1033 5940 Hariobaudem
1073 5871 1355 5928 tribunum
1390 5881 1570 5931 castra
1600 5875 1737 5931 lter-

1828 3148 2108 3222 plerisqne
2142 3149 2196 3205 in
2228 3151 2369 3206 locis
2414 3150 2684 3222 epistolas
2706 3150 2828 3221 ejus
2881 3149 3155 3211 recitavit,
3213 3147 3419 3218 quibus
3510 3134 3517 3139 ’
