3814 6584
429 393 534 455 443

1667 393 2090 457 NICEPHORI
2138 392 2487 452 CALLISTI
3567 401 3651 470 4H

436 529 566 569 acre
603 513 656 569 in
687 513 868 584 ipsum
902 512 1248 584 comitesque
1278 513 1400 584 ejus
1429 512 1504 568 ita
1551 510 1784 566 diﬁ‘usus
1809 518 1915 573 est,
1950 515 2013 562 ut

2147 507 2367 576 ὑράνιόν
2402 507 2538 572 ἔστι,
2570 505 2668 563 καὶ
2699 506 2905 577 χρῆναι
2936 496 3143 570 πάντας
3186 514 3639 583 κατασημανθῆνιι

435 613 593 673 gutta
620 604 885 674 quaelibet
913 606 967 659 in
999 606 1146 676 sagis
1175 603 1392 659 illorum
1425 602 1608 658 crucis
1637 602 1871 657 formam
1923 616 2011 657 re-

440 706 822 766 pmentaret.
851 699 919 755 Et
945 699 1039 753 alii
1071 698 1292 769 quidem
1344 698 1507 752 aliter
1540 696 1785 767 prodigia
1847 708 2010 767 atque

436 789 639 843 indicia
675 790 792 844 hare
814 800 1172 860 acceperunt.
1206 790 1405 844 Verum
1433 804 1532 858 per
1587 804 1724 844 uvas
1757 789 2005 842 immatu-

438 896 529 936 ras
589 881 1039 952 intempestivum
1096 884 1217 952 ejus
1283 882 1623 951 minimeque
1678 882 2003 936 diuturnum

442 970 735 1039 imperium
774 982 863 1026 est
896 973 1264 1043 designatum.
1301 973 1451 1028 Crux
1503 982 1689 1028 autem
1747 971 2014 1028 Christia-

442 1077 640 1119 norum
705 1065 1011 1120 doctrinam
1075 1066 1355 1121 caelestem
1404 1081 1546 1132 esse,
1595 1080 1898 1137 omnesque
1950 1080 2015 1121 ea

444 1159 756 1229 consignari
782 1168 1036 1229 Oportere
1086 1159 1384 1229 portendit.
1424 1160 1731 1231 Utrumque
1761 1175 1893 1216 sane
1925 1176 2017 1230 po-

442 1249 774 1303 sterioribus
824 1250 1170 1319 temporibus
1238 1267 1429 1307 verum
1459 1268 1579 1307 csse
1627 1252 2014 1308 conﬁrmatum

443 1350 546 1395 est.
573 1341 825 1398 Julianus
852 1343 944 1397 ubi
967 1347 1018 1397 in
1038 1343 1286 1398 Thraciae
1307 1344 1575 1399 limitibus
1606 1344 1730 1410 fuit,
1749 1343 2018 1403 Constan-

446 1433 558 1483 tius
585 1431 895 1485 exstinctus
932 1447 1054 1488 esse
1088 1434 1153 1488 ad
1185 1433 1355 1503 Mopsi
1386 1434 1568 1490 fontes
1594 1435 1775 1491 dictus
1799 1444 1922 1492 est:
1956 1444 2019 1493 et

446 1522 563 1590 ipse
623 1522 1158 1595 Constantinopolim
1233 1526 1534 1597 ingressus,
1576 1528 1876 1598 imperator
1930 1537 2017 1585 est

445 1614 732 1669 salutatus.
772 1614 849 1669 lbi
889 1614 1193 1671 Constantii
1234 1617 1401 1673 funus
1442 1620 1726 1690 magniﬁce
1768 1620 2017 1676 curavit:

446 1714 609 1773 atque
644 1704 697 1758 id
728 1705 953 1776 dempto
985 1723 1015 1762 a
1052 1710 1229 1777 capite
1289 1724 1390 1764 suo
1458 1710 1765 1767 diademate
1816 1712 2020 1775 produ-

2122 596 2273 667 αὐτῷ
2296 614 2312 631 ’
2341 597 2378 652 ἆ
2411 597 2476 668 δὴ
2502 598 2602 652 καὶ
2629 598 2708 668 τῷ
2743 600 2923 669 χρόνῳ
2952 599 3112 669 ισχον
3146 601 3204 653 τὸ
3229 600 3463 671 βέϐαιον.
3501 604 3578 669 Ὦς
3601 608 3647 662 δὲ

2120 692 2254 762 περὶ¹
2307 690 2378 745 τά
2434 692 2544 745 τῶν
2574 691 2810 763 Θρᾳκῶν
2863 691 3084 761 ἐγένετο
3133 693 3279 763 ὅρια.
3316 696 3648 766 κωνστάντιος

2129 784 2229 854 μὲν
2253 784 2557 854 ἠγγέλλετο
2590 786 2852 856 τελευτᾷν
2894 787 3026 855 περὶ
3056 786 3247 855 Μόψου
3280 790 3504 856 κρήνας·
3538 793 3648 846 ἐκεῖ·

2125 894 2215 940 νος
2247 876 2305 930 δὲ
2338 876 2440 946 τὴν
2475 878 2894 935 Κωνσταντινου
2949 877 3297 939 καταλαϐὼν,
3332 877 3648 953 αὐτοκράτωρ

2126 970 2461 1041 άνηγόρευτο
2503 970 2756 1041 βασιλεύς
2784 986 2799 1002 ο
2833 977 2931 1024 καὶ
2959 970 3051 1022 τὸν
3093 969 3287 1039 νεκρὸν
3318 971 3649 1029 Κωνσταντίον

2128 1062 2573 1132 μεγαλοπρεπῶς
2606 1063 2833 1133 ἐκήδευε
2852 1077 2870 1093 °
2897 1062 2994 1116 καὶ
3014 1061 3438 1133 προεπόμπευεν
3460 1065 3649 1132 ἐκείνου,

2124 1155 2226 1224 τῆς
2251 1156 2500 1224 κεφαλῆς
2520 1154 2863 1226 ἀφελόμενος
2894 1156 2957 1209 τὸ
2989 1155 3253 1225 διάδημα,
3285 1154 3459 1223 τιμῶν
3482 1158 3564 1209 τὸν
3589 1178 3653 1212 νε.

2127 1249 2281 1320 κρδν,
2315 1242 2380 1303 οὗ
2405 1250 2505 1319 τὴν
2544 1249 2691 1321 ζωὴν
2720 1250 3124 1319 ὲπεστράτευεν
3175 1247 3417 1314 ἀφελεῖν.
3472 1250 3570 1316 Ἐφ’
3591 1249 3652 1315 οἷς

2131 1342 2398 1412 Ἕλληνες
2460 1342 2877 1410 λογοποιοῦντες
2925 1337 3092 1411 ἦσαν,
3139 1341 3214 1402 ὡς
3270 1340 3391 1411 ᾔδει
3441 1341 3533 1408 τὴν
3573 1344 3655 1397 τῶν

2133 1434 2485 1505 πραγμάτων
2534 1434 2844 1505 μεταϐολὴν
2896 1437 3132 1504 μαντικῇ
3164 1451 3273 1488 τινι
3324 1432 3482 1503 τέχνη
3507 1436 3656 1495 θἰουο

2126 1527 2330 1591 λιανδς.
2354 1529 2454 1581 καὶ
2473 1526 2562 1582 διὰ
2584 1528 2743 1583 τοῦτο
2760 1527 2860 1597 τὴν
2877 1527 2970 1580 ἐπὶ
2995 1527 3221 1598 Θρᾴκης
3243 1526 3504 1595 ὁρμῆσαι.
3520 1526 3657 1589 Τοῦτο

2127 1619 2174 1672 δ’
2203 1615 2269 1691 ἦν
2293 1619 2361 1677 ἂν
2383 1623 2442 1674 ἐν
2462 1620 2542 1691 τῷ
2566 1620 2823 1690 ἀσφαλεῖ,
2858 1620 2906 1673 εί
2933 1621 3025 1672 καὶ
3054 1617 3233 1687 ἑαυτῷ
3257 1617 3374 1689 ᾔδει
3401 1617 3517 1671 ὅσον
3540 1616 3658 1673 οὔπω

2126 1712 2374 1782 ἥκουσαν
2404 1712 2505 1782 τὴν
2531 1711 2814 1783 τελευτὴν.
2839 1713 2914 1774 ὡς
2938 1713 2995 1764 ὲν
3021 1711 3217 1780 ὀνείρῳ
3244 1709 3347 1775 τῆς
3377 1709 3538 1777 ἀρχῆς
3562 1726 3660 1776 γευ-

447 1812 578 1851 cens
606 1808 830 1853 secutus
861 1810 966 1862 est.
1026 1812 1301 1855 mortuum
1347 1816 1472 1857 eum
1509 1803 1717 1859 honore
1754 1802 2018 1869 alliciens,

2147 1804 2366 1875 καμίνῳ.
2402 1806 2512 1858 Καὶ
2544 1806 2651 1874 γὰρ
2683 1802 2938 1873 εὐηθείας
2973 1804 3034 1857 ού
3065 1805 3257 1873 πόρρω
3281 1802 3363 1867 τὸ,
3398 1802 3660 1870 πρόγνωσιν

449 1891 611 1960 cujus
654 1891 822 1945 vitam
884 1892 1101 1949 infestis
1138 1894 1312 1964 signis
1358 1897 1611 1965 petierat.
1670 1895 1845 1952 Graeci
1890 1913 2023 1954 sane

2156 1897 2398 1966 σχηκὸτα
2424 1895 2524 1968 τὴν
2557 1895 2822 1966 τελευτὴν
2847 1895 3259 1959 Κωνσταντξου,
3291 1891 3388 1946 καὶ
3417 1891 3508 1962 τὴν
3528 1892 3659 1945 αὐτοῦ

449 1983 800 2037 sermonibus
852 1993 965 2038 tum
1019 1984 1319 2055 jactarunt,
1354 1983 1638 2042 lulianum
1690 1988 2024 2044 vaticinandi

2147 2006 2179 2040 »ν
2218 1988 2445 2058 Περσῶν
2473 1989 2646 2059 ὁρίοις
2678 1986 2917 2058 σφαγὴν,
2950 1986 3147 2040 ἑκόντα
3174 1986 3314 2058 πρὸς
3357 1982 3447 2037 τὸν
3476 1983 3661 2037 θάνατον

455 2073 691 2143 quadam
749 2087 868 2131 arte
898 2093 1016 2131 eam
1054 2093 1239 2132 rerum
1292 2080 1651 2134 mutationem
1685 2079 2026 2148 pmvidisse,

2147 2081 2409 2136 ιλλεσθαι.
2462 2081 2622 2152 Αύτῷ
2662 2083 2764 2151 μὲν
2788 2081 2898 2151 γὰρ
2945 2079 3206 2132 ἀδουλίαν
3247 2077 3367 2130 ἐστι
3394 2078 3486 2129 καὶ
3511 2076 3663 2145 ἀμαθῆ

451 2175 509 2220 et
535 2167 605 2220 ob
637 2165 690 2221 id
718 2167 773 2221 in
805 2168 1095 2224 Thraciam
1132 2185 1478 2240 preperasse.
1501 2171 1656 2239 Quod
1694 2171 1877 2227 hercle
1908 2187 2030 2228 cer-

2147 2175 2472 2243 πτρατηγίας
2496 2173 2657 2240 δόξαν
2692 2171 2997 2242 προσάψαι,
3023 2174 3089 2243 τῇ
3124 2170 3181 2224 δὲ
3216 2167 3513 2239 Ῥωμαίων
3549 2167 3662 2236 ὑπη-

459 2271 575 2314 tum
621 2259 810 2315 haberi
853 2271 1055 2330 posset,
1105 2263 1150 2317 si
1192 2276 1351 2317 suum
1385 2264 1503 2333 ipse
1554 2279 1773 2334 quoque
1814 2264 2022 2320 obitum

2147 2270 2242 2336 ιὸῳ
2269 2266 2352 2329 είς
2394 2267 2552 2319 τόσον
2581 2267 2915 2336 περιστῆσαι
2956 2264 3047 2318 τὸν
3088 2262 3363 2327 κίνδυνον,
3403 2261 3474 2323 ὠς
3518 2263 3663 2312 πᾶσαν

450 2351 677 2421 jamjam
714 2353 763 2407 ei
792 2354 1186 2420 imminentem,
1217 2357 1309 2427 qui
1338 2357 1490 2426 quasi
1522 2357 1575 2411 in
1612 2357 1819 2413 somnis
1851 2359 2025 2428 impe-

2147 2359 2322 2426 ιχεδδν
2352 2358 2466 2429 ἢτὸ
2496 2358 2750 2412 πλεῖστον
2793 2358 2961 2430 μέρος
2985 2357 3092 2409 ὑπὸ
3140 2356 3362 2427 Πέρσας
3396 2353 3665 2425 πρᾶξαιγι-

455 2440 601 2495 rium
636 2452 846 2498 tantum
880 2445 1209 2511 degustavit,
1241 2447 1489 2502 vidisset.
1524 2446 1685 2504 Esset
1727 2464 1963 2519 namque
1994 2464 2023 2503 a

2147 2450 2346 2505 θέσθαι.
2383 2449 2555 2504 Τοῦτο
2582 2451 2681 2520 μὲν
2710 2443 2812 2503 ὧδε
2846 2450 3071 2503 κείσθω.

455 2533 689 2591 stultitia
720 2552 827 2592 non
852 2538 1115 2605 alienum,
1144 2541 1189 2595 si
1214 2541 1328 2611 ipse
1350 2549 1405 2595 et
1464 2539 1775 2597 Constantii
1848 2551 2102 2609 mortem,
2140 2553 2197 2599 et
2232 2558 2386 2598 suam
2423 2544 2478 2597 in
2514 2543 2804 2599 Persarum
2869 2543 3069 2598 ﬁnibus
3115 2542 3323 2597 caedem
3367 2544 3665 2609 prospectat!

456 2635 689 2699 habens,
722 2651 818 2690 sua
853 2644 1048 2705 sponte
1089 2635 1157 2690 ad
1193 2637 1479 2690 interitum
1555 2638 1920 2707 prosiluisset.
1989 2639 2105 2695 Hoc
2142 2641 2363 2710 qttidcm
2427 2656 2537 2696 non
2604 2641 2750 2696 aliud
2796 2648 2900 2704 est,
2963 2654 3124 2709 quam
3180 2637 3289 2706 ipsi
3343 2635 3661 2689 inconsultam

458 2730 823 2785 temeritatEm
850 2738 905 2785 et
950 2729 1316 2800 imperatoria:
1344 2730 1480 2785 artis
1542 2731 1871 2800 imperitiam
1939 2734 2228 2804 at'ﬁngere:
2297 2734 2588 2805 imperium
2637 2747 2819 2791 autem
2849 2734 3217 2789 Romanorum
3255 2733 3311 2786 in
3346 2740 3540 2785 tantum
3568 2747 3669 2785 con-

455 2826 628 2896 jicere
659 2824 984 2895 pericuium,
1033 2835 1092 2881 ut
1139 2824 1190 2881 id
1235 2824 1349 2881 l'ere
1401 2834 1601 2893 totum,
1648 2836 1746 2881 aut
1796 2828 2033 2882 maxima
2071 2839 2220 2884 certe
2254 2846 2321 2885 ex
2378 2840 2554 2901 parte,
2595 2831 2779 2887 Persis
2817 2831 2888 2886 sit
2936 2830 3241 2885 subditum.
3309 2826 3433 2883 Haec
3482 2826 3662 2897 quidem

460 2920 751 2974 hactenus.

1002 3015 1104 3084 12
1140 3014 1367 3071 CAPUT
1418 3013 1507 3071 ut.

468 3104 536 3158 Ut
567 3106 873 3162 Christiano
906 3107 1157 3181 abjurolo
1187 3149 1201 3168 .
1230 3109 1481 3164 Julianus
1512 3112 1564 3164 in
1605 3109 1869 3164 idolorum
1899 3112 2037 3181 fanis

532 3190 832 3232 versaretur
865 3190 956 3250 τοι
990 3189 1047 3231 ut
1078 3180 1218 3233 inter
1245 3181 1661 3250 sacriﬁcandum
1687 3181 1742 3233 in
1770 3180 2035 3236 horrenda

533 3258 741 3318 spectra
767 3248 1036 3305 inciderit.

535 3362 788 3420 Julianus
819 3379 985 3435 porro
1038 3367 1272 3435 itnperio
1303 3368 1530 3438 potitus,
1559 3378 1664 3423 tam
1693 3368 2040 3438 impudenter

466 3465 525 3510 et
557 3470 746 3527 aperte
786 3458 993 3514 dicitur
1040 3461 1364 3529 religionem
1400 3460 1701 3531 abjurasse,
1756 3472 1817 3517 ut
1861 3464 2037 3531 ipsum

466 3551 634 3605 etiam
676 3556 1058 3621 pernegaverit
1081 3550 1380 3618 Christum,
1409 3565 1464 3608 et
1487 3554 1773 3609 sacriﬁciis
1813 3554 2042 3625 quibus-

467 3644 595 3699 dam
631 3644 1057 3715 da‘tnonumque
1125 3647 1465 3703 detestandis
1513 3648 1955 3703 invocationibus
1985 3656 2042 3699 et

473 3737 824 3793 victimarum
876 3740 1142 3810 sanguine
1191 3756 1405 3796 sacrum
1453 3745 1688 3797 abluerit
1742 3744 2041 3807 lavacrum,

390 3872 395 3875 .
473 3838 639 3898 atque
665 3831 905 3900 seipsum
938 3847 967 3886 a
1014 3833 1289 3903 mysteriis
1325 3834 1585 3891 Ecclesia:
1629 3845 2042 3890 exauctoratum

476 3921 804 3977 ext-luserit:
832 3932 886 3978 et
917 3922 1179 3994 deinceps
1206 3941 1314 3981 non
1339 3931 1499 3980 modo
1518 3929 1792 3997 privatim,
1827 3928 1920 3983 sed
1950 3946 2048 4000 pu-

477 4014 622 4070 blice
649 4015 835 4083 etiam,
868 4032 1210 4089 quacunque
1244 4018 1451 4075 Graecis
1476 4022 1869 4090 permittuntur
1893 4036 2047 4077 sacra

477 4116 537 4163 et
566 4109 853 4173 sacriﬁcia.
887 4111 968 4166 eis
1019 4120 1286 4166 ult'rclllt‘.
1324 4104 1615 4166 Enimvero
1664 4114 1962 4166 solemnem
1997 4113 2047 4166 ei

489 4203 723 4258 hostiam
756 4204 1037 4265 mactanti.
1072 4206 1125 4258 in
1157 4205 1296 4259 extis
1328 4205 1448 4275 ejus
1481 4204 1666 4259 crucis
1715 4206 1928 4286 signum
1959 4219 2049 4258 co-

2742 3014 2994 3069 ΚΕΦᾹΛ.
3032 3013 3109 3070 Γ.

2145 3109 2347 3172 Ὅπως
2377 3107 2448 3162 τὰ
2480 3107 2857 3177 Χριστιανῶν
2874 3105 3331 3177 ἐξομοσάμενος
3360 3089 3667 3177 Ἰοιλτὶιανρφ

2217 3176 2547 3244 εὶδωλείοις
2604 3176 2933 3245 ἐσχόλαζε·
2986 3176 3086 3230 καὶ
3135 3178 3362 3243 θυσίας
3399 3176 3668 3242 ἐπιτελῶν,
3778 3176 3779 3213 7

2214 3250 2492 3320 φάσμασι
2521 3248 2931 3316 περιέπιπτεν.

2210 3363 2447 3430 Λέγεται
2485 3361 2530 3415 δ’
2562 3361 2638 3425 ὡς
2690 3361 3085 3431 ἁρπασάμενον
3122 3360 3223 3430 τὴν
3290 3359 3484 3429 ἀρχὴν,
3515 3357 3669 3427 ἀνέδην

2143 3454 2285 3510 οὕτω
2308 3455 2398 3508 καὶ
2420 3455 2734 3525 περιφανῶς
2770 3455 2935 3524 μήτοι
2955 3471 3019 3522 γε
3047 3454 3103 3506 τὸ
3132 3454 3301 3516 σέϐας
3332 3452 3669 3521 ἐξομόσασθαι,

2143 3555 2278 3608 ἀλλά
2304 3555 2398 3607 καὶ
2422 3554 2583 3609 αὑτὸν
2606 3552 3032 3622 ἀπαρνήσασθαι
3062 3554 3156 3605 τὸν
3183 3552 3425 3624 Χριστόν
3443 3570 3456 3583 ·
3483 3554 3566 3607 καί
3585 3568 3667 3604 τιτι

2144 3645 2359 3709 θυσίαις
2425 3646 2521 3698 καὶ⁸
2582 3646 2906 3715 ὲπικλήσεσι
2963 3646 3235 3714 δαιμόνων
3295 3646 3666 3716 ἀποτροπαίοις.

2145 3739 2362 3808 ἱερείων
2417 3756 2476 3791 τε
2522 3739 2741 3808 αἵμασι,
2798 3739 2858 3794 τὸ
2883 3738 3027 3792 θεῖον
3059 3739 3287 3808 λουτρὸν
3318 3738 3667 3808 ἀπονίψασθαι,

2147 3831 2241 3885 καὶ
2269 3815 2384 3892 τοῖς
2418 3830 2741 3900 μυστηρίοις
2791 3830 2889 3899 τῆς
2919 3830 3250 3901 Ἐκκλησίας
3307 3829 3667 3895 ἀποτάξασθαιο

2146 3924 2241 3975 καὶ
2294 3922 2355 3974 τὸ
2408 3920 2659 3974 ἐντεῦθεν
2716 3922 2779 3975 οὐ
2849 3923 2973 3976 καθ’
2998 3922 3192 3976 ἑαυτὸν
3240 3925 3430 3993 μόνον,
3461 3924 3582 3974 ἀλλά
3604 3921 3671 3974 καὶ

2148 4013 2459 4082 παρρησίᾳ,
2495 4012 2596 4065 ὅσα
2660 4012 2920 4082 Ἕλλησιν
2972 4014 3051 4076 είς
3086 4011 3285 4066 θυσίαν
3322 4015 3544 4074 ἀνεῖται,
3572 4010 3676 4079 χρῆο

2150 4102 2294 4155 σθαι.
2328 4103 2500 4168 Λόγος
2553 4100 2686 4169 γοῦν
2739 4101 2889 4171 αύτῷ
2945 4119 3074 4155 ποτε
3106 4102 3205 4172 τὴν
3265 4100 3475 4172 συνήθη
3520 4101 3674 4152 θυσίαν

2145 4195 2540 4264 προσφέροντι,
2572 4191 2633 4246 τὸ
2657 4192 2751 4246 τοῦ
2778 4192 3015 4264 σταυροῦ
3036 4194 3222 4264 σχῆμα
3247 4196 3363 4256 τοῖς
3394 4194 3677 4260 σπλάγχνοις

478 4308 612 4348 roua
663 4294 1067 4349 circumdatum
1112 4296 1432 4365 apparuisse
1467 4295 1692 4352 dicitur.
1736 4284 1921 4362 VQuod
1967 4297 2035 4351 eis

2149 4286 2244 4337 τοῦ
2276 4286 2475 4352 ἱερείου
2530 4285 2790 4354 φανῆναι,
2828 4286 3097 4354 στεφάνου
3135 4285 3302 4338 αὐτὸν
3337 4284 3674 4352 περιθέοντος·

479 4385 574 4455 qui
613 4385 690 4440 illi
728 4401 892 4457 opera
928 4388 1155 4450 dabant,
1194 4400 1307 4440 non
1342 4402 1569 4457 parvum
1622 4388 1853 4443 incussit
1892 4390 2035 4443 timo-

2151 4378 2179 4431 ὂ
2203 4381 2316 4443 τοῖς
2349 4381 2474 4447 περὶ
2505 4380 2711 4431 ἐκεῖνον
2757 4377 3154 4448 ὴσχολημένοις
3195 4378 3314 4440 δέος
3349 4377 3465 4432 οὔτι
3500 4380 3677 4448 μέτριον

481 4492 621 4539 rem.
648 4476 849 4533 Christi
882 4460 1182 4548 pdtentiam
1205 4479 1626 4550 doctrinamque
1653 4491 1894 4534 nostram
1926 4496 2035 4549 per-

2154 4471 2340 4540 ἐνῆκε,
2371 4471 2471 4543 τὴν
2504 4469 2602 4523 τοῦ
2640 4470 2882 4541 Χριστοῦ
2933 4472 3110 4540 ἰσχὺν,
3138 4471 3320 4541 καὶτὸ
3348 4470 3580 4538 διηνεκὲς
3606 4466 3676 4519 τοῦ

486 4580 655 4639 petuo
711 4570 1058 4635 duraturam,
1119 4581 1427 4643 suspectam
1481 4573 1846 4628 habentibus:
1905 4588 2035 4643 quot

2160 4565 2428 4633 δόγματος
2488 4562 2901 4631 ύπειδομένοις·
2950 4563 3043 4616 τὸν
3100 4563 3209 4631 γὰρ
3246 4562 3511 4629 στέφανον
3556 4562 3677 4625 νίκης

483 4678 686 4717 corona
710 4664 957 4718 victoria:
989 4664 1203 4736 signum
1241 4674 1407 4730 esset,
1435 4674 1493 4732 et
1520 4667 1807 4723 circularis
1853 4665 2035 4721 forma

2155 4649 2297 4705 εἶναι
2327 4654 2551 4719 σημεῖον
2573 4666 2590 4683 ο
2627 4652 2721 4703 καὶ
2750 4653 2778 4703 δ
2831 4649 3031 4712 κύκλος
3070 4652 3132 4701 τδ
3164 4647 3431 4703 πάντοθεν
3460 4648 3677 4717 ἄρχεσθαι

485 4757 635 4810 omni
665 4771 732 4810 ex
758 4766 914 4829 parte
967 4756 1182 4812 initium
1213 4758 1459 4829 capiens,
1516 4767 1682 4829 atque
1726 4759 1779 4813 iu
1814 4757 2035 4827 seipsan

2153 4748 2250 4802 καὶ
2278 4746 2468 4817 λήγειν
2496 4748 2575 4808 είς
2598 4743 2795 4829 ἑαυτὸν
2815 4745 2875 4795 τὸ
2908 4742 3178 4812 μηδαμῶς
3204 4742 3381 4812 πέρας
3409 4742 3544 4811 ἔχειν
3565 4740 3679 4809 ᾐνίσ-

484 4844 767 4910 desinens,
805 4847 968 4903 ﬁnem
1006 4850 1215 4904 nullum
1271 4850 1644 4920 portenderet.
1678 4853 1746 4904 At
1794 4849 2055 4904 sacerdos

487 4941 582 5010 qui
615 4955 771 4995 sacro
795 4941 1033 5011 prefuit,
1067 4957 1136 4997 ne
1193 4958 1258 4998 ea
1292 4959 1353 4999 re
1404 4943 1849 5014 perturbaretttr,
1900 4942 2052 4996 illum

487 5031 804 5085 admonuit:
840 5032 1115 5087 victimam
1154 5034 1300 5087 enim
1337 5047 1537 5088 novum
1565 5030 1822 5101 quiddam
1871 5041 2056 5085 osten-

489 5124 645 5188 dere,
701 5122 1074 5180 Christianum
1109 5125 1324 5179 scilicet
1373 5124 1567 5194 dogma
1602 5127 1710 5193 jam
1742 5123 2054 5192 comprimi,

489 5228 546 5273 et
575 5217 644 5271 ad
678 5217 918 5288 seipsum
972 5217 1196 5279 reverti,
1245 5215 1488 5280 circulo,
1542 5230 1614 5270 ne
1662 5215 1824 5269 sicmi
1880 5216 2052 5285 prius,

494 5309 696 5365 ﬁnibus
736 5310 903 5365 nullis
956 5308 1298 5371 constitutis,
1329 5322 1660 5377 quocunque
1725 5308 1885 5362 vellet
1932 5307 2056 5362 loco

485 5400 649 5470 longe
676 5400 891 5470 lateque
914 5409 1328 5471 propagaretur,
1360 5399 1416 5452 in
1438 5407 1725 5469 augustum
1747 5397 2053 5451 redactum.

488 5493 611 5549 Alio
645 5495 772 5549 item
807 5505 1074 5563 tempore,
1104 5507 1227 5547 cum
1259 5491 1475 5547 celebre
1504 5491 1776 5560 quoddam
1833 5491 2057 5560 adytum

483 5586 841 5642 divinationis
864 5586 1034 5656 gratia
1065 5583 1295 5648 subiret,
1322 5592 1381 5639 et
1408 5584 1593 5638 subito
1637 5598 1757 5638 sese
1782 5583 2057 5639 horrenda
2080 5590 2081 5595 ‘

487 5681 736 5748 quaedam
767 5690 981 5747 spectra
1016 5677 1345 5746 ingererent.
1381 5676 1502 5747 ejus
1536 5680 1613 5729 rei
1648 5686 1872 5744 propter
1893 5691 2058 5745 quam

488 5768 770 5838 ingressus
801 5767 1003 5835 luerat,
1027 5767 1231 5823 oblitus
1262 5772 1441 5836 (aetate
1460 5766 1604 5820 cnim
1628 5767 1971 5836 provectiore
1994 5767 2057 5820 ad

492 5861 763 5917 idolorum
793 5877 945 5917 sacra
973 5878 1030 5918 sc
1048 5862 1402 5928 contulerat),
1432 5861 1571 5931 quod
1601 5860 1653 5914 iu
1684 5858 1849 5914 rebus
1879 5858 2062 5913 dubiis

2159 4858 2304 4895 σετο.
2374 4839 2434 4892 Ὀ
2473 4838 2530 4892 δὲ
2584 4824 2845 4905 τελευτῆς
2903 4834 3148 4907 ἀρχηγὸς
3210 4834 3287 4905 μὴ
3357 4831 3677 4901 ταράττεσθαι

2159 4929 2457 5001 παρηγγύα
2485 4946 2498 4962 ο
2529 4929 2678 4995 ξένον
2701 4930 2811 4999 γάρ
2835 4946 2885 4980 τι
2905 4927 3099 4997 δηλοῦν
3128 4927 3191 4979 τδ
3210 4927 3442 4994 σφάγιον
3464 4942 3479 4956 ο
3506 4922 3679 4978 συστέλ-

2156 5024 2345 5077 λεσθαι
2369 5024 2477 5093 γὰρ
2504 5022 2603 5092 ήδη
2632 5022 2692 5073 τὸ
2726 5020 2901 5090 δόγμα
2933 5018 3028 5072 καὶ
3056 5018 3193 5088 πρὸς
3211 5017 3376 5071 ἑαυτὸ
3402 5018 3599 5088 χωρεῐν,
3620 5011 3677 5080 τῷ

2159 5118 2345 5186 κύκλῳ
2400 5114 2940 5183 στενοχωρούμενονο
3006 5112 3215 5180 καὶμὴ
3281 5109 3468 5179 ὥσπερ
3526 5102 3679 5174 πρώην

2161 5211 2558 5279 ἀπεριορίστως
2606 5204 3001 5266 πλατύνεσθαι,
3056 5204 3154 5256 καλ⁸
3183 5203 3269 5271 ἐφ’
3312 5202 3405 5265 οὓς
3433 5200 3680 5267 ἀναιροῖτο

2162 5303 2359 5373 χωρεῖν
2381 5314 2395 5329 ⁶
2427 5300 2616 5353 ἄλλοτε
2648 5296 2693 5350 δ’
2725 5294 2885 5358 αὖθις
2911 5296 3004 5348 ὲπί
3037 5313 3090 5347 τι
3124 5295 3232 5348 τῶν
3285 5296 3561 5363 ἐπισήμων
3586 5286 3679 5340 ἁδύ·

2158 5410 2268 5445 των
2314 5392 2576 5462 μαντείας
2607 5389 2763 5459 χάριν
2812 5387 2926 5451 ἰὼν,
2976 5386 3208 5452 ἐξάπινα
3239 5387 3535 5457 φασμάτων
3553 5379 3679 5433 τινῶν

2162 5484 2451 5554 φρικωδῶν
2516 5480 2962 5550 προσϐαλόντων,
2994 5479 3107 5554 τῶν
3166 5479 3253 5548 ἐφ’
3283 5478 3344 5554 ἃ.
3367 5476 3549 5548 κατῄει
3579 5472 3678 5539 πρὶς

2162 5553 2333 5645 λήθην
2356 5572 2526 5628 ἐλθὼν
2551 5574 2685 5645 (ὀψὲ
2715 5573 2825 5644 γάρ
2855 5571 2956 5640 τῆς
2986 5553 3204 5641 ἦλικίας
3237 5574 3315 5634 εἰς
3342 5570 3490 5624 ταῦθ’
3527 5564 3677 5637 ἧκεν),

2163 5671 2371 5733 εἰωθὼς
2394 5668 2470 5725 ὣν
2500 5671 2557 5722 ὲν
2580 5668 2807 5737 ἀπόροις
2837 5666 2914 5735 τῷ
2940 5666 3219 5737 σταυρικῷ
3246 5665 3456 5735 σημείῳ
3486 5656 3679 5730 χρῆσθαι

2164 5764 2301 5832 πρὸς
2324 5762 2573 5831 ἀρωγὴν,
2613 5758 2688 5822 di;
2740 5761 2836 5811 καὶ
2886 5753 3042 5819 αὖθις
3072 5757 3347 5819 κινδύνοις
3372 5748 3678 5824 περιληφθεὶς

2167 5856 2240 5926 τῷ
2272 5853 2491 5924 συνήθει
2529 5852 2854 5923 ἁμυντηρέῳ
2900 5850 3196 5920 ἐχρήσατο.
3251 5847 3337 5917 Τῷ
3371 5848 3479 5916 γάρ
3503 5845 3598 5897 δέει
3622 5834 3677 5903 τῷ
