3870 6532
112 395 196 460 449
991 379 1616 444 ECCLESIAST1C£
1658 378 2057 441 HISTORLE
2099 378 2246 440 LIB.
2294 380 2366 442 X.

3231 379 3340 443 45η

116 519 207 571 λεν
238 510 326 565 καὶ
354 508 618 578 Ἕλλησιν
663 504 916 561 ἐνεκάλει
975 503 1052 567 ὼς
1109 501 1184 572 μὴ
1241 499 1649 567 ὲπαμύνουσιν,

1768 497 1958 552 rimnm
2009 499 2108 554 toti
2147 499 2271 554 urbi
2323 501 2672 566 succensuit,
2716 509 2772 558 et
2801 502 3022 558 Graecos
3056 517 3165 557 non
3199 505 3339 558 adeo

116 611 229 664 ὥστε
254 604 344 660 καί
376 621 431 656 τι
461 600 635 655 δεινὸν
663 601 862 654 παθεῖν
911 595 1055 665 ὑπὲρ
1101 594 1297 664 τύχης,
1333 589 1493 660 εἴπερ
1521 589 1659 652 τέως

1768 590 1966 645 multos
1993 607 2110 645 eam
2143 591 2450 648 incolentes
2485 592 2756 648 incursavit
2785 612 2798 648 :
2830 609 2894 649 ac
2920 596 2964 650 si
2985 596 3116 665 quid
3143 597 3340 653 durius

115 700 198 753 ἔδει
231 695 438 750 παθεῖν’
497 694 596 748 καὶ
635 688 959 762 τριακοσίας
1016 685 1210 756 λίτρας
1267 680 1472 752 χρυσοῦ
1531 681 1657 742 τοὺς

115 792 195 847 ἁνά
233 788 348 850 τοὺς
378 789 540 856 ὅρους
589 784 759 852 αὐτῆς
805 781 927 852 ᾔτει
979 777 1091 849 βίᾳ.
1129 779 1256 838 τοὺς
1301 775 1349 828 δν
1374 775 1432 826 ὲν
1467 771 1658 840 κλήρῳ

115 887 284 944 πάντας
319 880 422 933 ὑπὸ
451 876 801 948 λειτουργίαν
833 870 1246 943 στρατιωτικὴν
1281 867 1460 921 τελεῖν
1487 880 1656 935 προσ-

115 980 267 1044 τάξαςο
321 976 348 1029 ὃ
396 972 717 1041 δαπανηρὸν
776 969 871 1023 καὶ
924 966 1298 1020 ἐπονείδιστον
1334 960 1652 1031 ἐνομίζετο·

116 1074 300 1137 σύμπαν
324 1066 380 1119 δὲ
412 1065 476 1119 τὸ
503 1063 906 1135 Χριστώνυμον
939 1057 1147 1127 πλῆθος
1176 1056 1451 1124 ὑποφορον
1479 1067 1650 1105 κατα⁴

116 1163 302 1231 στήσας,
330 1159 428 1211 ὅσα
460 1157 558 1208 καὶ
592 1155 770 1224 Κώμῃ
819 1155 885 1222 τῇ
912 1152 1071 1204 πόλει
1121 1147 1419 1219 ὲχρήσατο’
1454 1145 1653 1214 ὅρκους

115 1258 156 1309 δὲ
184 1249 501 1322 προστιθεὶς,
562 1246 803 1318 ἠπείλει,
844 1245 921 1306 ὡς
975 1243 1026 1296 εί
1070 1243 1145 1312 μὴ
1204 1239 1402 1293 θᾶττον
1429 1238 1499 1290 τὰ
1531 1234 1654 1304 ἱερά

117 1346 421 1415 ἀνεγείρωσι,
457 1343 570 1394 πᾶν
621 1341 675 1393 εῐ
708 1357 761 1391 τι
806 1337 984 1392 δεινὸν
1037 1335 1172 1406 δρᾷν
1225 1335 1292 1404 τῇ
1328 1331 1523 1383 πόλιν
1558 1329 1657 1381 καὶ

115 1437 239 1498 τέλος
300 1430 662 1503 ἀφαιρεῖσθαί
727 1446 786 1482 τε
837 1426 1085 1494 κεφαλὰς
1143 1422 1255 1477 τῶν
1309 1418 1652 1474 Γαλιλαίων*

116 1529 230 1582 οὕτω
257 1525 362 1595 γὰρ
410 1524 654 1594 ὑϐρίζων
690 1520 879 1574 ἐκάλει
913 1515 1306 1588 Χριστιανούς·
1347 1513 1441 1567 καὶ
1473 1511 1653 1580 ἐφθα-

126 1639 194 1676 σεν
234 1621 294 1674 ἂν
338 1617 645 1688 ὲκπερᾶναι
697 1614 799 1677 τὰς
847 1612 1082 1674 ἀπειλὰς
1111 1651 1126 1673 ,
1165 1610 1214 1662 εί
1253 1609 1328 1678 μὴ
1369 1606 1432 1660 τὸ
1477 1604 1657 1674 χρεὼν

1758 682 2151 752 perferendum
2184 685 2274 748 sit,
2307 693 2422 738 tum
2452 685 2740 740 ferendum
2771 703 2869 756 pro
2895 689 3113 743 fortuna
3144 691 3337 755 fuisse,

1757 775 1841 829 eis
1873 775 2098 845 objecit.
2140 777 2446 833 Treeentas
2479 793 2612 832 sane
2650 780 2772 833 auri
2814 780 2987 835 libras
3021 783 3088 834 ab
3131 784 3211 836 eis
3242 783 3337 850 qui

1761 869 1898 922 lines
1931 870 2086 925 urbis
2116 870 2235 940 ejus
2279 871 2524 934 coluere,
2560 873 2610 926 vi
2662 875 2866 944 exegit.
2897 873 3119 928 Clerum
3152 884 3336 930 autem

1759 974 1978 1014 omnem
2016 961 2346 1016 muneribus
2375 971 2431 1016 et
2460 963 2789 1018 ministeriis
2821 964 3156 1018 militaribus
3190 965 3244 1018 in
3275 981 3341 1019 ea

1757 1052 1982 1122 regione
2007 1055 2259 1111 attribuit
2289 1074 2302 1110 :
2335 1058 2481 1126 quod
2507 1073 2633 1112 cum
2664 1061 2979 1128 sumptibus
3014 1075 3340 1126 onerosum,

1759 1150 1872 1195 tum
1941 1143 2245 1212 ignominia
2298 1147 2761 1200 contumeliosum
2813 1147 3189 1200 existimatum
3235 1156 3341 1200 est.

1756 1233 1822 1288 Et
1851 1233 2179 1291 Christianis
2221 1238 2482 1292 Omnibus
2515 1239 2726 1293 tributo
2763 1239 3058 1308 imposito,
3095 1239 3234 1293 urbe
3277 1255 3343 1292 ea

1757 1329 1991 1396 perinde
2039 1340 2207 1400 atque
2254 1330 2377 1386 vico
2405 1319 2597 1400 aliquo
2626 1345 2710 1386 est
2761 1349 2914 1386 usus.
2957 1333 3090 1387 Jure
3121 1347 3343 1403 quoque

1752 1421 1992 1490 jurando
2027 1421 2378 1492 interposito,
2429 1424 2669 1477 minatus
2722 1425 2806 1478 eis
2851 1434 2972 1487 est,
3018 1426 3123 1478 nisi
3175 1439 3340 1492 quam

1761 1510 2005 1579 primum
2037 1513 2242 1581 templa
2275 1512 2506 1566 deorum
2543 1516 2923 1576 restituerent,
2955 1513 3185 1584 quiquid
3220 1529 3345 1582 pos-

1758 1615 1842 1657 set
1874 1604 2204 1660 calamitatis
2247 1607 2454 1660 civitati
2499 1622 2558 1661 se
2603 1607 2924 1669 illaturum,
2955 1617 3012 1661 et
3061 1617 3342 1676 postremo

118 1710 407 1782 προφθάσαν
459 1709 556 1762 τοῦ
619 1707 719 1776 ζῇν
774 1703 1221 1773 ὑπερεξήγαγεν.
1258 1701 1384 1752 Ὅτι
1435 1714 1499 1765 γε
1560 1694 1659 1749 καὶ¹

1768 1698 1940 1765 capita
1969 1699 2132 1752 etiam
2165 1699 2627 1755 ablaturum’esse
2657 1699 2929 1764 Calilaais;
2962 1699 3042 1754 sic
3068 1700 3214 1752 enim
3247 1713 3344 1766 per

71 1867 79 1872 _
116 1803 355 1873 καταρχὰς
400 1802 504 1855 οὐκ
544 1801 714 1868 οἴκτῳ
743 1797 807 1851 τὸ
859 1795 1248 1865 φιλάνθρωπον
1294 1791 1499 1844 ἐδείκνυ
1532 1787 1659 1856 περὶ

1768 1789 2157 1843 contumeliam
2220 1791 2568 1846 Christianos
2623 1791 2953 1844 nominavit.
3012 1791 3194 1859 Atque
3251 1790 3342 1842 ille

118 1866 466 1967 Χριστιανοὺς,
497 1866 704 1964 καίπερ
732 1889 1034 1962 βαρύτερος
1075 1888 1316 1958 μάλιστα
1349 1885 1457 1937 τῶν
1487 1883 1657 1936 πάλαι

1768 1882 1937 1934 minas
1982 1882 2253 1952 ejusmodi
2303 1883 2368 1936 ad
2426 1897 2540 1936 rem
2593 1883 2953 1946 contulisset,
3003 1883 3106 1936 nisi
3161 1883 3343 1936 fatalis

116 1993 387 2057 διωξάντων
419 1989 523 2058 τὴν
591 1986 927 2055 Ἐκκλησίαν
967 1983 1043 2037 ὢν
1068 1997 1084 2014 ⁸
1118 1979 1235 2036 ἀλλ’
1264 1978 1421 2040 είδὼς
1453 1981 1516 2031 ἐκ
1547 1973 1655 2028 τῶν

117 2085 382 2154 γενομένων
417 2080 690 2152 μηδεμίαν
750 2078 939 2148 θνησιν
994 2071 1138 2130 εἶναι
1190 2072 1269 2144 τῷ
1309 2069 1656 2140 Ἑλληνισμῷ

120 2175 288 2227 ἐκτῶν
338 2175 476 2242 πρὸς
536 2169 902 2241 Χριστιανοὺς
956 2166 1273 2236 ἀνηκέστων
1332 2162 1653 2233 τιμωριῶνο

121 2268 286 2337 μᾶλλον
321 2267 418 2334 μὲν
461 2263 557 2318 οὖν
591 2261 829 2333 αὖξησιν
879 2261 942 2314 τὸ
973 2259 1150 2328 δόγμα
1179 2258 1390 2321 λαϐεῖν,
1439 2255 1538 2308 καὶ
1573 2255 1657 2306 ἕνα

120 2357 218 2420 δοξα
247 2352 497 2407 ἐντεῦθεν
543 2353 616 2404 τὰ
665 2347 1014 2420 Χριστιανῶν
1043 2345 1412 2415 γεγενῆσθαι,
1454 2339 1534 2404 οἷς
1564 2344 1658 2394 ἀν-

120 2449 276 2517 δρείως
324 2447 554 2500 ἐκείνων
605 2441 796 2497 πολλοὶ
845 2441 1107 2511 τελευτᾷν
1165 2439 1371 2491 εἵλοντο
1407 2453 1420 2466 ·
1478 2435 1658 2497 ἄλλως

119 2557 164 2592 τε
198 2541 283 2592 καὶ
315 2539 409 2606 τῆς
439 2536 655 2590 ἐκεῖθεν
689 2535 849 2604 δόξης
876 2531 1089 2594 τούτοις
1122 2529 1354 2600 φθονῶν,
1392 2528 1454 2580 οὐ
1485 2528 1658 2596 φειδοῖ

117 2651 200 2685 τινι
226 2632 313 2685 καὶ
339 2629 749 2700 φιλανθρωπίᾳ.
804 2625 1095 2695 Αἱκισμοῖς
1127 2623 1223 2690 μὲν
1251 2623 1360 2689 γὰρ
1391 2623 1486 2672 καὶ
1523 2620 1659 2688 πυρὶ

119 2726 193 2776 καὶ
217 2725 414 2793 σιδήρῳ
451 2722 549 2776 καὶ
577 2719 890 2780 θαλαττίοις
934 2716 1143 2786 βυθοῖς,
1178 2714 1210 2785 ἢ
1245 2713 1455 2776 ζῶντας
1488 2712 1658 2780 βαρά-

120 2819 241 2887 θροις
280 2818 526 2888 βάλλειν,
582 2814 683 2867 καὶ
738 2814 811 2881 γῇ
869 2809 1270 2879 κατορύττειν,
1319 2804 1355 2859 ἃ
1407 2807 1518 2867 τοῖς
1553 2803 1660 2872 πρὸ

118 2911 297 2963 ἐκείνου
340 2908 426 2961 διὰ
465 2905 734 2974 σπουδῆς,
770 2901 1053 2964 παντελῶς
1099 2900 1354 2953 ἀπεῖπεν.
1387 2897 1524 2950 Οὐδὲ
1549 2896 1658 2966 γὰρ

118 3004 160 3067 ἐξ
182 3003 470 3069 ἀναγκαίου
500 2999 682 3051 ταῦτα
717 2995 815 3068 τὴν
851 2995 1082 3063 γνώμην
1121 2991 1432 3059 μεθίστησι.
1470 2990 1661 3041 Πειθοῖ

119 3098 159 3146 δὲ
187 3097 370 3163 μᾶλλον
425 3093 520 3146 καὶ
577 3089 978 3159 παραινέοεσιν
1012 3086 1201 3155 ἡγεῖτο
1231 3083 1342 3135 δεῖν
1373 3081 1506 3151 πρὸς
1536 3081 1663 3133 ἀσέ-

122 3187 244 3240 εειαν
276 3188 527 3256 μετάγειν
558 3186 627 3237 τὰ
660 3180 868 3251 πλήθη,
921 3175 1220 3232 κάντεῦθεν
1265 3173 1462 3245 ῥᾳδίως
1495 3191 1656 3243 περιρ

120 3235 650 3350 -τάχα,
693 3235 780 3328 ἵνα
812 3235 1012 3342 μαλλον
1051 3235 1356 3338 παράδοξύς
1396 3283 1480 3329 τις
1516 3262 1658 3319 είναι

1768 3263 1896 3318 tiam
1961 3280 2072 3320 non
2138 3276 2481 3322 mutarent:

120 3369 216 3440 δόξῃ
245 3372 368 3439 περὶ
416 3370 620 3430 αὐτοὺς
658 3365 754 3421 καὶ
790 3362 1199 3434 φιλάνθρωπος,
1236 3358 1312 3430 μὴ
1345 3357 1467 3428 βίαν
1495 3357 1656 3420 εὐθὺς

125 3463 314 3529 ἐπάγειν
342 3464 550 3532 ᾑρεῖτο.

1762 1975 2060 2027 necessitas
2089 1982 2263 2027 morte
2284 1988 2410 2028 eum
2443 1973 2822 2042 praevenisset.
2855 1973 3046 2042 Neque
3077 1973 3146 2026 ab
3177 1973 3342 2025 initio

1760 2079 1857 2133 per
1885 2065 2317 2122 misericordiam
2344 2066 2729 2120 humaniorem
2757 2081 2816 2121 se
2839 2080 2966 2135 erga
2992 2065 3343 2120 Christianos

1759 2157 2055 2233 exhibuit,
2097 2158 2392 2227 minusque
2427 2159 2736 2226 graviorem
2772 2159 3056 2213 veteribus
3087 2173 3345 2228 perseeu-

1762 2249 1975 2303 toribus
2000 2266 2014 2304 :
2045 2249 2140 2304 sed
2169 2249 2316 2318 quod
2344 2250 2481 2304 nihil
2509 2249 2776 2304 momenti
2803 2250 3120 2304 Graecorum
3150 2263 3344 2317 super-

1759 2341 1972 2398 stitioni
2017 2343 2450 2405 constituendae,
2483 2343 2925 2399 Christianorum
2976 2345 3343 2399 intolerabilia

1758 2436 1923 2488 etiam
1951 2434 2223 2504 supplicia
2251 2435 2474 2500 afferre,
2499 2438 2632 2505 quin
2669 2438 2832 2490 etiam
2861 2438 3058 2504 dogma
3087 2449 3341 2491 nostrum

1761 2527 1968 2595 majora
2019 2542 2118 2596 per
2178 2544 2241 2582 ea
2290 2543 2491 2597 capere
2527 2532 2862 2585 incrementa
2907 2534 3094 2586 sciret.
3146 2530 3346 2599 Ingens

1760 2621 1909 2672 enim
1939 2635 2005 2674 ex
2043 2635 2111 2674 eo
2139 2619 2474 2676 Christianis
2503 2622 2736 2677 accessit
2767 2623 2964 2692 gloria,
2991 2623 3138 2693 quod
3167 2638 3235 2678 ex
3262 2624 3346 2678 eis

1759 2712 1916 2764 multi
1957 2712 2176 2767 fortiter
2230 2723 2465 2768 mortem
2516 2715 2623 2770 sibi
2674 2715 2993 2772 obeundum
3048 2717 3338 2773 duxerint.

1761 2803 2028 2858 Praeterea
2059 2820 2190 2859 vero
2214 2805 2434 2861 laudem
2467 2822 2587 2860 eam
2618 2809 2779 2863 nobis
2809 2809 3033 2865 invidit.
3070 2811 3131 2864 Et
3160 2827 3188 2865 a
3219 2821 3338 2864 tor-

1761 2895 1964 2951 mentis
1993 2897 2220 2966 quidem
2261 2909 2318 2952 et
2347 2901 2506 2968 igne,
2534 2909 2590 2953 et
2632 2901 2818 2964 ferro,
2861 2911 2914 2957 et
2953 2904 3130 2974 pelagi
3174 2904 3342 2958 undis

1762 2988 2066 3052 abstinuit;
2101 3003 2285 3058 neque
2315 2990 2468 3043 vivos
2497 2990 2582 3044 vel
2617 2989 2675 3043 in
2707 2989 3035 3046 barathrum
3075 2994 3341 3064 conjecit.

1762 3078 1848 3133 vel
1883 3078 1940 3132 in
1975 3088 2120 3133 terra
2154 3079 2397 3147 defodit,
2431 3097 2555 3151 quae
2601 3083 2692 3137 alii
2743 3092 2874 3139 ante
2901 3099 3030 3139 eum
3081 3100 3346 3155 persecu-

1765 3179 1916 3225 tores
1941 3170 2216 3238 feeerant;
2251 3174 2400 3242 quod
2434 3175 2547 3229 haec
2575 3177 2892 3232 necessario
2918 3178 3086 3232 animi
3120 3189 3346 3235 senten.

2549 3269 3032 3328 cohortationibus
3090 3288 3218 3328 vera
3286 3285 3344 3329 et

1762 3359 2224 3427 persuasionibus
2275 3362 2685 3418 multitudinem
2731 3365 2800 3419 ad
2848 3365 3186 3435 impietatem
3222 3381 3348 3436 per-

1764 3451 2095 3507 trahendam
2135 3469 2257 3510 esse
2296 3458 2536 3513 censuit.
2575 3457 2650 3513 Eo
2687 3459 2851 3515 modo
2885 3460 3045 3516 facile
3087 3476 3144 3516 se
3174 3476 3344 3529 supe-

125 3562 290 3613 tiuretn
340 3560 478 3622 fore,
511 3567 567 3612 et
597 3556 744 3627 quod
775 3552 957 3616 vellet,
989 3549 1321 3606 eﬂ‘eeturum
1357 3561 1478 3602 esse
1543 3555 1696 3603 ratus
1733 3557 1864 3605 est:
1936 3558 2032 3604 aut
2068 3537 2337 3619 fortasse,
2376 3564 2436 3608 ut
2467 3555 2829 3612 admirandus
2858 3571 3016 3627 esse,
3047 3567 3105 3615 et
3145 3570 3346 3630 praeter

121 3660 540 3728 exspectationem
578 3658 958 3725 perhumanus
993 3649 1046 3703 in
1073 3649 1156 3703 eis
1193 3645 1496 3712 videretur,
1526 3661 1639 3700 non
1677 3647 1864 3702 statim
1901 3647 2007 3702 vim
2043 3649 2126 3704 eis
2155 3649 2528 3706 adhibendam
2563 3667 2685 3708 esse
2718 3654 2956 3724 putavit.

669 3793 924 3847 ΚΕΦΑΛ.
967 3790 1048 3844 E'.

130 3891 208 3956 Ὠς
255 3890 395 3958 ἡδὺς
449 3888 530 3964 (ᾧ
583 3885 1030 3964 πλήθει-θᾲίωφς
1053 3879 1276 3964 δοκεζν,
1310 3875 1656 3964 ἁνῇκεῖτοῖς

175 3948 510 4030 ἆπιίντάχοῦ
521 3948 992 4032 φυγαδευθελῐοςιν
1007 3951 1364 4032 ἐπισκόποις
1381 3949 1486 4032 ἐπὶ
1499 3948 1659 4032 ων-

175 4018 565 4104 στανείᾷὖῂτᾶς
584 4018 825 4104 ἐξορίας
843 4025 939 4104 διὰ
959 4023 1146 4104 μίσος
1158 4023 1396 4104 ἐκείνου
1415 4034 1430 4048 ·
1451 4018 1656 4104 ἄλλως

177 4117 230 4154 τε
259 4103 348 4155 καί
371 4100 466 4154 διὰ
497 4091 563 4154 τὸ
587 4091 938 4164 adiuva-iw
965 4091 1338 4154 Ἐκκλησίαν
1374 4091 1658 4157 ταράττε-

176 4176 318 4227 σθαι.

180 4286 394 4340 Τοιαῦτα
421 4283 836 4353 διανοούμενος,
870 4280 1039 4333 πᾶσιν
1070 4275 1162 4340 οὓς
1193 4272 1466 4346 φυγαδείᾳ
1494 4289 1658 4326 κατε-
1687 4307 1690 4310 η

122 4375 308 4429 δίκασεν
339 4379 366 4430 ὁ
392 4375 774 4435 Κωνστάντιος
827 4372 917 4424 διὰ
950 4369 1049 4439 τὴν
1081 4365 1378 4438 θρησκείαν
1399 4406 1415 4431 ,
1450 4364 1656 4434 ἀνῆκεν

123 4469 273 4521 οἶκαδε
306 4469 474 4524 ίεσθαι
495 4485 508 4499 ·
557 4467 652 4521 καὶ
685 4467 796 4528 τοῖς
849 4462 957 4516 ύπδ
992 4462 1169 4531 δήμου
1201 4459 1269 4512 τὰ
1297 4458 1474 4512 οἰκεῖα
1502 4457 1659 4527 διαρ-

129 4565 317 4628 παγεῖσι
360 4562 457 4624 τὰς
510 4559 702 4621 οὐσίας
761 4554 1150 4626 ἀπεχαρίζετο.
1202 4550 1564 4620 Διατάγματα
1615 4547 1660 4602 δ’

127 4653 329 4720 ἔπεμπε,
369 4652 572 4723 μηδένα
600 4649 711 4702 τῶν
760 4644 1112 4716 Χριστιανῶν
1146 4643 1378 4707 ἀδικεῖν,
1417 4641 1540 4711 μηδ’
1571 4641 1663 4694 ἐπὶ

131 4743 287 4810 θδσίας
316 4743 642 4818 βιάζεσθαι,
679 4739 817 4812 μηδὲ
859 4737 1132 4810 ὑϐρίζειν.
1165 4735 1322 4788 Ὅσοι
1361 4731 1406 4787 δ’
1454 4733 1663 4785 ἕλοιντο

132 4833 306 4902 ἑλόντες
352 4839 464 4902 τοῖς
517 4834 724 4907 βωμοῖς
774 4831 1096 4902 προσιέναι,
1147 4827 1420 4897 πρότερον
1470 4826 1665 4896 περιρ-

134 4930 402 5000 ῥαντηρίοις
457 4931 557 4982 καὶ
612 4923 1003 4998 καθαρτηρίοις
1051 4919 1290 4993 χρῆσθαι
1349 4919 1665 4987 ῑλουμένους

131 5023 222 5085 τοῖς
265 5024 540 5093 δαίμοσιν.
591 5019 738 5071 Ὅσα
789 5016 847 5068 δὲ
906 5013 1319 5074 Κωνσταντῖνος
1381 5009 1665 5080 κληρικοῖς

134 5114 272 5169 ἐποίει
320 5115 606 5186 σιτηρέσια
661 5110 757 5164 καὶ
799 5107 1089 5170 ἀτελείας,
1140 5105 1202 5158 τὸ
1256 5105 1411 5157 Θεῖον
1463 5100 1665 5170 τιμῶν,

136 5207 368 5276 περιεῖλεν
404 5200 562 5269 οὗτος
582 5243 598 5270 ,
628 5204 726 5258 καὶ
754 5203 866 5263 τοῖς
893 5197 1177 5268 δημοσίοις
1219 5195 1490 5259 ὲνέταξεν·
1527 5192 1563 5246 ἀ
1605 5208 1665 5244 τε

138 5299 296 5368 χήραις
322 5301 414 5352 καὶ
446 5298 739 5368 παρθένοις
778 5292 844 5346 δι’
879 5291 1087 5345 ἔνδειαν
1126 5291 1184 5341 ὲν
1213 5288 1441 5358 κλήροις
1476 5286 1666 5352 ἔταξεν

138 5391 189 5441 ἐκ
228 5392 484 5461 δημοσίων
563 5386 907 5460 τρέφεσθαι,
967 5383 1182 5454 πικρῶς
1239 5383 1663 5451 εἰσεπράττετο.

141 5480 504 5546 Κωνσταντίνος
534 5482 669 5550 γὰρ,
710 5479 876 5551 ήνίκα
931 5477 1000 5529 τὰ
1044 5475 1188 5529 κατά
1223 5475 1321 5538 τὰς
1368 5475 1667 5542 ἐκκλησίας

143 5571 429 5643 ἐνομοθέτει,
461 5577 527 5628 ἐκ
553 5575 664 5627 τῶν
692 5573 930 5640 ἑκάστης
965 5569 1174 5629 πόλεως
1204 5569 1386 5635 φόρων
1411 5565 1479 5618 τὰ
1515 5565 1668 5634 διαρ⁴

144 5663 199 5733 κῆ
219 5669 336 5737 πρὸς
375 5668 472 5738 τὴν
505 5667 614 5720 τῶν
645 5664 972 5733 ἐπιτηδείων
1011 5661 1346 5729 ζωάρκειαν,
1374 5659 1507 5709 πᾶσι
1554 5659 1667 5719 τοῖς

145 5754 325 5828 κλήροις
368 5761 563 5825 ἐδίδου,
609 5761 706 5814 καὶ
737 5757 887 5826 νόμῳ
921 5755 1019 5824 τὴν
1068 5751 1266 5822 πρᾶξιν
1314 5749 1534 5820 ἐκύρου.
1570 5750 1668 5802 καὶ

151 5843 221 5902 νῦν
240 5853 292 5917 ις
326 5853 478 5926 δεῦρο
508 5854 761 5926 τηρεῖται
790 5847 972 5911 καλῶς
1002 5843 1429 5914 φυλαττόμενος.
1466 5836 1576 5896 Ἠν
1612 5842 1666 5895 δὲ

2385 3790 2610 3848 CAPUT
2653 3793 2720 3850 V.

1765 3874 2072 3956 Quomodo,
2124 3889 2180 3956 ut
2236 3881 2479 3956 faverent
2518 3884 2679 3953 plebis
2733 3893 3114 3956 auruparelur,
3163 3903 3341 3942 omnes

1836 3952 2032 4019 passim
2059 3954 2328 4027 episcopos
2368 3970 2399 4004 a
2440 3952 2752 4027 Constantio
2802 3952 3130 4027 irt'easilium
3165 3959 3341 4027 pulsos

1838 4023 2112 4098 revocarit,
2145 4038 2274 4098 cunt
2293 4032 2509 4098 propter
2529 4023 2824 4080 Constantii
2854 4026 3053 4095 odium,
3074 4023 3182 4080 tum
3205 4029 3342 4098 quod

1837 4089 2135 4147 Ecclesium
2167 4089 2374 4147 turbari
2391 4089 2580 4149 ’vellet.

1839 4270 1943 4342 ιθ
1982 4269 2263 4341 Ejusmodi
2289 4273 2506 4343 agitans
2531 4274 2794 4338 consilia,
2823 4275 2916 4344 qui
2950 4291 2978 4329 a
3013 4275 3340 4333 Constantio

1765 4363 1821 4420 in
1853 4366 2108 4420 exsilium
2141 4366 2285 4436 pulsi
2315 4380 2543 4438 propter
2578 4368 2900 4439 religionem
2939 4369 3177 4436 fuerant,
3219 4387 3343 4426 om-

1767 4459 1936 4513 nibus
1965 4467 2294 4528 potestatem
2336 4461 2604 4515 redeundi
2642 4461 2808 4516 fecit:
2843 4470 2901 4516 et
2932 4477 3165 4532 quorum
3201 4465 3342 4520 bona

1697 4582 1740 4651 ο
1768 4551 2048 4623 publicata
2091 4552 2347 4617 fuerant,
2381 4568 2442 4607 ea
2475 4553 2584 4610 illis
2613 4555 2882 4611 restituit.
2922 4557 3111 4611 Edicta
3159 4558 3344 4627 publi-

1768 4653 1888 4698 cata
1909 4681 1924 4707 ,
1967 4658 2038 4698 ne
2066 4641 2370 4698 Christiani
2419 4644 2638 4715 injuriis
2666 4646 3036 4712 afﬁcerentur,
3067 4663 3204 4703 neve
3249 4663 3346 4717 per

1766 4733 1876 4788 vim
1925 4743 2020 4789 aut
2070 4735 2465 4789 contumeliam
2526 4737 2593 4790 ad
2642 4737 2914 4792 sacriﬁcia
2965 4737 3342 4808 adigerentur.

1765 4825 1824 4881 Si
1854 4828 1944 4896 qui
1982 4841 2114 4882 vero
2159 4842 2258 4882 sua
2292 4839 2490 4898 sponte
2524 4827 2590 4884 ad
2635 4844 2762 4884 aras
2802 4829 3068 4884 accedere
3115 4831 3342 4895 vellent,

1767 4932 1862 4972 eos
1912 4918 2068 4988 prius
2127 4919 2357 4975 deorum
2424 4921 2820 4989 placandorum
2879 4921 3057 4990 gratia
3110 4921 3339 4974 lustrari

1769 5011 2100 5080 purgarique
2164 5013 2389 5066 debere.
2449 5014 2742 5066 Annonam
2798 5023 2854 5067 et
2914 5013 3342 5075 immunitatem,

1767 5118 1931 5173 quam
1957 5101 2354 5158 Constantinus
2384 5120 2483 5171 pro
2506 5120 2602 5160 sua
2634 5121 2762 5175 erga
2790 5103 2960 5159 Deum
2989 5105 3346 5160 observantia

1768 5196 1988 5251 clericis
2022 5207 2395 5260 concesserat,
2427 5199 2544 5266 ipse
2575 5199 2884 5269 abrogavit,
2914 5207 2970 5253 et
3001 5198 3055 5252 in
3091 5198 3347 5266 publicos

1769 5299 2070 5358 proventus
2116 5291 2322 5343 retulit.
2369 5288 2501 5354 Quae
2539 5305 2671 5344 vero
2705 5289 2888 5344 viduis
2919 5299 2974 5344 et
3004 5289 3343 5359 virginibus,

1769 5390 1998 5450 propter
2054 5382 2293 5450 inopiam
2345 5381 2504 5448 cleri,
2563 5383 2825 5436 alimenta
2875 5398 2906 5438 e
2957 5383 3180 5452 publico
3230 5384 3345 5438 lar-

1770 5473 1975 5544 gienda
2019 5473 2293 5530 destinata
2331 5484 2513 5540 erant,
2561 5491 2704 5546 aegre
2735 5484 2792 5530 et
2837 5476 3131 5532 difﬁculter
3165 5478 3348 5549 exige-

1778 5568 2005 5620 bantur.
2029 5565 2433 5622 Constantinus
2465 5583 2728 5640 namque,
2761 5584 2887 5624 cum
2921 5569 3184 5624 ecclesias
3217 5586 3349 5624 con-

1777 5659 2037 5713 stitueret
2095 5669 2262 5729 atque
2324 5660 2652 5729 ordinaret,
2717 5678 2784 5718 ex
2853 5664 3120 5733 cujusque
3189 5663 3348 5719 urbis

1777 5753 2138 5822 proi'eutibus
2169 5752 2268 5808 toti
2303 5752 2477 5819 clero,
2512 5765 2777 5825 quantum
2809 5758 2876 5811 ad
2909 5759 3074 5810 vi:am
3108 5757 3348 5810 toleran-

1772 5846 1896 5899 dam
1955 5845 2087 5902 satis
2132 5853 2318 5910 esset,
2373 5861 2556 5901 rerum
2623 5851 3058 5906 necesmriarum
3125 5847 3342 5910 tribuit,
