3870 6544
152 418 235 479 453
1026 405 1631 472 ECCLESIASTICIE
1666 403 2066 466 HISTORIE
2094 402 2246 465 LIB.
2291 404 2367 465 X.
3262 397 3370 460 454
3455 468 3463 476 ⁸

156 558 247 594 τινι
271 533 484 607 γυναικὶ
530 533 784 605 παρθένῳ
832 533 891 584 ὲν
937 530 1324 601 ’Δλεξανδρείᾳ
1364 526 1684 599 κρυπτόμε-

1839 536 1939 580 itus
1983 524 2197 583 latuit:
2246 538 2369 591 quae
2402 530 2613 613 tantum
2663 520 2841 577 forma
2888 522 3213 580 excelluisse
3257 534 3367 580 ιτα-

150 645 240 692 voc“
267 628 330 698 ἢν
357 625 605 695 τοσούτῳ
657 621 990 692 διαλάμπειν
1024 621 1212 675 κάλλει
1246 620 1275 671 ό
1305 618 1678 688 τῆςίστορίας

1835 621 1960 683 itur,
1992 626 2052 670 ιιι
2086 624 2372 685 stuporem
2408 627 2636 683 prorsus
2680 626 2744 667 ea
2788 615 3173 680 spectantibus
3217 615 3363 670 inru-

150 718 450 791 παραδίδωσι
495 717 679 785 λόγος,
735 715 809 777 ὡς
854 712 1200 781 κατάπληξιν
1233 712 1493 782 ἄντικρυς
1544 706 1678 763 εἶναι

1840 718 1950 776 ετει,
1984 720 2042 763 et
2072 724 2235 762 nemo
2268 722 2463 761 eorum
2499 706 2592 773 qui
2632 707 2929 761 castiorem
2965 707 3135 762 vitam
3167 709 3368 764 sectari

148 809 399 879 ὁρωμένην
425 845 444 869 ,
479 809 575 859 καὶ
609 807 683 876 μή
722 822 845 858 τινα
878 805 992 857 τῶν
1041 803 1345 874 σωφρονεῖν
1387 800 1676 873 ᾑρημένων

1844 801 2213 855 instituissent
2234 837 2248 861 ,
2281 798 2333 851 in
2365 796 2703 866 colloquium
2735 798 2858 868 ejus
2894 798 3142 862 veniret,
3173 814 3241 850 ne
3268 799 3372 854 sci-

150 904 216 966 είς
236 900 416 968 λόγους
449 898 625 951 ὲλθεῖν
655 895 972 969 πειρᾶσθαι,
1006 898 1092 949 ἵνα
1131 896 1204 966 μή
1248 896 1415 949 ποθεν
1445 894 1678 963 ἐκπηδή-

1842 903 1918 948 cet
1945 907 2014 947 eo
2045 889 2273 944 nomine
2314 887 2751 957 reprehensione
2778 902 2887 942 non
2921 897 3159 943 careret.
3194 888 3370 955 Atque

152 1012 233 1055 σας
269 993 449 1062 μῶμος
502 990 651 1061 αὐτῷ
692 988 1078 1061 προστριϐείη.
1126 989 1341 1059 Ἐκείνη
1385 987 1442 1041 δὲ
1478 990 1680 1057 καίπερ

1843 988 1882 1039 ia
1920 983 2139 1038 tametsi
2188 983 2264 1036 ita
2302 979 2508 1033 florens
2552 987 2609 1034 et
2660 978 2843 1033 vivida
2881 988 3030 1034 esset
3057 1020 3070 1041 ,
3106 979 3371 1048 pudicitia

150 1086 301 1147 οὕτως
330 1084 672 1153 ἀκμάζουσα,
709 1085 860 1153 ὅμως
898 1082 994 1136 τοῦ
1050 1072 1332 1153 σώφρονος
1365 1083 1460 1134 καὶ
1494 1081 1678 1152 σεμνό-

1854 1091 1976 1130 men
2034 1084 2092 1128 et
2136 1072 2432 1128 sanctitate
2484 1072 2611 1126 vitae
2660 1086 2773 1125 non
2831 1070 3060 1126 excidit.
3106 1072 3239 1135 Quae
3289 1086 3375 1124 tes

151 1194 292 1247 τητος
313 1177 406 1229 οὐκ
439 1174 730 1242 ἀφίστατο·
765 1174 801 1229 ἃ
827 1175 892 1246 δὴ
929 1177 1022 1229 καί
1059 1175 1198 1244 μόνα
1251 1178 1478 1245 κοσμεῖν
1505 1168 1679 1237 εἴωθεΊ

1844 1168 1948 1233 die,
1984 1165 2237 1237 quamvis
2272 1163 2412 1217 nihil
2443 1164 2753 1234 adjutnenti
2787 1179 2816 1216 a
2857 1172 3055 1217 natura
3094 1165 3163 1217 ad
3202 1164 3372 1217 deco-

154 1271 213 1340 μή
260 1286 308 1321 τι
355 1269 581 1338 καὶτῆς
615 1268 836 1337 φύσεως
880 1272 1284 1338 συναιρομένης
1326 1271 1393 1322 τὰ
1441 1269 1578 1339 πρὸς
1603 1269 1682 1321 εὗ-

1847 1275 1911 1312 :m
1940 1258 2193 1321 accedat,
2227 1264 2558 1311 ornamento
2588 1270 2711 1310 esse
2738 1255 2938 1311 solent.
2970 1257 3077 1325 18
3105 1256 3177 1312 Ut
3205 1270 3375 1323 prope

152 1363 416 1432 πρέπειαν.
486 1360 600 1414 Καὶ
653 1360 765 1431 γάρ
823 1377 942 1423 πως
997 1361 1286 1431 συμϐαίνει
1337 1361 1461 1431 μηδ’
1493 1359 1680 1429 ἀληθὲς

1850 1367 1986 1406 erum
2029 1367 2153 1407 esse
2203 1367 2312 1404 non
2353 1349 2612 1404 videatur
2643 1392 2656 1413 ,
2696 1351 2842 1420 quod
2887 1366 2916 1404 a
2953 1351 3256 1420 majoribus
3293 1350 3378 1403 di-

152 1454 299 1508 ὲκεῖνό
325 1469 385 1520 γε
432 1452 666 1517 οίεσθαι,
700 1453 728 1506 ὂ
755 1454 868 1516 τοῖς
904 1453 1012 1523 πρὸ
1056 1454 1215 1523 ἡμῶν
1250 1455 1504 1524 sim-rat;
1531 1455 1680 1506 όποῖο

1848 1461 1949 1500 ηυιιι
1993 1453 2118 1500 est:
2157 1443 2363 1517 Qualia,
2398 1443 2509 1498 sint
2553 1458 2823 1513 corpora,
2879 1442 3016 1497 tales
3051 1444 3216 1497 etiam
3252 1457 3376 1495 esse

153 1545 459 1614 τὰσώματα,
496 1544 761 1608 τοιαύτας
790 1543 932 1599 εἶναι
974 1545 1068 1599 καὶ
1102 1547 1198 1609 τὰς
1222 1546 1426 1616 ψυχάς.
1459 1545 1681 1601 Τούναν·

1849 1540 2030 1594 tlmos.
2068 1536 2210 1605 Quin
2247 1552 2278 1592 e
2311 1537 2536 1592 diverso
2577 1538 2799 1607 petins,
2839 1536 2905 1590 ad
2946 1535 3258 1589 animorum
3293 1534 3377 1587 in-

150 1638 245 1691 τίον
273 1637 325 1690 δὲ
358 1635 561 1706 μᾶλλον
601 1637 738 1708 πρὸς
791 1638 858 1691 τὰ
884 1637 984 1708 τῆς
1026 1622 1207 1709 ᾥυχῆς
1257 1638 1678 1707 ἐπιτηδεύματα

1842 1631 1990 1685 .ituta
2015 1669 2032 1694 ,
2069 1641 2363 1701 corporum
2405 1628 2628 1700 quoque
2681 1643 2870 1682 mores
2913 1627 3370 1682 conformantur:

150 1732 226 1783 καὶ
250 1729 305 1782 τὸ
336 1727 429 1781 τοῦ
472 1729 732 1799 σώματος
766 1725 899 1799 ἦθος
940 1729 1484 1801 συσχηματίζεσθαιο
1548 1730 1678 1783 xuii

1848 1765 1852 1777 .
1884 1725 2048 1793 quale
2078 1724 2317 1795 quisque
2346 1731 2572 1779 exercet
2596 1722 2870 1787 studium,
2905 1721 3031 1775 talis
3053 1720 3222 1775 etiam
3252 1734 3376 1772 esse

152 1822 205 1873 ἂν
235 1819 374 1890 τύχοι
412 1824 675 1889 πράττων
726 1824 755 1874 ό
806 1823 1074 1890 τοιοῦτος,
1136 1822 1379 1877 τοιοῦτον
1429 1824 1526 1878 καὶ
1580 1824 1680 1877 δια-

1847 1825 2065 1887 pparet,
2113 1829 2453 1885 quocunque
2503 1815 2557 1869 id
2605 1813 2821 1869 accidat
2872 1821 3144 1883 tempore.
3196 1813 3375 1882 Atque

154 1887 425 1982 φαίνεσθαι·
458 1887 555 1966 παὶ
590 1914 716 1968 καθ’
745 1914 805 1967 ὃν
849 1915 915 1968 ἂν
964 1887 1277 1986 ἐπιτηδεύοι
1309 1917 1521 1987 καιρόν.
1554 1917 1682 1986 Πρὸς

1846 1910 1864 1963 1
1903 1911 2046 1964 hanc
2092 1908 2365 1963 rationem
2397 1909 2442 1963 si
2477 1908 2606 1978 quis
2634 1922 2749 1961 rem
2782 1915 2939 1962 certo
2969 1907 3185 1976 exigat,
3221 1917 3374 1959 recte

153 2006 192 2069 δ,
222 2000 383 2074 οίμαι,
420 2007 503 2068 τίς
563 2006 828 2074 ἀσφαλῶς
885 2005 1158 2071 ἐξετάζων
1189 2008 1366 2078 τούτῳ
1408 2007 1488 2078 τῷ
1530 2007 1681 2077 λόγῳ1

1843 2001 1851 2054 |
1885 2001 1967 2055 sic
1996 2016 2121 2054 eum
2163 2000 2445 2055 dicturum
2469 2040 2484 2065 ,
2518 2015 2701 2069 neque
2732 2000 3046 2069 quempiam
3090 1999 3184 2068 qui
3218 1998 3371 2053 reln-

156 2100 392 2169 εὐστόχως
419 2100 633 2164 είπεῖν,
667 2101 763 2153 καὶ
796 2100 1002 2170 μηδένα
1051 2101 1197 2171 ἔχειν
1224 2100 1317 2154 τὸν
1342 2085 1684 2173 ἀντεροῦντα.

1847 2103 2000 2159 ;etur,
2034 2094 2359 2149 habiturum
2407 2108 2561 2156 esse,
2615 2093 3004 2150 existimat-im.
3038 2092 3375 2148 Athanasius

157 2194 240 2245 Τόν
267 2193 465 2262 γεμὴν
522 2192 851 2248 Ἀθανάσιον
884 2193 1008 2262 θεία
1054 2192 1178 2263 δψει
1232 2195 1372 2264 πρός
1403 2195 1506 2263 τὴν
1558 2209 1685 2263 παρ·

1846 2186 2050 2249 itidem.
2084 2186 2273 2242 divina
2308 2185 2665 2255 providentia
2697 2186 2766 2240 ad
2796 2186 3067 2255 virginem
3102 2185 3248 2241 hanc
3274 2186 3374 2239 de-

159 2286 285 2340 θένον
320 2286 734 2357 ποδηγούμενον
762 2287 920 2355 λόγος
966 2286 1322 2357 διασωθῆναι⁹
1353 2288 1450 2342 καὶ
1476 2288 1687 2351 πάντως

1850 2288 2035 2342 uetus,
2073 2286 2239 2348 atque
2275 2278 2419 2347 apud
2465 2292 2587 2333 eam
2620 2288 2874 2333 servatus
2917 2287 3024 2332 est.
3067 2278 3135 2332 Et
3174 2277 3223 2331 si
3251 2277 3378 2347 quis

157 2378 205 2430 τὺ
238 2378 436 2431 ἀποϐὰν
474 2382 708 2431 σκοπεῖν
741 2395 825 2442 τις
856 2376 1058 2432 ἐθέλων
1078 2418 1093 2443 ,
1144 2378 1333 2450 θεῖκὴν
1357 2377 1457 2451 τὴν
1476 2381 1685 2432 “οίκονο

1851 2379 2062 2424 rentum
2109 2370 2188 2424 rei
2239 2369 2603 2424 considerare
2642 2371 2808 2433 velit,
2861 2369 3107 2424 divinam
3146 2385 3379 2439 prorsus

161 2471 265 2539 μίαν
301 2468 438 2523 εἶναι
474 2470 783 2540 λογίσαιτο.
819 2471 940 2525 Ἰνα
977 2471 1088 2543 γὰρ
1126 2472 1268 2542 μήτε
1318 2473 1622 2540 πράγματα
1653 2473 1689 2525 oi

1851 2462 2226 2532 ispositionem
2259 2478 2383 2517 esse
2422 2463 2686 2532 reperiet.
2730 2463 2800 2519 Ut
2834 2462 2983 2516 enim
3028 2462 3167 2517 nihil
3205 2453 3379 2517 mole-

159 2559 267 2629 περὶ
291 2558 616 2613 ’Δθανάσιον
646 2560 841 2629 ἔχοιεν,
885 2560 953 2630 ἦν
991 2575 1074 2622 τις
1107 2557 1401 2629 πειράζειν
1433 2562 1640 2631 ᾑρεῖτο,
1668 2560 1687 2611 i

1850 2554 1927 2608 nite
1960 2564 2018 2608 et
2049 2554 2260 2625 negotii
2304 2554 2608 2609 Athanasio
2637 2563 2694 2609 et
2734 2555 3104 2611 familiaribus
3132 2556 3253 2626 ejus
3280 2571 3378 2610 cx-

158 2651 313 2721 ὃρκοες
344 2651 638 2720 βιάζεσθαι
664 2691 681 2719 ,
730 2651 903 2715 οὕτως
957 2650 1386 2722 οἰκονομηθῆναι
1430 2652 1686 2707 διαλαθεῖι

1850 2647 2133 2709 ἱιιθτθιυν,
2180 2645 2226 2699 si
2271 2645 2395 2715 quis
2438 2655 2655 2701 tentare
2698 2658 2797 2701 aut
2826 2646 3151 2714 iuramento
3181 2662 3378 2713 cogere

158 2746 513 2815 κρυπτόμενον
537 2747 694 2817 παρὰ
723 2746 972 2815 γυναικὶ,
1016 2749 1082 2817 ἣν
1126 2746 1303 2811 οὐδεὶς
1353 2746 1505 2819 ᾠήθη
1531 2765 1585 2800 τι
1615 2764 1686 2800 το-

1849 2753 2138 2808 uemquam
2178 2752 2247 2792 ex
2294 2738 2441 2802 illis,
2476 2738 2545 2793 ad
2578 2754 2705 2793 eum
2746 2738 2963 2794 scilicet
3011 2741 3377 2809 prodendum,

160 2835 324 2890 σοῦτον
350 2836 784 2910 διενεγκεῖν·τῷ
822 2839 922 2909 μὲν
964 2840 1074 2908 γὰρ
1120 2841 1338 2911 ἀπείρῳ
1363 2841 1553 2894 κάλλει
1593 2841 1687 2894 οὐδ

1849 2831 2075 2885 oluissct
2101 2848 2115 2885 :
2145 2839 2295 2884 recte
2326 2829 2430 2884 hoc
2454 2830 2535 2884 sic
2567 2830 2908 2893 institutum,
2936 2841 2998 2885 ut
3023 2831 3204 2886 latens
3234 2833 3377 2902 apud

156 2929 391 2983 ὑπόνοιαν
433 2932 606 2984 ιδίδου
650 2932 743 2986 τὸν
782 2932 934 3000 ίερὲα
983 2930 1114 3001 παρ’
1146 2932 1282 3003 αὐτῇ
1338 2933 1680 3002 κρύπτεσθαι

1911 2924 2102 2978 lierem
2139 2924 2541 2989 occultaretur,
2567 2938 2729 2992 quam
2760 2939 2927 2979 nemo
2958 2925 3013 2979 id
3043 2925 3382 2994 perlaturam
3433 2973 3439 2981 .

155 3022 369 3093 ἀνδρείῳ
425 3021 481 3075 δὲ
534 3023 850 3091 φρονήματι
895 3020 1304 3106 προσηγάγετο·
1342 3022 1421 3083 είς
1449 3021 1600 3082 τέλος
1647 3021 1683 3109 6i

1853 3031 1935 3071 ~se
1973 3016 2207 3086 putavit.
2243 3014 2480 3085 Propter
2510 3017 2702 3072 forum
2732 3032 2864 3072 vero
2890 3026 3239 3072 venustatem
3280 3033 3381 3072 ne-

156 3113 231 3165 διὰ
256 3116 516 3184 φρόνησιν
563 3114 657 3166 τὸν
689 3112 963 3184 θησαυρὸν
1007 3100 1326 3166 διεσώσατο.
1359 3111 1625 3164 Τοσοῦτον
1652 3100 1684 3163 δῖ

1854 3121 1916 3159 ne
1959 3107 2013 3161 in
2065 3106 2438 3189 suspicionem
2486 3108 2743 3177 cuiquam
2799 3107 3029 3173 incidit,
3076 3109 3224 3179 apud
3260 3125 3382 3164 eam

157 3207 208 3257 τὸ
252 3205 439 3259 πιστὸν
488 3205 640 3275 αὒτῷ
687 3204 980 3276 διετήρησε
1030 3204 1463 3274 διακονησαμένη
1499 3204 1683 3266 καλῶς

1853 3196 2135 3267 pi'scopum
2184 3199 2478 3253 occultari.
2531 3202 2599 3255 At
2652 3201 2743 3254 illa
2794 3201 2944 3255 virili
2996 3202 3159 3271 plane
3194 3204 3381 3257 animo

158 3299 215 3361 ὡς
239 3301 320 3352 καὶ
362 3300 527 3363 πόδας
558 3299 770 3353 νίπτειν
791 3340 805 3365 ,
838 3301 1047 3371 τροφήν
1104 3316 1163 3352 τε
1203 3301 1297 3353 καὶ
1320 3301 1419 3353 ὅσα
1446 3301 1546 3370 τῆς
1592 3299 1686 3367 φύ-

1854 3292 1987 3346 irum
2032 3307 2160 3347 eum
2204 3292 2272 3346 ad
2321 3306 2381 3346 se
2429 3293 2672 3362 recepit,
2700 3303 2761 3348 et
2798 3294 3094 3363 prudentia
3141 3297 3278 3350 mira
3312 3297 3382 3351 ad

162 3409 275 3456 σιως
319 3393 596 3462 ἀναγκαῖα
657 3394 745 3447 διὰ
786 3393 886 3464 τὴν
930 3393 1145 3463 χρείαν,
1205 3392 1376 3462 μόνην
1421 3392 1591 3460 αὐτὴν
1641 3391 1690 3445 εἰ

1855 3400 1975 3438 nem
2020 3398 2197 3452 usque
2244 3383 2573 3439 theSaurum
2623 3394 2840 3440 tantum
2893 3387 3159 3442 servavit.
3211 3387 3383 3444 Tanta

165 3485 286 3553 μάλα
312 3486 727 3556 ὑπηρετεῖσθαι,
767 3489 867 3539 καὶ
910 3485 1129 3555 βίϐλους
1195 3483 1345 3555 αὐτῷ
1397 3477 1472 3538 ὧν
1515 3483 1693 3554 χρείαν

1858 3488 1995 3532 atem
2027 3477 2082 3531 in
2115 3492 2242 3531 eum
2280 3477 2527 3532 honestis
2558 3478 2890 3547 praestandis
2926 3478 3253 3537 ministeriis
3279 3481 3386 3540 fuit

164 3574 275 3647 εἶχε,
306 3580 579 3648 κομίζειν,
627 3580 724 3631 καὶ
763 3578 949 3649 συχνῷ
997 3576 1075 3647 τῷ
1119 3575 1295 3647 χρόνῳ
1322 3576 1495 3629 ταῦτα
1525 3576 1692 3629 ποιοῦ·

1856 3571 1920 3625 de
1942 3611 1957 3634 ,
1993 3579 2053 3625 ut
2086 3586 2144 3626 se
2181 3570 2417 3640 pedibus
2448 3571 2732 3633 lavandis,
2767 3581 2822 3626 et
2855 3572 2982 3627 cibo
3012 3573 3247 3644 aliisque
3287 3590 3384 3630 na-

165 3687 263 3737 σαν,
294 3674 365 3742 μή
413 3688 538 3725 τινα
564 3670 794 3738 γνῶναι,
825 3670 940 3723 ὅσοι
981 3669 1045 3737 δὴ
1082 3668 1180 3739 τὴν
1222 3668 1573 3739 Ἀλεξάνδρου
1609 3671 1693 3722 πό‹

1859 3680 1950 3720 irae
1979 3673 2201 3727 nostra
2248 3665 2577 3719 necessariis
2625 3665 2963 3737 utilibusque
3019 3668 3188 3723 rebus
3232 3667 3387 3722 exhi-

163 3769 231 3820 λιν
261 3772 565 3840 κατῴκουν.
594 3768 705 3820 Καὶ
736 3768 764 3819 ό
812 3766 911 3837 μὲν
952 3762 1098 3818 οὕτω
1129 3766 1342 3833 φανεὶς,
1376 3763 1474 3826 τὰς
1517 3764 1691 3833 ἐκκληι

1858 3756 2007 3810 endis
2054 3771 2164 3810 una
2213 3757 2329 3823 ipsa
2380 3757 2485 3811 rite
2524 3757 2574 3812 ei
2630 3756 2983 3825 inservierit,
3027 3766 3085 3814 et
3118 3760 3188 3816 de
3228 3761 3386 3817 libris

166 3862 266 3924 σίας
288 3866 572 3931 κατέσχεν,
609 3860 714 3914 ὑπὸ
735 3858 937 3921 παντὸς
971 3858 1065 3911 τοῦ
1099 3857 1337 3927 πλήθους
1365 3855 1694 3925 ἁποδεχθλςε

1857 3848 2013 3904 uibus
2042 3862 2183 3917 opus
2206 3847 2423 3912 habuit,
2458 3846 2921 3906 commodaverit.
2956 3851 3138 3921 Atque
3172 3852 3226 3908 id
3260 3868 3385 3908 cum

164 3958 205 4009 οί
229 3956 280 4010 δὲ
320 3958 386 4009 τὰ
415 3955 637 4027 Ἀρείου
674 3952 1001 4024 φρονοῦντες
1043 3949 1438 4021 ἐκϐληθέντες,
1479 3950 1585 4020 ἰδίᾳ
1612 3952 1692 4021 τὴπ

1861 3955 1979 4010 tngo
2015 3952 2263 4010 tempore
2310 3941 2556 4006 fecisset,
2595 3957 2756 3996 nemo
2807 3952 2987 3998 tamen
3023 3944 3116 4013 qui
3151 3944 3389 3999 Alexan-

168 4045 464 4115 συναγωγὴν
489 4043 804 4103 ἐποιοῦντο.
840 4040 1072 4094 Δούκιόν
1103 4054 1227 4094 τινα
1264 4040 1584 4110 ἐξηγεῖσθαι
1616 4042 1696 4094 αὐ·

1859 4034 2034 4085 rinam
2069 4031 2298 4086 incoluit
2331 4031 2526 4086 urbem
2548 4073 2562 4096 ,
2594 4033 2877 4101 cognovit.
2920 4032 3267 4090 Athanasius
3290 4038 3387 4106 qui

163 4132 258 4185 τῶν
283 4134 745 4203 προστησάμενοι.
802 4130 863 4184 Ὀ
898 4131 1010 4201 γὰρ
1032 4130 1307 4201 Γεώργιος
1345 4130 1582 4200 ἔφθασεν
1609 4132 1691 4184 ὑπί

1847 4133 1890 4178 La
1936 4124 2122 4178 subito
2165 4123 2449 4192 apparuit,
2485 4124 2555 4177 ab
2594 4125 2849 4179 universa
2887 4128 3246 4183 multitudine
3282 4146 3375 4185 re-

164 4220 248 4275 τοῦ
292 4222 454 4291 δήμου
481 4219 829 4290 διαφθαρείς.
858 4220 1013 4273 Ἐπεὶ
1046 4221 1156 4290 γὰρ
1188 4219 1435 4289 ἔγνωσαν
1460 4222 1692 4293 τελευτῆς

1861 4229 2054 4287 rptus.
2096 4217 2150 4271 in
2203 4217 2471 4272 ecclesias
2518 4226 2605 4271 est
2650 4218 2940 4274 deductus.
2981 4219 3169 4274 Ariani
3205 4229 3389 4275 autem

170 4328 250 4363 σαι
286 4314 377 4381 μὲν
426 4312 520 4363 τόν
575 4311 982 4373 Κωνσταντιον,
1038 4309 1133 4362 ἐπὶ
1180 4310 1237 4363 δὲ
1286 4310 1395 4363 τῶν
1438 4311 1574 4365 ὅλων
1623 4313 1698 4366 τδι

1861 4308 2018 4378 iecti,
2054 4310 2284 4361 seorsim
2327 4317 2637 4362 conventus
2670 4322 2868 4376 egere,
2917 4307 3090 4361 Lucio
3129 4307 3389 4376 quodam,

176 4405 441 4457 ἰουλιανὸν
464 4406 829 4471 καταστῆναι,
853 4402 1014 4465 εὐθὺς
1040 4404 1184 4475 ὁρμῇ
1218 4406 1285 4474 τῇ
1323 4406 1468 4477 πάσῃ
1498 4406 1559 4459 τὸ
1587 4408 1704 4476 περῖ

1864 4402 1912 4454 ui
1946 4400 2027 4455 eis
2051 4401 2350 4469 episcopus
2383 4409 2662 4468 prazesset,
2688 4401 2850 4454 lecto.
2882 4398 3152 4470 Georgius
3181 4402 3328 4454 enim
3359 4415 3392 4457 a

167 4494 253 4565 τὴν
280 4497 686 4566 ’Δλεξάνδρειαν
718 4498 843 4548 ὅσον
875 4496 931 4547 ὲν
968 4494 1231 4564 Ἕλλησιν
1274 4492 1366 4566 ἦν,
1404 4498 1486 4560 είς
1524 4498 1695 4551 στάσιι

1866 4491 1986 4546 che
2023 4491 2350 4546 interfectus
2380 4492 2579 4546 fuerat.
2615 4491 2915 4561 Postquam
2944 4494 3091 4547 enim
3123 4491 3394 4548 Constan-

169 4588 360 4657 ἑχὶιρει·
413 4592 505 4643 καὶ
550 4589 620 4661 δὴ
670 4588 765 4658 βοῇ
810 4588 910 4657 μιᾷ
964 4586 1056 4640 ἐπ’
1100 4589 1262 4640 αὐτὸν
1308 4590 1578 4659 ὥρμησαν
1637 4592 1697 4655 ὡς

1871 4599 1961 4639 um
1996 4585 2306 4639 decessisse
2327 4623 2343 4651 ,
2369 4594 2425 4638 et
2453 4584 2732 4639 Julianqu
2764 4586 2829 4639 ad
2863 4586 3087 4655 imperii
3122 4598 3393 4640 summam

170 4679 583 4749 διπχειρίσοντες.
638 4678 775 4733 Τότε
807 4681 908 4749 μὲν
954 4679 1048 4733 οὖν
1100 4680 1348 4748 φονεύειν
1388 4682 1698 4753 ἀπέσχοντοε

1870 4676 2142 4731 ervenisse
2168 4675 2448 4745 cognitum
2474 4686 2580 4740 est,
2612 4674 2795 4731 statim
2828 4677 3035 4747 impetu
3061 4679 3210 4730 omni
3239 4677 3398 4746 quid-

171 4771 504 4845 δεσμωτηρίῳ
525 4772 583 4825 δὲ
611 4789 678 4824 πε
690 4775 951 4842 ριεῖργον·
975 4772 1037 4825 οὐ
1067 4773 1248 4843 πολλῷ
1278 4773 1333 4826 δὲ
1365 4771 1594 4845 ὕστερον
1617 4776 1699 4830 τοῐ

1907 4769 1957 4823 id
1986 4778 2109 4824 erat
2154 4768 2499 4823 Alexandria:
2525 4768 2727 4825 Graecae
2764 4770 3181 4839 superstitionis
3222 4764 3435 4823 secta-'

171 4860 526 4932 δεσμωτηρίου
563 4860 955 4928 ἐξαγαγόντες,
995 4861 1273 4931 μαχαίρας
1305 4860 1468 4930 ἔργον
1497 4861 1699 4915 ποιοῖὲν⁴

1867 4876 2031 4925 trum,
2064 4861 2133 4915 ad
2162 4859 2492 4915 seditionem
2524 4876 2831 4930 prorupere
2861 4877 2876 4914 :
2912 4867 2970 4916 et
3005 4861 3252 4915 clamore
3284 4875 3395 4913 uno

172 4970 266 5005 ται.
291 4952 398 5007 Εἶτ’
428 4955 522 5009 ἐπὶ
554 4954 813 5024 καμήλου
871 4953 944 5016 ὥς
996 4970 1121 5005 τινα
1172 4953 1369 5022 φόρτον
1406 4952 1556 5018 ξένον
1589 4957 1690 5008 ἀνα

1870 4954 2207 5007 tcursionem
2244 4952 2297 5005 in
2330 4941 2653 5021 Georgium,
2688 4961 2946 5019 tanquam
2978 4966 3105 5004 cum
3135 4950 3398 5004 interem-

174 5045 366 5112 θέντες,
397 5048 488 5100 ἐπὶ
523 5048 697 5117 μέσης
762 5040 900 5117 ἦγον
927 5045 1053 5116 ’τῆς
1108 5046 1338 5113 ἀγορᾶς,
1396 5043 1465 5098 δι’
1509 5047 1702 5117 ἡμέρα

1870 5044 2011 5109 turi,
2061 5044 2263 5099 fecere.
2308 5044 2375 5098 Et
2410 5053 2524 5097 tum
2572 5044 2795 5113 quidem
2842 5059 2881 5123 a‘
2919 5040 3069 5096 Caede
3116 5041 3398 5097 abstinue-

174 5138 562 5211 ἐπιμαινόμενοι
593 5141 673 5210 τῷ
696 5139 876 5209 νεκρῴ
911 5142 1006 5191 καὶ
1034 5138 1270 5201 ἀναιδῶς
1321 5136 1701 5208 ἐξυϐρίζοντες

1868 5148 1978 5202 ιιιιι,
2013 5145 2178 5206 atque
2208 5136 2420 5191 carceri
2460 5151 2586 5189 eum
2621 5136 3005 5189 incluserunt:
3048 5148 3237 5187 verum
3286 5148 3396 5189 non

171 5230 326 5301 δείλης
361 5233 416 5286 δὲ
459 5233 621 5298 ὀψίας
672 5231 871 5302 ὥσπερ
910 5215 1348 5301 ἐμπλησθέντες,
1383 5228 1446 5282 τὸ
1478 5231 1699 5300 ἰιεριλει¹

1868 5232 1997 5288 nullo
2027 5243 2153 5303 post
2182 5232 2310 5287 inde
2348 5240 2654 5288 extractum
2693 5232 2840 5285 ferro
2865 5238 3161 5284 necarunt.
3191 5228 3396 5283 Deinde

173 5323 286 5390 φθὲν
317 5328 406 5380 τοῦ
439 5326 692 5396 σώματος
724 5324 863 5393 πυρὶ
893 5324 1348 5392 κατετέφρωσαν.

1871 5327 2044 5382 amelo
2094 5325 2251 5396 quasi
2298 5341 2502 5379 novum
2547 5323 2822 5395 quoddam
2865 5322 3190 5378 clitellarum
3226 5336 3399 5391 guttus

172 5421 497 5491 impositum,
538 5438 637 5490 per
677 5421 922 5476 medium
952 5421 1199 5486 .forum,
1270 5420 1528 5476 cadaveri
1600 5439 1699 5493 per
1769 5423 2015 5478 furorem
2070 5435 2126 5478 et
2183 5424 2573 5477 contumeliam
2632 5420 2983 5489 impudenter
3044 5420 3396 5475 insultantes.

175 5511 422 5569 duxerunt
452 5535 465 5571 :
499 5517 648 5570 circa
681 5514 1071 5584 crepusculum
1114 5523 1301 5568 autem
1380 5517 1550 5570 veluti
1617 5533 1681 5572 ea
1748 5519 1955 5589 injuria
2007 5520 2229 5587 satiati,
2276 5516 2542 5588 quidquid
2584 5533 2612 5570 a
2671 5515 2979 5585 raptatione
3021 5530 3085 5569 ea
3128 5512 3399 5583 superfuit

173 5609 416 5676 corporis,
444 5608 568 5678 igne
601 5609 1045 5664 combusserunt.

230 5705 341 5769 Τοῖς
372 5706 470 5778 μὲν
514 5706 609 5761 οὖν
644 5709 703 5772 ἐξ
743 5706 956 5777 Ἀρείου
1001 5702 1135 5777 πρός
1198 5704 1308 5758 τῶν
1362 5703 1716 5761 σπουδαστῶν

1901 5701 2007 5771 19
2038 5684 2255 5755 Arianis
2287 5698 2509 5769 quidem
2552 5697 2657 5751 hoc
2704 5696 2784 5751 sic
2832 5694 3070 5764 Georgio
3113 5691 3182 5744 ab
3227 5689 3398 5742 Atha-

184 5794 476 5853 ’Ᾱθανασξου
498 5800 649 5855 δοκεῖ
680 5800 747 5852 τὰ
774 5799 1004 5853 τοιαῦτα
1029 5800 1107 5868 τῷ
1150 5798 1413 5868 Γεωργίῳ
1463 5798 1712 5864 ἐπιγενέα

1869 5795 1964 5847 {lin
1998 5791 2265 5847 studiosis
2295 5789 2566 5845 accidiSse
2618 5789 2840 5843 videtur
2883 5803 2898 5841 :
2946 5785 3038 5838 sed
3094 5798 3183 5837 res
3234 5781 3397 5835 aliter

178 5886 299 5947 οθιι.
337 5894 473 5946 Ἀλλ’
506 5895 606 5964 οὑχ
646 5892 820 5957 οὓτως
865 5893 976 5963 ἔχει
1004 5908 1016 5921 ο
1061 5890 1246 5946 πλεῖον
1282 5894 1388 5962 γὰρ
1422 5885 1488 5961 ἦν
1522 5890 1706 5958 ἐκείνῳ

1869 5889 2012 5942 .tbct.
2054 5887 2189 5941 Nam
2230 5886 2321 5940 ille
2354 5884 2483 5939 odio
2515 5882 2709 5955 majori
2739 5882 2959 5937 Graecos
2995 5878 3051 5933 in
3106 5892 3164 5932 se
3212 5872 3397 5929 com-i-
