  <div class='ocr_page' id='page_1' title='image "/cluster/home/n/w/nwhite01/storage/ocr_20150623/146/hvd.32044019208347/235.png"; bbox 0 0 3870 6538; ppageno 0'>
   <div class='ocr_carea' id='block_1_1' title="bbox 443 408 548 470">
    <p class='ocr_par' dir='ltr' id='par_1_1' title="bbox 443 408 548 470">
     <span class='ocr_line' id='line_1_1' title="bbox 443 408 548 470; baseline -0.01 0"><span class='ocrx_word' id='word_1_1' title='bbox 443 408 548 470; x_wconf 58' lang='grc'><strong>455</strong></span> 
     </span>
    </p>
   </div>
   <div class='ocr_carea' id='block_1_2' title="bbox 1639 364 3679 444">
    <p class='ocr_par' dir='ltr' id='par_1_2' title="bbox 1639 364 3679 444">
     <span class='ocr_line' id='line_1_2' title="bbox 1639 364 3679 444; baseline -0.003 -1"><span class='ocrx_word' id='word_1_2' title='bbox 1639 364 2072 444; x_wconf 81' lang='lat' dir='ltr'><strong>NICEPHORI</strong></span> <span class='ocrx_word' id='word_1_3' title='bbox 2115 377 2467 440; x_wconf 78' lang='lat' dir='ltr'><strong>CALLlSTI</strong></span> <span class='ocrx_word' id='word_1_4' title='bbox 3590 377 3679 442; x_wconf 67' lang='lat' dir='ltr'><strong>tas</strong></span> 
     </span>
    </p>
   </div>
   <div class='ocr_carea' id='block_1_3' title="bbox 447 485 2034 579">
    <p class='ocr_par' dir='ltr' id='par_1_3' title="bbox 447 491 2024 579">
     <span class='ocr_line' id='line_1_3' title="bbox 447 491 2024 579; baseline -0.019 -5"><span class='ocrx_word' id='word_1_5' title='bbox 447 522 686 577; x_wconf 76' lang='lat' dir='ltr'><strong>taverat,</strong></span> <span class='ocrx_word' id='word_1_6' title='bbox 716 524 784 567; x_wconf 91' lang='lat' dir='ltr'><strong>eo</strong></span> <span class='ocrx_word' id='word_1_7' title='bbox 816 503 977 579; x_wconf 79' lang='lat' dir='ltr'><strong>quod-</strong></span> <span class='ocrx_word' id='word_1_8' title='bbox 1000 500 1176 574; x_wconf 87' lang='lat' dir='ltr'><strong>patria</strong></span> <span class='ocrx_word' id='word_1_9' title='bbox 1218 511 1414 555; x_wconf 88' lang='lat' dir='ltr'><strong>eorum</strong></span> <span class='ocrx_word' id='word_1_10' title='bbox 1457 508 1612 551; x_wconf 85' lang='lat' dir='ltr'><strong>sacra</strong></span> <span class='ocrx_word' id='word_1_11' title='bbox 1664 491 2024 557; x_wconf 77' lang='lat' dir='ltr'><strong>inhibuisset,</strong></span> 
     </span>
    </p>
   </div>
   <div class='ocr_carea' id='block_1_4' title="bbox 2143 485 3679 579">
    <p class='ocr_par' dir='ltr' id='par_1_4' title="bbox 2143 485 3679 562">
     <span class='ocr_line' id='line_1_4' title="bbox 2143 485 3679 562; baseline -0.001 -18"><span class='ocrx_word' id='word_1_12' title='bbox 2143 491 2291 558; x_wconf 62' lang='grc' dir='ltr'>μῖσος</span> <span class='ocrx_word' id='word_1_13' title='bbox 2341 490 2411 543; x_wconf 67' lang='lat' dir='ltr'><strong>tu</strong></span> <span class='ocrx_word' id='word_1_14' title='bbox 2463 488 2575 544; x_wconf 82' lang='grc' dir='ltr'><strong>τῶν</strong></span> <span class='ocrx_word' id='word_1_15' title='bbox 2613 488 3005 562; x_wconf 82' lang='grc' dir='ltr'><strong>Ἑλληνιστῶν,</strong></span> <span class='ocrx_word' id='word_1_16' title='bbox 3048 485 3314 541; x_wconf 73' lang='grc' dir='ltr'>κωλύοντι</span> <span class='ocrx_word' id='word_1_17' title='bbox 3363 485 3580 541; x_wconf 70' lang='grc' dir='ltr'>ὲκείνων</span> <span class='ocrx_word' id='word_1_18' title='bbox 3618 496 3679 545; x_wconf 67' lang='grc' dir='ltr'>τὰ</span> 
     </span>
    </p>
   </div>
   <div class='ocr_carea' id='block_1_5' title="bbox 449 581 2027 677">
    <p class='ocr_par' dir='ltr' id='par_1_5' title="bbox 449 581 2027 677">
     <span class='ocr_line' id='line_1_5' title="bbox 449 581 2027 677; baseline -0.018 -13"><span class='ocrx_word' id='word_1_19' title='bbox 449 607 650 677; x_wconf 87' lang='lat' dir='ltr'><strong>templa</strong></span> <span class='ocrx_word' id='word_1_20' title='bbox 712 603 945 658; x_wconf 87' lang='lat' dir='ltr'><strong>deorum</strong></span> <span class='ocrx_word' id='word_1_21' title='bbox 1004 593 1409 651; x_wconf 77' lang='lat' dir='ltr'><strong>destruxisset,</strong></span> <span class='ocrx_word' id='word_1_22' title='bbox 1465 586 1781 643; x_wconf 77' lang='lat' dir='ltr'><strong>simulacris</strong></span> <span class='ocrx_word' id='word_1_23' title='bbox 1833 581 2027 638; x_wconf 80' lang='lat' dir='ltr'><strong>convi-</strong></span> 
     </span>
    </p>
   </div>
   <div class='ocr_carea' id='block_1_6' title="bbox 449 678 2026 759">
    <p class='ocr_par' dir='ltr' id='par_1_6' title="bbox 449 678 2026 759">
     <span class='ocr_line' id='line_1_6' title="bbox 449 678 2026 759; baseline -0.017 -2"><span class='ocrx_word' id='word_1_24' title='bbox 449 701 652 759; x_wconf 89' lang='lat' dir='ltr'><strong>ciando</strong></span> <span class='ocrx_word' id='word_1_25' title='bbox 722 694 1028 756; x_wconf 86' lang='lat' dir='ltr'><strong>illusisset,</strong></span> <span class='ocrx_word' id='word_1_26' title='bbox 1102 697 1161 743; x_wconf 83' lang='lat' dir='ltr'><strong>et</strong></span> <span class='ocrx_word' id='word_1_27' title='bbox 1218 686 1362 740; x_wconf 90' lang='lat' dir='ltr'><strong>bona</strong></span> <span class='ocrx_word' id='word_1_28' title='bbox 1417 696 1610 736; x_wconf 86' lang='lat' dir='ltr'><strong>eorum</strong></span> <span class='ocrx_word' id='word_1_29' title='bbox 1668 678 2026 748; x_wconf 87' lang='lat' dir='ltr'><strong>publicasset.</strong></span> 
     </span>
    </p>
   </div>
   <div class='ocr_carea' id='block_1_7' title="bbox 446 769 2027 852">
    <p class='ocr_par' dir='ltr' id='par_1_7' title="bbox 446 769 2027 852">
     <span class='ocr_line' id='line_1_7' title="bbox 446 769 2027 852; baseline -0.019 -2"><span class='ocrx_word' id='word_1_30' title='bbox 446 794 652 849; x_wconf 72' lang='lat' dir='ltr'><strong>Adliaee</strong></span> <span class='ocrx_word' id='word_1_31' title='bbox 682 786 950 844; x_wconf 85' lang='lat' dir='ltr'><strong>invidiam</strong></span> <span class='ocrx_word' id='word_1_32' title='bbox 978 794 1201 852; x_wconf 86' lang='lat' dir='ltr'><strong>quoque</strong></span> <span class='ocrx_word' id='word_1_33' title='bbox 1232 777 1355 847; x_wconf 82' lang='lat' dir='ltr'><strong>ejus</strong></span> <span class='ocrx_word' id='word_1_34' title='bbox 1386 773 1565 837; x_wconf 80' lang='lat' dir='ltr'><strong>auxit,</strong></span> <span class='ocrx_word' id='word_1_35' title='bbox 1606 773 1752 841; x_wconf 85' lang='lat' dir='ltr'><strong>quod</strong></span> <span class='ocrx_word' id='word_1_36' title='bbox 1791 769 2027 823; x_wconf 89' lang='lat' dir='ltr'><strong>multum</strong></span> 
     </span>
    </p>
   </div>
   <div class='ocr_carea' id='block_1_8' title="bbox 451 862 2031 956">
    <p class='ocr_par' dir='ltr' id='par_1_8' title="bbox 451 862 2031 956">
     <span class='ocr_line' id='line_1_8' title="bbox 451 862 2031 956; baseline -0.015 -16"><span class='ocrx_word' id='word_1_37' title='bbox 451 884 597 956; x_wconf 84' lang='lat' dir='ltr'><strong>apud</strong></span> <span class='ocrx_word' id='word_1_38' title='bbox 657 883 1055 951; x_wconf 72' lang='lat' dir='ltr'><strong>imperatorem</strong></span> <span class='ocrx_word' id='word_1_39' title='bbox 1107 871 1436 927; x_wconf 87' lang='lat' dir='ltr'><strong>auctoritate</strong></span> <span class='ocrx_word' id='word_1_40' title='bbox 1488 864 1774 919; x_wconf 85' lang='lat' dir='ltr'><strong>valuisset.</strong></span> <span class='ocrx_word' id='word_1_41' title='bbox 1836 862 2031 916; x_wconf 83' lang='lat' dir='ltr'><strong>Solent</strong></span> 
     </span>
    </p>
   </div>
   <div class='ocr_carea' id='block_1_9' title="bbox 449 957 2032 1034">
    <p class='ocr_par' dir='ltr' id='par_1_9' title="bbox 449 957 2032 1034">
     <span class='ocr_line' id='line_1_9' title="bbox 449 957 2032 1034; baseline -0.016 -1"><span class='ocrx_word' id='word_1_42' title='bbox 449 978 600 1034; x_wconf 84' lang='lat' dir='ltr'><strong>enim</strong></span> <span class='ocrx_word' id='word_1_43' title='bbox 636 970 1008 1033; x_wconf 84' lang='lat' dir='ltr'><strong>multitudini,</strong></span> <span class='ocrx_word' id='word_1_44' title='bbox 1064 964 1158 1034; x_wconf 90' lang='lat' dir='ltr'><strong>qui</strong></span> <span class='ocrx_word' id='word_1_45' title='bbox 1210 962 1454 1032; x_wconf 87' lang='lat' dir='ltr'><strong>aliquam</strong></span> <span class='ocrx_word' id='word_1_46' title='bbox 1497 957 1758 1013; x_wconf 84' lang='lat' dir='ltr'><strong>obtinent</strong></span> <span class='ocrx_word' id='word_1_47' title='bbox 1786 961 2032 1026; x_wconf 88' lang='lat' dir='ltr'><strong>potesta-</strong></span> 
     </span>
    </p>
   </div>
   <div class='ocr_carea' id='block_1_10' title="bbox 451 1045 2030 1134">
    <p class='ocr_par' dir='ltr' id='par_1_10' title="bbox 451 1045 2030 1134">
     <span class='ocr_line' id='line_1_10' title="bbox 451 1045 2030 1134; baseline -0.017 -8"><span class='ocrx_word' id='word_1_48' title='bbox 451 1081 586 1134; x_wconf 90' lang='lat' dir='ltr'><strong>tem,</strong></span> <span class='ocrx_word' id='word_1_49' title='bbox 627 1082 752 1122; x_wconf 90' lang='lat' dir='ltr'><strong>esse</strong></span> <span class='ocrx_word' id='word_1_50' title='bbox 785 1062 964 1118; x_wconf 79' lang='lat' dir='ltr'><strong>exosi.</strong></span> <span class='ocrx_word' id='word_1_51' title='bbox 995 1060 1228 1127; x_wconf 83' lang='lat' dir='ltr'><strong>Insuper</strong></span> <span class='ocrx_word' id='word_1_52' title='bbox 1262 1063 1377 1110; x_wconf 90' lang='lat' dir='ltr'><strong>tum</strong></span> <span class='ocrx_word' id='word_1_53' title='bbox 1410 1066 1635 1122; x_wconf 88' lang='lat' dir='ltr'><strong>quoque</strong></span> <span class='ocrx_word' id='word_1_54' title='bbox 1664 1048 1815 1119; x_wconf 90' lang='lat' dir='ltr'><strong>quod</strong></span> <span class='ocrx_word' id='word_1_55' title='bbox 1848 1048 1927 1119; x_wconf 86' lang='lat' dir='ltr'><strong>(l)</strong></span> <span class='ocrx_word' id='word_1_56' title='bbox 1960 1045 2030 1100; x_wconf 91' lang='lat' dir='ltr'><strong>de</strong></span> 
     </span>
    </p>
   </div>
   <div class='ocr_carea' id='block_1_11' title="bbox 450 1143 2028 1227">
    <p class='ocr_par' dir='ltr' id='par_1_11' title="bbox 450 1143 2028 1227">
     <span class='ocr_line' id='line_1_11' title="bbox 450 1143 2028 1227; baseline -0.016 -11"><span class='ocrx_word' id='word_1_57' title='bbox 450 1160 679 1216; x_wconf 81' lang='lat' dir='ltr'><strong>Mitlirio</strong></span> <span class='ocrx_word' id='word_1_58' title='bbox 711 1156 789 1227; x_wconf 75' lang='grc' dir='ltr'><strong>(Ξ)</strong></span> <span class='ocrx_word' id='word_1_59' title='bbox 836 1162 1014 1208; x_wconf 87' lang='lat' dir='ltr'><strong>aetum</strong></span> <span class='ocrx_word' id='word_1_60' title='bbox 1073 1149 1275 1211; x_wconf 81' lang='lat' dir='ltr'><strong>fuerat,</strong></span> <span class='ocrx_word' id='word_1_61' title='bbox 1330 1143 1629 1200; x_wconf 90' lang='lat' dir='ltr'><strong>tumultum</strong></span> <span class='ocrx_word' id='word_1_62' title='bbox 1676 1148 1868 1195; x_wconf 79' lang='lat' dir='ltr'><strong>contra</strong></span> <span class='ocrx_word' id='word_1_63' title='bbox 1901 1153 2028 1192; x_wconf 90' lang='lat' dir='ltr'><strong>eum</strong></span> 
     </span>
    </p>
   </div>
   <div class='ocr_carea' id='block_1_12' title="bbox 451 1229 2029 1309">
    <p class='ocr_par' dir='ltr' id='par_1_12' title="bbox 451 1229 2029 1309">
     <span class='ocr_line' id='line_1_12' title="bbox 451 1229 2029 1309; baseline -0.017 0"><span class='ocrx_word' id='word_1_64' title='bbox 451 1264 664 1309; x_wconf 90' lang='lat' dir='ltr'><strong>motum</strong></span> <span class='ocrx_word' id='word_1_65' title='bbox 725 1246 1023 1303; x_wconf 87' lang='lat' dir='ltr'><strong>admodum</strong></span> <span class='ocrx_word' id='word_1_66' title='bbox 1081 1240 1253 1296; x_wconf 82' lang='lat' dir='ltr'><strong>auxit.</strong></span> <span class='ocrx_word' id='word_1_67' title='bbox 1326 1236 1460 1291; x_wconf 77' lang='lat' dir='ltr'><strong>Nam</strong></span> <span class='ocrx_word' id='word_1_68' title='bbox 1514 1234 1698 1289; x_wconf 84' lang='lat' dir='ltr'><strong>locum</strong></span> <span class='ocrx_word' id='word_1_69' title='bbox 1749 1246 1877 1286; x_wconf 90' lang='lat' dir='ltr'><strong>eum</strong></span> <span class='ocrx_word' id='word_1_70' title='bbox 1936 1229 2029 1284; x_wconf 91' lang='lat' dir='ltr'><strong>diu</strong></span> 
     </span>
    </p>
   </div>
   <div class='ocr_carea' id='block_1_13' title="bbox 452 1319 2031 1415">
    <p class='ocr_par' dir='ltr' id='par_1_13' title="bbox 452 1319 2031 1415">
     <span class='ocr_line' id='line_1_13' title="bbox 452 1319 2031 1415; baseline -0.018 -15"><span class='ocrx_word' id='word_1_71' title='bbox 452 1333 1181 1415; x_wconf 68' lang='lat' dir='ltr'><strong>neglectum,&#39;Constantius</strong></span> <span class='ocrx_word' id='word_1_72' title='bbox 1213 1328 1466 1385; x_wconf 63' lang='lat' dir='ltr'><strong>ecclesiae</strong></span> <span class='ocrx_word' id='word_1_73' title='bbox 1504 1322 1899 1379; x_wconf 71' lang='lat' dir='ltr'><strong>Alexandrinae</strong></span> <span class='ocrx_word' id='word_1_74' title='bbox 1930 1319 2031 1374; x_wconf 84' lang='lat' dir='ltr'><strong>do-</strong></span> 
     </span>
    </p>
   </div>
   <div class='ocr_carea' id='block_1_14' title="bbox 454 1414 2027 1502">
    <p class='ocr_par' dir='ltr' id='par_1_14' title="bbox 454 1414 2027 1502">
     <span class='ocr_line' id='line_1_14' title="bbox 454 1414 2027 1502; baseline -0.018 -9"><span class='ocrx_word' id='word_1_75' title='bbox 454 1414 702 1493; x_wconf 89' lang='lat' dir='ltr'><strong>naverat.</strong></span> <span class='ocrx_word' id='word_1_76' title='bbox 734 1430 1006 1502; x_wconf 83' lang='lat' dir='ltr'><strong>Georgius</strong></span> <span class='ocrx_word' id='word_1_77' title='bbox 1035 1422 1220 1481; x_wconf 74' lang='lat' dir='ltr'><strong>autem</strong></span> <span class='ocrx_word' id='word_1_78' title='bbox 1248 1437 1377 1478; x_wconf 89' lang='lat' dir='ltr'><strong>eum</strong></span> <span class='ocrx_word' id='word_1_79' title='bbox 1403 1431 1732 1489; x_wconf 86' lang='lat' dir='ltr'><strong>repurgans,</strong></span> <span class='ocrx_word' id='word_1_80' title='bbox 1766 1423 1830 1469; x_wconf 92' lang='lat' dir='ltr'><strong>ut</strong></span> <span class='ocrx_word' id='word_1_81' title='bbox 1855 1414 2027 1467; x_wconf 75' lang='lat' dir='ltr'><strong>:edem</strong></span> 
     </span>
    </p>
   </div>
   <div class='ocr_carea' id='block_1_15' title="bbox 451 1518 2032 1589">
    <p class='ocr_par' dir='ltr' id='par_1_15' title="bbox 451 1518 2032 1589">
     <span class='ocr_line' id='line_1_15' title="bbox 451 1518 2032 1589; baseline -0.018 -1"><span class='ocrx_word' id='word_1_82' title='bbox 451 1546 664 1589; x_wconf 82' lang='lat' dir='ltr'><strong>sacram</strong></span> <span class='ocrx_word' id='word_1_83' title='bbox 708 1530 819 1583; x_wconf 89' lang='lat' dir='ltr'><strong>Deo</strong></span> <span class='ocrx_word' id='word_1_84' title='bbox 871 1524 1163 1585; x_wconf 79' lang='lat' dir='ltr'><strong>excitaret,</strong></span> <span class='ocrx_word' id='word_1_85' title='bbox 1218 1518 1648 1573; x_wconf 88' lang='lat' dir='ltr'><strong>subterraneum</strong></span> <span class='ocrx_word' id='word_1_86' title='bbox 1689 1518 1909 1565; x_wconf 87' lang='lat' dir='ltr'><strong>antrum</strong></span> <span class='ocrx_word' id='word_1_87' title='bbox 1945 1522 2032 1562; x_wconf 86' lang='lat' dir='ltr'><strong>re-</strong></span> 
     </span>
    </p>
   </div>
   <div class='ocr_carea' id='block_1_16' title="bbox 2131 580 3683 651">
    <p class='ocr_par' dir='ltr' id='par_1_16' title="bbox 2131 580 3683 651">
     <span class='ocr_line' id='line_1_16' title="bbox 2131 580 3683 651; baseline 0.003 -15"><span class='ocrx_word' id='word_1_88' title='bbox 2131 580 2360 651; x_wconf 87' lang='grc' dir='ltr'>πάτρια,</span> <span class='ocrx_word' id='word_1_89' title='bbox 2384 581 2742 637; x_wconf 78' lang='grc' dir='ltr'>κατασπῶντί</span> <span class='ocrx_word' id='word_1_90' title='bbox 2761 600 2822 636; x_wconf 85' lang='grc' dir='ltr'><strong>τε</strong></span> <span class='ocrx_word' id='word_1_91' title='bbox 2855 581 2984 647; x_wconf 79' lang='grc' dir='ltr'>τοὺς</span> <span class='ocrx_word' id='word_1_92' title='bbox 3011 581 3239 637; x_wconf 76' lang='grc' dir='ltr'>ἐκείνων</span> <span class='ocrx_word' id='word_1_93' title='bbox 3270 580 3432 646; x_wconf 86' lang='grc' dir='ltr'>νεὼς,</span> <span class='ocrx_word' id='word_1_94' title='bbox 3460 584 3548 637; x_wconf 53' lang='grc' dir='ltr'>καὶ</span> <span class='ocrx_word' id='word_1_95' title='bbox 3574 582 3683 648; x_wconf 76' lang='grc' dir='ltr'>ξοά-</span> 
     </span>
    </p>
   </div>
   <div class='ocr_carea' id='block_1_17' title="bbox 2129 671 3684 753">
    <p class='ocr_par' dir='ltr' id='par_1_17' title="bbox 2129 671 3684 753">
     <span class='ocr_line' id='line_1_17' title="bbox 2129 671 3684 753; baseline 0.005 -27"><span class='ocrx_word' id='word_1_96' title='bbox 2129 688 2241 735; x_wconf 85' lang='grc' dir='ltr'><strong>νοις</strong></span> <span class='ocrx_word' id='word_1_97' title='bbox 2267 671 2688 744; x_wconf 83' lang='grc' dir='ltr'><strong>λοιδορουμένῳ,</strong></span> <span class='ocrx_word' id='word_1_98' title='bbox 2739 676 2834 730; x_wconf 75' lang='grc' dir='ltr'>καὶ</span> <span class='ocrx_word' id='word_1_99' title='bbox 2870 673 2973 753; x_wconf 28' lang='grc' dir='ltr'>τὰς,</span> <span class='ocrx_word' id='word_1_100' title='bbox 2998 674 3191 738; x_wconf 75' lang='grc' dir='ltr'>οὐσίας</span> <span class='ocrx_word' id='word_1_101' title='bbox 3247 673 3571 745; x_wconf 86' lang='grc' dir='ltr'>δημεύοντι·</span> <span class='ocrx_word' id='word_1_102' title='bbox 3600 681 3684 733; x_wconf 78' lang='grc' dir='ltr'>καὶ</span> 
     </span>
    </p>
   </div>
   <div class='ocr_carea' id='block_1_18' title="bbox 2128 763 3685 839">
    <p class='ocr_par' dir='ltr' id='par_1_18' title="bbox 2128 763 3685 839">
     <span class='ocr_line' id='line_1_18' title="bbox 2128 763 3685 839; baseline 0.006 -24"><span class='ocrx_word' id='word_1_103' title='bbox 2128 763 2192 816; x_wconf 81' lang='grc' dir='ltr'>τὸ</span> <span class='ocrx_word' id='word_1_104' title='bbox 2216 763 2431 833; x_wconf 80' lang='grc' dir='ltr'>μεγάλα</span> <span class='ocrx_word' id='word_1_105' title='bbox 2457 764 2513 817; x_wconf 83' lang='grc' dir='ltr'>δὲ</span> <span class='ocrx_word' id='word_1_106' title='bbox 2537 764 2804 820; x_wconf 80' lang='grc' dir='ltr'>δύνασθαι</span> <span class='ocrx_word' id='word_1_107' title='bbox 2832 766 2985 837; x_wconf 81' lang='grc' dir='ltr'>παρὰ</span> <span class='ocrx_word' id='word_1_108' title='bbox 3019 765 3237 837; x_wconf 84' lang='grc' dir='ltr'>βασιλεί</span> <span class='ocrx_word' id='word_1_109' title='bbox 3276 767 3464 820; x_wconf 81' lang='grc' dir='ltr'>πλεῖον</span> <span class='ocrx_word' id='word_1_110' title='bbox 3498 768 3685 839; x_wconf 80' lang='grc' dir='ltr'>άνῆπτε</span> 
     </span>
    </p>
   </div>
   <div class='ocr_carea' id='block_1_19' title="bbox 2130 856 3686 932">
    <p class='ocr_par' dir='ltr' id='par_1_19' title="bbox 2130 856 3686 932">
     <span class='ocr_line' id='line_1_19' title="bbox 2130 856 3686 932; baseline 0.004 -22"><span class='ocrx_word' id='word_1_111' title='bbox 2130 856 2192 910; x_wconf 76' lang='grc' dir='ltr'>τὸ</span> <span class='ocrx_word' id='word_1_112' title='bbox 2222 858 2400 926; x_wconf 77' lang='grc' dir='ltr'>μῖσος.</span> <span class='ocrx_word' id='word_1_113' title='bbox 2451 857 2602 912; x_wconf 79' lang='grc' dir='ltr'>Φιλεί</span> <span class='ocrx_word' id='word_1_114' title='bbox 2636 859 2747 929; x_wconf 81' lang='grc' dir='ltr'><strong>γάρ</strong></span> <span class='ocrx_word' id='word_1_115' title='bbox 2780 861 2808 913; x_wconf 83' lang='grc' dir='ltr'><strong>ὀ</strong></span> <span class='ocrx_word' id='word_1_116' title='bbox 2854 858 3032 929; x_wconf 81' lang='grc' dir='ltr'>δῆμος</span> <span class='ocrx_word' id='word_1_117' title='bbox 3059 859 3198 930; x_wconf 78' lang='grc' dir='ltr'>πρὸς</span> <span class='ocrx_word' id='word_1_118' title='bbox 3230 859 3361 922; x_wconf 78' lang='grc' dir='ltr'>τοὺς</span> <span class='ocrx_word' id='word_1_119' title='bbox 3390 861 3451 912; x_wconf 70' lang='grc' dir='ltr'><strong>ἐν</strong></span> <span class='ocrx_word' id='word_1_120' title='bbox 3477 860 3686 932; x_wconf 76' lang='grc' dir='ltr'>δυνάμει</span> 
     </span>
    </p>
   </div>
   <div class='ocr_carea' id='block_1_20' title="bbox 2131 948 3687 1023">
    <p class='ocr_par' dir='ltr' id='par_1_20' title="bbox 2131 948 3687 1023">
     <span class='ocr_line' id='line_1_20' title="bbox 2131 948 3687 1023; baseline 0.003 -20"><span class='ocrx_word' id='word_1_121' title='bbox 2131 948 2387 1018; x_wconf 80' lang='grc' dir='ltr'><strong>ἀπεχθῶς</strong></span> <span class='ocrx_word' id='word_1_122' title='bbox 2418 949 2588 1019; x_wconf 66' lang='grc' dir='ltr'>ἔχειν.</span> <span class='ocrx_word' id='word_1_123' title='bbox 2617 951 2857 1004; x_wconf 81' lang='grc' dir='ltr'><strong>Ἔπειτα</strong></span> <span class='ocrx_word' id='word_1_124' title='bbox 2904 951 3001 1005; x_wconf 71' lang='grc' dir='ltr'>καὶ</span> <span class='ocrx_word' id='word_1_125' title='bbox 3032 950 3093 1005; x_wconf 80' lang='grc' dir='ltr'>τὸ</span> <span class='ocrx_word' id='word_1_126' title='bbox 3130 949 3445 1021; x_wconf 86' lang='grc' dir='ltr'>τηνικαῦτα</span> <span class='ocrx_word' id='word_1_127' title='bbox 3490 954 3611 1023; x_wconf 82' lang='grc' dir='ltr'>περὶ</span> <span class='ocrx_word' id='word_1_128' title='bbox 3635 954 3687 1007; x_wconf 79' lang='grc' dir='ltr'><strong>τδ</strong></span> 
     </span>
    </p>
   </div>
   <div class='ocr_carea' id='block_1_21' title="bbox 2130 1039 3686 1116">
    <p class='ocr_par' dir='ltr' id='par_1_21' title="bbox 2130 1039 3686 1116">
     <span class='ocr_line' id='line_1_21' title="bbox 2130 1039 3686 1116; baseline 0.004 -22"><span class='ocrx_word' id='word_1_129' title='bbox 2130 1041 2367 1111; x_wconf 82' lang='grc' dir='ltr'>Μιθρίον</span> <span class='ocrx_word' id='word_1_130' title='bbox 2390 1042 2728 1115; x_wconf 86' lang='grc' dir='ltr'>καλούμενον</span> <span class='ocrx_word' id='word_1_131' title='bbox 2759 1043 3005 1112; x_wconf 78' lang='grc' dir='ltr'>γεγονὸς,</span> <span class='ocrx_word' id='word_1_132' title='bbox 3036 1042 3130 1097; x_wconf 76' lang='grc' dir='ltr'><strong>ἐπὶ</strong></span> <span class='ocrx_word' id='word_1_133' title='bbox 3158 1042 3306 1114; x_wconf 80' lang='grc' dir='ltr'>μέγα</span> <span class='ocrx_word' id='word_1_134' title='bbox 3331 1039 3437 1116; x_wconf 80' lang='grc' dir='ltr'>ἦρε</span> <span class='ocrx_word' id='word_1_135' title='bbox 3460 1043 3554 1115; x_wconf 76' lang='grc' dir='ltr'>τὴν</span> <span class='ocrx_word' id='word_1_136' title='bbox 3584 1049 3686 1101; x_wconf 81' lang='grc' dir='ltr'>κατ’</span> 
     </span>
    </p>
   </div>
   <div class='ocr_carea' id='block_1_22' title="bbox 2131 1132 3686 1206">
    <p class='ocr_par' dir='ltr' id='par_1_22' title="bbox 2131 1132 3686 1206">
     <span class='ocr_line' id='line_1_22' title="bbox 2131 1132 3686 1206; baseline 0.003 -20"><span class='ocrx_word' id='word_1_137' title='bbox 2131 1132 2298 1186; x_wconf 85' lang='grc' dir='ltr'>αὑτοῦ</span> <span class='ocrx_word' id='word_1_138' title='bbox 2335 1133 2574 1205; x_wconf 85' lang='grc' dir='ltr'>κίνησιν.</span> <span class='ocrx_word' id='word_1_139' title='bbox 2619 1135 2992 1206; x_wconf 80' lang='grc' dir='ltr'>’Δτημέλητον</span> <span class='ocrx_word' id='word_1_140' title='bbox 3047 1134 3157 1203; x_wconf 84' lang='grc' dir='ltr'>γὰρ</span> <span class='ocrx_word' id='word_1_141' title='bbox 3204 1134 3337 1189; x_wconf 77' lang='grc' dir='ltr'>ὄντα</span> <span class='ocrx_word' id='word_1_142' title='bbox 3390 1138 3483 1190; x_wconf 66' lang='grc' dir='ltr'><strong>τὸν</strong></span> <span class='ocrx_word' id='word_1_143' title='bbox 3519 1139 3686 1201; x_wconf 77' lang='grc' dir='ltr'>τόπον,</span> 
     </span>
    </p>
   </div>
   <div class='ocr_carea' id='block_1_23' title="bbox 2133 1228 3689 1300">
    <p class='ocr_par' dir='ltr' id='par_1_23' title="bbox 2133 1228 3689 1300">
     <span class='ocr_line' id='line_1_23' title="bbox 2133 1228 3689 1300; baseline 0.003 -19"><span class='ocrx_word' id='word_1_144' title='bbox 2133 1228 2517 1292; x_wconf 82' lang='grc' dir='ltr'>Κωνστάντιος</span> <span class='ocrx_word' id='word_1_145' title='bbox 2566 1230 2632 1300; x_wconf 76' lang='grc' dir='ltr'>τῇ</span> <span class='ocrx_word' id='word_1_146' title='bbox 2674 1228 2980 1300; x_wconf 75' lang='grc' dir='ltr'>Ἐκκλησία</span> <span class='ocrx_word' id='word_1_147' title='bbox 3008 1230 3216 1282; x_wconf 76' lang='grc' dir='ltr'>ἐκεῖνον</span> <span class='ocrx_word' id='word_1_148' title='bbox 3265 1230 3522 1300; x_wconf 72' lang='grc' dir='ltr'>ἐδωρεῖτο</span> <span class='ocrx_word' id='word_1_149' title='bbox 3558 1232 3689 1286; x_wconf 80' lang='grc' dir='ltr'>Ἀλε-</span> 
     </span>
    </p>
   </div>
   <div class='ocr_carea' id='block_1_24' title="bbox 2133 1319 3689 1393">
    <p class='ocr_par' dir='ltr' id='par_1_24' title="bbox 2133 1319 3689 1393">
     <span class='ocr_line' id='line_1_24' title="bbox 2133 1319 3689 1393; baseline 0.003 -17"><span class='ocrx_word' id='word_1_150' title='bbox 2133 1321 2426 1389; x_wconf 78' lang='grc' dir='ltr'>εανδρέων.</span> <span class='ocrx_word' id='word_1_151' title='bbox 2459 1319 2732 1391; x_wconf 81' lang='grc' dir='ltr'>Γεώργιος</span> <span class='ocrx_word' id='word_1_152' title='bbox 2764 1319 2812 1375; x_wconf 89' lang='grc' dir='ltr'>δ’</span> <span class='ocrx_word' id='word_1_153' title='bbox 2850 1321 3202 1393; x_wconf 79' lang='grc' dir='ltr'><strong>ἐκκαθαίρων</strong></span> <span class='ocrx_word' id='word_1_154' title='bbox 3233 1324 3325 1377; x_wconf 72' lang='grc' dir='ltr'><strong>τὸν</strong></span> <span class='ocrx_word' id='word_1_155' title='bbox 3370 1324 3537 1377; x_wconf 85' lang='grc' dir='ltr'>τόπον</span> <span class='ocrx_word' id='word_1_156' title='bbox 3576 1325 3689 1381; x_wconf 77' lang='grc' dir='ltr'>ὥστ’</span> 
     </span>
    </p>
   </div>
   <div class='ocr_carea' id='block_1_25' title="bbox 2132 1412 3691 1488">
    <p class='ocr_par' dir='ltr' id='par_1_25' title="bbox 2132 1412 3691 1488">
     <span class='ocr_line' id='line_1_25' title="bbox 2132 1412 3691 1488; baseline 0.002 -19"><span class='ocrx_word' id='word_1_157' title='bbox 2132 1416 2424 1485; x_wconf 85' lang='grc' dir='ltr'>εὐκτήριον</span> <span class='ocrx_word' id='word_1_158' title='bbox 2453 1412 2600 1470; x_wconf 74' lang='grc' dir='ltr'>οἷκον</span> <span class='ocrx_word' id='word_1_159' title='bbox 2626 1417 2910 1485; x_wconf 77' lang='grc' dir='ltr'>άνεγεῐραι</span> <span class='ocrx_word' id='word_1_160' title='bbox 2958 1415 3101 1486; x_wconf 83' lang='grc' dir='ltr'>Θεῷ,</span> <span class='ocrx_word' id='word_1_161' title='bbox 3136 1416 3397 1484; x_wconf 82' lang='grc' dir='ltr'>ύπόγειόν</span> <span class='ocrx_word' id='word_1_162' title='bbox 3423 1419 3691 1488; x_wconf 62' lang='grc' dir='ltr'>τιν-’ἄντρον</span> 
     </span>
    </p>
   </div>
   <div class='ocr_carea' id='block_1_26' title="bbox 2133 1501 3692 1580">
    <p class='ocr_par' dir='ltr' id='par_1_26' title="bbox 2133 1501 3692 1580">
     <span class='ocr_line' id='line_1_26' title="bbox 2133 1501 3692 1580; baseline 0 -18"><span class='ocrx_word' id='word_1_163' title='bbox 2133 1509 2382 1580; x_wconf 76' lang='grc' dir='ltr'><strong>εὑρίσκει</strong></span> <span class='ocrx_word' id='word_1_164' title='bbox 2401 1525 2416 1539; x_wconf 77' lang='grc'><strong><em>⁸</em></strong></span> <span class='ocrx_word' id='word_1_165' title='bbox 2445 1511 2503 1562; x_wconf 78' lang='grc' dir='ltr'>ἐν</span> <span class='ocrx_word' id='word_1_166' title='bbox 2531 1501 2576 1577; x_wconf 78' lang='grc' dir='ltr'>ᾧ</span> <span class='ocrx_word' id='word_1_167' title='bbox 2620 1508 2785 1572; x_wconf 76' lang='grc' dir='ltr'><strong>ξόανά</strong></span> <span class='ocrx_word' id='word_1_168' title='bbox 2813 1526 2875 1563; x_wconf 87' lang='grc' dir='ltr'><strong>τε</strong></span> <span class='ocrx_word' id='word_1_169' title='bbox 2909 1510 3005 1563; x_wconf 78' lang='grc' dir='ltr'>καὶ</span> <span class='ocrx_word' id='word_1_170' title='bbox 3036 1507 3173 1564; x_wconf 78' lang='grc' dir='ltr'>ἄλλα</span> <span class='ocrx_word' id='word_1_171' title='bbox 3226 1509 3475 1578; x_wconf 75' lang='grc' dir='ltr'>σύμϐολα</span> <span class='ocrx_word' id='word_1_172' title='bbox 3517 1509 3692 1579; x_wconf 76' lang='grc' dir='ltr'>Ἑλλη-</span> 
     </span>
    </p>
   </div>
   <div class='ocr_carea' id='block_1_27' title="bbox 453 1599 2034 1697">
    <p class='ocr_par' dir='ltr' id='par_1_27' title="bbox 453 1599 2030 1697">
     <span class='ocr_line' id='line_1_27' title="bbox 453 1599 2030 1697; baseline -0.018 -16"><span class='ocrx_word' id='word_1_173' title='bbox 453 1626 600 1697; x_wconf 87' lang='lat' dir='ltr'><strong>perit</strong></span> <span class='ocrx_word' id='word_1_174' title='bbox 627 1641 640 1678; x_wconf 86' lang='lat'><strong>:</strong></span> <span class='ocrx_word' id='word_1_175' title='bbox 677 1623 732 1678; x_wconf 92' lang='lat' dir='ltr'><strong>in</strong></span> <span class='ocrx_word' id='word_1_176' title='bbox 772 1634 884 1690; x_wconf 90' lang='lat' dir='ltr'><strong>quo</strong></span> <span class='ocrx_word' id='word_1_177' title='bbox 927 1615 1248 1679; x_wconf 81' lang='lat' dir='ltr'><strong>simulacra,</strong></span> <span class='ocrx_word' id='word_1_178' title='bbox 1275 1618 1335 1664; x_wconf 91' lang='lat' dir='ltr'><strong>et</strong></span> <span class='ocrx_word' id='word_1_179' title='bbox 1361 1608 1468 1662; x_wconf 86' lang='lat' dir='ltr'><strong>alia</strong></span> <span class='ocrx_word' id='word_1_180' title='bbox 1498 1603 1751 1676; x_wconf 62' lang='lat' dir='ltr'><strong>quadam</strong></span> <span class='ocrx_word' id='word_1_181' title='bbox 1781 1599 2030 1673; x_wconf 84' lang='lat' dir='ltr'><strong>symbola</strong></span> 
     </span>
    </p>
   </div>
   <div class='ocr_carea' id='block_1_28' title="bbox 2143 1599 3694 1697">
    <p class='ocr_par' dir='ltr' id='par_1_28' title="bbox 2143 1601 3694 1674">
     <span class='ocr_line' id='line_1_28' title="bbox 2143 1601 3694 1674; baseline 0.002 -20"><span class='ocrx_word' id='word_1_182' title='bbox 2143 1602 2294 1671; x_wconf 74' lang='grc' dir='ltr'>νικῆς</span> <span class='ocrx_word' id='word_1_183' title='bbox 2345 1601 2654 1674; x_wconf 86' lang='grc' dir='ltr'>τερθρείας,</span> <span class='ocrx_word' id='word_1_184' title='bbox 2697 1602 2774 1666; x_wconf 81' lang='grc' dir='ltr'>ὡς</span> <span class='ocrx_word' id='word_1_185' title='bbox 2801 1601 2869 1656; x_wconf 82' lang='grc' dir='ltr'><strong>άν</strong></span> <span class='ocrx_word' id='word_1_186' title='bbox 2907 1619 2990 1666; x_wconf 90' lang='grc' dir='ltr'><strong>τις</strong></span> <span class='ocrx_word' id='word_1_187' title='bbox 3021 1602 3191 1668; x_wconf 78' lang='grc' dir='ltr'>εἴποι,</span> <span class='ocrx_word' id='word_1_188' title='bbox 3221 1602 3332 1657; x_wconf 81' lang='grc' dir='ltr'>τῶν</span> <span class='ocrx_word' id='word_1_189' title='bbox 3363 1601 3496 1672; x_wconf 84' lang='grc' dir='ltr'>παρ’</span> <span class='ocrx_word' id='word_1_190' title='bbox 3527 1605 3694 1666; x_wconf 80' lang='grc' dir='ltr'>αὐτοῖς</span> 
     </span>
    </p>
   </div>
   <div class='ocr_carea' id='block_1_29' title="bbox 451 1688 2034 1787">
    <p class='ocr_par' dir='ltr' id='par_1_29' title="bbox 451 1688 2034 1787">
     <span class='ocr_line' id='line_1_29' title="bbox 451 1688 2034 1787; baseline -0.016 -13"><span class='ocrx_word' id='word_1_191' title='bbox 451 1688 508 1773; x_wconf 72' lang='lat' dir='ltr'><strong>et</strong></span> <span class='ocrx_word' id='word_1_192' title='bbox 542 1719 696 1787; x_wconf 81' lang='lat' dir='ltr'><strong>signa</strong></span> <span class='ocrx_word' id='word_1_193' title='bbox 726 1688 1042 1769; x_wconf 79' lang='lat' dir='ltr'><strong>Graecarum</strong></span> <span class='ocrx_word' id='word_1_194' title='bbox 1072 1718 1345 1775; x_wconf 81' lang='lat' dir='ltr'><strong>nugarum</strong></span> <span class='ocrx_word' id='word_1_195' title='bbox 1384 1710 1443 1756; x_wconf 89' lang='lat' dir='ltr'><strong>et</strong></span> <span class='ocrx_word' id='word_1_196' title='bbox 1484 1697 1913 1769; x_wconf 65' lang='lat' dir='ltr'><strong>praestigiarum,</strong></span> <span class='ocrx_word' id='word_1_197' title='bbox 1971 1701 2034 1748; x_wconf 90' lang='lat' dir='ltr'><strong>ut</strong></span> 
     </span>
    </p>
   </div>
   <div class='ocr_carea' id='block_1_30' title="bbox 2143 1688 3695 1787">
    <p class='ocr_par' dir='ltr' id='par_1_30' title="bbox 2143 1688 3695 1765">
     <span class='ocr_line' id='line_1_30' title="bbox 2143 1688 3695 1765; baseline 0.001 -20"><span class='ocrx_word' id='word_1_198' title='bbox 2143 1692 2463 1763; x_wconf 81' lang='grc' dir='ltr'>μυουμένων</span> <span class='ocrx_word' id='word_1_199' title='bbox 2498 1693 2530 1764; x_wconf 78' lang='grc' dir='ltr'>ἧ</span> <span class='ocrx_word' id='word_1_200' title='bbox 2569 1694 2912 1764; x_wconf 81' lang='grc' dir='ltr'>τελουμένων</span> <span class='ocrx_word' id='word_1_201' title='bbox 2946 1688 3091 1765; x_wconf 82' lang='grc' dir='ltr'>ἦσαν</span> <span class='ocrx_word' id='word_1_202' title='bbox 3115 1710 3129 1723; x_wconf 74' lang='grc'><strong>⁸</strong></span> <span class='ocrx_word' id='word_1_203' title='bbox 3174 1692 3210 1749; x_wconf 76' lang='grc' dir='ltr'>ἃ</span> <span class='ocrx_word' id='word_1_204' title='bbox 3245 1693 3435 1761; x_wconf 85' lang='grc' dir='ltr'>γελοῖά</span> <span class='ocrx_word' id='word_1_205' title='bbox 3462 1711 3583 1747; x_wconf 89' lang='grc' dir='ltr'>τινα</span> <span class='ocrx_word' id='word_1_206' title='bbox 3611 1694 3695 1747; x_wconf 77' lang='grc' dir='ltr'>καὶ</span> 
     </span>
    </p>
   </div>
   <div class='ocr_carea' id='block_1_31' title="bbox 450 1779 2034 1872">
    <p class='ocr_par' dir='ltr' id='par_1_31' title="bbox 450 1779 2028 1872">
     <span class='ocr_line' id='line_1_31' title="bbox 450 1779 2028 1872; baseline -0.018 -4"><span class='ocrx_word' id='word_1_207' title='bbox 450 1814 526 1868; x_wconf 87' lang='lat' dir='ltr'><strong>ita</strong></span> <span class='ocrx_word' id='word_1_208' title='bbox 556 1779 762 1871; x_wconf 72' lang='lat' dir='ltr'><strong>diram,</strong></span> <span class='ocrx_word' id='word_1_209' title='bbox 796 1815 1103 1872; x_wconf 88' lang='lat' dir='ltr'><strong>eorumque</strong></span> <span class='ocrx_word' id='word_1_210' title='bbox 1138 1798 1233 1869; x_wconf 83' lang='lat' dir='ltr'><strong>qui</strong></span> <span class='ocrx_word' id='word_1_211' title='bbox 1268 1794 1442 1851; x_wconf 86' lang='lat' dir='ltr'><strong>sacris</strong></span> <span class='ocrx_word' id='word_1_212' title='bbox 1487 1792 1555 1848; x_wconf 87' lang='lat' dir='ltr'><strong>ab</strong></span> <span class='ocrx_word' id='word_1_213' title='bbox 1608 1790 1744 1861; x_wconf 81' lang='lat' dir='ltr'><strong>ipsis</strong></span> <span class='ocrx_word' id='word_1_214' title='bbox 1788 1786 2028 1843; x_wconf 86' lang='lat' dir='ltr'><strong>instituti</strong></span> 
     </span>
    </p>
   </div>
   <div class='ocr_carea' id='block_1_32' title="bbox 2143 1779 3693 1872">
    <p class='ocr_par' dir='ltr' id='par_1_32' title="bbox 2143 1779 3693 1857">
     <span class='ocr_line' id='line_1_32' title="bbox 2143 1779 3693 1857; baseline 0.001 -20"><span class='ocrx_word' id='word_1_215' title='bbox 2143 1785 2264 1850; x_wconf 75' lang='grc' dir='ltr'>ξένα</span> <span class='ocrx_word' id='word_1_216' title='bbox 2319 1785 2492 1839; x_wconf 75' lang='grc' dir='ltr'>ἐδόκει</span> <span class='ocrx_word' id='word_1_217' title='bbox 2549 1788 2665 1849; x_wconf 85' lang='grc' dir='ltr'>τοῖς</span> <span class='ocrx_word' id='word_1_218' title='bbox 2720 1785 3058 1855; x_wconf 80' lang='grc' dir='ltr'>θεωμένοις·</span> <span class='ocrx_word' id='word_1_219' title='bbox 3094 1779 3179 1850; x_wconf 78' lang='grc' dir='ltr'><strong>οἷς</strong></span> <span class='ocrx_word' id='word_1_220' title='bbox 3225 1786 3291 1857; x_wconf 78' lang='grc' dir='ltr'>δὴ</span> <span class='ocrx_word' id='word_1_221' title='bbox 3325 1788 3420 1842; x_wconf 74' lang='grc' dir='ltr'>καὶ</span> <span class='ocrx_word' id='word_1_222' title='bbox 3468 1786 3693 1840; x_wconf 78' lang='grc' dir='ltr'>ὲπισκιέιο</span> 
     </span>
    </p>
   </div>
   <div class='ocr_carea' id='block_1_33' title="bbox 451 1879 2028 1977">
    <p class='ocr_par' dir='ltr' id='par_1_33' title="bbox 451 1879 2028 1977">
     <span class='ocr_line' id='line_1_33' title="bbox 451 1879 2028 1977; baseline -0.018 -15"><span class='ocrx_word' id='word_1_223' title='bbox 451 1916 616 1977; x_wconf 91' lang='lat' dir='ltr'><strong>atque</strong></span> <span class='ocrx_word' id='word_1_224' title='bbox 666 1899 872 1956; x_wconf 86' lang='lat' dir='ltr'><strong>initiati</strong></span> <span class='ocrx_word' id='word_1_225' title='bbox 907 1895 1166 1955; x_wconf 78' lang='lat' dir='ltr'><strong>fuissent,</strong></span> <span class='ocrx_word' id='word_1_226' title='bbox 1219 1897 1402 1944; x_wconf 87' lang='lat' dir='ltr'><strong>erant.</strong></span> <span class='ocrx_word' id='word_1_227' title='bbox 1435 1886 1567 1951; x_wconf 64' lang='lat' dir='ltr'><strong>Qum</strong></span> <span class='ocrx_word' id='word_1_228' title='bbox 1618 1896 1754 1938; x_wconf 86' lang='lat' dir='ltr'><strong>sane</strong></span> <span class='ocrx_word' id='word_1_229' title='bbox 1791 1879 2028 1935; x_wconf 87' lang='lat' dir='ltr'><strong>ridicula</strong></span> 
     </span>
    </p>
   </div>
   <div class='ocr_carea' id='block_1_34' title="bbox 450 1971 2030 2054">
    <p class='ocr_par' dir='ltr' id='par_1_34' title="bbox 450 1971 2030 2054">
     <span class='ocr_line' id='line_1_34' title="bbox 450 1971 2030 2054; baseline -0.017 -2"><span class='ocrx_word' id='word_1_230' title='bbox 450 2007 508 2051; x_wconf 87' lang='lat' dir='ltr'><strong>et</strong></span> <span class='ocrx_word' id='word_1_231' title='bbox 527 1971 670 2049; x_wconf 78' lang='lat' dir='ltr'><strong>nova</strong></span> <span class='ocrx_word' id='word_1_232' title='bbox 696 1986 1056 2046; x_wconf 77' lang='lat' dir='ltr'><strong>cernentibus</strong></span> <span class='ocrx_word' id='word_1_233' title='bbox 1089 1990 1219 2039; x_wconf 90' lang='lat' dir='ltr'><strong>sunt</strong></span> <span class='ocrx_word' id='word_1_234' title='bbox 1246 1980 1384 2042; x_wconf 88' lang='lat' dir='ltr'><strong>visa,</strong></span> <span class='ocrx_word' id='word_1_235' title='bbox 1436 1973 1784 2045; x_wconf 87' lang='lat' dir='ltr'><strong>proindeque</strong></span> <span class='ocrx_word' id='word_1_236' title='bbox 1830 1971 2030 2054; x_wconf 88' lang='lat' dir='ltr'><strong>merito</strong></span> 
     </span>
    </p>
   </div>
   <div class='ocr_carea' id='block_1_35' title="bbox 450 2066 2029 2159">
    <p class='ocr_par' dir='ltr' id='par_1_35' title="bbox 450 2066 2029 2159">
     <span class='ocr_line' id='line_1_35' title="bbox 450 2066 2029 2159; baseline -0.017 -16"><span class='ocrx_word' id='word_1_237' title='bbox 450 2103 551 2159; x_wconf 89' lang='lat' dir='ltr'><strong>per</strong></span> <span class='ocrx_word' id='word_1_238' title='bbox 578 2082 884 2140; x_wconf 85' lang='lat' dir='ltr'><strong>ludibrium</strong></span> <span class='ocrx_word' id='word_1_239' title='bbox 913 2077 1101 2133; x_wconf 87' lang='lat' dir='ltr'><strong>irrisa.</strong></span> <span class='ocrx_word' id='word_1_240' title='bbox 1129 2071 1305 2129; x_wconf 67' lang='lat' dir='ltr'><strong>Graeci</strong></span> <span class='ocrx_word' id='word_1_241' title='bbox 1340 2079 1527 2124; x_wconf 87' lang='lat' dir='ltr'><strong>autem</strong></span> <span class='ocrx_word' id='word_1_242' title='bbox 1558 2066 1769 2137; x_wconf 85' lang='lat' dir='ltr'><strong>pudore</strong></span> <span class='ocrx_word' id='word_1_243' title='bbox 1802 2072 2029 2134; x_wconf 84' lang='lat' dir='ltr'><strong>propter</strong></span> 
     </span>
    </p>
   </div>
   <div class='ocr_carea' id='block_1_36' title="bbox 456 2157 2027 2253">
    <p class='ocr_par' dir='ltr' id='par_1_36' title="bbox 456 2157 2027 2253">
     <span class='ocr_line' id='line_1_36' title="bbox 456 2157 2027 2253; baseline -0.017 -17"><span class='ocrx_word' id='word_1_244' title='bbox 456 2157 719 2253; x_wconf 79' lang='lat' dir='ltr'><strong>mysteria</strong></span> <span class='ocrx_word' id='word_1_245' title='bbox 747 2184 804 2230; x_wconf 89' lang='lat' dir='ltr'><strong>et</strong></span> <span class='ocrx_word' id='word_1_246' title='bbox 835 2185 1041 2227; x_wconf 88' lang='lat' dir='ltr'><strong>arcana</strong></span> <span class='ocrx_word' id='word_1_247' title='bbox 1080 2183 1179 2224; x_wconf 88' lang='lat' dir='ltr'><strong>sua</strong></span> <span class='ocrx_word' id='word_1_248' title='bbox 1212 2164 1456 2220; x_wconf 87' lang='lat' dir='ltr'><strong>revelata</strong></span> <span class='ocrx_word' id='word_1_249' title='bbox 1487 2160 1697 2225; x_wconf 76' lang='lat' dir='ltr'><strong>affecti,</strong></span> <span class='ocrx_word' id='word_1_250' title='bbox 1733 2157 2027 2213; x_wconf 76' lang='lat' dir='ltr'><strong>confertim</strong></span> 
     </span>
    </p>
   </div>
   <div class='ocr_carea' id='block_1_37' title="bbox 454 2249 2030 2335">
    <p class='ocr_par' dir='ltr' id='par_1_37' title="bbox 454 2249 2030 2335">
     <span class='ocr_line' id='line_1_37' title="bbox 454 2249 2030 2335; baseline -0.015 -9"><span class='ocrx_word' id='word_1_251' title='bbox 454 2249 619 2326; x_wconf 81' lang='lat' dir='ltr'><strong>manu</strong></span> <span class='ocrx_word' id='word_1_252' title='bbox 650 2276 862 2329; x_wconf 89' lang='lat' dir='ltr'><strong>coacta,</strong></span> <span class='ocrx_word' id='word_1_253' title='bbox 893 2261 1113 2335; x_wconf 86' lang='lat' dir='ltr'><strong>gladiis,</strong></span> <span class='ocrx_word' id='word_1_254' title='bbox 1148 2256 1430 2328; x_wconf 85' lang='lat' dir='ltr'><strong>lapidibus</strong></span> <span class='ocrx_word' id='word_1_255' title='bbox 1471 2265 1528 2308; x_wconf 90' lang='lat' dir='ltr'><strong>et</strong></span> <span class='ocrx_word' id='word_1_256' title='bbox 1563 2252 1737 2307; x_wconf 81' lang='lat' dir='ltr'><strong>clavis</strong></span> <span class='ocrx_word' id='word_1_257' title='bbox 1763 2249 2030 2318; x_wconf 88' lang='lat' dir='ltr'><strong>impetum</strong></span> 
     </span>
    </p>
   </div>
   <div class='ocr_carea' id='block_1_38' title="bbox 454 2342 2028 2416">
    <p class='ocr_par' dir='ltr' id='par_1_38' title="bbox 454 2342 2028 2416">
     <span class='ocr_line' id='line_1_38' title="bbox 454 2342 2028 2416; baseline -0.013 -2"><span class='ocrx_word' id='word_1_258' title='bbox 454 2364 510 2416; x_wconf 91' lang='lat' dir='ltr'><strong>in</strong></span> <span class='ocrx_word' id='word_1_259' title='bbox 561 2359 910 2415; x_wconf 86' lang='lat' dir='ltr'><strong>Christianos</strong></span> <span class='ocrx_word' id='word_1_260' title='bbox 960 2354 1254 2415; x_wconf 87' lang='lat' dir='ltr'><strong>fecerunt,</strong></span> <span class='ocrx_word' id='word_1_261' title='bbox 1307 2356 1365 2404; x_wconf 93' lang='lat' dir='ltr'><strong>et</strong></span> <span class='ocrx_word' id='word_1_262' title='bbox 1414 2346 1625 2401; x_wconf 87' lang='lat' dir='ltr'><strong>multos</strong></span> <span class='ocrx_word' id='word_1_263' title='bbox 1679 2342 2028 2409; x_wconf 88' lang='lat' dir='ltr'><strong>occiderunt,</strong></span> 
     </span>
    </p>
   </div>
   <div class='ocr_carea' id='block_1_39' title="bbox 454 2434 2032 2525">
    <p class='ocr_par' dir='ltr' id='par_1_39' title="bbox 454 2434 2032 2525">
     <span class='ocr_line' id='line_1_39' title="bbox 454 2434 2032 2525; baseline -0.012 -16"><span class='ocrx_word' id='word_1_264' title='bbox 454 2452 726 2525; x_wconf 83' lang='lat' dir='ltr'><strong>quosdam</strong></span> <span class='ocrx_word' id='word_1_265' title='bbox 761 2449 1147 2510; x_wconf 86' lang='lat' dir='ltr'><strong>vulnerarunt,</strong></span> <span class='ocrx_word' id='word_1_266' title='bbox 1199 2451 1258 2498; x_wconf 90' lang='lat' dir='ltr'><strong>et</strong></span> <span class='ocrx_word' id='word_1_267' title='bbox 1304 2439 1605 2496; x_wconf 89' lang='lat' dir='ltr'><strong>nonnullos</strong></span> <span class='ocrx_word' id='word_1_268' title='bbox 1643 2437 1811 2491; x_wconf 91' lang='lat' dir='ltr'><strong>etiam</strong></span> <span class='ocrx_word' id='word_1_269' title='bbox 1846 2450 1912 2489; x_wconf 78' lang='lat' dir='ltr'><strong>ex</strong></span> <span class='ocrx_word' id='word_1_270' title='bbox 1946 2434 2032 2490; x_wconf 84' lang='lat' dir='ltr'><strong>eis</strong></span> 
     </span>
    </p>
   </div>
   <div class='ocr_carea' id='block_1_40' title="bbox 454 2532 2033 2614">
    <p class='ocr_par' dir='ltr' id='par_1_40' title="bbox 454 2532 2033 2614">
     <span class='ocr_line' id='line_1_40' title="bbox 454 2532 2033 2614; baseline -0.013 -14"><span class='ocrx_word' id='word_1_271' title='bbox 454 2546 523 2600; x_wconf 91' lang='lat' dir='ltr'><strong>ad</strong></span> <span class='ocrx_word' id='word_1_272' title='bbox 553 2543 825 2614; x_wconf 72' lang='lat' dir='ltr'><strong>dogmatis</strong></span> <span class='ocrx_word' id='word_1_273' title='bbox 864 2535 1259 2594; x_wconf 84' lang='lat' dir='ltr'><strong>contumeliam</strong></span> <span class='ocrx_word' id='word_1_274' title='bbox 1303 2532 1356 2586; x_wconf 89' lang='lat' dir='ltr'><strong>in</strong></span> <span class='ocrx_word' id='word_1_275' title='bbox 1403 2545 1626 2587; x_wconf 88' lang='lat' dir='ltr'><strong>crucem</strong></span> <span class='ocrx_word' id='word_1_276' title='bbox 1661 2535 1915 2599; x_wconf 83' lang='lat' dir='ltr'><strong>egerunt,</strong></span> <span class='ocrx_word' id='word_1_277' title='bbox 1950 2536 2033 2581; x_wconf 87' lang='lat' dir='ltr'><strong>at-</strong></span> 
     </span>
    </p>
   </div>
   <div class='ocr_carea' id='block_1_41' title="bbox 455 2621 2028 2708">
    <p class='ocr_par' dir='ltr' id='par_1_41' title="bbox 455 2621 2028 2708">
     <span class='ocr_line' id='line_1_41' title="bbox 455 2621 2028 2708; baseline -0.013 -15"><span class='ocrx_word' id='word_1_278' title='bbox 455 2654 564 2708; x_wconf 88' lang='lat' dir='ltr'><strong>que</strong></span> <span class='ocrx_word' id='word_1_279' title='bbox 588 2638 868 2691; x_wconf 88' lang='lat' dir='ltr'><strong>abierunt.</strong></span> <span class='ocrx_word' id='word_1_280' title='bbox 903 2631 1177 2700; x_wconf 78' lang='lat' dir='ltr'><strong>Georgius</strong></span> <span class='ocrx_word' id='word_1_281' title='bbox 1202 2634 1446 2696; x_wconf 72' lang='lat' dir='ltr'><strong>emptum</strong></span> <span class='ocrx_word' id='word_1_282' title='bbox 1473 2639 1612 2693; x_wconf 90' lang='lat' dir='ltr'><strong>opus</strong></span> <span class='ocrx_word' id='word_1_283' title='bbox 1644 2621 2028 2692; x_wconf 86' lang='lat' dir='ltr'><strong>imperfectum</strong></span> 
     </span>
    </p>
   </div>
   <div class='ocr_carea' id='block_1_42' title="bbox 457 2713 2031 2798">
    <p class='ocr_par' dir='ltr' id='par_1_42' title="bbox 457 2713 2031 2798">
     <span class='ocr_line' id='line_1_42' title="bbox 457 2713 2031 2798; baseline -0.014 -14"><span class='ocrx_word' id='word_1_284' title='bbox 457 2728 706 2798; x_wconf 80' lang='lat' dir='ltr'><strong>reliquit.</strong></span> <span class='ocrx_word' id='word_1_285' title='bbox 763 2725 937 2780; x_wconf 71' lang='lat' dir='ltr'><strong>Gra3ci</strong></span> <span class='ocrx_word' id='word_1_286' title='bbox 1014 2734 1183 2791; x_wconf 92' lang='lat' dir='ltr'><strong>porro</strong></span> <span class='ocrx_word' id='word_1_287' title='bbox 1217 2716 1422 2772; x_wconf 79' lang='lat' dir='ltr'><strong>Juliani</strong></span> <span class='ocrx_word' id='word_1_288' title='bbox 1463 2713 1720 2782; x_wconf 89' lang='lat' dir='ltr'><strong>imperio,</strong></span> <span class='ocrx_word' id='word_1_289' title='bbox 1774 2722 2031 2780; x_wconf 88' lang='lat' dir='ltr'><strong>tanquam</strong></span> 
     </span>
    </p>
   </div>
   <div class='ocr_carea' id='block_1_43' title="bbox 2138 1876 3695 1947">
    <p class='ocr_par' dir='ltr' id='par_1_43' title="bbox 2138 1876 3695 1947">
     <span class='ocr_line' id='line_1_43' title="bbox 2138 1876 3695 1947; baseline -0.001 -15"><span class='ocrx_word' id='word_1_290' title='bbox 2138 1895 2387 1942; x_wconf 87' lang='grc' dir='ltr'>πτοντες,</span> <span class='ocrx_word' id='word_1_291' title='bbox 2437 1876 2794 1943; x_wconf 77' lang='grc' dir='ltr'>διετώθαζον.</span> <span class='ocrx_word' id='word_1_292' title='bbox 2841 1880 2905 1931; x_wconf 79' lang='lat' dir='ltr'><strong>Ol</strong></span> <span class='ocrx_word' id='word_1_293' title='bbox 2941 1879 2998 1932; x_wconf 67' lang='grc' dir='ltr'>δὲ</span> <span class='ocrx_word' id='word_1_294' title='bbox 3043 1881 3158 1941; x_wconf 82' lang='grc' dir='ltr'>τοῖς</span> <span class='ocrx_word' id='word_1_295' title='bbox 3192 1878 3518 1947; x_wconf 70' lang='grc' dir='ltr'>μυστηρίοις</span> <span class='ocrx_word' id='word_1_296' title='bbox 3548 1880 3695 1931; x_wconf 80' lang='grc' dir='ltr'>ἐπαι-</span> 
     </span>
    </p>
   </div>
   <div class='ocr_carea' id='block_1_44' title="bbox 2138 1974 3695 2047">
    <p class='ocr_par' dir='ltr' id='par_1_44' title="bbox 2138 1974 3695 2047">
     <span class='ocr_line' id='line_1_44' title="bbox 2138 1974 3695 2047; baseline -0.001 -18"><span class='ocrx_word' id='word_1_297' title='bbox 2138 1975 2483 2047; x_wconf 85' lang='grc' dir='ltr'>σχυνθέντες,</span> <span class='ocrx_word' id='word_1_298' title='bbox 2512 1974 2712 2046; x_wconf 83' lang='grc' dir='ltr'>ἀθρόον</span> <span class='ocrx_word' id='word_1_299' title='bbox 2774 1975 3131 2043; x_wconf 77' lang='grc' dir='ltr'><strong>συλλεγέντες</strong></span> <span class='ocrx_word' id='word_1_300' title='bbox 3163 1976 3347 2042; x_wconf 79' lang='grc' dir='ltr'>ξίφεσι</span> <span class='ocrx_word' id='word_1_301' title='bbox 3403 1974 3500 2027; x_wconf 73' lang='grc' dir='ltr'>καὶ</span> <span class='ocrx_word' id='word_1_302' title='bbox 3540 1974 3695 2039; x_wconf 85' lang='grc' dir='ltr'>λίθοις</span> 
     </span>
    </p>
   </div>
   <div class='ocr_carea' id='block_1_45' title="bbox 2137 2066 3696 2140">
    <p class='ocr_par' dir='ltr' id='par_1_45' title="bbox 2137 2066 3696 2140">
     <span class='ocr_line' id='line_1_45' title="bbox 2137 2066 3696 2140; baseline -0.003 -16"><span class='ocrx_word' id='word_1_303' title='bbox 2137 2066 2231 2124; x_wconf 79' lang='grc' dir='ltr'>κάὶ</span> <span class='ocrx_word' id='word_1_304' title='bbox 2287 2069 2543 2140; x_wconf 75' lang='grc' dir='ltr'>ῥοπάλοις</span> <span class='ocrx_word' id='word_1_305' title='bbox 2600 2071 2713 2133; x_wconf 73' lang='grc' dir='ltr'>τοῖς</span> <span class='ocrx_word' id='word_1_306' title='bbox 2764 2069 3122 2137; x_wconf 81' lang='grc' dir='ltr'>Χριστιανοΐς</span> <span class='ocrx_word' id='word_1_307' title='bbox 3180 2068 3556 2121; x_wconf 73' lang='grc' dir='ltr'>ἐπιτίθενται·</span> <span class='ocrx_word' id='word_1_308' title='bbox 3616 2070 3696 2121; x_wconf 76' lang='lat' dir='ltr'><strong>tul</strong></span> 
     </span>
    </p>
   </div>
   <div class='ocr_carea' id='block_1_46' title="bbox 2137 2159 3701 2233">
    <p class='ocr_par' dir='ltr' id='par_1_46' title="bbox 2137 2159 3701 2233">
     <span class='ocr_line' id='line_1_46' title="bbox 2137 2159 3701 2233; baseline -0.003 -14"><span class='ocrx_word' id='word_1_309' title='bbox 2137 2162 2369 2226; x_wconf 79' lang='grc' dir='ltr'>πολλοὺς</span> <span class='ocrx_word' id='word_1_310' title='bbox 2404 2164 2505 2232; x_wconf 74' lang='grc' dir='ltr'>μὲν</span> <span class='ocrx_word' id='word_1_311' title='bbox 2552 2160 2872 2233; x_wconf 81' lang='grc' dir='ltr'>ἀναιροῦσιν</span> <span class='ocrx_word' id='word_1_312' title='bbox 2895 2201 2910 2226; x_wconf 91' lang='grc'><strong>,</strong></span> <span class='ocrx_word' id='word_1_313' title='bbox 2962 2161 3064 2214; x_wconf 79' lang='grc' dir='ltr'><strong>οὐκ</strong></span> <span class='ocrx_word' id='word_1_314' title='bbox 3094 2160 3314 2227; x_wconf 79' lang='grc' dir='ltr'>ὀλίγους</span> <span class='ocrx_word' id='word_1_315' title='bbox 3339 2159 3397 2213; x_wconf 82' lang='grc' dir='ltr'>δὲ</span> <span class='ocrx_word' id='word_1_316' title='bbox 3436 2161 3526 2212; x_wconf 74' lang='grc' dir='ltr'>καὶ</span> <span class='ocrx_word' id='word_1_317' title='bbox 3555 2177 3701 2231; x_wconf 79' lang='grc' dir='ltr'>τραυ-</span> 
     </span>
    </p>
   </div>
   <div class='ocr_carea' id='block_1_47' title="bbox 2141 2251 3697 2326">
    <p class='ocr_par' dir='ltr' id='par_1_47' title="bbox 2141 2251 3697 2326">
     <span class='ocr_line' id='line_1_47' title="bbox 2141 2251 3697 2326; baseline -0.001 -19"><span class='ocrx_word' id='word_1_318' title='bbox 2141 2255 2339 2326; x_wconf 86' lang='grc' dir='ltr'>ματίας</span> <span class='ocrx_word' id='word_1_319' title='bbox 2374 2255 2727 2325; x_wconf 74' lang='grc' dir='ltr'>ἐργάζονται,</span> <span class='ocrx_word' id='word_1_320' title='bbox 2778 2253 3008 2315; x_wconf 77' lang='grc' dir='ltr'>πολλοὺς</span> <span class='ocrx_word' id='word_1_321' title='bbox 3036 2253 3082 2306; x_wconf 82' lang='grc' dir='ltr'>δ’</span> <span class='ocrx_word' id='word_1_322' title='bbox 3111 2256 3176 2307; x_wconf 72' lang='grc' dir='ltr'>ὲκ</span> <span class='ocrx_word' id='word_1_323' title='bbox 3223 2252 3429 2307; x_wconf 85' lang='grc' dir='ltr'>τούτων</span> <span class='ocrx_word' id='word_1_324' title='bbox 3464 2251 3697 2324; x_wconf 80' lang='grc' dir='ltr'>σταυρώ-</span> 
     </span>
    </p>
   </div>
   <div class='ocr_carea' id='block_1_48' title="bbox 2139 2346 3697 2418">
    <p class='ocr_par' dir='ltr' id='par_1_48' title="bbox 2139 2346 3697 2418">
     <span class='ocr_line' id='line_1_48' title="bbox 2139 2346 3697 2418; baseline 0 -16"><span class='ocrx_word' id='word_1_325' title='bbox 2139 2366 2354 2413; x_wconf 74' lang='grc' dir='ltr'>σαντες,</span> <span class='ocrx_word' id='word_1_326' title='bbox 2382 2348 2465 2418; x_wconf 73' lang='grc' dir='ltr'><strong>ἐφ’</strong></span> <span class='ocrx_word' id='word_1_327' title='bbox 2481 2348 2639 2418; x_wconf 70' lang='grc' dir='ltr'>ὕϐρει</span> <span class='ocrx_word' id='word_1_328' title='bbox 2664 2347 2827 2413; x_wconf 81' lang='grc' dir='ltr'><strong>δῆθεν</strong></span> <span class='ocrx_word' id='word_1_329' title='bbox 2844 2346 2942 2401; x_wconf 90' lang='grc' dir='ltr'><strong>τοῦ</strong></span> <span class='ocrx_word' id='word_1_330' title='bbox 2969 2347 3264 2416; x_wconf 76' lang='grc' dir='ltr'>δόγματος,</span> <span class='ocrx_word' id='word_1_331' title='bbox 3287 2346 3697 2417; x_wconf 78' lang='grc' dir='ltr'><strong>ἀπηλλάττοντο.</strong></span> 
     </span>
    </p>
   </div>
   <div class='ocr_carea' id='block_1_49' title="bbox 2141 2437 3697 2512">
    <p class='ocr_par' dir='ltr' id='par_1_49' title="bbox 2141 2437 3697 2512">
     <span class='ocr_line' id='line_1_49' title="bbox 2141 2437 3697 2512; baseline -0.003 -19"><span class='ocrx_word' id='word_1_332' title='bbox 2141 2442 2251 2496; x_wconf 75' lang='lat' dir='ltr'><strong>Kal</strong></span> <span class='ocrx_word' id='word_1_333' title='bbox 2282 2442 2341 2494; x_wconf 74' lang='grc' dir='ltr'>τὸ</span> <span class='ocrx_word' id='word_1_334' title='bbox 2375 2440 2477 2512; x_wconf 77' lang='grc' dir='ltr'><strong>μὲν</strong></span> <span class='ocrx_word' id='word_1_335' title='bbox 2509 2441 2674 2510; x_wconf 75' lang='grc' dir='ltr'>ἔργον</span> <span class='ocrx_word' id='word_1_336' title='bbox 2710 2439 2902 2498; x_wconf 78' lang='grc' dir='ltr'>ἀτελὲς</span> <span class='ocrx_word' id='word_1_337' title='bbox 2932 2437 3011 2510; x_wconf 83' lang='grc' dir='ltr'>τῷ</span> <span class='ocrx_word' id='word_1_338' title='bbox 3036 2439 3301 2509; x_wconf 85' lang='grc' dir='ltr'>Γεωργίῳ</span> <span class='ocrx_word' id='word_1_339' title='bbox 3332 2437 3697 2492; x_wconf 72' lang='grc' dir='ltr'><strong>κατελείπετο·</strong></span> 
     </span>
    </p>
   </div>
   <div class='ocr_carea' id='block_1_50' title="bbox 2138 2531 3697 2605">
    <p class='ocr_par' dir='ltr' id='par_1_50' title="bbox 2138 2531 3697 2605">
     <span class='ocr_line' id='line_1_50' title="bbox 2138 2531 3697 2605; baseline 0.01 -26"><span class='ocrx_word' id='word_1_340' title='bbox 2138 2535 2187 2588; x_wconf 81' lang='grc' dir='ltr'>οἱ</span> <span class='ocrx_word' id='word_1_341' title='bbox 2238 2533 2284 2605; x_wconf 79' lang='grc' dir='ltr'>δ’</span> <span class='ocrx_word' id='word_1_342' title='bbox 2318 2536 2382 2586; x_wconf 72' lang='grc' dir='ltr'><strong>εκ</strong></span> <span class='ocrx_word' id='word_1_343' title='bbox 2424 2531 2523 2587; x_wconf 85' lang='grc' dir='ltr'><strong>τοῦ</strong></span> <span class='ocrx_word' id='word_1_344' title='bbox 2564 2531 2909 2602; x_wconf 70' lang='grc' dir='ltr'>Ἑλληνικοῦ,</span> <span class='ocrx_word' id='word_1_345' title='bbox 2961 2535 3029 2603; x_wconf 83' lang='grc' dir='ltr'><strong>τῇ</strong></span> <span class='ocrx_word' id='word_1_346' title='bbox 3082 2531 3180 2585; x_wconf 89' lang='grc' dir='ltr'><strong>τοῦ</strong></span> <span class='ocrx_word' id='word_1_347' title='bbox 3223 2531 3515 2585; x_wconf 65' lang='grc' dir='ltr'>Ἰουλιανοῦ</span> <span class='ocrx_word' id='word_1_348' title='bbox 3569 2533 3697 2601; x_wconf 76' lang='grc' dir='ltr'>ἀρχῇ</span> 
     </span>
    </p>
   </div>
   <div class='ocr_carea' id='block_1_51' title="bbox 2139 2624 3703 2698">
    <p class='ocr_par' dir='ltr' id='par_1_51' title="bbox 2139 2624 3703 2698">
     <span class='ocr_line' id='line_1_51' title="bbox 2139 2624 3703 2698; baseline -0.002 -19"><span class='ocrx_word' id='word_1_349' title='bbox 2139 2629 2487 2698; x_wconf 75' lang='grc' dir='ltr'>χρησάμενοι</span> <span class='ocrx_word' id='word_1_350' title='bbox 2518 2626 2600 2698; x_wconf 84' lang='grc' dir='ltr'><strong>τῷ</strong></span> <span class='ocrx_word' id='word_1_351' title='bbox 2630 2624 2831 2695; x_wconf 83' lang='grc' dir='ltr'>καιρῷ,</span> <span class='ocrx_word' id='word_1_352' title='bbox 2869 2624 3126 2695; x_wconf 84' lang='grc' dir='ltr'>καθάπερ</span> <span class='ocrx_word' id='word_1_353' title='bbox 3160 2624 3479 2694; x_wconf 71' lang='grc' dir='ltr'>ἠϐούλοντο,</span> <span class='ocrx_word' id='word_1_354' title='bbox 3502 2626 3592 2678; x_wconf 80' lang='grc' dir='ltr'>καὶ</span> <span class='ocrx_word' id='word_1_355' title='bbox 3612 2626 3703 2677; x_wconf 83' lang='grc' dir='ltr'><strong>αὐ-</strong></span> 
     </span>
    </p>
   </div>
   <div class='ocr_carea' id='block_1_52' title="bbox 2137 2716 3701 2790">
    <p class='ocr_par' dir='ltr' id='par_1_52' title="bbox 2137 2716 3701 2790">
     <span class='ocr_line' id='line_1_52' title="bbox 2137 2716 3701 2790; baseline -0.001 -17"><span class='ocrx_word' id='word_1_356' title='bbox 2137 2722 2232 2773; x_wconf 75' lang='grc' dir='ltr'><strong>τὸν</strong></span> <span class='ocrx_word' id='word_1_357' title='bbox 2260 2721 2472 2773; x_wconf 75' lang='grc' dir='ltr'>ἀνεῖλον</span> <span class='ocrx_word' id='word_1_358' title='bbox 2520 2718 2819 2790; x_wconf 84' lang='grc' dir='ltr'>Γεὼργιον.</span> <span class='ocrx_word' id='word_1_359' title='bbox 2866 2720 3041 2772; x_wconf 83' lang='grc' dir='ltr'>Τοῦτο</span> <span class='ocrx_word' id='word_1_360' title='bbox 3068 2719 3125 2773; x_wconf 81' lang='grc' dir='ltr'>δὲ</span> <span class='ocrx_word' id='word_1_361' title='bbox 3168 2721 3265 2771; x_wconf 76' lang='grc' dir='ltr'>καὶ</span> <span class='ocrx_word' id='word_1_362' title='bbox 3294 2719 3461 2781; x_wconf 62' lang='grc' dir='ltr'>αὐτος</span> <span class='ocrx_word' id='word_1_363' title='bbox 3505 2719 3532 2771; x_wconf 82' lang='grc' dir='ltr'><strong>δ</strong></span> <span class='ocrx_word' id='word_1_364' title='bbox 3560 2716 3701 2787; x_wconf 83' lang='grc' dir='ltr'>βασι-</span> 
     </span>
    </p>
   </div>
   <div class='ocr_carea' id='block_1_53' title="bbox 460 2807 2031 2890">
    <p class='ocr_par' dir='ltr' id='par_1_53' title="bbox 460 2807 2031 2890">
     <span class='ocr_line' id='line_1_53' title="bbox 460 2807 2031 2890; baseline -0.009 -18"><span class='ocrx_word' id='word_1_365' title='bbox 460 2816 880 2890; x_wconf 89' lang='lat' dir='ltr'><strong>opportunitate</strong></span> <span class='ocrx_word' id='word_1_366' title='bbox 935 2812 1174 2884; x_wconf 89' lang='lat' dir='ltr'><strong>quadam</strong></span> <span class='ocrx_word' id='word_1_367' title='bbox 1215 2807 1425 2871; x_wconf 87' lang='lat' dir='ltr'><strong>oblata,</strong></span> <span class='ocrx_word' id='word_1_368' title='bbox 1477 2821 1577 2877; x_wconf 91' lang='lat' dir='ltr'><strong>pro</strong></span> <span class='ocrx_word' id='word_1_369' title='bbox 1614 2820 1684 2860; x_wconf 91' lang='lat' dir='ltr'><strong>eo</strong></span> <span class='ocrx_word' id='word_1_370' title='bbox 1726 2813 1891 2872; x_wconf 79' lang='lat' dir='ltr'><strong>atque</strong></span> <span class='ocrx_word' id='word_1_371' title='bbox 1931 2819 2031 2858; x_wconf 81' lang='lat' dir='ltr'><strong>vo-</strong></span> 
     </span>
    </p>
   </div>
   <div class='ocr_carea' id='block_1_54' title="bbox 458 2896 2031 2976">
    <p class='ocr_par' dir='ltr' id='par_1_54' title="bbox 458 2896 2031 2976">
     <span class='ocr_line' id='line_1_54' title="bbox 458 2896 2031 2976; baseline -0.01 -9"><span class='ocrx_word' id='word_1_372' title='bbox 458 2913 637 2976; x_wconf 87' lang='lat' dir='ltr'><strong>luere,</strong></span> <span class='ocrx_word' id='word_1_373' title='bbox 698 2908 807 2973; x_wconf 88' lang='lat' dir='ltr'><strong>usi,</strong></span> <span class='ocrx_word' id='word_1_374' title='bbox 850 2907 1032 2976; x_wconf 83' lang='lat' dir='ltr'><strong>ipsum</strong></span> <span class='ocrx_word' id='word_1_375' title='bbox 1089 2903 1257 2958; x_wconf 87' lang='lat' dir='ltr'><strong>etiam</strong></span> <span class='ocrx_word' id='word_1_376' title='bbox 1311 2898 1608 2968; x_wconf 85' lang='lat' dir='ltr'><strong>Georgium</strong></span> <span class='ocrx_word' id='word_1_377' title='bbox 1676 2896 2031 2951; x_wconf 88' lang='lat' dir='ltr'><strong>interemere.</strong></span> 
     </span>
    </p>
   </div>
   <div class='ocr_carea' id='block_1_55' title="bbox 456 2987 2034 3072">
    <p class='ocr_par' dir='ltr' id='par_1_55' title="bbox 456 2987 2034 3072">
     <span class='ocr_line' id='line_1_55' title="bbox 456 2987 2034 3072; baseline -0.01 -15"><span class='ocrx_word' id='word_1_378' title='bbox 456 3002 573 3057; x_wconf 85' lang='lat' dir='ltr'><strong>lloc</strong></span> <span class='ocrx_word' id='word_1_379' title='bbox 600 3005 781 3072; x_wconf 87' lang='lat' dir='ltr'><strong>ipsum</strong></span> <span class='ocrx_word' id='word_1_380' title='bbox 819 3001 1122 3067; x_wconf 86' lang='lat' dir='ltr'><strong>imperator</strong></span> <span class='ocrx_word' id='word_1_381' title='bbox 1149 3006 1371 3064; x_wconf 87' lang='lat' dir='ltr'><strong>quoque</strong></span> <span class='ocrx_word' id='word_1_382' title='bbox 1420 2989 1623 3045; x_wconf 85' lang='lat' dir='ltr'><strong>litteris</strong></span> <span class='ocrx_word' id='word_1_383' title='bbox 1665 2987 1807 3054; x_wconf 87' lang='lat' dir='ltr'><strong>suis,</strong></span> <span class='ocrx_word' id='word_1_384' title='bbox 1857 2987 2034 3058; x_wconf 86' lang='lat' dir='ltr'><strong>magis</strong></span> 
     </span>
    </p>
   </div>
   <div class='ocr_carea' id='block_1_56' title="bbox 2143 2987 3704 3072">
    <p class='ocr_par' dir='ltr' id='par_1_56' title="bbox 2143 2995 3704 3070">
     <span class='ocr_line' id='line_1_56' title="bbox 2143 2995 3704 3070; baseline -0.003 -18"><span class='ocrx_word' id='word_1_385' title='bbox 2143 2998 2260 3068; x_wconf 80' lang='grc' dir='ltr'>δῆτ’</span> <span class='ocrx_word' id='word_1_386' title='bbox 2287 3000 2389 3052; x_wconf 77' lang='grc' dir='ltr'><strong>οὐκ</strong></span> <span class='ocrx_word' id='word_1_387' title='bbox 2428 2999 2494 3052; x_wconf 78' lang='grc' dir='ltr'><strong>ἂν</strong></span> <span class='ocrx_word' id='word_1_388' title='bbox 2522 2997 2989 3070; x_wconf 72' lang='grc' dir='ltr'>ἐπαρρησιάζετο,</span> <span class='ocrx_word' id='word_1_389' title='bbox 3020 2999 3069 3050; x_wconf 82' lang='grc' dir='ltr'><strong>εί</strong></span> <span class='ocrx_word' id='word_1_390' title='bbox 3108 2997 3185 3068; x_wconf 78' lang='grc' dir='ltr'>μὴ</span> <span class='ocrx_word' id='word_1_391' title='bbox 3221 3000 3287 3067; x_wconf 76' lang='grc' dir='ltr'><strong>τῇ</strong></span> <span class='ocrx_word' id='word_1_392' title='bbox 3322 2995 3413 3066; x_wconf 62' lang='grc' dir='ltr'>βίᾳ</span> <span class='ocrx_word' id='word_1_393' title='bbox 3453 2995 3553 3065; x_wconf 81' lang='grc' dir='ltr'>τῆς</span> <span class='ocrx_word' id='word_1_394' title='bbox 3578 2995 3704 3065; x_wconf 82' lang='grc' dir='ltr'>άλη-</span> 
     </span>
    </p>
   </div>
   <div class='ocr_carea' id='block_1_57' title="bbox 455 3078 2034 3162">
    <p class='ocr_par' dir='ltr' id='par_1_57' title="bbox 455 3078 2034 3162">
     <span class='ocr_line' id='line_1_57' title="bbox 455 3078 2034 3162; baseline -0.01 -11"><span class='ocrx_word' id='word_1_395' title='bbox 455 3095 673 3151; x_wconf 79' lang='lat' dir='ltr'><strong>scilicet</strong></span> <span class='ocrx_word' id='word_1_396' title='bbox 700 3092 963 3162; x_wconf 87' lang='lat' dir='ltr'><strong>populum</strong></span> <span class='ocrx_word' id='word_1_397' title='bbox 985 3085 1448 3147; x_wconf 75' lang='lat' dir='ltr'><strong>Alexandrinum,</strong></span> <span class='ocrx_word' id='word_1_398' title='bbox 1486 3096 1654 3153; x_wconf 86' lang='lat' dir='ltr'><strong>quam</strong></span> <span class='ocrx_word' id='word_1_399' title='bbox 1680 3078 2034 3137; x_wconf 85' lang='lat' dir='ltr'><strong>Christianos</strong></span> 
     </span>
    </p>
   </div>
   <div class='ocr_carea' id='block_1_58' title="bbox 2143 3078 3702 3162">
    <p class='ocr_par' dir='ltr' id='par_1_58' title="bbox 2143 3079 3702 3161">
     <span class='ocr_line' id='line_1_58' title="bbox 2143 3079 3702 3161; baseline -0.004 -17"><span class='ocrx_word' id='word_1_400' title='bbox 2143 3082 2297 3154; x_wconf 89' lang='grc' dir='ltr'>θείας</span> <span class='ocrx_word' id='word_1_401' title='bbox 2322 3082 2613 3161; x_wconf 73' lang='grc' dir='ltr'>ἠλαύνετο.</span> <span class='ocrx_word' id='word_1_402' title='bbox 2654 3088 2766 3142; x_wconf 76' lang='grc' dir='ltr'>Καὶ</span> <span class='ocrx_word' id='word_1_403' title='bbox 2812 3090 2923 3157; x_wconf 77' lang='grc' dir='ltr'>γὰρ</span> <span class='ocrx_word' id='word_1_404' title='bbox 2957 3089 3145 3160; x_wconf 77' lang='grc' dir='ltr'>ᾑρεῖτο</span> <span class='ocrx_word' id='word_1_405' title='bbox 3180 3079 3542 3157; x_wconf 79' lang='grc' dir='ltr'>Χριστιανοὺς</span> <span class='ocrx_word' id='word_1_406' title='bbox 3571 3081 3702 3139; x_wconf 74' lang='grc' dir='ltr'>εἶναι</span> 
     </span>
    </p>
   </div>
   <div class='ocr_carea' id='block_1_59' title="bbox 458 3173 2034 3262">
    <p class='ocr_par' dir='ltr' id='par_1_59' title="bbox 458 3173 2030 3249">
     <span class='ocr_line' id='line_1_59' title="bbox 458 3173 2030 3249; baseline -0.008 -10"><span class='ocrx_word' id='word_1_407' title='bbox 458 3186 742 3249; x_wconf 86' lang='lat' dir='ltr'><strong>incusans,</strong></span> <span class='ocrx_word' id='word_1_408' title='bbox 771 3191 1004 3237; x_wconf 87' lang='lat' dir='ltr'><strong>testatur</strong></span> <span class='ocrx_word' id='word_1_409' title='bbox 1032 3195 1046 3231; x_wconf 87' lang='lat'><strong>:</strong></span> <span class='ocrx_word' id='word_1_410' title='bbox 1072 3178 1217 3248; x_wconf 87' lang='lat' dir='ltr'><strong>quod</strong></span> <span class='ocrx_word' id='word_1_411' title='bbox 1258 3177 1350 3231; x_wconf 92' lang='lat' dir='ltr'><strong>ille</strong></span> <span class='ocrx_word' id='word_1_412' title='bbox 1377 3175 1627 3246; x_wconf 78' lang='lat' dir='ltr'><strong>profecto</strong></span> <span class='ocrx_word' id='word_1_413' title='bbox 1650 3188 1761 3228; x_wconf 92' lang='lat' dir='ltr'><strong>non</strong></span> <span class='ocrx_word' id='word_1_414' title='bbox 1785 3173 2030 3239; x_wconf 84' lang='lat' dir='ltr'><strong>fecisset,</strong></span> 
     </span>
    </p>
   </div>
   <div class='ocr_carea' id='block_1_60' title="bbox 2143 3173 3701 3262">
    <p class='ocr_par' dir='ltr' id='par_1_60' title="bbox 2143 3177 3701 3252">
     <span class='ocr_line' id='line_1_60' title="bbox 2143 3177 3701 3252; baseline -0.003 -16"><span class='ocrx_word' id='word_1_415' title='bbox 2143 3182 2268 3246; x_wconf 77' lang='grc' dir='ltr'>τοὺς</span> <span class='ocrx_word' id='word_1_416' title='bbox 2300 3181 2338 3235; x_wconf 85' lang='grc' dir='ltr'><strong>Γ</strong></span> <span class='ocrx_word' id='word_1_417' title='bbox 2345 3182 2580 3252; x_wconf 88' lang='grc' dir='ltr'>εωργίου</span> <span class='ocrx_word' id='word_1_418' title='bbox 2614 3180 2808 3249; x_wconf 79' lang='grc' dir='ltr'>φονέας</span> <span class='ocrx_word' id='word_1_419' title='bbox 2840 3181 2985 3251; x_wconf 68' lang='grc' dir='ltr'>ἥπερ</span> <span class='ocrx_word' id='word_1_420' title='bbox 3012 3180 3160 3244; x_wconf 75' lang='grc' dir='ltr'>οἴους</span> <span class='ocrx_word' id='word_1_421' title='bbox 3184 3180 3387 3252; x_wconf 84' lang='grc' dir='ltr'>δήποτε</span> <span class='ocrx_word' id='word_1_422' title='bbox 3424 3177 3701 3248; x_wconf 79' lang='grc' dir='ltr'>Ἕλληνας.</span> 
     </span>
    </p>
   </div>
   <div class='ocr_carea' id='block_1_61' title="bbox 2140 2810 3704 2883">
    <p class='ocr_par' dir='ltr' id='par_1_61' title="bbox 2140 2810 3704 2883">
     <span class='ocr_line' id='line_1_61' title="bbox 2140 2810 3704 2883; baseline -0.003 -17"><span class='ocrx_word' id='word_1_423' title='bbox 2140 2813 2265 2877; x_wconf 82' lang='grc' dir='ltr'><strong>λείις</strong></span> <span class='ocrx_word' id='word_1_424' title='bbox 2322 2812 2472 2876; x_wconf 82' lang='grc' dir='ltr'>ἰδίοις</span> <span class='ocrx_word' id='word_1_425' title='bbox 2503 2814 2801 2883; x_wconf 84' lang='grc' dir='ltr'>γράμμασι</span> <span class='ocrx_word' id='word_1_426' title='bbox 2837 2813 3131 2881; x_wconf 81' lang='grc' dir='ltr'>μαρτυρεῖ,</span> <span class='ocrx_word' id='word_1_427' title='bbox 3180 2810 3260 2881; x_wconf 85' lang='grc' dir='ltr'>τῷ</span> <span class='ocrx_word' id='word_1_428' title='bbox 3305 2812 3463 2881; x_wconf 84' lang='grc' dir='ltr'>δήμῳ</span> <span class='ocrx_word' id='word_1_429' title='bbox 3496 2811 3591 2879; x_wconf 87' lang='grc' dir='ltr'>τῆς</span> <span class='ocrx_word' id='word_1_430' title='bbox 3623 2811 3704 2862; x_wconf 76' lang='grc' dir='ltr'><strong>’Δ-</strong></span> 
     </span>
    </p>
   </div>
   <div class='ocr_carea' id='block_1_62' title="bbox 2137 2903 3701 2975">
    <p class='ocr_par' dir='ltr' id='par_1_62' title="bbox 2137 2903 3701 2975">
     <span class='ocr_line' id='line_1_62' title="bbox 2137 2903 3701 2975; baseline -0.003 -15"><span class='ocrx_word' id='word_1_431' title='bbox 2137 2903 2472 2975; x_wconf 77' lang='grc' dir='ltr'>λεξανδρὲων</span> <span class='ocrx_word' id='word_1_432' title='bbox 2513 2904 2717 2973; x_wconf 81' lang='grc' dir='ltr'>μᾶλλον</span> <span class='ocrx_word' id='word_1_433' title='bbox 2751 2904 3002 2972; x_wconf 81' lang='grc' dir='ltr'>ἐγκαλῶν</span> <span class='ocrx_word' id='word_1_434' title='bbox 3049 2904 3198 2974; x_wconf 72' lang='grc' dir='ltr'>ἢπερ</span> <span class='ocrx_word' id='word_1_435' title='bbox 3246 2904 3608 2972; x_wconf 82' lang='grc' dir='ltr'>Χριστιανοῐς.</span> <span class='ocrx_word' id='word_1_436' title='bbox 3645 2903 3701 2956; x_wconf 87' lang='grc'><strong>⁸0</strong></span> 
     </span>
    </p>
   </div>
   <div class='ocr_carea' id='block_1_63' title="bbox 456 3264 2029 3337">
    <p class='ocr_par' dir='ltr' id='par_1_63' title="bbox 456 3264 2029 3337">
     <span class='ocr_line' id='line_1_63' title="bbox 456 3264 2029 3337; baseline -0.006 -8"><span class='ocrx_word' id='word_1_437' title='bbox 456 3274 564 3330; x_wconf 88' lang='lat' dir='ltr'><strong>nisi</strong></span> <span class='ocrx_word' id='word_1_438' title='bbox 597 3288 727 3328; x_wconf 88' lang='lat' dir='ltr'><strong>eum</strong></span> <span class='ocrx_word' id='word_1_439' title='bbox 760 3271 1015 3328; x_wconf 75' lang='lat' dir='ltr'><strong>veritatis</strong></span> <span class='ocrx_word' id='word_1_440' title='bbox 1037 3270 1121 3324; x_wconf 85' lang='lat' dir='ltr'><strong>vis</strong></span> <span class='ocrx_word' id='word_1_441' title='bbox 1144 3267 1453 3337; x_wconf 75' lang='lat' dir='ltr'><strong>coegisset:</strong></span> <span class='ocrx_word' id='word_1_442' title='bbox 1482 3264 1828 3321; x_wconf 81' lang='lat' dir='ltr'><strong>Christianos</strong></span> <span class='ocrx_word' id='word_1_443' title='bbox 1856 3273 2029 3330; x_wconf 87' lang='lat' dir='ltr'><strong>certe,</strong></span> 
     </span>
    </p>
   </div>
   <div class='ocr_carea' id='block_1_64' title="bbox 458 3357 2032 3437">
    <p class='ocr_par' dir='ltr' id='par_1_64' title="bbox 458 3357 2032 3437">
     <span class='ocr_line' id='line_1_64' title="bbox 458 3357 2032 3437; baseline -0.007 -16"><span class='ocrx_word' id='word_1_444' title='bbox 458 3367 879 3437; x_wconf 85' lang='lat' dir='ltr'><strong>qualescunque</strong></span> <span class='ocrx_word' id='word_1_445' title='bbox 932 3363 1058 3418; x_wconf 85' lang='lat' dir='ltr'><strong>illos</strong></span> <span class='ocrx_word' id='word_1_446' title='bbox 1132 3360 1377 3424; x_wconf 86' lang='lat' dir='ltr'><strong>tandem,</strong></span> <span class='ocrx_word' id='word_1_447' title='bbox 1456 3357 1777 3429; x_wconf 63' lang='lat' dir='ltr'><strong>Georgianm</strong></span> <span class='ocrx_word' id='word_1_448' title='bbox 1842 3357 2032 3422; x_wconf 77' lang='lat' dir='ltr'><strong>caedis,</strong></span> 
     </span>
    </p>
   </div>
   <div class='ocr_carea' id='block_1_65' title="bbox 460 3447 2036 3529">
    <p class='ocr_par' dir='ltr' id='par_1_65' title="bbox 460 3447 2036 3529">
     <span class='ocr_line' id='line_1_65' title="bbox 460 3447 2036 3529; baseline -0.007 -16"><span class='ocrx_word' id='word_1_449' title='bbox 460 3474 626 3529; x_wconf 84' lang='lat' dir='ltr'><strong>quam</strong></span> <span class='ocrx_word' id='word_1_450' title='bbox 655 3456 899 3519; x_wconf 73' lang='lat' dir='ltr'><strong>Graecos,</strong></span> <span class='ocrx_word' id='word_1_451' title='bbox 936 3464 1194 3508; x_wconf 88' lang='lat' dir='ltr'><strong>auctores</strong></span> <span class='ocrx_word' id='word_1_452' title='bbox 1216 3451 1386 3506; x_wconf 90' lang='lat' dir='ltr'><strong>fuisse</strong></span> <span class='ocrx_word' id='word_1_453' title='bbox 1421 3448 1726 3504; x_wconf 81' lang='lat' dir='ltr'><strong>maluisset.</strong></span> <span class='ocrx_word' id='word_1_454' title='bbox 1779 3447 1888 3504; x_wconf 87' lang='lat' dir='ltr'><strong>Sed</strong></span> <span class='ocrx_word' id='word_1_455' title='bbox 1941 3448 2036 3503; x_wconf 91' lang='lat' dir='ltr'><strong>ille</strong></span> 
     </span>
    </p>
   </div>
   <div class='ocr_carea' id='block_1_66' title="bbox 464 3541 2039 3615">
    <p class='ocr_par' dir='ltr' id='par_1_66' title="bbox 464 3541 2039 3615">
     <span class='ocr_line' id='line_1_66' title="bbox 464 3541 2039 3615; baseline -0.004 -12"><span class='ocrx_word' id='word_1_456' title='bbox 464 3551 690 3606; x_wconf 82' lang='lat' dir='ltr'><strong>minime</strong></span> <span class='ocrx_word' id='word_1_457' title='bbox 729 3564 844 3604; x_wconf 90' lang='lat' dir='ltr'><strong>rem</strong></span> <span class='ocrx_word' id='word_1_458' title='bbox 893 3548 1112 3610; x_wconf 85' lang='lat' dir='ltr'><strong>celavit,</strong></span> <span class='ocrx_word' id='word_1_459' title='bbox 1166 3542 1422 3615; x_wconf 81' lang='lat' dir='ltr'><strong>quamvis</strong></span> <span class='ocrx_word' id='word_1_460' title='bbox 1452 3542 1672 3612; x_wconf 85' lang='lat' dir='ltr'><strong>gravius</strong></span> <span class='ocrx_word' id='word_1_461' title='bbox 1702 3541 1889 3596; x_wconf 87' lang='lat' dir='ltr'><strong>&#39;etiam</strong></span> <span class='ocrx_word' id='word_1_462' title='bbox 1936 3554 2039 3596; x_wconf 85' lang='lat' dir='ltr'><strong>nos</strong></span> 
     </span>
    </p>
   </div>
   <div class='ocr_carea' id='block_1_67' title="bbox 462 3633 2035 3713">
    <p class='ocr_par' dir='ltr' id='par_1_67' title="bbox 462 3633 2035 3713">
     <span class='ocr_line' id='line_1_67' title="bbox 462 3633 2035 3713; baseline -0.006 -16"><span class='ocrx_word' id='word_1_463' title='bbox 462 3643 865 3713; x_wconf 85' lang='lat' dir='ltr'><strong>perstringens.</strong></span> <span class='ocrx_word' id='word_1_464' title='bbox 922 3640 981 3694; x_wconf 83' lang='lat' dir='ltr'><strong>In</strong></span> <span class='ocrx_word' id='word_1_465' title='bbox 1034 3637 1271 3708; x_wconf 88' lang='lat' dir='ltr'><strong>epistola</strong></span> <span class='ocrx_word' id='word_1_466' title='bbox 1320 3636 1468 3691; x_wconf 89' lang='lat' dir='ltr'><strong>enim</strong></span> <span class='ocrx_word' id='word_1_467' title='bbox 1510 3634 1578 3688; x_wconf 86' lang='lat' dir='ltr'><strong>ad</strong></span> <span class='ocrx_word' id='word_1_468' title='bbox 1614 3633 2035 3699; x_wconf 77' lang='lat' dir='ltr'><strong>Alexandrinos,</strong></span> 
     </span>
    </p>
   </div>
   <div class='ocr_carea' id='block_1_68' title="bbox 461 3727 2039 3797">
    <p class='ocr_par' dir='ltr' id='par_1_68' title="bbox 461 3727 2039 3797">
     <span class='ocr_line' id='line_1_68' title="bbox 461 3727 2039 3797; baseline -0.006 -7"><span class='ocrx_word' id='word_1_469' title='bbox 461 3734 800 3792; x_wconf 82' lang='lat' dir='ltr'><strong>stomachari</strong></span> <span class='ocrx_word' id='word_1_470' title='bbox 847 3748 908 3788; x_wconf 91' lang='lat' dir='ltr'><strong>se</strong></span> <span class='ocrx_word' id='word_1_471' title='bbox 958 3732 1250 3796; x_wconf 88' lang='lat' dir='ltr'><strong>simulans,</strong></span> <span class='ocrx_word' id='word_1_472' title='bbox 1305 3729 1494 3785; x_wconf 82' lang='lat' dir='ltr'><strong>verbis</strong></span> <span class='ocrx_word' id='word_1_473' title='bbox 1543 3744 1642 3783; x_wconf 88' lang='lat' dir='ltr'><strong>eos</strong></span> <span class='ocrx_word' id='word_1_474' title='bbox 1692 3727 2039 3797; x_wconf 84' lang='lat' dir='ltr'><strong>perstringit,</strong></span> 
     </span>
    </p>
   </div>
   <div class='ocr_carea' id='block_1_69' title="bbox 464 3817 2037 3889">
    <p class='ocr_par' dir='ltr' id='par_1_69' title="bbox 464 3817 2037 3889">
     <span class='ocr_line' id='line_1_69' title="bbox 464 3817 2037 3889; baseline -0.007 -8"><span class='ocrx_word' id='word_1_475' title='bbox 464 3824 839 3881; x_wconf 83' lang='lat' dir='ltr'><strong>coerctionem</strong></span> <span class='ocrx_word' id='word_1_476' title='bbox 874 3825 1186 3877; x_wconf 87' lang='lat' dir='ltr'><strong>remittens.</strong></span> <span class='ocrx_word' id='word_1_477' title='bbox 1237 3821 1293 3876; x_wconf 86' lang='lat' dir='ltr'><strong>ld</strong></span> <span class='ocrx_word' id='word_1_478' title='bbox 1348 3818 1495 3889; x_wconf 90' lang='lat' dir='ltr'><strong>quod</strong></span> <span class='ocrx_word' id='word_1_479' title='bbox 1540 3833 1598 3873; x_wconf 82' lang='lat' dir='ltr'><strong>se</strong></span> <span class='ocrx_word' id='word_1_480' title='bbox 1646 3820 1835 3874; x_wconf 82' lang='lat' dir='ltr'><strong>facere</strong></span> <span class='ocrx_word' id='word_1_481' title='bbox 1882 3817 2037 3884; x_wconf 76' lang='lat' dir='ltr'><strong>diett,</strong></span> 
     </span>
    </p>
   </div>
   <div class='ocr_carea' id='block_1_70' title="bbox 463 3911 2040 3985">
    <p class='ocr_par' dir='ltr' id='par_1_70' title="bbox 463 3911 2040 3985">
     <span class='ocr_line' id='line_1_70' title="bbox 463 3911 2040 3985; baseline -0.003 -15"><span class='ocrx_word' id='word_1_482' title='bbox 463 3920 535 3974; x_wconf 86' lang='lat' dir='ltr'><strong>ob</strong></span> <span class='ocrx_word' id='word_1_483' title='bbox 572 3916 939 3973; x_wconf 84' lang='lat' dir='ltr'><strong>reverentiam</strong></span> <span class='ocrx_word' id='word_1_484' title='bbox 997 3916 1152 3970; x_wconf 86' lang='lat' dir='ltr'><strong>urbis</strong></span> <span class='ocrx_word' id='word_1_485' title='bbox 1210 3915 1429 3985; x_wconf 87' lang='lat' dir='ltr'><strong>patroni</strong></span> <span class='ocrx_word' id='word_1_486' title='bbox 1469 3913 1557 3969; x_wconf 88' lang='lat' dir='ltr'><strong>dei</strong></span> <span class='ocrx_word' id='word_1_487' title='bbox 1614 3911 1926 3981; x_wconf 87' lang='lat' dir='ltr'><strong>Serapidis,</strong></span> <span class='ocrx_word' id='word_1_488' title='bbox 1982 3921 2040 3967; x_wconf 88' lang='lat' dir='ltr'><strong>et</strong></span> 
     </span>
    </p>
   </div>
   <div class='ocr_carea' id='block_1_71' title="bbox 465 4006 2043 4081">
    <p class='ocr_par' dir='ltr' id='par_1_71' title="bbox 465 4006 2043 4081">
     <span class='ocr_line' id='line_1_71' title="bbox 465 4006 2043 4081; baseline -0.005 -15"><span class='ocrx_word' id='word_1_489' title='bbox 465 4011 770 4066; x_wconf 87' lang='lat' dir='ltr'><strong>conditoris</strong></span> <span class='ocrx_word' id='word_1_490' title='bbox 805 4010 927 4081; x_wconf 83' lang='lat' dir='ltr'><strong>ejus</strong></span> <span class='ocrx_word' id='word_1_491' title='bbox 960 4008 1115 4063; x_wconf 86' lang='lat' dir='ltr'><strong>urbis</strong></span> <span class='ocrx_word' id='word_1_492' title='bbox 1150 4006 1475 4071; x_wconf 65' lang='lat' dir='ltr'><strong>Alexandri,</strong></span> <span class='ocrx_word' id='word_1_493' title='bbox 1506 4015 1674 4075; x_wconf 86' lang='lat' dir='ltr'><strong>atque</strong></span> <span class='ocrx_word' id='word_1_494' title='bbox 1710 4007 1841 4061; x_wconf 88' lang='lat' dir='ltr'><strong>item</strong></span> <span class='ocrx_word' id='word_1_495' title='bbox 1867 4020 2043 4060; x_wconf 83' lang='lat' dir='ltr'><strong>avun-</strong></span> 
     </span>
    </p>
   </div>
   <div class='ocr_carea' id='block_1_72' title="bbox 464 4097 2041 4173">
    <p class='ocr_par' dir='ltr' id='par_1_72' title="bbox 464 4097 2041 4173">
     <span class='ocr_line' id='line_1_72' title="bbox 464 4097 2041 4173; baseline -0.005 -13"><span class='ocrx_word' id='word_1_496' title='bbox 464 4105 576 4161; x_wconf 90' lang='lat' dir='ltr'><strong>culi</strong></span> <span class='ocrx_word' id='word_1_497' title='bbox 604 4102 833 4167; x_wconf 86' lang='lat' dir='ltr'><strong>Juliaui,</strong></span> <span class='ocrx_word' id='word_1_498' title='bbox 871 4102 965 4173; x_wconf 90' lang='lat' dir='ltr'><strong>qui</strong></span> <span class='ocrx_word' id='word_1_499' title='bbox 1001 4101 1351 4157; x_wconf 72' lang='lat' dir='ltr'><strong>Alexandria:</strong></span> <span class='ocrx_word' id='word_1_500' title='bbox 1381 4106 1435 4152; x_wconf 88' lang='lat' dir='ltr'><strong>et</strong></span> <span class='ocrx_word' id='word_1_501' title='bbox 1474 4097 1699 4170; x_wconf 64' lang='lat' dir='ltr'><strong>Egypti</strong></span> <span class='ocrx_word' id='word_1_502' title='bbox 1745 4097 2041 4167; x_wconf 63' lang='lat' dir='ltr'><strong>praefectus</strong></span> 
     </span>
    </p>
   </div>
   <div class='ocr_carea' id='block_1_73' title="bbox 466 4191 2039 4267">
    <p class='ocr_par' dir='ltr' id='par_1_73' title="bbox 466 4191 2039 4267">
     <span class='ocr_line' id='line_1_73' title="bbox 466 4191 2039 4267; baseline -0.005 -14"><span class='ocrx_word' id='word_1_503' title='bbox 466 4200 595 4264; x_wconf 84' lang='lat' dir='ltr'><strong>fuit,</strong></span> <span class='ocrx_word' id='word_1_504' title='bbox 644 4197 731 4251; x_wconf 89' lang='lat' dir='ltr'><strong>vir</strong></span> <span class='ocrx_word' id='word_1_505' title='bbox 773 4196 1157 4267; x_wconf 89' lang='lat' dir='ltr'><strong>superstitioni</strong></span> <span class='ocrx_word' id='word_1_506' title='bbox 1195 4194 1510 4250; x_wconf 65' lang='lat' dir='ltr'><strong>Graecarum</strong></span> <span class='ocrx_word' id='word_1_507' title='bbox 1567 4207 1837 4262; x_wconf 84' lang='lat' dir='ltr'><strong>nugarum</strong></span> <span class='ocrx_word' id='word_1_508' title='bbox 1880 4191 2039 4246; x_wconf 63' lang='lat' dir='ltr'><strong>dediv</strong></span> 
     </span>
    </p>
   </div>
   <div class='ocr_carea' id='block_1_74' title="bbox 469 4272 2041 4352">
    <p class='ocr_par' dir='ltr' id='par_1_74' title="bbox 469 4272 2041 4352">
     <span class='ocr_line' id='line_1_74' title="bbox 469 4272 2041 4352; baseline -0.006 -6"><span class='ocrx_word' id='word_1_509' title='bbox 469 4272 738 4352; x_wconf 80' lang='lat' dir='ltr'><strong>tissimus.</strong></span> <span class='ocrx_word' id='word_1_510' title='bbox 754 4301 807 4344; x_wconf 93' lang='lat' dir='ltr'><strong>et</strong></span> <span class='ocrx_word' id='word_1_511' title='bbox 827 4287 1267 4344; x_wconf 77' lang='lat' dir='ltr'><strong>Christianbrum</strong></span> <span class='ocrx_word' id='word_1_512' title='bbox 1292 4284 1471 4340; x_wconf 86' lang='lat' dir='ltr'><strong>hostis</strong></span> <span class='ocrx_word' id='word_1_513' title='bbox 1492 4283 2041 4339; x_wconf 85' lang='lat' dir='ltr'><strong>vehementissimus.</strong></span> 
     </span>
    </p>
   </div>
   <div class='ocr_carea' id='block_1_75' title="bbox 468 4374 2042 4453">
    <p class='ocr_par' dir='ltr' id='par_1_75' title="bbox 468 4374 2042 4453">
     <span class='ocr_line' id='line_1_75' title="bbox 468 4374 2042 4453; baseline -0.006 -16"><span class='ocrx_word' id='word_1_514' title='bbox 468 4384 578 4453; x_wconf 76' lang='lat'><strong>20</strong></span> <span class='ocrx_word' id='word_1_515' title='bbox 610 4381 788 4437; x_wconf 88' lang='lat' dir='ltr'><strong>Tanto</strong></span> <span class='ocrx_word' id='word_1_516' title='bbox 814 4381 961 4436; x_wconf 87' lang='lat' dir='ltr'><strong>enim</strong></span> <span class='ocrx_word' id='word_1_517' title='bbox 997 4381 1043 4433; x_wconf 91' lang='lat' dir='ltr'><strong>is</strong></span> <span class='ocrx_word' id='word_1_518' title='bbox 1069 4394 1196 4448; x_wconf 88' lang='lat' dir='ltr'><strong>erga</strong></span> <span class='ocrx_word' id='word_1_519' title='bbox 1227 4392 1329 4431; x_wconf 90' lang='lat' dir='ltr'><strong>nos</strong></span> <span class='ocrx_word' id='word_1_520' title='bbox 1354 4376 1484 4432; x_wconf 90' lang='lat' dir='ltr'><strong>odio</strong></span> <span class='ocrx_word' id='word_1_521' title='bbox 1506 4374 1777 4445; x_wconf 73' lang='lat' dir='ltr'><strong>flagravit,</strong></span> <span class='ocrx_word' id='word_1_522' title='bbox 1814 4383 1874 4429; x_wconf 92' lang='lat' dir='ltr'><strong>ut</strong></span> <span class='ocrx_word' id='word_1_523' title='bbox 1901 4375 2042 4430; x_wconf 88' lang='lat' dir='ltr'><strong>citra</strong></span> 
     </span>
    </p>
   </div>
   <div class='ocr_carea' id='block_1_76' title="bbox 470 4465 2042 4543">
    <p class='ocr_par' dir='ltr' id='par_1_76' title="bbox 470 4465 2042 4543">
     <span class='ocr_line' id='line_1_76' title="bbox 470 4465 2042 4543; baseline -0.006 -14"><span class='ocrx_word' id='word_1_524' title='bbox 470 4472 824 4543; x_wconf 87' lang='lat' dir='ltr'><strong>imperatoris</strong></span> <span class='ocrx_word' id='word_1_525' title='bbox 859 4469 1217 4531; x_wconf 83' lang='lat' dir='ltr'><strong>sententiam.</strong></span> <span class='ocrx_word' id='word_1_526' title='bbox 1255 4465 1448 4522; x_wconf 85' lang='lat' dir='ltr'><strong>multis</strong></span> <span class='ocrx_word' id='word_1_527' title='bbox 1496 4477 1688 4522; x_wconf 90' lang='lat' dir='ltr'><strong>auctor</strong></span> <span class='ocrx_word' id='word_1_528' title='bbox 1740 4465 1927 4530; x_wconf 89' lang='lat' dir='ltr'><strong>fuerit,</strong></span> <span class='ocrx_word' id='word_1_529' title='bbox 1983 4473 2042 4520; x_wconf 91' lang='lat' dir='ltr'><strong>ut</strong></span> 
     </span>
    </p>
   </div>
   <div class='ocr_carea' id='block_1_77' title="bbox 2141 3271 3705 3343">
    <p class='ocr_par' dir='ltr' id='par_1_77' title="bbox 2141 3271 3705 3343">
     <span class='ocr_line' id='line_1_77' title="bbox 2141 3271 3705 3343; baseline -0.004 -14"><span class='ocrx_word' id='word_1_530' title='bbox 2141 3274 2253 3330; x_wconf 79' lang='grc' dir='ltr'><strong>Καὶ</strong></span> <span class='ocrx_word' id='word_1_531' title='bbox 2298 3274 2461 3329; x_wconf 85' lang='grc' dir='ltr'>τοῦτο</span> <span class='ocrx_word' id='word_1_532' title='bbox 2509 3273 2612 3327; x_wconf 79' lang='grc' dir='ltr'>οὐκ</span> <span class='ocrx_word' id='word_1_533' title='bbox 2661 3271 3119 3342; x_wconf 73' lang='grc' dir='ltr'>ἀποκρύπτεται·</span> <span class='ocrx_word' id='word_1_534' title='bbox 3182 3275 3243 3326; x_wconf 77' lang='grc' dir='ltr'><strong>ἐν</strong></span> <span class='ocrx_word' id='word_1_535' title='bbox 3290 3274 3401 3343; x_wconf 71' lang='grc' dir='ltr'><strong>γὰρ</strong></span> <span class='ocrx_word' id='word_1_536' title='bbox 3443 3273 3508 3343; x_wconf 75' lang='grc' dir='ltr'>τῇ</span> <span class='ocrx_word' id='word_1_537' title='bbox 3577 3272 3705 3340; x_wconf 60' lang='grc' dir='ltr'>προς</span> 
     </span>
    </p>
   </div>
   <div class='ocr_carea' id='block_1_78' title="bbox 2151 3365 3703 3438">
    <p class='ocr_par' dir='ltr' id='par_1_78' title="bbox 2151 3365 3703 3438">
     <span class='ocr_line' id='line_1_78' title="bbox 2151 3365 3703 3438; baseline 0 -19"><span class='ocrx_word' id='word_1_538' title='bbox 2151 3367 2544 3438; x_wconf 78' lang='grc' dir='ltr'>Ἀλεξανδρέας</span> <span class='ocrx_word' id='word_1_539' title='bbox 2587 3365 2851 3437; x_wconf 66' lang='grc' dir='ltr'>ἐπιστολῇ</span> <span class='ocrx_word' id='word_1_540' title='bbox 2915 3365 3395 3436; x_wconf 81' lang='grc' dir='ltr'>προσποιούμενος</span> <span class='ocrx_word' id='word_1_541' title='bbox 3452 3365 3703 3436; x_wconf 78' lang='grc' dir='ltr'>χαλεπαί·</span> 
     </span>
    </p>
   </div>
   <div class='ocr_carea' id='block_1_79' title="bbox 2139 3455 3703 3532">
    <p class='ocr_par' dir='ltr' id='par_1_79' title="bbox 2139 3455 3703 3532">
     <span class='ocr_line' id='line_1_79' title="bbox 2139 3455 3703 3532; baseline -0.006 -15"><span class='ocrx_word' id='word_1_542' title='bbox 2139 3480 2277 3525; x_wconf 86' lang='grc' dir='ltr'>νειν,</span> <span class='ocrx_word' id='word_1_543' title='bbox 2315 3465 2480 3532; x_wconf 83' lang='grc' dir='ltr'>μέχρι</span> <span class='ocrx_word' id='word_1_544' title='bbox 2508 3460 2685 3529; x_wconf 83' lang='grc' dir='ltr'>λόγων</span> <span class='ocrx_word' id='word_1_545' title='bbox 2728 3460 3093 3526; x_wconf 80' lang='grc' dir='ltr'>καθάπτεται,</span> <span class='ocrx_word' id='word_1_546' title='bbox 3124 3458 3227 3529; x_wconf 79' lang='grc' dir='ltr'><strong>τὴν</strong></span> <span class='ocrx_word' id='word_1_547' title='bbox 3254 3458 3528 3531; x_wconf 79' lang='grc' dir='ltr'>τιμωρίαν</span> <span class='ocrx_word' id='word_1_548' title='bbox 3554 3455 3703 3527; x_wconf 78' lang='grc' dir='ltr'>δῆθεν</span> 
     </span>
    </p>
   </div>
   <div class='ocr_carea' id='block_1_80' title="bbox 2138 3549 3704 3636">
    <p class='ocr_par' dir='ltr' id='par_1_80' title="bbox 2138 3549 3704 3636">
     <span class='ocr_line' id='line_1_80' title="bbox 2138 3549 3704 3636; baseline -0.006 -28"><span class='ocrx_word' id='word_1_549' title='bbox 2138 3553 2589 3636; x_wconf 74' lang='grc' dir='ltr'>ὑπερτιθέμενος.</span> <span class='ocrx_word' id='word_1_550' title='bbox 2632 3549 2963 3622; x_wconf 80' lang='grc' dir='ltr'>Ἐπέχεοθαι</span> <span class='ocrx_word' id='word_1_551' title='bbox 3026 3550 3084 3604; x_wconf 71' lang='grc' dir='ltr'>δέ</span> <span class='ocrx_word' id='word_1_552' title='bbox 3131 3565 3269 3621; x_wconf 78' lang='grc' dir='ltr'>φησι</span> <span class='ocrx_word' id='word_1_553' title='bbox 3323 3553 3394 3621; x_wconf 73' lang='grc' dir='ltr'>τῇ</span> <span class='ocrx_word' id='word_1_554' title='bbox 3444 3549 3579 3619; x_wconf 78' lang='grc' dir='ltr'>πρὸς</span> <span class='ocrx_word' id='word_1_555' title='bbox 3624 3549 3704 3600; x_wconf 68' lang='grc' dir='ltr'>τὸν</span> 
     </span>
    </p>
   </div>
   <div class='ocr_carea' id='block_1_81' title="bbox 2141 3639 3705 3717">
    <p class='ocr_par' dir='ltr' id='par_1_81' title="bbox 2141 3639 3705 3717">
     <span class='ocr_line' id='line_1_81' title="bbox 2141 3639 3705 3717; baseline -0.004 -16"><span class='ocrx_word' id='word_1_556' title='bbox 2141 3646 2428 3717; x_wconf 80' lang='grc' dir='ltr'>πολιοῦχον</span> <span class='ocrx_word' id='word_1_557' title='bbox 2461 3647 2714 3717; x_wconf 75' lang='grc' dir='ltr'>Σάραπιν</span> <span class='ocrx_word' id='word_1_558' title='bbox 2751 3643 2913 3711; x_wconf 77' lang='grc' dir='ltr'>αἰδοῖ,</span> <span class='ocrx_word' id='word_1_559' title='bbox 2968 3645 3066 3698; x_wconf 76' lang='grc' dir='ltr'>καὶ</span> <span class='ocrx_word' id='word_1_560' title='bbox 3092 3642 3183 3698; x_wconf 82' lang='grc' dir='ltr'><strong>διά</strong></span> <span class='ocrx_word' id='word_1_561' title='bbox 3236 3643 3328 3696; x_wconf 70' lang='grc' dir='ltr'><strong>τὸν</strong></span> <span class='ocrx_word' id='word_1_562' title='bbox 3361 3641 3463 3708; x_wconf 82' lang='grc' dir='ltr'>τῆς</span> <span class='ocrx_word' id='word_1_563' title='bbox 3510 3639 3705 3703; x_wconf 80' lang='grc' dir='ltr'>πόλεως</span> 
     </span>
    </p>
   </div>
   <div class='ocr_carea' id='block_1_82' title="bbox 2140 3732 3705 3810">
    <p class='ocr_par' dir='ltr' id='par_1_82' title="bbox 2140 3732 3705 3810">
     <span class='ocr_line' id='line_1_82' title="bbox 2140 3732 3705 3810; baseline -0.006 -16"><span class='ocrx_word' id='word_1_564' title='bbox 2140 3739 2389 3810; x_wconf 70' lang='grc' dir='ltr'>οἰκιστὴν</span> <span class='ocrx_word' id='word_1_565' title='bbox 2406 3738 2781 3807; x_wconf 77' lang='grc' dir='ltr'>Ἀλέξανδρον,</span> <span class='ocrx_word' id='word_1_566' title='bbox 2812 3739 2907 3791; x_wconf 83' lang='grc' dir='ltr'>καὶ</span> <span class='ocrx_word' id='word_1_567' title='bbox 2931 3736 3025 3789; x_wconf 75' lang='grc' dir='ltr'><strong>τὸν</strong></span> <span class='ocrx_word' id='word_1_568' title='bbox 3044 3736 3190 3789; x_wconf 87' lang='grc' dir='ltr'>θεῖον</span> <span class='ocrx_word' id='word_1_569' title='bbox 3217 3733 3389 3789; x_wconf 83' lang='grc' dir='ltr'>αὑτοῦ</span> <span class='ocrx_word' id='word_1_570' title='bbox 3407 3732 3705 3797; x_wconf 66' lang='grc' dir='ltr'>Ἰουλιανὺν,</span> 
     </span>
    </p>
   </div>
   <div class='ocr_carea' id='block_1_83' title="bbox 2141 3823 3703 3901">
    <p class='ocr_par' dir='ltr' id='par_1_83' title="bbox 2141 3823 3703 3901">
     <span class='ocr_line' id='line_1_83' title="bbox 2141 3823 3703 3901; baseline -0.003 -15"><span class='ocrx_word' id='word_1_571' title='bbox 2141 3834 2198 3897; x_wconf 86' lang='grc' dir='ltr'>ὃς</span> <span class='ocrx_word' id='word_1_572' title='bbox 2246 3832 2528 3901; x_wconf 69' lang='grc' dir='ltr'>Αἰγύπτου</span> <span class='ocrx_word' id='word_1_573' title='bbox 2581 3833 2676 3884; x_wconf 65' lang='grc' dir='ltr'>καὶ</span> <span class='ocrx_word' id='word_1_574' title='bbox 2713 3830 3132 3901; x_wconf 80' lang='grc' dir='ltr'>Ἀλεξανδρείας</span> <span class='ocrx_word' id='word_1_575' title='bbox 3161 3828 3271 3899; x_wconf 76' lang='grc' dir='ltr'><strong>πρὸ</strong></span> <span class='ocrx_word' id='word_1_576' title='bbox 3301 3828 3499 3898; x_wconf 81' lang='grc' dir='ltr'>καιροῦ</span> <span class='ocrx_word' id='word_1_577' title='bbox 3527 3823 3703 3899; x_wconf 74' lang='grc' dir='ltr'>ἦρξεν,</span> 
     </span>
    </p>
   </div>
   <div class='ocr_carea' id='block_1_84' title="bbox 2142 3916 3705 3994">
    <p class='ocr_par' dir='ltr' id='par_1_84' title="bbox 2142 3916 3705 3994">
     <span class='ocr_line' id='line_1_84' title="bbox 2142 3916 3705 3994; baseline -0.005 -17"><span class='ocrx_word' id='word_1_578' title='bbox 2142 3916 2285 3994; x_wconf 79' lang='grc' dir='ltr'><strong>ἀνὴρ</strong></span> <span class='ocrx_word' id='word_1_579' title='bbox 2313 3922 2613 3992; x_wconf 76' lang='grc' dir='ltr'>ὲπιμᾶλλον</span> <span class='ocrx_word' id='word_1_580' title='bbox 2639 3923 2761 3983; x_wconf 78' lang='grc' dir='ltr'>ταῖς</span> <span class='ocrx_word' id='word_1_581' title='bbox 2802 3920 3152 3991; x_wconf 79' lang='grc' dir='ltr'>Ἑλληνικαῖς</span> <span class='ocrx_word' id='word_1_582' title='bbox 3182 3919 3498 3991; x_wconf 85' lang='grc' dir='ltr'>τερθρείαις</span> <span class='ocrx_word' id='word_1_583' title='bbox 3518 3934 3705 3989; x_wconf 82' lang='grc' dir='ltr'>προσε-</span> 
     </span>
    </p>
   </div>
   <div class='ocr_carea' id='block_1_85' title="bbox 2146 4012 3707 4088">
    <p class='ocr_par' dir='ltr' id='par_1_85' title="bbox 2146 4012 3707 4088">
     <span class='ocr_line' id='line_1_85' title="bbox 2146 4012 3707 4088; baseline -0.006 -19"><span class='ocrx_word' id='word_1_584' title='bbox 2146 4014 2388 4088; x_wconf 85' lang='grc' dir='ltr'>σχηκὼς,</span> <span class='ocrx_word' id='word_1_585' title='bbox 2425 4014 2709 4084; x_wconf 74' lang='grc' dir='ltr'>διαπύροις</span> <span class='ocrx_word' id='word_1_586' title='bbox 2735 4030 2796 4068; x_wconf 86' lang='grc' dir='ltr'><strong>τε</strong></span> <span class='ocrx_word' id='word_1_587' title='bbox 2824 4014 3276 4085; x_wconf 72' lang='grc' dir='ltr'>ἀπεχθανόμενος</span> <span class='ocrx_word' id='word_1_588' title='bbox 3303 4015 3417 4075; x_wconf 86' lang='grc' dir='ltr'>τοῖς</span> <span class='ocrx_word' id='word_1_589' title='bbox 3462 4012 3707 4081; x_wconf 81' lang='grc' dir='ltr'>Χριστια-</span> 
     </span>
    </p>
   </div>
   <div class='ocr_carea' id='block_1_86' title="bbox 2144 4102 3706 4177">
    <p class='ocr_par' dir='ltr' id='par_1_86' title="bbox 2144 4102 3706 4177">
     <span class='ocr_line' id='line_1_86' title="bbox 2144 4102 3706 4177; baseline -0.004 -15"><span class='ocrx_word' id='word_1_590' title='bbox 2144 4110 2282 4171; x_wconf 83' lang='grc' dir='ltr'><strong>νοῖς.</strong></span> <span class='ocrx_word' id='word_1_591' title='bbox 2339 4109 2509 4161; x_wconf 80' lang='grc' dir='ltr'>Τόσον</span> <span class='ocrx_word' id='word_1_592' title='bbox 2538 4107 2583 4160; x_wconf 79' lang='grc' dir='ltr'>δ’</span> <span class='ocrx_word' id='word_1_593' title='bbox 2615 4102 2684 4177; x_wconf 76' lang='grc' dir='ltr'><strong>ἦν</strong></span> <span class='ocrx_word' id='word_1_594' title='bbox 2711 4105 2907 4177; x_wconf 72' lang='grc' dir='ltr'>ἐκείνῳ</span> <span class='ocrx_word' id='word_1_595' title='bbox 2947 4109 3108 4175; x_wconf 83' lang='grc' dir='ltr'>μῖσος</span> <span class='ocrx_word' id='word_1_596' title='bbox 3151 4105 3225 4166; x_wconf 81' lang='grc' dir='ltr'>,τὸ</span> <span class='ocrx_word' id='word_1_597' title='bbox 3275 4105 3416 4173; x_wconf 79' lang='grc' dir='ltr'>πρὸς</span> <span class='ocrx_word' id='word_1_598' title='bbox 3447 4106 3613 4174; x_wconf 78' lang='grc' dir='ltr'>ἡμᾶς,</span> <span class='ocrx_word' id='word_1_599' title='bbox 3639 4102 3706 4165; x_wconf 84' lang='grc' dir='ltr'><strong>ὡς</strong></span> 
     </span>
    </p>
   </div>
   <div class='ocr_carea' id='block_1_87' title="bbox 2142 4197 3709 4271">
    <p class='ocr_par' dir='ltr' id='par_1_87' title="bbox 2142 4197 3709 4271">
     <span class='ocr_line' id='line_1_87' title="bbox 2142 4197 3709 4271; baseline -0.001 -17"><span class='ocrx_word' id='word_1_600' title='bbox 2142 4198 2365 4254; x_wconf 79' lang='grc' dir='ltr'>καὶτοῦ</span> <span class='ocrx_word' id='word_1_601' title='bbox 2422 4199 2754 4270; x_wconf 81' lang='grc' dir='ltr'>κρατοῦντος</span> <span class='ocrx_word' id='word_1_602' title='bbox 2801 4197 3033 4269; x_wconf 84' lang='grc' dir='ltr'>γνώμης</span> <span class='ocrx_word' id='word_1_603' title='bbox 3062 4199 3200 4261; x_wconf 64' lang='grc' dir='ltr'>ἄνευ</span> <span class='ocrx_word' id='word_1_604' title='bbox 3254 4198 3489 4261; x_wconf 78' lang='grc' dir='ltr'>πολλοὺς</span> <span class='ocrx_word' id='word_1_605' title='bbox 3536 4215 3709 4271; x_wconf 79' lang='grc' dir='ltr'>παρα·</span> 
     </span>
    </p>
   </div>
   <div class='ocr_carea' id='block_1_88' title="bbox 2148 4291 3710 4363">
    <p class='ocr_par' dir='ltr' id='par_1_88' title="bbox 2148 4291 3710 4363">
     <span class='ocr_line' id='line_1_88' title="bbox 2148 4291 3710 4363; baseline -0.003 -15"><span class='ocrx_word' id='word_1_606' title='bbox 2148 4294 2417 4348; x_wconf 80' lang='grc' dir='ltr'>σκευάσαι</span> <span class='ocrx_word' id='word_1_607' title='bbox 2446 4293 2643 4363; x_wconf 81' lang='grc' dir='ltr'>μέχρις</span> <span class='ocrx_word' id='word_1_608' title='bbox 2659 4292 2888 4362; x_wconf 77' lang='grc' dir='ltr'>αἵματος</span> <span class='ocrx_word' id='word_1_609' title='bbox 2906 4294 2997 4345; x_wconf 80' lang='grc' dir='ltr'><strong>τὸν</strong></span> <span class='ocrx_word' id='word_1_610' title='bbox 3017 4292 3204 4360; x_wconf 81' lang='grc' dir='ltr'>ἀγῶνα</span> <span class='ocrx_word' id='word_1_611' title='bbox 3226 4292 3568 4363; x_wconf 82' lang='grc' dir='ltr'>διαδραμεῖν.</span> <span class='ocrx_word' id='word_1_612' title='bbox 3585 4291 3710 4359; x_wconf 80' lang='grc' dir='ltr'>Ἐγὼ</span> 
     </span>
    </p>
   </div>
   <div class='ocr_carea' id='block_1_89' title="bbox 2143 4383 3705 4455">
    <p class='ocr_par' dir='ltr' id='par_1_89' title="bbox 2143 4383 3705 4455">
     <span class='ocr_line' id='line_1_89' title="bbox 2143 4383 3705 4455; baseline -0.004 -15"><span class='ocrx_word' id='word_1_613' title='bbox 2143 4386 2187 4440; x_wconf 84' lang='grc' dir='ltr'>δ’</span> <span class='ocrx_word' id='word_1_614' title='bbox 2217 4387 2317 4439; x_wconf 75' lang='grc' dir='ltr'>οὐκ</span> <span class='ocrx_word' id='word_1_615' title='bbox 2348 4385 2589 4455; x_wconf 83' lang='grc' dir='ltr'>ὀκνήσω,</span> <span class='ocrx_word' id='word_1_616' title='bbox 2624 4384 2700 4455; x_wconf 80' lang='grc' dir='ltr'>μὴ</span> <span class='ocrx_word' id='word_1_617' title='bbox 2730 4384 2828 4437; x_wconf 68' lang='grc' dir='ltr'>καὶ</span> <span class='ocrx_word' id='word_1_618' title='bbox 2854 4384 3023 4451; x_wconf 69' lang='grc' dir='ltr'>αὐτὴν</span> <span class='ocrx_word' id='word_1_619' title='bbox 3052 4384 3273 4453; x_wconf 69' lang='grc' dir='ltr'>ἐκείνην</span> <span class='ocrx_word' id='word_1_620' title='bbox 3299 4385 3399 4450; x_wconf 87' lang='grc' dir='ltr'>τὴν</span> <span class='ocrx_word' id='word_1_621' title='bbox 3430 4383 3705 4450; x_wconf 79' lang='grc' dir='ltr'>ἐπιστολὴν</span> 
     </span>
    </p>
   </div>
   <div class='ocr_carea' id='block_1_90' title="bbox 2159 4476 3701 4548">
    <p class='ocr_par' dir='ltr' id='par_1_90' title="bbox 2159 4476 3701 4548">
     <span class='ocr_line' id='line_1_90' title="bbox 2159 4476 3701 4548; baseline -0.005 -16"><span class='ocrx_word' id='word_1_622' title='bbox 2159 4477 2458 4532; x_wconf 87' lang='grc' dir='ltr'>Ἰουλιανοῦ</span> <span class='ocrx_word' id='word_1_623' title='bbox 2517 4477 2597 4548; x_wconf 82' lang='grc' dir='ltr'>τῷ</span> <span class='ocrx_word' id='word_1_624' title='bbox 2651 4477 2886 4547; x_wconf 81' lang='grc' dir='ltr'>παρόντι</span> <span class='ocrx_word' id='word_1_625' title='bbox 2940 4476 3269 4545; x_wconf 83' lang='grc' dir='ltr'>παραθεῖναι</span> <span class='ocrx_word' id='word_1_626' title='bbox 3335 4477 3701 4543; x_wconf 80' lang='grc' dir='ltr'>συντάγματι·</span> 
     </span>
    </p>
   </div>
   <div class='ocr_carea' id='block_1_91' title="bbox 469 4544 2034 4636">
    <p class='ocr_par' dir='ltr' id='par_1_91' title="bbox 469 4559 2034 4634">
     <span class='ocr_line' id='line_1_91' title="bbox 469 4559 2034 4634; baseline -0.006 -15"><span class='ocrx_word' id='word_1_627' title='bbox 469 4567 536 4619; x_wconf 87' lang='lat' dir='ltr'><strong>ad</strong></span> <span class='ocrx_word' id='word_1_628' title='bbox 562 4564 884 4634; x_wconf 85' lang='lat' dir='ltr'><strong>sanguinem</strong></span> <span class='ocrx_word' id='word_1_629' title='bbox 912 4575 1091 4631; x_wconf 90' lang='lat' dir='ltr'><strong>usque</strong></span> <span class='ocrx_word' id='word_1_630' title='bbox 1112 4559 1360 4629; x_wconf 83' lang='lat' dir='ltr'><strong>martyrii</strong></span> <span class='ocrx_word' id='word_1_631' title='bbox 1382 4567 1664 4614; x_wconf 87' lang='lat' dir='ltr'><strong>certamen</strong></span> <span class='ocrx_word' id='word_1_632' title='bbox 1689 4566 2034 4627; x_wconf 86' lang='lat' dir='ltr'><strong>peragerent.</strong></span> 
     </span>
    </p>
   </div>
   <div class='ocr_carea' id='block_1_92' title="bbox 2143 4544 3710 4636">
    <p class='ocr_par' dir='ltr' id='par_1_92' title="bbox 2148 4544 3710 4636">
     <span class='ocr_line' id='line_1_92' title="bbox 2148 4544 3710 4636; baseline -0.006 -9"><span class='ocrx_word' id='word_1_633' title='bbox 2148 4569 2268 4627; x_wconf 75' lang='grc' dir='ltr'>εἶτα</span> <span class='ocrx_word' id='word_1_634' title='bbox 2292 4573 2387 4624; x_wconf 58' lang='grc' dir='ltr'><strong>καὶ⁸</strong></span> <span class='ocrx_word' id='word_1_635' title='bbox 2414 4571 2513 4624; x_wconf 85' lang='grc' dir='ltr'>ὅσα</span> <span class='ocrx_word' id='word_1_636' title='bbox 2531 4544 2912 4632; x_wconf 23' lang='grc' dir='ltr'>ὀτθεῖοςναύτοῦ</span> <span class='ocrx_word' id='word_1_637' title='bbox 2940 4566 3233 4630; x_wconf 71' lang='grc' dir='ltr'>Ἰουλιανὸς</span> <span class='ocrx_word' id='word_1_638' title='bbox 3263 4567 3411 4620; x_wconf 67' lang='grc' dir='ltr'>κατὰ</span> <span class='ocrx_word' id='word_1_639' title='bbox 3441 4567 3542 4636; x_wconf 80' lang='grc' dir='ltr'>τῆς</span> <span class='ocrx_word' id='word_1_640' title='bbox 3568 4564 3710 4636; x_wconf 73' lang='grc' dir='ltr'>ἡμῶν</span> 
     </span>
    </p>
   </div>
   <div class='ocr_carea' id='block_1_93' title="bbox 470 4648 2041 4718">
    <p class='ocr_par' dir='ltr' id='par_1_93' title="bbox 470 4648 2041 4718">
     <span class='ocr_line' id='line_1_93' title="bbox 470 4648 2041 4718; baseline -0.008 -6"><span class='ocrx_word' id='word_1_641' title='bbox 470 4656 604 4712; x_wconf 82' lang='lat' dir='ltr'><strong>Mihi</strong></span> <span class='ocrx_word' id='word_1_642' title='bbox 658 4656 824 4710; x_wconf 87' lang='lat' dir='ltr'><strong>etiam</strong></span> <span class='ocrx_word' id='word_1_643' title='bbox 883 4654 1177 4707; x_wconf 86' lang='lat' dir='ltr'><strong>molestum</strong></span> <span class='ocrx_word' id='word_1_644' title='bbox 1235 4665 1345 4705; x_wconf 86' lang='lat' dir='ltr'><strong>non</strong></span> <span class='ocrx_word' id='word_1_645' title='bbox 1399 4648 1529 4713; x_wconf 89' lang='lat' dir='ltr'><strong>erit,</strong></span> <span class='ocrx_word' id='word_1_646' title='bbox 1584 4648 1874 4718; x_wconf 88' lang='lat' dir='ltr'><strong>epistolam</strong></span> <span class='ocrx_word' id='word_1_647' title='bbox 1922 4661 2041 4699; x_wconf 81' lang='lat' dir='ltr'><strong>eam</strong></span> 
     </span>
    </p>
   </div>
   <div class='ocr_carea' id='block_1_94' title="bbox 466 4738 2036 4816">
    <p class='ocr_par' dir='ltr' id='par_1_94' title="bbox 466 4738 2036 4816">
     <span class='ocr_line' id='line_1_94' title="bbox 466 4738 2036 4816; baseline -0.009 -11"><span class='ocrx_word' id='word_1_648' title='bbox 466 4748 696 4812; x_wconf 78' lang='lat' dir='ltr'><strong>Juliani,</strong></span> <span class='ocrx_word' id='word_1_649' title='bbox 730 4748 884 4816; x_wconf 81' lang='lat' dir='ltr'><strong>Operi</strong></span> <span class='ocrx_word' id='word_1_650' title='bbox 918 4747 1049 4800; x_wconf 85' lang='lat' dir='ltr'><strong>huic</strong></span> <span class='ocrx_word' id='word_1_651' title='bbox 1083 4752 1273 4800; x_wconf 83' lang='lat' dir='ltr'><strong>nostro</strong></span> <span class='ocrx_word' id='word_1_652' title='bbox 1315 4740 1638 4804; x_wconf 87' lang='lat' dir='ltr'><strong>adnectere,</strong></span> <span class='ocrx_word' id='word_1_653' title='bbox 1669 4749 1835 4808; x_wconf 81' lang='lat' dir='ltr'><strong>atque</strong></span> <span class='ocrx_word' id='word_1_654' title='bbox 1870 4738 2036 4793; x_wconf 87' lang='lat' dir='ltr'><strong>etiam</strong></span> 
     </span>
    </p>
   </div>
   <div class='ocr_carea' id='block_1_95' title="bbox 2148 4662 3705 4735">
    <p class='ocr_par' dir='ltr' id='par_1_95' title="bbox 2148 4662 3705 4735">
     <span class='ocr_line' id='line_1_95' title="bbox 2148 4662 3705 4735; baseline -0.004 -16"><span class='ocrx_word' id='word_1_655' title='bbox 2148 4667 2388 4728; x_wconf 83' lang='grc' dir='ltr'>πίστεως</span> <span class='ocrx_word' id='word_1_656' title='bbox 2417 4663 2668 4733; x_wconf 75' lang='grc' dir='ltr'>ἔδρασεν.</span> <span class='ocrx_word' id='word_1_657' title='bbox 2698 4663 2774 4718; x_wconf 87' lang='grc' dir='ltr'><strong>Ἦ</strong></span> <span class='ocrx_word' id='word_1_658' title='bbox 2806 4679 2872 4733; x_wconf 85' lang='grc' dir='ltr'><strong>γε</strong></span> <span class='ocrx_word' id='word_1_659' title='bbox 2930 4663 3038 4735; x_wconf 85' lang='grc' dir='ltr'><strong>μὴν</strong></span> <span class='ocrx_word' id='word_1_660' title='bbox 3075 4662 3340 4731; x_wconf 65' lang='grc' dir='ltr'>ἐπιστολὴ</span> <span class='ocrx_word' id='word_1_661' title='bbox 3370 4662 3581 4725; x_wconf 79' lang='grc' dir='ltr'>τούτοις</span> <span class='ocrx_word' id='word_1_662' title='bbox 3606 4663 3705 4721; x_wconf 73' lang='grc' dir='ltr'>τοῖς</span> 
     </span>
    </p>
   </div>
   <div class='ocr_carea' id='block_1_96' title="bbox 2150 4759 2875 4830">
    <p class='ocr_par' dir='ltr' id='par_1_96' title="bbox 2150 4759 2875 4830">
     <span class='ocr_line' id='line_1_96' title="bbox 2150 4759 2875 4830; baseline -0.004 -17"><span class='ocrx_word' id='word_1_663' title='bbox 2150 4761 2453 4829; x_wconf 83' lang='grc' dir='ltr'>γράμμασι</span> <span class='ocrx_word' id='word_1_664' title='bbox 2477 4759 2841 4830; x_wconf 81' lang='grc' dir='ltr'>περιείληπτο</span> <span class='ocrx_word' id='word_1_665' title='bbox 2857 4772 2875 4791; x_wconf 77' lang='grc' dir='ltr'><strong><em>ο</em></strong></span> 
     </span>
    </p>
   </div>
   <div class='ocr_carea' id='block_1_97' title="bbox 466 4848 3708 4941">
    <p class='ocr_par' dir='ltr' id='par_1_97' title="bbox 466 4848 3708 4941">
     <span class='ocr_line' id='line_1_97' title="bbox 466 4848 3708 4941; baseline -0.008 -17"><span class='ocrx_word' id='word_1_666' title='bbox 466 4884 588 4941; x_wconf 70' lang='lat' dir='ltr'><strong>qum</strong></span> <span class='ocrx_word' id='word_1_667' title='bbox 615 4865 923 4921; x_wconf 89' lang='lat' dir='ltr'><strong>avunculus</strong></span> <span class='ocrx_word' id='word_1_668' title='bbox 954 4860 1354 4935; x_wconf 71' lang='lat' dir='ltr'><strong>cjuslulianus</strong></span> <span class='ocrx_word' id='word_1_669' title='bbox 1381 4858 1650 4915; x_wconf 86' lang='lat' dir='ltr'><strong>adversus</strong></span> <span class='ocrx_word' id='word_1_670' title='bbox 1716 4854 1846 4909; x_wconf 82' lang='lat' dir='ltr'><strong>fidei</strong></span> <span class='ocrx_word' id='word_1_671' title='bbox 1925 4862 2131 4909; x_wconf 65' lang='lat' dir='ltr'><strong>nostra:</strong></span> <span class='ocrx_word' id='word_1_672' title='bbox 2170 4853 2571 4925; x_wconf 78' lang='lat' dir='ltr'><strong>professionem</strong></span> <span class='ocrx_word' id='word_1_673' title='bbox 2623 4852 2821 4922; x_wconf 84' lang='lat' dir='ltr'><strong>egerit.</strong></span> <span class='ocrx_word' id='word_1_674' title='bbox 2871 4850 3119 4921; x_wconf 85' lang='lat' dir='ltr'><strong>Epistola</strong></span> <span class='ocrx_word' id='word_1_675' title='bbox 3171 4850 3325 4905; x_wconf 87' lang='lat' dir='ltr'><strong>hisce</strong></span> <span class='ocrx_word' id='word_1_676' title='bbox 3377 4848 3561 4905; x_wconf 84' lang='lat' dir='ltr'><strong>verbis</strong></span> <span class='ocrx_word' id='word_1_677' title='bbox 3590 4861 3708 4900; x_wconf 83' lang='lat' dir='ltr'><strong>con-</strong></span> 
     </span>
    </p>
   </div>
   <div class='ocr_carea' id='block_1_98' title="bbox 467 4961 844 5034">
    <p class='ocr_par' dir='ltr' id='par_1_98' title="bbox 467 4961 844 5034">
     <span class='ocr_line' id='line_1_98' title="bbox 467 4961 844 5034; baseline -0.019 -13"><span class='ocrx_word' id='word_1_678' title='bbox 467 4964 674 5034; x_wconf 87' lang='lat' dir='ltr'><strong>scripta</strong></span> <span class='ocrx_word' id='word_1_679' title='bbox 702 4961 844 5017; x_wconf 87' lang='lat' dir='ltr'><strong>fuit:</strong></span> 
     </span>
    </p>
   </div>
   <div class='ocr_carea' id='block_1_99' title="bbox 1067 5065 1446 5125">
    <p class='ocr_par' dir='ltr' id='par_1_99' title="bbox 1067 5065 1446 5125">
     <span class='ocr_line' id='line_1_99' title="bbox 1067 5065 1446 5125; baseline -0.016 0"><span class='ocrx_word' id='word_1_680' title='bbox 1067 5066 1295 5125; x_wconf 84' lang='lat' dir='ltr'><strong>CAPUT</strong></span> <span class='ocrx_word' id='word_1_681' title='bbox 1333 5065 1446 5120; x_wconf 84' lang='lat' dir='ltr'><strong>Vll.</strong></span> 
     </span>
    </p>
   </div>
   <div class='ocr_carea' id='block_1_100' title="bbox 461 5151 2042 5237">
    <p class='ocr_par' dir='ltr' id='par_1_100' title="bbox 461 5151 2042 5237">
     <span class='ocr_line' id='line_1_100' title="bbox 461 5151 2042 5237; baseline -0.016 -9"><span class='ocrx_word' id='word_1_682' title='bbox 461 5170 673 5229; x_wconf 74' lang='lat' dir='ltr'><strong>Iuliani</strong></span> <span class='ocrx_word' id='word_1_683' title='bbox 702 5165 924 5237; x_wconf 78' lang='lat' dir='ltr'><strong>epistola</strong></span> <span class='ocrx_word' id='word_1_684' title='bbox 985 5163 1053 5217; x_wconf 88' lang='lat' dir='ltr'><strong>ad</strong></span> <span class='ocrx_word' id='word_1_685' title='bbox 1090 5156 1818 5237; x_wconf 26' lang='lat' dir='ltr'><strong>populum‘Alesandriuum</strong></span> <span class='ocrx_word' id='word_1_686' title='bbox 1855 5151 2042 5215; x_wconf 78' lang='lat' dir='ltr'><strong>missa,</strong></span> 
     </span>
    </p>
   </div>
   <div class='ocr_carea' id='block_1_101' title="bbox 903 5228 1721 5305">
    <p class='ocr_par' dir='ltr' id='par_1_101' title="bbox 903 5228 1721 5305">
     <span class='ocr_line' id='line_1_101' title="bbox 903 5228 1721 5305; baseline -0.013 -16"><span class='ocrx_word' id='word_1_687' title='bbox 903 5228 1116 5305; x_wconf 67' lang='lat' dir='ltr'><strong>pmpter</strong></span> <span class='ocrx_word' id='word_1_688' title='bbox 1151 5228 1368 5302; x_wconf 69' lang='lat' dir='ltr'><strong>Georgii</strong></span> <span class='ocrx_word' id='word_1_689' title='bbox 1398 5228 1616 5282; x_wconf 66' lang='lat' dir='ltr'><strong>caedem.</strong></span> <span class='ocrx_word' id='word_1_690' title='bbox 1718 5244 1721 5249; x_wconf 53' lang='lat'><em>‘</em></span> 
     </span>
    </p>
   </div>
   <div class='ocr_carea' id='block_1_102' title="bbox 547 5341 2046 5427">
    <p class='ocr_par' dir='ltr' id='par_1_102' title="bbox 547 5341 2046 5427">
     <span class='ocr_line' id='line_1_102' title="bbox 547 5341 2046 5427; baseline -0.015 -14"><span class='ocrx_word' id='word_1_691' title='bbox 547 5377 568 5413; x_wconf 86' lang='grc' dir='ltr'><strong>ι</strong></span> <span class='ocrx_word' id='word_1_692' title='bbox 591 5360 902 5427; x_wconf 84' lang='lat' dir='ltr'><strong>Imperator</strong></span> <span class='ocrx_word' id='word_1_693' title='bbox 948 5355 1129 5409; x_wconf 72' lang='lat' dir='ltr'><strong>Cmsar</strong></span> <span class='ocrx_word' id='word_1_694' title='bbox 1157 5348 1411 5405; x_wconf 84' lang='lat' dir='ltr'><strong>Julianus</strong></span> <span class='ocrx_word' id='word_1_695' title='bbox 1442 5342 1714 5399; x_wconf 77' lang='lat' dir='ltr'><strong>Maximus</strong></span> <span class='ocrx_word' id='word_1_696' title='bbox 1743 5341 2046 5410; x_wconf 78' lang='lat' dir='ltr'><strong>Augustus,</strong></span> 
     </span>
    </p>
   </div>
   <div class='ocr_carea' id='block_1_103' title="bbox 468 5429 2048 5524">
    <p class='ocr_par' dir='ltr' id='par_1_103' title="bbox 468 5429 2048 5524">
     <span class='ocr_line' id='line_1_103' title="bbox 468 5429 2048 5524; baseline -0.013 -21"><span class='ocrx_word' id='word_1_697' title='bbox 468 5450 677 5524; x_wconf 82' lang='lat' dir='ltr'><strong>populo</strong></span> <span class='ocrx_word' id='word_1_698' title='bbox 734 5445 1134 5501; x_wconf 78' lang='lat' dir='ltr'><strong>Alexandrino.</strong></span> <span class='ocrx_word' id='word_1_699' title='bbox 1184 5439 1472 5510; x_wconf 86' lang='lat' dir='ltr'><strong>Siquidem</strong></span> <span class='ocrx_word' id='word_1_700' title='bbox 1524 5435 1924 5496; x_wconf 74' lang='lat' dir='ltr'><strong>Alexandrum,</strong></span> <span class='ocrx_word' id='word_1_701' title='bbox 1952 5429 2048 5501; x_wconf 90' lang='lat' dir='ltr'><strong>qui</strong></span> 
     </span>
    </p>
   </div>
   <div class='ocr_carea' id='block_1_104' title="bbox 536 5587 2042 5675">
    <p class='ocr_par' dir='ltr' id='par_1_104' title="bbox 536 5587 2042 5675">
     <span class='ocr_line' id='line_1_104' title="bbox 536 5587 2042 5675; baseline -0.012 -17"><span class='ocrx_word' id='word_1_702' title='bbox 536 5606 613 5675; x_wconf 91' lang='lat' dir='ltr'><strong>(l)</strong></span> <span class='ocrx_word' id='word_1_703' title='bbox 641 5600 898 5675; x_wconf 79' lang='lat' dir='ltr'><strong>Mithram</strong></span> <span class='ocrx_word' id='word_1_704' title='bbox 942 5599 1122 5675; x_wconf 67' lang='lat' dir='ltr'><strong>Persa:</strong></span> <span class='ocrx_word' id='word_1_705' title='bbox 1155 5597 1324 5675; x_wconf 64' lang='lat' dir='ltr'><strong>solem</strong></span> <span class='ocrx_word' id='word_1_706' title='bbox 1358 5608 1505 5675; x_wconf 58' lang='lat' dir='ltr'><strong>esse</strong></span> <span class='ocrx_word' id='word_1_707' title='bbox 1548 5600 1766 5673; x_wconf 76' lang='lat' dir='ltr'><strong>putant,</strong></span> <span class='ocrx_word' id='word_1_708' title='bbox 1812 5587 2042 5675; x_wconf 26' lang='lat' dir='ltr'><strong>cuigbo-</strong></span> 
     </span>
    </p>
   </div>
   <div class='ocr_carea' id='block_1_105' title="bbox 464 5660 2044 5734">
    <p class='ocr_par' dir='ltr' id='par_1_105' title="bbox 464 5660 2044 5734">
     <span class='ocr_line' id='line_1_105' title="bbox 464 5660 2044 5734; baseline -0.015 -3"><span class='ocrx_word' id='word_1_709' title='bbox 464 5660 608 5732; x_wconf 62' lang='lat' dir='ltr'><strong>stias&#39;</strong></span> <span class='ocrx_word' id='word_1_710' title='bbox 641 5674 841 5726; x_wconf 89' lang='lat' dir='ltr'><strong>multas</strong></span> <span class='ocrx_word' id='word_1_711' title='bbox 893 5669 1224 5725; x_wconf 83' lang='lat' dir='ltr'><strong>sacrificant.</strong></span> <span class='ocrx_word' id='word_1_712' title='bbox 1268 5661 1443 5734; x_wconf 83' lang='lat' dir='ltr'><strong>Hujus</strong></span> <span class='ocrx_word' id='word_1_713' title='bbox 1482 5660 1657 5719; x_wconf 78' lang='lat' dir='ltr'><strong>sacris</strong></span> <span class='ocrx_word' id='word_1_714' title='bbox 1702 5676 1810 5713; x_wconf 88' lang='lat' dir='ltr'><strong>non</strong></span> <span class='ocrx_word' id='word_1_715' title='bbox 1856 5660 2044 5713; x_wconf 85' lang='lat' dir='ltr'><strong>initia-</strong></span> 
     </span>
    </p>
   </div>
   <div class='ocr_carea' id='block_1_106' title="bbox 467 5734 2040 5811">
    <p class='ocr_par' dir='ltr' id='par_1_106' title="bbox 467 5734 2040 5811">
     <span class='ocr_line' id='line_1_106' title="bbox 467 5734 2040 5811; baseline -0.013 -11"><span class='ocrx_word' id='word_1_716' title='bbox 467 5749 664 5808; x_wconf 88' lang='lat' dir='ltr'><strong>hatur,</strong></span> <span class='ocrx_word' id='word_1_717' title='bbox 692 5742 797 5796; x_wconf 85' lang='lat' dir='ltr'><strong>nisi</strong></span> <span class='ocrx_word' id='word_1_718' title='bbox 830 5743 923 5811; x_wconf 81' lang='lat' dir='ltr'><strong>qui</strong></span> <span class='ocrx_word' id='word_1_719' title='bbox 962 5754 1058 5808; x_wconf 86' lang='lat' dir='ltr'><strong>per</strong></span> <span class='ocrx_word' id='word_1_720' title='bbox 1093 5737 1297 5807; x_wconf 82' lang='lat' dir='ltr'><strong>gradus</strong></span> <span class='ocrx_word' id='word_1_721' title='bbox 1332 5734 1599 5804; x_wconf 85' lang='lat' dir='ltr'><strong>quosdam</strong></span> <span class='ocrx_word' id='word_1_722' title='bbox 1633 5738 2040 5811; x_wconf 72' lang='lat' dir='ltr'><strong>tormentorum</strong></span> 
     </span>
    </p>
   </div>
   <div class='ocr_carea' id='block_1_107' title="bbox 465 5801 2042 5883">
    <p class='ocr_par' dir='ltr' id='par_1_107' title="bbox 465 5801 2042 5883">
     <span class='ocr_line' id='line_1_107' title="bbox 465 5801 2042 5883; baseline -0.013 -12"><span class='ocrx_word' id='word_1_723' title='bbox 465 5817 533 5871; x_wconf 83' lang='lat' dir='ltr'><strong>ad</strong></span> <span class='ocrx_word' id='word_1_724' title='bbox 565 5831 628 5868; x_wconf 66' lang='lat' dir='ltr'><strong>ea</strong></span> <span class='ocrx_word' id='word_1_725' title='bbox 651 5801 1037 5883; x_wconf 67' lang='lat' dir='ltr'><strong>pervenisset,</strong></span> <span class='ocrx_word' id='word_1_726' title='bbox 1068 5801 1124 5883; x_wconf 71' lang='grc' dir='ltr'>ιιῖ</span> <span class='ocrx_word' id='word_1_727' title='bbox 1168 5801 1418 5883; x_wconf 69' lang='lat' dir='ltr'><strong>sanctum</strong></span> <span class='ocrx_word' id='word_1_728' title='bbox 1447 5819 1525 5883; x_wconf 79' lang='lat' dir='ltr'><strong>_s_e</strong></span> <span class='ocrx_word' id='word_1_729' title='bbox 1560 5801 2042 5883; x_wconf 53' lang='lat' dir='ltr'><strong>perpessionisque</strong></span> 
     </span>
    </p>
   </div>
   <div class='ocr_carea' id='block_1_108' title="bbox 465 5868 2042 5956">
    <p class='ocr_par' dir='ltr' id='par_1_108' title="bbox 465 5868 2042 5956">
     <span class='ocr_line' id='line_1_108' title="bbox 465 5868 2042 5956; baseline -0.011 -15"><span class='ocrx_word' id='word_1_730' title='bbox 465 5868 747 5956; x_wconf 57' lang='lat' dir='ltr'><strong>erpcrtEm</strong></span> <span class='ocrx_word' id='word_1_731' title='bbox 792 5897 915 5938; x_wconf 76' lang='lat' dir='ltr'><strong>esse</strong></span> <span class='ocrx_word' id='word_1_732' title='bbox 964 5868 1318 5935; x_wconf 27' lang='lat' dir='ltr'><strong>develat-asaet.</strong></span> <span class='ocrx_word' id='word_1_733' title='bbox 1367 5875 1520 5929; x_wconf 86' lang='lat' dir='ltr'><strong>Suid.</strong></span> <span class='ocrx_word' id='word_1_734' title='bbox 1562 5868 1856 5935; x_wconf 74' lang='lat' dir='ltr'><strong>Mithrinn,</strong></span> <span class='ocrx_word' id='word_1_735' title='bbox 1897 5868 2042 5923; x_wconf 80' lang='lat' dir='ltr'><strong>SullS</strong></span> 
     </span>
    </p>
   </div>
   <div class='ocr_carea' id='block_1_109' title="bbox 2722 5051 3107 5108">
    <p class='ocr_par' dir='ltr' id='par_1_109' title="bbox 2722 5051 3107 5108">
     <span class='ocr_line' id='line_1_109' title="bbox 2722 5051 3107 5108; baseline -0.01 0"><span class='ocrx_word' id='word_1_736' title='bbox 2722 5051 2955 5108; x_wconf 80' lang='grc' dir='ltr'><strong>ΚΕΦΛΛ</strong></span> <span class='ocrx_word' id='word_1_737' title='bbox 3030 5052 3107 5106; x_wconf 90' lang='lat' dir='ltr'><strong>Z&#39;.</strong></span> 
     </span>
    </p>
   </div>
   <div class='ocr_carea' id='block_1_110' title="bbox 2164 5142 3707 5213">
    <p class='ocr_par' dir='ltr' id='par_1_110' title="bbox 2164 5142 3707 5213">
     <span class='ocr_line' id='line_1_110' title="bbox 2164 5142 3707 5213; baseline -0.006 -11"><span class='ocrx_word' id='word_1_738' title='bbox 2164 5146 2490 5213; x_wconf 62' lang='grc' dir='ltr'>Ἐπιστολὴ</span> <span class='ocrx_word' id='word_1_739' title='bbox 2537 5143 2877 5201; x_wconf 69' lang='grc' dir='ltr'>Ἰουλιανοῦ</span> <span class='ocrx_word' id='word_1_740' title='bbox 2939 5142 3021 5209; x_wconf 85' lang='grc' dir='ltr'>τῷ</span> <span class='ocrx_word' id='word_1_741' title='bbox 3080 5143 3252 5212; x_wconf 83' lang='grc' dir='ltr'>δήμῳ</span> <span class='ocrx_word' id='word_1_742' title='bbox 3289 5142 3410 5198; x_wconf 81' lang='grc' dir='ltr'><strong>τῶν</strong></span> <span class='ocrx_word' id='word_1_743' title='bbox 3456 5143 3707 5207; x_wconf 74' lang='grc' dir='ltr'>Ἀλεξαν-</span> 
     </span>
    </p>
   </div>
   <div class='ocr_carea' id='block_1_111' title="bbox 2258 5213 3613 5286">
    <p class='ocr_par' dir='ltr' id='par_1_111' title="bbox 2258 5213 3613 5286">
     <span class='ocr_line' id='line_1_111' title="bbox 2258 5213 3613 5286; baseline -0.004 -14"><span class='ocrx_word' id='word_1_744' title='bbox 2258 5218 2448 5286; x_wconf 72' lang='grc' dir='ltr'>δρέων</span> <span class='ocrx_word' id='word_1_745' title='bbox 2486 5215 2789 5270; x_wconf 82' lang='grc' dir='ltr'>σταλεῖσα</span> <span class='ocrx_word' id='word_1_746' title='bbox 2817 5213 2915 5267; x_wconf 82' lang='grc' dir='ltr'>διὰ</span> <span class='ocrx_word' id='word_1_747' title='bbox 2951 5216 3058 5267; x_wconf 82' lang='grc' dir='ltr'><strong>τὸν</strong></span> <span class='ocrx_word' id='word_1_748' title='bbox 3090 5216 3283 5283; x_wconf 74' lang='grc' dir='ltr'><em>φόνον</em></span> <span class='ocrx_word' id='word_1_749' title='bbox 3303 5217 3613 5284; x_wconf 79' lang='grc' dir='ltr'>Γεωργίου.</span> 
     </span>
    </p>
   </div>
   <div class='ocr_carea' id='block_1_112' title="bbox 2233 5328 3709 5413">
    <p class='ocr_par' dir='ltr' id='par_1_112' title="bbox 2233 5328 3709 5413">
     <span class='ocr_line' id='line_1_112' title="bbox 2233 5328 3709 5413; baseline -0.003 -28"><span class='ocrx_word' id='word_1_750' title='bbox 2233 5351 2253 5385; x_wconf 83' lang='grc' dir='ltr'><strong>ι</strong></span> <span class='ocrx_word' id='word_1_751' title='bbox 2285 5331 2659 5400; x_wconf 81' lang='grc' dir='ltr'>Αὐτοκράτωρ</span> <span class='ocrx_word' id='word_1_752' title='bbox 2692 5330 2910 5400; x_wconf 73' lang='grc' dir='ltr'>Καῖσαρ</span> <span class='ocrx_word' id='word_1_753' title='bbox 2946 5328 3242 5393; x_wconf 82' lang='grc' dir='ltr'>Ἰουλιανὸς</span> <span class='ocrx_word' id='word_1_754' title='bbox 3269 5329 3709 5413; x_wconf 42' lang='grc' dir='ltr'>ΜέγιστοςςΔλεο</span> 
     </span>
    </p>
   </div>
   <div class='ocr_carea' id='block_1_113' title="bbox 2161 5420 3709 5495">
    <p class='ocr_par' dir='ltr' id='par_1_113' title="bbox 2161 5420 3709 5495">
     <span class='ocr_line' id='line_1_113' title="bbox 2161 5420 3709 5495; baseline -0.005 -18"><span class='ocrx_word' id='word_1_755' title='bbox 2161 5423 2433 5495; x_wconf 82' lang='grc' dir='ltr'>ξανδρέων</span> <span class='ocrx_word' id='word_1_756' title='bbox 2468 5420 2546 5490; x_wconf 84' lang='grc' dir='ltr'>τῷ</span> <span class='ocrx_word' id='word_1_757' title='bbox 2574 5421 2757 5490; x_wconf 84' lang='grc' dir='ltr'>δήμῳ.</span> <span class='ocrx_word' id='word_1_758' title='bbox 2787 5421 2849 5474; x_wconf 82' lang='grc' dir='ltr'>Εἰ</span> <span class='ocrx_word' id='word_1_759' title='bbox 2885 5420 2961 5491; x_wconf 82' lang='grc' dir='ltr'>μὴ</span> <span class='ocrx_word' id='word_1_760' title='bbox 3004 5423 3100 5475; x_wconf 67' lang='grc' dir='ltr'><strong>τὶν</strong></span> <span class='ocrx_word' id='word_1_761' title='bbox 3142 5421 3497 5494; x_wconf 81' lang='grc' dir='ltr'>Ἀλέξανδρον</span> <span class='ocrx_word' id='word_1_762' title='bbox 3529 5420 3610 5475; x_wconf 81' lang='grc' dir='ltr'>τὸν</span> <span class='ocrx_word' id='word_1_763' title='bbox 3638 5420 3709 5471; x_wconf 85' lang='lat' dir='ltr'><strong>ol-</strong></span> 
     </span>
    </p>
   </div>
   <div class='ocr_carea' id='block_1_114' title="bbox 2151 5576 3706 5650">
    <p class='ocr_par' dir='ltr' id='par_1_114' title="bbox 2151 5576 3706 5650">
     <span class='ocr_line' id='line_1_114' title="bbox 2151 5576 3706 5650; baseline -0.003 -15"><span class='ocrx_word' id='word_1_764' title='bbox 2151 5578 2415 5650; x_wconf 83' lang='lat' dir='ltr'><strong>templum</strong></span> <span class='ocrx_word' id='word_1_765' title='bbox 2468 5594 2482 5632; x_wconf 88' lang='lat'><strong>:</strong></span> <span class='ocrx_word' id='word_1_766' title='bbox 2539 5576 2851 5650; x_wconf 55' lang='lat' dir='ltr'><strong>blilltriaca,</strong></span> <span class='ocrx_word' id='word_1_767' title='bbox 2909 5576 3055 5632; x_wconf 90' lang='lat' dir='ltr'><strong>Solis</strong></span> <span class='ocrx_word' id='word_1_768' title='bbox 3094 5593 3285 5650; x_wconf 75' lang='lat' dir='ltr'><strong>sacra.</strong></span> <span class='ocrx_word' id='word_1_769' title='bbox 3327 5579 3609 5650; x_wconf 82' lang='lat' dir='ltr'><strong>Lamprid.</strong></span> <span class='ocrx_word' id='word_1_770' title='bbox 3645 5576 3706 5650; x_wconf 76' lang='lat' dir='ltr'><strong>de</strong></span> 
     </span>
    </p>
   </div>
   <div class='ocr_carea' id='block_1_115' title="bbox 2120 5647 3706 5717">
    <p class='ocr_par' dir='ltr' id='par_1_115' title="bbox 2120 5647 3706 5717">
     <span class='ocr_line' id='line_1_115' title="bbox 2120 5647 3706 5717; baseline -0.003 -13"><span class='ocrx_word' id='word_1_771' title='bbox 2120 5647 2499 5704; x_wconf 84' lang='lat' dir='ltr'><strong>&#39;Commodo:</strong></span> <span class='ocrx_word' id='word_1_772' title='bbox 2541 5647 2707 5703; x_wconf 69' lang='lat' dir='ltr'><strong>Sacra</strong></span> <span class='ocrx_word' id='word_1_773' title='bbox 2750 5649 3037 5704; x_wconf 80' lang='lat' dir='ltr'><strong>Mithriaca</strong></span> <span class='ocrx_word' id='word_1_774' title='bbox 3091 5648 3397 5705; x_wconf 87' lang='lat' dir='ltr'><strong>homicidio</strong></span> <span class='ocrx_word' id='word_1_775' title='bbox 3437 5647 3560 5705; x_wconf 79' lang='lat' dir='ltr'><strong>vero</strong></span> <span class='ocrx_word' id='word_1_776' title='bbox 3604 5647 3706 5717; x_wconf 78' lang='grc' dir='ltr'><strong>ροι⁴</strong></span> 
     </span>
    </p>
   </div>
   <div class='ocr_carea' id='block_1_116' title="bbox 2148 5721 2272 5775">
    <p class='ocr_par' dir='ltr' id='par_1_116' title="bbox 2148 5721 2272 5775">
     <span class='ocr_line' id='line_1_116' title="bbox 2148 5721 2272 5775; baseline -0.024 -1"><span class='ocrx_word' id='word_1_777' title='bbox 2148 5721 2272 5775; x_wconf 88' lang='lat' dir='ltr'><strong>luit.</strong></span> 
     </span>
    </p>
   </div>
   <div class='ocr_carea' id='block_1_117' title="bbox 2223 5786 3701 5857">
    <p class='ocr_par' dir='ltr' id='par_1_117' title="bbox 2223 5786 3701 5857">
     <span class='ocr_line' id='line_1_117' title="bbox 2223 5786 3701 5857; baseline 0.001 -16"><span class='ocrx_word' id='word_1_778' title='bbox 2223 5789 2299 5857; x_wconf 72' lang='grc'><strong>(2)</strong></span> <span class='ocrx_word' id='word_1_779' title='bbox 2358 5788 2414 5842; x_wconf 93' lang='lat' dir='ltr'><strong>ln</strong></span> <span class='ocrx_word' id='word_1_780' title='bbox 2473 5802 2583 5857; x_wconf 91' lang='lat' dir='ltr'><strong>quo</strong></span> <span class='ocrx_word' id='word_1_781' title='bbox 2639 5788 2771 5842; x_wconf 90' lang='lat' dir='ltr'><strong>olim</strong></span> <span class='ocrx_word' id='word_1_782' title='bbox 2811 5786 3011 5857; x_wconf 65' lang='lat' dir='ltr'><strong>Graeci,</strong></span> <span class='ocrx_word' id='word_1_783' title='bbox 3070 5790 3286 5846; x_wconf 65' lang='lat' dir='ltr'><strong>Mithrm</strong></span> <span class='ocrx_word' id='word_1_784' title='bbox 3340 5792 3701 5854; x_wconf 77' lang='lat' dir='ltr'><strong>sacriﬁcantes,</strong></span> 
     </span>
    </p>
   </div>
   <div class='ocr_carea' id='block_1_118' title="bbox 2153 5860 3523 5933">
    <p class='ocr_par' dir='ltr' id='par_1_118' title="bbox 2153 5860 3523 5933">
     <span class='ocr_line' id='line_1_118' title="bbox 2153 5860 3523 5933; baseline 0.001 -18"><span class='ocrx_word' id='word_1_785' title='bbox 2153 5862 2408 5915; x_wconf 82' lang='lat' dir='ltr'><strong>homines</strong></span> <span class='ocrx_word' id='word_1_786' title='bbox 2448 5861 2783 5914; x_wconf 85' lang='lat' dir='ltr'><strong>tuactabant.</strong></span> <span class='ocrx_word' id='word_1_787' title='bbox 2831 5860 3011 5929; x_wconf 62' lang='lat' dir='ltr'><strong>(Socr.</strong></span> <span class='ocrx_word' id='word_1_788' title='bbox 3049 5864 3144 5917; x_wconf 85' lang='lat' dir='ltr'><strong>lib.</strong></span> <span class='ocrx_word' id='word_1_789' title='bbox 3186 5877 3270 5930; x_wconf 86' lang='grc' dir='ltr'>ιιι,</span> <span class='ocrx_word' id='word_1_790' title='bbox 3298 5880 3418 5933; x_wconf 86' lang='lat' dir='ltr'><strong>cap.</strong></span> <span class='ocrx_word' id='word_1_791' title='bbox 3444 5862 3523 5930; x_wconf 71' lang='lat'><strong>2.)</strong></span> 
     </span>
    </p>
   </div>
  </div>
