3870 6544
150 410 235 475 45ῖ

1032 398 1635 466 ECCLESIASTIC/E
1676 398 2066 462 ΗΙδΤΟῐίΙίΕ
2104 401 2256 461 LIB.
2298 400 2367 461 Χ.

3259 398 3363 459 458

149 516 509 593 κιστὴνήμῶν,
540 514 631 569 ιιαί⁵
655 515 764 585 πρό
785 530 850 583 γε
890 514 1082 569 τούτου
1114 515 1205 569 τὸν
1234 513 1354 567 θεὸν
1382 513 1476 568 τὸν
1513 512 1690 583 μεγαν

1800 513 1996 568 urbem
2041 523 2282 567 vestram
2312 509 2583 571 condidit,
2619 519 2670 561 et
2722 522 2831 576 pra:
2872 522 2938 561 eo
3002 521 3257 576 magnum
3290 517 3371 560 at-

148 616 226 669 τδν
253 609 546 682 ἁγιώτατον
592 606 846 679 Σαράπιν
894 606 1153 673 αἰδεῖσθε,
1179 603 1276 658 τοῦ
1339 602 1522 657 κοινοῦ
1553 601 1685 671 γοῦν

1799 619 1899 674 que
1930 606 2340 660 sanctissimum
2366 605 2526 657 deum
2562 600 2881 668 Serapidem
2921 614 3027 652 non
3072 600 3364 661 veremini.

150 708 278 777 ὑμᾶς
316 704 409 757 καὶ
460 699 803 771 ἀνθρωπίνου
855 699 951 753 καὶ
1005 698 1307 767 πρέποντος
1362 694 1481 758 πῶς
1512 693 1686 755 οὐδεὶς

1790 697 2066 766 quomodo
2096 696 2302 766 publici
2327 694 2625 759 commodi,
2658 692 3023 746 humanitatis
3062 701 3117 745 et
3173 693 3363 745 decori

151 798 341 869 εἰσῆλθε
370 796 556 861 λόγοςς
610 793 911 864 προσθήσω
931 791 1012 858 δέ,
1035 792 1118 845 δτι
1142 793 1237 869 καὶ
1274 790 1433 862 ἡμῶν
1461 804 1476 819 ⁸
1508 787 1603 852 οὒς
1637 788 1685 839 οἰ

1799 786 1996 840 nullam
2035 800 2266 855 prorsus
2319 786 2590 840 rationem
2643 782 2955 837 habuistis?
3013 783 3155 835 addo
3200 784 3368 836 etiam

152 867 253 945 θεοί
275 888 487 951 πάντας.
531 888 589 940 ἐν
624 886 864 957 πρώτοις
891 886 949 940 δὲ
1004 885 1097 938 καὶ
1143 885 1171 937 ό
1201 867 1377 955 ’μέγας
1411 880 1687 952 Σάραπις,

151 983 315 1051 ἄρχειν
344 980 676 1033 ἐδικαίωσαν
712 976 814 1047 τῆς
848 976 1184 1046 οἰκουμένης
1209 990 1225 1007 ·
1257 968 1339 1036 οἷς
1374 970 1588 1042 πρέπον
1624 966 1688 1039 ἦν

149 1078 232 1141 τὴν
256 1070 384 1141 ὑπὲρ
410 1069 519 1122 τῶν
546 1069 891 1148 ἠδικηκότων
918 1067 1064 1137 ὑμᾶς
1098 1064 1337 1137 φυλάξαι
1366 1064 1686 1133 διάγνωσιν.

160 1164 280 1219 Ἀλλ’
302 1163 432 1233 ὀργὴ
461 1161 625 1231 τυχδν
663 1160 795 1224 ῖσως
829 1160 974 1231 ὑμᾶς
1005 1158 1321 1232 ἐξηπάτησε
1358 1158 1453 1211 καὶ
1479 1154 1653 1225 θυμός
1673 1169 1685 1183 ·
1714 1153 1719 1158 ’

149 1259 298 1327 amp
321 1250 411 1310 οὖν
439 1253 601 1308 εἰωθε
636 1257 704 1308 τὰ
722 1253 871 1308 δεινὰ
900 1253 1187 1324 πράττειν,
1208 1251 1308 1312 τὰς
1344 1248 1554 1320 φρένας
1589 1262 1689 1317 με-

151 1346 382 1409 τοικίσας.
406 1340 541 1398 Εἶτα
564 1345 666 1414 τῆς
691 1347 869 1416 ὁρμῆς
900 1343 1341 1408 ἀναστείλαντες,
1369 1341 1486 1404 τοῖς
1512 1355 1693 1409 παρα-

122 1450 127 1455 ’
151 1442 316 1509 χρῆμα
342 1437 795 1508 βεδουλευμένοις
836 1438 1016 1502 καλῶς
1045 1435 1275 1508 ὕστερον
1304 1436 1554 1505 ἐπήγαγε
1593 1432 1692 1502 τὴν

153 1531 488 1602 παρανομίαν.
520 1529 661 1584 Οὐδὲ
684 1528 1016 1601 ⁴ὴιιχύνθητε,
1049 1528 1224 1599 δῆμος
1270 1526 1446 1593 ὄντες,
1486 1525 1693 1593 τολμῇ-

154 1636 229 1674 σαι
280 1618 468 1685 ταῦτα,
527 1620 615 1690 ἐφ’
652 1614 738 1683 οῖς
794 1621 1039 1683 ἐκείνους
1097 1614 1690 1688 ἐμισήσατεδικαίως.

155 1705 327 1761 Εἴπατε
357 1707 468 1777 γάρ
502 1725 617 1778 μοι,
654 1709 792 1781 πρὸς
839 1708 935 1763 τοῦ
966 1709 1303 1780 Σαράπιδος.
1336 1707 1479 1778 ὑπὲρ
1525 1706 1694 1760 ποίων

154 1799 476 1867 ἀδικημάτων
506 1799 887 1871 ἐχαλεπήνατε
919 1799 1211 1870 Γεωργίῳς
1243 1799 1348 1851 Τὸν
1407 1795 1693 1867 μακαριώ-

154 1904 290 1942 τατον
315 1890 721 1958 Κωνστάντιον,
753 1893 929 1963 ἐρεῖτε
956 1892 1248 1964 δήπουθεν,
1276 1892 1358 1945 ὅτι
1393 1890 1517 1945 καθ’
1538 1889 1694 1960 ἡμῶν

155 1980 479 2050 παρώξυνεν*
528 1977 650 2035 εἶτα
706 1984 1008 2054 εἰσήγαγεν
1066 1985 1149 2047 εἰς
1186 1984 1287 2050 τὴν
1336 1983 1492 2054 ἰερὰν
1540 1981 1696 2035 πόλιν

157 2074 523 2143 στρατόπεδον·
568 2076 665 2128 καί
715 2075 1020 2129 κατέλαϐεν
1050 2077 1079 2129 ὁ
1132 2076 1440 2145 στρατηγὸς
1469 2075 1570 2145 τῆς
1602 2075 1696 2127 Δί·

156 2164 329 2231 ’τύπτου
354 2164 418 2217 τδ
440 2164 752 2234 ἁγιώτατον
778 2168 1004 2236 τέμενος
1029 2164 1124 2217 τοῦ
1157 2163 1318 2228 Θεοῦ,
1343 2164 1697 2233 ἀποσυλήσας

156 2257 327 2310 ἐκεῖθεν
390 2258 609 2321 εἰκόνας
650 2258 749 2311 καὶ
795 2257 1129 2329 ἀναθήματα
1180 2258 1280 2312 καὶ
1334 2257 1427 2311 τὸν
1481 2259 1539 2310 ἐν
1586 2260 1697 2316 τοῖς

157 2352 293 2418 ἰεροῑς
341 2351 574 2421 κόσμον,
608 2350 765 2422 ὑμῶν
799 2348 1265 2419 ἀγανακτούντων
1314 2349 1564 2413 εἰκότως,
1605 2349 1698 2402 καὶ

155 2443 480 2513 πειρωμένων
531 2443 768 2514 ἀμύνειν
813 2444 893 2515 τῷ
949 2443 1092 2514 Θεῷ,
1118 2443 1325 2512 μᾶλλον
1352 2441 1410 2498 δὲ
1461 2444 1574 2506 τοῖς
1602 2442 1697 2496 τοῦ

152 2533 263 2587 θεοῦ
295 2536 596 2605 κτήμασιν.
634 2534 693 2588 Ὀ
728 2535 786 2588 δὲ
836 2535 1140 2605 ἐτόλμησεν
1198 2535 1329 2604 ὑμῖν
1383 2533 1698 2604 ἐπιπέμψαι

154 2627 255 2689 τοὺς
279 2626 508 2691 ὁπλίτας
552 2626 757 2691 ἀδίκως
811 2627 908 2683 καὶ
942 2627 1275 2698 παρανόμως
1305 2626 1402 2680 καὶ
1445 2626 1658 2689 ἀσεϐῶς
1681 2641 1695 2656 ο

155 2720 262 2783 ίσως
277 2720 310 2771 Γ
314 2719 548 2791 εὼργιον
591 2720 792 2789 μᾶλλον
814 2719 848 2791 ἢ
881 2720 976 2773 τὸν
1005 2719 1394 2775 Κωνστάντιον
1421 2717 1697 2785 δεδοικὼς,

155 2812 314 2865 ἐαυτὸν
340 2813 789 2883 παρεφύλαττεν,
821 2814 871 2867 εἰ
897 2812 1269 2885 μετριώτερον
1306 2814 1438 2884 ὑμῖν
1478 2812 1576 2866 καὶ
1603 2828 1699 2866 πο-

70 2906 71 2911 “
154 2904 496 2977 λιτικὼτερον,
526 2906 667 2959 ἀλλὰ
697 2907 773 2977 μὴ
801 2905 1279 2978 τυραννικώτερον
1299 2906 1695 2976 προσεφέρετο.

153 2996 345 3051 Τούτων
392 2996 483 3051 οῦν
538 2997 727 3050 ἕνεκεν
790 2998 1140 3069 ὀργιζόμενοι
1193 2998 1271 3070 τῷ
1320 2998 1463 3060 θεοῖς
1515 2995 1697 3067 ἐχθρῷ

153 3088 406 3162 Γεωργίῳ,
455 3090 554 3161 τὴν
618 3091 776 3161 ἰερὰν
826 3091 983 3154 αὖθις
1036 3091 1300 3160 ἐμιάνατε
1335 3090 1512 3152 πόλιν,
1576 3089 1697 3155 ἐξὸν

156 3178 455 3232 ὑποϐάλλειν
482 3179 647 3232 αὑτὸν
677 3181 801 3241 ταῖς
829 3178 940 3233 τῶν
973 3178 1246 3233 δικαστῶν
1278 3177 1505 3248 ψήφοις.
1539 3177 1696 3229 Οὕτω

156 3268 246 3338 γὰρ
260 3269 464 3336 ἐγίνετο
489 3269 557 3323 ἂν
579 3268 641 3322 οὗ
662 3269 844 3337 φόνος,
861 3267 984 3321 οὐδὲ
1011 3269 1333 3338 παρανομία
1356 3268 1417 3320 τὸ
1439 3268 1696 3335 πρᾶγμα,

158 3362 260 3431 δίκη
289 3364 344 3416 δέ
378 3362 646 3435 ἐμμελὴς,
681 3363 826 3432 ὑμᾶς
889 3361 987 3430 μὲν
1014 3361 1227 3425 ἁθώους
1278 3361 1456 3430 πάντη
1493 3360 1699 3429 φυλάτ-

157 3473 321 3521 τουσα,
354 3457 749 3528 τιμωρουμένη
786 3458 889 3524 μὲν
912 3455 1007 3509 τὸν
1040 3454 1236 3509 ἀνίατα
1264 3454 1697 3525 δυσσεδήσαντα,

158 3550 542 3619 σωφρονίζουσα
590 3550 649 3603 δέ
704 3548 834 3613 τοὺς
888 3550 1085 3612 ἄλλους
1145 3549 1380 3615 πάντας,
1439 3550 1556 3603 ὅσοι
1587 3549 1698 3603 τῶν

155 3638 274 3694 θεῶν
293 3642 617 3713 ὀλιγωροῦσι
641 3683 657 3708 ,
693 3643 785 3697 καὶ
812 3644 1038 3713 προσέτι
1068 3641 1166 3705 τὰς
1194 3641 1451 3705 τοιαύτας
1481 3642 1689 3706 πόλεις,

156 3731 232 3786 καὶ
259 3734 376 3798 τοὺς
412 3735 716 3798 ἀνθοῦντας
746 3733 955 3806 δήμους
985 3736 1043 3787 ἐν
1054 3734 1249 3831 ἒύδενὶ
1288 3735 1566 3799 τίθενται,
1596 3734 1699 3804 τῆς

156 3826 343 3881 ἰαυτῶν
399 3829 457 3882 δὲ
518 3828 813 3882 ποιοῦνται
876 3826 1161 3900 πάρεργον
1229 3828 1549 3891 δυναστείας
1604 3826 1702 3897 τὴν

159 3916 260 3971 κατ’
284 3920 501 3973 ἐκείνων
526 3918 811 3991 ὠμότητα.
860 3920 1246 3991 Παραδάλλετε
1281 3919 1464 3973 τοίνυν
1494 3918 1698 3990 ταύτην

160 4011 360 4083 μουτὴν
403 4012 721 4084 ἐπιστολὴν,
761 4007 798 4086 ᾖ
845 4013 1028 4085 μικρῷ
1086 4012 1323 4084 πρόσθεν
1368 4012 1695 4068 ἐπέστειλα’

160 4102 238 4153 καὶ
262 4102 318 4155 τὸ
364 4102 623 4174 διάφορον
679 4105 1102 4174 κατανοήσατε·
1158 4103 1364 4167 πόσους
1397 4102 1497 4174 μὲν
1543 4103 1697 4175 ὑμῶν

158 4192 383 4257 ἐπαίνους
414 4194 658 4265 ἔγραφον
691 4196 849 4249 τότε·
879 4197 1001 4250 νυνὶ
1040 4195 1121 4262 δὲ,
1150 4197 1227 4266 μὰ
1265 4196 1397 4262 τοὺς
1426 4197 1611 4263 θεοὺς,
1642 4197 1699 4251 ό-

159 4285 301 4348 φεῑλω
331 4288 472 4354 ὑμᾶς
501 4289 750 4342 ἐπαινεῖν
773 4329 791 4354 ,
828 4289 891 4341 οὐ
920 4288 1160 4360 δύναμαι
1189 4289 1246 4342 δὲ
1284 4289 1375 4342 διὰ
1396 4288 1496 4361 τὴν
1519 4306 1699 4362 παρα-

160 4378 345 4444 νομίαν.
392 4379 583 4451 Τολμᾷ
632 4379 836 4451 δῆμος,
890 4379 1080 4451 ὥσπερ
1109 4382 1160 4434 οἰ
1192 4381 1376 4446 κύνες,
1404 4381 1700 4450 ἄνθρωπον
1732 4372 1751 4385 ’

159 4474 508 4541 σπαράττεινς
558 4468 695 4527 Εἶτα
747 4475 851 4527 οὐκ
898 4475 1217 4544 αἰσχύνεται
1270 4474 1366 4528 καὶ
1405 4474 1700 4543 φυλάττειν

161 4560 374 4633 καθαρὰς
398 4564 499 4628 τὰς
525 4568 746 4636 χεῖρας,
776 4564 852 4630 ὡς
880 4568 1186 4636 προσάγειν
1218 4565 1356 4636 πρὸς
1382 4566 1508 4629 τοὺς
1538 4567 1696 4630 θεοὺς
1726 4592 1773 4650 υ

161 4653 360 4722 αἱματος
396 4655 1063 4739 καθαρευούσαςςξᾼλλὰ
1111 4655 1390 4729 Γεώργιος
1428 4656 1580 4723 ἄξιος
1630 4653 1697 4727 ἦν

160 4742 236 4795 τοῦ
256 4745 472 4800 τοιαῦτα
507 4747 733 4815 παθεῖν;
769 4749 865 4801 καὶ
895 4746 1104 4802 τούτων
1136 4746 1267 4829 ἴσως
1295 4747 1407 4816 ἐγὼ
1432 4749 1600 4821 φαίην
1631 4750 1709 4804 ἂν

161 4834 350 4905 χείρονα
379 4838 474 4892 καὶ
499 4839 812 4910 πικρότερα
832 4852 849 4871 ’
880 4841 975 4893 καί
1003 4840 1073 4893 δι’
1126 4840 1272 4910 ὑμᾶς
1305 4840 1519 4911 ipsise;
1548 4838 1699 4909 Σύμ-

162 4944 279 4997 ;an
309 4932 402 4985 καὶ
428 4932 615 4997 αὑτός.
665 4933 809 5003 Παρ’
858 4933 1014 5004 ὑμῶν
1049 4934 1128 5001 δέ,
1170 4934 1218 4986 εἰ
1255 4934 1469 5003 λέγοιτο
1515 4934 1696 4997 τοῦτο,

156 5017 314 5073 οόκέτι
360 5022 674 5094 συγχωρῶ·
704 5024 863 5093 νόμοι
918 5025 1026 5094 γὰρ
1082 5024 1222 5080 εἰσὶν
1259 5024 1353 5089 οὓς
1397 5026 1504 5097 χρὴ
1538 5028 1701 5096 τιμᾶ-

159 5106 295 5161 οθαυ
328 5112 569 5179 μάλιστα
617 5114 719 5183 μὲν
759 5114 866 5167 ὑπὸ
921 5117 1145 5171 πάντων
1178 5117 1287 5187 ἰδίᾳ
1319 5121 1415 5171 καὶ
1467 5119 1700 5190 στέργε-

160 5197 264 5252 σθαι
286 5219 301 5233 ο
327 5205 464 5275 πλὴν
500 5206 693 5276 ἐπειδὴ
730 5207 1025 5277 συμϐαίνει
1054 5208 1161 5263 τῶν
1187 5209 1525 5263 καθέκαστόν
1548 5226 1701 5273 τινας

150 5299 491 5364 ,παρανομεῖη
542 5298 682 5351 ἀλλὰ
709 5299 777 5352 τὰ
819 5300 977 5353 κοινὰ
1006 5299 1138 5368 γοῦν
1168 5301 1517 5369 εὐνομεῖσθαι
1566 5301 1696 5372 χρὴ.

159 5382 236 5434 καὶ
261 5388 571 5461 πειθαρχεῖν
598 5394 712 5455 τοῖς
751 5393 941 5462 νόμοις
971 5395 1139 5464 ὑμᾶς,
1170 5394 1265 5448 καὶ
1312 5394 1388 5464 μὴ
1424 5395 1699 5465 παραϐαί-

158 5488 252 5527 νειν
277 5479 481 5553 ὅσαπερ
513 5481 575 5548 ἐξ
612 5484 789 5556 ἀρχῆς
842 5486 1107 5557 ἐνομίσοη
1159 5487 1363 5550 καλῶς.
1401 5487 1699 5559 [εὐτύχημα

159 5571 351 5633 γέγονεν
381 5576 534 5646 ὑμῖν,
561 5576 758 5648 ἄνδρες
790 5576 1192 5648 Ἀλεξανδρεῖς,
1227 5578 1314 5631 ἐπ’
1352 5577 1489 5648 ἐμοῦ
1518 5579 1700 5648 πλημ-

163 5660 364 5732 μελῆσαι
414 5667 629 5722 τοιοῦτό
662 5682 753 5721 τι·
792 5669 853 5733 ὃς
909 5670 1050 5723 αἰδοῖ
1082 5673 1148 5742 τῇ
1210 5670 1350 5743 πρὸς
1400 5671 1493 5725 τδν
1540 5670 1696 5736 Θεὸν,

161 5751 239 5802 nl
265 5753 344 5808 διὰ
372 5758 460 5811 τὸν
482 5758 626 5811 θεῖον
655 5761 749 5813 τὸν
785 5760 918 5831 ἐμὸν
954 5763 1051 5814 καί
1080 5760 1397 5832 ὁμώνυμον.
1427 5762 1486 5828 ὃς
1529 5758 1697 5835 ἦρξεν

169 5841 313 5915 αὐτῆς
341 5866 398 5903 τε
425 5850 708 5917 Αἰγύπτου
734 5852 953 5923 καὶτῆς
980 5854 1258 5924 ὑμετέοας
1287 5854 1520 5925 πόλεως,
1542 5857 1697 5913 ἁδελ-

370 5946 641 6011 ΡΑτιιοι..
672 5952 789 6013 Gn.
822 5948 918 6011 CX
933 5948 1053 6019 LVI

1794 880 2017 936 nostri?
2051 894 2191 949 quos
2226 879 2302 931 dii
2333 892 2551 940 omnes,
2605 878 2660 931 in
2720 876 2913 945 primis
2960 889 3092 928 vero
3137 890 3370 945 magnus

1795 970 2042 1041 Serapis,
2078 974 2354 1041 imperare
2381 970 2480 1022 toti
2515 968 2636 1021 orbi
2684 969 2996 1021 voluerunt.
3057 967 3371 1021 Conveniec
3404 966 3409 971 ’

1794 1064 1889 1118 bat
1918 1074 2090 1126 certe,
2131 1063 2488 1133 utjudiciuni
2519 1061 2584 1116 de
2641 1062 2709 1116 iis
2755 1061 2846 1128 qui
2901 1061 3159 1131 injuriatn
3212 1061 3370 1115 vobis

1796 1158 2061 1222 intulere,
2103 1156 2268 1211 nobis
2302 1166 2707 1210 reservaretur.
2762 1156 2867 1209 Sed
2910 1157 2987 1209 ira
3031 1156 3273 1211 fortasse
3313 1170 3373 1211 et

1794 1248 1949 1302 furor
1994 1263 2099 1309 vos
2144 1246 2411 1318 decepit:
2446 1233 2541 1316 qui
2590 1263 2722 1301 sane
2764 1257 3004 1301 mentem
3051 1248 3374 1301 hominibus

1794 1340 2081 1403 auferens,
2128 1340 2317 1411 gravia
2349 1340 2493 1393 solet
2531 1339 2832 1394 admittere
2880 1339 3106 1411 flagitia.
3165 1340 3373 1394 Deinde

1796 1446 1983 1486 autem
2011 1432 2221 1504 impetu
2253 1430 2469 1495 sedato,
2512 1431 2772 1494 consilio,
2821 1437 2968 1501 quod
3003 1430 3188 1486 subito
3223 1442 3373 1485 recte

1795 1524 1953 1579 vobis
1981 1533 2204 1594 captum
2241 1532 2386 1590 erat,
2439 1538 2565 1577 mox
2621 1538 2719 1593 per
2748 1533 3127 1596 contemptum
3166 1524 3373 1594 legmn,

1798 1616 1908 1669 vim
1956 1614 2236 1685 publicam
2273 1614 2557 1684 adjeeistis
2588 1633 2602 1670 :
2637 1631 2813 1687 neque
2857 1633 2976 1682 vos,
3024 1618 3115 1688 qui
3184 1619 3374 1688 pepuli

1800 1706 2025 1761 nomine
2070 1706 2403 1767 eensemini,
2459 1722 2523 1761 ea
2561 1718 2774 1764 tentare
2823 1718 2880 1763 et
2922 1709 3104 1765 facere
3152 1709 3374 1779 puduit,

1797 1813 1922 1867 qua:
1959 1798 2012 1853 in
2073 1798 2180 1852 illis
2238 1809 2385 1852 recte
2438 1799 2877 1868 reprehendistis
2930 1811 3096 1871 atque
3149 1801 3370 1856 odistis.

1804 1891 1977 1946 Dicite
2014 1906 2253 1960 namque
2290 1891 2444 1955 mihi,
2484 1907 2580 1960 per
2624 1892 2969 1960 Serapidem.
3011 1909 3260 1963 quantum
3304 1894 3377 1947 ob

1800 1980 1999 2034 delicta
2025 1980 2261 2050 Georgio
2293 1983 2696 2037 suecensuistis
2719 1984 2741 2035 ?
2766 1981 3178 2046 Beatissimum,
3220 1986 3373 2037 vide-

1798 2071 1962 2137 licet,
2019 2074 2260 2138 dicetis,
2320 2072 2708 2128 Coustantiutu
2777 2075 2831 2128 in
2893 2090 2996 2129 nos
3052 2080 3375 2138 commovit,

1799 2163 2006 2220 deinde
2045 2166 2098 2219 in
2145 2165 2338 2218 urbem
2385 2179 2600 2220 sacram
2647 2168 2955 2223 exercitum
3013 2170 3264 2235 induxit;
3321 2181 3380 2225 et

1808 2257 2034 2329 A‘Igypti
2101 2257 2418 2327 praefectus,
2476 2258 2571 2314 ubi
2636 2261 3049 2315 sanetissimum
3100 2263 3195 2317 Dei
3237 2273 3378 2317 teut-

1803 2349 1950 2418 plum
1984 2348 2207 2410 invasit.
2276 2350 2562 2419 imagines,
2616 2352 2867 2417 donaria,
2918 2363 2975 2407 et
3022 2369 3239 2408 sacrum
3290 2370 3383 2407 or-

1801 2452 1990 2519 natutn
2052 2440 2303 2511 diripuit,
2361 2441 2518 2496 vobis
2579 2445 2779 2499 merito
2846 2445 3266 2516 indignantibus
3317 2458 3375 2502 et

1804 2532 1976 2586 Deum
2022 2548 2118 2588 seu
2169 2534 2357 2603 potius
2383 2534 2524 2589 bona
2557 2536 2656 2589 Dei
2694 2536 2996 2593 defendere
3033 2540 3374 2595 volentibus.

1800 2624 1980 2694 Atque
2024 2626 2115 2681 ille
2167 2637 2410 2682 armatos
2469 2628 2524 2682 in
2582 2645 2682 2685 vos
2736 2630 2946 2700 inique,
3006 2633 3291 2703 illegitime
3322 2645 3379 2690 et

1801 2716 1971 2785 impie
2020 2718 2316 2773 immittere
2372 2728 2459 2775 est
2509 2735 2721 2785 ausus,
2787 2722 3028 2778 fortasse
3076 2724 3375 2797 Georgium

1804 2809 1977 2876 magis
2022 2824 2188 2879 quam
2223 2809 2614 2865 Constantium
2664 2822 2922 2869 metuens
2971 2831 2986 2869 :
3033 2816 3126 2880 qni
3179 2818 3379 2873 melius

1799 2900 2013 2968 sibiipsi
2066 2900 2473 2967 consuluisset,
2534 2902 2580 2956 si
2633 2902 2920 2959 moderate
2975 2906 3261 2961 vobiscum
3316 2921 3374 2963 et

1798 2993 2060 3058 civiliter,
2092 3008 2196 3048 nec
2228 3006 2334 3047 tam
2364 2998 2651 3066 tyranuice
2681 2998 2907 3067 egisset.
2953 3001 3056 3069 21
3118 3000 3375 3057 Sedeniin

1798 3100 1894 3140 eas
1931 3086 2003 3140 ob
2048 3086 2282 3158 injurias
2329 3089 2561 3142 deorum
2630 3090 2776 3145 hosti
2842 3092 3081 3163 Georgio
3146 3096 3373 3159 infensi,

1801 3193 2017 3233 sacram
2066 3178 2285 3249 piaculo
2323 3180 2750 3237 contaminastis
2798 3184 3014 3248 urbem,
3064 3202 3188 3239 eum
3224 3188 3377 3243 illum

1798 3272 2046 3342 judicum
2076 3273 2306 3327 calculis
2335 3275 2610 3345 subjicere
2636 3279 2954 3345 potueritis.
2982 3280 3073 3334 Sic
3104 3284 3250 3335 enim
3286 3297 3376 3339 res

1801 3380 1866 3421 ea
1899 3380 2009 3418 non
2043 3365 2245 3428 cmdcs,
2276 3383 2450 3437 neque
2476 3369 2654 3438 legum
2675 3372 2922 3436 violatio,
2948 3373 3041 3426 sed
3073 3376 3379 3446 legitimum

1801 3457 1996 3514 fuisset
2050 3460 2326 3530 judicium
2381 3479 2396 3515 :
2448 3463 2597 3531 quod
2674 3480 2769 3519 vos
2824 3467 3048 3535 quidem
3111 3470 3382 3526 innocuos

1801 3565 2214 3617 conservasset,
2254 3554 2409 3607 illum
2458 3567 2642 3610 autem
2693 3558 3073 3630 qui\maxima
3106 3566 3383 3620 commisit

1799 3645 2074 3711 facinora,
2120 3649 2497 3709 coercuisset,
2552 3662 2714 3719 atque
2759 3666 2951 3706 omnes
3004 3666 3268 3721 pratterea
3314 3660 3383 3714 ad

1800 3739 2086 3793 meliorem
2154 3740 2365 3810 frugem
2438 3741 2781 3807 reduxisset,
2849 3744 2941 3814 qui
3006 3748 3139 3803 deos
3188 3760 3383 3804 route-

1801 3840 2022 3893 mnunt,
2052 3840 2107 3886 et
2138 3840 2319 3886 tantas
2356 3835 2519 3887 urbes
2551 3838 2896 3907 populosque
2930 3839 3193 3896 florentes
3225 3842 3381 3897 nihili

1798 3922 2029 3985 faciunt,
2081 3926 2454 3993 potestatique
2525 3945 2660 3991 suae,
2704 3930 2973 3985 adversus
3004 3934 3174 3988 .illos
3220 3953 3377 3990 seve—

1800 4014 2055 4080 ritatem,
2130 4018 2357 4085 perimle
2415 4027 2583 4089 atque
2641 4024 3016 4080 accessionem
3077 4031 3377 4098 quamdam

1801 4108 2092 4180 adjiciunt.
2150 4110 2412 4187 Conferte
2477 4112 2620 4168 hanc
2682 4132 2807 4170 cum
2867 4133 2931 4171 ea
2994 4135 3158 4189 quam
3214 4130 3381 4193 pauto

1802 4208 1940 4255 ante
1985 4201 2052 4254 ad
2092 4215 2188 4255 vos
2235 4202 2362 4256 dedi
2412 4205 2672 4272 epistola,
2721 4219 2776 4261 et
2821 4220 3090 4277 quantum
3140 4212 3285 4268 inter
3322 4234 3380 4272 se

1800 4288 2422 4359 difl‘erantcognosrite.
2457 4298 2605 4358 Quas
2629 4298 2778 4349 enim
2810 4305 2923 4351 tum
2959 4301 3027 4354 ad
3061 4318 3159 4357 vos
3186 4305 3384 4365 laudes

1801 4379 2041 4450 scripsi?
2076 4379 2234 4435 Nune
2256 4397 2417 4448 vero,
2451 4400 2551 4453 per
2580 4388 2714 4442 deos
2746 4386 2894 4456 ipsos
2915 4390 3064 4460 juro,
3096 4391 3381 4451 laudarem

1802 4472 2030 4541 quidem
2072 4487 2171 4527 vos
2229 4473 2495 4541 libenter,
2557 4478 2736 4533 facere
2796 4480 2852 4535 id
2910 4494 3093 4537 autem
3156 4497 3384 4557 propter

1801 4562 1955 4633 leges
1981 4563 2216 4619 violatas
2245 4582 2489 4636 nequeo.
2527 4569 2782 4626 Audetne
2824 4575 3086 4643 populus,
3125 4589 3183 4632 ut
3215 4597 3383 4636 canes

1801 4656 2002 4719 solent,
2051 4655 2336 4711 hominem
2377 4659 2741 4731 discerpere?
2792 4664 2999 4723 Deinde
3040 4669 3196 4724 illum
3248 4674 3374 4742 ejus

1803 4748 1880 4802 rei
1918 4747 2059 4802 nihil
2105 4750 2297 4819 pudet,
2356 4767 2541 4823 neque
2598 4771 2769 4826 puras
2812 4774 3012 4816 manus
3046 4778 3383 4819 conservare

1801 4849 1984 4903 curat,
2042 4850 2101 4895 ut
2151 4857 2248 4897 eas
2298 4844 2511 4916 absque
2564 4849 2852 4920 sanguinis
2908 4855 3382 4912 contaminatiuue

1802 4932 2070 4988 innocuas
2111 4935 2179 4989 ad
2231 4935 2367 4992 deos
2423 4941 2650 4994 tendat?
2694 4941 2895 4997 Verum
2945 4945 3236 5019 Georgius,
3284 4952 3377 5021 qui

1802 5025 1931 5079 talia
1981 5036 2288 5095 pateretur,
2339 5031 2541 5101 dignus
2596 5044 2719 5089 erat
2756 5052 2772 5089 :
2805 5038 2917 5093 imo
2968 5041 3223 5109 lurtasse,
3280 5061 3380 5113 ego

1805 5117 2066 5185 dixerim,
2108 5120 2259 5177 hisee
2310 5125 2566 5191 graviora
2613 5135 2671 5181 et
2727 5130 3018 5184 acerbiora
3055 5148 3069 5186 :
3107 5142 3164 5187 et
3198 5148 3379 5191 vestra

1801 5230 1967 5271 causa
2017 5216 2260 5274 dicetis?
2313 5220 2463 5274 Idem
2514 5237 2618 5292 ego
2660 5239 2882 5293 quoque
2925 5226 3049 5280 dico
3086 5247 3101 5282 :
3140 5228 3221 5282 sin
3265 5240 3378 5286 uta

1802 5308 1960 5363 vobis
1995 5309 2113 5365 haec
2144 5321 2453 5381 pateretur,
2504 5316 2725 5379 dicatis,
2779 5317 2832 5371 id
2856 5318 2969 5388 jain
3004 5336 3114 5376 non
3146 5338 3379 5379 conces-

1799 5402 1992 5456 serim.
2040 5402 2210 5473 Leges
2259 5405 2408 5460 enim
2474 5418 2625 5473 sunt,
2674 5422 2798 5479 quae
2845 5411 3046 5468 delicta
3096 5427 3377 5473 coercent.

1803 5494 1873 5548 Et
1930 5495 2171 5550 maxime
2227 5498 2451 5567 quidem
2510 5516 2608 5568 pro
2644 5517 2702 5556 se
2735 5504 2972 5575 quisque
3008 5508 3251 5565 universi
3284 5526 3378 5567 eas

1803 5602 2031 5641 servare
2058 5587 2285 5643 debent.
2318 5589 2385 5644 Et
2411 5593 2667 5659 quamvis
2703 5596 2940 5662 accidat,
2974 5609 3033 5653 ut
3066 5617 3132 5655 ex
3163 5604 3379 5659 civibus

1800 5678 2059 5733 nonnulli
2091 5689 2286 5734 contra
2317 5682 2463 5751 leges
2498 5695 2684 5754 agant,
2732 5691 3045 5759 respublica
3084 5702 3267 5748 tamen
3320 5706 3379 5750 et

1799 5768 2039 5838 populus
2071 5768 2189 5839 ipse
2241 5772 2457 5844 legibus
2493 5779 2606 5848 regi
2666 5789 2725 5835 et
2760 5783 3251 5840 constitutionibus
3280 5803 3379 5856 pa~

1801 5874 1944 5930 rere,
1976 5877 2157 5933 neque
2190 5880 2312 5935 quae
2339 5867 2410 5924 ab
2445 5868 2607 5925 initio
2648 5886 2797 5929 recte
2834 5884 3039 5930 statuta
3073 5887 3226 5945 sunt,
3258 5880 3377 5932 vio-

2870 5971 2936 6030 15
