3814 6544
495 402 602 464 463

1724 399 2139 460 NICEPIIORI
2181 400 2527 462 CALLISTI

3577 426 3652 492 ίῦί

496 516 774 571 danmarit
830 521 995 583 atque
1061 510 1292 581 necarit,
1356 514 1406 566 id
1461 513 1789 568 humanitati
1832 529 1946 569 suae
1976 528 2064 569 ac-

2174 512 2402 566 τιλείστα
2434 514 2527 568 καὶ
2580 515 2818 585 μέγιστα
2854 521 3051 586 αὐτούς
3082 537 3139 574 τε
3176 521 3441 591 ἠδίκησαν,
3488 535 3563 586 καὶ
3597 543 3653 598 εἰς

494 615 656 673 cepto
701 605 872 657 latum
924 601 1119 658 voluit.
1174 600 1390 672 Objecit
1443 612 1625 657 autem
1656 602 2057 658 criminisloco

494 697 617 749 viro
665 696 738 760 ei,
797 694 945 764 quod
1004 709 1071 749 ex
1118 695 1329 751 Gazmis
1373 693 1641 765 quosdam
1686 694 2060 751 seditionis‘et

495 787 660 843 credis
689 789 810 860 ejus
856 796 1111 863 auctores
1153 787 1585 857 comprehensos
1620 787 1832 843 carceri
1879 788 2060 843 inclu-
2102 828 2105 829 ν

2164 606 2324 670 θεοὺς
2353 607 2683 678 ἐξήμαρτον,
2709 614 2778 667 τά
2820 616 2883 668 ἐκ
2932 615 3167 668 παλαιοῦ
3195 618 3369 671 αὐτῶν
3401 622 3655 695 καθελόντες

2164 694 2389 763 τεμένη,
2452 695 2678 763 δικαίως
2724 700 3035 773 ἠμύναντο;
3070 705 3177 757 Καὶ
3207 705 3271 758 τὰ
3304 707 3394 775 μὲν
3439 711 3558 768 οὕτω
3578 694 3657 773 διε.

2169 788 2197 842 θ
2209 790 2474 860 ρυλλεϊτο.

494 882 683 961 sisset,
725 897 915 951 poenas
942 881 1015 939 ab
1043 895 1111 937 eo
1133 882 1347 953 legibus
1381 896 1637 952 poscens.
1682 900 1700 933 ι
1730 879 1873 948 Quid
1906 881 2054 938 enim
2095 882 2369 950 criminis,
2435 885 2637 956 inquit,
2714 887 3079 951 admiserunt,
3130 890 3173 944 si
3224 907 3414 962 paucos
3457 897 3657 957 (13mm

486 976 563 1029 ob
595 975 863 1046 plurimas
916 976 1382 1047 gravissimasque
1428 974 1498 1029 ab
1544 975 1626 1029 eis
1680 983 1935 1044 acceptas
2011 975 2262 1046 injurias,
2336 978 2408 1033 ob
2476 980 2710 1037 violatos
2738 982 2895 1047 deos,
2929 993 2985 1038 et
3018 994 3233 1040 vetusta
3269 1001 3445 1044 eorum
3502 998 3658 1065 templa

488 1084 705 1131 eversa,
736 1067 977 1140 legitima
1020 1067 1264 1123 vindicta
1299 1076 1426 1123 sunt
1483 1068 1630 1123 ulti?
1659 1087 1676 1120 ι
1716 1067 1895 1137 Atque
1945 1068 2059 1123 haec
2095 1070 2319 1139 quidem
2359 1072 2431 1126 ita
2467 1082 2596 1128 sunt
2618 1075 2847 1146 jactata.

564 1164 642 1220 Eo
670 1180 804 1220 vero
833 1174 1083 1234 tempore
1111 1173 1166 1220 et
1191 1163 1439 1219 Hilarion
1470 1148 1560 1219 ille
1590 1165 1734 1219 inter
1754 1164 2060 1239 pronaclios

489 1256 814 1323 praeclarus,
847 1270 876 1308 a
903 1253 1113 1310 Gazais
1151 1255 1216 1311 ad
1249 1255 1451 1310 caedem
1484 1255 1769 1326 quaasitus,
1824 1257 1881 1311 in
1910 1254 2054 1310 Sici-

490 1346 618 1399 liam
655 1345 919 1400 abiit:ct
972 1345 1115 1415 ligna
1177 1346 1425 1400 humeris
1481 1346 1599 1400 suis
1648 1361 1713 1400 ex
1775 1347 2057 1402 montibus

491 1440 545 1492 in
602 1437 790 1490 urbem
851 1435 1086 1489 vicinam
1138 1436 1346 1500 ferens,
1402 1452 1464 1490 ea
1520 1437 1790 1499 vendidit.
1849 1447 1904 1491 et
1932 1437 2056 1491 inde

492 1530 656 1579 vitam
696 1526 973 1581 toleravit.
1012 1527 1287 1582 Caeterum
1322 1542 1352 1579 a
1385 1527 1505 1580 viro
1538 1528 1802 1596 quodam,
1835 1529 1929 1597 qui
1968 1528 2059 1581 ad-

2236 1167 2371 1221 Τότε
2404 1166 2469 1240 δὴ
2500 1170 2854 1242 καὶἹλαρίων
2883 1173 2912 1226 ό
2944 1173 3292 1245 περιώνυμος
3321 1176 3373 1228 ἐν
3401 1182 3658 1249 μονάζουσι,

2166 1259 2305 1329 πρὸς
2332 1259 2441 1315 τῶν
2496 1261 2746 1328 Γαζαίων
2798 1263 3258 1334 ἐπιζητούμενος,
3309 1246 3436 1338 πρδς
3471 1246 3663 1328 Σικελίαν

2162 1350 2347 1422 άπῆρε
2367 1368 2383 1383 ·
2417 1352 2514 1407 καὶ
2545 1353 2678 1419 ξύλα
2698 1358 2811 1419 τοῖς
2837 1354 3010 1434 ᾦμοις
3051 1358 3116 1410 ἐκ
3143 1358 3252 1411 τῶν
3282 1358 3444 1429 ὀρέων
3467 1366 3525 1434 τῇ
3552 1369 3665 1421 πόλει

2164 1443 2428 1512 κομίξων,
2466 1445 2746 1509 διεπώλει,
2780 1432 2875 1502 καὶ
2908 1450 2969 1502 τὸ
3016 1449 3121 1521 ζῇν
3147 1450 3445 1522 ἐπορίζετο.
3473 1432 3591 1510 ’Ῠπό
3618 1477 3664 1528 γε

2164 1536 2277 1605 μὴν
2305 1538 2600 1607 ἐπισήμως
2650 1537 3024 1607 δαιμονῶντος
3060 1539 3254 1610 ἀνδρὸς
3294 1548 3666 1615 καταφωραθεὶς,

492 1618 716 1672 modum
753 1617 1041 1673 daemoniis
1074 1618 1407 1686 exagitatus,
1438 1633 1499 1672 ea
1546 1618 1701 1688 plaga
1740 1635 1837 1689 per
1875 1620 2054 1689 ipsum

2174 1628 2235 1692 bc
2258 1627 2578 1695 ἀπαλλάξας
2607 1631 2815 1685 ἐκεῖνον
2853 1631 2952 1702 τῆς
2987 1632 3278 1703 μάστιγος,
3298 1635 3374 1698 είς
3411 1637 3668 1708 Δαλματίαν

488 1712 766 1765 liberatus
822 1711 1025 1775 fuerat,
1088 1711 1393 1773 indicatus.
1449 1711 1501 1766 in
1544 1712 1866 1767 Dalmatiam
1925 1728 2057 1783 pro-

490 1805 674 1857 fectus
713 1812 799 1857 est
836 1821 849 1856 :
885 1802 978 1856 ubi
1008 1818 1131 1856 cum
1163 1802 1332 1857 multa
1359 1802 1526 1857 etiam
1577 1803 1841 1860 edidisset
1886 1805 2056 1859 mira-
2094 1826 2134 1880 ιι

490 1897 637 1959 ulla,
668 1906 722 1949 et
752 1911 901 1949 amre
934 1904 1100 1948 :estus
1136 1910 1330 1967 magno
1372 1896 1582 1964 impetu
1633 1903 1836 1951 terram
1894 1897 2061 1951 inun-

493 1991 625 2044 dare
649 1989 874 2044 solitum
901 1989 1153 2042 oratione
1187 1987 1475 2055 vinxisset,
1510 1989 1639 2044 inde
1665 2005 1860 2045 rursus
1882 1989 2020 2059 abiit
2044 2004 2069 2046 :‘

491 2095 672 2153 neque
719 2080 867 2134 enim
925 2079 1167 2133 libenter
1218 2079 1364 2150 apud
1399 2095 1495 2135 eos
1533 2080 1625 2149 qui
1655 2096 1715 2137 se
1745 2083 2060 2147 laudarent,

493 2172 751 2243 degebat.
788 2171 845 2225 In
877 2171 1179 2240 primisque
1214 2170 1398 2225 studio
1449 2172 1706 2237 habebat,
1755 2184 1814 2228 ut
1856 2174 2062 2246 migra-

490 2266 645 2319 tione
697 2262 891 2318 crebra
959 2262 1250 2316 obscurior
1310 2272 1479 2329 esset,
1537 2273 1593 2318 et
1649 2267 2061 2336 quamprimum

493 2353 683 2421 opinio
736 2361 792 2407 et
839 2352 1014 2421 gloria
1064 2353 1132 2405 de
1187 2368 1253 2407 eo
1288 2353 1525 2408 excitata
1558 2354 1922 2411 dilaberetur.
1960 2359 2064 2413 Po-

492 2459 701 2500 stremo
750 2455 934 2500 autem
991 2447 1278 2513 permultis
1327 2446 1400 2502 ob
1458 2462 1578 2501 eam
1632 2464 1756 2518 qua:
1801 2449 1945 2505 dicta
1980 2460 2065 2507 est

493 2552 712 2591 causam
743 2536 1051 2607 peragratis
1100 2537 1256 2603 locis,
1299 2536 1538 2607 Cyprum
1574 2542 2061 2611 praeternavigans,

490 2629 740 2698 Paphum
775 2631 1049 2699 pervenit,
1100 2638 1156 2685 et
1201 2646 1228 2682 a
1258 2629 1459 2701 Cyprio
1489 2631 1608 2701 ejus
1641 2634 1906 2702 temporis
1942 2634 2064 2704 epi-

494 2733 661 2788 seopo
717 2717 1019 2781 inritatus,
1079 2719 1226 2772 circa
1283 2719 1612 2790 (Jharybrim
1651 2721 1728 2792 (ί)
1761 2723 1857 2790 (ita
1908 2723 2060 2779 enim

495 2811 650 2863 locus
674 2806 1109 2875 nominabatur),
1151 2807 1299 2877 quod
1353 2823 1421 2862 eo
1465 2807 1859 2876 delectaretur,
1896 2812 2066 2883 perli-

496 2907 692 2956 benter
737 2901 813 2956 ibi
857 2910 1113 2956 versatus
1146 2910 1251 2965 est,
1312 2904 1633 2960 monasticae
1671 2904 2061 2977 philosophiae,

494 2996 567 3048 ita
602 3002 660 3048 ut
686 3009 784 3063 par
808 3001 948 3058 erat,
984 3008 1204 3048 vacans.
1243 2993 1549 3060 Quominus
1579 3005 1763 3053 autem
1800 3001 2064 3071 martyrio

494 3087 565 3138 sit
611 3083 855 3147 functus,
908 3084 1033 3154 fuga
1067 3084 1122 3138 in
1155 3098 1323 3139 causa
1358 3084 1484 3140 fuit.
1549 3086 1700 3159 Fuga
1755 3103 1889 3144 vero
1927 3098 2061 3147 usus

493 3186 621 3241 est,
677 3186 955 3246 quatenus
1014 3176 1260 3231 divinum
1317 3178 1604 3234 oraculum
1674 3177 2135 3249 persecutoresC

2157 1714 2286 1791 ἦκε.
2317 1720 2497 1775 Πολλὰ
2539 1721 2597 1776 δέ
2648 1722 2872 1777 κάκεῖσε
2911 1725 3168 1796 θαύματα
3219 1726 3589 1799 ἐργασάμενος.
3614 1734 3669 1796 ὡς

2160 1811 2296 1882 εύχῇ
2331 1812 2571 1883 πεδῆσαι
2600 1814 2701 1886 τὴν
2753 1816 3060 1881 Θάλασσαν,
3089 1818 3150 1882 ἐξ
3183 1817 3574 1891 ὑπονοστήσεως
3594 1840 3665 1875 και

2163 1902 2435 1958 τακλύσαι
2467 1906 2566 1976 τὴν
2606 1906 2778 1979 ξηρὰν
2815 1908 2995 1979 ὁρμῆς
3024 1909 3283 1980 ἔχουσαν,
3317 1910 3514 1965 ἐκεῖθεν
3548 1915 3669 1969 πάλιν

2167 2002 2484 2069 μεταχωρεῖ
2513 2013 2528 2027 ⁸
2557 2002 2617 2054 ού
2648 2003 2759 2071 γὰρ
2790 2001 2986 2073 ἐκείνῳ
3029 2002 3182 2070 φίλον
3224 2004 3378 2075 παρὰ
3407 2008 3510 2067 τοῖς
3550 2008 3670 2060 ἐπαιο

2164 2087 2350 2141 νοῦσιν
2411 2088 2559 2160 ἔχειν
2611 2092 2921 2163 διατριϐήν.
2978 2093 3312 2158 Ἐσπούδαζε
3362 2096 3464 2166 γὰρ
3510 2098 3673 2168 ἀφανὴς

2166 2174 2310 2235 εἶναι
2346 2184 2465 2246 ταῖς
2489 2183 2882 2252 μεταϐάσεσιν,
2915 2185 3057 2239 ὥστε
3092 2186 3331 2257 τάχιστα
3367 2187 3583 2241 διαλύειν
3606 2193 3675 2257 τὴν
3772 2182 3773 2193 “

2164 2287 2233 2323 πε
2244 2273 2297 2340 pi.
2315 2272 2481 2326 αὐτοῦ
2507 2275 2834 2330 ἐπισυνιστα
2842 2277 3011 2349 μένην
3027 2277 3211 2342 δόξαν.
3239 2278 3405 2342 Τέλος
3424 2279 3477 2332 δέ
3496 2282 3675 2345 πολλοὺς
3772 2264 3773 2269 Ἴ

2167 2365 2484 2429 μετοικίσας
2522 2366 2725 2430 τόπους
2758 2366 2829 2422 δι’
2855 2368 3004 2439 ἆπερ
3036 2372 3372 2440 είρήκαμεν,
3401 2372 3674 2440 παραὴλέων
3772 2410 3773 2447 1

2165 2455 2258 2507 καὶ
2286 2455 2533 2527 Κύπρον,
2565 2460 2646 2522 είς
2700 2460 2888 2529 Πάφον
2920 2460 3165 2531 κατῆρε·
3196 2463 3298 2515 καὶ
3327 2463 3472 2533 παρὰ
3508 2463 3585 2516 τοῦ
3609 2481 3678 2534 τη·

2166 2541 2352 2594 νικάδε
2375 2543 2646 2615 Κυπρίων
2681 2545 2846 2617 ίερῶς
2876 2548 3188 2619 ἡγουμένου
3216 2550 3563 2621 προτραπεὶς,
3586 2553 3679 2619 περὶ

2169 2633 2455 2707 Χάρυϐριν
2503 2638 2703 2710 (χῶρος
2757 2640 2903 2695 οὕτω
2949 2641 3255 2713 καλεῖται),
3311 2642 3583 2714 ἀγαπήσας
3615 2644 3681 2695 τὶν

2165 2725 2352 2792 τόπον,
2408 2728 2574 2799 φίλην
2619 2733 2860 2786 ἐποιεῖτο
2915 2732 3225 2804 διατριϐὴν,
3289 2735 3575 2803 φιλοσοφῶν
3627 2736 3681 2793 ὡς

2166 2818 2335 2882 είκός.
2364 2820 2473 2873 Καὶ
2494 2821 2555 2874 τὸ
2586 2823 2663 2893 μὴ
2695 2822 2953 2895 μάρτυρα
2974 2824 3230 2892 γενέσθαι
3262 2824 3356 2878 τὸν
3380 2825 3536 2894 ἄνδρα
3550 2825 3680 2877 αἴτιον

2165 2911 2393 2979 γέγονεν
2423 2913 2456 2983 ἡ
2498 2917 2668 2984 φυγή.
2699 2915 2912 2985 Ἐφυγε
2956 2916 3037 2981 δέ,
3072 2917 3269 2972 καθότι
3300 2918 3439 2980 θεῖός
3463 2917 3565 2969 ἐστι
3583 2934 3682 2987 χρη-

2166 3003 2303 3074 σμὸς
2326 3005 2753 3078 ἀποδιδράσκειν
2779 3008 2907 3072 τοὺς
2933 3009 3235 3075 διώκοντας
3258 3028 3274 3041 ·
3303 3013 3351 3065 εί
3374 3012 3430 3066 δὲ
3455 3012 3683 3081 ληφθεῐεν,

2164 3095 2431 3163 γενναίως
2450 3098 2729 3164 ἵστασθαι,
2756 3100 2852 3153 καὶ
2871 3101 3156 3172 κρείττους
3173 3104 3279 3174 τῆς
3303 3104 3411 3157 τῶν
3427 3103 3681 3157 διωκόντων

2168 3188 2414 3259 ἀνάγκης
2450 3192 2837 3246 καθίστασθαι.

497 3269 787 3339 fugiendos
813 3270 1239 3371 esse-permittit
1271 3288 1285 3326 :
1321 3279 1378 3326 at
1436 3272 1482 3327 si
1510 3272 1656 3371 _quis
1693 3276 2227 3350 comprehendatur,
2293 3289 2356 3339 ut
2413 3284 2635 3342 fortiter
2701 3289 2997 3358 consistat,
3026 3298 3083 3346 et
3112 3291 3553 3361 persequentium
3605 3298 3687 3343 lor-

498 3372 686 3417 menta
717 3374 774 3417 et
808 3361 1078 3431 supplicia
1104 3358 1371 3433 generose
1407 3363 1670 3431 perferat,
1700 3381 1839 3436 Opus
1869 3378 1998 3441 est.,

1031 3506 1136 3578 25
1182 3504 1412 3564 CAPUT
1453 3508 1542 3565 Ix.

504 3601 579 3653 De
599 3598 994 3671 cqlamitatibus
1039 3598 1369 3671 irLthrtice
1407 3608 1456 3653 et
1501 3600 1762 3671 HeliOpoli
1797 3613 1846 3658 et
1879 3604 2071 3663 Emesa

575 3670 813 3724 toleratis
844 3678 944 3739 {et
970 3672 1032 3722 de
1058 3668 1387 3739 zEmyliano,
1418 3679 1468 3723 et
1501 3668 1782 3739 Doroiheo,
1816 3684 1866 3729 et
1891 3675 2072 3731 Domi-

572 3742 740 3803 tiano,
770 3749 818 3794 et
853 3737 1037 3807 Marco
1064 3737 1461 3794 Arethusiarum
1496 3742 1757 3812 episcopo.

574 3918 833 3974 Sedenim
896 3932 1005 3972 non
1072 3916 1216 3988 apud
1250 3917 1399 3973 solos
1430 3917 1835 3976 Alexandrinos
1864 3929 1921 3976 et
1957 3920 2068 3977 Ga-

503 4025 644 4064 mes
674 4009 746 4062 ita
793 4010 844 4062 in
889 4024 989 4063 nos
1019 4010 1292 4073 servitum,
1320 4024 1512 4063 verum
1554 4012 1722 4065 etiam
1769 4009 2067 4083 Heliopoli,

499 4102 569 4155 ad
622 4101 893 4155 Libanum
943 4102 997 4155 in
1042 4101 1304 4156 Phreniee
1348 4102 1474 4168 sita,
1502 4110 1559 4156 et
1599 4102 1889 4161 Arethusae
1923 4106 2068 4177 apud

503 4197 694 4265 Syros,
728 4194 881 4250 hisce
906 4195 1184 4249 deteriora
1214 4204 1380 4285 atque
1407 4194 1718 4250 crudeliora
1749 4205 1878 4252 sunt
1903 4196 2066 4254 facta.

501 4290 632 4356 Quae
668 4290 836 4353 urbes
876 4303 975 4357 per
1010 4286 1365 4342 credulitatis
1399 4303 1628 4344 summa:
1657 4291 2066 4347 contentionem

482 4366 555 4433 id
588 4392 775 4449 egere,
813 4386 873 4433 ut
899 4374 1177 4432 secundas
1219 4386 1424 4445 partes,
1464 4391 1588 4447 qua:
1621 4376 1753 4431 alibi
1784 4376 2070 4448 designata

496 4479 719 4535 essent,
778 4468 990 4523 habere
1039 4480 1428 4536 arguerentur.
1484 4467 1871 4540 lleliopolitani
1923 4473 2068 4526 enim

502 4559 674 4630 (quod
723 4559 948 4629 quidem
985 4558 1311 4614 incredibile
1361 4560 1510 4615 dictu
1550 4569 1718 4627 esset,
1752 4563 1858 4617 nisi
1888 4562 1958 4617 ab
1985 4562 2067 4619 eis

503 4654 599 4722 qui
648 4660 765 4706 tum
794 4652 871 4705 rei
926 4661 1089 4721 gestae
1120 4648 1369 4715 adfuere,
1406 4651 1472 4705 ad
1506 4666 1606 4706 nos
1637 4652 1807 4706 relata
1853 4653 2069 4722 fuisset)

506 4759 693 4799 sacras
717 4741 986 4812 quasdam
1016 4741 1282 4813 virgines,
1313 4757 1434 4811 qua:
1457 4743 1622 4796 etiam
1649 4743 1797 4798 viros
1826 4744 2070 4813 aSpicere

508 4850 617 4888 non
676 4832 1069 4897 sustinuerint,
1115 4832 1357 4887 vestibus
1392 4832 1655 4901 spoliatas
1687 4843 1742 4886 et
1779 4833 1979 4897 nudas,
2015 4833 2070 4885 in

510 4927 691 4978 medio
745 4923 949 4992 populo
998 4925 1062 4979 ad
1113 4923 1509 4993 spectaculum,
1552 4934 1608 4977 et
1654 4924 1926 4993 cujusque
1977 4924 2071 4994 qui

504 5014 739 5069 illudere
771 5015 854 5068 eis
881 5013 1064 5077 vellet,
1101 5013 1382 5083 injuriam,
1409 5014 1714 5070 consistere
1747 5026 2070 5086 coegerunt.

506 5104 610 5160 Ubi
646 5113 828 5159 autem
879 5112 942 5159 et
991 5112 1292 5174 conspectu
1328 5103 1420 5159 tali
1459 5112 1515 5159 et
1562 5104 1730 5160 rebus
1773 5106 1919 5172 aliis,
1971 5123 2073 5177 pro

506 5196 776 5266 cujusque
833 5194 1114 5260 libidine,
1178 5203 1235 5250 et
1294 5205 1484 5250 saneta
1548 5195 1766 5251 illarum
1837 5213 2073 5268 corpora

506 5286 728 5341 abunde
774 5287 1112 5342 contumelia
1148 5287 1475 5350 affecerunt,
1510 5297 1792 5359 postremo
1834 5291 1903 5344 ab
1937 5291 2077 5347 infe-

435 5430 441 5437 ,
510 5378 756 5433 rioribus
800 5393 893 5432 eas
942 5378 1196 5451 partibus
1226 5378 1588 5433 totonderunt
1629 5388 1793 5449 atque
1839 5382 2079 5438 discide-

509 5466 688 5525 runt:
731 5478 788 5524 et
834 5470 1128 5539 superficie
1172 5469 1418 5523 vulneris
1459 5471 1580 5542 ejus
1610 5473 2077 5543 atque'seissuraz,

506 5577 810 5629 porcorum
845 5563 1131 5623 alimento,
1161 5560 1249 5615 cui
1281 5560 1357 5615 illi
1392 5574 1753 5620 assueverant
1779 5565 2076 5637 (hordeum

507 5665 694 5712 autem
738 5654 933 5716 fuisse,
967 5663 1063 5708 aut
1097 5654 1278 5708 simile
1312 5656 1596 5725 quiddam,
1634 5658 1934 5714 verisimile
1971 5662 2076 5733 est)

2103 4529 2146 4585 D

580 5812 658 5881 (ι)
692 5810 911 5866 Sozam.
946 5810 1109 5912 liabet
1143 5813 1471 5883 Charbyrim.

2749 3524 2998 3579 ΚΕΦΔΔ.
3036 3525 3114 3582 8'.

2169 3613 2311 3679 Περὶ
2347 3612 2467 3667 τῶν
2505 3614 2575 3668 ἐν
2602 3616 2846 3697 φοινίκᾳῃ
2873 3618 2973 3697 καὶ
3012 3619 3408 3697 Ἡλιουπόαζει
3434 3616 3692 3697 καί-Ἐμίε

2240 3698 2321 3750 σῃ
2354 3686 2767 3754 γεγενημένων
2787 3686 3002 3741 δεινῶν
3024 3705 3038 3720 θ
3070 3689 3187 3771 καί.
3208 3692 3346 3756 περὶ
3380 3686 3694 3771 Αίμυλιακεν

2239 3753 2340 3806 καί
2368 3755 2681 3833 ΔωροθέουΔ
2708 3756 3192 3833 καίηΔομετιανου
3220 3775 3235 3789 ·
3268 3760 3372 3813 καί
3413 3757 3541 3827 περὶ
3572 3760 3694 3825 Map-

2239 3840 2350 3877 κου
2384 3826 2491 3878 τοῦ
2523 3826 2912 3894 Ἀρεθουσιων
2938 3828 3305 3885 ἐπισκόπου.

2243 3936 2318 3988 Οὐ
2347 3938 2526 3991 τοίνυν
2551 3943 2702 4010 παρὰ
2737 3940 2918 4010 μόνοις
2953 3942 3368 4016 Ἀλεξανδρεῦσι
3387 3947 3481 4001 καὶ
3496 3944 3697 4010 Γαζαίοις

2173 4028 2242 4083 τά
2267 4028 2493 4083 τοιαῦτα
2520 4033 2850 4102 τετόλμηται
2876 4034 3000 4088 καθ’
3022 4036 3203 4105 ἡμῶν,
3236 4037 3378 4092 άλλά
3405 4040 3496 4093 καὶ
3516 4042 3568 4092 ἐν
3588 4038 3700 4090 Ἦλι-

2174 4122 2420 4188 ουπόλει,
2448 4126 2514 4194 τῇ
2565 4126 2703 4196 πρὸς
2730 4126 2807 4195 τῷ
2832 4127 3053 4198 Λιϐάνῳ
3073 4129 3174 4198 τῆς
3204 4130 3455 4201 »οινίκης
3491 4128 3701 4200 κειμένῃ.

2173 4214 2268 4265 καὶ
2316 4214 2373 4266 ἐν
2425 4214 2723 4286 Ἀρεθούσῃ
2779 4218 2847 4287 τῇ
2902 4220 3055 4288 παρὰ
3105 4220 3328 4289 Σύροις,
3385 4222 3586 4291 χείρονα
3623 4220 3702 4271 διε-
3772 4252 3773 4255 η

2175 4303 2416 4374 πράχθη,
2445 4305 2895 4372 φιλονεικούντων
2920 4308 3205 4379 ὠμότητος
3229 4313 3507 4382 ὑπερϐολῇ
3521 4311 3704 4377 δεύτερα
3772 4318 3773 4373 ξ

2172 4397 2240 4449 τὰ
2281 4394 2409 4465 παρ’
2437 4396 2665 4459 ἐκείνοις
2707 4397 2945 4466 ἐλέγξαι.
2979 4402 3042 4453 υί
3080 4403 3181 4471 μὲν
3217 4404 3356 4474 γάρ,
3399 4404 3429 4457 ὅ
3456 4407 3542 4457 καὶ
3568 4404 3703 4469 λέγειν
3772 4412 3773 4479 l

2173 4485 2287 4547 τοῖς
2316 4485 2528 4546 πολλοῖς
2565 4486 2797 4540 ἄπιστον
2812 4487 2974 4556 δόξει,
3004 4492 3053 4544 εί
3080 4493 3153 4563 μή
3176 4509 3325 4555 τινες
3358 4494 3611 4564 παρόντες
3631 4508 3704 4560 τη-

2176 4573 2408 4629 νικαῦτα
2435 4577 2546 4639 τοῖς
2582 4580 2998 4649 πεπραγμένοις
3026 4582 3391 4653 ἀνήγγειλάν,
3425 4585 3566 4655 ίεράς
3588 4598 3706 4643 τινας

2177 4655 2682 4738 ¹ιιναρθιένους,’μηδ’
2719 4668 2841 4738 ὄψιν
2892 4671 3141 4742 ἀρρένων
3185 4676 3567 4746 άνασχομένας
3609 4674 3705 4726 θεά·

2177 4752 2393 4815 σασθαι,
2429 4753 2655 4825 ἐσθῆτος
2687 4756 2904 4826 γυμνάς
2934 4761 3408 4832 καταστήσαντες,
3456 4764 3546 4815 ἐπὶ
3578 4760 3705 4829 μέσον

2175 4842 2347 4913 δήμου
2402 4846 2625 4902 ἑστάναι
2671 4850 3014 4919 ἠνάγκασαν,
3050 4853 3133 4916 είς
3177 4854 3413 4925 θέατρον
3461 4855 3550 4909 καὶ
3588 4853 3706 4923 ὓϐριν

2178 4935 2511 5007 βουλομένῳ
2541 4943 2724 4996 παντί.
2765 4941 2991 5007 ’ἱκανῶς
3021 4945 3081 4998 δὲ
3104 4946 3199 5001 καὶ
3236 4947 3367 5017 ὄψει
3400 4952 3495 5003 καὶ
3522 4949 3620 5011 τοῖς
3640 4947 3707 5000 αλ·

2178 5026 2288 5090 λοις
2335 5023 2369 5102 ᾖ
2421 5030 2639 5102 ἑκάστῳ
2669 5032 2846 5086 ἐδόκει
2886 5037 3004 5097 ταῖς
3035 5037 3222 5106 ἁγίαις
3267 5039 3509 5103 ἐκείναις
3559 5036 3709 5108 σαρξὶν

2176 5119 2562 5188 ἐνυϐρίσαντες
2581 5122 2736 5186 τέλος
2758 5124 3003 5180 κάτωθεν
3025 5128 3406 5200 άνακείρουσι,
3425 5131 3543 5201 διχῆ
3561 5147 3612 5184 τε
3632 5129 3712 5180 διε-

2179 5209 2362 5301 λόντες
2403 5211 2474 5265 τά
2514 5212 2799 5285 σπλάγχνα
2847 5220 3021 5287 τροφῇ
3066 5219 3267 5289 χοίρων
3331 5221 3368 5292 ἡ
3410 5220 3628 5292 συνήθης
3664 5213 3712 5287 ἧν

2178 5301 2431 5367 ἐκείνοις,
2461 5304 2659 5376 κριθὴν
2686 5306 2742 5358 δὲ
2772 5301 2914 5362 εἶναι
2935 5309 3084 5373 εἰκὸς
3111 5311 3204 5364 καὶ
3232 5312 3380 5365 ἄλλα
3419 5313 3583 5380 ταύτῃ
3609 5325 3713 5375 παρ-

2178 5388 2362 5459 ὅμοια,
2407 5392 2675 5464 ἐπιπολῆς
2716 5396 2786 5449 τὰ
2820 5398 3104 5469 σπλάγχνα
3139 5401 3507 5472 καλύψαντες,
3538 5406 3618 5455 ἐπὶ
3640 5402 3711 5467 τὴν

2181 5483 2390 5555 συνήθη
2430 5486 2633 5557 βρῶσιν
2670 5490 3027 5555 ἐξεκαλοῦντο
3065 5494 3194 5557 τοὺς
3227 5494 3479 5565 χοίρους.
3529 5496 3713 5549 Ἐκεῖνοι

2178 5575 2223 5629 δ’
2270 5579 2414 5649 ὁρμῇ
2448 5579 2618 5651 ἀγρίᾳ
2658 5584 2733 5652 μὴ
2769 5582 3042 5655 διακρῖναι
3076 5587 3278 5657 ῥᾳδίως
3328 5588 3562 5658 ἔχοντες,
3585 5586 3711 5655 ὁμόσε

2180 5670 2292 5733 τοῖς
2330 5670 2583 5739 ἐγκάτθις
2629 5672 2870 5744 ἐχώρουν
2890 5691 2904 5708 ·
2936 5679 3003 5747 τῇ
3038 5678 3083 5732 δ’
3112 5679 3334 5752 ἀνάγκῃ
3364 5681 3464 5751 τῆς
3497 5676 3710 5749 συνήθους
