3870 6532
163 433 262 498 ἰὸὂ

1086 435 1696 501 ECCLESIAS’I‘ICIE
1736 432 2125 497 HlSTORI/E
2169 433 2316 500 LIB.
2360 435 2427 494 X.

3303 427 3412 493 466

164 553 361 623 τροφῆς
420 553 516 607 καὶ
554 554 653 623 τὴν
699 554 848 609 ἔνδον
901 556 1140 620 ἐκείναις
1185 556 1474 612 διάπλασιν
1522 554 1739 622 σύναμα

1852 566 2165 622 conspersa,
2214 565 2314 606 eos
2345 549 2413 603 ad
2459 554 2753 604 consuetas
2802 562 2958 602 escas
3009 559 3402 618 provocat-unt.

164 648 278 707 ταῖς
317 651 546 719 τροφαῖς
583 649 1053 720 κατεὸίσρωσκον,
1092 650 1301 714 ζώσαις
1330 649 1475 704 οὕτω
1512 649 1607 702 κειιί¹
1640 647 1734 702 τοῦ

162 740 363 803 πάθους
384 741 638 811 αἴσθησιν
665 741 1056 813 κεκτημέναις.
1090 744 1161 796 Συ
1172 741 1397 813 μϐάλλω
1424 741 1482 795 δὲ
1529 740 1739 796 Ἰἰλιου-

163 830 385 894 πολίτας
409 833 466 894 ἐς
482 831 601 884 τόδε
629 832 828 901 μανίας
850 833 995 887 κατά
1020 833 1129 886 τῶν
1147 832 1313 905 ἱερῶν
1342 832 1629 898 παρθένιον
1653 831 1737 885 ἐλ-

164 922 292 982 θεῖν,
317 922 513 992 ³ἰτιπερ
561 926 656 975 καὶ
689 922 928 995 πάτριον
954 920 1022 995 ἦν
1049 925 1284 987 ἐκείνοις
1305 924 1405 986 τὰς
1438 923 1738 993 παρθένους

165 1012 310 1082 παρὰ
355 1013 453 1067 τοῦ
513 1016 916 1085 προστυχόντος
976 1016 1244 1086 πρότερον
1283 1015 1735 1086 ὲκπορνεύεσθαι,

165 1107 283 1174 πρὶν
328 1104 362 1175 ἦ
412 1106 722 1176 μνηστῆρσι
772 1107 913 1178 πρὸς
969 1108 1151 1178 γάμου
1196 1107 1479 1162 κοινωνίαν
1530 1106 1736 1160 ἐλθεῖν·

164 1197 343 1267 ὅπερὸ
388 1198 566 1267 μέγας
601 1200 1037 1262 Κωνσταντῖνος,
1068 1201 1234 1270 νόμον
1277 1199 1414 1264 θεὶς,
1458 1200 1741 1271 ἄπρακτον

164 1289 329 1339 ἐποίει
375 1286 593 1356 πρῶτος
617 1300 632 1317 ⁸
665 1289 760 1340 καὶ
790 1282 884 1341 τδν
904 1290 1083 1341 ἐκεῖσε
1117 1289 1217 1358 τῆς
1247 1286 1571 1357 Ἀφροδίτης
1604 1286 1742 1340 νεὼν

167 1376 426 1438 καθελὼν,
447 1379 743 1447 ἐκκλησίαν
768 1379 961 1450 ἀνίστη
994 1380 1136 1450 Θεῷ,
1164 1382 1240 1444 ὡς
1271 1381 1330 1433 ἐν
1361 1382 1472 1441 τοῖς
1507 1378 1743 1449 πρόσθεν

165 1464 296 1517 κατά
345 1469 533 1534 χώραν
587 1465 787 1536 ἐλέχθη
843 1484 956 1536 μοι.
991 1468 1065 1521 Τδ
1092 1465 1137 1520 δ’
1172 1468 1232 1519 ὲν
1282 1467 1506 1538 Φοινίκῃ
1558 1466 1743 1527 αὐτοῖς

164 1556 425 1624 τολμηθὲν
471 1555 590 1618 πῶς
618 1558 684 1610 ἀν
713 1574 799 1621 τις
838 1558 1224 1627 παραδραμεῖν
1263 1556 1475 1622 ﬂoreo;
1505 1554 1599 1607 Ἐν
1636 1556 1745 1625 γὰρ

163 1646 325 1719 ταύτῃ
354 1646 449 1698 τὸν
481 1646 886 1710 Ἡλιουπόλεως
917 1648 1169 1703 διάκονον
1205 1648 1476 1720 Κύριλλον
1515 1646 1744 1718 ἀπηνῶς

165 1736 460 1802 ἀνελόντες,
488 1740 586 1791 καὶ
609 1738 707 1809 τὴν
736 1739 987 1809 γαστέρα
1015 1732 1392 1809 διατεμόντες,
1419 1740 1513 1793 τοῦ
1534 1741 1746 1811 ἥπατος

168 1830 558 1899 ἀπεγεύσαντο.
592 1833 703 1886 Καὶ
728 1833 829 1886 οὐκ
862 1834 945 1895 εἰς
973 1830 1193 1902 μακρὰν
1242 1830 1370 1895 τοὺς
1403 1831 1675 1902 τολμητὰς
1710 1832 1742 1901 ἡ

1841 645 2027 714 Itaque
2058 643 2263 714 impetu
2289 641 2495 714 agresti
2551 641 2830 695 irruentes
2883 640 3059 709 porci,
3108 655 3406 695 secernere

1840 736 2162 791 alimentum
2204 750 2328 788 cum
2365 733 2524 788 facile
2559 747 2669 786 non
2719 740 2963 801 possent,
3000 732 3164 786 simul
3199 733 3411 785 viscera

1840 840 1972 884 sunt
2018 827 2306 899 aggressi:
2338 833 2393 880 et
2439 823 2589 880 soliti
2632 822 2741 879 cibi
2774 822 3099 892 cupiditate,
3142 822 3413 893 famisque

1843 921 2177 975 necessitate
2233 919 2559 987 adurgente,
2603 933 2710 971 una
2759 931 2884 971 cum
2936 915 3149 970 hordeo
3197 916 3415 970 interna

1840 1012 2007 1067 etiam
2039 1014 2306 1075 membra,
2333 1025 2459 1064 cum
2504 1009 2613 1063 illa:
2649 1006 2829 1061 adhuc
2870 1007 3142 1068 viverent.
3189 1015 3246 1061 et
3285 1022 3417 1060 cru-

1843 1103 2050 1159 ciatum
2099 1117 2225 1156 eum
2280 1102 2574 1164 sentirent,
2625 1099 2859 1169 depasti.
2914 1098 3178 1153 Existimo
3229 1106 3415 1151 autem

1843 1196 2281 1266 lleliopolitanos
2342 1192 2473 1247 inde
2524 1206 2592 1247 eo
2658 1190 2908 1254 furoris,
2970 1198 3030 1243 ut
3091 1188 3173 1244 sic
3223 1198 3416 1244 contra

1844 1300 2064 1344 sanctas
2103 1287 2346 1358 virgines
2375 1285 2654 1345 saevirent.
2691 1284 2960 1345 evasisse,
2998 1283 3145 1351 quod
3178 1283 3416 1352 patrium

1843 1381 1925 1434 eis
1959 1379 2150 1441 fuerit,
2206 1389 2265 1432 ut
2309 1378 2552 1447 virgines
2603 1376 2760 1446 prius
2800 1374 3229 1445 prosﬁtuerent,
3285 1381 3343 1427 et
3389 1388 3418 1424 a

1844 1485 2179 1540 quocunque
2237 1467 2419 1521 vitiari
2479 1474 2761 1529 curarent,
2817 1480 2983 1534 quam
3048 1463 3115 1517 ad
3171 1463 3414 1535 coniugii

1845 1561 2290 1616 communionem
2345 1575 2469 1615 cmn
2520 1556 2740 1626 sponsis
2785 1558 2902 1611 suis
2941 1555 3215 1610 venirent.
3260 1552 3413 1620 Quod

1843 1652 2236 1709 Constantinus
2271 1665 2501 1721 magnus
2532 1650 2650 1719 lege
2685 1650 2794 1703 lata
2826 1648 3039 1719 primus
3065 1662 3132 1701 ne
3173 1645 3416 1715 amplius

1847 1746 2041 1811 ﬂeret,
2094 1745 2376 1816 prohibuit
2413 1762 2429 1802 :
2470 1753 2527 1799 et
2575 1743 2808 1798 Veneris
2850 1742 3053 1811 templo
3084 1740 3157 1795 ibi
3195 1738 3417 1799 diruto.

1846 1836 2135 1891 ecclesiam
2200 1836 2311 1891 Deo
2357 1834 2652 1899 exstruxit,
2714 1831 3189 1902 quemadmodum
3248 1846 3417 1900 supra

165 1926 278 1993 δίκη
319 1926 702 1996 παρέδραμεν.
745 1926 903 1980 Ὅσοι
943 1926 1054 1998 γάρ
1087 1925 1183 1979 τοῦ
1232 1925 1489 1978 τοσούτου
1541 1924 1746 1994 μύσους

1852 1927 1969 1981 Ιοοο
1998 1942 2100 1983 suo
2127 1945 2156 1982 a
2191 1943 2276 1983 me
2309 1937 2393 1983 est
2425 1927 2657 1981 dictum.
2690 1924 2846 1991 Quod
2880 1935 3063 1979 autem
3097 1922 3303 1977 ibidem
3338 1921 3421 1975 in-

170 2018 440 2087 μετέσχον,
470 2017 693 2081 ὀδόντας
714 2035 774 2072 τε
813 2019 908 2071 καὶ
941 2018 1199 2087 γλώσσας
1228 2018 1321 2071 καὶ
1354 2016 1610 2088 ὑπερῴας
1636 2016 1742 2071 ἀπ-

170 2108 447 2170 εδάλοντο,
485 2111 781 2181 σηπεδόνος
835 2112 1036 2183 ἀγρίας
1080 2110 1499 2183 προσϐαλούσης
1537 2110 1739 2172 αὐτοῖς.

173 2202 239 2252 Οὐ
268 2201 376 2271 μὴν
408 2202 467 2255 δὲ
498 2203 636 2256 ἀλλὰ
660 2204 752 2257 κα)⁵
784 2204 1083 2273 ὀφθαλμῶν
1115 2205 1377 2275 στέρησιν
1406 2202 1631 2257 ἔπαθον.
1662 2202 1742 2256 Δι’

174 2286 241 2343 ὧν
266 2293 361 2361 τῆς
386 2294 678 2357 εὐσεϐείας
711 2295 744 2365 η
775 2294 1008 2364 δύναμις
1039 2294 1396 2365 ἒκηρύττετο.

1849 2035 2017 2087 super
2042 2018 2159 2073 ausi
2187 2029 2338 2083 sunt,
2360 2017 2638 2097 quomodo
2661 2016 2880 2071 silentio
2906 2014 3177 2086 praeteriri
3209 2012 3423 2083 potest?

1848 2111 2051 2183 Cyrillo
2087 2130 2323 2183 namque
2377 2112 2786 2181 Heliopolitana
2832 2110 3070 2165 diacono
3121 2106 3422 2162 crudeliter

1850 2205 2038 2259 occiso
2085 2205 2185 2275 (Ι),
2216 2214 2469 2259 ventrem
2520 2220 2745 2273 quoque
2796 2203 2918 2272 ejus
2971 2201 3312 2264 inciderunt,
3368 2209 3424 2251 et

1842 2296 2005 2366 jecur
2072 2296 2461 2366 degustarunt.
2520 2296 2721 2349 Verum
2778 2295 2903 2347 talia
2956 2309 3122 2347 ausos
3186 2294 3423 2346 vindicta

174 2391 345 2440 statim
374 2389 557 2443 divina
594 2400 682 2445 est
711 2401 1033 2446 consecuta.
1061 2392 1390 2462 Quicunque
1455 2390 1605 2446 enirn
1665 2391 1799 2445 tanti
1846 2392 2045 2461 piaculi
2098 2393 2395 2463 participes
2442 2394 2619 2455 fuere,
2656 2393 2878 2456 dcntcs,
2934 2390 3149 2458 linguas
3180 2399 3235 2442 ct
3271 2388 3422 2457 pala-

176 2489 297 2539 tum.
328 2497 424 2547 per
456 2499 656 2537 saevam
682 2484 1055 2553 putredinem,
1086 2486 1392 2556 oculosque
1429 2482 1595 2540 'adeo
1658 2484 1808 2554 ipsos
1846 2487 2177 2540 amiserunt.
2215 2486 2319 2541 Per
2346 2502 2485 2556 quas
2517 2464 2702 2563 plagas
2759 2484 2842 2539 vis
2889 2495 2943 2539 et
2995 2481 3236 2537 elllcacia
3277 2497 3424 2534 vera:

175 2572 380 2640 pietatis
409 2586 497 2629 est
527 2575 920 2644 deprmdicata.

241 2665 326 2716 Ἐν
351 2666 561 2737 Ἐμέσῃ
590 2668 648 2720 δὲ
680 2671 745 2738 τῇ
786 2670 972 2742 ὁμόρῳ
998 2670 1172 2742 ταύτῃ
1199 2672 1378 2738 πόλει,
1408 2670 1647 2744 Διονύσῳ
1668 2670 1746 2741 τῷ

178 2758 463 2829 γυναικείῳ
479 2760 799 2831 ἀνδραπόδῳ
827 2762 927 2832 τὴν
958 2761 1257 2834 ἐκκλησίαν
1287 2764 1627 2838 ἀφιέρωσαν,
1653 2764 1747 2820 καὶ

178 2852 233 2902 τὸ
275 2851 599 2921 ἀνδρόγυνον
628 2853 841 2907 ἐκείνου
875 2856 967 2908 καὶ
1017 2855 1427 2923 καταγέλαστον
1464 2855 1747 2927 ἱδρύσαντο

179 2941 391 3012 ἀγαλμα
411 2959 425 2972 ’
454 2945 513 2996 ἐν
540 2944 619 3015 τῷ
642 2945 743 3015 τῆς
756 2945 980 3017 Θρᾴκης
1002 2947 1058 3000 δὲ
1084 2947 1398 3018 Δοροστόλῳ
1420 2947 1747 3018 Ᾱίμυλιανδς

179 3038 204 3139 ο
252 3035 541 3139 νικηφόρος
588 3036 898 3108 ἀγωνιστὴς
943 3038 1046 3092 ὑπὸ
1084 3040 1472 3094 Καπετωλίνου
1515 3039 1611 3094 τοῦ
1642 3041 1744 3112 τῆς
1772 3080 1818 3139 c

179 3126 392 3196 θρᾴκης
437 3127 799 3198 ἐπάρχοντος,
841 3132 1013 3202 πυρὸς
1063 3130 1282 3199 ἐγένετο
1336 3133 1745 3205 παρανάλωμα.

183 3213 444 3283 Δωρόθεον
467 3216 523 3270 δὲ
554 3216 645 3273 τὸν
676 3217 1002 3286 πολύαθλον,
1034 3223 1127 3274 τὸν
1148 3222 1352 3293 πολλὴν
1384 3223 1626 3292 ἱστορίαν
1658 3225 1746 3277 ἐκ·

185 3307 570 3378 κλησιαστικὴν
605 3310 1107 3381 συγγραψάμενον,
1138 3314 1356 3383 θανάτῳ
1394 3313 1745 3387 παρέπεμψε.

184 3398 357 3467 Τύρου
381 3400 439 3453 δὲ
468 3396 625 3465 οὗτος
653 3402 752 3474 τὴν
785 3403 881 3473 τῆς
911 3404 1206 3476 ἐκκλησίας
1237 3402 1387 3476 εἶχεν
1419 3408 1744 3478 ἐπιτροπήν.

186 3486 283 3540 Ναὶ
323 3489 428 3560 μὴν
469 3492 563 3545 καὶ
590 3493 853 3563 Δομέτιον
883 3497 976 3549 τὸν
1006 3498 1064 3549 έν
1099 3486 1746 3569 ἀσκηταῖςπερισόητον,

188 3578 425 3651 σπηλαίῳ
472 3584 847 3656 κρυπτόμενον
889 3587 1125 3658 παριὼν,
1159 3590 1331 3653 λίθοις
1364 3591 1750 3662 ἀπανθρώπως

189 3672 468 3743 συνέχωσε.
512 3675 588 3730 Τὸ
611 3677 668 3732 δέ
699 3695 761 3748 γε
793 3678 1010 3750 Μάρκῳ
1043 3681 1100 3733 ὲν
1132 3680 1432 3754 Ἀρεθούσῃ
1456 3683 1751 3752 γενόμενον

190 3764 294 3829 πῶς
340 3768 794 3840 παραδράμοιμι;
823 3772 1091 3843 Αἰσχύλου
1127 3775 1235 3845 γάρ
1272 3774 1368 3828 καὶ
1414 3775 1752 3844 Σοφοκλέους

188 3853 340 3910 δεῖται
360 3858 459 3927 τῆς
486 3862 915 3932 μεγαληγορίας,
938 3863 1004 3916 ἶν’
1027 3864 1194 3931 ἀξίως
1219 3865 1281 3918 τὸ
1303 3866 1515 3920 ἐκείνου
1537 3884 1620 3931 τις
1643 3868 1749 3922 πά-

190 3943 269 4009 θος
300 3951 757 4024 έκτραγῳδήσειε.
796 3955 1000 4011 Τοῦτον
1025 3958 1135 4029 γὰρ
1158 3957 1497 4029 Ἀρεθούσιοι
1527 3958 1752 4013 ἐπίσκο-

193 4054 281 4093 πον
323 4043 527 4099 τούτων
568 4047 733 4101 πάλαι
763 4049 1075 4119 γενόμενον,
1111 4050 1284 4122 ἀνδρα
1333 4050 1432 4123 βίῳ
1463 4053 1559 4106 καὶ
1604 4052 1752 4124 λόγῳ

193 4136 276 4188 καὶ
302 4134 458 4209 πολιᾷ
486 4136 624 4191 πολὺ
651 4139 710 4193 τὸ
729 4141 1012 4212 αἰδέσιμον
1041 4142 1500 4214 προὸαλλόμενον,
1525 4145 1751 4215 ἀπηνῶς

193 4226 556 4298 διεχρήσαντο.
589 4227 750 4302 Εἶχον
793 4233 893 4303 μὲν
923 4232 1033 4304 γὰρ
1064 4234 1160 4288 καὶ
1192 4233 1459 4306 πρότερον
1494 4235 1657 4289 αὑτὸν
1691 4237 1752 4289 ἐν

194 4320 346 4390 ὀργῇ·
371 4318 449 4386 οἷς
478 4325 570 4377 ἐπὶ
591 4325 992 4391 Κωνσταντίου,
1025 4326 1253 4389 πολλοὺς
1281 4327 1342 4381 οὐ
1377 4328 1520 4382 κατά
1550 4328 1742 4388 πειθὼ,

1923 2667 2034 2737 26
2089 2666 2262 2721 Porro
2314 2667 2542 2727 Emesa‘,
2597 2682 2717 2736 qum
2763 2665 2992 2719 finitima
3037 2665 3088 2720 ei
3140 2664 3273 2719 urbs
3314 2678 3421 2723 esu,

1851 2758 2089 2828 Dionyso
2147 2759 2405 2813 muliebri
2448 2754 2723 2825 mancipio
2758 2759 2930 2812 aedem
2961 2772 3172 2811 sacram
3199 2752 3424 2810 dedica-

1850 2862 1997 2915 runt,
2028 2859 2194 2919 atque
2231 2850 2304 2904 ibi
2342 2858 2578 2903 statuam
2612 2847 2955 2919 Androgyni,
2979 2845 3242 2914 ambiguo
3277 2844 3425 2898 inter

1850 2958 2058 2997 marem
2089 2951 2145 2997 et
2167 2942 2427 2996 feminam
2462 2957 2594 2997 sexu
2631 2941 2938 3005 ridiculam,
2969 2940 3021 2994 ci
3053 2938 3417 2995 collocarunt.

1850 3033 2127 3101 Dorostoli
2166 3045 2354 3090 autem
2407 3033 2656 3087 Thraciae
2705 3031 3093 3101 Aimylianum,
3144 3029 3415 3084 invictum

1850 3127 2138 3191 athletam,
2188 3125 2537 3195 Capitolinus
2596 3125 2847 3179 Thracia:
2895 3122 3188 3193 praefectus
3227 3121 3421 3174 vivum

1850 3218 2173 3274 combussit.
2209 3215 2516 3272 Dorotheus
2555 3216 2685 3271 item
2734 3224 2978 3270 certalor
3022 3211 3296 3283 egregius,
3329 3213 3425 3279 qui

1850 3327 2101 3382 magnam
2146 3310 2482 3380 conscripsit
2520 3308 2956 3364 ecclesiasticam
3009 3306 3327 3367 historiam,
3366 3312 3425 3355 et

1851 3399 1980 3471 Tyri
2016 3400 2396 3470 episcopatum
2451 3399 2651 3462 tenuit,
2704 3399 2825 3453 ncci
2880 3398 3064 3452 datus.
3117 3394 3418 3450 Domitium

1852 3507 1989 3548 vero
2017 3492 2293 3547 celebrem
2342 3492 2675 3546 monachum
2706 3490 2760 3545 in
2808 3490 3071 3561 spelunca
3104 3504 3202 3544 sua
3239 3488 3423 3542 laten-

1852 3590 1987 3647 tem,
2039 3581 2364 3653 prmteriens
2416 3580 2881 3637 inhumanissime
2934 3595 3132 3651 aggere
3175 3577 3428 3648 lapidum

1852 3675 2124 3745 quispiam
2150 3676 2358 3731 obruit.
2386 3673 2500 3730 Nec
2529 3674 2769 3740 Marcus,
2799 3673 2890 3743 qui
2918 3671 3206 3727 Arethusa:
3232 3670 3421 3742 gravia

1851 3780 2147 3837 perpessus
2200 3775 2307 3829 est,
2364 3766 2649 3822 tacendus.
2707 3766 2952 3835 Peropus
3000 3771 3198 3819 autem
3257 3760 3423 3815 nobis

1852 3867 2002 3915 esset
2031 3857 2279 3930 Eschyli
2324 3867 2380 3913 et
2424 3858 2720 3928 Sophoclis
2759 3857 2984 3913 dicendi
3030 3858 3324 3927 gravitate,
3369 3865 3429 3910 ut

1854 3950 2103 4020 martyrii
2128 3950 2251 4021 ejus
2277 3950 2597 4020 tragoediam
2635 3958 2785 4005 recte
2810 3963 3242 4019 exponeremus.
3268 3948 3433 4001 Hunc

1853 4042 2000 4098 enim
2032 4041 2340 4105 Arethusii,
2372 4041 2462 4096 ubi
2504 4041 2801 4111 episcopus
2830 4041 2923 4095 ditt
2964 4040 3168 4101 fuerat.
3214 4049 3275 4093 et
3316 4039 3428 4091 vita

1853 4143 1909 4190 et
1974 4132 2260 4199 doctrina,
2325 4131 2641 4203 canitieque
2711 4133 2942 4201 insuper
3003 4137 3315 4201 spectatum
3372 4138 3430 4184 et

1854 4224 2251 4290 venerandum,
2281 4224 2600 4279 immaniter
2634 4222 2989 4278 occiderunt.
3041 4222 3259 4277 Dudum
3295 4236 3431 4274 vero

1855 4330 2017 4373 antea
2075 4318 2275 4373 infensi
2338 4317 2391 4372 ei
2452 4318 2695 4380 fuerant,
2750 4316 2895 4385 quod
2951 4315 3054 4368 sub
3102 4312 3432 4367 Constantio

197 4409 319 4463 ἀλλά
363 4430 468 4465 τινι
516 4412 788 4482 κρείττονι
832 4414 1143 4486 δυναστείᾳ,
1192 4415 1321 4478 τοὺς
1376 4415 1747 4487 έλληνίζοντας

1858 4412 2058 4465 multos
2086 4411 2289 4466 Graeca!
2319 4408 2739 4480 superstitionis
2778 4418 3105 4469 sectatores,
3142 4422 3250 4460 non
3303 4420 3428 4475 per—

200 4504 519 4568 ἁσπάζεσθαι
545 4503 611 4556 τά
637 4505 979 4575 Χριστιανῶν
1015 4506 1220 4559 ἐποίει·
1255 4506 1349 4561 καὶ
1379 4506 1473 4559 τὸν
1503 4505 1634 4578 παρ’
1658 4508 1753 4562 αύ-

201 4596 296 4657 τοῖς
326 4597 524 4666 σεμνόν
542 4613 602 4650 τε
635 4599 729 4650 καὶ
757 4596 1080 4668 πολυτελείᾳ
1103 4597 1393 4668 οἰκοδομῆς
1433 4598 1754 4669 ἡττώμενον

200 4686 389 4748 οὐδενὸς
423 4680 561 4741 νεὼν
602 4688 853 4742 καθεῖλεν
885 4689 966 4749 εἰς
995 4687 1209 4755 ἔδαφος.
1263 4687 1350 4749 Ὠς
1382 4686 1440 4740 δὲ
1474 4682 1754 4757 μετερρὖ

198 4774 338 4840 αὖθις
364 4777 429 4831 τά
459 4777 785 4848 πράγματα,
822 4775 960 4846 ὁμοῦ
992 4778 1089 4846 μὶν
1113 4773 1211 4828 τοῦ
1248 4775 1425 4845 δήμου
1461 4775 1755 4846 κεκινημέ-

202 4883 302 4928 νου,
339 4867 452 4936 ἅμα
480 4870 535 4923 δὲ
583 4871 677 4923 καὶ
721 4868 864 4922 κατά
908 4867 1240 4938 πρόσταγμα
1280 4867 1374 4920 τοῦ
1420 4867 1755 4936 κρατοῦντος

204 4961 631 5027 καταδικάζοντος
664 4963 697 5034 ἢ
725 4962 823 5033 τὴν
868 4963 1201 5033 ἀποτίμησιν
1234 4962 1450 5015 έκτίσαι
1480 4962 1577 5016 τοῦ
1628 4962 1753 5027 νεὼ,

205 5049 231 5115 ἢ
273 5048 418 5118 αὖθις
470 5058 583 5118 οἰος
628 5051 695 5127 ἦν
737 5058 1015 5126 ἀνεγεῖραι
1055 5056 1253 5109 αὐτόν·
1305 5058 1432 5111 ἐπεὶ
1483 5058 1575 5111 καὶ
1619 5060 1756 5128 πρὸς

206 5140 352 5209 ἄμφω
393 5146 674 5209 ἀδυνάτως
721 5144 888 5216 εἶχεν,
940 5146 1199 5215 ἀθέμιτον
1242 5147 1287 5201 δ’
1319 5143 1388 5219 ἢν
1436 5148 1755 5201 παντάπασι

208 5236 290 5288 καὶ
318 5237 376 5289 τὸ
400 5238 676 5313 δεύτερον,
713 5240 874 5310 μήτοι
907 5256 967 5308 γε
1000 5242 1156 5307 ἰερεῖ,
1189 5240 1304 5293 ἀλλ’
1335 5241 1456 5294 οὐδὲ
1487 5240 1593 5312 ἰδίᾳ
1624 5240 1758 5307 Χρι-

211 5330 385 5395 στισνῷ
417 5331 570 5400 ἀνδρί
593 5349 606 5362 ο
640 5333 786 5401 φυγῇ
830 5331 931 5400 μὲν
964 5331 1034 5385 τὰ
1062 5331 1257 5402 πρῶτα
1287 5334 1584 5403 ἐχρήσατο.
1618 5333 1757 5386 Πολ-

210 5413 314 5478 ὶους
336 5419 387 5472 δὲ
420 5422 484 5474 δι’
538 5424 744 5477 ἐκεῖνον
773 5424 1006 5493 πάσχειν
1043 5421 1254 5493 μαθὼν,
1287 5422 1381 5476 καὶ
1416 5421 1605 5476 δεινῶν
1640 5438 1758 5475 πει-

215 5511 389 5574 ρὶσθαι
417 5514 702 5573 πλείστων,
738 5515 1051 5569 ἐπανελθὼν
1075 5517 1173 5585 τῆς
1205 5515 1386 5585 φυγῆς
1413 5516 1758 5585 κατεμήνυεν

211 5598 397 5667 ἑαυτὸν,
430 5606 564 5674 δρᾷν
598 5607 626 5658 ὃ
673 5623 725 5657 τι
768 5605 1082 5673 βουλομένῳ
1127 5605 1241 5658 ἐστὶ
1287 5604 1362 5674 τῷ
1395 5604 1574 5675 δήμῳ,
1615 5603 1758 5658 ἑκὼν

213 5693 339 5756 ἀνεὶς
385 5695 593 5751 ἑαυτόν.
650 5700 715 5749 υἱ
746 5698 801 5749 δὲ
840 5696 959 5750 δέον
1008 5695 1208 5764 μᾶλλον
1260 5695 1562 5766 θαυμάζειν
1593 5694 1757 5750 αὐτὸν

1858 4504 2139 4567 suasione,
2167 4503 2267 4558 sed
2298 4511 2573 4573 potestate
2595 4502 2829 4571 quadam
2855 4501 3134 4572 graviore,
3160 4498 3432 4555 Chrisda~

1856 4609 2054 4647 norum
2093 4610 2247 4648 sacra
2276 4592 2460 4647 colere
2505 4592 2771 4663 coegi-rit.
2801 4603 2853 4646 et
2894 4592 3158 4661 temphun
3185 4589 3428 4651 celebre,

1856 4697 2264 4755 structuraaque
2304 4685 2485 4755 pretio
2517 4692 2574 4739 et
2615 4684 3024 4755 magnificentia
3064 4682 3199 4739 nulli
3227 4697 3429 4739 secun-

1857 4778 2013 4844 dum,
2041 4778 2160 4833 solo
2191 4778 2515 4848 aequaverit.
2549 4777 2726 4834 Porro
2773 4792 2960 4832 rerum
2999 4783 3148 4832 statu
3189 4782 3428 4838 mutato,

1856 4886 1980 4924 cam
2015 4869 2182 4924 simul
2230 4878 2288 4924 et
2330 4869 2528 4940 vulgus
2575 4877 2917 4923 commotum
2954 4876 3128 4933 esset,
3165 4874 3224 4921 et
3256 4866 3433 4935 impe-

1858 4964 2061 5018 ratoris
2094 4962 2411 5017 mandatum
2444 4962 2792 5025 accessisset,
2845 4976 2957 5032 quo
3001 4959 3247 5015 Marcum
3298 4974 3429 5013 sen-

1860 5054 2030 5110 tentia
2060 5055 2171 5109 lata
2199 5055 2285 5110 vel
2310 5054 2735 5110 aestimationem
2772 5051 2961 5123 templi
2986 5052 3222 5116 solvere,
3250 5049 3339 5103 vel
3370 5049 3428 5105 id

1856 5147 2020 5217 quale
2056 5156 2216 5202 antea
2260 5145 2481 5213 fuisset,
2526 5146 2822 5201 restituere
2848 5144 3054 5216 jussit;
3089 5141 3181 5197 ubi
3216 5152 3433 5196 utrum-

1857 5254 1964 5311 que
1997 5240 2178 5295 facere
2208 5255 2437 5309 prorsus
2465 5255 2576 5295 non
2609 5240 2812 5310 potuit;
2843 5240 3075 5293 alterum
3106 5217 3298 5299 etiam,
3320 5253 3433 5291 non

1857 5333 1989 5389 dico
2027 5332 2312 5404 episcopo,
2344 5334 2439 5389 sed
2472 5347 2541 5387 ne
2576 5334 2794 5401 privato
2828 5330 3054 5402 quidem
3106 5327 3433 5385 Christiano

1857 5422 2043 5480 facere
2081 5423 2195 5479 ullo
2243 5422 2409 5477 modo
2453 5423 2539 5479 fas
2578 5422 2718 5488 fuit;
2753 5422 2992 5493 primum
3032 5419 3254 5491 quidem
3306 5420 3433 5490 fuga

1868 5530 2006 5569 usus
2036 5524 2162 5569 est:
2202 5526 2258 5569 at
2298 5515 2391 5569 ubi
2434 5505 2639 5571 multos
2668 5529 2767 5571 sua
2797 5529 2962 5569 causa
2996 5514 3156 5586 ailligi
3212 5524 3268 5568 ct
3306 5513 3433 5584 plu-

1861 5608 2030 5662 rimas
2047 5607 2393 5663 calamitates
2423 5608 2571 5664 ferre
2593 5607 2956 5677 cognovit,ex
2984 5607 3110 5675 fuga
3145 5619 3433 5669 reversus,

1860 5703 2104 5769 seipsum
2138 5701 2413 5764 exhibuit,
2446 5710 2500 5756 ct
2546 5701 2773 5770 populo,
2822 5699 3095 5772 quidquid
3131 5699 3316 5763 vellet,
3360 5697 3431 5751 de

274 5819 512 5908 (ἰίᾼιιιιιι
542 5831 766 5908 Suidam
799 5834 1239 5908 (artisainartyrii
1276 5832 1432 5888 istius
1473 5832 1691 5886 additur
1729 5851 1742 5888 :
1788 5835 1929 5903 quad
1996 5837 2205 5892 scilicet
2270 5834 2505 5908 Cyril'ns
2552 5836 2654 5892 sub
2689 5837 3054 5893 Constantino
3078 5845 3130 5890 ct
3162 5834 3435 5890 Constan-

216 5895 277 5949 tio
302 5895 553 5958 i-loldrum
592 5903 788 5972 templa
816 5906 1035 5959 evertit.
1137 5895 1142 5937 λ
