3870 6558
340 424 441 488 4Ἷ3

1256 426 1863 489 ECCLESIASTlCi‘E
1903 427 2291 488 lliSTURi:E
2340 431 2476 495 LIB.
2522 430 2595 493 Χ.

3474 432 3583 496 474

341 539 549 593 ἔκειντο
596 543 709 605 τοῖς
739 540 997 610 ψαλμοῖς,
1025 542 1118 595 καὶ
1143 542 1314 596 ταῦτα
1342 543 1406 615 δὴ
1449 542 1899 615 προσεπᾲδουσαι¹

2016 543 2241 598 lentium
2272 546 2356 601 eis
2385 544 2696 614 imperavit.
2731 525 2794 598 At
2817 545 2921 601 illa:
2951 545 3124 617 magis
3165 545 3329 602 etiam
3353 548 3583 618 psalmis

339 626 678 699 Ἀναστήτώ
719 637 753 689 ὁ
782 632 947 698 Θεὸς,
1007 634 1102 688 καί
1162 633 1815 704 διασκορπισθήτωσαν
1853 633 1907 686 ot

338 723 540 794 ἐχθροί
573 725 782 779 αὑτοῦ.
834 725 954 794 Ἐφ’
986 721 1067 789 οἷς
1099 727 1407 798 χαλεπήνας
1434 727 1462 778 δ
1503 724 1782 796 τύραννος,
1812 722 1904 778 τοῦ

339 816 500 887 χι)ροῦ
533 816 635 885 τὴν
680 815 1015 888 ὲξάρχουσαν
1049 818 1278 890 ἀχθῆναι
1303 818 1533 874 κελεύει.
1576 818 1634 872 '0
1678 817 1735 872 δὲ
1770 819 1906 888 μήτε

336 911 397 963 τὸ
437 909 634 977 σεμνὸν
676 912 853 964 ἐκεῖνο
882 911 1083 978 γῆρας,
1128 910 1265 979 μήτε
1301 910 1406 981 μὴν
1437 910 1538 979 τὴν
1560 909 1625 961 ἐκ
1657 911 1752 979 τῆς
1780 909 1909 978 ἀρε·

338 1002 433 1071 τῆς
460 1001 803 1055 ἐπανθοῦσαν
820 1003 951 1055 αίδὼ
977 1004 1353 1071 λογισάμενος,
1382 1002 1592 1071 πικρῶς
1606 999 1756 1053 Stati
1776 1001 1904 1069 κόρ-

340 1095 439 1163 ρης
470 1091 655 1146 παίειν
700 1093 967 1156 ἐκέλευεν,
1002 1092 1077 1156 ὡς
1105 1093 1201 1147 καὶ
1244 1092 1410 1163 ἄμφω
1442 1093 1635 1163 αῖμασι
1668 1084 1905 1159 ῲοινίξαι

337 1186 433 1247 τὰς
475 1184 727 1254 παρειάς.
745 1182 810 1241 Ἦ
845 1185 901 1238 δὲ
930 1186 1099 1253 τιμὴν
1131 1185 1334 1254 μᾶλλον
1362 1185 1394 1256 ἢ
1425 1184 1649 1252 ἀτιμίαν
1672 1183 1733 1235 τὸ
1765 1181 1903 1250 ὑπὲρ

335 1276 573 1346 Χριστοῦ
606 1278 837 1347 πάσχειν
866 1277 1168 1348 ἡγουμένη,
1204 1277 1298 1331 ἐπὶ
1326 1277 1387 1331 τὸ
1414 1276 1685 1347 δωμάτιον
1719 1274 1901 1328 άνιοῦ·

340 1386 427 1429 σα,
462 1364 622 1427 αὖθις
665 1372 786 1433 ταῖς
818 1372 1218 1440 πνευματικαῖς
1248 1370 1536 1441 μελῳδίαις
1567 1368 1727 1424 αὐτὸν
1773 1383 1905 1420 κατ-

337 1460 571 1531 εκρότει.
605 1461 711 1515 Καὶ
742 1448 868 1525 τοὺς
901 1463 958 1515 ὲν
1006 1462 1155 1533 αὐτῷ
1188 1461 1660 1532 κορυϐαντιῶντας
1702 1460 1901 1530 τρόπον

335 1553 523 1626 ἓτερον
552 1554 875 1608 κατέστελλε
918 1554 1176 1624 δαίμονας
1201 1570 1217 1587 ·
1245 1554 1339 1618 οὒς
1367 1555 1506 1608 ἑκὼν
1536 1552 1712 1623 ἑαυτῷ
1740 1554 1903 1622 εἰσῳ-

335 1647 528 1699 κῖσατο
548 1661 564 1676 ο
594 1643 847 1717 καθάπερ
879 1646 1085 1709 ἐκεῖνος
1108 1648 1137 1699 δ
1161 1645 1261 1727 τῆς
1293 1644 1556 1716 μελῳδίας
1582 1642 1900 1705 διδάσκαλος

335 1740 400 1809 τῇ
443 1736 683 1810 σφετέρᾳ
732 1736 956 1810 κινύρᾳ,
981 1736 1041 1791 τὸ
1068 1737 1162 1791 τοῦ
1209 1737 1381 1792 Σαοὺλ
1415 1735 1627 1808 ἐνοχλον
1680 1732 1898 1804 πνεῦμα

336 1830 630 1884 κατέπαυε.

919 2031 1169 2086 ΚΕΦᾹΛ.
1197 2028 1292 2085 ω’.

337 2127 535 2193 Ὅπως
560 2129 593 2181 ὀ
620 2126 969 2192 ἀποστάτης
992 2125 1066 2179 τὰ
1100 2127 1191 2180 ἐπ’
1218 2123 1435 2192 ἀγορᾶς
1466 2122 1609 2176 ὤνια
1637 2123 1901 2192 μιαίνειν

405 2196 770 2263 προσέταττε
790 2212 804 2226 ο
837 2198 932 2249 καί
961 2196 1093 2263 περὶ
1119 2196 1226 2249 τοῦ
1254 2195 1427 2263 ἁγίου
1462 2192 1762 2263 Θεοδώρου
1792 2193 1899 2246 τοῦ

324 2330 329 2333 _
410 2265 679 2334 Τιὶρωνος
701 2280 717 2295 ο
740 2266 993 2332 καὶπερὶ
1022 2265 1141 2318 τῶν
1163 2262 1349 2333 ἁγίων
1381 2265 1699 2333 μαρτύρων
1746 2262 1899 2316 Ἰου-

405 2337 683 2390 Ger-tiret:
711 2335 809 2390 καί
837 2336 1197 2405 Μαξιμίνου.

402 2446 618 2518 Μικρὸν
665 2444 725 2501 δι
747 2447 956 2518 προῖὼν
988 2444 1466 2518 παρρησιαίτερον
1499 2445 1528 2498 δ
1559 2443 1898 2513 ἀποστάτης,

339 2536 541 2608 μᾶλλον
561 2537 619 2592 δὲ
654 2537 1038 2609 ἀναιδέστερον
1060 2539 1126 2609 τῇ
1157 2535 1386 2608 ἀσεϐείᾳ
1416 2534 1722 2607 χρώμενος,
1756 2534 1900 2589 κατὰ

335 2628 436 2697 τῆς
470 2629 758 2693 εὐσεϐείας
786 2628 1079 2693 ὡπλίζετο.
1120 2627 1213 2698 Μὴ
1238 2626 1377 2698 ἔχων
1399 2626 1443 2681 δ’
1475 2628 1503 2679 ὅ
1537 2644 1591 2680 τι
1621 2628 1716 2680 καὶ
1745 2626 1899 2697 δρᾷν,

335 2722 407 2774 τὰ
431 2721 519 2773 ἐπ’
541 2722 747 2791 ἀγορᾶς
771 2719 908 2775 ὥνια
938 2720 1034 2774 τοῦ
1088 2718 1399 2790 μιάσματος
1448 2714 1696 2780 ὲπίμπλα
1725 2732 1739 2747 ⁸
1802 2732 1901 2767 πε-

342 2814 722 2885 ριεῤῥαίνοντο
749 2813 863 2882 γὰρ
889 2815 1002 2876 τοῖς
1032 2814 1098 2866 in
1126 2813 1234 2866 τῶν
1264 2810 1466 2865 θυσιῶν
1501 2809 1695 2880 αἵμασι
1722 2826 1780 2861 τε
1807 2808 1902 2863 καὶ

304 2946 315 2955 ,
340 2906 734 2977 ἁλιγήσμασιν,
757 2906 859 2960 ὅσα
879 2904 1117 2975 ἐδώδιμα
1136 2917 1151 2934 ⁶
1174 2905 1330 2974 ἄρτοι
1359 2903 1455 2956 καί
1484 2902 1619 2973 κρέα
1642 2901 1738 2955 καὶ
1756 2899 1903 2954 δπῶ-

337 3016 430 3067 ραι
464 2999 561 3052 καὶ
595 2999 851 3052 πόπανα·
888 2997 925 3052 ἃ
957 2997 1022 3069 δὴ
1055 2997 1124 3050 τὰ
1148 2998 1341 3067 πρῶτα
1375 2996 1450 3066 μὴ
1477 2992 1821 3066 ὑφορώμενοι
1850 2994 1899 3046 oi

330 3092 432 3161 τῆς
460 3092 555 3145 τοῦ
577 3091 882 3152 σεσωκότας
904 3089 1276 3161 προσηγορίας
1302 3089 1725 3160 μετεσχηκότες.
1751 3087 1901 3152 θείας

2012 637 2411 703 incumbentes,
2447 638 2580 692 illud
2630 652 2850 708 quoque
2906 639 3239 696 accinuere:
3303 639 3580 712 Exsurgat

2009 728 2170 793 Deus,
2202 739 2251 783 et
2288 731 2608 799 dissipentur
2643 731 2844 785 inimici
2877 734 2988 801 ejus
3021 733 3061 785 ⁸.
3091 730 3218 786 Eam
3240 733 3310 787 ob
3343 748 3457 787 rem
3488 734 3576 787 in-

2009 819 2263 889 dignatus
2288 832 2571 892 tyrannus,
2606 837 2636 876 e
2668 806 3015 892 psallentium
3050 821 3234 878 °choro
3270 824 3576 894 principem

2008 909 2205 967 adduci
2227 913 2392 983 jussit
2421 932 2434 967 :
2464 922 2520 967 et
2544 929 2724 983 neque
2753 913 3290 969 venerandamillius
3318 926 3577 969 senectu-

2011 1009 2138 1064 tem,
2160 1018 2337 1072 neque
2363 1019 2393 1059 e
2412 1005 2615 1060 virtute
2635 1004 3067 1061 eﬂlorescentem
3100 1005 3153 1059 in
3176 1020 3239 1060 ea
3270 1006 3576 1059 observan-

2011 1094 2138 1147 tiam
2159 1096 2383 1161 veritus,
2418 1105 2526 1150 tam
2564 1097 2762 1152 acerbe
2793 1096 3070 1152 maxillam
3105 1097 3228 1168 ejus
3255 1110 3571 1174 .utramquc

2006 1184 2342 1241 diverberari
2376 1187 2640 1257 praecipit,
2677 1194 2739 1242 ut
2786 1186 3085 1242 admodum
3132 1189 3402 1258 sanguine
3457 1188 3573 1240 sur-

2005 1279 2386 1335 tunderentur.
2402 1282 2577 1350 Atque
2593 1281 2705 1347 illa,
2730 1282 2994 1335 honorem
3026 1282 3207 1350 potius
3233 1283 3572 1350 quamignu-

2003 1368 2224 1424 miniam
2250 1385 2370 1426 esse
2393 1383 2533 1437 rata,
2557 1387 2717 1441 quam
2738 1388 2835 1443 pro
2856 1371 3076 1427 Christo
3097 1373 3403 1442 pertulerat
3426 1372 3569 1440 inju-

2003 1462 2173 1529 riam,
2207 1462 2257 1515 in
2289 1463 2673 1518 domunculam
2706 1478 2858 1519 suam
2894 1473 2978 1519 est
3013 1479 3256 1528 reversa,
3293 1473 3459 1526 atque
3486 1465 3565 1517 ibi

2002 1568 2219 1607 rursum
2246 1553 2622 1623 spiritualibus
2646 1570 2772 1610 eum
2801 1555 3091 1609 cantilenis
3124 1565 3209 1609 est
3246 1564 3563 1624 persecuta.

2002 1644 2070 1700 Et
2090 1645 2199 1700 alio
2215 1645 2449 1715 quodam
2481 1646 2642 1700 modo
2674 1645 3075 1702 debacchantcs
3100 1647 3153 1700 in
3176 1662 3241 1701 eo
3263 1646 3568 1712 daemones,

2008 1749 2147 1805 quos
2194 1735 2261 1790 ad
2302 1751 2360 1791 se
2392 1735 2481 1792 ille
2514 1748 2706 1807 Sponte
2730 1754 2827 1794 sua
2856 1737 3254 1797 introduxerat.
3309 1752 3565 1806 compes-

2004 1826 2150 1880 cuit:
2173 1828 2635 1896 quemadmodum
2659 1829 3003 1884 Psalmorum
3038 1828 3130 1884 ille
3160 1829 3421 1896 magister
3452 1828 3569 1900 lyra

1931 1887 1974 1945 Β
1999 1926 2097 1971 sua
2129 1915 2443 1972 saevientem
2476 1917 2533 1971 in
2586 1916 2752 1972 Saulo
2795 1919 3053 1988 spiritum
3112 1917 3389 1976 demulsit.

2517 2028 2620 2101 31
2655 2010 2878 2092 CAPUT
2917 2029 3036 2085 xu.

2006 2121 2069 2177 Ut
2098 2129 2343 2192 apostata
2369 2138 2451 2175 res
2482 2123 2689 2177 venales
2723 2128 2777 2177 in
2818 2124 2930 2192 foro
2974 2122 3286 2191 polluendas
3306 2123 3569 2177 contami-

2072 2193 2380 2261 nandnsqne
2404 2194 2691 2248 mandarit.
2721 2193 2794 2246 De
2820 2201 3001 2246 sancto
3032 2192 3294 2247 Theodoro
3320 2193 3512 2261 Tirone
3544 2206 3568 2247 :

2070 2264 2228 2344 et_de
2281 2260 2473 2316 sanctis
2525 2264 2884 2333 martyribus,
2936 2262 3218 2317 Juventino
3281 2273 3330 2316 et
3391 2260 3571 2315 Maxi—

2068 2349 2235 2386 mmo.

2071 2446 2300 2501 Paulum
2353 2461 2482 2499 vero
2535 2461 2860 2516 progressus
2913 2446 3186 2507 desertor,
3233 2443 3467 2499 liberius
3504 2457 3569 2498 ac

2001 2540 2185 2607 potius
2240 2537 2617 2608 impudentius
2674 2538 2956 2607 impietate
3025 2555 3195 2604 usus,
3262 2554 3414 2592 arma
3471 2553 3572 2593 sua

2002 2637 2194 2683 contra
2231 2628 2490 2698 pietatem
2532 2631 2833 2701 expedivit.
2882 2629 2951 2684 Et
3000 2645 3125 2683 cum
3172 2628 3317 2698 quod
3366 2630 3574 2681 iaceret

2006 2735 2114 2773 non
2149 2720 2400 2786 haberet,
2430 2734 2517 2774 res
2550 2719 2605 2777 in
2635 2718 2757 2774 foro
2792 2721 3017 2774 venales
3049 2719 3433 2788 inquinatioue
3465 2718 3574 2771 im-

2002 2812 2140 2866 buit.
2190 2812 2389 2867 Infecta
2425 2794 2663 2882 namque
2705 2821 2836 2866 sunt
2870 2813 3264 2867 sacriﬁciorum
3300 2811 3572 2881 sanguine

2001 2915 2057 2960 et
2077 2903 2544 2960 contaminatione
2569 2895 2853 2957 esculenta
2882 2921 2895 2956 :
2924 2918 3092 2973 panes
3114 2902 3392 2965 videlicet,
3419 2916 3573 2967 caro,

2003 3014 2160 3068 poma
2232 3006 2288 3054 et
2327 2996 2612 3069 placentae.
2654 2996 2784 3063 Qua:
2827 3012 2951 3050 cum
2986 2996 3221 3065 primum
3255 3011 3361 3049 non
3393 2994 3574 3048 anim-

2000 3087 2392 3152 adverterent,
2443 3087 2538 3157 qui
2595 3084 2909 3140 Servatoris
2956 3087 3182 3139 nomine
3234 3095 3571 3149 censentur,

331 3184 541 3239 ἄνωθεν
568 3182 914 3255 προμηθείας
945 3180 1320 3251 κατηξιοῦντο.
1368 3180 1473 3233 Τὸν
1504 3180 1760 3249 μάρτυρα
1788 3181 1896 3247 γὰρ

2005 3180 2219 3235 cmlitus
2240 3180 2359 3251 ejus
2403 3180 2480 3233 rei
2514 3176 2856 3248 providentia
2891 3175 3077 3232 divina
3109 3187 3239 3232 sunt
3273 3177 3569 3234 admoniti.

331 3275 609 3345 Θεόδωρον
639 3274 863 3344 πέμψας
893 3275 1140 3345 ἀοράτως
1166 3272 1299 3336 Θεὸς
1330 3271 1410 3342 τῷ
1441 3272 1538 3342 τῆς
1561 3273 1769 3334 πόλεως
1798 3274 1898 3344 άρ-

2005 3273 2139 3326 Nam
2176 3272 2318 3327 Deus
2351 3270 2642 3326 Theodoro
2672 3279 2913 3336 martyre
2949 3284 3151 3322 arcano
3183 3269 3344 3322 modo
3371 3269 3565 3336 misso,

330 3367 816 3437 χιερεί(Εὑδόξιος
864 3358 1020 3429 οὗτος
1046 3362 1177 3437 ἦν),
1225 3364 1568 3420 ὲνεκελεύετο
1597 3364 1899 3436 ἀπέχεσθαι

336 3456 437 3526 μὲν
470 3458 595 3519 τοὺς
626 3457 875 3510 εὐσεϐεῖν
907 3457 1221 3528 ᾑρημένους
1250 3456 1360 3510 τῶν
1390 3455 1479 3510 ἐπ’
1498 3456 1705 3528 ἀγορᾶς
1727 3456 1902 3511 τεθει-

335 3548 533 3618 μένων,
597 3552 744 3602 σῖτον
801 3548 858 3601 δὲ
902 3548 1126 3618 λέϐησιν
1161 3546 1418 3616 ἕψοντας,
1466 3545 1502 3601 ἃ
1529 3549 1585 3601 ὲν
1616 3547 1900 3618 Εὐχαῖτοις

330 3639 567 3693 κόλλυϐα
584 3639 814 3693 εἰώθασι
840 3638 1041 3707 λέγειν,
1071 3638 1516 3708 παραμυθεῖσθαι
1540 3639 1638 3709 τὴν
1666 3638 1894 3694 ἔνδειαν.

329 3731 504 3785 Τοῦτο
557 3732 602 3785 δ’
640 3732 860 3785 ἐκέλευε
896 3731 1039 3785 κατὰ
1090 3731 1192 3800 τὴν
1244 3730 1488 3800 μεγάλην
1515 3730 1615 3800 τῆς
1643 3731 1899 3796 νηστείας

331 3823 581 3894 ἡμέρανο
618 3822 647 3874 ὃ
674 3822 737 3894 δὴ
773 3823 867 3875 καὶ
899 3823 957 3888 ἐξ
986 3823 1201 3875 ἐκείνου
1233 3822 1266 3891 ἠ
1303 3821 1603 3892 Ἐκκλησία
1628 3821 1727 3893 τὴν
1761 3822 1900 3893 μνή-

334 3929 442 3982 μην
466 3910 841 3981 άνανεοομένη
867 3910 963 3965 τοῦ
995 3900 1416 3981 πεπραγμένου,
1443 3912 1500 3973 ἐς
1530 3908 1688 3980 δεῦρο
1722 3912 1897 3982 πράτ-

328 4019 413 4055 τει
431 4002 906 4075 πανηγυρίζουσα.
936 4001 1215 4075 Θεόδωρος
1240 4001 1286 4056 δ’
1318 3997 1475 4067 οὗτος
1499 3998 1590 4073 ἦν,
1625 4002 1683 4065 δς
1707 4003 1768 4056 ὲκ
1802 4001 1895 4054 τοῦ

332 4068 978 4164 ΤηρῶνικοῦΨτάτματος
1029 4068 1228 4165 Τήρων
1282 4068 1601 4164 ὠνόμαστο’
1663 4096 1759 4148 καὶ
1806 4095 1898 4147 ἐπὶ

331 4184 636 4255 Μαξιμίνου
659 4182 720 4238 τὸ
738 4184 833 4238 τοῦ
857 4187 1163 4256 μαρτυρίου
1192 4188 1412 4256 διήνυσε
1443 4187 1683 4252 στάδιον,
1706 4185 1896 4257 λάϐρῳ

331 4277 660 4347 παραδοθεὶς
718 4276 796 4347 τῷ
830 4279 990 4349 πυρί.
1045 4277 1237 4333 Πολλοὶ
1290 4278 1336 4331 δ’
1382 4277 1897 4348 ὀλοφυρόμενοι,ιτὰ

330 4370 591 4438 γινόμενα
619 4367 1030 4423 ὶϐδελύττοντοο
1061 4369 1209 4438 ὅμως
1236 4370 1349 4431 τοῖς
1394 4367 1773 4429 άποστολικοῖς
1805 4365 1899 4419 θε-

333 4464 489 4531 σμοῖς
516 4461 749 4515 ἕπεσθαι
773 4459 1066 4533 ᾑρημένοι,
1095 4460 1511 4530 μετελάμϐανον
1539 4460 1649 4515 τῶν
1675 4476 1898 4528 προκει-

2003 3363 2159 3418 urbis
2189 3364 2309 3434 ejus
2338 3364 2600 3432 episcopo
2631 3361 2891 3431 (Euzuius
2917 3360 2964 3414 is
2994 3360 3118 3419 fuit)
3176 3361 3477 3426 mandavit,
3513 3371 3575 3417 ut

2000 3457 2094 3526 qui
2133 3455 2223 3524 pie
2261 3454 2445 3509 vivere
2481 3454 2842 3518 statuissent,
2883 3466 2978 3505 eos
3015 3449 3294 3505 abstinere
3334 3466 3364 3505 a
3403 3450 3572 3507 rebus

1993 3547 2245 3620 juberet,
2292 3561 2414 3615 quae
2461 3546 2516 3599 in
2569 3545 2689 3598 foro
2742 3558 2940 3597 venum
2986 3543 3283 3613 proposita:
3331 3551 3570 3597 essent:

2003 3642 2243 3696 triticum
2268 3649 2450 3711 autem
2476 3640 2529 3692 in
2559 3638 2684 3692 ollis
2712 3625 3026 3706 coquereut'
3047 3635 3302 3701 (κόλυϐι,
3331 3635 3437 3688 hoc
3466 3643 3572 3699 est,

1999 3735 2334 3789 frumentum
2378 3741 2596 3786 coctum
2639 3728 2785 3798 apud
2833 3727 3128 3782 Euchaitas
3171 3725 3247 3797 (l)
3286 3726 3574 3780 nominare

1998 3825 2223 3894 solent),
2257 3838 2436 3893 eoque
2479 3822 3089 3890 inopiam-solarentur.
3118 3817 3176 3873 Id
3214 3833 3346 3871 vero
3374 3831 3572 3887 magno

1995 3917 2190 3990 jejunii
2225 3915 2313 3971 die
2348 3924 2681 3986 praeceptum
2732 3931 2746 3968 :
2789 3929 2853 3967 ex
2888 3927 2954 3967 eo
2996 3920 3244 3981 tempore
3284 3911 3411 3965 facti
3462 3924 3576 3962 me—

2001 4008 2233 4062 moriam
2295 4019 2568 4061 renovans
2620 4004 2906 4071 Ecclesia,
2961 4014 3019 4059 et
3071 4003 3349 4058 celebrem
3404 4015 3574 4070 agens

1998 4109 2358 4163 conventum,
2388 4098 2460 4152 ad
2488 4097 2638 4152 hunc
2667 4110 2841 4166 usque
2884 4095 3030 4149 diem
3072 4094 3353 4149 observat.
3390 4093 3576 4157 Theo-

1998 4192 2170 4248 dorus
2218 4200 2401 4247 autem
2456 4189 2559 4244 iste
2593 4196 2713 4252 est,
2757 4186 2852 4256 qui
2903 4202 2971 4240 ex
3019 4184 3292 4240 Tironum
3347 4182 3572 4245 ordine,

2000 4284 2221 4340 Tironis
2248 4296 2447 4337 nomen
2477 4278 2731 4349 accepit.
2758 4289 2815 4334 et
2840 4277 2944 4333 sub
2971 4276 3265 4332 Maximino
3290 4277 3356 4328 ad
3392 4274 3573 4345 ignem

1998 4392 2252 4432 voracem
2289 4376 2599 4435 damnatus,
2632 4386 2856 4426 cursum
2888 4384 3046 4424 suum
3096 4368 3153 4422 in
3182 4366 3429 4437 martyrii
3463 4375 3580 4420 sta-

2000 4469 2095 4524 dio
2131 4468 2357 4539 pulchre
2395 4465 2629 4536 peregit.
2674 4462 2949 4519 Caeterum
2985 4461 3245 4531 permulti
3278 4458 3486 4530 gemitu
3518 4467 3575 4514 et

332 4553 510 4618 μενων
532 4566 550 4584 ο
603 4550 733 4608 Πᾶν
765 4552 875 4622 γὰρ
933 4552 1001 4609 τὸ
1047 4552 1117 4605 ἐν
1149 4553 1431 4621 μακέλλῳ
1475 4553 1893 4621 πωλούμενον,

2005 4561 2257 4618 lamentis
2290 4562 2495 4613 factum
2550 4556 2655 4610 hoc
2698 4553 3054 4625 imperatoris
3088 4564 3218 4608 sunt
3249 4550 3523 4605 exsecrati
3557 4566 3576 4581 ·

331 4645 519 4713 φησὶν,
542 4642 796 4708 ἐσθίετε,
804 4643 1003 4712 μηδὲν
1032 4644 1461 4712 ἀνακρίνοντες
1488 4643 1587 4698 διὰ
1613 4643 1729 4710 τὴν
1751 4659 1899 4698 συν.

326 4736 584 4802 εἰδησιν.
620 4735 694 4789 Τὸ
742 4736 798 4789 δὲ
856 4737 1027 4807 μύσος
1049 4734 1206 4789 τοῦτο
1240 4735 1334 4789 τοῦ
1364 4736 1673 4791 άποστάτου
1703 4735 1760 4788 ἓν
1790 4753 1897 4790 τινι

330 4828 622 4899 συμποσίῳ
670 4826 764 4881 δύο
836 4829 980 4891 τινὲς
1034 4827 1225 4881 τούτου
1292 4828 1654 4897 άσπιδηφὸροι
1714 4827 1897 4891 καλῶς

329 4919 763 4990 ὲθριάμϐευσαν,
787 4919 879 4972 ἐπὶ
898 4920 1160 4991 στρατείᾳ
1175 4919 1447 4990 λαμπρῶς
1471 4919 1900 4991 διαπρέψαντες.

340 5010 574 5083 Ἐπῇδον
610 5013 721 5081 γὰρ
753 5012 941 5065 ἐκεῖνα
986 5012 1054 5066 τά
1102 5011 1198 5065 τοῦ
1243 5011 1463 5081 ψαλμοῦ
1492 5027 1505 5041 °
1540 5013 1898 5080 Παρέδωκας

329 5102 507 5171 ἡμᾶς,
535 5165 542 5172 ,
569 5104 821 5169 λέγοντες
846 5143 861 5163 ,
902 5098 907 5101 ’
916 5103 1169 5168 βασιλεῖ
1194 5105 1381 5172 ἀδίκῳ
1421 5105 1521 5158 καὶ
1553 5108 1899 5175 παρανόμῳ,

333 5180 646 5264 «incon-itu
693 5196 791 5250 καὶ
818 5197 1203 5267 πονηροτάτῳ
1231 5198 1393 5268 παρὰ
1430 5198 1627 5253 πάντα
1653 5200 1726 5253 τὰ
1749 5199 1894 5267 ἔθνη

331 5293 399 5340 τὰ
431 5287 527 5340 ἐπὶ
554 5286 664 5355 τῆς
694 5288 828 5356 γῆς.
866 5286 989 5342 Τῶν
1016 5305 1101 5351 τις
1129 5287 1177 5343 δ’
1226 5291 1617 5360 ὁμοτραπέξων
1643 5291 1703 5344 τὸ
1739 5289 1897 5363 ῥῆμα

335 5376 410 5444 τῷ
438 5376 653 5447 βασιλεῖ
676 5378 1025 5449 διεμήνυσεν.
1055 5380 1114 5433 '0
1139 5380 1342 5451 δὲ,τοὺς
1376 5380 1632 5450 ἀρίστους
1658 5384 1897 5446 ἐκείνους

340 5469 533 5541 ἄνδρας
590 5472 1109 5543 μεταστειλάμενος,
1167 5472 1287 5526 τίνα
1326 5474 1392 5527 ἂν
1453 5475 1538 5544 εῑη
1592 5474 1658 5527 τὰ
1713 5475 1800 5528 ἐπὶ
1829 5478 1894 5546 τῇ

335 5561 798 5637 διαίτῃεὶρημένα
821 5565 1239 5619 ἀνεπυνθάνετο.
1271 5565 1337 5620 οι
1369 5566 1425 5618 δὲ
1463 5568 1739 5640 παρρησίᾳ
1766 5587 1896 5637 [pq-

405 5682 417 5711 '
455 5681 594 5737 Psal.
643 5698 808 5751 uvn,
839 5685 893 5738 ἓ.
975 5689 995 5717 ¹
1037 5688 1053 5743 Ι
1090 5688 1217 5743 Cor.
1255 5706 1304 5751 χ,
1337 5690 1425 5743 25.

1998 4653 2362 4709 nihilominus
2390 4660 2570 4704 tamen
2606 4647 2926 4717 apostolicis
2960 4643 3339 4699 sanctionibus
3373 4642 3574 4709 innixi,

2002 4763 2123 4817 qua:
2144 4742 2618 4815 proponebantur,
2642 4751 2955 4808 sumpsere.
3007 4735 3177 4792 Omne
3198 4737 3358 4797 enim,
3376 4734 3576 4803 inquit,

2003 4837 2141 4909 quod
2168 4839 2222 4891 in
2254 4835 2477 4889 macello
2507 4833 2768 4895 venditur,
2807 4831 2965 4890 edite,
2997 4826 3135 4881 nihil
3163 4830 3574 4895 interrogantes,

2005 4940 2219 5002 propter
2237 4928 2613 4984 conscientiam
2642 4928 2681 4979 '.
2716 4923 3195 4979 Abominationem
3225 4919 3366 4972 hanc
3390 4919 3572 4971 deser~

2009 5025 2145 5079 toris
2179 5023 2289 5077 duo
2319 5020 2545 5091 quidam
2576 5016 2923 5088 scutigeruli,
2955 5015 3049 5085 qui
3084 5013 3264 5083 ampla
3297 5008 3574 5080 stipendia

2004 5113 2060 5168 in
2097 5113 2289 5167 militia
2332 5111 2624 5173 faciebant,
2657 5109 2712 5162 in
2741 5109 2981 5177 quodam
3012 5105 3270 5161 convivio
3305 5115 3571 5172 perquam

2005 5207 2143 5260 scite
2192 5204 2573 5259 traduxerunt.
2626 5198 2801 5257 Verba
2850 5201 2999 5254 enim
3058 5197 3147 5250 illa
3197 5193 3573 5265 praestantium

2006 5267 2061 5353 i’n
2106 5296 2378 5368 Babylone
2431 5308 2726 5364 puerorum
2781 5292 3188 5347 concinucrunt
3223 5302 3241 5341 :
3283 5284 3575 5341 Tradidisti

2007 5406 2099 5446 nos
2122 5391 2230 5460 regi
2255 5390 2436 5460 iniquo
2463 5396 2512 5440 et
2539 5386 2938 5455 transgressori,
2978 5382 3231 5436 desertori
3260 5386 3313 5434 el
3344 5379 3570 5449 pessimo

2004 5495 2167 5549 supra
2193 5494 2371 5533 omnes
2407 5485 2583 5547 gentes
2622 5482 2796 5530 terra.
2836 5474 3010 5529 Porro
3046 5487 3113 5528 ex
3161 5469 3410 5526 convivis
3447 5467 3574 5537 qui-

2005 5577 2129 5628 dam
2156 5587 2267 5626 rem
2297 5585 2416 5625 eam
2449 5568 2514 5623 ad
2546 5571 2931 5638 imperatorem
2960 5565 3181 5623 detulit.
3206 5563 3273 5620 Et
3300 5562 3393 5618 ille
3420 5562 3571 5632 opti-

404 5842 473 5908 (Ι,
499 5840 703 5895 Ε·ι‹·1ι;ιί
735 5862 798 5907 ιιι,
840 5846 1021 5917 populi
1052 5846 1289 5916 Scythici
1322 5857 1465 5901 sum.
1499 5849 1661 5903 (Plin.
1686 5849 1783 5903 lib.
1815 5863 1889 5910 VI,

2005 5866 2045 5916 ρ.
2099 5846 2206 5912 IT.)
