  <div class='ocr_page' id='page_1' title='image "/cluster/home/n/w/nwhite01/storage/ocr_20150623/146/hvd.32044019208347/248.png"; bbox 0 0 3870 6560; ppageno 0'>
   <div class='ocr_carea' id='block_1_1' title="bbox 249 454 421 518">
    <p class='ocr_par' dir='ltr' id='par_1_1' title="bbox 249 454 421 518">
     <span class='ocr_line' id='line_1_1' title="bbox 249 454 421 518; baseline 0 -1"><span class='ocrx_word' id='word_1_1' title='bbox 249 454 421 518; x_wconf 53' lang='grc' dir='ltr'>481ν</span> 
     </span>
    </p>
   </div>
   <div class='ocr_carea' id='block_1_2' title="bbox 1142 408 2481 509">
    <p class='ocr_par' dir='ltr' id='par_1_2' title="bbox 1142 408 2481 509">
     <span class='ocr_line' id='line_1_2' title="bbox 1142 408 2481 509; baseline -0.009 0"><span class='ocrx_word' id='word_1_2' title='bbox 1142 442 1751 509; x_wconf 64' lang='lat' dir='ltr'><strong>ECCLEsusvica</strong></span> <span class='ocrx_word' id='word_1_3' title='bbox 1795 439 2182 500; x_wconf 67' lang='lat' dir='ltr'><strong>HlSTORl/E</strong></span> <span class='ocrx_word' id='word_1_4' title='bbox 2214 436 2358 497; x_wconf 81' lang='lat' dir='ltr'><strong>LIB.</strong></span> <span class='ocrx_word' id='word_1_5' title='bbox 2409 433 2481 497; x_wconf 84' lang='lat' dir='ltr'><strong>x.</strong></span> 
     </span>
    </p>
   </div>
   <div class='ocr_carea' id='block_1_3' title="bbox 3411 429 3514 496">
    <p class='ocr_par' dir='ltr' id='par_1_3' title="bbox 3411 429 3514 496">
     <span class='ocr_line' id='line_1_3' title="bbox 3411 429 3514 496; baseline -0.01 0"><span class='ocrx_word' id='word_1_6' title='bbox 3411 429 3514 496; x_wconf 67' lang='lat'><strong>482</strong></span> 
     </span>
    </p>
   </div>
   <div class='ocr_carea' id='block_1_4' title="bbox 250 535 1861 641">
    <p class='ocr_par' dir='ltr' id='par_1_4' title="bbox 250 550 1833 641">
     <span class='ocr_line' id='line_1_4' title="bbox 250 550 1833 641; baseline -0.013 -18"><span class='ocrx_word' id='word_1_7' title='bbox 250 571 413 641; x_wconf 74' lang='grc' dir='ltr'>ἡμεῖς</span> <span class='ocrx_word' id='word_1_8' title='bbox 438 565 565 637; x_wconf 73' lang='grc' dir='ltr'>περὶ</span> <span class='ocrx_word' id='word_1_9' title='bbox 595 564 785 628; x_wconf 78' lang='grc' dir='ltr'>οὐσίας</span> <span class='ocrx_word' id='word_1_10' title='bbox 811 562 907 618; x_wconf 52' lang='grc' dir='ltr'><strong>καὶ⁸</strong></span> <span class='ocrx_word' id='word_1_11' title='bbox 939 559 1294 621; x_wconf 77' lang='grc' dir='ltr'><strong>ὑποστάσεως</strong></span> <span class='ocrx_word' id='word_1_12' title='bbox 1342 558 1526 624; x_wconf 73' lang='grc' dir='ltr'>ἴσμεν,</span> <span class='ocrx_word' id='word_1_13' title='bbox 1557 552 1730 615; x_wconf 75' lang='grc' dir='ltr'>οὐδεὶς</span> <span class='ocrx_word' id='word_1_14' title='bbox 1767 550 1833 604; x_wconf 85' lang='grc' dir='ltr'>ἂν</span> 
     </span>
    </p>
   </div>
   <div class='ocr_carea' id='block_1_5' title="bbox 1968 535 3514 641">
    <p class='ocr_par' dir='ltr' id='par_1_5' title="bbox 1968 539 3514 608">
     <span class='ocr_line' id='line_1_5' title="bbox 1968 539 3514 608; baseline -0.003 -9"><span class='ocrx_word' id='word_1_15' title='bbox 1968 548 2065 602; x_wconf 80' lang='lat' dir='ltr'><strong>hec</strong></span> <span class='ocrx_word' id='word_1_16' title='bbox 2090 561 2220 601; x_wconf 84' lang='lat' dir='ltr'><strong>sane</strong></span> <span class='ocrx_word' id='word_1_17' title='bbox 2247 540 2589 599; x_wconf 68' lang='lat' dir='ltr'><strong>Alexandria:</strong></span> <span class='ocrx_word' id='word_1_18' title='bbox 2616 540 2836 596; x_wconf 86' lang='lat' dir='ltr'><strong>decreta</strong></span> <span class='ocrx_word' id='word_1_19' title='bbox 2862 547 3013 595; x_wconf 88' lang='lat' dir='ltr'><strong>sunt.</strong></span> <span class='ocrx_word' id='word_1_20' title='bbox 3040 539 3169 608; x_wconf 74' lang='lat' dir='ltr'><strong>Quae.</strong></span> <span class='ocrx_word' id='word_1_21' title='bbox 3192 556 3323 596; x_wconf 82' lang='lat' dir='ltr'><strong>vero</strong></span> <span class='ocrx_word' id='word_1_22' title='bbox 3352 542 3514 595; x_wconf 86' lang='lat' dir='ltr'><strong>nobis</strong></span> 
     </span>
    </p>
   </div>
   <div class='ocr_carea' id='block_1_6' title="bbox 253 646 1830 733">
    <p class='ocr_par' dir='ltr' id='par_1_6' title="bbox 253 646 1830 733">
     <span class='ocr_line' id='line_1_6' title="bbox 253 646 1830 733; baseline -0.013 -17"><span class='ocrx_word' id='word_1_23' title='bbox 253 650 467 733; x_wconf 65' lang='grc' dir='ltr'>γένοιτο</span> <span class='ocrx_word' id='word_1_24' title='bbox 496 660 692 731; x_wconf 87' lang='grc' dir='ltr'>φθόνος</span> <span class='ocrx_word' id='word_1_25' title='bbox 725 659 813 716; x_wconf 76' lang='grc' dir='ltr'>διὰ</span> <span class='ocrx_word' id='word_1_26' title='bbox 836 657 1082 729; x_wconf 80' lang='grc' dir='ltr'>βραχέων</span> <span class='ocrx_word' id='word_1_27' title='bbox 1113 657 1309 709; x_wconf 87' lang='grc' dir='ltr'>είπεῖν.</span> <span class='ocrx_word' id='word_1_28' title='bbox 1342 652 1406 706; x_wconf 81' lang='lat' dir='ltr'><strong>Oi</strong></span> <span class='ocrx_word' id='word_1_29' title='bbox 1431 649 1564 719; x_wconf 79' lang='grc' dir='ltr'>παρ’</span> <span class='ocrx_word' id='word_1_30' title='bbox 1595 646 1830 716; x_wconf 85' lang='grc' dir='ltr'>Ἕλλησι</span> 
     </span>
    </p>
   </div>
   <div class='ocr_carea' id='block_1_7' title="bbox 250 737 1832 823">
    <p class='ocr_par' dir='ltr' id='par_1_7' title="bbox 250 737 1832 823">
     <span class='ocr_line' id='line_1_7' title="bbox 250 737 1832 823; baseline -0.011 -15"><span class='ocrx_word' id='word_1_31' title='bbox 250 755 351 823; x_wconf 74' lang='grc' dir='ltr'>τὴν</span> <span class='ocrx_word' id='word_1_32' title='bbox 376 752 699 823; x_wconf 75' lang='grc' dir='ltr'><strong>φιλοσοφίαν</strong></span> <span class='ocrx_word' id='word_1_33' title='bbox 722 749 1168 821; x_wconf 85' lang='grc' dir='ltr'>στοιχειώσαντες</span> <span class='ocrx_word' id='word_1_34' title='bbox 1191 741 1550 804; x_wconf 78' lang='grc' dir='ltr'><strong>ὑποστάσεως</strong></span> <span class='ocrx_word' id='word_1_35' title='bbox 1582 739 1681 809; x_wconf 75' lang='grc' dir='ltr'>μὲν</span> <span class='ocrx_word' id='word_1_36' title='bbox 1707 737 1832 790; x_wconf 79' lang='grc' dir='ltr'>οὐδὲ</span> 
     </span>
    </p>
   </div>
   <div class='ocr_carea' id='block_1_8' title="bbox 263 830 1836 913">
    <p class='ocr_par' dir='ltr' id='par_1_8' title="bbox 263 830 1836 913">
     <span class='ocr_line' id='line_1_8' title="bbox 263 830 1836 913; baseline -0.013 -12"><span class='ocrx_word' id='word_1_37' title='bbox 263 847 450 909; x_wconf 65' lang='grc' dir='ltr'>ανείας</span> <span class='ocrx_word' id='word_1_38' title='bbox 477 845 537 898; x_wconf 74' lang='grc' dir='ltr'>τὸ</span> <span class='ocrx_word' id='word_1_39' title='bbox 569 843 832 913; x_wconf 78' lang='grc' dir='ltr'>παράπαν</span> <span class='ocrx_word' id='word_1_40' title='bbox 882 840 1122 909; x_wconf 68' lang='grc' dir='ltr'>ἠξίωσαν</span> <span class='ocrx_word' id='word_1_41' title='bbox 1149 839 1358 908; x_wconf 80' lang='grc' dir='ltr'>δνομα’</span> <span class='ocrx_word' id='word_1_42' title='bbox 1396 834 1612 894; x_wconf 76' lang='grc' dir='ltr'>πολλοῖς</span> <span class='ocrx_word' id='word_1_43' title='bbox 1634 832 1691 885; x_wconf 67' lang='grc' dir='ltr'>δὲ</span> <span class='ocrx_word' id='word_1_44' title='bbox 1721 830 1836 898; x_wconf 83' lang='grc' dir='ltr'>ὁρι-</span> 
     </span>
    </p>
   </div>
   <div class='ocr_carea' id='block_1_9' title="bbox 257 921 1832 1009">
    <p class='ocr_par' dir='ltr' id='par_1_9' title="bbox 257 921 1832 1009">
     <span class='ocr_line' id='line_1_9' title="bbox 257 921 1832 1009; baseline -0.011 -17"><span class='ocrx_word' id='word_1_45' title='bbox 257 941 414 1007; x_wconf 84' lang='grc' dir='ltr'>σμοῖς</span> <span class='ocrx_word' id='word_1_46' title='bbox 439 938 542 1009; x_wconf 77' lang='grc' dir='ltr'>τὴν</span> <span class='ocrx_word' id='word_1_47' title='bbox 573 937 764 990; x_wconf 83' lang='grc' dir='ltr'>οὐσίαν</span> <span class='ocrx_word' id='word_1_48' title='bbox 820 921 1151 1003; x_wconf 65' lang='grc' dir='ltr'>παρέδοσαν.</span> <span class='ocrx_word' id='word_1_49' title='bbox 1195 929 1487 999; x_wconf 75' lang='grc' dir='ltr'>Εἰρηναῖος</span> <span class='ocrx_word' id='word_1_50' title='bbox 1537 925 1595 978; x_wconf 84' lang='grc' dir='ltr'>δὲ</span> <span class='ocrx_word' id='word_1_51' title='bbox 1647 926 1673 977; x_wconf 91' lang='grc' dir='ltr'><strong>ό</strong></span> <span class='ocrx_word' id='word_1_52' title='bbox 1701 921 1832 992; x_wconf 83' lang='grc' dir='ltr'>παρ’</span> 
     </span>
    </p>
   </div>
   <div class='ocr_carea' id='block_1_10' title="bbox 285 1014 1835 1101">
    <p class='ocr_par' dir='ltr' id='par_1_10' title="bbox 285 1014 1835 1101">
     <span class='ocr_line' id='line_1_10' title="bbox 285 1014 1835 1101; baseline -0.012 -15"><span class='ocrx_word' id='word_1_53' title='bbox 285 1033 488 1094; x_wconf 76' lang='grc' dir='ltr'>κείνοις</span> <span class='ocrx_word' id='word_1_54' title='bbox 544 1028 934 1101; x_wconf 70' lang='grc' dir='ltr'>γραμματικδς</span> <span class='ocrx_word' id='word_1_55' title='bbox 969 1028 1029 1080; x_wconf 77' lang='grc' dir='ltr'>ὲν</span> <span class='ocrx_word' id='word_1_56' title='bbox 1082 1023 1160 1093; x_wconf 83' lang='grc' dir='ltr'>τῷ</span> <span class='ocrx_word' id='word_1_57' title='bbox 1183 1018 1656 1090; x_wconf 76' lang='grc' dir='ltr'>ἐπιγεγραμμένῳ</span> <span class='ocrx_word' id='word_1_58' title='bbox 1690 1014 1835 1069; x_wconf 75' lang='grc' dir='ltr'>κατὰ</span> 
     </span>
    </p>
   </div>
   <div class='ocr_carea' id='block_1_11' title="bbox 263 1108 1830 1193">
    <p class='ocr_par' dir='ltr' id='par_1_11' title="bbox 263 1108 1830 1193">
     <span class='ocr_line' id='line_1_11' title="bbox 263 1108 1830 1193; baseline -0.014 -14"><span class='ocrx_word' id='word_1_59' title='bbox 263 1127 530 1193; x_wconf 70' lang='grc' dir='ltr'>στοιχεῖον</span> <span class='ocrx_word' id='word_1_60' title='bbox 561 1117 896 1186; x_wconf 71' lang='grc' dir='ltr'>Ἀττικιστιῖ</span> <span class='ocrx_word' id='word_1_61' title='bbox 928 1119 1024 1171; x_wconf 72' lang='grc' dir='ltr'>καὶ</span> <span class='ocrx_word' id='word_1_62' title='bbox 1056 1115 1332 1187; x_wconf 77' lang='grc' dir='ltr'>βάρϐαρον</span> <span class='ocrx_word' id='word_1_63' title='bbox 1355 1112 1452 1183; x_wconf 77' lang='grc' dir='ltr'>τὴν</span> <span class='ocrx_word' id='word_1_64' title='bbox 1479 1110 1624 1174; x_wconf 85' lang='grc' dir='ltr'>λέξιν</span> <span class='ocrx_word' id='word_1_65' title='bbox 1650 1108 1830 1161; x_wconf 78' lang='grc' dir='ltr'>καλεῖ·</span> 
     </span>
    </p>
   </div>
   <div class='ocr_carea' id='block_1_12' title="bbox 262 1197 1837 1289">
    <p class='ocr_par' dir='ltr' id='par_1_12' title="bbox 262 1197 1837 1289">
     <span class='ocr_line' id='line_1_12' title="bbox 262 1197 1837 1289; baseline -0.012 -18"><span class='ocrx_word' id='word_1_66' title='bbox 262 1219 396 1289; x_wconf 71' lang='grc' dir='ltr'>μηδὲ</span> <span class='ocrx_word' id='word_1_67' title='bbox 431 1217 543 1285; x_wconf 78' lang='grc' dir='ltr'>γὰρ</span> <span class='ocrx_word' id='word_1_68' title='bbox 572 1217 684 1278; x_wconf 89' lang='grc' dir='ltr'>τοῖς</span> <span class='ocrx_word' id='word_1_69' title='bbox 714 1213 962 1274; x_wconf 83' lang='grc' dir='ltr'>παλαιοῖς</span> <span class='ocrx_word' id='word_1_70' title='bbox 987 1213 1045 1265; x_wconf 79' lang='grc' dir='ltr'>ὲν</span> <span class='ocrx_word' id='word_1_71' title='bbox 1075 1209 1238 1281; x_wconf 82' lang='grc' dir='ltr'>μνείᾳ</span> <span class='ocrx_word' id='word_1_72' title='bbox 1269 1202 1410 1260; x_wconf 72' lang='grc' dir='ltr'>εἷναί</span> <span class='ocrx_word' id='word_1_73' title='bbox 1437 1218 1605 1289; x_wconf 76' lang='grc' dir='ltr'>φησιν</span> <span class='ocrx_word' id='word_1_74' title='bbox 1631 1219 1643 1232; x_wconf 92' lang='grc'>·</span> <span class='ocrx_word' id='word_1_75' title='bbox 1681 1201 1731 1253; x_wconf 90' lang='grc' dir='ltr'><strong>εί</strong></span> <span class='ocrx_word' id='word_1_76' title='bbox 1779 1197 1837 1252; x_wconf 84' lang='grc' dir='ltr'><strong>δέ</strong></span> 
     </span>
    </p>
   </div>
   <div class='ocr_carea' id='block_1_13' title="bbox 259 1286 1839 1372">
    <p class='ocr_par' dir='ltr' id='par_1_13' title="bbox 259 1286 1839 1372">
     <span class='ocr_line' id='line_1_13' title="bbox 259 1286 1839 1372; baseline -0.014 -11"><span class='ocrx_word' id='word_1_77' title='bbox 259 1286 363 1361; x_wconf 80' lang='grc' dir='ltr'><strong>πού</strong></span> <span class='ocrx_word' id='word_1_78' title='bbox 391 1323 478 1370; x_wconf 86' lang='grc' dir='ltr'><strong>τις</strong></span> <span class='ocrx_word' id='word_1_79' title='bbox 531 1306 665 1368; x_wconf 84' lang='grc' dir='ltr'>ῖσως</span> <span class='ocrx_word' id='word_1_80' title='bbox 717 1304 813 1357; x_wconf 68' lang='grc' dir='ltr'>καὶ</span> <span class='ocrx_word' id='word_1_81' title='bbox 849 1302 1142 1372; x_wconf 81' lang='grc' dir='ltr'><strong>μέμνηται,</strong></span> <span class='ocrx_word' id='word_1_82' title='bbox 1196 1297 1272 1367; x_wconf 82' lang='grc' dir='ltr'>μὴ</span> <span class='ocrx_word' id='word_1_83' title='bbox 1301 1293 1387 1364; x_wconf 69' lang='grc' dir='ltr'><strong>ἐφ’</strong></span> <span class='ocrx_word' id='word_1_84' title='bbox 1417 1286 1496 1356; x_wconf 76' lang='grc' dir='ltr'><strong>οἷς</strong></span> <span class='ocrx_word' id='word_1_85' title='bbox 1526 1291 1621 1344; x_wconf 82' lang='grc' dir='ltr'><strong>νῦν</strong></span> <span class='ocrx_word' id='word_1_86' title='bbox 1653 1303 1839 1357; x_wconf 83' lang='grc' dir='ltr'>παρα-</span> 
     </span>
    </p>
   </div>
   <div class='ocr_carea' id='block_1_14' title="bbox 259 1381 1839 1470">
    <p class='ocr_par' dir='ltr' id='par_1_14' title="bbox 259 1381 1839 1470">
     <span class='ocr_line' id='line_1_14' title="bbox 259 1381 1839 1470; baseline -0.013 -18"><span class='ocrx_word' id='word_1_87' title='bbox 259 1400 625 1470; x_wconf 80' lang='grc' dir='ltr'>λαμϐάνεται,</span> <span class='ocrx_word' id='word_1_88' title='bbox 660 1398 926 1467; x_wconf 48' lang='grc' dir='ltr'>κείρηται.</span> <span class='ocrx_word' id='word_1_89' title='bbox 991 1391 1269 1463; x_wconf 79' lang='grc' dir='ltr'>Σοφοκλῆς</span> <span class='ocrx_word' id='word_1_90' title='bbox 1326 1388 1427 1460; x_wconf 86' lang='grc' dir='ltr'>μὲν</span> <span class='ocrx_word' id='word_1_91' title='bbox 1478 1386 1586 1455; x_wconf 85' lang='grc' dir='ltr'>γὰρ</span> <span class='ocrx_word' id='word_1_92' title='bbox 1615 1381 1839 1450; x_wconf 75' lang='grc' dir='ltr'>ἐνέδραν</span> 
     </span>
    </p>
   </div>
   <div class='ocr_carea' id='block_1_15' title="bbox 262 1473 1843 1563">
    <p class='ocr_par' dir='ltr' id='par_1_15' title="bbox 262 1473 1843 1563">
     <span class='ocr_line' id='line_1_15' title="bbox 262 1473 1843 1563; baseline -0.013 -17"><span class='ocrx_word' id='word_1_93' title='bbox 262 1491 557 1563; x_wconf 76' lang='grc' dir='ltr'>σημαίνειν</span> <span class='ocrx_word' id='word_1_94' title='bbox 583 1489 685 1559; x_wconf 80' lang='grc' dir='ltr'>τὴν</span> <span class='ocrx_word' id='word_1_95' title='bbox 719 1490 1068 1543; x_wconf 76' lang='grc' dir='ltr'>ὑπόστασιν</span> <span class='ocrx_word' id='word_1_96' title='bbox 1096 1485 1155 1538; x_wconf 78' lang='grc' dir='ltr'>ὲν</span> <span class='ocrx_word' id='word_1_97' title='bbox 1187 1481 1414 1549; x_wconf 82' lang='grc' dir='ltr'>Φοινίκῃ</span> <span class='ocrx_word' id='word_1_98' title='bbox 1444 1479 1690 1530; x_wconf 84' lang='grc' dir='ltr'>τίθεται·</span> <span class='ocrx_word' id='word_1_99' title='bbox 1730 1473 1843 1531; x_wconf 84' lang='grc' dir='ltr'><strong>Μέ-</strong></span> 
     </span>
    </p>
   </div>
   <div class='ocr_carea' id='block_1_16' title="bbox 260 1570 1842 1657">
    <p class='ocr_par' dir='ltr' id='par_1_16' title="bbox 260 1570 1842 1657">
     <span class='ocr_line' id='line_1_16' title="bbox 260 1570 1842 1657; baseline -0.009 -20"><span class='ocrx_word' id='word_1_100' title='bbox 260 1585 492 1657; x_wconf 84' lang='grc' dir='ltr'>νανδρος</span> <span class='ocrx_word' id='word_1_101' title='bbox 519 1583 576 1639; x_wconf 83' lang='grc' dir='ltr'>δὲ</span> <span class='ocrx_word' id='word_1_102' title='bbox 607 1582 912 1637; x_wconf 80' lang='grc' dir='ltr'>ὑπόστασιν</span> <span class='ocrx_word' id='word_1_103' title='bbox 956 1578 1109 1647; x_wconf 81' lang='grc' dir='ltr'>λέγει</span> <span class='ocrx_word' id='word_1_104' title='bbox 1161 1576 1230 1630; x_wconf 87' lang='grc' dir='ltr'><strong>τά</strong></span> <span class='ocrx_word' id='word_1_105' title='bbox 1262 1573 1665 1647; x_wconf 86' lang='grc' dir='ltr'>καρυκεύματα</span> <span class='ocrx_word' id='word_1_106' title='bbox 1691 1588 1705 1602; x_wconf 91' lang='grc'><strong>·</strong></span> <span class='ocrx_word' id='word_1_107' title='bbox 1747 1570 1842 1623; x_wconf 79' lang='grc' dir='ltr'>καὶ</span> 
     </span>
    </p>
   </div>
   <div class='ocr_carea' id='block_1_17' title="bbox 259 1665 1843 1748">
    <p class='ocr_par' dir='ltr' id='par_1_17' title="bbox 259 1665 1843 1748">
     <span class='ocr_line' id='line_1_17' title="bbox 259 1665 1843 1748; baseline -0.009 -19"><span class='ocrx_word' id='word_1_108' title='bbox 259 1677 421 1741; x_wconf 85' lang='grc' dir='ltr'>ἄλλος</span> <span class='ocrx_word' id='word_1_109' title='bbox 483 1677 586 1748; x_wconf 81' lang='grc' dir='ltr'>τὴν</span> <span class='ocrx_word' id='word_1_110' title='bbox 638 1677 697 1730; x_wconf 71' lang='grc' dir='ltr'>ἐν</span> <span class='ocrx_word' id='word_1_111' title='bbox 747 1674 894 1747; x_wconf 78' lang='grc' dir='ltr'>πίθῳ</span> <span class='ocrx_word' id='word_1_112' title='bbox 942 1672 1120 1746; x_wconf 85' lang='grc' dir='ltr'>τρύγα</span> <span class='ocrx_word' id='word_1_113' title='bbox 1161 1669 1349 1742; x_wconf 88' lang='grc' dir='ltr'>φησίν.</span> <span class='ocrx_word' id='word_1_114' title='bbox 1411 1667 1624 1722; x_wconf 85' lang='grc' dir='ltr'>Είδέναι</span> <span class='ocrx_word' id='word_1_115' title='bbox 1658 1665 1843 1735; x_wconf 85' lang='grc' dir='ltr'>μέντοι</span> 
     </span>
    </p>
   </div>
   <div class='ocr_carea' id='block_1_18' title="bbox 262 1753 1845 1840">
    <p class='ocr_par' dir='ltr' id='par_1_18' title="bbox 262 1753 1845 1840">
     <span class='ocr_line' id='line_1_18' title="bbox 262 1753 1845 1840; baseline -0.011 -17"><span class='ocrx_word' id='word_1_116' title='bbox 262 1768 467 1840; x_wconf 75' lang='grc' dir='ltr'>χρεὼν,</span> <span class='ocrx_word' id='word_1_117' title='bbox 502 1768 579 1833; x_wconf 83' lang='grc' dir='ltr'>ὡς</span> <span class='ocrx_word' id='word_1_118' title='bbox 613 1769 663 1823; x_wconf 89' lang='grc' dir='ltr'><strong>εί</strong></span> <span class='ocrx_word' id='word_1_119' title='bbox 717 1770 815 1823; x_wconf 72' lang='grc' dir='ltr'>καὶ</span> <span class='ocrx_word' id='word_1_120' title='bbox 861 1763 1217 1833; x_wconf 76' lang='grc' dir='ltr'>παλαιότεροι</span> <span class='ocrx_word' id='word_1_121' title='bbox 1266 1760 1376 1816; x_wconf 86' lang='grc' dir='ltr'><strong>τῶν</strong></span> <span class='ocrx_word' id='word_1_122' title='bbox 1408 1757 1714 1829; x_wconf 86' lang='grc' dir='ltr'>φιλοσόφων</span> <span class='ocrx_word' id='word_1_123' title='bbox 1744 1753 1845 1824; x_wconf 82' lang='grc' dir='ltr'>τὴν</span> 
     </span>
    </p>
   </div>
   <div class='ocr_carea' id='block_1_19' title="bbox 259 1842 1845 1924">
    <p class='ocr_par' dir='ltr' id='par_1_19' title="bbox 259 1842 1845 1924">
     <span class='ocr_line' id='line_1_19' title="bbox 259 1842 1845 1924; baseline -0.011 -14"><span class='ocrx_word' id='word_1_124' title='bbox 259 1856 406 1921; x_wconf 66' lang='grc' dir='ltr'>ὶέξιν</span> <span class='ocrx_word' id='word_1_125' title='bbox 431 1857 500 1909; x_wconf 83' lang='grc' dir='ltr'>ὲν</span> <span class='ocrx_word' id='word_1_126' title='bbox 535 1854 713 1908; x_wconf 79' lang='grc' dir='ltr'>οὐδενὶ</span> <span class='ocrx_word' id='word_1_127' title='bbox 745 1850 915 1924; x_wconf 74' lang='grc' dir='ltr'>εἶχον,</span> <span class='ocrx_word' id='word_1_128' title='bbox 946 1850 1004 1904; x_wconf 70' lang='lat' dir='ltr'><strong>ot</strong></span> <span class='ocrx_word' id='word_1_129' title='bbox 1021 1867 1085 1917; x_wconf 84' lang='grc' dir='ltr'><strong>γε</strong></span> <span class='ocrx_word' id='word_1_130' title='bbox 1117 1848 1224 1920; x_wconf 81' lang='grc' dir='ltr'>μὴν</span> <span class='ocrx_word' id='word_1_131' title='bbox 1253 1846 1513 1916; x_wconf 81' lang='grc' dir='ltr'>νεώτεροι</span> <span class='ocrx_word' id='word_1_132' title='bbox 1547 1843 1759 1914; x_wconf 84' lang='grc' dir='ltr'>συχνῶς</span> <span class='ocrx_word' id='word_1_133' title='bbox 1776 1842 1845 1912; x_wconf 72' lang='grc' dir='ltr'>τῇ</span> 
     </span>
    </p>
   </div>
   <div class='ocr_carea' id='block_1_20' title="bbox 263 1935 1846 2016">
    <p class='ocr_par' dir='ltr' id='par_1_20' title="bbox 263 1935 1846 2016">
     <span class='ocr_line' id='line_1_20' title="bbox 263 1935 1846 2016; baseline -0.009 -17"><span class='ocrx_word' id='word_1_134' title='bbox 263 1948 356 2016; x_wconf 79' lang='grc' dir='ltr'>τῆς</span> <span class='ocrx_word' id='word_1_135' title='bbox 410 1943 776 2005; x_wconf 78' lang='grc' dir='ltr'>ὑποστάσεως</span> <span class='ocrx_word' id='word_1_136' title='bbox 825 1939 970 2007; x_wconf 79' lang='grc' dir='ltr'>λέξει</span> <span class='ocrx_word' id='word_1_137' title='bbox 1010 1940 1131 1993; x_wconf 78' lang='grc' dir='ltr'>ἀντὶ</span> <span class='ocrx_word' id='word_1_138' title='bbox 1161 1938 1259 2005; x_wconf 84' lang='grc' dir='ltr'>τῆς</span> <span class='ocrx_word' id='word_1_139' title='bbox 1297 1935 1485 1997; x_wconf 83' lang='grc' dir='ltr'>οὐσίας</span> <span class='ocrx_word' id='word_1_140' title='bbox 1519 1935 1846 2005; x_wconf 75' lang='grc' dir='ltr'>ἐχρήσαντο.</span> 
     </span>
    </p>
   </div>
   <div class='ocr_carea' id='block_1_21' title="bbox 264 2022 1848 2108">
    <p class='ocr_par' dir='ltr' id='par_1_21' title="bbox 264 2022 1848 2108">
     <span class='ocr_line' id='line_1_21' title="bbox 264 2022 1848 2108; baseline -0.011 -17"><span class='ocrx_word' id='word_1_141' title='bbox 264 2042 542 2108; x_wconf 84' lang='grc' dir='ltr'>Διάφορον</span> <span class='ocrx_word' id='word_1_142' title='bbox 570 2035 628 2090; x_wconf 82' lang='grc' dir='ltr'>δὲ</span> <span class='ocrx_word' id='word_1_143' title='bbox 658 2034 751 2089; x_wconf 82' lang='grc' dir='ltr'>τὸν</span> <span class='ocrx_word' id='word_1_144' title='bbox 781 2034 912 2105; x_wconf 86' lang='grc' dir='ltr'>ὅρον</span> <span class='ocrx_word' id='word_1_145' title='bbox 935 2032 1037 2103; x_wconf 85' lang='grc' dir='ltr'>τῆς</span> <span class='ocrx_word' id='word_1_146' title='bbox 1064 2028 1255 2092; x_wconf 79' lang='grc' dir='ltr'>οὐσίας</span> <span class='ocrx_word' id='word_1_147' title='bbox 1305 2025 1742 2082; x_wconf 83' lang='grc' dir='ltr'>ἀποδεδώκασιν.</span> <span class='ocrx_word' id='word_1_148' title='bbox 1787 2022 1848 2076; x_wconf 89' lang='grc' dir='ltr'><strong>Εί</strong></span> 
     </span>
    </p>
   </div>
   <div class='ocr_carea' id='block_1_22' title="bbox 268 2113 1850 2197">
    <p class='ocr_par' dir='ltr' id='par_1_22' title="bbox 268 2113 1850 2197">
     <span class='ocr_line' id='line_1_22' title="bbox 268 2113 1850 2197; baseline -0.011 -15"><span class='ocrx_word' id='word_1_149' title='bbox 268 2131 319 2182; x_wconf 71' lang='grc' dir='ltr'><strong>ιι</strong></span> <span class='ocrx_word' id='word_1_150' title='bbox 348 2130 381 2197; x_wconf 70' lang='grc' dir='ltr'><strong>ἡ</strong></span> <span class='ocrx_word' id='word_1_151' title='bbox 407 2127 578 2181; x_wconf 72' lang='grc' dir='ltr'>οὐσία</span> <span class='ocrx_word' id='word_1_152' title='bbox 622 2127 736 2197; x_wconf 77' lang='grc' dir='ltr'><strong>ὅρῳ</strong></span> <span class='ocrx_word' id='word_1_153' title='bbox 785 2122 1120 2192; x_wconf 84' lang='grc' dir='ltr'>διείληπται,</span> <span class='ocrx_word' id='word_1_154' title='bbox 1162 2119 1282 2182; x_wconf 84' lang='grc' dir='ltr'><strong>πῶς</strong></span> <span class='ocrx_word' id='word_1_155' title='bbox 1335 2119 1430 2171; x_wconf 73' lang='grc' dir='ltr'><strong>ἐπὶ</strong></span> <span class='ocrx_word' id='word_1_156' title='bbox 1464 2114 1601 2171; x_wconf 86' lang='grc' dir='ltr'><strong>Θεοῦ</strong></span> <span class='ocrx_word' id='word_1_157' title='bbox 1632 2117 1665 2186; x_wconf 81' lang='grc' dir='ltr'><strong>η</strong></span> <span class='ocrx_word' id='word_1_158' title='bbox 1697 2113 1850 2184; x_wconf 81' lang='grc' dir='ltr'>φωνὴ</span> 
     </span>
    </p>
   </div>
   <div class='ocr_carea' id='block_1_23' title="bbox 267 2208 1853 2290">
    <p class='ocr_par' dir='ltr' id='par_1_23' title="bbox 267 2208 1853 2290">
     <span class='ocr_line' id='line_1_23' title="bbox 267 2208 1853 2290; baseline -0.013 -14"><span class='ocrx_word' id='word_1_159' title='bbox 267 2220 576 2290; x_wconf 76' lang='grc' dir='ltr'>ἀξιόχρεως</span> <span class='ocrx_word' id='word_1_160' title='bbox 605 2218 811 2289; x_wconf 80' lang='grc' dir='ltr'>κυρίως</span> <span class='ocrx_word' id='word_1_161' title='bbox 834 2213 1082 2285; x_wconf 80' lang='grc' dir='ltr'><strong>λεχθείη,</strong></span> <span class='ocrx_word' id='word_1_162' title='bbox 1115 2212 1190 2284; x_wconf 81' lang='grc' dir='ltr'>μὴ</span> <span class='ocrx_word' id='word_1_163' title='bbox 1215 2210 1520 2280; x_wconf 78' lang='grc' dir='ltr'>δυναμένου</span> <span class='ocrx_word' id='word_1_164' title='bbox 1549 2208 1662 2278; x_wconf 85' lang='grc' dir='ltr'>ὅρῳ</span> <span class='ocrx_word' id='word_1_165' title='bbox 1694 2222 1853 2274; x_wconf 88' lang='grc' dir='ltr'>περι-</span> 
     </span>
    </p>
   </div>
   <div class='ocr_carea' id='block_1_24' title="bbox 268 2299 1854 2382">
    <p class='ocr_par' dir='ltr' id='par_1_24' title="bbox 268 2299 1854 2382">
     <span class='ocr_line' id='line_1_24' title="bbox 268 2299 1854 2382; baseline -0.009 -19"><span class='ocrx_word' id='word_1_166' title='bbox 268 2311 644 2382; x_wconf 60' lang='grc' dir='ltr'>λαμϐάνεσθαι</span> <span class='ocrx_word' id='word_1_167' title='bbox 669 2327 684 2374; x_wconf 87' lang='lat'><strong>;</strong></span> <span class='ocrx_word' id='word_1_168' title='bbox 736 2310 797 2362; x_wconf 89' lang='lat'><strong>&#39;0</strong></span> <span class='ocrx_word' id='word_1_169' title='bbox 817 2308 863 2361; x_wconf 79' lang='grc' dir='ltr'>δ’</span> <span class='ocrx_word' id='word_1_170' title='bbox 890 2305 1135 2375; x_wconf 79' lang='grc' dir='ltr'><strong>ἀσκητὴς</strong></span> <span class='ocrx_word' id='word_1_171' title='bbox 1170 2302 1447 2371; x_wconf 83' lang='grc' dir='ltr'>Εὐάγριος</span> <span class='ocrx_word' id='word_1_172' title='bbox 1478 2300 1538 2352; x_wconf 77' lang='grc' dir='ltr'><strong>έν</strong></span> <span class='ocrx_word' id='word_1_173' title='bbox 1564 2299 1642 2369; x_wconf 84' lang='grc' dir='ltr'>τῷ</span> <span class='ocrx_word' id='word_1_174' title='bbox 1685 2314 1854 2367; x_wconf 83' lang='grc' dir='ltr'>μονα-</span> 
     </span>
    </p>
   </div>
   <div class='ocr_carea' id='block_1_25' title="bbox 278 2390 1855 2477">
    <p class='ocr_par' dir='ltr' id='par_1_25' title="bbox 278 2390 1855 2477">
     <span class='ocr_line' id='line_1_25' title="bbox 278 2390 1855 2477; baseline -0.01 -20"><span class='ocrx_word' id='word_1_175' title='bbox 278 2406 405 2477; x_wconf 50' lang='lat' dir='ltr'><strong>{an};</strong></span> <span class='ocrx_word' id='word_1_176' title='bbox 429 2402 606 2459; x_wconf 81' lang='grc' dir='ltr'>αὑτοῦ</span> <span class='ocrx_word' id='word_1_177' title='bbox 632 2401 982 2472; x_wconf 77' lang='grc' dir='ltr'>συντάγματι</span> <span class='ocrx_word' id='word_1_178' title='bbox 1009 2396 1283 2464; x_wconf 86' lang='grc' dir='ltr'>θεολογεῖν</span> <span class='ocrx_word' id='word_1_179' title='bbox 1313 2395 1411 2464; x_wconf 72' lang='grc' dir='ltr'>μὲν</span> <span class='ocrx_word' id='word_1_180' title='bbox 1432 2392 1508 2456; x_wconf 84' lang='grc' dir='ltr'><strong>ὡς</strong></span> <span class='ocrx_word' id='word_1_181' title='bbox 1541 2390 1698 2461; x_wconf 78' lang='grc' dir='ltr'>ἔτυχε</span> <span class='ocrx_word' id='word_1_182' title='bbox 1723 2390 1855 2459; x_wconf 86' lang='grc' dir='ltr'>θρα-</span> 
     </span>
    </p>
   </div>
   <div class='ocr_carea' id='block_1_26' title="bbox 272 2480 1855 2562">
    <p class='ocr_par' dir='ltr' id='par_1_26' title="bbox 272 2480 1855 2562">
     <span class='ocr_line' id='line_1_26' title="bbox 272 2480 1855 2562; baseline -0.012 -10"><span class='ocrx_word' id='word_1_183' title='bbox 272 2502 405 2562; x_wconf 79' lang='grc' dir='ltr'>σέως</span> <span class='ocrx_word' id='word_1_184' title='bbox 471 2497 569 2550; x_wconf 75' lang='grc' dir='ltr'>καὶ</span> <span class='ocrx_word' id='word_1_185' title='bbox 602 2493 836 2555; x_wconf 77' lang='grc' dir='ltr'>ἀναιδῶς</span> <span class='ocrx_word' id='word_1_186' title='bbox 896 2486 1409 2558; x_wconf 81' lang='grc' dir='ltr'>ἀποσυμϐουλεύιι·</span> <span class='ocrx_word' id='word_1_187' title='bbox 1467 2484 1543 2548; x_wconf 85' lang='grc' dir='ltr'><strong>ῶς</strong></span> <span class='ocrx_word' id='word_1_188' title='bbox 1572 2482 1618 2536; x_wconf 80' lang='grc' dir='ltr'>δ’</span> <span class='ocrx_word' id='word_1_189' title='bbox 1648 2480 1855 2536; x_wconf 79' lang='grc' dir='ltr'>ἁπλοῦν</span> 
     </span>
    </p>
   </div>
   <div class='ocr_carea' id='block_1_27' title="bbox 270 2572 1855 2656">
    <p class='ocr_par' dir='ltr' id='par_1_27' title="bbox 270 2572 1855 2656">
     <span class='ocr_line' id='line_1_27' title="bbox 270 2572 1855 2656; baseline -0.012 -12"><span class='ocrx_word' id='word_1_190' title='bbox 270 2593 330 2644; x_wconf 73' lang='grc' dir='ltr'><strong>τὸ</strong></span> <span class='ocrx_word' id='word_1_191' title='bbox 362 2590 533 2643; x_wconf 84' lang='grc' dir='ltr'>Θεῖον</span> <span class='ocrx_word' id='word_1_192' title='bbox 559 2585 841 2656; x_wconf 77' lang='grc' dir='ltr'>ὁρίζεσθαι</span> <span class='ocrx_word' id='word_1_193' title='bbox 892 2582 1242 2636; x_wconf 83' lang='grc' dir='ltr'>παντάπασιν</span> <span class='ocrx_word' id='word_1_194' title='bbox 1275 2576 1676 2647; x_wconf 82' lang='grc' dir='ltr'>ἀποτρέπεται.</span> <span class='ocrx_word' id='word_1_195' title='bbox 1730 2572 1855 2626; x_wconf 85' lang='grc' dir='ltr'>Τῶν</span> 
     </span>
    </p>
   </div>
   <div class='ocr_carea' id='block_1_28' title="bbox 243 2666 1857 2765">
    <p class='ocr_par' dir='ltr' id='par_1_28' title="bbox 243 2666 1857 2765">
     <span class='ocr_line' id='line_1_28' title="bbox 243 2666 1857 2765; baseline -0.01 -29"><span class='ocrx_word' id='word_1_196' title='bbox 243 2682 552 2765; x_wconf 40' lang='grc' dir='ltr'>,συνθέτων</span> <span class='ocrx_word' id='word_1_197' title='bbox 600 2678 710 2749; x_wconf 89' lang='grc' dir='ltr'><strong>γάρ</strong></span> <span class='ocrx_word' id='word_1_198' title='bbox 759 2678 888 2739; x_wconf 76' lang='grc' dir='ltr'>τοὺς</span> <span class='ocrx_word' id='word_1_199' title='bbox 922 2676 1083 2745; x_wconf 86' lang='grc' dir='ltr'>ὅρους</span> <span class='ocrx_word' id='word_1_200' title='bbox 1114 2668 1259 2726; x_wconf 78' lang='grc' dir='ltr'>εἷναί</span> <span class='ocrx_word' id='word_1_201' title='bbox 1297 2687 1485 2742; x_wconf 87' lang='grc' dir='ltr'>φησιν.</span> <span class='ocrx_word' id='word_1_202' title='bbox 1528 2669 1587 2722; x_wconf 85' lang='lat'><strong>&#39;0</strong></span> <span class='ocrx_word' id='word_1_203' title='bbox 1618 2668 1665 2723; x_wconf 86' lang='grc' dir='ltr'>δ’</span> <span class='ocrx_word' id='word_1_204' title='bbox 1692 2666 1857 2730; x_wconf 78' lang='grc' dir='ltr'>αὐτὸς</span> 
     </span>
    </p>
   </div>
   <div class='ocr_carea' id='block_1_29' title="bbox 1934 631 3517 702">
    <p class='ocr_par' dir='ltr' id='par_1_29' title="bbox 1934 631 3517 702">
     <span class='ocr_line' id='line_1_29' title="bbox 1934 631 3517 702; baseline -0.005 -10"><span class='ocrx_word' id='word_1_205' title='bbox 1934 638 2001 692; x_wconf 90' lang='lat' dir='ltr'><strong>de</strong></span> <span class='ocrx_word' id='word_1_206' title='bbox 2031 636 2438 697; x_wconf 66' lang='lat' dir='ltr'><strong>substantiam</strong></span> <span class='ocrx_word' id='word_1_207' title='bbox 2462 632 2818 688; x_wconf 67' lang='lat' dir='ltr'><strong>subsistentia</strong></span> <span class='ocrx_word' id='word_1_208' title='bbox 2854 631 3071 702; x_wconf 80' lang='lat' dir='ltr'><strong>cognita</strong></span> <span class='ocrx_word' id='word_1_209' title='bbox 3098 640 3250 696; x_wconf 89' lang='lat' dir='ltr'><strong>sunt,</strong></span> <span class='ocrx_word' id='word_1_210' title='bbox 3282 647 3346 687; x_wconf 90' lang='lat' dir='ltr'><strong>ea</strong></span> <span class='ocrx_word' id='word_1_211' title='bbox 3378 647 3517 702; x_wconf 86' lang='lat' dir='ltr'><strong>pau-</strong></span> 
     </span>
    </p>
   </div>
   <div class='ocr_carea' id='block_1_30' title="bbox 1932 722 3516 795">
    <p class='ocr_par' dir='ltr' id='par_1_30' title="bbox 1932 722 3516 795">
     <span class='ocr_line' id='line_1_30' title="bbox 1932 722 3516 795; baseline -0.004 -12"><span class='ocrx_word' id='word_1_212' title='bbox 1932 730 2013 784; x_wconf 90' lang='lat' dir='ltr'><strong>cis</strong></span> <span class='ocrx_word' id='word_1_213' title='bbox 2042 729 2183 783; x_wconf 89' lang='lat' dir='ltr'><strong>citra</strong></span> <span class='ocrx_word' id='word_1_214' title='bbox 2234 726 2499 781; x_wconf 83' lang='lat' dir='ltr'><strong>invidiam</strong></span> <span class='ocrx_word' id='word_1_215' title='bbox 2546 738 2821 794; x_wconf 77' lang='lat' dir='ltr'><strong>exponere</strong></span> <span class='ocrx_word' id='word_1_216' title='bbox 2854 723 2946 777; x_wconf 89' lang='lat' dir='ltr'><strong>hic</strong></span> <span class='ocrx_word' id='word_1_217' title='bbox 2976 723 3160 778; x_wconf 88' lang='lat' dir='ltr'><strong>liceat.</strong></span> <span class='ocrx_word' id='word_1_218' title='bbox 3188 722 3293 790; x_wconf 83' lang='lat' dir='ltr'><strong>Qui</strong></span> <span class='ocrx_word' id='word_1_219' title='bbox 3335 739 3365 777; x_wconf 89' lang='lat' dir='ltr'><strong>a</strong></span> <span class='ocrx_word' id='word_1_220' title='bbox 3398 723 3516 795; x_wconf 85' lang='lat' dir='ltr'><strong>pri-</strong></span> 
     </span>
    </p>
   </div>
   <div class='ocr_carea' id='block_1_31' title="bbox 1934 806 3513 890">
    <p class='ocr_par' dir='ltr' id='par_1_31' title="bbox 1934 806 3513 890">
     <span class='ocr_line' id='line_1_31' title="bbox 1934 806 3513 890; baseline -0.004 -15"><span class='ocrx_word' id='word_1_221' title='bbox 1934 824 2042 876; x_wconf 88' lang='lat' dir='ltr'><strong>mis</strong></span> <span class='ocrx_word' id='word_1_222' title='bbox 2085 820 2259 874; x_wconf 85' lang='lat' dir='ltr'><strong>initiis</strong></span> <span class='ocrx_word' id='word_1_223' title='bbox 2291 818 2698 890; x_wconf 80' lang='lat' dir='ltr'><strong>philosophiam</strong></span> <span class='ocrx_word' id='word_1_224' title='bbox 2728 816 2870 887; x_wconf 91' lang='lat' dir='ltr'><strong>apud</strong></span> <span class='ocrx_word' id='word_1_225' title='bbox 2899 815 3117 871; x_wconf 71' lang='lat' dir='ltr'><strong>Graecos</strong></span> <span class='ocrx_word' id='word_1_226' title='bbox 3145 806 3513 886; x_wconf 37' lang='lat' dir='ltr'><strong>gentiles&#39;do-</strong></span> 
     </span>
    </p>
   </div>
   <div class='ocr_carea' id='block_1_32' title="bbox 1937 908 3516 977">
    <p class='ocr_par' dir='ltr' id='par_1_32' title="bbox 1937 908 3516 977">
     <span class='ocr_line' id='line_1_32' title="bbox 1937 908 3516 977; baseline -0.003 -11"><span class='ocrx_word' id='word_1_227' title='bbox 1937 920 2200 974; x_wconf 87' lang='lat' dir='ltr'><strong>cuerunt,</strong></span> <span class='ocrx_word' id='word_1_228' title='bbox 2259 928 2328 966; x_wconf 89' lang='lat' dir='ltr'><strong>ne</strong></span> <span class='ocrx_word' id='word_1_229' title='bbox 2392 910 2734 965; x_wconf 80' lang='lat' dir='ltr'><strong>mentionem</strong></span> <span class='ocrx_word' id='word_1_230' title='bbox 2788 909 3014 977; x_wconf 88' lang='lat' dir='ltr'><strong>quidem</strong></span> <span class='ocrx_word' id='word_1_231' title='bbox 3066 908 3227 962; x_wconf 89' lang='lat' dir='ltr'><strong>ullam</strong></span> <span class='ocrx_word' id='word_1_232' title='bbox 3285 923 3516 977; x_wconf 79' lang='lat' dir='ltr'><strong>prorsus</strong></span> 
     </span>
    </p>
   </div>
   <div class='ocr_carea' id='block_1_33' title="bbox 1937 998 3518 1061">
    <p class='ocr_par' dir='ltr' id='par_1_33' title="bbox 1937 998 3518 1061">
     <span class='ocr_line' id='line_1_33' title="bbox 1937 998 3518 1061; baseline -0.002 -7"><span class='ocrx_word' id='word_1_233' title='bbox 1937 1000 2311 1054; x_wconf 68' lang='lat' dir='ltr'><strong>subsistentia:</strong></span> <span class='ocrx_word' id='word_1_234' title='bbox 2350 999 2607 1053; x_wconf 76' lang='lat' dir='ltr'><strong>fecerunt</strong></span> <span class='ocrx_word' id='word_1_235' title='bbox 2655 998 2910 1060; x_wconf 73' lang='grc' dir='ltr'>τοῦσίαν,</span> <span class='ocrx_word' id='word_1_236' title='bbox 2956 999 3060 1051; x_wconf 91' lang='lat' dir='ltr'><strong>hoc</strong></span> <span class='ocrx_word' id='word_1_237' title='bbox 3100 1007 3205 1061; x_wconf 91' lang='lat' dir='ltr'><strong>est,</strong></span> <span class='ocrx_word' id='word_1_238' title='bbox 3256 998 3518 1051; x_wconf 86' lang='lat' dir='ltr'><strong>substan-</strong></span> 
     </span>
    </p>
   </div>
   <div class='ocr_carea' id='block_1_34' title="bbox 1937 1089 3517 1147">
    <p class='ocr_par' dir='ltr' id='par_1_34' title="bbox 1937 1089 3517 1147">
     <span class='ocr_line' id='line_1_34' title="bbox 1937 1089 3517 1147; baseline -0.003 0"><span class='ocrx_word' id='word_1_239' title='bbox 1937 1093 2070 1147; x_wconf 83' lang='lat' dir='ltr'><strong>tiam</strong></span> <span class='ocrx_word' id='word_1_240' title='bbox 2142 1102 2326 1146; x_wconf 88' lang='lat' dir='ltr'><strong>autem</strong></span> <span class='ocrx_word' id='word_1_241' title='bbox 2395 1092 2511 1146; x_wconf 84' lang='lat' dir='ltr'><strong>sive</strong></span> <span class='ocrx_word' id='word_1_242' title='bbox 2581 1092 2878 1144; x_wconf 76' lang='lat' dir='ltr'><strong>essentiam</strong></span> <span class='ocrx_word' id='word_1_243' title='bbox 2951 1091 3102 1145; x_wconf 89' lang='lat' dir='ltr'><strong>varie</strong></span> <span class='ocrx_word' id='word_1_244' title='bbox 3161 1089 3517 1145; x_wconf 76' lang='lat' dir='ltr'><strong>deﬁnierunt.</strong></span> 
     </span>
    </p>
   </div>
   <div class='ocr_carea' id='block_1_35' title="bbox 1938 1178 3524 1253">
    <p class='ocr_par' dir='ltr' id='par_1_35' title="bbox 1938 1178 3524 1253">
     <span class='ocr_line' id='line_1_35' title="bbox 1938 1178 3524 1253; baseline -0.005 -15"><span class='ocrx_word' id='word_1_245' title='bbox 1938 1183 2180 1238; x_wconf 66' lang='lat' dir='ltr'><strong>lrenwus</strong></span> <span class='ocrx_word' id='word_1_246' title='bbox 2205 1182 2595 1253; x_wconf 77' lang='lat' dir='ltr'><strong>grammaticus</strong></span> <span class='ocrx_word' id='word_1_247' title='bbox 2617 1179 2762 1250; x_wconf 80' lang='lat' dir='ltr'><strong>apud</strong></span> <span class='ocrx_word' id='word_1_248' title='bbox 2795 1194 2911 1244; x_wconf 84' lang='lat' dir='ltr'><strong>eos,</strong></span> <span class='ocrx_word' id='word_1_249' title='bbox 2943 1180 2999 1234; x_wconf 89' lang='lat' dir='ltr'><strong>in</strong></span> <span class='ocrx_word' id='word_1_250' title='bbox 3022 1178 3168 1233; x_wconf 86' lang='lat' dir='ltr'><strong>libro</strong></span> <span class='ocrx_word' id='word_1_251' title='bbox 3191 1193 3354 1249; x_wconf 87' lang='lat' dir='ltr'><strong>quem</strong></span> <span class='ocrx_word' id='word_1_252' title='bbox 3385 1179 3524 1232; x_wconf 77' lang='lat' dir='ltr'><strong>Atli-</strong></span> 
     </span>
    </p>
   </div>
   <div class='ocr_carea' id='block_1_36' title="bbox 1940 1268 3523 1344">
    <p class='ocr_par' dir='ltr' id='par_1_36' title="bbox 1940 1268 3523 1344">
     <span class='ocr_line' id='line_1_36' title="bbox 1940 1268 3523 1344; baseline -0.005 -14"><span class='ocrx_word' id='word_1_253' title='bbox 1940 1277 2128 1330; x_wconf 80' lang='lat' dir='ltr'><strong>cistam</strong></span> <span class='ocrx_word' id='word_1_254' title='bbox 2159 1273 2463 1344; x_wconf 85' lang='lat' dir='ltr'><strong>inscripsit,</strong></span> <span class='ocrx_word' id='word_1_255' title='bbox 2493 1273 2586 1329; x_wconf 93' lang='lat' dir='ltr'><strong>ubi</strong></span> <span class='ocrx_word' id='word_1_256' title='bbox 2614 1273 2936 1333; x_wconf 79' lang='lat' dir='ltr'><strong>litterarum</strong></span> <span class='ocrx_word' id='word_1_257' title='bbox 2972 1271 3168 1326; x_wconf 87' lang='lat' dir='ltr'><strong>ordine</strong></span> <span class='ocrx_word' id='word_1_258' title='bbox 3206 1271 3371 1324; x_wconf 88' lang='lat' dir='ltr'><strong>verba</strong></span> <span class='ocrx_word' id='word_1_259' title='bbox 3408 1268 3523 1323; x_wconf 82' lang='lat' dir='ltr'><strong>col-</strong></span> 
     </span>
    </p>
   </div>
   <div class='ocr_carea' id='block_1_37' title="bbox 1940 1363 3522 1438">
    <p class='ocr_par' dir='ltr' id='par_1_37' title="bbox 1940 1363 3522 1438">
     <span class='ocr_line' id='line_1_37' title="bbox 1940 1363 3522 1438; baseline -0.005 -16"><span class='ocrx_word' id='word_1_260' title='bbox 1940 1368 2064 1438; x_wconf 77' lang='lat' dir='ltr'><strong>ligit</strong></span> <span class='ocrx_word' id='word_1_261' title='bbox 2096 1377 2152 1421; x_wconf 91' lang='lat' dir='ltr'><strong>et</strong></span> <span class='ocrx_word' id='word_1_262' title='bbox 2190 1366 2474 1436; x_wconf 75' lang='lat' dir='ltr'><strong>explanat.</strong></span> <span class='ocrx_word' id='word_1_263' title='bbox 2519 1365 2817 1420; x_wconf 83' lang='lat' dir='ltr'><strong>dictionem</strong></span> <span class='ocrx_word' id='word_1_264' title='bbox 2848 1364 3204 1418; x_wconf 68' lang='lat' dir='ltr'><strong>subsistentia</strong></span> <span class='ocrx_word' id='word_1_265' title='bbox 3232 1363 3522 1416; x_wconf 87' lang='lat' dir='ltr'><strong>barbaram</strong></span> 
     </span>
    </p>
   </div>
   <div class='ocr_carea' id='block_1_38' title="bbox 1943 1455 3523 1530">
    <p class='ocr_par' dir='ltr' id='par_1_38' title="bbox 1943 1455 3523 1530">
     <span class='ocr_line' id='line_1_38' title="bbox 1943 1455 3523 1530; baseline -0.004 -15"><span class='ocrx_word' id='word_1_266' title='bbox 1943 1471 2125 1524; x_wconf 84' lang='lat' dir='ltr'><strong>vocat,</strong></span> <span class='ocrx_word' id='word_1_267' title='bbox 2155 1476 2332 1530; x_wconf 85' lang='lat' dir='ltr'><strong>neque</strong></span> <span class='ocrx_word' id='word_1_268' title='bbox 2371 1474 2493 1513; x_wconf 89' lang='lat' dir='ltr'><strong>eam</strong></span> <span class='ocrx_word' id='word_1_269' title='bbox 2525 1459 2670 1528; x_wconf 87' lang='lat' dir='ltr'><strong>apud</strong></span> <span class='ocrx_word' id='word_1_270' title='bbox 2705 1469 2919 1513; x_wconf 83' lang='lat' dir='ltr'><strong>veteres</strong></span> <span class='ocrx_word' id='word_1_271' title='bbox 2954 1458 3185 1527; x_wconf 87' lang='lat' dir='ltr'><strong>reperiri</strong></span> <span class='ocrx_word' id='word_1_272' title='bbox 3220 1455 3355 1511; x_wconf 80' lang='lat' dir='ltr'><strong>dicit</strong></span> <span class='ocrx_word' id='word_1_273' title='bbox 3387 1471 3402 1509; x_wconf 92' lang='lat'><strong>:</strong></span> <span class='ocrx_word' id='word_1_274' title='bbox 3435 1456 3523 1509; x_wconf 77' lang='lat' dir='ltr'><strong>sin</strong></span> 
     </span>
    </p>
   </div>
   <div class='ocr_carea' id='block_1_39' title="bbox 1945 1552 3525 1623">
    <p class='ocr_par' dir='ltr' id='par_1_39' title="bbox 1945 1552 3525 1623">
     <span class='ocr_line' id='line_1_39' title="bbox 1945 1552 3525 1623; baseline -0.004 -14"><span class='ocrx_word' id='word_1_275' title='bbox 1945 1563 2129 1609; x_wconf 89' lang='lat' dir='ltr'><strong>autem</strong></span> <span class='ocrx_word' id='word_1_276' title='bbox 2183 1556 2515 1623; x_wconf 85' lang='lat' dir='ltr'><strong>reperiatur.</strong></span> <span class='ocrx_word' id='word_1_277' title='bbox 2575 1554 2851 1609; x_wconf 81' lang='lat' dir='ltr'><strong>diversam</strong></span> <span class='ocrx_word' id='word_1_278' title='bbox 2901 1555 2971 1608; x_wconf 90' lang='lat' dir='ltr'><strong>ab</strong></span> <span class='ocrx_word' id='word_1_279' title='bbox 3016 1554 3215 1607; x_wconf 88' lang='lat' dir='ltr'><strong>usitata</strong></span> <span class='ocrx_word' id='word_1_280' title='bbox 3258 1552 3358 1606; x_wconf 87' lang='lat' dir='ltr'><strong>ista</strong></span> <span class='ocrx_word' id='word_1_281' title='bbox 3403 1567 3525 1605; x_wconf 86' lang='lat' dir='ltr'><strong>eam</strong></span> 
     </span>
    </p>
   </div>
   <div class='ocr_carea' id='block_1_40' title="bbox 1945 1628 3528 1715">
    <p class='ocr_par' dir='ltr' id='par_1_40' title="bbox 1945 1628 3528 1715">
     <span class='ocr_line' id='line_1_40' title="bbox 1945 1628 3528 1715; baseline -0.006 -14"><span class='ocrx_word' id='word_1_282' title='bbox 1945 1645 2199 1701; x_wconf 85' lang='lat' dir='ltr'><strong>obtinere</strong></span> <span class='ocrx_word' id='word_1_283' title='bbox 2233 1645 2689 1715; x_wconf 78' lang='lat' dir='ltr'><strong>signiﬁcationem</strong></span> <span class='ocrx_word' id='word_1_284' title='bbox 2739 1644 3001 1698; x_wconf 82' lang='lat' dir='ltr'><strong>ostendit.</strong></span> <span class='ocrx_word' id='word_1_285' title='bbox 3035 1628 3339 1712; x_wconf 56' lang='lat' dir='ltr'><strong>Sopifocles</strong></span> <span class='ocrx_word' id='word_1_286' title='bbox 3370 1657 3528 1694; x_wconf 81' lang='lat' dir='ltr'><strong>nam-</strong></span> 
     </span>
    </p>
   </div>
   <div class='ocr_carea' id='block_1_41' title="bbox 1947 1735 3531 1807">
    <p class='ocr_par' dir='ltr' id='par_1_41' title="bbox 1947 1735 3531 1807">
     <span class='ocr_line' id='line_1_41' title="bbox 1947 1735 3531 1807; baseline -0.006 -16"><span class='ocrx_word' id='word_1_287' title='bbox 1947 1753 2056 1807; x_wconf 87' lang='lat' dir='ltr'><strong>que</strong></span> <span class='ocrx_word' id='word_1_288' title='bbox 2094 1740 2145 1790; x_wconf 92' lang='lat' dir='ltr'><strong>in</strong></span> <span class='ocrx_word' id='word_1_289' title='bbox 2174 1738 2457 1801; x_wconf 69' lang='lat' dir='ltr'><strong>Phoenice,</strong></span> <span class='ocrx_word' id='word_1_290' title='bbox 2478 1738 2801 1802; x_wconf 84' lang='grc' dir='ltr'>ὑπόστασιν,</span> <span class='ocrx_word' id='word_1_291' title='bbox 2826 1736 3244 1795; x_wconf 76' lang='lat' dir='ltr'><strong>subsistentiam,</strong></span> <span class='ocrx_word' id='word_1_292' title='bbox 3264 1748 3363 1802; x_wconf 94' lang='lat' dir='ltr'><strong>pro</strong></span> <span class='ocrx_word' id='word_1_293' title='bbox 3394 1735 3531 1786; x_wconf 71' lang='lat' dir='ltr'><strong>insi-</strong></span> 
     </span>
    </p>
   </div>
   <div class='ocr_carea' id='block_1_42' title="bbox 1952 1813 3649 1898">
    <p class='ocr_par' dir='ltr' id='par_1_42' title="bbox 1952 1813 3649 1898">
     <span class='ocr_line' id='line_1_42' title="bbox 1952 1813 3649 1898; baseline -0.004 -16"><span class='ocrx_word' id='word_1_294' title='bbox 1952 1830 2061 1883; x_wconf 87' lang='lat' dir='ltr'><strong>diis</strong></span> <span class='ocrx_word' id='word_1_295' title='bbox 2093 1828 2377 1883; x_wconf 85' lang='lat' dir='ltr'><strong>collocatis</strong></span> <span class='ocrx_word' id='word_1_296' title='bbox 2423 1830 2626 1898; x_wconf 83' lang='lat' dir='ltr'><strong>posuit.</strong></span> <span class='ocrx_word' id='word_1_297' title='bbox 2664 1829 2959 1882; x_wconf 79' lang='lat' dir='ltr'><strong>Menander</strong></span> <span class='ocrx_word' id='word_1_298' title='bbox 2989 1839 3170 1881; x_wconf 81' lang='lat' dir='ltr'><strong>autem</strong></span> <span class='ocrx_word' id='word_1_299' title='bbox 3221 1826 3364 1879; x_wconf 88' lang='lat' dir='ltr'><strong>idem</strong></span> <span class='ocrx_word' id='word_1_300' title='bbox 3408 1839 3533 1876; x_wconf 79' lang='lat' dir='ltr'><strong>vcr-</strong></span> <span class='ocrx_word' id='word_1_301' title='bbox 3643 1813 3649 1817; x_wconf 49' lang='grc'><strong><em>“</em></strong></span> 
     </span>
    </p>
   </div>
   <div class='ocr_carea' id='block_1_43' title="bbox 1953 1921 3531 1991">
    <p class='ocr_par' dir='ltr' id='par_1_43' title="bbox 1953 1921 3531 1991">
     <span class='ocr_line' id='line_1_43' title="bbox 1953 1921 3531 1991; baseline -0.002 -16"><span class='ocrx_word' id='word_1_302' title='bbox 1953 1922 2082 1975; x_wconf 84' lang='lat' dir='ltr'><strong>bum</strong></span> <span class='ocrx_word' id='word_1_303' title='bbox 2120 1937 2220 1991; x_wconf 89' lang='lat' dir='ltr'><strong>pro</strong></span> <span class='ocrx_word' id='word_1_304' title='bbox 2259 1921 2397 1988; x_wconf 84' lang='lat' dir='ltr'><strong>juris</strong></span> <span class='ocrx_word' id='word_1_305' title='bbox 2426 1921 2797 1983; x_wconf 84' lang='lat' dir='ltr'><strong>condimento,</strong></span> <span class='ocrx_word' id='word_1_306' title='bbox 2834 1921 2943 1990; x_wconf 78' lang='lat'><strong>36</strong></span> <span class='ocrx_word' id='word_1_307' title='bbox 2981 1921 3125 1973; x_wconf 89' lang='lat' dir='ltr'><strong>alius</strong></span> <span class='ocrx_word' id='word_1_308' title='bbox 3159 1933 3377 1973; x_wconf 86' lang='lat' dir='ltr'><strong>rursum</strong></span> <span class='ocrx_word' id='word_1_309' title='bbox 3429 1934 3531 1990; x_wconf 86' lang='lat' dir='ltr'><strong>pro</strong></span> 
     </span>
    </p>
   </div>
   <div class='ocr_carea' id='block_1_44' title="bbox 1951 2014 3528 2084">
    <p class='ocr_par' dir='ltr' id='par_1_44' title="bbox 1951 2014 3528 2084">
     <span class='ocr_line' id='line_1_44' title="bbox 1951 2014 3528 2084; baseline 0.001 -17"><span class='ocrx_word' id='word_1_310' title='bbox 1951 2014 2065 2067; x_wconf 80' lang='lat' dir='ltr'><strong>vini</strong></span> <span class='ocrx_word' id='word_1_311' title='bbox 2094 2014 2209 2068; x_wconf 78' lang='lat' dir='ltr'><strong>fece</strong></span> <span class='ocrx_word' id='word_1_312' title='bbox 2244 2015 2300 2066; x_wconf 92' lang='lat' dir='ltr'><strong>in</strong></span> <span class='ocrx_word' id='word_1_313' title='bbox 2336 2014 2507 2068; x_wconf 89' lang='lat' dir='ltr'><strong>l&#39;undo</strong></span> <span class='ocrx_word' id='word_1_314' title='bbox 2536 2014 2656 2067; x_wconf 85' lang='lat' dir='ltr'><strong>cadi</strong></span> <span class='ocrx_word' id='word_1_315' title='bbox 2692 2014 3032 2068; x_wconf 80' lang='lat' dir='ltr'><strong>subsistente</strong></span> <span class='ocrx_word' id='word_1_316' title='bbox 3070 2019 3382 2084; x_wconf 85' lang='lat' dir='ltr'><strong>usurpavit.</strong></span> <span class='ocrx_word' id='word_1_317' title='bbox 3407 2016 3528 2069; x_wconf 76' lang='lat' dir='ltr'><strong>Ca:-</strong></span> 
     </span>
    </p>
   </div>
   <div class='ocr_carea' id='block_1_45' title="bbox 1956 2104 3531 2177">
    <p class='ocr_par' dir='ltr' id='par_1_45' title="bbox 1956 2104 3531 2177">
     <span class='ocr_line' id='line_1_45' title="bbox 1956 2104 3531 2177; baseline 0.002 -19"><span class='ocrx_word' id='word_1_318' title='bbox 1956 2115 2135 2160; x_wconf 87' lang='lat' dir='ltr'><strong>terum</strong></span> <span class='ocrx_word' id='word_1_319' title='bbox 2180 2104 2313 2159; x_wconf 92' lang='lat' dir='ltr'><strong>illud</strong></span> <span class='ocrx_word' id='word_1_320' title='bbox 2346 2105 2778 2172; x_wconf 85' lang='lat' dir='ltr'><strong>observandum,</strong></span> <span class='ocrx_word' id='word_1_321' title='bbox 2805 2107 3060 2176; x_wconf 77' lang='lat' dir='ltr'><strong>quamvis</strong></span> <span class='ocrx_word' id='word_1_322' title='bbox 3096 2117 3316 2161; x_wconf 84' lang='lat' dir='ltr'><strong>veteres</strong></span> <span class='ocrx_word' id='word_1_323' title='bbox 3349 2108 3531 2177; x_wconf 88' lang='lat' dir='ltr'><strong>philo-</strong></span> 
     </span>
    </p>
   </div>
   <div class='ocr_carea' id='block_1_46' title="bbox 1954 2196 3535 2266">
    <p class='ocr_par' dir='ltr' id='par_1_46' title="bbox 1954 2196 3535 2266">
     <span class='ocr_line' id='line_1_46' title="bbox 1954 2196 3535 2266; baseline 0 -14"><span class='ocrx_word' id='word_1_324' title='bbox 1954 2196 2113 2266; x_wconf 75' lang='lat' dir='ltr'><strong>SOphi</strong></span> <span class='ocrx_word' id='word_1_325' title='bbox 2154 2197 2398 2251; x_wconf 85' lang='lat' dir='ltr'><strong>dictione</strong></span> <span class='ocrx_word' id='word_1_326' title='bbox 2427 2212 2493 2251; x_wconf 89' lang='lat' dir='ltr'><strong>ea</strong></span> <span class='ocrx_word' id='word_1_327' title='bbox 2525 2197 2611 2250; x_wconf 88' lang='lat' dir='ltr'><strong>usi</strong></span> <span class='ocrx_word' id='word_1_328' title='bbox 2642 2211 2751 2250; x_wconf 91' lang='lat' dir='ltr'><strong>non</strong></span> <span class='ocrx_word' id='word_1_329' title='bbox 2798 2198 2933 2259; x_wconf 88' lang='lat' dir='ltr'><strong>sint,</strong></span> <span class='ocrx_word' id='word_1_330' title='bbox 2984 2198 3323 2253; x_wconf 87' lang='lat' dir='ltr'><strong>recentiores</strong></span> <span class='ocrx_word' id='word_1_331' title='bbox 3351 2210 3535 2254; x_wconf 87' lang='lat' dir='ltr'><strong>tamen</strong></span> 
     </span>
    </p>
   </div>
   <div class='ocr_carea' id='block_1_47' title="bbox 1958 2288 3533 2363">
    <p class='ocr_par' dir='ltr' id='par_1_47' title="bbox 1958 2288 3533 2363">
     <span class='ocr_line' id='line_1_47' title="bbox 1958 2288 3533 2363; baseline 0 -18"><span class='ocrx_word' id='word_1_332' title='bbox 1958 2291 2282 2363; x_wconf 74' lang='lat' dir='ltr'><strong>frequenter</strong></span> <span class='ocrx_word' id='word_1_333' title='bbox 2313 2288 2733 2344; x_wconf 88' lang='lat' dir='ltr'><strong>subsistentiam</strong></span> <span class='ocrx_word' id='word_1_334' title='bbox 2763 2304 2864 2358; x_wconf 90' lang='lat' dir='ltr'><strong>pro</strong></span> <span class='ocrx_word' id='word_1_335' title='bbox 2892 2288 3199 2344; x_wconf 81' lang='lat' dir='ltr'><strong>substantia</strong></span> <span class='ocrx_word' id='word_1_336' title='bbox 3233 2293 3533 2359; x_wconf 81' lang='lat' dir='ltr'><strong>accepisse.</strong></span> 
     </span>
    </p>
   </div>
   <div class='ocr_carea' id='block_1_48' title="bbox 1957 2380 3535 2442">
    <p class='ocr_par' dir='ltr' id='par_1_48' title="bbox 1957 2380 3535 2442">
     <span class='ocr_line' id='line_1_48' title="bbox 1957 2380 3535 2442; baseline 0.001 -2"><span class='ocrx_word' id='word_1_337' title='bbox 1957 2383 2292 2440; x_wconf 72' lang='lat' dir='ltr'><strong>Substantite</strong></span> <span class='ocrx_word' id='word_1_338' title='bbox 2313 2391 2498 2437; x_wconf 91' lang='lat' dir='ltr'><strong>autem</strong></span> <span class='ocrx_word' id='word_1_339' title='bbox 2522 2382 2773 2436; x_wconf 81' lang='lat' dir='ltr'><strong>diversas</strong></span> <span class='ocrx_word' id='word_1_340' title='bbox 2790 2380 3144 2437; x_wconf 84' lang='lat' dir='ltr'><strong>deﬁnitiones</strong></span> <span class='ocrx_word' id='word_1_341' title='bbox 3166 2382 3535 2442; x_wconf 85' lang='lat' dir='ltr'><strong>tradiderunt.</strong></span> 
     </span>
    </p>
   </div>
   <div class='ocr_carea' id='block_1_49' title="bbox 1958 2473 3536 2546">
    <p class='ocr_par' dir='ltr' id='par_1_49' title="bbox 1958 2473 3536 2546">
     <span class='ocr_line' id='line_1_49' title="bbox 1958 2473 3536 2546; baseline -0.001 -14"><span class='ocrx_word' id='word_1_342' title='bbox 1958 2480 2037 2546; x_wconf 34' lang='lat' dir='ltr'><strong>At,</strong></span> <span class='ocrx_word' id='word_1_343' title='bbox 2056 2477 2101 2531; x_wconf 89' lang='lat' dir='ltr'><strong>si</strong></span> <span class='ocrx_word' id='word_1_344' title='bbox 2143 2475 2454 2531; x_wconf 87' lang='lat' dir='ltr'><strong>substantia</strong></span> <span class='ocrx_word' id='word_1_345' title='bbox 2485 2473 2810 2530; x_wconf 86' lang='lat' dir='ltr'><strong>deﬁnitione</strong></span> <span class='ocrx_word' id='word_1_346' title='bbox 2841 2474 3360 2544; x_wconf 86' lang='lat' dir='ltr'><strong>comprehenditur,</strong></span> <span class='ocrx_word' id='word_1_347' title='bbox 3394 2492 3536 2546; x_wconf 83' lang='lat' dir='ltr'><strong>qua-</strong></span> 
     </span>
    </p>
   </div>
   <div class='ocr_carea' id='block_1_50' title="bbox 1957 2565 3540 2636">
    <p class='ocr_par' dir='ltr' id='par_1_50' title="bbox 1957 2565 3540 2636">
     <span class='ocr_line' id='line_1_50' title="bbox 1957 2565 3540 2636; baseline -0.001 -13"><span class='ocrx_word' id='word_1_348' title='bbox 1957 2583 2084 2623; x_wconf 90' lang='lat' dir='ltr'><strong>nam</strong></span> <span class='ocrx_word' id='word_1_349' title='bbox 2117 2568 2330 2622; x_wconf 87' lang='lat' dir='ltr'><strong>ratione</strong></span> <span class='ocrx_word' id='word_1_350' title='bbox 2363 2566 2586 2636; x_wconf 85' lang='lat' dir='ltr'><strong>proprie</strong></span> <span class='ocrx_word' id='word_1_351' title='bbox 2612 2575 2669 2619; x_wconf 90' lang='lat' dir='ltr'><strong>et</strong></span> <span class='ocrx_word' id='word_1_352' title='bbox 2718 2575 2868 2620; x_wconf 87' lang='lat' dir='ltr'><strong>recte</strong></span> <span class='ocrx_word' id='word_1_353' title='bbox 2906 2579 2969 2619; x_wconf 87' lang='lat' dir='ltr'><strong>ea</strong></span> <span class='ocrx_word' id='word_1_354' title='bbox 3003 2580 3103 2619; x_wconf 78' lang='lat' dir='ltr'><strong>vos</strong></span> <span class='ocrx_word' id='word_1_355' title='bbox 3135 2565 3205 2619; x_wconf 89' lang='lat' dir='ltr'><strong>de</strong></span> <span class='ocrx_word' id='word_1_356' title='bbox 3245 2566 3359 2620; x_wconf 89' lang='lat' dir='ltr'><strong>Deo</strong></span> <span class='ocrx_word' id='word_1_357' title='bbox 3386 2566 3540 2621; x_wconf 82' lang='lat' dir='ltr'><strong>dica-</strong></span> 
     </span>
    </p>
   </div>
   <div class='ocr_carea' id='block_1_51' title="bbox 1961 2658 3543 2730">
    <p class='ocr_par' dir='ltr' id='par_1_51' title="bbox 1961 2658 3543 2730">
     <span class='ocr_line' id='line_1_51' title="bbox 1961 2658 3543 2730; baseline 0 -15"><span class='ocrx_word' id='word_1_358' title='bbox 1961 2669 2075 2726; x_wconf 88' lang='lat' dir='ltr'><strong>tur,</strong></span> <span class='ocrx_word' id='word_1_359' title='bbox 2110 2675 2274 2730; x_wconf 83' lang='lat' dir='ltr'><strong>quem</strong></span> <span class='ocrx_word' id='word_1_360' title='bbox 2308 2659 2416 2714; x_wconf 80' lang='lat' dir='ltr'><strong>ﬁne</strong></span> <span class='ocrx_word' id='word_1_361' title='bbox 2467 2658 2578 2713; x_wconf 87' lang='lat' dir='ltr'><strong>ullo</strong></span> <span class='ocrx_word' id='word_1_362' title='bbox 2607 2659 2943 2713; x_wconf 88' lang='lat' dir='ltr'><strong>concludere</strong></span> <span class='ocrx_word' id='word_1_363' title='bbox 2973 2673 3087 2713; x_wconf 89' lang='lat' dir='ltr'><strong>non</strong></span> <span class='ocrx_word' id='word_1_364' title='bbox 3126 2658 3246 2712; x_wconf 88' lang='lat' dir='ltr'><strong>est?</strong></span> <span class='ocrx_word' id='word_1_365' title='bbox 3274 2658 3543 2730; x_wconf 75' lang='lat' dir='ltr'><strong>Evagrius</strong></span> 
     </span>
    </p>
   </div>
   <div class='ocr_carea' id='block_1_52' title="bbox 273 2749 1861 2839">
    <p class='ocr_par' dir='ltr' id='par_1_52' title="bbox 273 2758 1857 2839">
     <span class='ocr_line' id='line_1_52' title="bbox 273 2758 1857 2839; baseline -0.01 -12"><span class='ocrx_word' id='word_1_366' title='bbox 273 2773 366 2827; x_wconf 81' lang='grc' dir='ltr'>καὶ</span> <span class='ocrx_word' id='word_1_367' title='bbox 421 2771 607 2826; x_wconf 82' lang='grc' dir='ltr'>ταῦτα</span> <span class='ocrx_word' id='word_1_368' title='bbox 643 2760 1070 2839; x_wconf 76' lang='grc' dir='ltr'>προστίθησι,σ’‹</span> <span class='ocrx_word' id='word_1_369' title='bbox 1119 2764 1276 2818; x_wconf 78' lang='grc' dir='ltr'>Πᾶσα</span> <span class='ocrx_word' id='word_1_370' title='bbox 1323 2762 1589 2832; x_wconf 83' lang='grc' dir='ltr'>πρότασις</span> <span class='ocrx_word' id='word_1_371' title='bbox 1636 2758 1857 2831; x_wconf 79' lang='grc' dir='ltr'>ῆγένος</span> 
     </span>
    </p>
   </div>
   <div class='ocr_carea' id='block_1_53' title="bbox 1968 2749 3545 2839">
    <p class='ocr_par' dir='ltr' id='par_1_53' title="bbox 1968 2749 3545 2817">
     <span class='ocr_line' id='line_1_53' title="bbox 1968 2749 3545 2817; baseline -0.001 -10"><span class='ocrx_word' id='word_1_372' title='bbox 1968 2755 2352 2817; x_wconf 78' lang='lat' dir='ltr'><strong>saneAscetes,</strong></span> <span class='ocrx_word' id='word_1_373' title='bbox 2390 2751 2444 2805; x_wconf 93' lang='lat' dir='ltr'><strong>in</strong></span> <span class='ocrx_word' id='word_1_374' title='bbox 2474 2750 2617 2804; x_wconf 91' lang='lat' dir='ltr'><strong>libro</strong></span> <span class='ocrx_word' id='word_1_375' title='bbox 2654 2765 2756 2804; x_wconf 91' lang='lat' dir='ltr'><strong>suo</strong></span> <span class='ocrx_word' id='word_1_376' title='bbox 2796 2750 3125 2814; x_wconf 86' lang='lat' dir='ltr'><strong>monastico,</strong></span> <span class='ocrx_word' id='word_1_377' title='bbox 3158 2749 3228 2805; x_wconf 87' lang='lat' dir='ltr'><strong>de</strong></span> <span class='ocrx_word' id='word_1_378' title='bbox 3252 2749 3545 2806; x_wconf 83' lang='lat' dir='ltr'><strong>divinitate</strong></span> 
     </span>
    </p>
   </div>
   <div class='ocr_carea' id='block_1_54' title="bbox 274 2841 1861 2937">
    <p class='ocr_par' dir='ltr' id='par_1_54' title="bbox 274 2852 1856 2937">
     <span class='ocr_line' id='line_1_54' title="bbox 274 2852 1856 2937; baseline -0.009 -18"><span class='ocrx_word' id='word_1_379' title='bbox 274 2869 382 2937; x_wconf 78' lang='grc' dir='ltr'>εχει</span> <span class='ocrx_word' id='word_1_380' title='bbox 410 2862 927 2934; x_wconf 74' lang='grc' dir='ltr'>κατηγορούμενον,</span> <span class='ocrx_word' id='word_1_381' title='bbox 983 2859 1016 2928; x_wconf 74' lang='grc' dir='ltr'>ἢ</span> <span class='ocrx_word' id='word_1_382' title='bbox 1050 2852 1211 2919; x_wconf 79' lang='grc' dir='ltr'>εἶδος,</span> <span class='ocrx_word' id='word_1_383' title='bbox 1243 2855 1276 2928; x_wconf 75' lang='grc' dir='ltr'>ἢ</span> <span class='ocrx_word' id='word_1_384' title='bbox 1317 2853 1602 2924; x_wconf 83' lang='grc' dir='ltr'>διαφορὰν,</span> <span class='ocrx_word' id='word_1_385' title='bbox 1637 2853 1671 2925; x_wconf 78' lang='grc' dir='ltr'>ἢ</span> <span class='ocrx_word' id='word_1_386' title='bbox 1702 2852 1856 2917; x_wconf 84' lang='grc' dir='ltr'>ῖδιον,</span> 
     </span>
    </p>
   </div>
   <div class='ocr_carea' id='block_1_55' title="bbox 1968 2841 3546 2937">
    <p class='ocr_par' dir='ltr' id='par_1_55' title="bbox 1968 2841 3546 2913">
     <span class='ocr_line' id='line_1_55' title="bbox 1968 2841 3546 2913; baseline -0.003 -11"><span class='ocrx_word' id='word_1_387' title='bbox 1968 2845 2237 2902; x_wconf 81' lang='lat' dir='ltr'><strong>disserere</strong></span> <span class='ocrx_word' id='word_1_388' title='bbox 2286 2854 2493 2899; x_wconf 84' lang='lat' dir='ltr'><strong>temere</strong></span> <span class='ocrx_word' id='word_1_389' title='bbox 2526 2858 2652 2898; x_wconf 87' lang='lat' dir='ltr'><strong>cum</strong></span> <span class='ocrx_word' id='word_1_390' title='bbox 2694 2843 3008 2913; x_wconf 88' lang='lat' dir='ltr'><strong>impudenti</strong></span> <span class='ocrx_word' id='word_1_391' title='bbox 3047 2841 3383 2899; x_wconf 89' lang='lat' dir='ltr'><strong>conﬁdentia</strong></span> <span class='ocrx_word' id='word_1_392' title='bbox 3432 2844 3546 2898; x_wconf 85' lang='lat' dir='ltr'><strong>dis-</strong></span> 
     </span>
    </p>
   </div>
   <div class='ocr_carea' id='block_1_56' title="bbox 273 2936 1861 3027">
    <p class='ocr_par' dir='ltr' id='par_1_56' title="bbox 273 2943 1859 3027">
     <span class='ocr_line' id='line_1_56' title="bbox 273 2943 1859 3027; baseline -0.008 -15"><span class='ocrx_word' id='word_1_393' title='bbox 273 2960 304 3027; x_wconf 77' lang='grc' dir='ltr'><strong>ἧ</strong></span> <span class='ocrx_word' id='word_1_394' title='bbox 348 2956 743 3027; x_wconf 81' lang='grc' dir='ltr'>συμϐεϐηκός·</span> <span class='ocrx_word' id='word_1_395' title='bbox 821 2954 856 3023; x_wconf 84' lang='grc' dir='ltr'><strong>ἢ</strong></span> <span class='ocrx_word' id='word_1_396' title='bbox 889 2951 950 3004; x_wconf 84' lang='grc' dir='ltr'>τὸ</span> <span class='ocrx_word' id='word_1_397' title='bbox 982 2952 1047 3003; x_wconf 80' lang='grc' dir='ltr'>ὲκ</span> <span class='ocrx_word' id='word_1_398' title='bbox 1098 2948 1306 3003; x_wconf 87' lang='grc' dir='ltr'>τούτων</span> <span class='ocrx_word' id='word_1_399' title='bbox 1363 2948 1741 3016; x_wconf 83' lang='grc' dir='ltr'>συγκείμενον.</span> <span class='ocrx_word' id='word_1_400' title='bbox 1796 2943 1859 2999; x_wconf 83' lang='lat' dir='ltr'><strong>Ei</strong></span> 
     </span>
    </p>
   </div>
   <div class='ocr_carea' id='block_1_57' title="bbox 1968 2936 3545 3027">
    <p class='ocr_par' dir='ltr' id='par_1_57' title="bbox 1968 2936 3545 3006">
     <span class='ocr_line' id='line_1_57' title="bbox 1968 2936 3545 3006; baseline 0 -13"><span class='ocrx_word' id='word_1_401' title='bbox 1968 2938 2189 3003; x_wconf 83' lang='lat' dir='ltr'><strong>suadet,</strong></span> <span class='ocrx_word' id='word_1_402' title='bbox 2243 2946 2301 2992; x_wconf 91' lang='lat' dir='ltr'><strong>et</strong></span> <span class='ocrx_word' id='word_1_403' title='bbox 2324 2936 2494 2991; x_wconf 91' lang='lat' dir='ltr'><strong>Deum</strong></span> <span class='ocrx_word' id='word_1_404' title='bbox 2526 2938 2704 3006; x_wconf 90' lang='lat' dir='ltr'><strong>ipsum</strong></span> <span class='ocrx_word' id='word_1_405' title='bbox 2737 2946 2797 2989; x_wconf 90' lang='lat' dir='ltr'><strong>ut</strong></span> <span class='ocrx_word' id='word_1_406' title='bbox 2824 2936 3128 3005; x_wconf 88' lang='lat' dir='ltr'><strong>simplicent</strong></span> <span class='ocrx_word' id='word_1_407' title='bbox 3152 2936 3383 2991; x_wconf 85' lang='lat' dir='ltr'><strong>deﬁnire</strong></span> <span class='ocrx_word' id='word_1_408' title='bbox 3404 2938 3545 2993; x_wconf 86' lang='lat' dir='ltr'><strong>velle</strong></span> 
     </span>
    </p>
   </div>
   <div class='ocr_carea' id='block_1_58' title="bbox 273 3028 1861 3115">
    <p class='ocr_par' dir='ltr' id='par_1_58' title="bbox 273 3036 1861 3115">
     <span class='ocr_line' id='line_1_58' title="bbox 273 3036 1861 3115; baseline -0.008 -13"><span class='ocrx_word' id='word_1_409' title='bbox 273 3048 433 3103; x_wconf 72' lang='grc' dir='ltr'>οὐδὲν</span> <span class='ocrx_word' id='word_1_410' title='bbox 465 3047 524 3101; x_wconf 78' lang='grc' dir='ltr'>δὲ</span> <span class='ocrx_word' id='word_1_411' title='bbox 559 3048 652 3100; x_wconf 73' lang='grc' dir='ltr'><strong>ἐπὶ</strong></span> <span class='ocrx_word' id='word_1_412' title='bbox 679 3045 778 3115; x_wconf 79' lang='grc' dir='ltr'>τῆς</span> <span class='ocrx_word' id='word_1_413' title='bbox 808 3044 974 3111; x_wconf 85' lang='grc' dir='ltr'>ἁγίας</span> <span class='ocrx_word' id='word_1_414' title='bbox 1002 3040 1238 3113; x_wconf 75' lang='grc' dir='ltr'>Τριᾶδος</span> <span class='ocrx_word' id='word_1_415' title='bbox 1266 3039 1376 3093; x_wconf 87' lang='grc' dir='ltr'><strong>τῶν</strong></span> <span class='ocrx_word' id='word_1_416' title='bbox 1407 3038 1718 3110; x_wconf 72' lang='grc' dir='ltr'>εἰρημένων</span> <span class='ocrx_word' id='word_1_417' title='bbox 1741 3036 1861 3089; x_wconf 75' lang='grc' dir='ltr'>ἔστι</span> 
     </span>
    </p>
   </div>
   <div class='ocr_carea' id='block_1_59' title="bbox 1968 3028 3541 3115">
    <p class='ocr_par' dir='ltr' id='par_1_59' title="bbox 1968 3028 3541 3102">
     <span class='ocr_line' id='line_1_59' title="bbox 1968 3028 3541 3102; baseline 0 -19"><span class='ocrx_word' id='word_1_418' title='bbox 1968 3046 2194 3102; x_wconf 86' lang='lat' dir='ltr'><strong>prorsus</strong></span> <span class='ocrx_word' id='word_1_419' title='bbox 2223 3030 2572 3085; x_wconf 86' lang='lat' dir='ltr'><strong>dehortatur.</strong></span> <span class='ocrx_word' id='word_1_420' title='bbox 2609 3028 2970 3084; x_wconf 88' lang='lat' dir='ltr'><strong>Deﬁnitiones</strong></span> <span class='ocrx_word' id='word_1_421' title='bbox 2994 3028 3145 3083; x_wconf 86' lang='lat' dir='ltr'><strong>enim</strong></span> <span class='ocrx_word' id='word_1_422' title='bbox 3182 3044 3293 3084; x_wconf 86' lang='lat' dir='ltr'><strong>non</strong></span> <span class='ocrx_word' id='word_1_423' title='bbox 3325 3029 3541 3099; x_wconf 82' lang='lat' dir='ltr'><strong>simpli-</strong></span> 
     </span>
    </p>
   </div>
   <div class='ocr_carea' id='block_1_60' title="bbox 276 3124 1861 3208">
    <p class='ocr_par' dir='ltr' id='par_1_60' title="bbox 276 3130 1861 3208">
     <span class='ocr_line' id='line_1_60' title="bbox 276 3130 1861 3208; baseline -0.006 -16"><span class='ocrx_word' id='word_1_424' title='bbox 276 3139 493 3203; x_wconf 77' lang='grc' dir='ltr'>λαϐεῖν,</span> <span class='ocrx_word' id='word_1_425' title='bbox 532 3141 710 3208; x_wconf 81' lang='grc' dir='ltr'>σιωπῇ</span> <span class='ocrx_word' id='word_1_426' title='bbox 752 3133 1173 3208; x_wconf 83' lang='grc' dir='ltr'>προσκυνείσθω</span> <span class='ocrx_word' id='word_1_427' title='bbox 1232 3132 1293 3187; x_wconf 79' lang='grc' dir='ltr'>τὸ</span> <span class='ocrx_word' id='word_1_428' title='bbox 1346 3132 1607 3203; x_wconf 77' lang='grc' dir='ltr'>ἀρῤητον.</span> <span class='ocrx_word' id='word_1_429' title='bbox 1645 3148 1664 3184; x_wconf 74' lang='grc' dir='ltr'><strong>ι</strong></span> <span class='ocrx_word' id='word_1_430' title='bbox 1724 3130 1861 3201; x_wconf 80' lang='grc' dir='ltr'>Περὶ</span> 
     </span>
    </p>
   </div>
   <div class='ocr_carea' id='block_1_61' title="bbox 1968 3124 3542 3208">
    <p class='ocr_par' dir='ltr' id='par_1_61' title="bbox 1968 3124 3542 3196">
     <span class='ocr_line' id='line_1_61' title="bbox 1968 3124 3542 3196; baseline 0 -14"><span class='ocrx_word' id='word_1_431' title='bbox 1968 3129 2135 3191; x_wconf 90' lang='lat' dir='ltr'><strong>cium,</strong></span> <span class='ocrx_word' id='word_1_432' title='bbox 2176 3126 2271 3183; x_wconf 89' lang='lat' dir='ltr'><strong>sed</strong></span> <span class='ocrx_word' id='word_1_433' title='bbox 2296 3127 2733 3196; x_wconf 89' lang='lat' dir='ltr'><strong>compositorum</strong></span> <span class='ocrx_word' id='word_1_434' title='bbox 2767 3140 2891 3181; x_wconf 86' lang='lat' dir='ltr'><strong>esse</strong></span> <span class='ocrx_word' id='word_1_435' title='bbox 2926 3124 3083 3180; x_wconf 91' lang='lat' dir='ltr'><strong>dicit.</strong></span> <span class='ocrx_word' id='word_1_436' title='bbox 3131 3124 3277 3181; x_wconf 85' lang='lat' dir='ltr'><strong>Idem</strong></span> <span class='ocrx_word' id='word_1_437' title='bbox 3319 3136 3375 3181; x_wconf 88' lang='lat' dir='ltr'><strong>et</strong></span> <span class='ocrx_word' id='word_1_438' title='bbox 3404 3128 3542 3182; x_wconf 90' lang='lat' dir='ltr'><strong>illud</strong></span> 
     </span>
    </p>
   </div>
   <div class='ocr_carea' id='block_1_62' title="bbox 279 3216 1861 3302">
    <p class='ocr_par' dir='ltr' id='par_1_62' title="bbox 279 3222 1861 3302">
     <span class='ocr_line' id='line_1_62' title="bbox 279 3222 1861 3302; baseline -0.006 -15"><span class='ocrx_word' id='word_1_439' title='bbox 279 3235 375 3302; x_wconf 72' lang='grc' dir='ltr'>μὲν</span> <span class='ocrx_word' id='word_1_440' title='bbox 391 3229 495 3287; x_wconf 84' lang='grc' dir='ltr'>οὖν</span> <span class='ocrx_word' id='word_1_441' title='bbox 515 3231 785 3301; x_wconf 78' lang='grc' dir='ltr'>Εὐαγρίου</span> <span class='ocrx_word' id='word_1_442' title='bbox 808 3227 1185 3299; x_wconf 83' lang='grc' dir='ltr'>διαληψόμεθα</span> <span class='ocrx_word' id='word_1_443' title='bbox 1207 3228 1302 3281; x_wconf 77' lang='grc' dir='ltr'>καὶ</span> <span class='ocrx_word' id='word_1_444' title='bbox 1323 3228 1378 3290; x_wconf 78' lang='grc' dir='ltr'>ἐς</span> <span class='ocrx_word' id='word_1_445' title='bbox 1402 3224 1633 3296; x_wconf 74' lang='grc' dir='ltr'>ὕστερον</span> <span class='ocrx_word' id='word_1_446' title='bbox 1653 3239 1668 3253; x_wconf 78' lang='grc'><strong>⁸</strong></span> <span class='ocrx_word' id='word_1_447' title='bbox 1692 3222 1861 3278; x_wconf 80' lang='grc' dir='ltr'>ταῦτα</span> 
     </span>
    </p>
   </div>
   <div class='ocr_carea' id='block_1_63' title="bbox 1968 3216 3547 3302">
    <p class='ocr_par' dir='ltr' id='par_1_63' title="bbox 1969 3216 3547 3291">
     <span class='ocr_line' id='line_1_63' title="bbox 1969 3216 3547 3291; baseline 0.001 -16"><span class='ocrx_word' id='word_1_448' title='bbox 1969 3219 2210 3291; x_wconf 83' lang='lat' dir='ltr'><strong>adjicit:</strong></span> <span class='ocrx_word' id='word_1_449' title='bbox 2256 3237 2275 3271; x_wconf 83' lang='grc' dir='ltr'><strong>ι</strong></span> <span class='ocrx_word' id='word_1_450' title='bbox 2329 3219 2644 3289; x_wconf 87' lang='lat' dir='ltr'><strong>Propositio</strong></span> <span class='ocrx_word' id='word_1_451' title='bbox 2692 3232 2788 3272; x_wconf 88' lang='lat' dir='ltr'><strong>seu</strong></span> <span class='ocrx_word' id='word_1_452' title='bbox 2840 3216 3151 3272; x_wconf 89' lang='lat' dir='ltr'><strong>enuntiatio</strong></span> <span class='ocrx_word' id='word_1_453' title='bbox 3197 3217 3397 3286; x_wconf 88' lang='lat' dir='ltr'><strong>omnis,</strong></span> <span class='ocrx_word' id='word_1_454' title='bbox 3447 3230 3547 3276; x_wconf 89' lang='lat' dir='ltr'><strong>aut</strong></span> 
     </span>
    </p>
   </div>
   <div class='ocr_carea' id='block_1_64' title="bbox 279 3309 1861 3392">
    <p class='ocr_par' dir='ltr' id='par_1_64' title="bbox 279 3314 1861 3392">
     <span class='ocr_line' id='line_1_64' title="bbox 279 3314 1861 3392; baseline -0.008 -13"><span class='ocrx_word' id='word_1_455' title='bbox 279 3327 322 3378; x_wconf 82' lang='grc' dir='ltr'>δ’</span> <span class='ocrx_word' id='word_1_456' title='bbox 348 3325 399 3379; x_wconf 87' lang='grc' dir='ltr'><strong>εί</strong></span> <span class='ocrx_word' id='word_1_457' title='bbox 430 3323 534 3377; x_wconf 70' lang='grc' dir='ltr'><strong>καὶ</strong></span> <span class='ocrx_word' id='word_1_458' title='bbox 563 3323 668 3390; x_wconf 71' lang='grc' dir='ltr'><strong>ἔξω</strong></span> <span class='ocrx_word' id='word_1_459' title='bbox 692 3321 792 3376; x_wconf 81' lang='grc' dir='ltr'>τοῦ</span> <span class='ocrx_word' id='word_1_460' title='bbox 828 3320 1201 3392; x_wconf 75' lang='grc' dir='ltr'>προκειμένου</span> <span class='ocrx_word' id='word_1_461' title='bbox 1246 3314 1388 3371; x_wconf 73' lang='grc' dir='ltr'>εἶναι</span> <span class='ocrx_word' id='word_1_462' title='bbox 1423 3316 1595 3384; x_wconf 85' lang='grc' dir='ltr'>δοκεῖ,</span> <span class='ocrx_word' id='word_1_463' title='bbox 1646 3315 1762 3369; x_wconf 84' lang='grc' dir='ltr'>ἀλλ’</span> <span class='ocrx_word' id='word_1_464' title='bbox 1786 3314 1861 3378; x_wconf 84' lang='grc' dir='ltr'>ὡς</span> 
     </span>
    </p>
   </div>
   <div class='ocr_carea' id='block_1_65' title="bbox 1968 3309 3544 3392">
    <p class='ocr_par' dir='ltr' id='par_1_65' title="bbox 1971 3309 3544 3384">
     <span class='ocr_line' id='line_1_65' title="bbox 1971 3309 3544 3384; baseline -0.003 -19"><span class='ocrx_word' id='word_1_465' title='bbox 1971 3328 2147 3384; x_wconf 76' lang='lat' dir='ltr'><strong>genus</strong></span> <span class='ocrx_word' id='word_1_466' title='bbox 2177 3311 2321 3382; x_wconf 87' lang='lat' dir='ltr'><strong>quod</strong></span> <span class='ocrx_word' id='word_1_467' title='bbox 2374 3311 2674 3374; x_wconf 85' lang='lat' dir='ltr'><strong>indicetur,</strong></span> <span class='ocrx_word' id='word_1_468' title='bbox 2708 3311 2974 3373; x_wconf 87' lang='lat' dir='ltr'><strong>continet,</strong></span> <span class='ocrx_word' id='word_1_469' title='bbox 3003 3317 3100 3364; x_wconf 88' lang='lat' dir='ltr'><strong>aut</strong></span> <span class='ocrx_word' id='word_1_470' title='bbox 3143 3309 3406 3379; x_wconf 88' lang='lat' dir='ltr'><strong>speciem.</strong></span> <span class='ocrx_word' id='word_1_471' title='bbox 3447 3318 3544 3360; x_wconf 87' lang='lat' dir='ltr'><strong>aut</strong></span> 
     </span>
    </p>
   </div>
   <div class='ocr_carea' id='block_1_66' title="bbox 279 3401 1861 3489">
    <p class='ocr_par' dir='ltr' id='par_1_66' title="bbox 279 3407 1861 3489">
     <span class='ocr_line' id='line_1_66' title="bbox 279 3407 1861 3489; baseline -0.007 -17"><span class='ocrx_word' id='word_1_472' title='bbox 279 3418 541 3489; x_wconf 78' lang='grc' dir='ltr'>χρήσιμα</span> <span class='ocrx_word' id='word_1_473' title='bbox 586 3417 682 3470; x_wconf 74' lang='lat' dir='ltr'><strong>atat</strong></span> <span class='ocrx_word' id='word_1_474' title='bbox 707 3417 775 3485; x_wconf 77' lang='grc' dir='ltr'>τῇ</span> <span class='ocrx_word' id='word_1_475' title='bbox 812 3413 1021 3484; x_wconf 78' lang='grc' dir='ltr'>ἱστορία</span> <span class='ocrx_word' id='word_1_476' title='bbox 1071 3410 1475 3483; x_wconf 76' lang='grc' dir='ltr'>συμϐάλλοντα,</span> <span class='ocrx_word' id='word_1_477' title='bbox 1506 3409 1580 3480; x_wconf 81' lang='grc' dir='ltr'>μὴ</span> <span class='ocrx_word' id='word_1_478' title='bbox 1610 3407 1861 3463; x_wconf 75' lang='grc' dir='ltr'>τοσοῦτον</span> 
     </span>
    </p>
   </div>
   <div class='ocr_carea' id='block_1_67' title="bbox 1968 3401 3547 3489">
    <p class='ocr_par' dir='ltr' id='par_1_67' title="bbox 1972 3401 3547 3473">
     <span class='ocr_line' id='line_1_67' title="bbox 1972 3401 3547 3473; baseline -0.005 -10"><span class='ocrx_word' id='word_1_479' title='bbox 1972 3403 2369 3468; x_wconf 85' lang='lat' dir='ltr'><strong>dill&#39;erentiam,</strong></span> <span class='ocrx_word' id='word_1_480' title='bbox 2410 3411 2505 3459; x_wconf 87' lang='lat' dir='ltr'><strong>aut</strong></span> <span class='ocrx_word' id='word_1_481' title='bbox 2537 3402 2845 3473; x_wconf 87' lang='lat' dir='ltr'><strong>pr0prium,</strong></span> <span class='ocrx_word' id='word_1_482' title='bbox 2889 3410 2983 3455; x_wconf 87' lang='lat' dir='ltr'><strong>aut</strong></span> <span class='ocrx_word' id='word_1_483' title='bbox 3018 3401 3295 3463; x_wconf 83' lang='lat' dir='ltr'><strong>accidens,</strong></span> <span class='ocrx_word' id='word_1_484' title='bbox 3343 3408 3437 3454; x_wconf 88' lang='lat' dir='ltr'><strong>aut</strong></span> <span class='ocrx_word' id='word_1_485' title='bbox 3475 3415 3547 3455; x_wconf 79' lang='lat' dir='ltr'><strong>ex</strong></span> 
     </span>
    </p>
   </div>
   <div class='ocr_carea' id='block_1_68' title="bbox 282 3492 1861 3578">
    <p class='ocr_par' dir='ltr' id='par_1_68' title="bbox 282 3506 974 3578">
     <span class='ocr_line' id='line_1_68' title="bbox 282 3506 974 3578; baseline -0.001 -17"><span class='ocrx_word' id='word_1_486' title='bbox 282 3508 429 3562; x_wconf 72' lang='grc' dir='ltr'>εἶναι</span> <span class='ocrx_word' id='word_1_487' title='bbox 464 3507 742 3578; x_wconf 83' lang='grc' dir='ltr'>ἀπᾴδοντα</span> <span class='ocrx_word' id='word_1_488' title='bbox 767 3506 974 3574; x_wconf 73' lang='grc' dir='ltr'>οἴομαι.</span> 
     </span>
    </p>
   </div>
   <div class='ocr_carea' id='block_1_69' title="bbox 1968 3492 3547 3578">
    <p class='ocr_par' dir='ltr' id='par_1_69' title="bbox 1973 3492 3547 3566">
     <span class='ocr_line' id='line_1_69' title="bbox 1973 3492 3547 3566; baseline -0.006 -11"><span class='ocrx_word' id='word_1_489' title='bbox 1973 3500 2046 3556; x_wconf 89' lang='lat' dir='ltr'><strong>iis</strong></span> <span class='ocrx_word' id='word_1_490' title='bbox 2113 3496 2506 3566; x_wconf 84' lang='lat' dir='ltr'><strong>compositum.</strong></span> <span class='ocrx_word' id='word_1_491' title='bbox 2575 3494 2780 3561; x_wconf 83' lang='lat' dir='ltr'><strong>Quodsi</strong></span> <span class='ocrx_word' id='word_1_492' title='bbox 2830 3492 2965 3548; x_wconf 91' lang='lat' dir='ltr'><strong>nihil</strong></span> <span class='ocrx_word' id='word_1_493' title='bbox 3014 3493 3210 3547; x_wconf 89' lang='lat' dir='ltr'><strong>harum</strong></span> <span class='ocrx_word' id='word_1_494' title='bbox 3257 3507 3444 3546; x_wconf 81' lang='lat' dir='ltr'><strong>rerum</strong></span> <span class='ocrx_word' id='word_1_495' title='bbox 3483 3493 3547 3559; x_wconf 85' lang='lat' dir='ltr'><strong>in</strong></span> 
     </span>
    </p>
   </div>
   <div class='ocr_carea' id='block_1_70' title="bbox 283 3584 3541 3668">
    <p class='ocr_par' dir='ltr' id='par_1_70' title="bbox 283 3584 3541 3668">
     <span class='ocr_line' id='line_1_70' title="bbox 283 3584 3541 3668; baseline -0.006 -12"><span class='ocrx_word' id='word_1_496' title='bbox 283 3609 480 3658; x_wconf 88' lang='lat' dir='ltr'><strong>sancta</strong></span> <span class='ocrx_word' id='word_1_497' title='bbox 528 3598 806 3654; x_wconf 83' lang='lat' dir='ltr'><strong>Trinitate</strong></span> <span class='ocrx_word' id='word_1_498' title='bbox 854 3596 1270 3668; x_wconf 90' lang='lat' dir='ltr'><strong>deprehendere</strong></span> <span class='ocrx_word' id='word_1_499' title='bbox 1315 3604 1442 3652; x_wconf 88' lang='lat' dir='ltr'><strong>est:</strong></span> <span class='ocrx_word' id='word_1_500' title='bbox 1484 3611 1610 3652; x_wconf 89' lang='lat' dir='ltr'><strong>cum</strong></span> <span class='ocrx_word' id='word_1_501' title='bbox 1645 3594 1866 3650; x_wconf 90' lang='lat' dir='ltr'><strong>silentio</strong></span> <span class='ocrx_word' id='word_1_502' title='bbox 1906 3593 1960 3649; x_wconf 88' lang='lat' dir='ltr'><strong>id</strong></span> <span class='ocrx_word' id='word_1_503' title='bbox 2001 3591 2283 3655; x_wconf 87' lang='lat' dir='ltr'><strong>adoretur,</strong></span> <span class='ocrx_word' id='word_1_504' title='bbox 2317 3587 2466 3658; x_wconf 90' lang='lat' dir='ltr'><strong>quod</strong></span> <span class='ocrx_word' id='word_1_505' title='bbox 2499 3587 2607 3643; x_wconf 90' lang='lat' dir='ltr'><strong>dici</strong></span> <span class='ocrx_word' id='word_1_506' title='bbox 2635 3595 2802 3657; x_wconf 90' lang='lat' dir='ltr'><strong>atque</strong></span> <span class='ocrx_word' id='word_1_507' title='bbox 2842 3584 3078 3657; x_wconf 78' lang='lat' dir='ltr'><strong>proferri</strong></span> <span class='ocrx_word' id='word_1_508' title='bbox 3122 3600 3231 3640; x_wconf 89' lang='lat' dir='ltr'><strong>non</strong></span> <span class='ocrx_word' id='word_1_509' title='bbox 3277 3594 3478 3655; x_wconf 86' lang='lat' dir='ltr'><strong>potest.</strong></span> <span class='ocrx_word' id='word_1_510' title='bbox 3521 3602 3541 3637; x_wconf 75' lang='grc' dir='ltr'><strong>ι</strong></span> 
     </span>
    </p>
   </div>
   <div class='ocr_carea' id='block_1_71' title="bbox 285 3680 3550 3766">
    <p class='ocr_par' dir='ltr' id='par_1_71' title="bbox 285 3680 3550 3766">
     <span class='ocr_line' id='line_1_71' title="bbox 285 3680 3550 3766; baseline -0.006 -10"><span class='ocrx_word' id='word_1_511' title='bbox 285 3700 392 3756; x_wconf 85' lang='lat' dir='ltr'><strong>Sed</strong></span> <span class='ocrx_word' id='word_1_512' title='bbox 428 3699 504 3752; x_wconf 90' lang='lat' dir='ltr'><strong>de</strong></span> <span class='ocrx_word' id='word_1_513' title='bbox 548 3695 782 3766; x_wconf 76' lang='lat' dir='ltr'><strong>Evagrio</strong></span> <span class='ocrx_word' id='word_1_514' title='bbox 814 3705 1002 3765; x_wconf 86' lang='lat' dir='ltr'><strong>postea</strong></span> <span class='ocrx_word' id='word_1_515' title='bbox 1036 3694 1489 3750; x_wconf 84' lang='lat' dir='ltr'><strong>memorabimus.</strong></span> <span class='ocrx_word' id='word_1_516' title='bbox 1521 3691 1648 3748; x_wconf 65' lang='lat' dir='ltr'><strong>Haec</strong></span> <span class='ocrx_word' id='word_1_517' title='bbox 1678 3702 1866 3747; x_wconf 87' lang='lat' dir='ltr'><strong>autem</strong></span> <span class='ocrx_word' id='word_1_518' title='bbox 1907 3690 2159 3762; x_wconf 86' lang='lat' dir='ltr'><strong>quamvis</strong></span> <span class='ocrx_word' id='word_1_519' title='bbox 2214 3698 2369 3741; x_wconf 81' lang='lat' dir='ltr'><strong>extra</strong></span> <span class='ocrx_word' id='word_1_520' title='bbox 2396 3685 2717 3741; x_wconf 88' lang='lat' dir='ltr'><strong>institutum</strong></span> <span class='ocrx_word' id='word_1_521' title='bbox 2751 3696 3002 3740; x_wconf 73' lang='lat' dir='ltr'><strong>nosuum</strong></span> <span class='ocrx_word' id='word_1_522' title='bbox 3037 3696 3162 3738; x_wconf 85' lang='lat' dir='ltr'><strong>esse</strong></span> <span class='ocrx_word' id='word_1_523' title='bbox 3231 3680 3550 3748; x_wconf 84' lang='lat' dir='ltr'><strong>videantur,</strong></span> 
     </span>
    </p>
   </div>
   <div class='ocr_carea' id='block_1_72' title="bbox 286 3780 2729 3863">
    <p class='ocr_par' dir='ltr' id='par_1_72' title="bbox 286 3780 2729 3863">
     <span class='ocr_line' id='line_1_72' title="bbox 286 3780 2729 3863; baseline -0.008 -10"><span class='ocrx_word' id='word_1_524' title='bbox 286 3797 455 3853; x_wconf 82' lang='lat' dir='ltr'><strong>utilia</strong></span> <span class='ocrx_word' id='word_1_525' title='bbox 490 3804 699 3860; x_wconf 89' lang='lat' dir='ltr'><strong>tamen,</strong></span> <span class='ocrx_word' id='word_1_526' title='bbox 732 3793 1092 3863; x_wconf 66' lang='lat' dir='ltr'><strong>historia-que</strong></span> <span class='ocrx_word' id='word_1_527' title='bbox 1121 3790 1536 3858; x_wconf 87' lang='lat' dir='ltr'><strong>convenientia,</strong></span> <span class='ocrx_word' id='word_1_528' title='bbox 1562 3803 1744 3861; x_wconf 88' lang='lat' dir='ltr'><strong>neque</strong></span> <span class='ocrx_word' id='word_1_529' title='bbox 1779 3780 2074 3844; x_wconf 85' lang='lat' dir='ltr'><strong>admodum</strong></span> <span class='ocrx_word' id='word_1_530' title='bbox 2103 3785 2279 3840; x_wconf 88' lang='lat' dir='ltr'><strong>aliena</strong></span> <span class='ocrx_word' id='word_1_531' title='bbox 2313 3797 2436 3839; x_wconf 89' lang='lat' dir='ltr'><strong>esse</strong></span> <span class='ocrx_word' id='word_1_532' title='bbox 2465 3782 2729 3837; x_wconf 88' lang='lat' dir='ltr'><strong>arbitror.</strong></span> 
     </span>
    </p>
   </div>
   <div class='ocr_carea' id='block_1_73' title="bbox 885 3931 1301 4002">
    <p class='ocr_par' dir='ltr' id='par_1_73' title="bbox 885 3931 1301 4002">
     <span class='ocr_line' id='line_1_73' title="bbox 885 3931 1301 4002; baseline -0.007 -10"><span class='ocrx_word' id='word_1_533' title='bbox 885 3936 1144 3992; x_wconf 80' lang='grc' dir='ltr'><strong>ΚΕΦΑΛ.</strong></span> <span class='ocrx_word' id='word_1_534' title='bbox 1183 3931 1301 4002; x_wconf 77' lang='lat' dir='ltr'><strong>iq&quot;.</strong></span> 
     </span>
    </p>
   </div>
   <div class='ocr_carea' id='block_1_74' title="bbox 301 4024 1873 4102">
    <p class='ocr_par' dir='ltr' id='par_1_74' title="bbox 301 4024 1873 4102">
     <span class='ocr_line' id='line_1_74' title="bbox 301 4024 1873 4102; baseline -0.01 -9"><span class='ocrx_word' id='word_1_535' title='bbox 301 4038 405 4091; x_wconf 79' lang='grc' dir='ltr'>Ἐκ</span> <span class='ocrx_word' id='word_1_536' title='bbox 428 4034 544 4091; x_wconf 85' lang='grc' dir='ltr'>τοῦ</span> <span class='ocrx_word' id='word_1_537' title='bbox 579 4029 853 4102; x_wconf 73' lang='grc' dir='ltr'>περὶτῆς</span> <span class='ocrx_word' id='word_1_538' title='bbox 893 4024 1640 4102; x_wconf 24' lang='grc' dir='ltr'>φυηῆςμὲπέτεγραμμένου</span> <span class='ocrx_word' id='word_1_539' title='bbox 1684 4025 1873 4095; x_wconf 71' lang='grc' dir='ltr'>λόγου</span> 
     </span>
    </p>
   </div>
   <div class='ocr_carea' id='block_1_75' title="bbox 554 4094 1639 4168">
    <p class='ocr_par' dir='ltr' id='par_1_75' title="bbox 554 4094 1639 4168">
     <span class='ocr_line' id='line_1_75' title="bbox 554 4094 1639 4168; baseline -0.008 -10"><span class='ocrx_word' id='word_1_540' title='bbox 554 4094 941 4168; x_wconf 73' lang='grc' dir='ltr'><strong>Ἀθὶιναάίού,</strong></span> <span class='ocrx_word' id='word_1_541' title='bbox 966 4094 1062 4153; x_wconf 75' lang='grc' dir='ltr'><strong>οἶά</strong></span> <span class='ocrx_word' id='word_1_542' title='bbox 1092 4097 1221 4151; x_wconf 82' lang='grc' dir='ltr'>ἐκεῖ</span> <span class='ocrx_word' id='word_1_543' title='bbox 1240 4094 1639 4167; x_wconf 73' lang='grc' dir='ltr'>διεξέρχεται.</span> 
     </span>
    </p>
   </div>
   <div class='ocr_carea' id='block_1_76' title="bbox 372 4206 1874 4287">
    <p class='ocr_par' dir='ltr' id='par_1_76' title="bbox 372 4206 1874 4287">
     <span class='ocr_line' id='line_1_76' title="bbox 372 4206 1874 4287; baseline -0.009 -14"><span class='ocrx_word' id='word_1_544' title='bbox 372 4217 510 4272; x_wconf 71' lang='grc' dir='ltr'><strong>Ἐπὶ</strong></span> <span class='ocrx_word' id='word_1_545' title='bbox 537 4215 595 4270; x_wconf 73' lang='grc' dir='ltr'>δὲ</span> <span class='ocrx_word' id='word_1_546' title='bbox 621 4218 690 4287; x_wconf 73' lang='grc' dir='ltr'><strong>τῇ</strong></span> <span class='ocrx_word' id='word_1_547' title='bbox 720 4211 924 4282; x_wconf 82' lang='grc' dir='ltr'>συνόδῳ</span> <span class='ocrx_word' id='word_1_548' title='bbox 956 4208 1131 4284; x_wconf 76' lang='grc' dir='ltr'>ταύτῃ</span> <span class='ocrx_word' id='word_1_549' title='bbox 1179 4208 1273 4264; x_wconf 74' lang='grc' dir='ltr'>καὶ</span> <span class='ocrx_word' id='word_1_550' title='bbox 1311 4208 1631 4269; x_wconf 78' lang='grc' dir='ltr'>’Δθανάσιος</span> <span class='ocrx_word' id='word_1_551' title='bbox 1662 4207 1753 4260; x_wconf 80' lang='grc' dir='ltr'>τὸν</span> <span class='ocrx_word' id='word_1_552' title='bbox 1781 4206 1874 4261; x_wconf 78' lang='grc' dir='ltr'>έκ-</span> 
     </span>
    </p>
   </div>
   <div class='ocr_carea' id='block_1_77' title="bbox 294 4299 1877 4378">
    <p class='ocr_par' dir='ltr' id='par_1_77' title="bbox 294 4299 1877 4378">
     <span class='ocr_line' id='line_1_77' title="bbox 294 4299 1877 4378; baseline -0.011 -11"><span class='ocrx_word' id='word_1_553' title='bbox 294 4311 472 4368; x_wconf 81' lang='grc' dir='ltr'>παλαι</span> <span class='ocrx_word' id='word_1_554' title='bbox 528 4306 905 4378; x_wconf 75' lang='grc' dir='ltr'>πεποιημένον</span> <span class='ocrx_word' id='word_1_555' title='bbox 965 4305 1098 4374; x_wconf 78' lang='grc' dir='ltr'>περὶ</span> <span class='ocrx_word' id='word_1_556' title='bbox 1147 4302 1247 4373; x_wconf 81' lang='grc' dir='ltr'>τῆς</span> <span class='ocrx_word' id='word_1_557' title='bbox 1309 4302 1491 4370; x_wconf 79' lang='grc' dir='ltr'>φυγῆς</span> <span class='ocrx_word' id='word_1_558' title='bbox 1540 4299 1690 4369; x_wconf 85' lang='grc' dir='ltr'><strong>αὑτῷ</strong></span> <span class='ocrx_word' id='word_1_559' title='bbox 1718 4299 1877 4368; x_wconf 87' lang='grc' dir='ltr'>λόγον</span> 
     </span>
    </p>
   </div>
   <div class='ocr_carea' id='block_1_78' title="bbox 295 4391 1875 4474">
    <p class='ocr_par' dir='ltr' id='par_1_78' title="bbox 295 4391 1875 4474">
     <span class='ocr_line' id='line_1_78' title="bbox 295 4391 1875 4474; baseline -0.011 -14"><span class='ocrx_word' id='word_1_560' title='bbox 295 4406 519 4474; x_wconf 77' lang='grc' dir='ltr'>ἀνέγνω</span> <span class='ocrx_word' id='word_1_561' title='bbox 542 4416 557 4433; x_wconf 75' lang='grc'><strong><em>⁸</em></strong></span> <span class='ocrx_word' id='word_1_562' title='bbox 628 4394 689 4455; x_wconf 73' lang='grc' dir='ltr'><strong>οὗ</strong></span> <span class='ocrx_word' id='word_1_563' title='bbox 749 4399 817 4452; x_wconf 78' lang='grc' dir='ltr'>τὰ</span> <span class='ocrx_word' id='word_1_564' title='bbox 849 4396 1052 4466; x_wconf 80' lang='grc' dir='ltr'>μᾶλλον</span> <span class='ocrx_word' id='word_1_565' title='bbox 1090 4393 1287 4463; x_wconf 87' lang='grc' dir='ltr'>καίρια</span> <span class='ocrx_word' id='word_1_566' title='bbox 1332 4392 1434 4464; x_wconf 82' lang='grc' dir='ltr'>τῆς</span> <span class='ocrx_word' id='word_1_567' title='bbox 1470 4392 1782 4454; x_wconf 83' lang='grc' dir='ltr'>ὑποθέσεως</span> <span class='ocrx_word' id='word_1_568' title='bbox 1807 4391 1875 4459; x_wconf 82' lang='grc' dir='ltr'><strong>τῇ</strong></span> 
     </span>
    </p>
   </div>
   <div class='ocr_carea' id='block_1_79' title="bbox 298 4478 1879 4567">
    <p class='ocr_par' dir='ltr' id='par_1_79' title="bbox 298 4478 1879 4567">
     <span class='ocr_line' id='line_1_79' title="bbox 298 4478 1879 4567; baseline -0.012 -17"><span class='ocrx_word' id='word_1_569' title='bbox 298 4496 557 4567; x_wconf 79' lang='grc' dir='ltr'>παρούσῃ</span> <span class='ocrx_word' id='word_1_570' title='bbox 608 4487 973 4562; x_wconf 76' lang='grc' dir='ltr'>πραγματείᾳ</span> <span class='ocrx_word' id='word_1_571' title='bbox 1027 4485 1263 4539; x_wconf 71' lang='grc' dir='ltr'>ἐνθεῖναι</span> <span class='ocrx_word' id='word_1_572' title='bbox 1318 4481 1628 4536; x_wconf 82' lang='grc' dir='ltr'>σπουδάσω.</span> <span class='ocrx_word' id='word_1_573' title='bbox 1684 4480 1790 4532; x_wconf 76' lang='grc' dir='ltr'><strong>Τὸν</strong></span> <span class='ocrx_word' id='word_1_574' title='bbox 1821 4478 1879 4532; x_wconf 69' lang='grc' dir='ltr'>δὲ</span> 
     </span>
    </p>
   </div>
   <div class='ocr_carea' id='block_1_80' title="bbox 2560 3916 2964 3976">
    <p class='ocr_par' dir='ltr' id='par_1_80' title="bbox 2560 3916 2964 3976">
     <span class='ocr_line' id='line_1_80' title="bbox 2560 3916 2964 3976; baseline -0.015 0"><span class='ocrx_word' id='word_1_575' title='bbox 2560 3918 2786 3976; x_wconf 68' lang='lat' dir='ltr'><strong>CAPUT</strong></span> <span class='ocrx_word' id='word_1_576' title='bbox 2826 3916 2964 3971; x_wconf 69' lang='lat' dir='ltr'><strong>XVI.</strong></span> 
     </span>
    </p>
   </div>
   <div class='ocr_carea' id='block_1_81' title="bbox 1982 4008 3551 4089">
    <p class='ocr_par' dir='ltr' id='par_1_81' title="bbox 1982 4008 3551 4089">
     <span class='ocr_line' id='line_1_81' title="bbox 1982 4008 3551 4089; baseline -0.012 -10"><span class='ocrx_word' id='word_1_577' title='bbox 1982 4022 2113 4089; x_wconf 65' lang='lat' dir='ltr'><strong>Qui:</strong></span> <span class='ocrx_word' id='word_1_578' title='bbox 2133 4018 2452 4077; x_wconf 72' lang='lat' dir='ltr'><strong>Athanasius</strong></span> <span class='ocrx_word' id='word_1_579' title='bbox 2482 4019 2535 4070; x_wconf 85' lang='lat' dir='ltr'><strong>in</strong></span> <span class='ocrx_word' id='word_1_580' title='bbox 2558 4016 2798 4069; x_wconf 80' lang='lat' dir='ltr'><strong>oratione</strong></span> <span class='ocrx_word' id='word_1_581' title='bbox 2824 4027 2985 4081; x_wconf 83' lang='lat' dir='ltr'><strong>quam</strong></span> <span class='ocrx_word' id='word_1_582' title='bbox 3010 4011 3073 4062; x_wconf 82' lang='lat' dir='ltr'><strong>ds</strong></span> <span class='ocrx_word' id='word_1_583' title='bbox 3103 4008 3228 4078; x_wconf 81' lang='lat' dir='ltr'><strong>fuga</strong></span> <span class='ocrx_word' id='word_1_584' title='bbox 3259 4008 3551 4078; x_wconf 69' lang='lat' dir='ltr'><strong>inscripsit,</strong></span> 
     </span>
    </p>
   </div>
   <div class='ocr_carea' id='block_1_82' title="bbox 2573 4089 2960 4138">
    <p class='ocr_par' dir='ltr' id='par_1_82' title="bbox 2573 4089 2960 4138">
     <span class='ocr_line' id='line_1_82' title="bbox 2573 4089 2960 4138; baseline -0.01 0"><span class='ocrx_word' id='word_1_585' title='bbox 2573 4089 2960 4138; x_wconf 76' lang='lat' dir='ltr'><strong>commemoret.</strong></span> 
     </span>
    </p>
   </div>
   <div class='ocr_carea' id='block_1_83' title="bbox 2054 4195 3550 4275">
    <p class='ocr_par' dir='ltr' id='par_1_83' title="bbox 2054 4195 3550 4275">
     <span class='ocr_line' id='line_1_83' title="bbox 2054 4195 3550 4275; baseline -0.007 -14"><span class='ocrx_word' id='word_1_586' title='bbox 2054 4205 2114 4261; x_wconf 85' lang='lat' dir='ltr'><strong>In</strong></span> <span class='ocrx_word' id='word_1_587' title='bbox 2149 4202 2358 4275; x_wconf 82' lang='lat' dir='ltr'><strong>synodo</strong></span> <span class='ocrx_word' id='word_1_588' title='bbox 2392 4201 2494 4257; x_wconf 90' lang='lat' dir='ltr'><strong>ista</strong></span> <span class='ocrx_word' id='word_1_589' title='bbox 2527 4199 2862 4254; x_wconf 85' lang='lat' dir='ltr'><strong>Athanasius</strong></span> <span class='ocrx_word' id='word_1_590' title='bbox 2892 4197 3094 4251; x_wconf 91' lang='lat' dir='ltr'><strong>librum</strong></span> <span class='ocrx_word' id='word_1_591' title='bbox 3137 4195 3301 4250; x_wconf 86' lang='lat' dir='ltr'><strong>etiam</strong></span> <span class='ocrx_word' id='word_1_592' title='bbox 3337 4199 3550 4251; x_wconf 88' lang='lat' dir='ltr'><strong>dudum</strong></span> 
     </span>
    </p>
   </div>
   <div class='ocr_carea' id='block_1_84' title="bbox 1982 4286 3556 4361">
    <p class='ocr_par' dir='ltr' id='par_1_84' title="bbox 1982 4286 3556 4361">
     <span class='ocr_line' id='line_1_84' title="bbox 1982 4286 3556 4361; baseline -0.008 -8"><span class='ocrx_word' id='word_1_593' title='bbox 1982 4313 2012 4352; x_wconf 88' lang='lat' dir='ltr'><strong>a</strong></span> <span class='ocrx_word' id='word_1_594' title='bbox 2065 4312 2123 4352; x_wconf 87' lang='lat' dir='ltr'><strong>se</strong></span> <span class='ocrx_word' id='word_1_595' title='bbox 2161 4295 2230 4350; x_wconf 89' lang='lat' dir='ltr'><strong>de</strong></span> <span class='ocrx_word' id='word_1_596' title='bbox 2279 4293 2404 4361; x_wconf 76' lang='lat' dir='ltr'><strong>fuga</strong></span> <span class='ocrx_word' id='word_1_597' title='bbox 2451 4289 2819 4360; x_wconf 85' lang='lat' dir='ltr'><strong>compositum</strong></span> <span class='ocrx_word' id='word_1_598' title='bbox 2866 4286 3160 4352; x_wconf 87' lang='lat' dir='ltr'><strong>recitavit,</strong></span> <span class='ocrx_word' id='word_1_599' title='bbox 3192 4302 3258 4342; x_wconf 78' lang='lat' dir='ltr'><strong>ex</strong></span> <span class='ocrx_word' id='word_1_600' title='bbox 3293 4302 3404 4357; x_wconf 91' lang='lat' dir='ltr'><strong>quo</strong></span> <span class='ocrx_word' id='word_1_601' title='bbox 3433 4286 3556 4341; x_wconf 86' lang='lat' dir='ltr'><strong>loca</strong></span> 
     </span>
    </p>
   </div>
   <div class='ocr_carea' id='block_1_85' title="bbox 1982 4377 3559 4458">
    <p class='ocr_par' dir='ltr' id='par_1_85' title="bbox 1982 4377 3559 4458">
     <span class='ocr_line' id='line_1_85' title="bbox 1982 4377 3559 4458; baseline -0.007 -15"><span class='ocrx_word' id='word_1_602' title='bbox 1982 4388 2231 4458; x_wconf 66' lang='lat' dir='ltr'><strong>quaedam</strong></span> <span class='ocrx_word' id='word_1_603' title='bbox 2257 4391 2580 4454; x_wconf 75' lang='lat' dir='ltr'><strong>argumento</strong></span> <span class='ocrx_word' id='word_1_604' title='bbox 2602 4381 2653 4437; x_wconf 90' lang='lat' dir='ltr'><strong>ei</strong></span> <span class='ocrx_word' id='word_1_605' title='bbox 2680 4380 2914 4435; x_wconf 76' lang='lat' dir='ltr'><strong>maxime</strong></span> <span class='ocrx_word' id='word_1_606' title='bbox 2946 4379 3218 4450; x_wconf 86' lang='lat' dir='ltr'><strong>apposita,</strong></span> <span class='ocrx_word' id='word_1_607' title='bbox 3246 4377 3400 4447; x_wconf 88' lang='lat' dir='ltr'><strong>operi</strong></span> <span class='ocrx_word' id='word_1_608' title='bbox 3428 4378 3559 4432; x_wconf 91' lang='lat' dir='ltr'><strong>huic</strong></span> 
     </span>
    </p>
   </div>
   <div class='ocr_carea' id='block_1_86' title="bbox 1984 4468 3560 4542">
    <p class='ocr_par' dir='ltr' id='par_1_86' title="bbox 1984 4468 3560 4542">
     <span class='ocr_line' id='line_1_86' title="bbox 1984 4468 3560 4542; baseline -0.008 -6"><span class='ocrx_word' id='word_1_609' title='bbox 1984 4480 2247 4536; x_wconf 88' lang='lat' dir='ltr'><strong>inseram.</strong></span> <span class='ocrx_word' id='word_1_610' title='bbox 2273 4477 2592 4533; x_wconf 88' lang='lat' dir='ltr'><strong>Orationem</strong></span> <span class='ocrx_word' id='word_1_611' title='bbox 2614 4483 2800 4529; x_wconf 90' lang='lat' dir='ltr'><strong>autem</strong></span> <span class='ocrx_word' id='word_1_612' title='bbox 2825 4472 3120 4542; x_wconf 74' lang='lat' dir='ltr'><strong>integram,</strong></span> <span class='ocrx_word' id='word_1_613' title='bbox 3143 4485 3266 4540; x_wconf 63' lang='lat' dir='ltr'><strong>quae</strong></span> <span class='ocrx_word' id='word_1_614' title='bbox 3293 4468 3560 4540; x_wconf 78' lang='lat' dir='ltr'><strong>prolixior</strong></span> 
     </span>
    </p>
   </div>
   <div class='ocr_carea' id='block_1_87' title="bbox 298 4560 1861 4659">
    <p class='ocr_par' dir='ltr' id='par_1_87' title="bbox 298 4560 1861 4659">
     <span class='ocr_line' id='line_1_87' title="bbox 298 4560 1861 4659; baseline -0.014 -15"><span class='ocrx_word' id='word_1_615' title='bbox 298 4560 419 4645; x_wconf 72' lang='grc' dir='ltr'>ὅλον</span> <span class='ocrx_word' id='word_1_616' title='bbox 476 4560 740 4656; x_wconf 17' lang='grc' dir='ltr'>λόγονῖὲς</span> <span class='ocrx_word' id='word_1_617' title='bbox 798 4580 935 4634; x_wconf 79' lang='grc' dir='ltr'>πολὺ</span> <span class='ocrx_word' id='word_1_618' title='bbox 972 4576 1368 4659; x_wconf 74' lang='grc' dir='ltr'>προηγμένον,</span> <span class='ocrx_word' id='word_1_619' title='bbox 1419 4575 1532 4638; x_wconf 80' lang='grc' dir='ltr'>τοῖς</span> <span class='ocrx_word' id='word_1_620' title='bbox 1568 4572 1861 4643; x_wconf 67' lang='grc' dir='ltr'>φιλοπόνοιε</span> 
     </span>
    </p>
   </div>
   <div class='ocr_carea' id='block_1_88' title="bbox 1968 4560 3467 4659">
    <p class='ocr_par' dir='ltr' id='par_1_88' title="bbox 1983 4560 3467 4639">
     <span class='ocr_line' id='line_1_88' title="bbox 1983 4560 3467 4639; baseline -0.009 -11"><span class='ocrx_word' id='word_1_621' title='bbox 1983 4582 2091 4637; x_wconf 88' lang='lat' dir='ltr'><strong>est,</strong></span> <span class='ocrx_word' id='word_1_622' title='bbox 2133 4569 2370 4626; x_wconf 84' lang='lat' dir='ltr'><strong>studiosi</strong></span> <span class='ocrx_word' id='word_1_623' title='bbox 2402 4567 2506 4639; x_wconf 90' lang='lat' dir='ltr'><strong>ipsi</strong></span> <span class='ocrx_word' id='word_1_624' title='bbox 2546 4565 2849 4637; x_wconf 85' lang='lat' dir='ltr'><strong>inquirent.</strong></span> <span class='ocrx_word' id='word_1_625' title='bbox 2887 4564 2967 4619; x_wconf 89' lang='lat' dir='ltr'><strong>lta</strong></span> <span class='ocrx_word' id='word_1_626' title='bbox 2997 4573 3180 4618; x_wconf 87' lang='lat' dir='ltr'><strong>autem</strong></span> <span class='ocrx_word' id='word_1_627' title='bbox 3213 4560 3415 4617; x_wconf 87' lang='lat' dir='ltr'><strong>scribit</strong></span> <span class='ocrx_word' id='word_1_628' title='bbox 3452 4577 3467 4614; x_wconf 88' lang='lat'><strong>:</strong></span> 
     </span>
    </p>
   </div>
   <div class='ocr_carea' id='block_1_89' title="bbox 301 4666 1358 4756">
    <p class='ocr_par' dir='ltr' id='par_1_89' title="bbox 301 4666 1358 4756">
     <span class='ocr_line' id='line_1_89' title="bbox 301 4666 1358 4756; baseline -0.018 -20"><span class='ocrx_word' id='word_1_629' title='bbox 301 4682 494 4756; x_wconf 77' lang='grc' dir='ltr'>ζητεῖν</span> <span class='ocrx_word' id='word_1_630' title='bbox 523 4676 825 4749; x_wconf 66' lang='grc' dir='ltr'>επιτρέπω.</span> <span class='ocrx_word' id='word_1_631' title='bbox 854 4670 1017 4739; x_wconf 80' lang='grc' dir='ltr'>Λέγει</span> <span class='ocrx_word' id='word_1_632' title='bbox 1050 4669 1105 4723; x_wconf 77' lang='grc' dir='ltr'>δὲ</span> <span class='ocrx_word' id='word_1_633' title='bbox 1141 4666 1319 4732; x_wconf 79' lang='grc' dir='ltr'>οὕτως</span> <span class='ocrx_word' id='word_1_634' title='bbox 1343 4682 1358 4697; x_wconf 74' lang='grc' dir='ltr'><strong>ο</strong></span> 
     </span>
    </p>
   </div>
   <div class='ocr_carea' id='block_1_90' title="bbox 379 4750 1939 4824">
    <p class='ocr_par' dir='ltr' id='par_1_90' title="bbox 379 4750 1939 4824">
     <span class='ocr_line' id='line_1_90' title="bbox 379 4750 1939 4824; baseline -0.015 1"><span class='ocrx_word' id='word_1_635' title='bbox 379 4791 398 4824; x_wconf 80' lang='grc' dir='ltr'><strong>ι</strong></span> <span class='ocrx_word' id='word_1_636' title='bbox 442 4768 577 4823; x_wconf 77' lang='grc' dir='ltr'>Ἰδοὺ</span> <span class='ocrx_word' id='word_1_637' title='bbox 599 4765 773 4820; x_wconf 81' lang='grc' dir='ltr'>ταῦτα</span> <span class='ocrx_word' id='word_1_638' title='bbox 800 4762 910 4816; x_wconf 89' lang='grc' dir='ltr'><strong>τῶν</strong></span> <span class='ocrx_word' id='word_1_639' title='bbox 947 4757 1162 4812; x_wconf 84' lang='grc' dir='ltr'>ἀσεϐῶν</span> <span class='ocrx_word' id='word_1_640' title='bbox 1201 4756 1270 4811; x_wconf 78' lang='grc' dir='ltr'>τὰ</span> <span class='ocrx_word' id='word_1_641' title='bbox 1308 4755 1633 4824; x_wconf 77' lang='grc' dir='ltr'>τολμήματα</span> <span class='ocrx_word' id='word_1_642' title='bbox 1659 4767 1673 4782; x_wconf 78' lang='grc' dir='ltr'><strong>ο</strong></span> <span class='ocrx_word' id='word_1_643' title='bbox 1704 4750 1880 4806; x_wconf 78' lang='grc' dir='ltr'>ταῦτα</span> <span class='ocrx_word' id='word_1_644' title='bbox 1926 4792 1939 4801; x_wconf 82' lang='lat'><strong>.</strong></span> 
     </span>
    </p>
   </div>
   <div class='ocr_carea' id='block_1_91' title="bbox 303 4844 1879 4938">
    <p class='ocr_par' dir='ltr' id='par_1_91' title="bbox 303 4844 1879 4938">
     <span class='ocr_line' id='line_1_91' title="bbox 303 4844 1879 4938; baseline -0.015 -18"><span class='ocrx_word' id='word_1_645' title='bbox 303 4866 544 4938; x_wconf 80' lang='grc' dir='ltr'>δρῶντες</span> <span class='ocrx_word' id='word_1_646' title='bbox 568 4864 665 4917; x_wconf 76' lang='lat' dir='ltr'><strong>nail.</strong></span> <span class='ocrx_word' id='word_1_647' title='bbox 697 4861 775 4930; x_wconf 79' lang='grc' dir='ltr'>μὴ</span> <span class='ocrx_word' id='word_1_648' title='bbox 818 4856 1194 4924; x_wconf 75' lang='grc' dir='ltr'>ἐκτραπέντες</span> <span class='ocrx_word' id='word_1_649' title='bbox 1225 4852 1312 4923; x_wconf 73' lang='grc' dir='ltr'><strong>ἐφ’</strong></span> <span class='ocrx_word' id='word_1_650' title='bbox 1342 4847 1424 4914; x_wconf 82' lang='grc' dir='ltr'>οἷς</span> <span class='ocrx_word' id='word_1_651' title='bbox 1460 4848 1727 4919; x_wconf 89' lang='grc' dir='ltr'>πρότερον</span> <span class='ocrx_word' id='word_1_652' title='bbox 1758 4844 1879 4899; x_wconf 87' lang='grc' dir='ltr'>καθ’</span> 
     </span>
    </p>
   </div>
   <div class='ocr_carea' id='block_1_92' title="bbox 305 4939 1882 5029">
    <p class='ocr_par' dir='ltr' id='par_1_92' title="bbox 305 4939 1882 5029">
     <span class='ocr_line' id='line_1_92' title="bbox 305 4939 1882 5029; baseline -0.013 -18"><span class='ocrx_word' id='word_1_653' title='bbox 305 4958 465 5029; x_wconf 77' lang='grc' dir='ltr'>ἡμῶν</span> <span class='ocrx_word' id='word_1_654' title='bbox 501 4954 807 5025; x_wconf 82' lang='grc' dir='ltr'>ὲτύρευσαν</span> <span class='ocrx_word' id='word_1_655' title='bbox 855 4952 1072 5014; x_wconf 81' lang='grc' dir='ltr'>κακοῖς,</span> <span class='ocrx_word' id='word_1_656' title='bbox 1104 4948 1187 5000; x_wconf 71' lang='grc' dir='ltr'>ἔτι</span> <span class='ocrx_word' id='word_1_657' title='bbox 1217 4947 1311 5000; x_wconf 69' lang='grc' dir='ltr'><strong>καὶ</strong></span> <span class='ocrx_word' id='word_1_658' title='bbox 1355 4945 1451 4998; x_wconf 80' lang='grc' dir='ltr'><strong>νῦν</strong></span> <span class='ocrx_word' id='word_1_659' title='bbox 1475 4939 1882 5013; x_wconf 82' lang='grc' dir='ltr'>κακηγοροῦσιν</span> 
     </span>
    </p>
   </div>
   <div class='ocr_carea' id='block_1_93' title="bbox 308 5033 1928 5120">
    <p class='ocr_par' dir='ltr' id='par_1_93' title="bbox 308 5033 1928 5120">
     <span class='ocr_line' id='line_1_93' title="bbox 308 5033 1928 5120; baseline -0.015 -14"><span class='ocrx_word' id='word_1_660' title='bbox 308 5051 575 5120; x_wconf 78' lang='grc' dir='ltr'>ἐκφυγεῖν</span> <span class='ocrx_word' id='word_1_661' title='bbox 600 5044 942 5116; x_wconf 82' lang='grc' dir='ltr'>δυνηθέντων</span> <span class='ocrx_word' id='word_1_662' title='bbox 959 5041 1141 5096; x_wconf 83' lang='grc' dir='ltr'>αὐτῶν</span> <span class='ocrx_word' id='word_1_663' title='bbox 1162 5038 1263 5101; x_wconf 75' lang='grc' dir='ltr'><strong>τὰς</strong></span> <span class='ocrx_word' id='word_1_664' title='bbox 1281 5035 1641 5108; x_wconf 82' lang='grc' dir='ltr'>ἀνδροφόνους</span> <span class='ocrx_word' id='word_1_665' title='bbox 1670 5033 1879 5104; x_wconf 86' lang='grc' dir='ltr'>χεῖρας·</span> <span class='ocrx_word' id='word_1_666' title='bbox 1910 5044 1928 5060; x_wconf 82' lang='grc'><strong>·</strong></span> 
     </span>
    </p>
   </div>
   <div class='ocr_carea' id='block_1_94' title="bbox 314 5121 1883 5215">
    <p class='ocr_par' dir='ltr' id='par_1_94' title="bbox 314 5121 1883 5215">
     <span class='ocr_line' id='line_1_94' title="bbox 314 5121 1883 5215; baseline -0.017 -15"><span class='ocrx_word' id='word_1_667' title='bbox 314 5145 517 5215; x_wconf 77' lang='grc' dir='ltr'>μᾶλλον</span> <span class='ocrx_word' id='word_1_668' title='bbox 573 5140 631 5195; x_wconf 67' lang='grc' dir='ltr'>δὲ</span> <span class='ocrx_word' id='word_1_669' title='bbox 663 5138 948 5208; x_wconf 78' lang='grc' dir='ltr'>ὀδύρονται</span> <span class='ocrx_word' id='word_1_670' title='bbox 985 5132 1223 5204; x_wconf 82' lang='grc' dir='ltr'>πικρῶς,</span> <span class='ocrx_word' id='word_1_671' title='bbox 1264 5132 1346 5185; x_wconf 86' lang='grc' dir='ltr'>ὅτι</span> <span class='ocrx_word' id='word_1_672' title='bbox 1384 5129 1459 5199; x_wconf 85' lang='grc' dir='ltr'>μὴ</span> <span class='ocrx_word' id='word_1_673' title='bbox 1495 5128 1589 5180; x_wconf 78' lang='grc' dir='ltr'>καὶ</span> <span class='ocrx_word' id='word_1_674' title='bbox 1640 5121 1883 5215; x_wconf 82' lang='grc' dir='ltr'>ἐκποδὼν</span> 
     </span>
    </p>
   </div>
   <div class='ocr_carea' id='block_1_95' title="bbox 309 5214 1884 5302">
    <p class='ocr_par' dir='ltr' id='par_1_95' title="bbox 309 5214 1884 5302">
     <span class='ocr_line' id='line_1_95' title="bbox 309 5214 1884 5302; baseline -0.017 -11"><span class='ocrx_word' id='word_1_675' title='bbox 309 5214 509 5298; x_wconf 84' lang='grc' dir='ltr'>τελέως</span> <span class='ocrx_word' id='word_1_676' title='bbox 543 5232 915 5302; x_wconf 76' lang='grc' dir='ltr'>πεποιήκασιο</span> <span class='ocrx_word' id='word_1_677' title='bbox 949 5227 1043 5281; x_wconf 75' lang='grc' dir='ltr'>καὶ</span> <span class='ocrx_word' id='word_1_678' title='bbox 1080 5224 1269 5279; x_wconf 81' lang='grc' dir='ltr'>λοιπὸν</span> <span class='ocrx_word' id='word_1_679' title='bbox 1298 5218 1750 5290; x_wconf 73' lang='grc' dir='ltr'>προφασίζονται,</span> <span class='ocrx_word' id='word_1_680' title='bbox 1773 5214 1884 5267; x_wconf 88' lang='grc' dir='ltr'>δει-</span> 
     </span>
    </p>
   </div>
   <div class='ocr_carea' id='block_1_96' title="bbox 314 5307 1887 5389">
    <p class='ocr_par' dir='ltr' id='par_1_96' title="bbox 314 5307 1887 5389">
     <span class='ocr_line' id='line_1_96' title="bbox 314 5307 1887 5389; baseline -0.017 -6"><span class='ocrx_word' id='word_1_681' title='bbox 314 5332 434 5383; x_wconf 78' lang='grc' dir='ltr'>λίαν</span> <span class='ocrx_word' id='word_1_682' title='bbox 454 5324 815 5389; x_wconf 77' lang='grc' dir='ltr'>ὀνειδίζοντες</span> <span class='ocrx_word' id='word_1_683' title='bbox 836 5338 850 5352; x_wconf 86' lang='grc'><strong>·</strong></span> <span class='ocrx_word' id='word_1_684' title='bbox 893 5317 1216 5389; x_wconf 79' lang='grc' dir='ltr'>ἀγνοοῦντες</span> <span class='ocrx_word' id='word_1_685' title='bbox 1249 5315 1331 5368; x_wconf 81' lang='grc' dir='ltr'>ὅτι</span> <span class='ocrx_word' id='word_1_686' title='bbox 1364 5313 1457 5366; x_wconf 75' lang='grc' dir='ltr'>καὶ</span> <span class='ocrx_word' id='word_1_687' title='bbox 1486 5309 1645 5363; x_wconf 76' lang='grc' dir='ltr'>τοῦτο</span> <span class='ocrx_word' id='word_1_688' title='bbox 1678 5307 1887 5376; x_wconf 86' lang='grc' dir='ltr'>γογγύ-</span> 
     </span>
    </p>
   </div>
   <div class='ocr_carea' id='block_1_97' title="bbox 318 5398 1888 5489">
    <p class='ocr_par' dir='ltr' id='par_1_97' title="bbox 318 5398 1888 5489">
     <span class='ocr_line' id='line_1_97' title="bbox 318 5398 1888 5489; baseline -0.019 -12"><span class='ocrx_word' id='word_1_689' title='bbox 318 5427 524 5489; x_wconf 83' lang='grc' dir='ltr'>ζοντες,</span> <span class='ocrx_word' id='word_1_690' title='bbox 554 5422 636 5483; x_wconf 86' lang='grc' dir='ltr'><strong>εἰς</strong></span> <span class='ocrx_word' id='word_1_691' title='bbox 665 5416 898 5479; x_wconf 74' lang='grc' dir='ltr'>ἑαυτοὺς</span> <span class='ocrx_word' id='word_1_692' title='bbox 950 5410 1341 5480; x_wconf 75' lang='grc' dir='ltr'>ἐπιστρέφουσι</span> <span class='ocrx_word' id='word_1_693' title='bbox 1390 5402 1592 5476; x_wconf 82' lang='grc' dir='ltr'>μᾶλλον</span> <span class='ocrx_word' id='word_1_694' title='bbox 1615 5399 1712 5470; x_wconf 81' lang='grc' dir='ltr'>τὴν</span> <span class='ocrx_word' id='word_1_695' title='bbox 1745 5398 1888 5469; x_wconf 87' lang='grc' dir='ltr'>μέμ-</span> 
     </span>
    </p>
   </div>
   <div class='ocr_carea' id='block_1_98' title="bbox 317 5489 1889 5585">
    <p class='ocr_par' dir='ltr' id='par_1_98' title="bbox 317 5489 1889 5585">
     <span class='ocr_line' id='line_1_98' title="bbox 317 5489 1889 5585; baseline -0.018 -15"><span class='ocrx_word' id='word_1_696' title='bbox 317 5518 430 5585; x_wconf 61' lang='grc' dir='ltr'>ψιν.</span> <span class='ocrx_word' id='word_1_697' title='bbox 467 5513 535 5566; x_wconf 84' lang='lat' dir='ltr'><strong>Ei.</strong></span> <span class='ocrx_word' id='word_1_698' title='bbox 592 5512 703 5579; x_wconf 84' lang='grc' dir='ltr'>γὰρ</span> <span class='ocrx_word' id='word_1_699' title='bbox 736 5506 944 5577; x_wconf 81' lang='grc' dir='ltr'>φαῦλον</span> <span class='ocrx_word' id='word_1_700' title='bbox 971 5503 1033 5558; x_wconf 80' lang='grc' dir='ltr'>τὸ</span> <span class='ocrx_word' id='word_1_701' title='bbox 1077 5501 1323 5572; x_wconf 84' lang='grc' dir='ltr'>φεύγειν,</span> <span class='ocrx_word' id='word_1_702' title='bbox 1375 5493 1556 5564; x_wconf 80' lang='grc' dir='ltr'>πολλῷ</span> <span class='ocrx_word' id='word_1_703' title='bbox 1581 5493 1794 5585; x_wconf 36' lang='grc' dir='ltr'>-χεῖρον</span> <span class='ocrx_word' id='word_1_704' title='bbox 1827 5489 1889 5585; x_wconf 70' lang='lat' dir='ltr'><strong>sb</strong></span> 
     </span>
    </p>
   </div>
   <div class='ocr_carea' id='block_1_99' title="bbox 319 5580 1890 5672">
    <p class='ocr_par' dir='ltr' id='par_1_99' title="bbox 319 5580 1890 5672">
     <span class='ocr_line' id='line_1_99' title="bbox 319 5580 1890 5672; baseline -0.017 -11"><span class='ocrx_word' id='word_1_705' title='bbox 319 5580 558 5661; x_wconf 84' lang='grc' dir='ltr'>διώκειν.</span> <span class='ocrx_word' id='word_1_706' title='bbox 596 5602 657 5655; x_wconf 85' lang='lat'><strong>&#39;0</strong></span> <span class='ocrx_word' id='word_1_707' title='bbox 694 5600 795 5672; x_wconf 78' lang='grc' dir='ltr'>μὲν</span> <span class='ocrx_word' id='word_1_708' title='bbox 826 5597 935 5670; x_wconf 78' lang='grc' dir='ltr'><strong>γὰρ</strong></span> <span class='ocrx_word' id='word_1_709' title='bbox 968 5595 1059 5650; x_wconf 75' lang='grc' dir='ltr'>ἵνα</span> <span class='ocrx_word' id='word_1_710' title='bbox 1091 5593 1167 5663; x_wconf 83' lang='grc' dir='ltr'>μὴ</span> <span class='ocrx_word' id='word_1_711' title='bbox 1191 5588 1463 5659; x_wconf 79' lang='grc' dir='ltr'>ἀποθάνῃ,</span> <span class='ocrx_word' id='word_1_712' title='bbox 1491 5583 1826 5654; x_wconf 66' lang='grc' dir='ltr'>κρύπτε-ιαμ</span> <span class='ocrx_word' id='word_1_713' title='bbox 1861 5580 1890 5634; x_wconf 82' lang='grc' dir='ltr'><strong>ό</strong></span> 
     </span>
    </p>
   </div>
   <div class='ocr_carea' id='block_1_100' title="bbox 322 5674 1891 5764">
    <p class='ocr_par' dir='ltr' id='par_1_100' title="bbox 322 5674 1891 5764">
     <span class='ocr_line' id='line_1_100' title="bbox 322 5674 1891 5764; baseline -0.018 -9"><span class='ocrx_word' id='word_1_714' title='bbox 322 5701 377 5756; x_wconf 81' lang='grc' dir='ltr'>δὲ</span> <span class='ocrx_word' id='word_1_715' title='bbox 409 5700 601 5754; x_wconf 82' lang='grc' dir='ltr'>διώκει</span> <span class='ocrx_word' id='word_1_716' title='bbox 652 5692 835 5764; x_wconf 79' lang='grc' dir='ltr'>ζητῶν</span> <span class='ocrx_word' id='word_1_717' title='bbox 878 5689 1219 5745; x_wconf 83' lang='grc' dir='ltr'>ἀποκτεῖναι.</span> <span class='ocrx_word' id='word_1_718' title='bbox 1284 5680 1393 5735; x_wconf 77' lang='grc' dir='ltr'><strong>Καὶ</strong></span> <span class='ocrx_word' id='word_1_719' title='bbox 1447 5677 1507 5731; x_wconf 77' lang='grc' dir='ltr'>τὸ</span> <span class='ocrx_word' id='word_1_720' title='bbox 1538 5675 1638 5746; x_wconf 83' lang='grc' dir='ltr'>μὲν</span> <span class='ocrx_word' id='word_1_721' title='bbox 1667 5674 1891 5743; x_wconf 83' lang='grc' dir='ltr'>φεύγειν</span> 
     </span>
    </p>
   </div>
   <div class='ocr_carea' id='block_1_101' title="bbox 325 5765 1891 5863">
    <p class='ocr_par' dir='ltr' id='par_1_101' title="bbox 325 5765 1891 5863">
     <span class='ocr_line' id='line_1_101' title="bbox 325 5765 1891 5863; baseline -0.019 -15"><span class='ocrx_word' id='word_1_722' title='bbox 325 5794 637 5863; x_wconf 76' lang='grc' dir='ltr'>γέγραπται</span> <span class='ocrx_word' id='word_1_723' title='bbox 664 5805 678 5821; x_wconf 72' lang='grc'><strong><em>⁸</em></strong></span> <span class='ocrx_word' id='word_1_724' title='bbox 719 5789 747 5841; x_wconf 84' lang='grc' dir='ltr'>ὁ</span> <span class='ocrx_word' id='word_1_725' title='bbox 774 5784 833 5838; x_wconf 63' lang='grc' dir='ltr'>δὲ</span> <span class='ocrx_word' id='word_1_726' title='bbox 884 5781 1063 5854; x_wconf 80' lang='grc' dir='ltr'>ζητῶν</span> <span class='ocrx_word' id='word_1_727' title='bbox 1095 5774 1390 5847; x_wconf 81' lang='grc' dir='ltr'>ἀναιρῆσαι</span> <span class='ocrx_word' id='word_1_728' title='bbox 1446 5767 1776 5840; x_wconf 82' lang='grc' dir='ltr'>παραϐαίνει</span> <span class='ocrx_word' id='word_1_729' title='bbox 1803 5765 1891 5819; x_wconf 86' lang='grc' dir='ltr'>νό-</span> 
     </span>
    </p>
   </div>
   <div class='ocr_carea' id='block_1_102' title="bbox 330 5859 1889 5956">
    <p class='ocr_par' dir='ltr' id='par_1_102' title="bbox 330 5859 1889 5956">
     <span class='ocr_line' id='line_1_102' title="bbox 330 5859 1889 5956; baseline -0.015 -16"><span class='ocrx_word' id='word_1_730' title='bbox 330 5859 465 5956; x_wconf 67' lang='grc' dir='ltr'>μον·</span> <span class='ocrx_word' id='word_1_731' title='bbox 528 5882 625 5939; x_wconf 73' lang='lat' dir='ltr'><strong>nat</strong></span> <span class='ocrx_word' id='word_1_732' title='bbox 682 5879 884 5953; x_wconf 62' lang='grc' dir='ltr'>μᾶλλον</span> <span class='ocrx_word' id='word_1_733' title='bbox 911 5875 1072 5938; x_wconf 79' lang='grc' dir='ltr'>αὐτὸς</span> <span class='ocrx_word' id='word_1_734' title='bbox 1122 5869 1219 5942; x_wconf 77' lang='grc' dir='ltr'>τὴν</span> <span class='ocrx_word' id='word_1_735' title='bbox 1252 5867 1527 5939; x_wconf 79' lang='grc' dir='ltr'>πρόφασιν</span> <span class='ocrx_word' id='word_1_736' title='bbox 1557 5860 1653 5917; x_wconf 82' lang='grc' dir='ltr'>τοῦ</span> <span class='ocrx_word' id='word_1_737' title='bbox 1697 5859 1889 5932; x_wconf 76' lang='grc' dir='ltr'>ψέγειν</span> 
     </span>
    </p>
   </div>
   <div class='ocr_carea' id='block_1_103' title="bbox 2060 4741 3556 4817">
    <p class='ocr_par' dir='ltr' id='par_1_103' title="bbox 2060 4741 3556 4817">
     <span class='ocr_line' id='line_1_103' title="bbox 2060 4741 3556 4817; baseline -0.007 -12"><span class='ocrx_word' id='word_1_738' title='bbox 2060 4771 2080 4805; x_wconf 79' lang='grc' dir='ltr'><strong>ι</strong></span> <span class='ocrx_word' id='word_1_739' title='bbox 2119 4751 2261 4807; x_wconf 86' lang='lat' dir='ltr'><strong>Ecce</strong></span> <span class='ocrx_word' id='word_1_740' title='bbox 2310 4750 2428 4805; x_wconf 63' lang='lat' dir='ltr'><strong>haec</strong></span> <span class='ocrx_word' id='word_1_741' title='bbox 2469 4757 2558 4804; x_wconf 89' lang='lat' dir='ltr'><strong>est</strong></span> <span class='ocrx_word' id='word_1_742' title='bbox 2601 4748 2898 4817; x_wconf 91' lang='lat' dir='ltr'><strong>impiorum</strong></span> <span class='ocrx_word' id='word_1_743' title='bbox 2951 4741 3201 4798; x_wconf 87' lang='lat' dir='ltr'><strong>audacia.</strong></span> <span class='ocrx_word' id='word_1_744' title='bbox 3256 4741 3382 4797; x_wconf 68' lang='lat' dir='ltr'><strong>Haec</strong></span> <span class='ocrx_word' id='word_1_745' title='bbox 3429 4755 3556 4795; x_wconf 90' lang='lat' dir='ltr'><strong>cum</strong></span> 
     </span>
    </p>
   </div>
   <div class='ocr_carea' id='block_1_104' title="bbox 1985 4837 3562 4912">
    <p class='ocr_par' dir='ltr' id='par_1_104' title="bbox 1985 4837 3562 4912">
     <span class='ocr_line' id='line_1_104' title="bbox 1985 4837 3562 4912; baseline -0.01 -13"><span class='ocrx_word' id='word_1_746' title='bbox 1985 4844 2243 4907; x_wconf 80' lang='lat' dir='ltr'><strong>fecerint,</strong></span> <span class='ocrx_word' id='word_1_747' title='bbox 2294 4855 2476 4912; x_wconf 85' lang='lat' dir='ltr'><strong>neque</strong></span> <span class='ocrx_word' id='word_1_748' title='bbox 2510 4840 2722 4911; x_wconf 90' lang='lat' dir='ltr'><strong>pudore</strong></span> <span class='ocrx_word' id='word_1_749' title='bbox 2765 4839 2822 4892; x_wconf 88' lang='lat' dir='ltr'><strong>in</strong></span> <span class='ocrx_word' id='word_1_750' title='bbox 2862 4837 2944 4891; x_wconf 90' lang='lat' dir='ltr'><strong>eis</strong></span> <span class='ocrx_word' id='word_1_751' title='bbox 2979 4850 3118 4906; x_wconf 87' lang='lat' dir='ltr'><strong>quas</strong></span> <span class='ocrx_word' id='word_1_752' title='bbox 3162 4842 3323 4887; x_wconf 89' lang='lat' dir='ltr'><strong>antea</strong></span> <span class='ocrx_word' id='word_1_753' title='bbox 3370 4839 3562 4887; x_wconf 89' lang='lat' dir='ltr'><strong>contra</strong></span> 
     </span>
    </p>
   </div>
   <div class='ocr_carea' id='block_1_105' title="bbox 1987 4927 3560 4999">
    <p class='ocr_par' dir='ltr' id='par_1_105' title="bbox 1987 4927 3560 4999">
     <span class='ocr_line' id='line_1_105' title="bbox 1987 4927 3560 4999; baseline -0.011 -7"><span class='ocrx_word' id='word_1_754' title='bbox 1987 4951 2089 4992; x_wconf 88' lang='lat' dir='ltr'><strong>nos</strong></span> <span class='ocrx_word' id='word_1_755' title='bbox 2119 4935 2295 4990; x_wconf 90' lang='lat' dir='ltr'><strong>moliti</strong></span> <span class='ocrx_word' id='word_1_756' title='bbox 2328 4943 2480 4999; x_wconf 91' lang='lat' dir='ltr'><strong>sunt,</strong></span> <span class='ocrx_word' id='word_1_757' title='bbox 2511 4932 2752 4993; x_wconf 84' lang='lat' dir='ltr'><strong>insidiis,</strong></span> <span class='ocrx_word' id='word_1_758' title='bbox 2782 4929 2965 4984; x_wconf 76' lang='lat' dir='ltr'><strong>aﬁ‘ecti</strong></span> <span class='ocrx_word' id='word_1_759' title='bbox 2996 4927 3105 4981; x_wconf 90' lang='lat' dir='ltr'><strong>sint</strong></span> <span class='ocrx_word' id='word_1_760' title='bbox 3138 4942 3153 4977; x_wconf 88' lang='lat'>:</span> <span class='ocrx_word' id='word_1_761' title='bbox 3182 4938 3237 4978; x_wconf 84' lang='lat' dir='ltr'><strong>et</strong></span> <span class='ocrx_word' id='word_1_762' title='bbox 3264 4939 3411 4979; x_wconf 90' lang='lat' dir='ltr'><strong>nunc</strong></span> <span class='ocrx_word' id='word_1_763' title='bbox 3441 4937 3560 4986; x_wconf 91' lang='lat' dir='ltr'><strong>nos,</strong></span> 
     </span>
    </p>
   </div>
   <div class='ocr_carea' id='block_1_106' title="bbox 1988 5014 3562 5100">
    <p class='ocr_par' dir='ltr' id='par_1_106' title="bbox 1988 5014 3562 5100">
     <span class='ocr_line' id='line_1_106' title="bbox 1988 5014 3562 5100; baseline -0.012 -16"><span class='ocrx_word' id='word_1_764' title='bbox 1988 5027 2135 5100; x_wconf 90' lang='lat' dir='ltr'><strong>quod</strong></span> <span class='ocrx_word' id='word_1_765' title='bbox 2162 5025 2547 5097; x_wconf 71' lang='lat' dir='ltr'><strong>sanguinariae</strong></span> <span class='ocrx_word' id='word_1_766' title='bbox 2573 5037 2769 5080; x_wconf 86' lang='lat' dir='ltr'><strong>eorum</strong></span> <span class='ocrx_word' id='word_1_767' title='bbox 2800 5035 2997 5074; x_wconf 89' lang='lat' dir='ltr'><strong>manus</strong></span> <span class='ocrx_word' id='word_1_768' title='bbox 3026 5017 3273 5086; x_wconf 81' lang='lat' dir='ltr'><strong>elIugere</strong></span> <span class='ocrx_word' id='word_1_769' title='bbox 3305 5014 3562 5084; x_wconf 75' lang='lat' dir='ltr'><strong>potueri-</strong></span> 
     </span>
    </p>
   </div>
   <div class='ocr_carea' id='block_1_107' title="bbox 1990 5105 3559 5187">
    <p class='ocr_par' dir='ltr' id='par_1_107' title="bbox 1990 5105 3559 5187">
     <span class='ocr_line' id='line_1_107' title="bbox 1990 5105 3559 5187; baseline -0.009 -13"><span class='ocrx_word' id='word_1_770' title='bbox 1990 5136 2137 5187; x_wconf 91' lang='lat' dir='ltr'><strong>mus,</strong></span> <span class='ocrx_word' id='word_1_771' title='bbox 2177 5120 2569 5182; x_wconf 88' lang='lat' dir='ltr'><strong>criminantur,</strong></span> <span class='ocrx_word' id='word_1_772' title='bbox 2623 5131 2689 5170; x_wconf 87' lang='lat' dir='ltr'><strong>ac</strong></span> <span class='ocrx_word' id='word_1_773' title='bbox 2727 5114 2910 5184; x_wconf 90' lang='lat' dir='ltr'><strong>potius</strong></span> <span class='ocrx_word' id='word_1_774' title='bbox 2953 5109 3353 5174; x_wconf 77' lang='lat' dir='ltr'><strong>amarulenter,</strong></span> <span class='ocrx_word' id='word_1_775' title='bbox 3414 5105 3559 5175; x_wconf 89' lang='lat' dir='ltr'><strong>quod</strong></span> 
     </span>
    </p>
   </div>
   <div class='ocr_carea' id='block_1_108' title="bbox 1991 5201 3563 5280">
    <p class='ocr_par' dir='ltr' id='par_1_108' title="bbox 1991 5201 3563 5280">
     <span class='ocr_line' id='line_1_108' title="bbox 1991 5201 3563 5280; baseline -0.01 -14"><span class='ocrx_word' id='word_1_776' title='bbox 1991 5228 2092 5266; x_wconf 80' lang='lat' dir='ltr'><strong>nos</strong></span> <span class='ocrx_word' id='word_1_777' title='bbox 2118 5227 2149 5267; x_wconf 89' lang='lat' dir='ltr'><strong>e</strong></span> <span class='ocrx_word' id='word_1_778' title='bbox 2178 5211 2361 5266; x_wconf 85' lang='lat' dir='ltr'><strong>medio</strong></span> <span class='ocrx_word' id='word_1_779' title='bbox 2385 5225 2613 5280; x_wconf 88' lang='lat' dir='ltr'><strong>prorsus</strong></span> <span class='ocrx_word' id='word_1_780' title='bbox 2645 5222 2754 5262; x_wconf 89' lang='lat' dir='ltr'><strong>non</strong></span> <span class='ocrx_word' id='word_1_781' title='bbox 2787 5203 3135 5265; x_wconf 87' lang='lat' dir='ltr'><strong>sustulerint,</strong></span> <span class='ocrx_word' id='word_1_782' title='bbox 3168 5201 3563 5255; x_wconf 88' lang='lat' dir='ltr'><strong>lamentantur.</strong></span> 
     </span>
    </p>
   </div>
   <div class='ocr_carea' id='block_1_109' title="bbox 1994 5293 3565 5371">
    <p class='ocr_par' dir='ltr' id='par_1_109' title="bbox 1994 5293 3565 5371">
     <span class='ocr_line' id='line_1_109' title="bbox 1994 5293 3565 5371; baseline -0.009 -13"><span class='ocrx_word' id='word_1_783' title='bbox 1994 5304 2058 5358; x_wconf 84' lang='lat' dir='ltr'><strong>Et</strong></span> <span class='ocrx_word' id='word_1_784' title='bbox 2090 5304 2307 5359; x_wconf 89' lang='lat' dir='ltr'><strong>tandem</strong></span> <span class='ocrx_word' id='word_1_785' title='bbox 2329 5318 2496 5359; x_wconf 89' lang='lat' dir='ltr'><strong>causa</strong></span> <span class='ocrx_word' id='word_1_786' title='bbox 2522 5301 2771 5371; x_wconf 70' lang='lat' dir='ltr'><strong>quaesita,</strong></span> <span class='ocrx_word' id='word_1_787' title='bbox 2801 5296 3148 5352; x_wconf 89' lang='lat' dir='ltr'><strong>timiditatem</strong></span> <span class='ocrx_word' id='word_1_788' title='bbox 3178 5293 3340 5349; x_wconf 91' lang='lat' dir='ltr'><strong>nobis</strong></span> <span class='ocrx_word' id='word_1_789' title='bbox 3363 5306 3565 5363; x_wconf 79' lang='lat' dir='ltr'><strong>expro-</strong></span> 
     </span>
    </p>
   </div>
   <div class='ocr_carea' id='block_1_110' title="bbox 1994 5387 3568 5468">
    <p class='ocr_par' dir='ltr' id='par_1_110' title="bbox 1994 5387 3568 5468">
     <span class='ocr_line' id='line_1_110' title="bbox 1994 5387 3568 5468; baseline -0.008 -14"><span class='ocrx_word' id='word_1_790' title='bbox 1994 5399 2205 5454; x_wconf 88' lang='lat' dir='ltr'><strong>brant:</strong></span> <span class='ocrx_word' id='word_1_791' title='bbox 2250 5413 2430 5468; x_wconf 90' lang='lat' dir='ltr'><strong>neque</strong></span> <span class='ocrx_word' id='word_1_792' title='bbox 2474 5396 2811 5463; x_wconf 80' lang='lat' dir='ltr'><strong>intelligunt,</strong></span> <span class='ocrx_word' id='word_1_793' title='bbox 2844 5390 2974 5445; x_wconf 89' lang='lat' dir='ltr'><strong>dum</strong></span> <span class='ocrx_word' id='word_1_794' title='bbox 3026 5388 3133 5444; x_wconf 87' lang='lat' dir='ltr'><strong>hoc</strong></span> <span class='ocrx_word' id='word_1_795' title='bbox 3169 5390 3461 5458; x_wconf 75' lang='lat' dir='ltr'><strong>ganniunt,</strong></span> <span class='ocrx_word' id='word_1_796' title='bbox 3509 5387 3568 5443; x_wconf 84' lang='lat' dir='ltr'><strong>in</strong></span> 
     </span>
    </p>
   </div>
   <div class='ocr_carea' id='block_1_111' title="bbox 1995 5479 3568 5560">
    <p class='ocr_par' dir='ltr' id='par_1_111' title="bbox 1995 5479 3568 5560">
     <span class='ocr_line' id='line_1_111' title="bbox 1995 5479 3568 5560; baseline -0.009 -12"><span class='ocrx_word' id='word_1_797' title='bbox 1995 5491 2207 5560; x_wconf 83' lang='lat' dir='ltr'><strong>seipsos</strong></span> <span class='ocrx_word' id='word_1_798' title='bbox 2251 5505 2308 5545; x_wconf 81' lang='lat' dir='ltr'><strong>se</strong></span> <span class='ocrx_word' id='word_1_799' title='bbox 2342 5504 2562 5546; x_wconf 89' lang='lat' dir='ltr'><strong>omnem</strong></span> <span class='ocrx_word' id='word_1_800' title='bbox 2595 5484 2919 5557; x_wconf 89' lang='lat' dir='ltr'><strong>pertrahere</strong></span> <span class='ocrx_word' id='word_1_801' title='bbox 2959 5481 3472 5552; x_wconf 88' lang='lat' dir='ltr'><strong>reprehensionem.</strong></span> <span class='ocrx_word' id='word_1_802' title='bbox 3509 5479 3568 5535; x_wconf 89' lang='lat' dir='ltr'><strong>Si</strong></span> 
     </span>
    </p>
   </div>
   <div class='ocr_carea' id='block_1_112' title="bbox 1994 5571 3571 5653">
    <p class='ocr_par' dir='ltr' id='par_1_112' title="bbox 1994 5571 3571 5653">
     <span class='ocr_line' id='line_1_112' title="bbox 1994 5571 3571 5653; baseline -0.007 -15"><span class='ocrx_word' id='word_1_803' title='bbox 1994 5585 2146 5639; x_wconf 89' lang='lat' dir='ltr'><strong>enim</strong></span> <span class='ocrx_word' id='word_1_804' title='bbox 2179 5583 2369 5653; x_wconf 79' lang='lat' dir='ltr'><strong>fugere</strong></span> <span class='ocrx_word' id='word_1_805' title='bbox 2413 5581 2615 5635; x_wconf 87' lang='lat' dir='ltr'><strong>malum</strong></span> <span class='ocrx_word' id='word_1_806' title='bbox 2655 5588 2760 5644; x_wconf 89' lang='lat' dir='ltr'><strong>est,</strong></span> <span class='ocrx_word' id='word_1_807' title='bbox 2796 5577 2967 5632; x_wconf 87' lang='lat' dir='ltr'><strong>multo</strong></span> <span class='ocrx_word' id='word_1_808' title='bbox 3000 5575 3249 5630; x_wconf 82' lang='lat' dir='ltr'><strong>deterius</strong></span> <span class='ocrx_word' id='word_1_809' title='bbox 3287 5571 3571 5644; x_wconf 85' lang='lat' dir='ltr'><strong>persequi.</strong></span> 
     </span>
    </p>
   </div>
   <div class='ocr_carea' id='block_1_113' title="bbox 1997 5664 3572 5745">
    <p class='ocr_par' dir='ltr' id='par_1_113' title="bbox 1997 5664 3572 5745">
     <span class='ocr_line' id='line_1_113' title="bbox 1997 5664 3572 5745; baseline -0.007 -15"><span class='ocrx_word' id='word_1_810' title='bbox 1997 5677 2100 5745; x_wconf 86' lang='lat' dir='ltr'><strong>Qui</strong></span> <span class='ocrx_word' id='word_1_811' title='bbox 2123 5676 2269 5732; x_wconf 88' lang='lat' dir='ltr'><strong>enim</strong></span> <span class='ocrx_word' id='word_1_812' title='bbox 2296 5675 2421 5744; x_wconf 80' lang='lat' dir='ltr'><strong>fuga</strong></span> <span class='ocrx_word' id='word_1_813' title='bbox 2450 5671 2553 5728; x_wconf 86' lang='lat' dir='ltr'><strong>sibi</strong></span> <span class='ocrx_word' id='word_1_814' title='bbox 2578 5670 2840 5732; x_wconf 88' lang='lat' dir='ltr'><strong>consulit,</strong></span> <span class='ocrx_word' id='word_1_815' title='bbox 2869 5685 2939 5727; x_wconf 89' lang='lat' dir='ltr'><strong>ne</strong></span> <span class='ocrx_word' id='word_1_816' title='bbox 2965 5668 3219 5732; x_wconf 85' lang='lat' dir='ltr'><strong>intereat,</strong></span> <span class='ocrx_word' id='word_1_817' title='bbox 3240 5664 3572 5723; x_wconf 89' lang='lat' dir='ltr'><strong>occultando</strong></span> 
     </span>
    </p>
   </div>
   <div class='ocr_carea' id='block_1_114' title="bbox 1997 5759 3619 5836">
    <p class='ocr_par' dir='ltr' id='par_1_114' title="bbox 1997 5759 3619 5836">
     <span class='ocr_line' id='line_1_114' title="bbox 1997 5759 3619 5836; baseline -0.007 -13"><span class='ocrx_word' id='word_1_818' title='bbox 1997 5768 2154 5824; x_wconf 85' lang='lat' dir='ltr'><strong>latet.</strong></span> <span class='ocrx_word' id='word_1_819' title='bbox 2193 5766 2387 5836; x_wconf 79' lang='lat' dir='ltr'><strong>Atqui</strong></span> <span class='ocrx_word' id='word_1_820' title='bbox 2435 5764 2602 5820; x_wconf 89' lang='lat' dir='ltr'><strong>alium</strong></span> <span class='ocrx_word' id='word_1_821' title='bbox 2640 5762 3011 5834; x_wconf 74' lang='lat' dir='ltr'><strong>persequitur,</strong></span> <span class='ocrx_word' id='word_1_822' title='bbox 3042 5759 3299 5815; x_wconf 87' lang='lat' dir='ltr'><strong>occidere</strong></span> <span class='ocrx_word' id='word_1_823' title='bbox 3334 5768 3569 5813; x_wconf 83' lang='lat' dir='ltr'><strong>conten-</strong></span> <span class='ocrx_word' id='word_1_824' title='bbox 3611 5789 3619 5802; x_wconf 71' lang='grc' dir='ltr'><strong>ι</strong></span> 
     </span>
    </p>
   </div>
   <div class='ocr_carea' id='block_1_115' title="bbox 1999 5848 3569 5929">
    <p class='ocr_par' dir='ltr' id='par_1_115' title="bbox 1999 5848 3569 5929">
     <span class='ocr_line' id='line_1_115' title="bbox 1999 5848 3569 5929; baseline -0.006 -13"><span class='ocrx_word' id='word_1_825' title='bbox 1999 5860 2101 5916; x_wconf 89' lang='lat' dir='ltr'><strong>dit.</strong></span> <span class='ocrx_word' id='word_1_826' title='bbox 2136 5859 2204 5915; x_wconf 89' lang='lat' dir='ltr'><strong>Et</strong></span> <span class='ocrx_word' id='word_1_827' title='bbox 2254 5857 2322 5917; x_wconf 86' lang='lat' dir='ltr'><strong>de</strong></span> <span class='ocrx_word' id='word_1_828' title='bbox 2362 5856 2624 5929; x_wconf 74' lang='lat' dir='ltr'><strong>fugiendo</strong></span> <span class='ocrx_word' id='word_1_829' title='bbox 2664 5855 2887 5927; x_wconf 87' lang='lat' dir='ltr'><strong>quidem</strong></span> <span class='ocrx_word' id='word_1_830' title='bbox 2928 5852 3201 5925; x_wconf 84' lang='lat' dir='ltr'><strong>scriptura</strong></span> <span class='ocrx_word' id='word_1_831' title='bbox 3231 5858 3427 5907; x_wconf 74' lang='lat' dir='ltr'><strong>exstat.</strong></span> <span class='ocrx_word' id='word_1_832' title='bbox 3463 5848 3569 5920; x_wconf 86' lang='lat' dir='ltr'><strong>Qui</strong></span> 
     </span>
    </p>
   </div>
  </div>
