3870 6542
452 388 561 460 483

1685 394 2104 456 NICEPHORI
2149 395 2495 458 GALLISTI

3595 403 3678 465 4i

444 521 642 566 “autem
677 521 875 564 necare
907 505 1075 562 alium
1100 515 1356 571 conatur,
1380 505 1556 577 legem
1588 508 2025 579 transgreditur1

2145 512 2393 582 παρέχει.
2427 511 2596 580 Εἴπερ
2633 509 2728 564 οὖν
2763 509 2861 581 τὴν
2913 513 3094 582 φυγὴν
3135 510 3498 581 ὀνειδίζουσιν,
3523 519 3680 590 ἐντρε-

447 601 557 669 37
600 610 656 656 et
710 601 826 671 ipse
871 600 1044 672 magis
1095 600 1439 657 occasionem
1493 601 1578 656 sui
1618 602 1793 671 ipsius
1827 601 2042 671 vitupe-

452 690 612 748 randi
650 693 882 764 priebet.
930 693 986 747 Si
1031 693 1200 763 igitur
1249 693 1431 763 fugam
1481 693 1642 748 nobis
1675 693 2042 763 ignominiose

453 786 751 859 objiciunt,
808 786 1024 856 seipsos
1071 785 1257 856 potius
1313 794 1570 857 arguant,
1619 785 1718 856 qui
1766 799 1870 840 nos
1911 794 2044 840 sunt

453 879 761 950 persecuti.
800 877 1096 934 Facessant
1141 877 1217 931 illi
1246 891 1372 933 cum
1417 876 1638 930 insidiis
1669 875 1806 942 suis,
1843 883 1900 930 et
1959 876 2042 929 fu-

455 987 586 1042 gere
623 971 836 1033 statim,
868 970 1068 1039 quibus
1103 969 1179 1023 illi
1224 969 1430 1023 malum
1463 975 1708 1033 struunt,
1753 969 2040 1023 desinent.

456 1062 563 1117 Sed
628 1061 1034 1132 improbitatem
1089 1075 1244 1114 suam
1309 1075 1420 1114 non
1481 1059 1824 1129 relinquunt,
1877 1068 1932 1113 et
1984 1067 2045 1112 ut

455 1170 557 1208 nos
609 1152 1127 1223 comprehendant,
1195 1151 1337 1207 nihil
1401 1168 1512 1206 non
1575 1162 1790 1208 tentant
1843 1170 1858 1206 :
1912 1167 2038 1207 cum

453 1245 679 1314 quidem
731 1246 928 1308 sciant,
967 1259 1162 1298 eorum
1209 1244 1303 1314 qui
1351 1245 1797 1314 persecutionem
1832 1244 2040 1314 ferunt,

453 1319 658 1409 fnjun,
708 1354 964 1408 magnum
1015 1354 1139 1393 esse
1176 1349 1597 1409 persecutorum
1638 1340 1886 1408 ipsorum
1933 1339 2042 1393 cri-

454 1446 600 1484 men.
639 1429 822 1484 Mitem
852 1445 1094 1501 namque
1124 1439 1180 1484 et
1211 1431 1515 1484 humanum
1551 1445 1715 1485 nemo
1747 1429 1908 1499 fugit,
1941 1430 2038 1484 sed

453 1522 637 1590 potius
675 1521 854 1576 ferum
905 1531 960 1576 et
1006 1521 1272 1592 improbis
1318 1521 1570 1577 moribus
1615 1522 1918 1577 hominem.
1956 1521 2042 1576 Si-

451 1610 671 1679 quidem
703 1611 1026 1682 quicunque
1059 1623 1223 1667 erant
1255 1613 1308 1665 in
1359 1613 1610 1683 angustia
1641 1614 1954 1679 constituti,
1986 1622 2041 1668 et

449 1703 702 1774 Oppressi
736 1718 849 1758 mre
885 1704 1090 1770 alieno,
1138 1703 1362 1758 Sauluin
1399 1703 1702 1774 fugiebant,
1735 1715 1793 1760 et
1833 1705 1898 1760 ad
1937 1706 2037 1761 Da-

450 1794 631 1848 videm
666 1795 1076 1864 prolugiebant.
1111 1796 1407 1865 Propterea
1440 1806 1498 1850 et
1549 1797 1640 1852 isti
1671 1812 1769 1852 eos
1800 1801 1896 1868 qui
1946 1801 2034 1854 fu-

2147 597 2405 652 πέειυταν
2437 598 2601 652 πλέον
2647 598 2876 661 ἑαυτοὺς
2905 601 2954 652 oi
2997 597 3317 664 διώκοντεςο
3357 603 3681 661 παυέσθωσαν

2144 687 2620 755 ἐπιϐουλεύοντες,
2679 692 2777 745 καὶ
2822 691 3130 746 παύσονται
3179 695 3274 748 καὶ
3325 696 3371 748 οἱ
3423 694 3682 764 φεύγοντες

2143 779 2330 844 εὐθύς.
2376 781 2541 836 Ἀλλὰ
2571 782 2670 852 τῆς
2711 785 2812 853 μέν
2856 786 2994 848 ίδίας
3028 787 3298 856 πονηρίας
3329 789 3388 840 οὺ
3420 788 3681 855 παύονται,

2143 872 2237 925 τοῦ
2268 873 2323 927 δὲ
2355 875 2689 930 καταλαϐεῖν
2717 878 2883 931 ἑνεκα
2906 879 3087 932 πάντα
3110 879 3442 948 πράττουσιν
3463 921 3478 946 ,
3508 882 3682 947 εἰδότες

2142 963 2225 1017 δτι
2271 963 2382 1017 τῶν
2436 965 2792 1037 διωκομένων
2824 969 2855 1040 ἡ
2893 969 3043 1038 φυγὴ
3105 968 3281 1039 μέγας
3332 970 3548 1040 ἑλεγχόςι
3587 975 3683 1026 ἐστι

2145 1059 2289 1110 κατὰ
2321 1059 2433 1111 τῶν
2485 1059 2797 1114 διωκόντων
2823 1077 2837 1093 ⁸
2895 1061 3072 1125 οὐδεὶς
3139 1062 3246 1130 γὰρ
3276 1061 3366 1115 τὸν
3417 1066 3578 1134 πρᾶον
3607 1067 3685 1119 καὶ

2143 1147 2533 1220 φιλάνθρωπον
2587 1150 2800 1219 φεύγει,
2850 1153 2988 1207 ἀλλὰ
3031 1153 3234 1224 μᾶλλον
3282 1157 3372 1208 τὸν
3400 1156 3577 1227 ἄγριον
3606 1162 3685 1214 καὶ

2143 1242 2385 1312 πονηρὸν
2426 1243 2556 1297 ὄντα
2601 1245 2692 1298 τὸν
2716 1248 2945 1316 τρόπον.
2986 1248 3102 1310 Πᾶς
3127 1248 3234 1318 γὰρ
3262 1249 3558 1314 κατὼδυνος
3607 1257 3686 1309 καὶ

2141 1332 2427 1404 ὑπόχρεως
2461 1335 2570 1388 ἀπὸ
2613 1335 2716 1405 μὲν
2744 1341 2838 1389 τοῦ
2896 1338 3071 1392 Σαοὺλ
3111 1339 3333 1406 ἑςευγε,
3371 1341 3501 1409 πρὸς
3528 1343 3578 1395 δὲ
3608 1345 3684 1397 τὸν

2140 1420 2306 1475 Δαυῒδ
2338 1423 2671 1492 κατέφευγε.
2707 1426 2808 1477 Διὰ
2838 1427 2996 1478 τοῦτο
3030 1428 3124 1479 καὶ
3144 1426 3291 1480 οὗτοι
3323 1431 3444 1492 τοὺς
3475 1448 3684 1498 κρυπτο-

2143 1513 2338 1580 μένους
2370 1514 2571 1578 αὐτοὺς
2610 1517 2859 1586 ἀναιρεῖν
2891 1519 3311 1587 σπουδάζουσιν,
3349 1521 3484 1593 ὑπὲρ
3509 1525 3593 1576 τοῦ
3622 1525 3684 1594 μὴ

2139 1602 2316 1656 δοκεῖν
2342 1604 2488 1675 ἔχειν
2511 1607 2608 1676 τῆς
2634 1609 2848 1662 ἑαυτῶν
2871 1612 3137 1681 πονηρίας
3162 1613 3256 1666 τὸν
3285 1611 3524 1684 ἔλεγχον.
3547 1615 3685 1672 Ἀλλὰ

2140 1696 2234 1748 καὶ
2265 1697 2323 1748 ἑν
2353 1697 2532 1768 τούτῳ
2566 1696 2785 1752 δοκοῦσι
2808 1699 3146 1771 τυφλώττειν
3186 1703 3564 1776 πλανώμενον
3595 1709 3686 1778 ὅσῳ

2140 1790 2301 1860 γὰρὴ
2360 1792 2507 1860 φυγὴ
2540 1793 2830 1862 πρόδηλος,
2863 1794 3106 1866 τοσούτῳ
3154 1797 3316 1850 πλέον
3342 1799 3376 1868 ή
3408 1799 3464 1862 ἐξ
3492 1800 3685 1853 ἐπιϐου-

445 1863 989 1957 εἰοηιεείοοοιιιιειιι,
1008 1863 1416 1958 magno—studio
1441 1887 1704 1943 occidere
1735 1863 2025 1960 conantur,

2137 1882 2236 1952 λῆς
2269 1885 2536 1956 γινομένη
2556 1885 2691 1954 παρ’
2713 1886 2893 1940 αὐτῶν
2923 1863 3208 1960 ἀναίρεσις
3225 1891 3322 1944 καὶ
3350 1863 3526 1963 ἐξορία
3549 1912 3684 1964 περι.

449 1992 508 2035 ut
544 1996 613 2035 ne
660 1981 866 2036 habere
909 1981 1202 2036 videantur
1256 1981 1630 2050 improbitatis
1675 1997 1789 2036 suae
1835 1997 2025 2054 expro-

2137 1973 2445 2044 φανεστέρα
2476 1975 2794 2047 γενήσεται.
2855 1978 2954 2032 Ἂν
2997 1997 3057 2033 τε
3095 1981 3204 2052 γὰρ
3235 1983 3634 2049 ἀποκτείνωσιν,
3662 1991 3685 2042 ὁ

449 2073 722 2127 bratores.
748 2072 953 2127 Verum
983 2081 1040 2128 et
1067 2071 1120 2126 in
1146 2071 1252 2127 hoc
1281 2072 1546 2127 exezi'cati
1577 2088 1801 2143 prorsus
1822 2081 2031 2128 errant.

453 2164 670 2229 Quanto
703 2178 944 2232 namque
994 2163 1122 2233 fuga
1171 2170 1254 2218 est
1311 2161 1680 2226 manifestior,
1720 2171 1873 2216 tanto
1912 2177 2034 2232 qua:

447 2271 513 2311 ex
547 2271 741 2314 eorum
772 2255 989 2310 insidiis
1018 2255 1268 2325 provenit
1292 2257 1378 2310 vel
1405 2255 1606 2318 caedes,
1639 2255 1729 2311 vel
1755 2257 2030 2324 expulsio,

451 2349 510 2400 fit
553 2347 818 2418 apertior.
860 2347 988 2401 Sive
1021 2347 1170 2401 enim
1212 2346 1490 2411 occidant,
1528 2346 1705 2401 cwdes
1746 2363 1813 2401 eo
1858 2347 2031 2416 magis

447 2440 713 2494 adversus
747 2440 896 2510 ipsos
927 2439 1265 2494 vociferatur
1299 2457 1313 2494 :
1343 2453 1436 2494 seu
1470 2437 1525 2492 in
1557 2439 1811 2493 exsilium
1847 2450 2029 2507 agant,

449 2534 722 2588 adversus
762 2531 980 2603 seipsos
1014 2532 1218 2602 ubique
1246 2531 1494 2586 locorum
1535 2532 1638 2601 ipsi
1670 2540 2029 2586 monumenta

447 2625 760 2696 iniquitatis
799 2639 913 2680 suae
949 2626 1318 2680 constituunt.
1355 2625 1548 2694 Itaque
1579 2625 1625 2678 si
1656 2640 1844 2678 sanam
1881 2625 2030 2680 obii-

445 2728 645 2774 nerent
686 2729 958 2784 mentem,
994 2717 1252 2772 viderent
1299 2718 1548 2787 profecto
1599 2716 1814 2787 seipsos
1859 2718 2032 2772 rebus

449 2813 600 2868 hisce
626 2811 1058 2882 comprehensos
1089 2810 1286 2874 teneri,
1313 2821 1369 2866 et
1393 2811 1458 2865 ad
1487 2827 1585 2866 sua
1613 2811 1860 2882 ipsorum
1892 2825 2030 2867 con-

454 2905 576 2960 silia
609 2906 938 2975 impingere.
971 2903 1434 2974 Quandoquidem
1467 2917 1600 2959 vero
1630 2913 1870 2960 mentem
1909 2921 2026 2960 me-

447 3001 640 3055 liorem
696 2999 982 3066 amisere,
1035 2997 1178 3052 nihil
1235 2999 1478 3064 mirum,
1530 2999 1576 3053 si
1634 2997 1702 3052 ad
1756 2998 2029 3070 ejusmodi

446 3091 866 3163 persecutiones
893 3091 1303 3162 producuntur.
1339 3091 1408 3149 Et
1429 3089 1687 3146 occidere
1718 3090 1856 3146 alios
1878 3106 2028 3161 quie-

445 3196 654 3253 rentes,
701 3200 856 3240 suain
906 3183 1154 3254 ipsorum
1211 3197 1323 3238 non
1372 3190 1609 3237 cernunt
1655 3182 2023 3252 impietatem.

442 3279 656 3332 Etenim
691 3277 737 3332 si
777 3275 1045 3331 conviciis
1087 3291 1182 3330 eos
1220 3273 1606 3344 proscindunt,
1656 3274 1751 3343 qui
1795 3281 2023 3344 pr0pter

440 3384 804 3440 percussores
833 3368 1108 3423 immissos
1130 3367 1374 3431 latitant,
1407 3377 1575 3437 atque
1601 3367 1648 3422 si
1680 3363 2046 3424 calumniose'

440 3469 706 3513 accusant
752 3473 848 3512 eos
893 3457 988 3527 qui
1040 3471 1397 3526 percussores
1447 3456 1686 3526 fugiunt,
1726 3458 1856 3527 quid
1891 3472 2024 3528 rogo

441 3551 644 3606 facient
673 3566 794 3605 cum
827 3549 1068 3604 viderint
1101 3549 1368 3604 Iacobum
1392 3547 1582 3618 fugere
1610 3548 1835 3604 fratrem
1858 3563 2022 3604 suum

440 3645 583 3698 Esau
610 3645 633 3698 ?
661 3644 868 3699 Μοδειιι
897 3643 952 3698 in
989 3642 1205 3696 Madian
1235 3657 1356 3696 sese
1384 3641 1766 3711 recipientem,
1796 3650 2024 3712 propter

440 3739 746 3795 Pharaonis
787 3737 1048 3792 metum?
1089 3737 1381 3803 Quomodo
1417 3750 1570 3800 vero,
1603 3735 1696 3805 qui
1743 3736 1874 3791 talia
1903 3751 2026 3806 garo

441 3832 634 3894 riunt,
689 3830 878 3884 Davidi
934 3828 1462 3899 patrocinabuntur,
1513 3825 1740 3881 Saiilum
1785 3826 2018 3896 fugienti

441 3919 557 3989 (qui
595 3934 948 3988 percussores
995 3919 1048 3973 in
1083 3918 1307 3971 domum
1351 3919 1472 3988 ejus
1517 3917 1585 3971 ad
1619 3917 1773 3972 illum
1801 3916 2021 3972 interti-

439 4008 699 4063 cicndum
740 4007 1004 4078 miserat)
1066 4018 1121 4063 et
1155 4009 1206 4061 in
1239 4008 1505 4079 spelunca
1536 4007 1750 4071 latenti,
1796 4007 2021 4062 faciem-

432 4118 543 4172 que
593 4118 746 4156 suam
789 4102 1022 4156 mutanti
1079 4103 1256 4156 donec
1302 4102 1480 4155 abiret
1536 4101 1604 4156 ab
1655 4101 1974 4156 Abimelech
2004 4142 2020 4168 ,

424 4204 493 4248 let
523 4193 752 4248 insidias
783 4193 889 4248 sibi
938 4203 1180 4248 structas
1216 4191 1526 4248 devitaret?
1569 4191 1710 4258 Quid
1749 4205 2017 4262 praeterea

437 4284 525 4338 isti
576 4285 672 4353 qui
709 4294 918 4339 temere
965 4286 1150 4338 omnia
1181 4284 1470 4344 ell'ntiunt,
1517 4282 1586 4336 de
1636 4299 1836 4352 magno
1867 4283 2020 4338 llelia

423 4377 626 4430 .dicent
655 4415 669 4440 ,
707 4391 830 4429 cum
871 4390 997 4428 eum
1051 4376 1278 4427 videant
1316 4383 1373 4428 et
1419 4377 1589 4426 Deum
1645 4375 2017 4439 invocantem,

424 4480 834 4536 .niortunuique
865 4467 1223 4532 excitantem,
1262 4474 1318 4521 et
1359 4476 1592 4537 propter
1617 4466 1804 4521 Achab
1850 4475 2017 4536 atque

2050 3213 2096 3277 C

2135 2065 2362 2128 θάνατος
2410 2066 2594 2134 μεῖζον
2655 2069 2852 2140 ὴχήσει
2893 2073 3014 2125 κατ’
3074 2074 3290 2128 αὐτῶν·
3353 2075 3420 2130 ἄν
3462 2095 3518 2131 τε
3545 2080 3683 2133 πάλιν

2133 2158 2478 2226 ἑξορίσωσιν,
2537 2162 2823 2230 πανταχοῦ
2859 2165 2984 2218 καθ’
3033 2165 3251 2221 ἑαυτῶν
3282 2170 3440 2224 αὐτοὶ
3471 2175 3686 2242 μνημεῖα

2131 2254 2231 2322 τῆς
2265 2253 2613 2324 παρανομίας
2653 2257 3168 2322 ἐξαποστέλλουσιν.
3207 2263 3268 2316 Et
3327 2263 3425 2333 μὲν
3451 2261 3538 2320 οὖν
3571 2265 3686 2320 ἔσω-

2133 2344 2225 2408 ζον
2278 2344 2378 2410 τὰς
2417 2346 2620 2418 φρένας
2644 2387 2660 2414 ,
2712 2348 2944 2406 ἔϐλεπον
2995 2354 3223 2418 ἑαυτοὺς
3256 2358 3316 2409 ἐν
3348 2356 3550 2424 τούτοις
3581 2378 3686 2414 suv-

2132 2437 2449 2504 εχομὲνους,
2486 2439 2582 2493 καί⁵
2618 2444 2733 2506 τοῖς
2771 2444 2982 2499 ἑαυτῶν
3055 2447 3502 2519 προσκόπτοντας
3559 2453 3686 2522 λογιο

2135 2531 2292 2596 σμοῖς
2316 2545 2330 2560 ο
2367 2530 2558 2602 ἐπειδὴ
2587 2533 2643 2587 δέ
2675 2537 2768 2588 καὶ
2815 2537 2878 2590 τὸ
2926 2546 3228 2612 σωφρονεῖν
3251 2546 3558 2610 ἀπώλεσαν,
3609 2547 3685 2601 διὰ

2131 2619 2290 2674 τοῦτο
2319 2625 2413 2677 καὶ
2439 2623 2734 2691 διώκοντες
2768 2628 3083 2699 ἐξάγονται.
3117 2637 3227 2690 Καὶ
3262 2638 3551 2709 ζητοῦντες
3581 2643 3683 2696 ἁνεο

2131 2713 2264 2780 λεῖν,
2289 2715 2386 2786 οὐχ
2411 2717 2614 2787 ὁρῶσιν
2641 2721 2853 2776 ἑαυτῶν
2887 2725 2988 2796 τὴν
3037 2727 3326 2785 ἀσέϐειαν.
3370 2732 3432 2785 Ei
3465 2736 3567 2803 γὰρ
3595 2735 3686 2788 λοι.

2129 2805 2347 2877 δοροῦσι
2373 2811 2499 2873 τοὺς
2524 2815 2943 2886 κρυπτομένους
2971 2819 3080 2874 ἀπὸ
3106 2821 3212 2875 τῶν
3244 2822 3552 2892 ζητούντων
3578 2826 3683 2880 ἀντ-

2131 2899 2264 2968 λεῖν,
2307 2904 2401 2956 καὶ
2426 2903 2780 2962 διαϐάλλουσι
2803 2911 2931 2974 τοὺς
2963 2913 3273 2981 φεύγοντας
3316 2918 3427 2971 ἀπὸ
3451 2918 3553 2970 τῶν
3579 2920 3680 2972 διω-

2131 2993 2356 3062 κόντων,
2385 2996 2438 3049 τί
2467 2999 2793 3071 ποιήσουσιν
2824 3003 3060 3074 δρῶντες
3093 3007 3187 3061 τὸν
3212 3011 3316 3078 μὲν
3357 3011 3546 3066 Ἰακὼϐ
3569 3020 3684 3080 9:0-

2131 3104 2297 3156 γοντα
2319 3091 2412 3144 τὸν
2439 3091 2671 3162 ἀδελφὺν
2709 3095 2901 3166 Ἰίσαῦ,
2925 3100 3016 3152 τὸν
3036 3100 3094 3154 δέ
3122 3102 3372 3174 Μωῦσῆν
3393 3107 3470 3170 εἰς
3497 3107 3680 3161 Mediis

2130 3181 2519 3253 ἀναχωροῦντα
2552 3185 2642 3238 διὰ
2664 3187 2758 3242 τὸν
2789 3188 2958 3258 φόϐον
2994 3191 3091 3246 τοῦ
3133 3195 3378 3266 Φαραώς
3416 3197 3456 3252 Τ
3462 3199 3478 3250 ί
3504 3201 3556 3253 δὲ
3587 3218 3658 3253 τοι

2096 3274 2268 3351 ,αῦτα
2324 3275 2719 3348 φλυαροῦντες,
2769 3283 3211 3355 ἀπολογήσονται
3250 3291 3334 3362 τῷ
3363 3292 3524 3348 Δαυίδ
3571 3294 3681 3364 φεύ.

2126 3389 2279 3441 γοντι
2313 3365 2406 3430 τὸν
2428 3377 2604 3432 Σαοὺλ
2627 3380 2647 3448 (
2668 3381 2761 3434 ἐπὶ
2794 3381 2894 3452 τῆς
2921 3383 3099 3450 οίκίας
3122 3388 3521 3445 ἀποστείλαντα
3541 3391 3681 3446 αὐτὸν

2126 3466 2533 3541 ἀναιρεθῆναι)
2602 3474 2698 3525 καὶ
2754 3478 3120 3550 κρυπτομένῳ
3175 3481 3275 3551 μὶν
3332 3485 3519 3540 τοῦτον
3540 3488 3593 3538 ἑν
3617 3486 3682 3556 τῷ

2050 3621 2056 3626 _
2128 3560 2403 3633 σπηλαίῳ,
2433 3564 2745 3620 ἀλλοιοῦντι
2771 3568 2830 3622 δὲ
2863 3570 2927 3624 τὺ
2987 3573 3288 3644 πρόσωπον
3329 3578 3545 3641 ἑαυτοῦ,
3592 3581 3682 3643 ἕως

2125 3650 2188 3709 οῦ
2216 3655 2469 3729 παρέλθῃ
2488 3658 2583 3711 τὸν
2610 3659 2927 3732 ’Δϐιμὲλεχ,
2957 3665 3052 3718 καὶ
3073 3667 3174 3738 τὴν
3197 3670 3494 3742 ἐπιϐουλὴν
3521 3675 3683 3727 ἐκκλί-

2125 3763 2228 3820 νῃ;
2254 3748 2320 3802 Τί
2349 3748 2394 3802 δ’
2416 3749 2484 3804 ἂν
2512 3751 2723 3808 εἴποιεν
2749 3755 2800 3808 oi
2831 3758 3013 3812 πάντα
3042 3759 3295 3829 λέγοντες
3327 3765 3581 3836 εὐχερῶς.
3604 3768 3682 3820 τὸν

2127 3838 2302 3906 μέγαν
2339 3837 2525 3894 ἸΙλίαν
2564 3843 2802 3911 ὁρῶντες
2831 3849 3262 3917 ἐπικαλούμενον
3297 3857 3392 3909 τὸν
3427 3858 3552 3911 Θεὸν
3601 3863 3682 3912 καὶ

2123 3930 2673 4020 νεκρὺνέγεὶροντα;
2730 3941 3110 4010 κρυπτόμενον
3141 3945 3198 3997 δὲ
3224 3945 3315 3999 διὰ
3344 3948 3435 4001 τὸν
3475 3950 3678 4020 Ἀχαὰ6,

2121 4021 2220 4073 καὶ
2249 4019 2519 4091 φεύγοντα
2555 4023 2645 4078 διὰ
2673 4027 2774 4089 τὰς
2827 4030 3062 4095 ἀπειλὰς
3091 4034 3192 4102 τῆς
3239 4033 3483 4102 Ἰεζάϐελ
3510 4056 3523 4104 ;
3576 4041 3679 4092 τότε

2123 4112 2232 4177 γὰρ
2266 4111 2594 4184 ζητούμενοι
2623 4118 2673 4170 οἱ
2704 4119 2813 4173 υἱοὶ
2839 4122 2948 4174 τῶν
2984 4127 3284 4194 προφητῶν
3321 4131 3678 4201 ἐκρύπτοντο.

2107 4201 2480 4270 Δλανθάνοντες
2513 4209 2572 4262 ἐν
2601 4214 2713 4274 τοῖς
2743 4215 3033 4283 σπηλαίοις
3080 4221 3231 4290 παρὰ
3266 4223 3345 4293 τῷ
3393 4226 3588 4296 Ἀϐόίᾳ.
3617 4222 3678 4278 'll

2119 4297 2336 4361 τούτοις
2378 4298 2478 4368 μὲν
2513 4300 2590 4363 ὡς
2640 4304 2896 4370 παλαιοῖς
2939 4309 3214 4380 ἐνέτυχον,
3247 4316 3356 4368 τῶν
3389 4317 3443 4370 δὲ
3474 4322 3604 4371 κατα
3630 4318 3680 4370 τὸ

2123 4389 2460 4458 Εὑαγγέλιον
2508 4393 2772 4463 οὐδεμίαν
2827 4402 3054 4471 μνήμην
3114 4404 3337 4473 ἔχουσις
3379 4411 3486 4463 Καὶ
3513 4412 3611 4479 γάρ
3635 4413 3677 4464 oi

2123 4481 2366 4552 μαθηταὶ
2423 4484 2514 4539 διὰ
2569 4487 2663 4538 τὶν
2718 4490 2885 4559 φόϐον
2916 4493 3026 4548 τῶν
3064 4496 3340 4553 Ἰουδαίων
3375 4503 3678 4574 ἀνεχώρουν

438 4560 707 4615 lczabelis
756 4559 932 4613 minas
972 4559 1326 4614 latitantem?
1362 4561 1520 4614 Tunc
1549 4561 1755 4614 etenim
1805 4561 1899 4629 qui
1946 4561 2011 4614 ad

2128 4576 2512 4645 κρυπτόμενοι.
2549 4581 2659 4633 Καὶ
2685 4582 2711 4634 ό
2745 4584 2954 4647 Παῦλος
2980 4589 3037 4640 ἐν
3072 4591 3356 4662 Δαμασιῷ
3402 4559 3676 4665 παραιτοῦ

419 4654 649 4708 erdem
693 4651 1119 4719 inquirebantur
1158 4653 1254 4707 lilii
1304 4654 1725 4724 prOphetarum,
1771 4655 2013 4708 occulta-

437 4749 643 4803 bantur
669 4745 722 4797 iii
750 4746 1027 4814 Speluncis
1052 4746 1331 4800 latitantes
1353 4744 1495 4814 apud
1523 4744 1770 4797 Abdiain.
1793 4745 1904 4815 38
1929 4747 2014 4801 An

431 4842 541 4896 lius
571 4839 818 4909 quidem,
859 4849 920 4892 ut
956 4839 1286 4894 vetustiores
1319 4849 1551 4906 norunt,
1593 4857 1784 4897 eorum
1827 4850 2013 4894 autem

435 4932 534 5003 qui
571 4931 625 4985 in
665 4931 963 5001 Evangelio
998 4940 1147 4992 sunt.
1185 4947 1296 4986 non
1337 4935 1759 4990 meminerunt?
1790 4933 1926 4989 Nam
1957 4940 2014 4988 et

422 5025 692 5096 discipuli
735 5037 960 5094 propter
1021 5036 1224 5079 metum
1261 5025 1578 5080 Judmorum
1637 5037 2012 5090 secesserunt,

418 5134 559 5173 ssese
589 5118 932 5172 occultantes
966 5135 979 5170 :
1013 5127 1067 5172 et
1098 5117 1294 5172 Paulus
1334 5119 1580 5174 Damasci
1622 5119 1690 5172 ab
1721 5119 1896 5190 gentis
1937 5118 2012 5173 ibi

423 5210 691 5280 ,principe
741 5210 1025 5279 quaesitus,
1070 5207 1136 5262 de
1187 5223 1346 5262 muro
1388 5208 1443 5262 in
1495 5219 1683 5279 sporta
1715 5209 2010 5275 demissus,

439 5304 790 5372 percussoris
824 5304 1018 5373 effugit
1063 5320 1276 5359 manus.
1334 5303 1399 5358 Et
1449 5321 1572 5360 cum
1606 5304 1892 5376 Scriptura
1945 5307 2015 5362 de

435 5394 647 5450 sanctis
676 5395 803 5448 talia
841 5397 1052 5463 prodat,
1082 5412 1244 5464 quem
1277 5407 1600 5465 praetextum
1648 5406 1745 5452 aut
1787 5412 2016 5453 excusa-

435 5486 643 5539 iioncm
673 5487 972 5554 prmeipitis
1011 5488 1250 5542 audacia!
1287 5503 1399 5542 sua-
1431 5490 1680 5544 invenire
1709 5490 2015 5562 poterunt?

417 5577 572 5634 ﬁrm
607 5577 651 5631 si
687 5577 1041 5632 timiditatem
1090 5580 1356 5648 probrose
1406 5581 1693 5652 objiciant,
1744 5583 2016 5641 adversus

435 5684 587 5738 ipsos
617 5669 791 5723 veluti
828 5672 1076 5726 furentes
1102 5673 1330 5727 audacia
1362 5673 1480 5744 ipsa
1515 5675 1664 5733 facit.
1700 5677 1816 5742 Sin,
1852 5682 2011 5750 quasi

416 5773 633 5834 JH'R‘IBI’
684 5762 1024 5817 voluntatem
1079 5763 1173 5817 Dei
1228 5765 1346 5821 hzre
1397 5766 1741 5835 fecerimus,
1801 5770 2008 5838 dicant,

428 5856 648 5925 ξίφεος
677 5854 1068 5928 criminantur,
1102 5855 1422 5932 Scripturas
1459 5860 1620 5930 plane
1670 5862 2005 5933 ignorantes.

2119 4667 2386 4738 ébvdpxou
2437 4669 2792 4741 ζητούμενος,
2827 4679 2933 4731 ἀπὸ
2965 4681 3060 4733 τοῦ
3109 4686 3322 4756 τείχους
3357 4689 3415 4741 ἐν
3447 4691 3675 4761 σαργάνῃ

2117 4759 2476 4854 κεχάλασται,
2506 4767 2602 4818 καὶ
2637 4767 2869 4839 ἐξέφυγε
2895 4772 2992 4825 τοῦ
3025 4773 3318 4847 ζητοῦντος
3349 4782 3448 4845 τὰς
3479 4759 3675 4854 χεῖρας.

2119 4850 2230 4944 Τῆς
2292 4853 2474 4907 τοίνυν
2535 4856 2757 4929 Γραφῆς
2811 4863 3035 4917 τοιαῦτα
3086 4866 3354 4940 λεγούσης
3407 4850 3533 4944 περὶ
3566 4850 3676 4928 -τῶν

2117 4943 2310 5036 αγίων,
2341 4947 2503 5000 ποίαν
2525 4947 2636 5019 ἄρα
2671 4952 2949 5023 πρόφασιν
2981 4957 3081 5028 τῆς
3120 4960 3331 5016 ἑαυτῶν
3356 4943 3675 5036 προπετείας

2115 5035 2362 5107 ἐξευρεῖν
2381 5039 2737 5111 δύνήσονταις
2770 5047 2870 5098 "Av
2905 5065 2961 5099 τε
2988 5055 3094 5123 γὰρ
3125 5051 3332 5109 δειλίαν
3363 5035 3671 5122 ὀνειδίσωσι,

2116 5128 2240 5180 κατ’
2273 5129 2456 5184 αὐτῶν
2487 5132 2562 5197 ὡς
2624 5139 2972 5208 μαινομένων
3029 5144 3088 5196 τὸ
3146 5145 3402 5218 τόλμημα
3427 5165 3442 5179 ·
3478 5148 3573 5202 κᾶν
3607 5149 3672 5211 ὡς

2118 5221 2270 5287 παρὰ
2298 5222 2357 5274 τὸ
2409 5223 2662 5295 βούλημα.
2691 5227 2788 5281 τοῦ
2822 5231 2956 5286 Θεοῦ
3007 5235 3314 5305 ποιοῦντας,
3352 5243 3542 5305 αὐτοὺς
3572 5241 3670 5294 δια·

2117 5309 2430 5378 ϐάλλουσιν,
2464 5316 2566 5369 οὑκ
2602 5318 2802 5384 ειδότες
2839 5324 2946 5376 εἰσὶ
2979 5330 3264 5394 παντελῶς
3289 5333 3391 5396 τὰς
3435 5335 3665 5404 Γραφὰς·

2117 5406 2174 5456 ἐν
2209 5403 2311 5496 μὲν
2363 5409 2471 5478 γάρ
2523 5407 2602 5479 τῷ
2651 5413 2804 5483 νόμῳ
2833 5417 2926 5467 καὶ
2986 5421 3284 5488 πρόσταξις
3311 5421 3378 5496 ἦν
3405 5403 3666 5496 κτισθῆναι

2118 5500 2210 5547 καὶ
2232 5495 2415 5560 πόλεις
2449 5499 2941 5572 φυγαδευτηρίους,
2974 5507 3117 5580 ὑπὲρ
3142 5512 3236 5566 τοῦ
3261 5516 3387 5578 τοὺς
3415 5515 3667 5586 ζητουμέ-

2117 5603 2242 5652 νους
2279 5590 2358 5652 είς
2387 5587 2617 5646 θάνατον
2647 5596 2795 5660 ὅπως
2839 5598 2901 5669 δή
2940 5618 3073 5654 ποτε
3109 5603 3366 5660 δύνασθαι
3423 5607 3668 5662 διασώσε-

2117 5679 2244 5732 σΟαι
2267 5695 2281 5711 ο
2315 5681 2406 5732 ἐπὶ
2439 5680 2496 5734 δὲ
2528 5687 2811 5759 συντελείᾳ
2842 5688 2950 5742 τῶν
2973 5691 3192 5748 αίώνων
3240 5699 3664 5768 παραγενόμενος

2117 5770 2278 5834 αὐτὸς
2313 5772 2445 5842 seq;
2495 5776 2724 5831 Μωῦσεῖ
2771 5781 3016 5850 λαλήσας
3070 5785 3248 5856 Λόγος
3301 5789 3392 5844 τοῦ
3453 5791 3664 5860 Πατρὸςο

2118 5864 2282 5920 πάλιν
2323 5867 2541 5940 ἐντολὴν
2592 5871 2798 5943 ταύτην
2837 5875 3021 5932 δέδωσι
3080 5879 3286 5950 λέγων’
3346 5883 3650 5939 ὀτανδιώ-
