3870 6556
295 413 397 480 485
1199 403 1804 470 ΕΕΟΕΕΞΙΑΞΤῙΟΕ
1840 404 1878 466 F.

1981 402 2235 464 ’ῙὈΒΗΕ
2274 398 2428 466 LIB.
2466 402 2538 462 Χ.
3436 403 3542 469 426

294 547 483 588 κωσιν
513 529 670 599 ὑμᾶς
709 530 776 583 ἐκ
813 527 923 598 τῆς
961 528 1196 591 πόλεως
1220 524 1466 589 ταύτης,
1510 520 1760 590 φεύγετε
1781 520 1870 582 είς

1981 516 2030 571 In
2062 517 2180 588 lege
2216 517 2363 572 enim
2398 521 2732 587 preceptum
2768 525 2992 585 quoque
3035 514 3160 583 fuit,
3197 523 3256 571 ut
3285 516 3545 574 civitates
3640 502 3648 514 “

294 625 407 693 τὴν
463 622 698 691 ἑτέραν.
749 623 856 675 Καὶ
924 620 1042 691 μετ’
1069 619 1229 688 ὀλίγα
1271 617 1475 688 φησίν·
1511 617 1698 670 Ὅταν
1749 608 1864 668 οὖν

1981 609 2164 678 refugii
2198 618 2488 678 propterea
2523 606 2920 669 conderentur,
2953 617 3012 660 ut
3060 607 3155 678 qui
3206 608 3273 663 ad
3307 617 3541 664 mortem

296 718 460 786 ιδητε
488 715 557 768 τὸ
580 714 898 784 ,βδέλυγμα
931 713 1042 782 τῆς
1072 711 1443 781 ἐρημώσεως,
1469 712 1533 764 τὸ
1552 708 1740 780 ῥηθὲν
1768 704 1867 760 διὰ

1991 699 2404 768 nquirerentur,
2435 713 2767 768 quocunque
2797 707 3024 768 possent
3055 700 3546 772 modooservaren-

303 809 519 878 Δανιὴλ
557 808 663 862 τοῦ
697 806 1032 876 προφήτου,
1081 805 1274 870 ἑστὼς
1302 803 1372 858 ἐν
1423 803 1585 866 τόπῳ
1625 800 1803 870 ἁγίῳ·
1835 801 1868 854 ὁ

1981 799 2077 844 tur.
2121 790 2179 844 ln
2207 791 2690 846 consummatione
2729 799 2910 846 autem
2951 795 3298 856 saeculorum,
3326 809 3448 848 cum
3474 793 3543 848 ad

302 900 731 966 ἀναγινώσκων
783 899 1030 952 νοείτω·
1085 899 1220 951 τότε
1250 899 1302 951 οι
1337 896 1407 950 ὲν
1462 894 1536 962 τῇ
1603 892 1870 959 Ἰουδαίᾳ

299 992 688 1084 φευγέτωσαν
719 992 806 1056 εις
834 989 906 1044 τὰ
957 989 1064 1058 ὄρη
1088 1005 1102 1019 ο
1157 989 1191 1041 6
1226 987 1295 1042 ἐκ
1350 986 1455 1041 τοῦ
1482 985 1748 1084 δούρατος
1781 982 1867 1083 μῆ

301 1071 610 1152 κῖιταῦήτω
639 1077 776 1151 ἆραι
807 1082 878 1135 τὰ
905 1081 974 1135 ἐκ
1010 1081 1120 1149 τῆς
1149 1079 1346 1144 οικίας
1377 1077 1592 1130 αὐτοῦ’
1627 1079 1659 1129 ό
1687 1077 1756 1128 ἐν
1791 1071 1869 1139 τῷ

301 1176 458 1246 ἀγρῷ
512 1175 596 1246 μὴ
651 1173 1071 1242 ἐπιστρεψάτω
1121 1167 1258 1242 ἆραι
1304 1172 1376 1225 τὰ
1403 1169 1601 1239 Lucina
1659 1167 1866 1250 αὐτού.

301 1270 485 1324 Ταῦτα
517 1267 627 1339 γὰρ
656 1266 859 1328 ειδότες
891 1266 939 1319 οἱ
971 1266 1141 1332 ἆγιοι,
1169 1263 1442 1332 τοσαύτην
1469 1257 1614 1331 εἶχον
1646 1262 1744 1329 τῆς
1773 1251 1871 1311 πο-

301 1361 504 1422 λιτείας
525 1359 752 1430 ἀγωγήν
777 1373 791 1388 ⁸
825 1357 859 1412 ἃ
887 1358 998 1426 γὰρ
1050 1355 1145 1408 νῦν
1177 1353 1515 1423 προσέταξεν
1568 1355 1595 1406 6
1640 1352 1868 1422 Κύριος,

302 1454 476 1505 ταῦτα
534 1451 630 1502 καὶ
673 1447 781 1518 πρὸ
838 1449 942 1517 τῆς
994 1447 1259 1516 ὲνσὰρκου
1303 1443 1610 1514 παρουσίας
1662 1444 1721 1495 ιν
1756 1444 1873 1504 τοῖς

303 1542 481 1610 ἁγίοις
504 1540 710 1596 ἐλάλει.
748 1540 859 1594 Kal.
887 1540 1034 1594 ἔστιν
1069 1532 1223 1601 οὗτος
1265 1541 1390 1607 ὅρος
1419 1535 1733 1607 ἀνθρώποις
1789 1534 1872 1596 είς

301 1633 615 1702 τελειότητα
645 1631 848 1700 φέρων,
882 1629 910 1682 ὃ
936 1629 982 1682 δ’
1032 1631 1096 1682 ἂν
1132 1631 1159 1681 6
1192 1629 1326 1692 Θεὸς
1375 1627 1682 1699 προστάξῃ,
1711 1623 1872 1678 τοῦτο

301 1723 499 1776 ποιεῖν.
533 1722 632 1773 Διὰ
662 1719 824 1774 τοῦτο
852 1707 948 1772 καὶ
986 1719 1150 1782 αὐτὸς
1171 1720 1198 1772 6
1224 1719 1416 1787 Λόγος,
1456 1717 1688 1787 δι’ήμᾶς
1721 1717 1873 1784 γενό-

303 1833 461 1889 μενος
517 1815 825 1887 ἄνθρωπος,
876 1812 1186 1882 κατηξίωσε
1234 1811 1566 1882 ζητούμενος
1597 1809 1673 1874 ὡς
1707 1810 1869 1880 ἡμεῖς

301 1908 575 1980 κρυϐῆναι
596 1924 610 1938 ’
641 1905 738 1960 καὶ
768 1905 933 1959 πάλιν
986 1905 1342 1974 διωκόμενος,
1373 1904 1618 1973 φεύγειν,
1654 1904 1745 1956 καὶ
1773 1904 1872 1973 τὴν

297 1998 596 2068 ἐπιϐουλὴν
657 1995 928 2051 δκκλῖναι.
1002 1996 1306 2066 Ἐπέτρεπε
1344 1996 1454 2066 γὰρ
1511 1996 1676 2048 αὐτὸν
1704 1995 1780 2058 ὡς
1808 1994 1874 2047 ὲκ

275 2090 390 2143 ’τοῦ
415 2092 613 2162 πεινῆν
645 2091 742 2144 καὶ
769 2089 951 2160 διψῇ-ι,
988 2089 1082 2140 καὶ
1109 2088 1268 2141 τοῦτο
1289 2087 1504 2153 παθεῖν,
1529 2087 1670 2140 οὕτω
1696 2087 1790 2139 καὶ
1810 2087 1873 2139 ὲκ

295 2185 491 2236 τούτου
521 2181 792 2235 δεικνύειν
811 2181 1003 2232 ἑαυτὸν
1033 2180 1551 2252 ἐνανθρωπήσανια.
1573 2177 1666 2243 Ἐξ
1697 2179 1874 2248 ἀρχῆς

297 2278 395 2348 μὲν
447 2275 570 2344 ἅμα
617 2274 694 2346 τῷ
747 2275 1005 2342 γενέσθαι
1048 2273 1357 2343 ἄνθρωπος,
1416 2273 1502 2326 ὅτε
1541 2272 1753 2326 παιδίον
1781 2269 1873 2345 ἦν,

294 2372 460 2433 αὐτὸς
519 2369 608 2422 διὰ
669 2367 764 2421 τοῦ
821 2368 1058 2434 ἀγγέλου
1131 2367 1441 2419 ἐνετείλατο
1497 2367 1574 2435 τῷ
1649 2366 1871 2436 Ἰωσὴφ,

305 2460 604 2532 Ἐγερθεὶς
660 2459 968 2529 παράλαϐε
1006 2460 1071 2514 τὸ
1103 2459 1345 2512 παιδίον
1371 2459 1467 2512 καί
1514 2457 1629 2526 τὴν
1648 2458 1876 2528 μητέρα
1899 2447 1912 2457 Χ

292 2555 507 2617 αὑτοῦ,
567 2553 666 2608 καί
714 2553 900 2624 φεῦγε
958 2555 1042 2619 είς
1110 2554 1448 2622 Afy-varos“
1499 2553 1710 2622 μέλλει
1765 2553 1874 2622 γὰρ

303 2648 570 2718 Ἡρώδης
625 2644 826 2715 ζητεῖν
878 2647 991 2711 τὴν
1025 2645 1237 2714 ψυχὴν
1291 2645 1395 2698 τοῦ
1444 2643 1730 2699 παιδιόυ⁶
1781 2644 1876 2697 καὶ

295 2741 673 2803 ἀποθανόντος
697 2740 753 2792 δὲ
787 2738 1047 2809 Ἡρώδου,
1079 2743 1331 2806 φα”νεται
1365 2739 1433 2791 δι’
1473 2738 1763 2808 Ἀρχέλαον
1785 2739 1878 2793 τὸν

295 2833 410 2884 υἱὸν
443 2830 616 2884 αὑτοῦ
645 2830 945 2899 ἀναχωρῶν
978 2832 1056 2891 είς
1083 2829 1181 2898 τὴν
1213 2827 1494 2899 Ναζαρέτ.
1527 2830 1656 2882 Ὅτε
1685 2831 1741 2882 δὲ
1769 2830 1879 2882 λοι-

295 2925 397 2977 πδν
426 2927 525 2976 καὶ
562 2924 694 2976 Θεὸν
725 2923 888 2976 αὑτὸν
941 2922 1204 2983 ἐδείκνυε,
1254 2923 1347 2974 καὶ
1386 2922 1482 2992 την
1517 2921 1688 2992 ξηρὰν
1721 2926 1880 2993 χεῖρα

297 3014 615 3082 πεποίηκεν
645 3012 798 3082 ὑγιῆ,
830 3013 878 3063 oi
911 3011 1008 3080 μὲν
1042 3013 1330 3081 Φαρισαῖοι
1369 3011 1702 3076 ἐξελθόντες,
1738 3031 1880 3082 συμ-

297 3101 521 3156 ϐούλιον
548 3103 768 3156 ἐποίουν
793 3101 915 3154 κατ’
941 3101 1129 3165 αὐτοῦ,
1149 3101 1300 3164 ὅπως
1327 3104 1489 3155 αὐτὸν
1515 3103 1875 3156 ἀπολέσωσιν·

1901 1869 1963 1928 H

1967 899 2072 938 nos
2099 883 2342 938 venisset
2380 885 2559 952 ipsum
2599 883 2743 938 idem
2772 884 2918 952 quod
2953 899 3081 938 cum
3119 885 3265 939 Mose
3303 888 3545 940 locutum

1967 986 2052 1030 est
2088 975 2538 1032 Verbum-Patris
2561 1018 2576 1045 ,
2625 992 2846 1031 rursum
2885 980 3205 1032 mandatum
3251 979 3360 1032 hoc.
3387 978 3550 1033 nobis

1970 1069 2145 1134 dedit,
2176 1071 2367 1126 dicens
2395 1089 2410 1124 :
2443 1071 2666 1136 Quando
2696 1074 2954 1144 persecuti
2981 1089 3068 1126 vos
3100 1073 3294 1143 fuerint
3327 1089 3392 1126 ea:
3417 1075 3550 1128 cici-

1971 1171 2078 1216 tate
2103 1181 2227 1226 una,
2271 1163 2437 1232 fugite
2473 1165 2528 1216 in
2569 1162 2735 1217 aliam
2770 1165 2809 1215 '.
2841 1163 2909 1218 Et
2949 1165 3111 1233 paulo
3161 1172 3287 1234 post
3320 1166 3499 1234 inquit
3531 1182 3546 1220 :

1971 1255 2099 1312 Cum
2133 1257 2295 1325 igitur
2320 1256 2558 1310 videritis
2592 1256 3039 1310 abominatioucm
3065 1257 3409 1312 desolationis
3431 1276 3549 1330 qua:

1972 1349 2115 1403 dicta
2149 1358 2223 1402 est
2269 1366 2302 1402 a
2344 1347 2568 1401 Daniele
2596 1351 2878 1420 prapheta,
2914 1359 3143 1404 stantem
3177 1352 3231 1404 in
3268 1352 3378 1404 loco
3421 1369 3548 1405 san-

1971 1450 2052 1496 cto
2087 1441 2222 1510 :qui
2266 1438 2407 1508 legit,
2443 1440 2712 1510 intelligat
2748 1456 2766 1494 :
2800 1449 2923 1494 tunc
2960 1441 3051 1510 qui
3086 1442 3140 1494 in
3188 1441 3374 1496 Judrea
3403 1451 3549 1510 sunt,

1973 1535 2181 1604 fugiant
2215 1535 2269 1586 in
2303 1544 2597 1587 montana:
2630 1543 2678 1586 et
2711 1534 2804 1604 qui
2829 1535 2882 1586 in
2919 1541 3052 1586 tecto
3077 1543 3173 1598 est,
3211 1553 3312 1588 non
3339 1535 3552 1589 descen-

1973 1626 2088 1690 dat,
2124 1634 2182 1678 ut
2218 1641 2244 1678 c
2279 1627 2432 1678 domo
2469 1642 2569 1678 sua
2615 1627 2906 1695 quidquam
2942 1626 3120 1679 tollat.
3165 1625 3270 1690 Qui
3306 1629 3357 1679 iu
3398 1641 3551 1697 agro,

1975 1735 2076 1774 non
2107 1730 2424 1784 revertatur,
2461 1730 2516 1774 ut
2542 1721 2678 1790 ferat
2707 1722 3014 1774 vestimenta
3043 1738 3140 1774 sua
3165 1721 3207 1774 ’.
3235 1723 3412 1791 Atque
3436 1722 3551 1776 haec

1975 1820 2264 1880 perspecta
2317 1811 2580 1866 habentes
2626 1813 2800 1866 sancti
2851 1812 3144 1880 homines,
3189 1814 3423 1884 idipsum
3459 1829 3552 1867 se-

1973 1907 2085 1959 cutl
2126 1915 2255 1960 sunt
2285 1900 2784 1960 vitae‘institutum.
2820 1903 2954 1960 Nam
2993 1921 3115 1976 qua:
3162 1921 3312 1960 nunc
3344 1920 3553 1976 praece-

1975 1997 2053 2066 pit
2084 1997 2371 2062 Dominus,
2425 1997 2617 2052 eadem
2667 1999 2832 2053 etiam
2873 2010 3002 2053 ante
3037 1999 3335 2053 adventum
3387 2015 3549 2054 suum

1974 2089 2029 2144 in
2065 2104 2230 2145 carne
2297 2085 2422 2145 c'um
2453 2092 2660 2146 sanctis
2694 2098 2777 2146 est
2809 2091 3052 2148 locutus.
3097 2092 3261 2162 Atqui
3305 2092 3394 2148 hic
3425 2109 3555 2162 pro-

1973 2185 2188 2254 positus
2227 2193 2313 2238 est
2368 2183 2694 2238 hominibus
2738 2184 2864 2239 finis
2902 2185 2969 2238 ad
3009 2184 3406 2254 perfectionem
3459 2187 3555 2240 du-

1975 2291 2147 2343 cens,
2197 2274 2346 2345 quod
2400 2276 2544 2328 Deus
2585 2275 2897 2344 imperarit,
2945 2275 2994 2328 id
3049 2289 3108 2329 ut
3155 2285 3551 2345 exsequantur.

1975 2368 2217 2423 Proinde
2269 2377 2324 2422 et
2375 2367 2555 2438 ipsum
2617 2368 2891 2432 Verbum,
2950 2378 3134 2422 nostra
3172 2382 3335 2422 causa
3390 2368 3557 2420 homo

1978 2459 2203 2522 factum,
2233 2474 2342 2512 non
2369 2458 2722 2528 dedignatum
2753 2468 2857 2522 est,
2896 2473 3020 2513 cum
3054 2459 3120 2514 ad
3157 2460 3360 2514 eadem
3400 2475 3553 2528 qua:-

1977 2560 2221 2615 rerctur,
2274 2552 2437 2606 sicuti
2475 2567 2595 2614 nos,
2647 2568 2768 2608 sese
2817 2553 3124 2615 occultare,
3177 2564 3341 2622 atque
3388 2553 3554 2605 etiam

1979 2659 2101 2699 cum
2138 2655 2325 2699 essent
2357 2645 2448 2714 qui
2500 2645 2554 2698 id
2594 2654 3088 2714 persequerentur,
3124 2643 3334 2715 lugere,
3377 2654 3433 2698 et
3471 2645 3558 2697 in-

1979 2735 2150 2790 sidias
2171 2735 2442 2790 devitarc.
2469 2735 2545 2790 Ita
2575 2736 2718 2789 enim
2747 2737 3116 2791 conveniebat
3147 2737 3248 2792 hoc
3271 2735 3556 2791 Christum

1981 2826 2249 2896 experiri,
2277 2836 2339 2880 ut
2368 2825 2832 2895 quemadmodum
2863 2843 2931 2882 ex
2976 2827 3119 2881 fame
3152 2835 3208 2880 et
3235 2827 3350 2891 siti,
3388 2827 3462 2882 ita
3487 2841 3556 2881 ex

1979 2917 2104 2988 fuga
2164 2918 2332 2972 etiam
2390 2917 2671 2972 hominem
2729 2931 2788 2972 se
2838 2919 3202 2986 assumpsisse
3263 2917 3559 2971 indicaret.

1981 3008 2176 3064 Statim
2225 3009 2373 3063 enim
2427 3009 2497 3063 ab
2548 3009 2728 3075 initio,
2777 3025 2900 3063 cum
2941 3009 3105 3063 homo
3156 3009 3336 3063 factus
3380 3007 3561 3064 infans

1980 3103 2283 3156 etiamnum
2320 3110 2488 3166 esset,
2527 3101 2642 3170 ipse
2675 3117 2771 3170 per
2795 3102 3047 3170 angelum
3083 3100 3370 3154 mandavit
3401 3101 3557 3156 Jose-

297 3193 406 3246 ὁδὲ
452 3192 664 3262 Ἰησοῦς
715 3193 902 3260 γνοὺς,
953 3192 1305 3264 ἀνεχώρησεν
1356 3195 1586 3248 ἐκεῖθεν.
1631 3196 1738 3249 Καὶ
1771 3197 1878 3267 γὰρ

1985 3195 2093 3261 pho
2131 3214 2142 3248 :
2177 3195 2481 3264 Exsurgens
2511 3196 2690 3266 accipe
2720 3211 2942 3265 puerum
2985 3203 3033 3246 ct
3075 3202 3299 3248 matrem
3335 3193 3470 3263 ejus,
3511 3205 3558 3246 et

300 3285 397 3337 καὶ
424 3282 517 3335 ὅτε
543 3283 639 3334 τὸν
667 3281 919 3350 Λάζαρον
953 3281 1176 3353 ῆγειρεν
1211 3285 1273 3336 ἐκ
1312 3284 1546 3353 νεκρῶν,
1579 3285 1680 3339 ἀπ’
1728 3285 1880 3340 ἐκεί-

296 3392 442 3442 νης,
475 3373 632 3442 φησὶ,
665 3371 775 3440 τῆς
825 3372 1052 3442 ἡμέρας
1107 3373 1554 3430 ἐϐουλεύσαντο
1605 3377 1704 3430 ινα
1730 3378 1878 3432 ἀπο-

299 3467 632 3520 κτείνωσιν
662 3466 869 3520 αὐτόν.
909 3463 968 3519 Ὀ
994 3465 1084 3519 οὖν
1148 3467 1361 3538 Ἰησοῦς
1388 3469 1570 3522 οὐκέτι
1597 3471 1880 3544 παρρησίᾳ

300 3557 642 3624 περιεπάτει
667 3557 724 3608 ὲν
745 3557 854 3618 τοῖς
901 3555 1176 3622 Ἰουδαίοις
1196 3599 1210 3624 ,
1247 3559 1361 3612 ἀλλ’
1386 3560 1628 3629 ἀπῆλθεν
1667 3561 1880 3615 ἐκεῖθεν

296 3650 381 3712 sic
415 3646 520 3715 τὴν
543 3647 732 3716 χώραν
767 3645 934 3714 ἐγγὺς
961 3647 1057 3716 τῆς
1084 3649 1316 3717 ἐρήμου.
1347 3647 1480 3704 Είτα
1511 3651 1759 3719 λέγοντος
1784 3650 1879 3705 τοῦ

298 3740 589 3809 Σωτῆρος,
652 3739 802 3807 Πρὶν
863 3739 1112 3809 Ἀϐραὰμ
1163 3739 1462 3809 γενέσθαι,
1498 3743 1612 3813 ἐγώ
1665 3745 1880 3810 ειμι,οί

304 3833 406 3900 μὲν
446 3831 692 3883 Ἰουδαῖοι
721 3828 912 3883 ἔλαϐον
935 3829 1140 3893 λίθους,
1179 3831 1266 3883 ἵνα
1293 3831 1564 3902 βάλλωσιν
1588 3834 1674 3887 ἐπ’
1694 3837 1876 3890 αὐτόν’

299 3926 325 3973 6
365 3921 427 3974 δὲ
474 3917 684 3988 Ἰησοῦς
707 3917 941 3988 ἐκρύϐη,
969 3920 1062 3971 καὶ
1092 3920 1317 3985 ἐξῆλθεν
1340 3925 1403 3975 ὲκ
1432 3921 1524 3976 τοῦ
1558 3925 1704 3993 ἱεροῦ
1734 3968 1749 3990 ,
1788 3930 1880 3980 καὶ

301 4010 537 4064 διελθὼν
565 4010 655 4064 διὰ
680 4012 843 4079 μέσου
878 4012 1056 4064 αὐτῶν
1095 4012 1387 4082 ἐπορεύετο
1411 4056 1427 4079 ,
1483 4018 1575 4068 καὶ
1626 4020 1881 4089 παρῆγεν

303 4098 509 4160 οὕτως.
539 4093 689 4168 Ἀρα
716 4097 889 4152 ταῦτα
914 4097 1224 4166 βλέποντες,
1257 4101 1452 4170 μᾶλλον
1476 4104 1530 4156 δὲ
1554 4107 1882 4160 κατανοοῦν-

301 4209 423 4256 τες,
449 4191 578 4244 ἐπεὶ
607 4192 681 4259 μὴ
715 4190 955 4260 βλέπωσι
983 4193 1121 4246 κατὰ
1151 4194 1210 4244 τὸ
1243 4197 1654 4266 γεγραμμένον,
1699 4200 1758 4253 οὐ
1797 4201 1884 4254 θέ..

302 4288 464 4340 λουσι
489 4285 749 4354 γενέσθαι
804 4287 1169 4356 πυρίκαυστοι
1198 4303 1212 4353 ;
1259 4287 1339 4340 ὅτι
1361 4290 1580 4342 ἐναντία
1609 4287 1681 4344 ὦν
1709 4295 1737 4346 ὁ
1771 4294 1882 4348 K13-

305 4394 428 4450 ριος
472 4377 619 4428 ποιεῖ
663 4375 762 4429 καὶ
794 4375 1056 4438 διδάσκει,
1095 4376 1442 4445 βουλεύονται
1481 4381 1574 4433 καὶ
1614 4381 1881 4451 φθέγγον-

305 4487 425 4523 ται.
484 4469 598 4522 Καὶ
642 4469 753 4539 γὰρ
791 4469 883 4520 ὅτε
945 4469 1198 4537 Ἰωάννης
1257 4472 1678 4542 μεμαρτύρηκε,
1712 4478 1805 4528 καὶ
1831 4477 1879 4530 οἱ

1987 3288 2110 3358 fuge
2148 3289 2200 3340 in
2252 3285 2546 3358 {Egi/plum
2588 3303 2608 3344 ε

1985 3377 2225 3429 animum
2260 3377 2410 3444 pueri
2437 3377 2477 3430 ³.
2513 3377 2684 3430 Porro
2739 3376 2958 3431 Herode
3013 3385 3254 3443 mortuo,
3305 3377 3561 3432 eumdem

1985 3475 2234 3539 apparet,
2269 3475 2498 3538 propter
2526 3467 2856 3522 Archelaum
2893 3469 3128 3523 Herodis
3161 3468 3356 3533 ﬁlium,
3385 3484 3564 3524 seces-

1985 3561 2130 3616 sisse
2169 3560 2224 3615 in
2262 3559 2557 3616 Nazareth.
2598 3559 2709 3631 39
2752 3561 2822 3615 At
2854 3577 2977 3615 cum
3017 3561 3232 3616 tandem
3286 3561 3454 3616 Deum
3503 3577 3561 3616 se

1985 3667 2106 3710 esse
2138 3652 2495 3714 ostendisset,
2527 3662 2584 3707 et
2617 3667 2840 3706 manum
2878 3651 3089 3707 aridam
3135 3653 3434 3708 restituens
3471 3668 3564 3707 sa-

1985 3752 2192 3808 nassct,
2225 3743 2486 3798 Pharisai
2518 3744 2739 3814 quidem
2769 3745 3008 3815 aggressi
3037 3747 3329 3801 consilium
3369 3757 3562 3802 contra

1985 3848 2112 3888 eum
2139 3840 2427 3902 ceperunt,
2458 3843 2518 3888 ut
2548 3833 2728 3904 ipsum
2755 3835 3144 3889 interimerent
3177 3835 3376 3891 :Jesus
3409 3851 3560 3899 vero,

1986 3940 2054 3980 eo
2089 3925 2332 3994 cognito,
2368 3925 2496 3980 inde
2540 3928 2788 3982 secessit.
2841 3927 3080 3982 Rursum
3124 3944 3247 3983 cum
3292 3928 3563 3983 Lazarum

1987 4032 2018 4072 e
2069 4018 2303 4072 mortuis
2345 4018 2734 4074 resuscitasset
2769 4037 2784 4073 :
2831 4019 2912 4074 Ea:
2955 4037 3016 4073 ea
3055 4023 3195 4089 ipsa,
3238 4023 3436 4092 inquit,
3479 4026 3567 4076 die

1987 4109 2264 4162 consilium
2311 4109 2496 4173 iniere,
2539 4121 2595 4163 ut
2633 4127 2750 4164 eum
2781 4112 3144 4166 occiderent‘.
3186 4113 3374 4182 itaque
3404 4114 3565 4170 Jesus

1987 4216 2094 4254 non
2118 4201 2353 4270 amplius
2376 4203 2656 4271 propalam
2679 4202 2825 4256 inter
2839 4203 3058 4258 Iudaeos
3075 4214 3156 4258 est
3180 4215 3447 4272 versatus,
3466 4209 3561 4263 sed

1989 4293 2116 4348 inde
2160 4293 2383 4347 divertit
2421 4294 2474 4346 in
2520 4293 2799 4364 regionem
2840 4295 3129 4349 solitudini
3168 4297 3558 4366 propinquam.

1987 4387 2280 4448 Praeterea,
2317 4385 2614 4440 Servatore
2653 4388 2892 4448 dicente,
2932 4387 3252 4458 Priusquam
3291 4389 3566 4442 Abraham

1991 4477 2111 4536 fuit,
2149 4491 2242 4546 ego
2270 4493 2385 4529 sum
2411 4476 2433 4507 ⁸
2458 4515 2474 4542 ,
2540 4475 2712 4531 ,ιιιύωί
2761 4477 2982 4545 quidem
3024 4479 3236 4547 lapides
3274 4481 3571 4548 corripue-

311 4561 562 4632 μαθηταὶ
589 4559 650 4614 τδ
676 4560 836 4630 σῶμα
864 4560 1096 4631 ἔθαψαν,
1139 4563 1379 4626 ἀκούσαις
1412 4567 1438 4617 6
1493 4567 1727 4635 Ἰησοῦς,
1763 4571 1878 4624 ἁνε-

1990 4576 2137 4629 runt.
2170 4577 2229 4622 ut
2258 4568 2409 4622 illum
2451 4578 2724 4637 peterent,
2756 4569 2916 4624 Jesus
2939 4580 3122 4624 autem
3155 4571 3446 4626 abscondit
3480 4587 3565 4632 se,

307 4654 571 4725 χώρησεν
627 4654 840 4706 ἐκεῖθεν
899 4655 957 4706 ἐν
992 4654 1163 4725 πλοίῳ
1196 4658 1277 4718 είς
1303 4655 1511 4726 ἔρημον
1545 4659 1713 4712 τόπον
1762 4660 1882 4713 κατ’

313 4747 476 4799 ἰδίαν.
512 4746 572 4797 Ὀ
606 4745 704 4814 μὲν
738 4744 941 4813 Κύριος
969 4747 1138 4798 ἐποίει
1169 4748 1362 4813 ταῦτα,
1389 4749 1481 4801 καὶ
1509 4747 1682 4812 οὕτως
1714 4750 1886 4804 ἐδίδα-

315 4852 453 4888 σκεν
477 4850 490 4865 ο
533 4835 648 4887 εἴθε
677 4835 734 4889 δὲ
762 4829 909 4889 οὗτοι
931 4837 1033 4889 κᾶν
1065 4836 1239 4900 οὕτως
1272 4839 1630 4908 αίσχυνθῶσι,
1663 4842 1756 4893 καὶ
1789 4843 1887 4910 μὲ-

312 4945 407 4997 χρι
456 4926 567 4978 τῶν
614 4925 925 4997 ἀνθρώπων
977 4929 1260 4998 στήσωσιν·
1300 4931 1510 4984 ἑαυτῶν
1549 4931 1646 5002 τὴν
1675 4930 1886 5004 προπέ-

311 5037 496 5082 τειαν,
535 5020 632 5070 καὶ
665 5021 738 5088 μὴ
771 5019 934 5073 πλέον
991 5023 1353 5090 ἐμμανέντες,
1411 5025 1756 5092 έγκαλέεωσι
1795 5029 1888 5080 καὶ

312 5109 393 5179 τῷ
429 5110 648 5180 Σωτῆρι
702 5111 930 5173 δειλίαν,
964 5110 1112 5175 ἅπαξ
1167 5113 1285 5166 κατ’
1341 5113 1508 5166 αὐτοῦ
1547 5115 1889 5185 βλασφημεῖν

318 5203 744 5272 μελετήσαντες.
817 5202 958 5256 Ἀλλ’
1020 5202 1144 5256 οὔτε
1205 5207 1550 5275 μαινομένων
1598 5208 1783 5261 αὐτῶν
1805 5225 1889 5272 τις

316 5295 575 5361 ἀνέξεται
595 5311 608 5325 ·
639 5295 840 5365 μᾶλλον
881 5295 938 5348 δὲ
967 5297 1154 5349 καὶτὰ
1187 5297 1493 5366 Εὑαγγὲλια
1542 5299 1617 5370 μὴ
1639 5301 1888 5365 νοοῦντες

317 5385 762 5456 ἐλεγχθήσονται.
801 5387 954 5440 Ἔστι
984 5390 1092 5457 γὰρ
1123 5388 1155 5457 ἠ
1190 5389 1463 5458 πρόφασις
1495 5392 1595 5460 τῆς
1629 5393 1887 5461 τοιαύτης

318 5478 724 5545 ἀναχωρήσεως
789 5481 884 5530 καὶ
925 5478 1106 5548 φυγῆς
1153 5478 1374 5547 εὔλογος
1424 5483 1516 5533 καὶ
1546 5483 1789 5553 ἀληθής·
1822 5485 1888 5554 ἢν

317 5571 414 5621 ἐπὶ
447 5569 540 5620 τοῦ
571 5568 822 5639 Σωτῆρος
846 5570 893 5622 οί
933 5571 1320 5639 ιύαγγελισταὶ
1352 5573 1611 5644 κειμένην
1640 5575 1890 5646 ἀπεμνη-

325 5661 619 5730 μόνευπαν.
651 5663 742 5715 Δεῖ
767 5661 824 5714 δὲ
852 5664 916 5715 ὲκ
966 5663 1172 5717 τούτων
1209 5665 1357 5736 ἡμᾶς
1390 5666 1480 5717 ἐπὶ
1509 5667 1728 5722 πάντων
1781 5669 1888 5721 τῶν

1989 4670 2045 4714 et
2071 4661 2240 4714 exivit
2288 4675 2356 4714 ex
2403 4661 2632 4731 templo,
2684 4670 2738 4716 et
2781 4676 2876 4731 per
2915 4663 3124 4717 medios
3156 4678 3253 4718 eos
3285 4656 3563 4717 transiens

1988 4750 2125 4804 abiit
2152 4757 2316 4818 atque
2349 4750 2626 4806 discessit.
2683 4749 2944 4806 Sedcnim
2977 4768 3102 4808 cum
3143 4753 3258 4807 hac
3287 4753 3560 4809 videntes.

1989 4858 2054 4896 ac
2093 4843 2280 4913 potius
2311 4844 2706 4914 intelligentes,
2739 4861 2836 4912 pro
2867 4860 2934 4900 eo
2961 4857 3124 4916 atque
3153 4847 3419 4915 scriptum
3453 4855 3558 4903 est.

1990 4949 2098 4986 non
2123 4933 2367 4998 videant,
2394 4935 2488 5003 qui
2513 4949 2701 5004 quaso
2731 4933 2848 4989 fieri
2879 4936 3074 4991 nolunt
3095 4937 3219 5005 igne
3247 4933 3516 4988 combusti
3542 4930 3569 4984 Ῥ

1990 5026 2120 5080 dum
2143 5025 2356 5080 scilicet
2377 5035 2568 5079 contra
2591 5040 2753 5093 quam
2779 5034 2833 5079 et
2861 5025 2990 5078 facit
3013 5022 3065 5078 et
3085 5026 3246 5079 docet
3275 5023 3563 5085 Dominus,

1991 5116 2095 5186 ipsi
2137 5126 2192 5170 et
2235 5116 2478 5186 cogitant
2515 5125 2569 5169 et
2609 5114 2954 5184 loquuntur?
2984 5116 3274 5182 Postquam
3328 5111 3575 5188 namque

1989 5210 2230 5265 Joannes
2263 5210 2526 5279 martyrio
2570 5217 2656 5263 cst
2699 5208 3014 5272 defunctus,
3047 5216 3104 5260 et
3141 5206 3396 5276 discipuli
3434 5221 3574 5260 εον-

1993 5319 2096 5374 pus
2131 5303 2251 5373 ejus
2281 5303 2641 5372 sepelierunt,
2674 5301 2862 5354 auditu
2890 5317 2953 5353 eo
2984 5299 3147 5354 Jesus
3177 5299 3402 5354 secessit
3435 5299 3572 5352 inde

1994 5396 2048 5448 in
2096 5395 2347 5447 navicula
2391 5393 2446 5446 in
2491 5393 2773 5446 desertum
2821 5391 2999 5444 locum
3034 5391 3202 5446 sidus.
3241 5393 3417 5460 Atque
3458 5391 3566 5444 Do-

1995 5489 2178 5541 minus
2202 5487 2426 5556 quidcm
2459 5486 2526 5539 ad
2562 5485 2708 5538 hunc
2746 5487 2966 5537 modum
3001 5495 3056 5538 et
3087 5484 3221 5539 fecit
3269 5494 3324 5538 et
3353 5483 3564 5537 docuit.

1993 5580 2218 5636 Utinam
2246 5595 2372 5633 vero
2402 5579 2527 5632 honi
2563 5576 2652 5632 isti
2683 5575 2784 5630 viri
2819 5575 2892 5630 ita
2920 5576 3256 5631 verecundia
3283 5574 3569 5629 afficeren-

1998 5684 2106 5738 tur,
2146 5683 2204 5728 ut
2254 5671 2446 5727 saltem
2497 5671 2762 5725 adversus
2819 5668 3074 5726 homines
3129 5669 3416 5740 prazfracta
3463 5683 3566 5724 sua

403 5839 423 5870 ³
454 5840 640 5896 Matth.
673 5859 726 5908 ι,
759 5843 849 5900 25.
923 5845 942 5876 ⁸
980 5843 1168 5900 Matth.
1203 5862 1350 5914 sxw,
1391 5846 1456 5900 lii
1487 5861 1639 5918 seqq.
1719 5849 1738 5881 ³
1793 5850 1871 5904 Ma

2021 5866 2077 5916 ιι,
2117 5851 2201 5911 l5.
2277 5853 2300 5884 ⁸
2336 5853 2495 5909 Joau.
2533 5870 2606 5922 ιι,
2660 5853 2749 5909 55.
2825 5854 2844 5884 ⁸
2877 5854 3034 5910 Joan.
3078 5869 3190 5917 un,
3232 5851 3320 5908 .58.

2663 3285 2892 3340 Herodes
2943 3288 3085 3340 enim
3126 3287 3440 3354 qmesiturus
3487 3298 3560 3340 est
3669 3344 3680 3353 _
