3870 6550
265 377 370 440 509

1210 382 1812 450 EFClESIASTlCIE
1853 394 2238 458 HISTORIAZ
2274 399 2416 460 LIB.
2463 398 2536 459 X.

3430 402 3542 468 5l0

264 496 377 566 πῦρ
435 495 641 566 λάερον
713 501 1004 570 arra-mide;
1053 503 1260 567 αὐτοῖς,
1328 503 1473 559 οὕτω
1521 507 1840 579 διέφθειρεν

1967 514 2236 580 crificrnt,
2274 517 2478 572 ren-itti
2509 517 2685 582 jubet.
2717 517 2890 588 Atque
2923 518 2975 572 id
3005 519 3110 574 illis
3141 521 3530 582 abnuentibus.

262 587 328 638 οξ
367 587 422 641 δὲ
474 590 615 658 πρὸς
653 592 925 660 τοσαύτην
975 593 1258 664 ὠμότητος
1307 597 1641 669 ὐπερὸολὴνς
1699 617 1852 672 τηνι-

261 679 440 735 καῦτα
466 681 566 752 τὴν
597 682 698 752 τῆς
722 683 948 754 ἀνδρίας
981 687 1334 752 ἐπεδείξαντο
1388 692 1681 761 κορωνίδα,
1744 693 1850 764 τὴν

257 772 508 840 ἀοίδιμον
545 775 763 845 ἐκείνην
815 778 1136 842 ὲπειπόντες
1168 781 1355 851 φωνήν
1401 797 1416 814 ⁸

263 859 292 880 τ

255 1050 455 1117 γεῦσιν
483 1053 750 1120 ἡμίοπτοί
779 1072 862 1106 σοι
894 1055 1154 1125 φανῶμεν
1193 1057 1509 1127 καὶ,ἀηδίας
1569 1059 1780 1127 μεστοί.
1822 1077 1842 1110 ι

263 1141 413 1194 Ἀλλ’
442 1143 587 1198 οὕτω
627 1145 726 1215 μὲν
757 1148 806 1200 οἱ
847 1151 1085 1217 γενναῖοι
1129 1150 1190 1203 τὸ
1219 1148 1313 1202 τοῦ
1362 1147 1670 1220 μαρτυρίου
1734 1149 1851 1221 διή-

249 1245 429 1289 νυσαν
484 1238 721 1310 στάδιον.

1474 801 1492 834 ι
1528 781 1590 836 Εἰ
1647 785 1850 850 ὀπτῶν,

255 865 302 918 ὧ
352 865 604 935 Ἀμάχιε.
645 869 823 937 κρεῶν
871 869 1163 940 ἐπιθυμεῖς
1222 873 1662 942 ἀπογεύσασθαι,
1713 877 1853 931 κάπὶ

255 957 356 1020 τὰς
386 959 582 1028 ἐτέρας
615 961 852 1031 στρέψον
881 965 1029 1033 ἡμᾶς
1063 963 1344 1034 πλευρὰς,
1379 966 1466 1019 ἵνα
1497 967 1572 1036 μὴ
1623 966 1690 1020 τὰ
1716 967 1853 1037 πρὸς

1961 607 2140 662 minas
2180 608 2431 666 intentat.
2467 609 2536 664 At
2564 611 2808 678 pra-clari
2834 612 2908 666 illi
2950 609 3312 670 adamantinis
3333 617 3532 673 animis

1961 699 2088 762 viri,
2118 701 2300 754 omnia
2337 702 2519 770 potius
2566 703 2801 774 perpeti,
2835 721 2998 773 quam
3044 715 3104 760 ut
3151 709 3439 763 sacrificiis
3469 725 3530 766 se

1961 793 2352 856 contaminent,
2397 804 2528 849 sunt
2558 796 2752 864 parati.
2782 797 2932 852 ilicet
2983 797 3072 851 ille
3127 799 3274 854 viros
3309 815 3528 856 sanctos

1965 883 2152 966 multis
2205 885 2434 954 primum
2489 889 2832 943 excruciatos
2882 889 3194 954 tormentis,
3241 893 3334 945 ubi
3379 893 3524 960 quod

1957 976 2216 1040 volebat,
2274 979 2354 1033 eis
2409 995 2514 1033 non
2574 982 2864 1050 persuasit,
2909 991 3188 1058 postremo
3245 984 3526 1037 craticulis

1957 1060 2212 1130 imponit,
2249 1064 2424 1132 ignem
2464 1068 2756 1136 plurimum
2793 1070 3034 1140 sultjicit,
3071 1082 3232 1139 alque
3267 1072 3338 1124 ita
3381 1072 3518 1124 inte-

1954 1151 2124 1208 rimit.
2182 1155 2353 1209 Porro
2406 1157 2478 1210 illi
2541 1159 2918 1214 crudelitatem
2983 1161 3225 1230 praefecti
3293 1171 3524 1228 tantam,

1951 1242 2294 1300 fortitudinis
2335 1259 2444 1303 tum
2505 1267 2614 1306 sne
2654 1255 2970 1307 coronidem
3025 1270 3147 1309 esse
3201 1255 3521 1318 ostendunt,

250 1337 521 1403 praeclara
559 1337 646 1390 illa
686 1337 831 1392 edita
863 1354 996 1394 voce
1034 1357 1048 1394 :
1091 1360 1109 1393 ι
1159 1339 1214 1395 Si
1252 1355 1404 1396 assas
1436 1355 1628 1394 carnes
1665 1337 1957 1409 degustare
2019 1343 2200 1410 cupis,
2242 1346 2471 1400 Amaclii
2500 1389 2515 1412 ,
2540 1348 2592 1401 in
2625 1349 2860 1404 alterum
2903 1351 3046 1404 latus
3077 1367 3176 1403 nos
3211 1359 3397 1415 verte,
3455 1367 3523 1403 ne

251 1427 560 1482 semicrudi
635 1439 690 1484 et
755 1431 821 1485 ad
863 1433 1137 1490 edendum
1186 1451 1376 1505 parum
1457 1433 1555 1488 tibi
1592 1446 1788 1487 suaves
1851 1433 2166 1490 reddantur.
2202 1456 2221 1488 ι
2284 1438 2362 1492 Ad
2411 1457 2535 1494 eum
2597 1442 2817 1496 modum
2881 1443 3132 1514 generosi
3182 1443 3269 1498 isti
3300 1442 3404 1497 viri
3465 1444 3520 1497 in

252 1525 510 1596 martyrii
544 1527 723 1583 stadio
757 1529 1148 1590 decurrerunt.

845 1679 1099 1741 ΚΕΦΑΛ.
1131 1679 1260 1732 ΚΕ¹.

247 1769 384 1824 Ὀτι
421 1787 482 1838 πί
507 1774 574 1840 ὦς
606 1776 731 1840 τοῖς
753 1775 964 1841 ἄλλοις
990 1779 1021 1830 ό
1049 1769 1400 1837 ἀποστάτης
1434 1769 1533 1824 καὶ
1559 1770 1670 1840 τῆς
1702 1771 1838 1824 Ἑλ-

319 1845 592 1912 ληνικῆς
623 1847 896 1910 παιδείας
925 1845 1086 1915 νόμῳ
1120 1841 1366 1915 ἀπεῖργε
1393 1843 1794 1915 Χριστιανούς
1819 1857 1834 1874 ⁸

319 1916 430 1986 καί
465 1915 626 1982 ὅπως
663 1912 1052 1986 Γρηγόριοςο
1080 1912 1287 1986 μέγας.
1319 1912 1428 1986 καὶ-
1449 1915 1500 1965 οι
1535 1912 1603 1966 ἐκ
1635 1913 1843 1986 Σύρων

332 1981 816 2054 Ἀπολλιιοὰρὶοι,
860 1981 974 2051 τὰς
1016 1981 1184 2054 θείας
1231 1981 1478 2051 Γραφὰς
1531 1984 1841 2054 narratam

314 2054 566 2126 μέτροις
596 2051 1038 2122 italum-artae,
1061 2055 1142 2121 τῷ
1164 2053 1401 2106 ἐκείνου
1433 2051 1645 2118 σκοπῷ
1674 2053 1843 2106 ἀντε-

318 2125 616 2192 τάξαντα.

323 2245 477 2316 "pb;
513 2245 568 2297 δὲ
624 2244 688 2314 δὴ
722 2245 836 2308 τοῖς
863 2245 1047 2302 ἄλλοις
1084 2247 1178 2300 καὶ
1241 2249 1390 2318 νόμῳ
1441 2245 1659 2300 ἐκέλευε
1706 2244 1843 2312 Χρι-

248 2337 498 2392 στιακὼν
529 2338 724 2400 παῖδας
763 2339 836 2408 μὴ
886 2339 1224 2402 παιδεύσεως
1281 2339 1531 2410 μετέχειν
1599 2336 1843 2406 Έλληνι·

245 2431 351 2495 κῆς
387 2446 406 2460 ·
447 2431 585 2499 μηδὲ
609 2430 734 2494 τοὺς
765 2431 899 2498 παρ’
931 2430 1164 2494 ἐκείνοις
1194 2429 1426 2500 ποιητὰς
1459 2432 1550 2484 καὶ
1599 2445 1841 2500 συγγρα·

247 2524 391 2593 ipsa;
428 2520 804 2587 διδάσκεσθαι,
832 2524 952 2576 οὐδὲ
982 2525 1096 2586 τοῖς
1132 2525 1264 2593 παρ’
1299 2523 1529 2586 ἐκείνοις
1589 2522 1838 2575 διδασκα-

245 2615 420 2676 λείοις
448 2616 645 2683 φοιτᾷν
669 2629 685 2644 ·
724 2613 814 2668 ἵνα
847 2615 945 2686 μὴ.
983 2617 1141 2684 φησι,
1177 2614 1277 2678 τὰς
1325 2614 1574 2683 γλώσσας
1634 2614 1843 2668 ἀκονῶ-

247 2723 432 2776 μειιοι,
467 2708 528 2758 ὲν
565 2706 772 2778 ἑτοίμῳ
811 2703 920 2760 εἷεν
945 2706 1081 2778 πρὸς
1115 2711 1241 2772 τοὺς
1278 2709 1410 2779 παρ’
1441 2690 1571 2780 ἡμῖν
1616 2711 1842 2762 ἀντικα-

245 2799 546 2853 θίστασθαι
580 2800 984 2865 διαλεκτικοὺς,
1010 2801 1106 2855 καὶ
1143 2800 1431 2872 σεμνύνειν
1468 2803 1567 2872 μὲν
1607 2801 1676 2855 τὰ
1715 2805 1841 2855 ἐαυ-

243 2890 380 2954 uini,
410 2893 708 2954 εὐέλεγκτα
732 2893 786 2946 δὲ
823 2893 1114 2948 δεικνύωσι
1144 2897 1211 2948 τὰ
1251 2894 1518 2964 ἡμέτερα.
1575 2895 1840 2947 Ἐλύπουν

244 2999 308 3051 γε
339 2983 456 3054 μὴν
491 2983 685 3038 τοῦτον
713 2987 775 3038 ού
811 2987 1010 3056 μέτρια
1065 2985 1367 3056 Γρηγόριος
1423 2987 1516 3039 καὶ
1560 2986 1839 3048 Βασίλειος

241 3078 291 3130 ot
325 3075 734 3142 Καππαδόκαι,
759 3078 1116 3149 παντοδαπὴν
1154 3079 1592 3148 ἑπιδεδειγμένοι
1617 3078 1835 3146 τέχνην,

241 3169 507 3231 καὶτοὺς
543 3169 664 3221 τότε
718 3169 956 3239 ῥήτορας
1013 3170 1240 3241 μεγέθει
1295 3169 1510 3238 φύσεως
1563 3168 1836 3241 ὑπερϐάλν

242 3260 438 3324 ὶοντες
465 3276 481 3292 ⁸
512 3261 607 3314 καὶ
642 3261 846 3332 μᾶλλον
893 3263 1215 3334 Γρηγόριος,
1250 3263 1384 3334 πρὸς
1415 3265 1644 3316 παντοῖα
1674 3262 1836 3332 ποιή-

245 3368 392 3404 σεων
424 3353 539 3422 εἴδη
587 3354 984 3421 μεταπλάττων
1003 3356 1128 3416 τοὺς
1163 3355 1376 3424 λόγους,
1406 3353 1441 3409 ἃ
1472 3355 1587 3423 ἔπη
1621 3354 1840 3426 ὠνόμα-

244 3460 304 3496 σε
337 3461 355 3476 ο
389 3445 489 3498 καὶ
543 3445 694 3499 ἄλλοι
752 3445 995 3500 πλεῖστοι
1057 3447 1248 3516 ἄνδρες
1299 3445 1618 3514 ἐλλόγιμον
1677 3441 1751 3499 ὧν
1787 3446 1838 3499 oi

247 3537 354 3603 μὲν
383 3539 486 3607 τὴν
512 3524 804 3608 ἐν’Νικαίᾳ
833 3539 1020 3591 πίστιν
1071 3540 1326 3610 ἐζήλουν,
1357 3540 1407 3592 οἱ
1430 3539 1486 3591 δὲ
1515 3538 1614 3608 τὴν
1663 3539 1840 3608 Ἀρεία

243 3646 304 3682 ου
365 3629 740 3696 συνεκρότουν
772 3629 970 3694 δόξαν·
1012 3629 1092 3683 ἔτι
1148 3630 1206 3684 δὲ
1261 3632 1356 3683 καὶ
1413 3629 1464 3682 οἱ
1530 3630 1594 3682 ὲκ
1653 3629 1840 3699 Σύρων

255 3721 696 3792 Ἀπολλινάριοι,
725 3721 860 3792 πρὸς
891 3723 1075 3774 πᾶσαν
1105 3721 1250 3774 ίδέαν
1305 3721 1464 3788 λόγον
1539 3723 1635 3776 καὶ
1689 3715 1840 3775 οὗτοι

244 3815 774 3883 παρεσκευασμένοι
802 3831 816 3844 ο
864 3813 943 3868 ,οἶ
1009 3815 1106 3868 καὶ
1153 3815 1530 3884 φανερώτεροι
1585 3813 1841 3866 ἐντεῦθεν

247 3908 463 3978 μᾶλλον
492 3906 865 3979 κατέστησαν.
897 3907 1086 3979 Πατὴρ
1115 3908 1172 3962 δὲ
1210 3903 1349 3980 ἦσαν
1381 3900 1528 3960 οὗτοι
1559 3911 1654 3961 καὶ
1681 3907 1796 3968 υἱός
1823 3919 1837 3934 ⁸

245 3997 546 4068 ὁμώνυμοι
605 3999 702 4050 καὶ
767 3998 935 4069 ἄμφω
1017 3999 1156 4070 ἴδρις
1210 3999 1386 4066 λόγων
1447 4001 1763 4051 παντοίων·
1814 4000 1842 4052 ὀ

249 4092 353 4161 μὲν
422 4083 533 4161 γὰρ
592 4092 777 4162 πατὴρ
819 4093 1251 4162 γραμματικῶν,
1314 4092 1646 4160 σοφιστικῶν
1709 4090 1765 4144 δὲ
1813 4092 1840 4144 ὁ

248 4187 394 4247 υἱός.
441 4185 671 4255 Ἐπίσης
705 4184 762 4238 δὲ
792 4185 1078 4255 χρειώδεις
1113 4185 1344 4248 ἑαυτοὺς
1397 4187 1662 4254 παρεῖχον
1707 4183 1840 4252 Χρι-

250 4277 499 4336 στιανοϊς
520 4273 598 4342 τῷ
646 4273 846 4344 καιρῷ,
880 4275 1154 4341 ἐγκαίρως
1186 4275 1254 4342 τῇ
1283 4273 1599 4344 πολυμαθία
1626 4273 1718 4324 καὶ
1772 4275 1836 4342 τῇ

247 4368 420 4436 φύσει
457 4368 823 4437 χρησάμενοι.
874 4367 934 4419 Ὂ
997 4367 1096 4436 μὲν
1147 4367 1276 4435 γὰρ,
1331 4365 1426 4418 ἆτε
1465 4365 1530 4434 δὴ
1575 4381 1841 4435 γραμμα-

248 4461 416 4530 τικὴν
439 4462 520 4514 ei:
554 4459 726 4530 ἄκρον
754 4459 1230 4528 ἀκριϐωσάμενος,
1252 4459 1373 4511 ἀντὶ
1412 4457 1508 4527 μὲν
1527 4459 1626 4527 τῆς
1668 4457 1840 4527 Ὀμή.

2517 1675 2744 1733 CAPUT
2786 1677 2951 1733 XXV.

1953 1763 2016 1818 Ut
2047 1765 2262 1828 insuper
2288 1777 2552 1834 upostnta,
2580 1769 2693 1836 tege
2721 1770 2856 1832 lata,
2882 1770 3196 1824 Christianis
3213 1771 3518 1828 ercarnm

2019 1840 2218 1888 artium
2257 1846 2304 1888 et
2336 1839 2722 1893 institutionum
2749 1840 2936 1895 litteris
2968 1843 3296 1895 interdixerit
3334 1861 3346 1896 :
3377 1852 3425 1896 et
3461 1850 3520 1895 ut

2017 1902 2298 1980 Gregorius
2326 1925 2566 1980 magnus,
2603 1918 2650 1960 et
2683 1912 2788 1963 duo
2811 1912 3144 1979 Apollinares
3175 1913 3518 1980 Syri,sacrus

2017 1975 2324 2054 Scripturas
2354 1975 2515 2054 omni
2573 1995 2762 2054 genere
2807 1975 3104 2054 carminum
3165 1975 3514 2054 cipolientes,

2016 2045 2234 2099 consitio
2263 2058 2309 2100 et
2347 2045 2590 2102 instituto
2621 2051 2734 2118 ejus
2783 2051 3090 2106 obstiterint.

2012 2225 2093 2280 Ad
2128 2225 2264 2291 haec,
2303 2243 2371 2281 ne
2419 2226 2864 2283 Christianorum
2906 2233 3061 2300 pueri
3095 2229 3302 2286 Grtecis
3345 2231 3516 2286 disci-

1945 2320 2111 2388 plinis
2138 2319 2516 2385 erudirentur,
2537 2330 2630 2376 aut
2663 2333 2855 2392 poetas
2887 2323 3299 2392 scriptoresque
3321 2339 3513 2379 eorum

1943 2413 2225 2482 legerent,
2263 2415 2548 2469 scholasve
2591 2415 2838 2484 publicas
2898 2415 3336 2486 frequentarent,
3397 2419 3516 2486 lege

1942 2506 2087 2560 cavit
2120 2522 2134 2558 :
2163 2506 2244 2562 Ne
2278 2507 2484 2576 linguis
2515 2523 2727 2574 eorum,
2775 2508 2954 2576 inquit
2984 2551 2998 2570 ,
3030 2509 3286 2564 acumine
3317 2524 3514 2578 perpo-

1943 2601 2076 2665 litis,
2097 2601 2258 2655 facile
2291 2601 2730 2672 disputatoribus
2762 2603 2965 2656 nostris
2987 2603 3262 2668 resistere,
3282 2613 3336 2655 et
3358 2587 3511 2656 sacra

1943 2693 2166 2763 quidem
2223 2709 2322 2748 sua
2370 2694 2728 2765 amplificare,
2799 2696 3118 2764 religionem
3172 2705 3356 2749 autem
3413 2710 3514 2748 no-

1942 2793 2112 2834 stram
2171 2781 2425 2836 refellere
2484 2782 2642 2837 facile
2687 2793 2914 2852 queant.
2949 2783 3056 2852 55
3107 2785 3226 2838 Non
3282 2799 3513 2852 parvum

1941 2877 2090 2930 enim
2153 2877 2203 2930 ei
2262 2877 2507 2930 dolorem
2543 2893 2765 2932 movere
2815 2875 3116 2944 Gregorius
3161 2887 3215 2932 et
3277 2876 3514 2931 Basilius

1941 2966 2294 3038 Cappadoces
2321 3007 2334 3031 ,
2373 2969 2468 3038 qui
2517 2971 2867 3038 omnigcuam
2924 2978 3098 3022 artem
3137 2983 3290 3022 suam
3344 2967 3512 3022 rebus

1943 3061 2134 3114 multis
2163 3061 2603 3128 declaraverant,
2637 3062 2758 3132 ejus
2809 3061 3074 3131 temporis
3103 3069 3352 3114 oratores
3377 3098 3393 3122 ,
3423 3059 3514 3111 in-

1942 3156 2088 3226 genii
2122 3157 2438 3227 praestantia
2467 3157 2628 3228 longe
2677 3164 3000 3227 superantes
3033 3172 3048 3209 ι
3078 3157 3354 3227 przeeipue
3373 3153 3512 3210 Gre-

1944 3249 2153 3318 gorius,
2186 3249 2279 3318 qui
2307 3249 2472 3304 verba
2494 3251 2656 3304 etiam
2686 3249 2854 3304 variis
2878 3257 3190 3318 poematum
3221 3246 3515 3318 generibus

1944 3340 2189 3402 inclusit,
2231 3356 2406 3410 eaque
2434 3357 2627 3396 versus
2658 3341 2994 3396 nominavit:
3019 3349 3075 3394 et
3103 3339 3192 3393 alii
3227 3337 3517 3408 quamplu-

1943 3431 2068 3488 rimi
2115 3432 2346 3502 spectati
2371 3433 2496 3498 viri,
2547 3448 2781 3502 quorum
2836 3430 3089 3485 nonnulli
3116 3430 3394 3484 Nicmnam
3431 3443 3520 3483 se-

1943 3527 2258 3596 quebantur
2289 3526 2473 3588 fidem,
2513 3525 2734 3594 quidam
2770 3523 2884 3578 Arii
2917 3523 3232 3592 opinionem
3265 3535 3518 3590 compro-

1941 3619 2172 3674 babant.
2219 3616 2340 3689 Syri
2372 3620 2536 3672 etiam
2566 3617 2913 3686 Apollinares
2934 3657 2948 3680 ,
2982 3614 3129 3669 omni
3161 3613 3376 3669 dicendi
3417 3628 3513 3684 ge-

1942 3728 2076 3766 nere
2101 3711 2272 3783 probe
2321 3710 2573 3765 instructi
2605 3751 2618 3772 ,
2665 3709 2909 3779 praeclari
2946 3708 3181 3762 maxime
3209 3722 3276 3763 eo
3329 3705 3515 3761 smdio

1941 3819 2189 3870 evasere,
2226 3815 2384 3873 pater
2413 3815 2469 3858 et
2504 3803 2652 3858 filius
2702 3803 2805 3856 sibi
2841 3791 3221 3872 cognomines,
3261 3808 3320 3854 et
3355 3799 3518 3853 disci-

1942 3895 2216 3966 plinarum
2275 3895 2520 3949 omnium
2564 3895 2743 3964 periti.
2796 3895 2863 3948 Et
2900 3902 3054 3963 pater
3083 3891 3304 3963 quidem
3335 3907 3518 3961 gratu-

1943 3987 2176 4040 maticus
2221 3987 2484 4057 insignis,
2539 3986 2684 4040 filius
2717 3993 2900 4039 autem
2943 3985 3090 4039 inter
3157 3982 3432 4054 sophistas
3461 3990 3518 4036 et

1943 4079 2194 4134 rhetores
2238 4079 2476 4134 celebris
2519 4079 2641 4133 fuit.
2679 4079 2921 4146 Uterque
2975 4093 3106 4132 sane
3140 4092 3210 4132 eo
3269 4086 3516 4144 tempore

1946 4173 2133 4228 utilem
2173 4171 2504 4228 Christianis
2536 4187 2596 4226 se
2631 4172 2896 4241 praebuit,
2938 4178 3248 4239 Opportune
3271 4180 3328 4223 et
3357 4183 3514 4222 com-
3561 4181 3568 4187 ’

1944 4265 2106 4320 tnode
2169 4265 2403 4335 ingeniis
2459 4265 2574 4318 suis
2639 4275 2696 4318 et
2754 4262 3039 4332 tnultijuga
3089 4260 3340 4314 doctrina
3404 4261 3513 4314 usi.

1941 4360 2344 4415 Grammaticus
2373 4357 2517 4413 enim
2547 4357 2681 4412 artis
2711 4373 2823 4411 sua:
2857 4355 3248 4426 peritissimus,
3280 4369 3380 4422 pro
3405 4353 3516 4408 Ηοο

1944 4456 2078 4509 meri
2133 4464 2403 4526 poemate,
2460 4452 2702 4506 heroicis
2749 4451 3000 4506 versibus
3045 4450 3206 4504 Mosae
3239 4449 3408 4502 libros
3460 4455 3518 4502 et

253 4572 350 4624 ρου
386 4557 664 4621 ποιήσεως
705 4553 928 4623 nomine?)
969 4554 1152 4626 μέτρῳ
1200 4552 1298 4622 τὴν
1347 4551 1591 4614 Μωσέως
1655 4553 1836 4619 βίϐλον

1951 4560 2158 4604 veteres
2215 4547 2568 4602 Hebraeorum
2609 4561 2696 4600 res
2748 4559 2921 4614 usque
2969 4543 3035 4597 ad
3091 4541 3240 4596 Sauli
3287 4555 3514 4611 regnum

252 4649 351 4700 καὶ
390 4647 494 4714 τὴν
541 4645 812 4714 Ἐϐραίων
878 4643 1272 4715 ἀρχαιολογίαν
1327 4643 1672 4706 συνέταττεν,
1708 4644 1837 4713 ἄχρι

253 4739 316 4807 δὴ
379 4727 480 4792 καὶ
529 4738 628 4806 τῆς
685 4735 967 4806 βασιλείας
1023 4736 1117 4788 τοῦ
1166 4735 1340 4787 Σαοὺλ
1389 4735 1689 4788 κατελθών.
1743 4736 1838 4798 Εἰς

253 4833 686 4912 εἰκοσιτέσσαρα
716 4829 774 4882 δὲ
823 4830 1090 4898 τμήματα
1135 4827 1234 4898 τὴν
1261 4827 1530 4893 τοσαύτην
1577 4844 1839 4896 πραγμα-

1943 4641 2256 4712 composuit
2293 4657 2310 4694 :
2342 4651 2506 4710 atque
2539 4638 2589 4693 id
2627 4655 2766 4707 Opus
2823 4637 2877 4692 in
2933 4637 3124 4708 viginti
3165 4645 3221 4690 et
3273 4645 3515 4706 quatuor

1943 4737 2116 4791 libros
2150 4734 2360 4796 divisit,
2390 4733 2532 4788 libro
2581 4731 2831 4802 quolibet
2868 4730 3184 4786 Graecorum
3213 4729 3518 4783 elemento-

1945 4844 2066 4882 rum
2104 4825 2491 4896 appellatione,
2525 4825 2677 4892 juxta
2711 4821 2928 4875 illorum
2957 4819 3206 4874 ordinem
3233 4830 3290 4870 et
3319 4829 3514 4868 nume-

253 4908 411 4976 τείαν
446 4921 666 4985 διεῖλεν,
692 4921 909 4990 ἑκάστῳ
959 4920 1210 4990 τμήματι
1271 4922 1384 4980 τοῖς
1434 4919 1563 4988 παρ’
1615 4917 1836 4986 Ἕλλησι

1951 4935 2086 4984 rum,
2115 4917 2184 4972 ad
2233 4915 2534 4971 Homericae
2577 4915 2756 4983 poesis
2807 4909 3169 4965 imitationem
3227 4905 3512 4973 inscripto.

258 5014 551 5083 στοιχείοις
576 5013 675 5082 τὴν
704 5012 1080 5083 προσηγορίαν
1117 5011 1373 5080 θέμενος,
1408 5009 1548 5062 κατὰ
1606 5010 1838 5079 μίμησιν

257 5111 358 5178 τῆς
405 5108 650 5176 Ὀμήρου
704 5105 980 5174 ποιήσεως
1013 5119 1028 5135 ⁸
1078 5103 1176 5157 καὶ
1233 5094 1542 5174 τραγῳδίαν
1574 5101 1834 5171 δραματι-

258 5199 361 5266 κὴν
410 5197 786 5268 ἐξειργάζετο,
844 5197 936 5248 τὸν
977 5195 1276 5264 Εὐριπίδην
1332 5193 1690 5264 μιμούμενος,
1746 5192 1840 5246 xxi.

257 5293 355 5363 τὴν
390 5293 657 5359 Πινδάρου
683 5291 1016 5358 λύραν,.Καὶ
1053 5289 1187 5357 πρὸς
1243 5289 1338 5352 τὰς
1396 5289 1685 5359 κωμῳδίας
1727 5290 1840 5344 Με-

258 5385 490 5452 νάνδρου
547 5386 883 5449 εἰκασμένας
945 5381 1236 5442 ὑποθέσεις
1307 5381 1514 5433 ἐτίθειο
1570 5381 1730 5432 παντί
1779 5398 1838 5432 τε

264 5476 446 5544 μέτρῳ
509 5474 794 5543 ρυθμικὼς
855 5474 1106 5544 ἐχρῆτοο
1171 5473 1362 5536 ἁπλῶς
1415 5489 1471 5523 τε
1529 5471 1717 5539 φάναι,
1775 5471 1840 5522 ἐκ

261 5567 371 5619 τῶν
408 5565 576 5618 θείων
612 5565 850 5633 Γραφῶν
880 5566 972 5624 τὰς
1005 5563 1263 5631 ἀφορμὰς
1305 5561 1616 5630 λαμϐάνων,
1667 5560 1840 5629 ἰσαρί-

263 5659 430 5726 θμουζ
461 5659 721 5712 ὑποθέσει
778 5658 887 5710 τῶν
910 5657 1218 5724 ἐγκυκλίων
1271 5655 1626 5722 καλουμένων
1661 5653 1837 5722 palm-

269 5752 453 5820 μάτων
509 5751 746 5813 ἐπενόει,
816 5751 915 5814 τὰς
981 5749 1368 5818 πραγματείας
1437 5749 1494 5798 ἐν
1568 5745 1840 5814 ἐλαχίστῳ

269 5846 626 5916 χρόνῳαῦτὰς
656 5863 780 5898 συντ
809 5845 939 5911 Θεὶς,
977 5844 1033 5898 ἔν
1053 5861 1108 5896 τε
1163 5843 1284 5912 ἤθει
1350 5841 1440 5913 καὶ
1493 5839 1689 5910 φράσει
1746 5841 1839 5892 καὶ

1943 5011 2129 5064 Edidit
2183 5024 2436 5078 quoque,
2520 4990 2834 5075 Enripidcin
2892 5002 3220 5065 :emuiatus,
3281 4998 3513 5066 tragicos

1943 5112 2116 5156 actus.
2155 5099 2374 5154 Pindari
2407 5099 2570 5153 etiam
2601 5099 2770 5170 lyram
2803 5095 3005 5167 attigit,
3036 5103 3090 5148 et
3116 5091 3326 5147 comica
3347 5104 3512 5158 argu-

1946 5203 2128 5248 menta
2175 5191 2242 5247 ad
2304 5190 2581 5246 Menandri
2631 5189 2941 5258 exemplum
2994 5185 3286 5247 tractavit,
3327 5184 3518 5236 unius-

1943 5289 2211 5354 cujusque
2253 5283 2512 5339 carminis
2572 5283 2782 5352 legibus
2806 5281 2910 5333 rite
2940 5281 3172 5333 servatis
3205 5294 3219 5330 :
3245 5287 3432 5345 atque,
3461 5282 3518 5328 ut

1945 5379 2114 5433 si-mel
2147 5378 2350 5442 dicam,
2397 5385 2613 5444 sumpta
2655 5390 2718 5426 ex
2762 5371 2963 5425 divinis
3015 5370 3216 5425 litteris
3262 5370 3511 5433 materia,

1943 5470 2288 5540 argumentis
2312 5468 2393 5521 eis
2426 5463 2746 5526 tractandis,
2781 5462 3048 5531 librisque
3095 5459 3513 5530 componendis,

1943 5577 2236 5615 numerum
2285 5558 2650 5628 Cyclicarum,
2693 5571 2815 5624 (μιιη
2868 5564 3157 5619 vocantur,
3191 5563 3247 5607 et
3282 5553 3428 5606 inter
3457 5567 3516 5605 se

1944 5653 1996 5707 in
2028 5652 2219 5706 orbem
2249 5652 2547 5711 cohaerent,
2580 5648 2990 5718 disciplinarum
3027 5646 3264 5717 :equavit
3298 5662 3312 5700 :
3351 5644 3518 5714 idque

1943 5746 2097 5801 brevi
2136 5733 2430 5798 adm'odnm
2463 5752 2710 5811 tempore
2743 5750 2827 5795 est
2865 5752 3174 5795 assecutus.
3215 5739 3292 5792 Ita
3324 5748 3383 5791 ut
3415 5737 3512 5800 illi,

1943 5840 2156 5904 habitu,
2185 5837 2512 5902 elocutione,
2547 5844 2598 5890 et
2641 5833 3001 5904 dispositione
3041 5832 3176 5888 nihil
3210 5831 3276 5886 ab
3302 5831 3384 5886 cis
3407 5827 3516 5885 dif-
