3870 6598
373 422 486 486 515
1606 403 2030 468 NICEPHORI
2069 395 2419 465 CALLISTI
3539 393 3636 455 5ῗῦ

369 536 544 607 ips-ius
582 531 978 587 obscuraturas
1035 525 1134 596 (l),
1167 531 1223 579 et
1263 522 1684 579 criminationis
1733 537 1953 577 causam
1984 569 1988 580 ,

2093 521 2165 571 εαὶ
2209 520 2269 571 τὸ
2322 517 2612 572 κάλλιστον
2665 517 3059 586 ἐκλεγομένους
3089 513 3153 568 ἐκ
3183 511 3388 574 mea;
3427 513 3636 584 τρέπεν.

369 605 638 678 adversus
660 635 786 673 eum
807 618 1076 672 allaturas
1097 631 1112 669 :
1134 628 1273 684 quas
1299 613 1465 667 etiam
1492 612 1774 675 Socrates,
1809 613 1955 665 inter

2098 611 2410 681 ιαρῤῐπτειν
2449 611 2508 662 τὸ
2541 613 2720 681 χεῖρον
2748 626 2762 640 ο
2793 610 2854 662 τὸ
2900 609 2946 661 δ’
2979 606 3179 676 ἀγαθὸν
3210 605 3517 675 αἱρεῖσθαι,
3558 610 3641 655 κιὶ

372 713 591 768 Graecos
626 708 992 781 pltil050phos
1049 705 1382 777 prmeipuam
1433 703 1651 756 laudem
1685 717 1956 757 ecuseeu-

2097 703 2326 772 ὑρὸντας
2378 699 2628 773 κατέχειν
2653 718 2670 735 ·
2704 703 2760 757 ἐν
2789 703 3033 770 προσοχῇ
3061 699 3104 752 δ’
3140 695 3304 760 εἶναι,
3343 699 3419 766 μή
3448 714 3528 758 τις
3558 715 3644 750 cn-

375 813 640 868 tus,cum
695 799 858 855 nihili
912 800 1138 861 faceret,
1197 796 1363 848 veluti
1424 792 1744 847 adulterare
1802 806 1956 846 sacra

2097 799 2335 862 αγωγεῖν
2377 796 2586 866 αἱροῖτο
2618 799 2752 868 κενῇ
2801 797 2928 866 δόξῃ
2965 793 3058 847 καὶ
3107 792 3302 862 ἀπάτῃ
3331 793 3438 842 τῶν
3481 798 3535 841 ἐν
3566 809 3644 858 φο.-

375 895 721 960 Gra'corum,
751 902 808 949 et
871 906 1042 946 novos
1072 889 1208 946 deos
1236 887 1440 942 inferre
1491 885 1791 956 inciperet,
1819 899 1958 940 cou-

2093 888 2295 958 ηοσοφὲᾳ
2322 888 2637 959 δογμάτων.
2675 889 2848 941 Τοῦτο
2871 888 2928 941 δὲ
2963 888 3082 950 πῶς
3116 887 3179 940 ἂν
3209 885 3437 955 ἔχοιμεν
3468 883 3645 938 διειδέ-

380 990 677 1044 denmatus
711 997 818 1042 cst.
856 985 1044 1040 Tertia
1081 983 1224 1038 rat-io
1257 990 1446 1036 nostra
1499 980 1614 1034 hzec
1641 989 1748 1034 cst.
1793 977 1962 1046 Spec-

2093 1000 2186 1048 ναι,
2224 984 2272 1034 εξ
2309 981 2385 1052 μὴ
2420 983 2488 1035 τά
2518 981 2744 1036 ἐκείνων
2771 981 3100 1051 ὑπέλθοιμεν
3128 979 3310 1042 ὅπλοις
3349 979 3440 1046 Μὴ
3476 980 3644 1046 μέντοι

381 1090 526 1137 latos
541 1079 940 1136 nummularius
963 1093 1064 1132 nos
1081 1092 1202 1130 esse
1222 1075 1466 1130 divinum
1486 1072 1770 1127 oraculum
1789 1071 1968 1142 jubet,

381 1187 434 1232 ct
459 1186 518 1232 ut
541 1173 971 1246 pulcherrimum
1006 1169 1265 1239 quodque
1308 1182 1374 1220 ex
1404 1165 1854 1221 rebusomnibus
1886 1165 1970 1218 di-

381 1271 645 1339 ligentes,
666 1265 812 1336 quod
844 1265 1045 1318 malum
1077 1271 1163 1316 est
1191 1257 1726 1330 abjiciamus;quod
1761 1258 1967 1312 bonum

385 1372 570 1416 autent
603 1358 1004 1428 disquiramus,
1043 1362 1210 1425 atque
1243 1353 1529 1408 inventum
1583 1351 1964 1415 retineamus;

385 1450 582 1508 attenti
611 1463 831 1518 quoque
867 1445 1142 1516 praecipue
1173 1453 1230 1498 ιιι
1265 1443 1460 1503 simus,
1497 1456 1563 1495 ne
1582 1440 1706 1509 quis
1728 1439 1966 1509 praedam

2073 1072 2130 1126 δὲ
2173 1073 2270 1127 καὶ
2303 1074 2372 1127 τὰ
2411 1073 2641 1128 ἐκείνων
2696 1077 2940 1145 φρονεῖν,
2975 1072 3093 1126 ἀλλ’
3121 1071 3196 1135 ὡς
3227 1069 3424 1132 ὅπλοις
3453 1071 3515 1122 ἐκ
3559 1088 3644 1122 τεο

2077 1165 2320 1237 ριουσίας
2363 1166 2588 1230 οἰκείοις
2627 1168 2750 1221 κατ’
2781 1166 2964 1220 αὐτῶν
2997 1165 3264 1236 χρῆσθαι.
3317 1163 3432 1216 Καὶ
3461 1165 3522 1215 τι
3555 1165 3644 1231 μὲν

2072 1259 2256 1313 κακὸν·
2277 1258 2684 1329 ἐκτρεπώμεθα
2709 1275 2724 1290 ·
2758 1259 2994 1329 τάληθὲς
3022 1258 3080 1311 δὲ
3123 1257 3216 1311 καὶ
3249 1255 3473 1324 καίριον
3505 1254 3649 1308 ὲκ)..-

2074 1353 2300 1420 γὸμενοι
2331 1350 2660 1424 σὺνθδοκιμῇ
2687 1351 3228 1424 προσλαμϐάνωμεν.
3261 1349 3440 1401 Ὅπου
3466 1347 3572 1417 γὰρ
3595 1349 3650 1399 iv

2076 1443 2162 1515 εἴη
2191 1445 2456 1513 τάγαθὸν,
2481 1447 2582 1515 τῆς
2609 1446 2869 1516 ἀληθείας
2906 1448 3075 1501 ἐστίν.

387 1543 607 1599 enobis
639 1551 760 1612 agat
801 1557 898 1611 per
945 1539 1167 1594 inanem
1198 1549 1255 1593 et
1310 1554 1506 1610 vanam
1570 1535 2084 1608 philosophicorum
2152 1537 2472 1606 dOgmatum
2543 1540 2946 1594 setluetionem.
3007 1539 3063 1592 Id
3115 1547 3303 1592 autem
3382 1537 3648 1607 quonio'o

387 1637 705 1708 perspicere
793 1633 1090 1704 possimus,
1154 1631 1260 1686 nisi
1331 1632 1384 1684 in
1432 1631 1654 1684 illorum
1713 1628 2013 1684 subeamus
2049 1631 2246 1683 arma?
2299 1645 2411 1686 non
2465 1630 2749 1700 equidem,
2799 1641 2859 1684 ut
2921 1631 3004 1685 eis
3069 1629 3412 1700 usurpandis
3473 1630 3650 1684 eadem

369 1705 510 1803 ‘qua:
547 1733 624 1786 illi
653 1730 961 1784 sentiamus
987 1745 1002 1793 ;
1028 1727 1123 1782 sed
1176 1743 1244 1781 ex
1275 1727 1600 1788 abundanti,
1639 1727 1754 1781 suis
1781 1734 1973 1779 contra
2015 1739 2112 1780 eos
2178 1727 2364 1796 potius
2433 1737 2656 1782 utamur
2688 1728 2833 1782 telis.
2871 1727 2935 1782 Et
2961 1729 3160 1782 malum
3186 1727 3412 1797 quidem
3445 1741 3652 1779 averse-

385 1846 534 1892 mur,
570 1827 716 1898 quod
746 1841 936 1881 verum
990 1833 1176 1878 autem
1206 1829 1262 1875 et
1292 1831 1668 1892 Opportunum
1733 1829 1861 1883 est,
1924 1817 2170 1888 legentes
2225 1831 2389 1876 caute
2452 1821 2807 1892 recipiamus.
2851 1822 3178 1898 Ubicunque
3226 1821 3382 1878 enim
3459 1819 3655 1890 aliquid

388 1925 521 1981 boni
549 1895 658 1988 est,
693 1921 868 1992 ipsius
895 1918 1143 1972 veritatis
1171 1916 1224 1970 id
1256 1924 1361 1968 est.
1904 1927 1922 1938 -
3129 1895 3146 1908 '

463 2041 623 2108 Quod
658 2043 703 2095 si
749 2039 877 2110 quis
923 2035 1270 2092 accuratiore
1310 2033 1672 2105 persuasione
1723 2049 1824 2088 nos
1859 2033 1982 2086 haec

2150 2031 2210 2082 Εἰ
2268 2030 2326 2084 δέ
2358 2047 2443 2093 τις
2492 2033 2645 2100 ἡμᾶς
2711 2029 3036 2102 πιθανότητι
3098 2031 3431 2101 χρωμένους
3494 2032 3651 2086 οἴεται

388 2146 760 2202 contorquere
799 2141 962 2201 atque
989 2130 1245 2184 aﬂ‘ectate
1269 2127 1459 2182 dicere
1482 2127 1805 2193 arbitretur,
1835 2125 1970 2180 illud

392 2225 529 2279 mihi
565 2223 885 2276 consideret
911 2221 1074 2274 velim
1098 2259 1112 2284 ,
1157 2219 1335 2288 ipsum
1366 2215 1774 2271 divinissimum
1837 2215 1977 2270 Pau-

393 2319 510 2372 lutn
544 2332 654 2370 non
690 2315 868 2370 solum
903 2311 1110 2368 Graecis
1136 2310 1406 2365 doctrinis
1444 2309 1602 2364 nobis
1639 2324 1750 2362 non
1803 2307 1978 2362 inter-

395 2410 627 2473 dixisse,
653 2407 748 2461 sed
780 2410 946 2461 etiam
989 2405 1190 2460 alicubi
1221 2403 1278 2457 in
1320 2403 1586 2472 Epistolis
1628 2402 1767 2466 suis,
1794 2400 1977 2455 verbis

393 2517 586 2555 earum
618 2515 776 2553 usum
812 2512 956 2561 esse,
993 2504 1052 2550 ιιι
1079 2497 1174 2566 qui
1209 2510 1303 2549 eas
1331 2510 1552 2565 quoque
1583 2493 1848 2564 attigerit.
1889 2492 1978 2547 Vi-

397 2594 562 2648 detur
594 2606 726 2646 sane
777 2590 950 2644 tnulta
977 2604 1100 2658 quae
1139 2602 1169 2640 a
1199 2587 1404 2642 Gracis
1449 2595 1577 2641 sunt
1607 2587 1772 2650 dicta,
1829 2585 1976 2640 didi-

397 2689 562 2740 cisse.
624 2683 740 2738 Nisi
791 2685 939 2737 enim
999 2679 1346 2750 Epimenidis
1415 2678 1698 2739 Cretensis
1752 2675 1974 2731 oracula

400 2779 650 2848 legisset,
684 2776 783 2828 viri
818 2789 972 2828 saera
1027 2782 1085 2828 et
1112 2771 1470 2854 caeremonias
1505 2771 1846 2826 instituentis
1874 2769 1974 2842 (Ξ),

401 2870 683 2944 quomodo
717 2883 934 2924 versum
960 2869 1112 2922 illum
1140 2867 1482 2938 protulisset,

475 3000 602 3056 Cres
635 3015 843 3071 semper
865 2997 1114 3061 mendax,
1144 2995 1288 3052 mala
1323 2996 1524 3064 bellua,
1556 3005 1736 3050 venter
1761 2995 1984 3050 obesus?

402 3164 562 3222 Unde
596 3165 762 3218 etiam
798 3159 1216 3216 hemistichium
1251 3145 1381 3212 illud
1423 3155 1771 3226 sumpsisset,

474 3280 651 3348 Hujus
683 3293 911 3348 namque
937 3291 1120 3330 sumus
1145 3291 1307 3344 genus
1330 3314 1344 3338 ,

2079 2123 2272 2194 βιαίως
2309 2122 2721 2193 ταῦταιλὲγειν,
2768 2124 2947 2176 ἐκεῖνὸ
2976 2139 3039 2192 γε
3087 2125 3198 2195 μὴν
3237 2124 3518 2176 σκοπείτω
3541 2162 3556 2186 ,
3585 2124 3652 2186 ὡς

2077 2217 2106 2268 6
2158 2215 2436 2279 θειότατος
2494 2215 2710 2281 Παῦλος
2757 2218 2818 2269 οὐ
2865 2217 3028 2287 μόνον
3079 2218 3174 2272 τὸν
3221 2218 3467 2287 Ἕλληνα
3513 2218 3655 2286 λόγον

2078 2309 2141 2360 οὐ
2169 2306 2484 2362 κεκώλυκεν
2514 2309 2964 2377 ἒκπαιδεύεσθαι,
2995 2309 3139 2364 ὥστε
3173 2311 3267 2364 καὶ
3293 2310 3459 2373 αὐτὸς
3481 2311 3656 2381 φαίνε-

2080 2401 2169 2453 ταί
2197 2418 2296 2455 που
2317 2404 2428 2455 τῶν
2462 2401 2638 2470 λόγων
2672 2405 2918 2474 ῥήμασιν
2944 2405 3171 2458 ἐκείνων
3193 2405 3622 2475 προσχρώμενος
3641 2420 3653 2434 ·

2081 2491 2180 2545 ἆτε
2215 2491 2278 2565 δὴ
2318 2494 2412 2546 καὶ
2462 2493 2636 2563 αὐτὴν
2677 2495 2978 2566 μετελθών.
3021 2497 3131 2550 Καὶ
3179 2495 3334 2548 ἐοικὲ
3367 2512 3433 2565 γε
3494 2495 3653 2548 πολλὰ

2081 2585 2190 2637 τῶν
2216 2586 2530 2656 εἰρημένων
2563 2589 2675 2651 τοῖς
2701 2586 2965 2658 Ἕλλησιν
3017 2589 3282 2659 ἐγνωκώς
3306 2605 3321 2620 ·
3360 2590 3410 2642 εί
3458 2589 3532 2659 μὴ
3561 2590 3654 2659 γὰρ

2082 2677 2211 2739 τοὺς
2269 2677 2618 2747 Ἐπιμενίδου
2669 2679 2766 2734 τοῦ
2821 2681 3038 2752 Κρητὸς
3091 2664 3311 2752 ἀνέγνω
3365 2683 3650 2754 χρησμοὺς,

2085 2770 2281 2842 ἀνδρὸς
2311 2770 2684 2842 ὀργιάζοντος,
2722 2773 2840 2838 πῶς
2863 2775 2929 2829 ἂν
2963 2775 3046 2842 τὸ,

2089 2991 2316 3062 Κρῆτες
2367 2993 2460 3047 ἀεὶ
2523 2993 2814 3063 ψεῦσται,
2851 2995 3225 3064 προσήνεγκε,
3280 2994 3438 3051 κακὰ
3478 2995 3652 3064 θηρία,

2999 2995 3225 3141 Tum,
3280 2995 3438 3051 κακὰ
3478 2999 3591 3064 θηρι

3051 3069 3345 3137 γαστέρες
3377 3069 3549 3138 ἀρτιιι
3574 3083 3591 3131 ;

2090 3153 2265 3206 Πόθεν
2296 3154 2352 3208 δὲ
2383 3156 2544 3208 πάλιν
2573 3156 2724 3228 αὐτῷ
2752 3157 2986 3228 ἐπῆλθεν
3023 3159 3203 3213 εἰπεῖν
3236 3159 3326 3224 τὸ,

2167 3268 2278 3322 Τοῦ
2313 3267 2423 3339 γὰρ
2463 3268 2564 3323 καί
2596 3271 2773 3340 γένος
2797 3271 3008 3343 ἐσμὲν,

408 3397 452 3449 si
489 3393 636 3448 Arati
691 3391 993 3446 astronomi
1030 3389 1360 3455 Φαινόμενα,
1413 3387 1514 3440 hoc
1546 3395 1654 3450 est,
1690 3385 1758 3440 de
1814 3387 1986 3443 stellis

2093 3388 2138 3440 si
2167 3388 2242 3457 μὴ
2271 3390 2384 3450 τοῖς
2401 3389 2754 3460 Φαινομένοις
2778 3389 2872 3442 τοῦ
2897 3389 3236 3462 ἀστρονόμου
3259 3391 3486 3461 Ἀράτου
3503 3403 3651 3461 προσ-

405 3485 800 3558 apparcntibus
833 3483 1059 3546 librum,
1087 3496 1195 3536 non
1228 3478 1536 3549 attigisset?
1571 3478 1678 3534 Sed
1704 3490 1760 3534 et
1789 3479 1950 3545 illud,

477 3601 680 3657 Studiis
710 3599 850 3653 obest
873 3601 1138 3654 convictus
1189 3597 1454 3667 improbus
1485 3596 1664 3662 bouis,

406 3739 540 3791 satis
569 3735 797 3799 indicat,
840 3748 964 3786 eum
1028 3733 1083 3786 in
1146 3729 1430 3801 Euripidis
1495 3729 1694 3785 fabulis
1749 3728 1990 3784 libenter

405 3839 686 3887 versatum
711 3828 904 3881 fuisse.
931 3826 988 3880 ld
1018 3825 1162 3896 quod
1182 3824 1367 3879 itidem
1400 3832 1526 3878 ante
1546 3823 1697 3878 illum
1729 3821 1989 3877 Solomon

407 3925 462 3978 in
487 3922 736 3978 eanulcm
763 3921 1090 3975 sententiam
1111 3919 1220 3990 59
1239 3918 1398 3972 dixit.
1442 3915 1646 3972 Verum
1671 3915 1803 3986 quid
1852 3929 1995 3985 Opus

408 4025 494 4072 est
525 4017 777 4087 pluribus
803 4016 942 4080 hanc
973 4030 1087 4068 rem
1124 4012 1556 4084 persequi?Jam
1588 4013 1716 4067 inde
1747 4011 1893 4066 enim
1925 4009 1995 4064 ab

411 4108 598 4172 initio,
639 4107 806 4163 veluti
839 4106 1246 4162 consuetudine
1277 4117 1334 4160 et
1363 4105 1549 4160 studio
1582 4119 1650 4160 eo
1680 4092 1788 4157 non
1822 4103 1998 4157 inter-

313 4245 323 4256 .
411 4200 708 4266 dictu,\'iri
763 4199 937 4254 saneti
991 4199 1175 4254 favore
1220 4208 1276 4254 et
1311 4199 1484 4268 gratia
1537 4197 1782 4268 Spiritus
1840 4200 2000 4255 locus

410 4294 606 4364 pictos,
623 4302 677 4346 et
701 4290 957 4345 Ecclesize
976 4300 1179 4344 nostra:
1193 4289 1450 4344 doctores
1473 4290 1740 4360 insignes,
1759 4306 1788 4345 a
1808 4301 1997 4346 tenera

413 4385 530 4453 ipsa
555 4393 712 4438 aetate
731 4384 796 4438 ad
831 4393 1177 4438 senectutem
1201 4399 1374 4453 usque
1423 4383 1618 4438 sedulo
1675 4383 1994 4441 Graecorum

409 4477 585 4532 libros
606 4477 898 4546 legerunt:
943 4477 1141 4546 partim
1189 4473 1256 4529 ad
1289 4475 1531 4544 linguam
1569 4491 1997 4548 sermonemque

410 4567 831 4637 expoliendum,
890 4577 946 4621 et
982 4576 1222 4620 mentem
1258 4567 1660 4622 exercendam:
1695 4570 1896 4638 partim
1937 4578 1999 4624 ut

413 4676 478 4714 ex
517 4660 682 4714 rebus
723 4658 1098 4714 deterioribus
1126 4657 1179 4711 id
1214 4659 1363 4727 quod
1415 4659 1560 4714 inest
1610 4660 1740 4714 boni
1777 4661 1998 4732 collige-

2102 3481 2332 3546 ἑὸαλενς
2379 3481 2542 3536 Ἀλλά
2577 3483 2684 3554 μὴν
2707 3485 2804 3537 καὶ
2833 3484 2916 3552 τὸ,

2169 3595 2532 3664 Φθείρουσιν
2567 3596 2682 3666 ἢθη
2710 3597 2950 3666 χρηστὰ
2979 3598 3207 3666 ὁμιλίαι
3234 3600 3436 3666 κακαί,

2093 3729 2341 3785 δείκνυσι
2372 3729 2564 3785 τοῦτον
2599 3733 2693 3785 καὶ
2719 3736 2833 3796 τοῖς
2862 3734 3162 3805 Εὐριπίδου
3203 3735 3479 3807 δράμασιν
3505 3735 3654 3804 ἐμφι-

2099 3825 2512 3895 λοχωρήσαντα.
2551 3825 2725 3880 Τοῦτο
2753 3826 2798 3880 δ’
2832 3827 2964 3891 ἴσως
2996 3830 3092 3882 καὶ
3133 3829 3244 3898 πρὸ
3277 3830 3486 3882 ἐκείνου
3517 3827 3654 3880 Σολο-

2101 3915 2218 3986 μὼν
2246 3915 2459 3986 εἴρηκε.
2495 3917 2605 3972 Καὶ
2633 3919 2686 3971 τί
2730 3919 2813 3972 δεῖ
2851 3920 3026 3974 πλείω
3059 3922 3192 3992 περὶ
3227 3921 3440 3974 τούτων
3468 3920 3655 3988 διέρχε-

2100 4010 2259 4075 σθαι;
2291 4010 2562 4064 ἀνέκαθεν
2595 4013 2702 4081 γὰρ
2726 4012 2800 4076 ὡς
2839 4014 2914 4083 μὴ
2945 4015 3341 4085 κεκωλυμένης
3366 4010 3652 4082 συνηθείας.

2101 4109 2196 4158 καὶ
2227 4105 2279 4158 oi
2306 4103 2400 4158 τοῦ
2437 4105 2757 4174 Πνεύματος
2791 4106 2888 4176 τὴν
2923 4107 3084 4178 χάριν
3113 4109 3519 4178 πλουτήσαντες
3542 4103 3656 4157 Θείοι

2099 4197 2316 4267 ἄνδρες,
2381 4201 2477 4254 καὶ
2530 4199 2628 4268 τῆς
2677 4198 2803 4252 καθ’
2846 4201 2996 4270 ἡμᾶς
3063 4201 3394 4273 Ἐκκλησίας
3441 4199 3654 4270 γενναῖοι

2097 4291 2432 4357 διδάσκαλοι,
2468 4292 2535 4344 ἐκ
2589 4293 2732 4345 πάνυ
2763 4295 2887 4352 νέας
2915 4294 3015 4362 τῆς
3045 4293 3266 4364 ἡλικίας
3314 4295 3443 4364 ἄχρι
3489 4291 3656 4360 γήρως

2097 4387 2168 4438 τὰ
2213 4385 2483 4454 Ἐλλήνων
2518 4383 2850 4454 ἀσκούμενοι
2879 4387 3188 4455 διεγένοντο
3207 4402 3224 4419 ο
3261 4389 3421 4442 τοῦτο
3444 4385 3555 4456 μὲν,
3575 4382 3655 4436 καὶ

2099 4479 2439 4550 εὐγλωττίας
2470 4480 2632 4552 χάριν
2664 4481 2762 4534 καὶ
2789 4481 3103 4552 γυμνασίας
3132 4482 3230 4536 τοῦ
3259 4482 3378 4544 νοῦ,
3413 4481 3562 4534 τοῦτο
3587 4475 3652 4538 δὲ,

2104 4573 2202 4627 καὶ
2230 4571 2297 4626 ἶν’
2332 4575 2396 4626 ἐκ
2426 4573 2520 4626 τοῦ
2554 4574 2800 4644 χείρονος
2835 4575 2894 4627 τὸ
2940 4564 3201 4644 ’κρεῖττον
3247 4572 3654 4642 κατα).αμ6ά.ο›·

2103 4679 2209 4730 σιν,
2251 4663 2312 4716 οὗ
2347 4663 2578 4733 μετρίαν
2633 4663 2940 4732 ἐπάγοντες
2993 4665 3178 4728 αὐτοῖς
3210 4666 3311 4737 τὴν
3340 4665 3655 4730 κατάγνωσιν

416 4763 564 4807 rent.
593 4750 708 4818 Qua
767 4766 824 4806 re
855 4751 987 4804 illud
1027 4751 1194 4809 etiam
1227 4761 1358 4806 sunt
1404 4752 1678 4816 assecuti,
1744 4761 1806 4807 ut
1847 4763 1988 4809 recte

2101 4753 2184 4818 οἷς
2212 4754 2308 4808 τοῦ
2349 4755 2564 4818 δέοντος
2585 4756 3012 4826 ἀπεσφάλησαν.
3047 4758 3301 4812 Δείκνυσι
3330 4757 3480 4810 τοῦτο
3510 4747 3652 4804 Basi-

413 4844 636 4900 Gra-cos
671 4845 724 4897 in
755 4859 823 4897 eo
853 4843 1000 4914 quod
1055 4859 1084 4896 a
1117 4843 1322 4898 decoro
1381 4844 1732 4910 exciderunt,
1787 4853 1843 4899 et
1901 4861 2000 4916 per

416 4953 662 4991 errori-nt
698 4937 834 5004 lapsi
866 4947 1016 5002 sunt,
1050 4936 1310 4991 damnare
1345 4945 1588 5008 possent.
1635 4936 1844 4992 indicat
1896 4937 2001 4991 hoc

416 5027 656 5082 Basilius
685 5043 939 5098 magnus,
977 5037 1032 5081 et
1054 5025 1317 5092 Joannes,
1351 5030 1443 5098 qui
1476 5037 1702 5097 propter
1733 5027 2000 5096 eloquen-

419 5121 507 5175 tia:
561 5120 890 5174 suavitatem
951 5117 1332 5190 Chrysostomi
1397 5133 1599 5171 nomen
1642 5115 1886 5184 accepit:
1943 5123 2002 5170 et

417 5227 649 5282 magnus
682 5211 874 5265 itidem
921 5211 977 5264 itt
1019 5210 1293 5280 theologia
1348 5210 1672 5278 Gregorius.
1701 5207 1796 5276 qui
1855 5206 2002 5262 hunc

417 5307 579 5359 etiam
609 5307 789 5360 locum
824 5305 890 5358 de
913 5305 1120 5360 Grarcis
1143 5302 1456 5372 disciplinis
1491 5304 1543 5354 in
1601 5301 1854 5354 oratione
1912 5297 2000 5351 [n-

419 5395 678 5448 nebride
719 5411 920 5464 magno
964 5393 1168 5450 Basilio
1198 5401 1418 5446 tractat.
1459 5389 1699 5460 Aiquum
1733 5404 1864 5443 sane
1915 5393 2002 5442 est

424 5485 625 5552 visum,
662 5502 788 5541 cum
815 5487 998 5541 locum
1049 5486 1374 5557 tempestive
1406 5484 1535 5538 huic
1587 5484 1794 5552 operi,
1826 5481 1891 5536 ad
1940 5495 2003 5535 ea

490 5673 567 5738 (l)
608 5671 679 5744 Es
715 5673 954 5728 ethnicis
983 5674 1206 5744 scriptis
1247 5673 1451 5743 optima
1479 5685 1712 5744 quaeque
1747 5683 1774 5721 a
1805 5666 2002 5744 piisad

418 5742 905 5818 Christianismum
965 5738 1365 5818 trait-sferen-da
1445 5738 1816 5818 essm—docet
1890 5738 2007 5818 Au-

420 5824 564 5883 gust.
605 5831 678 5878 Ix,
731 5815 806 5868 De
849 5812 1090 5883 doctrina
1145 5814 1470 5874 Christiana.
1509 5813 1606 5865 lih.
1659 5827 1717 5873 II,
1745 5823 1882 5875 'cap.
1916 5812 2006 5867 4".

423 5879 557 5940 illud
590 5894 832 5943 tractans
869 5902 882 5941 :
933 5879 1206 5940 Petierunt
1256 5889 1318 5941 ab
1355 5883 1620 5955 Egyptit's
1658 5897 1783 5936 vasa
1819 5895 2011 5950 argen-

2101 4850 2244 4910 λειος
2267 4847 2294 4899 ὁ
2331 4849 2534 4918 μέγας,
2566 4849 2663 4901 καὶ
2695 4849 2723 4901 ὀ
2748 4848 2847 4918 τὴν
2873 4849 3124 4918 γλῶτταν
3155 4849 3388 4920 χρυσοῦς
3407 4845 3654 4910 Ἰωάννης.

2102 4943 2200 4996 καλ
2229 4945 2257 4994 ὁ
2285 4943 2452 5003 πολὺς
2481 4943 2539 4993 ἐν
2590 4941 2842 5014 Θεολογίᾳ
2892 4943 3199 5014 Γρηγόριος
3225 4961 3238 4976 ο
3273 4943 3332 5006 ὃς
3380 4941 3470 4994 καὶ
3499 4935 3652 4988 ταῦτα

2103 5033 2207 5104 τῆς
2239 5033 2562 5103 Ἑλληνικῆς
2607 5033 2769 5104 χάριν
2803 5035 3058 5097 παιδείας
3101 5036 3158 5088 ἐν
3187 5035 3264 5105 τῷ
3297 5036 3374 5096 είς
3403 5028 3655 5084 Βασίλειον

2105 5126 2385 5195 ἐπιταφίῳ
2413 5126 2507 5177 σιὸν
2563 5125 2744 5194 μέγαν
2774 5123 3006 5188 διέξεισι
3032 5141 3046 5154 ·
3084 5125 3254 5179 καλὸν
3293 5125 3398 5194 γὰρ
3433 5117 3522 5170 καὶ
3547 5110 3653 5166 τούο

2105 5232 2212 5268 των
2251 5218 2330 5276 εἰς
2362 5213 2624 5267 σύστασιν
2659 5215 3154 5284 ἀπομνημονεῦσαι
3202 5217 3294 5269 ἐπὶ
3355 5205 3538 5280 καιροῦ
3589 5199 3654 5268 τῷ

2109 5306 2340 5377 παρόντι
2377 5307 2738 5376 συντάγματι.
2778 5307 3039 5362 Φαίνεται
3090 5307 3202 5380 γὰρ
3251 5309 3350 5362 οὐκ
3381 5302 3531 5363 αὐτὸς
3568 5311 3652 5367 με·

2108 5400 2317 5453 τελθὼν
2346 5401 2586 5471 ἀρίστως
2639 5401 2824 5470 μόνον,
2858 5401 2994 5455 ἀλλὰ
3028 5403 3123 5456 καὶ
3167 5406 3294 5465 τοὺς
3327 5401 3509 5457 ἄλλους
3541 5391 3654 5460 προ·

2107 5489 2332 5562 τρέπειν
2355 5492 2434 5555 είς
2459 5493 2696 5563 ἄσκησιν
2716 5505 2734 5526 ⁸
2765 5491 2863 5547 καὶ
2897 5496 2978 5559 εἰς
3013 5493 3172 5566 ὖσριν
3199 5495 3367 5558 τιθεὶς
3413 5489 3528 5549 τοὺς
3570 5488 3652 5550 ἀμ·

2115 5678 2199 5720 tea
2248 5677 2297 5722 et
2345 5687 2532 5725 aurea.
2564 5671 2618 5727 Id
2656 5673 2846 5730 sedulo
2881 5673 2936 5730 in
2986 5675 3146 5732 libris
3200 5677 3511 5731 Stromalum
3540 5658 3653 5719 fecit

2114 5737 2371 5795 Clemens
2402 5742 2832 5800 Alexandrinus.

2197 5810 2274 5882 (9)
2299 5812 2684 5883 Ὀργιάζοντος
2715 5815 2909 5889 ἀνδρὸς
2943 5818 3192 5892 τελετήν,
3222 5818 3431 5876 Sozam.
