3814 6588
429 288 536 352 δΒῖ)

1656 277 2081 374 menmium
2125 316 2465 381 CALLISTI

3551 329 3640 399 540

424 424 440 476 ι
465 422 607 466 osse.
635 422 802 475 qttam
831 407 1014 464 verbis
1039 409 1268 468 disertis
1303 423 1553 471 veterum
1601 421 1994 489 prophetarum

2107 428 2293 485 όντων.
2329 433 2392 484 Oi
2427 433 2525 502 μὲν
2561 431 2655 486 οῦν
2692 431 2834 487 οὕτω
2881 434 3082 504 σπουδῇ
3116 432 3210 488 τοῦ
3248 433 3405 506 ἔργου
3435 438 3639 508 εἴχοντο·

424 498 642 552 oracula
669 499 940 568 denegeut
967 510 1022 556 et
1047 503 1313 561 abnuant.
1336 508 1607 565 Gzcterum
1643 518 1794 576 'cum,
1845 525 1998 572 tanto

425 587 610 644 studio
640 591 705 643 ad
738 591 793 644 id
845 607 985 664 opus
1042 595 1348 662 ferrentur,
1398 602 1717 674 quicunque
1766 607 1821 660 in
1877 620 1997 664 arte

406 680 785 738 aedificiorum
817 686 1231 744 condeudorum
1258 677 1501 748 celebres
1534 706 1720 750 essent
1766 713 2000 770 congre-

423 772 581 841 gatis,
602 776 882 832 materiam
902 776 968 832 ad
986 788 1314 836 structuram
1332 799 1548 840 omnem
1575 779 1994 860 compararunt,

425 866 715 937 lacumque
745 868 922 936 ipsum
962 871 1247 939 splendide
1290 888 1698 947 repurgarunt:
1741 893 1799 938 et
1847 900 1998 939 sum-

426 965 530 1025 ptis
555 973 622 1013 ex
685 960 906 1030 publico
961 963 1248 1032 impensis,
1308 977 1599 1038 argenteos
1655 973 1824 1028 etiam
1875 976 1993 1032 fieri

423 1050 938 1122 ruraruntligones.
974 1053 1147 1108 Tanto
1175 1072 1306 1111 vero
1349 1057 1402 1112 in
1438 1075 1601 1129 Opere
1638 1063 1729 1120 tali
1798 1067 1996 1122 ardore

425 1139 598 1207 fuere,
627 1151 683 1197 et
709 1144 988 1202 alacritate
1015 1157 1160 1202 tanta
1181 1148 1558 1217 elaborarunt,
1589 1166 1647 1210 ut
1692 1156 1823 1227 ipsa:
1874 1176 1996 1215 mu-

426 1232 585 1286 lieres
621 1233 675 1286 iu
707 1235 830 1289 sinu
858 1237 1214 1311 vestibu3que
1240 1243 1354 1298 suis
1395 1257 1752 1317 purgamenta
1792 1267 1996 1320 expor-

423 1326 591 1379 tarint
629 1337 723 1381 :et
753 1344 1095 1400 qumcuuque
1128 1333 1210 1390 eis
1242 1348 1429 1392 essent
1464 1341 1713 1407 monilia,
1746 1357 1802 1398 et
1836 1361 1998 1401 mun-

423 1417 551 1470 dum
583 1421 906 1477 muliebrem
933 1439 1152 1480 omnem
1222 1443 1330 1484 non
1362 1442 1584 1502 gravate
1644 1434 1699 1489 in
1751 1444 1995 1493 structu-

424 1525 534 1562 ram
568 1527 688 1565 eam
716 1511 1106 1582 impenderim.
1137 1519 1204 1573 Et
1236 1523 1487 1590 quamvis
1515 1524 1688 1582 ϐιαιοί
1720 1529 1896 1585 aliena
1927 1532 1995 1588 ab

423 1601 526 1656 iliis
563 1614 743 1658 essent
773 1607 1075 1677 voluntate,
1114 1622 1295 1668 tamen
1331 1624 1387 1671 et
1421 1617 1520 1688 ipsi
1553 1636 1654 1677 eos
1705 1622 1760 1676 in
1808 1625 1996 1682 studio

419 1706 473 1746 et
508 1695 694 1750 labore
722 1700 1166 1772 eoadjuvarunt,
1200 1721 1459 1764 conatum
1493 1712 1655 1768 talem
1683 1715 1754 1770 ad
1788 1718 1993 1773 exitum

419 1802 578 1840 suum
613 1791 936 1858 perductum
985 1797 1052 1852 iri
1117 1801 1414 1857 arbitrati:
1463 1821 1576 1876 quo
1627 1806 1731 1878 ipsi
1775 1827 1994 1882 quqque

422 1878 585 1935 falsas
619 1898 737 1939 esse
771 1885 974 1945 Christi
1015 1893 1428 1962 praedictiones,
1492 1878 1828 1973 oraculaque
1874 1878 1998 1975 eius

423 1967 766 2030 intercidisse
812 1978 1110 2047 jactarent.
1162 1987 1340 2058 Atque
1405 1990 1496 2045 ubi
1548 1992 1662 2063 jam
1731 1967 1996 2068 reliquias

422 2072 713 2119 structurae
747 2072 947 2126 veteris
972 2089 1035 2127 ex
1067 2074 1188 2132 imis
1224 2079 1602 2138 fundamentis
1657 2086 1994 2155 effoderunt,

415 2163 476 2206 et
508 2155 684 2212 solum
708 2160 780 2215 ita
813 2177 1202 2236 repurgarunt,
1231 2182 1291 2224 ut
1330 2174 1557 2245 nelapis
1581 2178 1807 2247 quidem
1831 2197 1998 2252 super

422 2245 680 2315 lapidem,
707 2251 858 2321 juxta
887 2272 1210 2329 responsum
1263 2263 1419 2330 illud,
1490 2245 1844 2337 permaneret
1876 2245 1917 2326 ε’
1941 2283 1998 2330 et

422 2342 687 2408 postridie
721 2356 779 2399 ut
822 2349 1061 2418 primum
1114 2356 1372 2425 jacerent
1429 2358 1870 2431 fundamentum,
1927 2369 1995 2423 ad

424 2431 601 2487 locum
621 2451 746 2491 eum
776 2453 1066 2511 venerunt,
1099 2455 1257 2504 terra:
1277 2463 1483 2507 motum
1505 2455 1778 2526 ingentem
1811 2471 1994 2517 ortum

414 2535 540 2576 ese
582 2524 774 2582 dicunt
805 2546 818 2582 :
858 2541 914 2585 et
944 2536 1091 2604 quod
1125 2539 1439 2598 vehementi
1482 2524 1600 2616 ejus
1632 2554 1998 2609 concussione

352 2656 359 2658 .
421 2631 488 2668 ex
526 2617 658 2688 ipsis
687 2623 1061 2683 fundamentis
1093 2631 1302 2701 lapides
1333 2636 1672 2705 ejicerentnr
1717 2661 1824 2697 non
1857 2661 1993 2714 pau-

426 2724 521 2762 cos
546 2727 610 2764 ex
663 2713 865 2771 Jnda-is
915 2733 1175 2778 enecatos
1224 2742 1366 2793 esse,
1421 2731 1515 2798 qui
1572 2735 1652 2787 vel
1693 2737 1760 2790 ad
1813 2713 1996 2808 operis

426 2805 797 2869 {spectaculum
831 2823 1114 2879 venerant,
1148 2817 1230 2870 Vel
1262 2827 1598 2878 structuram
1634 2826 1805 2896 ipsam
1840 2805 2000 2886 cura-

422 2892 574 2948 bant.
630 2897 855 2955 Publica
903 2905 1048 2960 euim
1106 2908 1338 2966 :editicia
1395 2914 1498 2982 ipsi
1553 2892 1759 2988 tein-plu
1819 2924 1996 2980 vicina

421 2988 622 3055 soluta,
654 3005 817 3064 atque
839 3014 963 3052 cum
999 3001 1205 3072 impetu
1241 3006 1505 3077 collapsa,
1539 3011 1621 3066 eis
1666 3029 1806 3081 quos
1847 3016 1998 3072 intus

2105 525 2353 586 καὶτοὺς
2386 526 2478 581 ἐπὶ
2510 525 2677 598 τέχνῃ
2721 527 3014 597 λαμπροὺς
3063 526 3258 597 ἀθρόον
3304 528 3642 597 ἀθροίσαντες,

2101 616 2201 679 τὰς
2235 619 2374 689 πρὸς
2424 619 2584 674 τοῦτο
2613 620 2740 681 ῦλας
2769 619 3274 690 παρεσκευάζοντο·
3303 619 3392 673 τόν
3413 637 3468 674 τε
3493 624 3643 694 χῶρον

2102 711 2420 780 περιφανῶς
2451 712 2829 780 ἐξεκάθαιρον,
2853 711 3133 781 ἀργυρέας
3162 711 3442 777 σκαπάνας
3473 714 3638 785 ηύτρευ

2102 801 2380 869 πισμένοι,
2417 804 2482 856 ἐκ
2513 802 2792 872 δημοσίων
2825 803 2921 872 τῆς
2955 803 3202 874 δαπάνης
3239 802 3422 867 αὐτοῖς
3453 804 3644 876 ἀνειμέ-

2101 908 2222 964 νης.
2261 893 2515 964 Τοσαύτη
2558 894 2606 947 δ’
2635 891 2706 966 ἦν
2737 894 2923 958 αὐτοῖς
2955 896 2988 965 ἡ
3019 897 3226 965 σπουδὴ
3260 896 3355 948 καὶ
3385 895 3637 967 προθυμία

2100 987 2232 1057 περὶ
2270 987 2331 1040 τὸ
2376 987 2537 1055 ἔργον
2575 987 2751 1050 οὕτως
2805 988 3055 1053 ἐπόνουν,
3088 987 3163 1050 ὡς
3207 989 3304 1042 καὶ
3353 987 3452 1050 τὰς
3495 990 3646 1043 αὐτῶν

2099 1081 2366 1144 γυναῖκας
2397 1082 2512 1144 τοῖς
2559 1080 2843 1150 σφετέροις
2869 1079 3092 1143 κόλποις
3115 1097 3175 1133 τε
3220 1080 3318 1133 καὶ
3347 1081 3645 1149 κρασπέδοις

2097 1168 2189 1221 τὸν
2219 1168 2350 1238 χοῦν
2375 1171 2662 1239 ἐκφορεῖψ
2691 1169 2791 1222 ὅσα
2816 1186 2876 1222 τε
2907 1164 2976 1240 ἦν
3001 1170 3187 1232 αὐτοῖς
3216 1170 3421 1238 κόσμος
3450 1171 3538 1221 καὶ
3568 1185 3646 1223 πε-

2099 1260 2374 1330 ριδέραια,
2409 1260 2642 1330 ἐτοίμως
2671 1259 2818 1331 ἔχειν
2846 1259 3222 1331 συνεισφέρειν
3251 1264 3316 1329 τῇ
3344 1259 3551 1332 δαπάνῃ
3573 1261 3648 1314 τοῦ

2097 1353 2286 1428 ἔργον.
2321 1352 2586 1422 Ἕλληνες
2629 1353 2687 1406 δέ
2733 1355 2941 1424 καίπερ
2988 1353 3063 1424 μὴ
3103 1348 3248 1406 εῦνοι
3290 1351 3444 1414 δντες
3475 1353 3650 1417 αὐτοῖς,

2097 1445 2249 1514 ὅμως
2279 1444 2600 1498 ἐκοινώνουν
2633 1445 2823 1507 αὐτοῖς
2851 1444 2953 1515 τῆς
2984 1445 3244 1515 σπουδῆς,
3284 1447 3653 1514 οξόμενοιπρδς

2095 1537 2251 1595 τέλος
2295 1538 2525 1606 ἀγαγεῖν
2550 1537 2610 1589 τὸ
2634 1538 2940 1608 ἐγχείρημα
2958 1553 2972 1570 ⁸
3007 1535 3082 1600 ὡς
3111 1537 3178 1591 ἂν
3215 1537 3310 1590 καὶ
3340 1536 3514 1599 aurei,
3543 1537 3651 1604 ψευ-

2096 1629 2208 1692 δεῖς
2245 1633 2345 1692 τας
2380 1630 2510 1701 περὶ
2537 1629 2632 1683 τοῦ
2659 1629 2898 1701 Χριστοῦ
2932 1630 3279 1701 προρρήσεις
3309 1629 3654 1696 emanant

2097 1723 2378 1776 διαπεσεῖν
2413 1723 2539 1788 τοὺς
2583 1722 2889 1794 χρησμούς.
2921 1723 3080 1777 Ἐπεὶ
3126 1722 3184 1774 δὲ
3219 1721 3314 1774 καὶ
3360 1722 3431 1774 τὰ
3458 1721 3655 1791 λείψανα

2098 1811 2201 1879 τῆς
2255 1812 2314 1864 ἐν
2355 1810 2510 1882 βάθει
2556 1810 2868 1881 οἰκοδομίας
2905 1809 3243 1880 ἀνέσκαψαν,
3285 1809 3387 1864 καὶ
3418 1808 3653 1877 τοῦδαφος

2097 1905 2466 1974 ἐξεκάθηραν,
2498 1905 2648 1967 ὅπως
2701 1903 2778 1975 μὴ
2825 1903 2970 1968 λίθος
3004 1903 3100 1956 ἐπὶ
3145 1903 3280 1974 λίθῳ
3331 1902 3511 1973 μείνῃ,
3540 1906 3656 1958 κατὰ

2096 1995 2196 2066 τὴν
2219 1996 2552 2068 πρόρρησιν,
2576 1998 2642 2065 τῇ
2677 1994 2909 2065 ἐπιούσῃ
2934 1993 3198 2046 ἐλθόντων
3225 1992 3301 2056 ὡς
3329 1991 3399 2046 ἂν
3425 1993 3510 2044 τὸν
3533 1993 3656 2060 πρῶ-

2096 2106 2189 2144 τον
2234 2088 2484 2158 θεμέλιον
2535 2087 2877 2156 ύποθήσωσι,
2911 2085 3138 2156 σεισμόν
3171 2102 3306 2154 φασι
3351 2084 3521 2155 μέγαν
3554 2086 3654 2138 tm-

2098 2180 2356 2252 γενέσθαι
2379 2193 2393 2208 °
2427 2177 2507 2250 τῷ
2535 2179 2593 2232 δὲ
2630 2179 2812 2250 πολλῷ
2842 2178 2944 2247 τῆς
2992 2179 3094 2247 γῆς
3127 2177 3302 2247 κλόνῳ
3341 2175 3404 2240 ἐξ
3441 2176 3654 2244 ἐσχάτων

2098 2272 2382 2344 κρηπίδων
2425 2271 2751 2341 ἀναδοθῆναι
2785 2270 2912 2332 τοὺς
2953 2268 3165 2329 λίθους’
3214 2267 3318 2320 οὐκ
3367 2264 3569 2334 ὀλίγους
3609 2265 3653 2318 δὲ

2099 2365 2194 2420 καὶ
2247 2365 2357 2418 τῶν
2392 2363 2666 2418 Ἰουδαίων
2720 2361 3111 2433 διαφθαρῆναι,
3163 2359 3220 2412 οἴ
3261 2375 3324 2412 τε
3384 2356 3521 2412 κατά
3551 2357 3652 2409 θέαν

2100 2460 2353 2530 παρῆσαν
2380 2457 2475 2511 τοῦ
2508 2457 2693 2528 ἔργου,
2726 2459 2820 2510 καὶ
2842 2455 2891 2509 οἶ
2917 2455 2983 2508 τὰ
3009 2455 3109 2524 τῆς
3139 2452 3440 2522 οἰκοδομῆς
3462 2450 3654 2520 ἐπετρό-

2100 2572 2282 2608 πευον.
2319 2554 2384 2607 Ai
2422 2553 2519 2622 μὲν
2551 2554 2660 2622 γάρ
2689 2567 2770 2603 τοι
2805 2547 2949 2619 ίεροῦ
2979 2547 3215 2618 ἄγχιστα
3243 2545 3507 2616 δημόσιαι
3529 2545 3650 2596 οἰκο-

2099 2648 2284 2718 δομαὶ,
2328 2641 2416 2710 αἷς
2444 2647 2576 2716 δῆτα
2624 2643 2884 2699 κατέλυον
2929 2641 3128 2712 ἁθρόον
3179 2640 3547 2712 διαρρυεῖσαι,
3579 2636 3652 2700 οὖς

2102 2742 2202 2812 μὲν
2227 2740 2377 2793 ἔνδον
2395 2738 2694 2792 κατέλαϐον
2713 2735 3122 2806 διαφθείρασαι,
3153 2731 3497 2802 πολυάνδρια
3515 2726 3652 2800 ἦσαν,

2099 2838 2211 2890 ὅσοι
2235 2835 2279 2887 δ’
2308 2834 2599 2903 ἐκδραμεῖν
2623 2833 2873 2901 ἴσχυσαν,
2892 2829 3193 2900 ἡμιθνῆτες
3223 2820 3654 2894 ἐγένοντο.’ίὶσαν

2099 2931 2145 2986 δ’
2171 2930 2220 2983 οἳ
2253 2926 2624 2999 πεπηρωμὲνα
2654 2925 2722 2978 τὰ
2753 2923 2920 2988 σκέλη
2953 2921 3050 2976 καὶ
3073 2920 3170 2984 τὰς
3207 2921 3402 2989 χεῖρας
3430 2919 3520 2972 καὶ
3547 2919 3653 2972 ἄλλα

2099 3021 2234 3090 δῆτα
2255 3017 2365 3073 τῶν
2397 3015 2575 3087 μελῶν
2608 3013 2680 3077 ὡς
2712 3013 2900 3082 ἔτυχεν
2931 3012 3185 3072 ἕκαστος,
3216 3006 3585 3076 ἐδυστύχησαν
3603 3008 3652 3074 τῇ

423 3097 770 3152 Oppressere,
825 3095 1208 3162 sepulcrorum
1249 3099 1370 3155 loco
1429 3103 1606 3161 fuere.
1653 3106 1759 3174 Qui
1813 3120 1995 3166 autem

2107 3112 2275 3182 ἀθρόᾳ
2319 3108 2414 3164 τοῦ
2453 3107 2862 3178 συμπτώματος
2893 3101 3194 3173 προσϐολῇ.
3251 3099 3414 3152 Ἐπεὶ
3443 3099 3497 3153 δὲ
3529 3098 3653 3168 μόλις

422 3176 666 3249 effugere
703 3184 1022 3256 voluerunt,
1051 3193 1360 3250 semineces
1393 3198 1644 3269 jacuere.
1693 3200 1872 3257 Fuere
1900 3203 1997 3273 qui

422 3286 585 3326 crura
607 3285 662 3329 et
685 3291 880 3335 manus
912 3291 969 3336 et
1001 3287 1244 3341 membra
1268 3289 1394 3354 alia,
1441 3307 1540 3360 pro
1565 3308 1632 3348 eo
1657 3304 1822 3364 atque
1883 3297 1999 3352 cla-

423 3363 521 3418 des
542 3364 682 3421 forte
701 3385 978 3442 quemque
998 3378 1445 3446 comprehendit,
1501 3363 1794 3452 repentino
1837 3401 2001 3443 casus

424 3455 631 3525 impetu
658 3464 906 3519 mutilata
937 3472 1264 3525 retulerunt.
1295 3472 1480 3528 Terra:
1510 3486 1690 3530 motus
1732 3477 1820 3531 vix
1863 3493 1996 3533 con-

424 3551 731 3622 quieverat,
766 3561 928 3630 etqui
956 3563 1152 3633 reliqui
1183 3576 1360 3634 erant,
1392 3584 1533 3638 opus
1553 3585 1774 3626 rursum
1799 3585 1993 3642 aggre-

423 3641 677 3713 diuntur,
721 3659 780 3703 ut
811 3651 976 3708 simul
1029 3664 1084 3709 et
1127 3659 1272 3725 quod
1324 3673 1661 3731 magnopere
1696 3641 1998 3733 cupiebant

425 3739 778 3809 perficerent,
807 3755 862 3801 et
887 3744 1261 3806 inevitabilem
1291 3753 1746 3825 indignationem,
1787 3773 1908 3828 quae
1930 3774 1998 3814 ex

427 3835 752 3890 necessitate
783 3835 1084 3908 imperialis
1137 3845 1554 3903 constitutionis
1585 3850 1685 3913 fcis
1739 3850 2000 3906 immine-

429 3925 544 3989 hat,
581 3927 912 4000 ell‘ugereut.
971 3934 1155 3992 Facile
1209 3955 1446 4011 namque
1483 3952 1680 3998 natura
1727 3943 1999 4010 homines,

424 4019 627 4085 quibus
650 4021 998 4082 delectantur
1043 4030 1244 4086 studiis
1303 4043 1358 4087 et
1413 4033 1722 4100 laboribus,
1775 4037 2002 4093 tendere

421 4125 644 4180 semper
669 4116 734 4170 ad
765 4117 1157 4180 detrimentum
1184 4124 1364 4179 solent
1395 4141 1408 4178 :
1454 4126 1548 4196 qui
1583 4127 1635 4182 id
1671 4144 1841 4182 unum
1872 4145 2002 4199 pro-

2107 3206 2303 3274 ἕληγεν
2333 3205 2359 3256 ὁ
2377 3203 2626 3271 σεισμὸς,
2647 3200 2696 3252 oi.
2728 3195 3174 3268 περιλειφθέντες
3206 3189 3368 3256 αὖθις
3387 3191 3655 3293 ἐπειρῶντο

2107 3297 2202 3352 τοῦ
2244 3298 2430 3366 ἔργου,
2459 3293 2592 3364 δμοῦ
2635 3293 2734 3363 μὲν
2764 3291 2826 3344 τὸ
2859 3291 3004 3344 κατὰ
3041 3287 3167 3342 νοῦν
3212 3287 3419 3340 ἀνῦσαι
3456 3283 3656 3381 amabit:

2108 3392 2315 3456 ζοντες,
2340 3387 2477 3458 ὁμοῦ
2499 3387 2554 3441 δέ
2577 3387 2668 3439 καὶ
2695 3385 2755 3438 τὸ
2775 3381 3148 3453 ἀπαραίτητον
3183 3377 3242 3445 ἐξ
3271 3377 3568 3445 ἀναγκαίου
3584 3377 3656 3424 τοῦ

2109 3482 2394 3556 βασιλικοῦ
2419 3481 2790 3550 θεσπίσματος
2821 3474 3213 3544 εὐλαϐούμενοι
3236 3487 3252 3503 ⁶
3279 3469 3659 3536 ἀταλαιπώρως

2099 3580 2209 3648 γὰρ
2239 3579 2272 3648 ἠ
2307 3575 2624 3646 ἀνθρωπεία
2675 3572 2838 3642 φύσις
2868 3569 3012 3638 φιλεῖ
3050 3561 3131 3630 οἷς
3161 3566 3298 3664 καθ’-
3323 3563 3519 3664 ἡδο-δὴν
3545 3561 3658 3664 apd-

2104 3687 2281 3726 κειται
2308 3669 2590 3739 πράττειν,
2623 3665 2761 3736 πρὸς
2785 3664 2848 3718 τὸ
2879 3662 3197 3759 ἀσύμφορον
3226 3658 3306 3730 (l)
3343 3658 3529 3759 ρἐειν
3555 3657 3627 3708 ἀεί

2105 3762 2328 3816 κακεῖνο
2352 3759 2596 3814 συνοῖσον
2614 3760 2812 3820 οἴεται,
2841 3755 2869 3809 ὃ
2887 3753 3236 3824 κατορθῶσαι
3264 3750 3532 3821 προέθετο
3553 3764 3566 3777 ο
3584 3750 3658 3799 καί

2105 3871 2172 3924 γε
2201 3856 2267 3924 τῇ
2308 3852 2547 3922 σφετέρα⁸
2578 3849 2765 3920 ἀπάτῃ
2795 3847 3087 3918 ἑλκομένη,
3127 3843 3254 3898 οὔτε
3299 3844 3365 3897 τὸ
3410 3841 3659 3908 συμφέρον

2109 3949 2174 4002 ἐκ
2199 3944 2540 4017 προμηθείας
2569 3941 2808 4014 θηρᾶσαι
2835 3940 3092 4000 δύναται,
3119 3937 3245 3991 οὗτε
3281 3935 3545 3990 κινδύνων
3579 3947 3656 3981 1::-

2110 4038 2416 4108 πειραμένη
2452 4035 2690 4104 σώφρονι
2712 4033 2959 4104 λογισμῶ
2979 4032 3114 4104 πρὸς
3138 4032 3192 4083 τὸ
3213 4030 3337 4082 δέον
3362 4023 3655 4093 ὲξυποστρέ-

2109 4148 2202 4200 φει
2224 4147 2239 4163 ·
2277 4125 2367 4184 οἷα
2399 4131 2466 4201 δὴ
2496 4131 2592 4183 καὶ
2623 4129 2902 4190 Ἰουδαίοις
2936 4123 3242 4196 τηνικαῦτα
3277 4119 3604 4188 συμϐέϐηκε.

427 4206 674 4265 futurum
712 4215 1049 4284 existimant,
1072 4221 1221 4290 quod
1286 4221 1394 4276 sibi
1468 4223 1816 4278 efﬁciendum
1874 4241 2229 4295 proposuere,
2293 4243 2392 4281 suo
2443 4228 2688 4296 ipsorum
2755 4225 2825 4279 ad
2874 4222 2928 4278 id
2989 4221 3515 4291 protraclierrorei
3573 4213 3657 4322 75

428 4319 604 4373 neque
645 4307 723 4361 illi
758 4309 1049 4367 utilitatem
1113 4316 1350 4370 consilio
1401 4327 1532 4372 ante
1593 4329 1833 4389 emptum
1893 4336 2032 4390 opus
2069 4321 2338 4392 capiendo
2408 4319 2826 4387 deprehendere
2883 4317 3148 4387 possint:
3205 4329 3387 4385 neque
3432 4312 3659 4416 periculis

420 4396 681 4462 involuti,
717 4411 774 4457 et
802 4408 1142 4474 experientia
1200 4410 1322 4480 ipsa
1358 4412 1426 4468 de
1495 4413 1577 4468 eis
1633 4414 1945 4481 admoniti,
1990 4415 2293 4486 prudenter
2350 4430 2430 4481 se,
2501 4430 2600 4485 pro
2655 4427 2722 4470 eo
2775 4421 2940 4482 atque
2991 4411 3282 4473 deberent,
3357 4406 3656 4476 explicant:

418 4497 590 4551 :sicuti
625 4509 672 4552 et
697 4499 902 4557 Iudaeis
927 4512 1040 4558 tttm
1062 4505 1282 4561 accidit.

745 4613 748 4616 ”
965 4620 1192 4678 CAPUT
1240 4623 1479 4679 XXXIII.

429 4710 506 4766 De
538 4714 677 4783 igne,
707 4717 797 4788 qui
827 4725 938 4768 tum
965 4716 1154 4770 ibidem
1177 4729 1388 4788 repente
1412 4729 1488 4774 est
1507 4730 1757 4775 exortus:
1789 4723 1921 4776 etde
1946 4723 2012 4776 iis

500 4801 617 4850 quin
651 4787 967 4840 uestimentis
1010 4789 1280 4842 hominum
1329 4790 1504 4857 ﬁgura
1560 4795 1724 4845 cruris
1773 4796 2010 4846 ιιιίίιανδε-

501 4866 648 4933 rnnl,
675 4857 872 4925 signis;
897 4867 944 4910 et
971 4859 1033 4912 de
1059 4859 1233 4913 divino
1259 4850 1548 4932 Evangelia
1571 4865 1624 4916 iu
1649 4864 2008 4933 fundamentis

500 4927 732 4980 inuento.

502 5039 901 5110 [mpedimento
927 5057 1164 5112 namque
1203 5053 1357 5098 tanto
1413 5044 1652 5112 obiecto,
1699 5045 1832 5099 satis
1885 5046 2007 5100 evi-

423 5134 625 5190 denter
676 5135 1033 5191 considerare
1055 5146 1198 5201 erat,
1253 5138 1530 5208 indignari
1573 5139 1829 5192 instituto
1849 5139 2004 5207 operi

432 5231 446 5278 Ι
474 5244 624 5283 eum.
658 5231 725 5282 At
762 5229 836 5284 illi
873 5229 1056 5284 denuo
1089 5231 1308 5285 admota
1341 5246 1527 5293 manu,
1558 5246 1679 5300 qua:
1740 5231 2006 5301 perficere

423 5323 745 5390 nequirent,
786 5330 918 5376 sunt
965 5324 1230 5393 aggressi.
1277 5323 1384 5378 Sed
1430 5323 1578 5378 enim
1628 5338 1752 5378 cum
1802 5323 2000 5377 iterum

424 5424 770 5468 structuram
802 5415 1206 5484 experirentur,
1233 5415 1454 5486 iguisex
1481 5415 1612 5484 ipsis
1633 5414 2006 5470 fundamentis

422 5506 714 5569 exsiliens,
739 5516 796 5562 et
833 5509 976 5563 alius
1015 5508 1145 5562 item
1182 5509 1251 5564 de
1280 5510 1420 5564 cozlo
1452 5508 1766 5573 imminens,
1819 5508 2007 5578 plures

425 5599 598 5654 etiam
635 5615 796 5671 quant
827 5610 986 5655 antea
1015 5603 1424 5672 consumpsisse
1465 5601 1660 5656 fertur.
1719 5601 1898 5670 Atque
1951 5600 2002 5654 id

506 5747 585 5815 (ι)
619 5747 761 5826 Πρὸς
789 5746 851 5826 τρ
885 5747 1192 5817 συμφέρον,
1221 5747 1370 5826 Scz.,
1401 5747 1506 5801 hoc
1540 5756 1644 5811 est,
1678 5741 1745 5826 ad
1790 5743 1994 5826 euiolu—

431 5829 691 5874 mcn'um.
725 5820 831 5876 Sed
881 5815 1175 5888 utrumque
1232 5820 1482 5884 verbum,
1525 5817 1772 5887 quamvis
1820 5815 2002 5869 diver-

2689 4621 2936 4674 ΚΕΦᾹΛ.
2968 4617 3088 4672 ΛΓ.

2116 4718 2254 4786 Περὶ
2300 4716 2408 4770 τοῦ
2439 4706 2956 4786 κατασκήψαντος
3003 4713 3136 4786 τῷτε
3164 4711 3353 4786 πιφός
3375 4726 3390 4740 ·
3420 4709 3515 4762 καὶ
3545 4705 3656 4784 περὶ

2183 4781 2305 4844 ia»-
2361 4781 2794 4860 ἀναφιινένζων
2823 4784 2978 4860 ῌτοξς
3031 4781 3289 4860 {patiore
3345 4781 3658 4860 atqvpmbr

2182 4861 2415 4913 τύπων·
2452 4852 2546 4911 κάὶ
2574 4855 2705 4922 περὶ
2747 4855 2850 4908 τοῦ
2885 4854 3234 4922 εὑρεθέν-τος
3265 4852 3334 4904 ἐν
3366 4852 3492 4916 τοῖς
3513 4855 3655 4916 daps-

2181 4931 2341 4995 λίαις
2369 4929 2532 4982 θείου
2557 4925 2950 4995 Εὑαγγελίου.
3288 4947 3302 4956 ι

2181 5045 2287 5099 Τοῦ
2332 5046 2440 5114 γὰρ
2466 5041 2612 5096 κωλύ
2623 5058 2790 5112 ματος
2816 5040 3005 5094 τούτου
3042 5038 3229 5094 ἱκανοῦ
3258 5056 3319 5107 γε
3351 5037 3504 5098 ὄντος
3534 5049 3654 5101 πιρ-

2118 5140 2242 5210 ιστᾷ
2272 5137 2566 5208 ἀριδὴλως,
2589 5134 2662 5197 ὡς
2697 5133 3016 5202 χαλεπαίνει
3045 5131 3104 5184 τὸ
3129 5133 3284 5184 Θεῖον
3309 5131 3423 5192 τοῖς
3453 5141 3656 5196 πραττο-

2118 5230 2320 5302 μένοις.
2353 5231 2416 5282 Οἱ
2447 5229 2502 5280 δὲ
2533 5227 2624 5280 καὶ
2653 5225 2808 5289 αὖθις
2845 5227 3004 5295 χεῖρα
3031 5222 3401 5284 ἐπιϐαλόντες.
3439 5221 3653 5316 ἀνήνυτα

2112 5321 2399 5375 ἔσπευδον.
2447 5319 2686 5389 Δευτέρᾳ
2722 5315 2855 5384 γοῦν
2883 5316 3053 5386 πείρᾳ
3083 5313 3534 5385 ἐπιχειρούντων,
3566 5313 3654 5372 πῦρ

2111 5412 2323 5468 ἐκεῖθεν
2348 5412 2567 5480 λέγεται
2604 5409 2714 5478 τῶν
2745 5408 3012 5479 θεμελῖων
3042 5406 3418 5476 ἀναπηδῆσαν,
3437 5407 3528 5458 καὶ
3546 5401 3654 5454 ἄλλο

2111 5506 2169 5559 δὲ
2219 5503 2471 5572 οὐράνιον
2519 5500 2897 5571 κατασκῆψαν,
2946 5499 3040 5550 καὶ
3077 5499 3296 5560 πλείους
3339 5496 3374 5566 ἢ
3417 5496 3655 5564 πρότερον

2112 5597 2439 5668 διαφθεῖραι.
2477 5596 2584 5648 Καὶ
2607 5593 2764 5648 τοῦτο
2793 5594 2927 5646 πᾶσι
2967 5593 3189 5661 λέγεται
3223 5594 3313 5648 καὶ
3346 5588 3652 5648 πιστεύεται,

2107 5756 2256 5806 sum,
2279 5750 2425 5821 recta
2446 5741 2900 5814 interpretatione
2925 5740 2988 5798 ad
3016 5755 3137 5798 cam
3161 5743 3171 5756 '
3191 5757 3266 5797 ‘ut
3287 5737 3476 5796 referri
3498 5741 3651 5806 pote-3'

2113 5828 2206 5870 δυιι
2217 5823 2303 5869 ιυιι
2315 5822 2464 5870 tiam.
