  <div class='ocr_page' id='page_1' title='image "/cluster/home/n/w/nwhite01/storage/ocr_20150623/146/hvd.32044019208347/281.png"; bbox 0 0 3912 6588; ppageno 0'>
   <div class='ocr_carea' id='block_1_1' title="bbox 391 457 497 522">
    <p class='ocr_par' dir='ltr' id='par_1_1' title="bbox 391 457 497 522">
     <span class='ocr_line' id='line_1_1' title="bbox 391 457 497 522; baseline 0 0"><span class='ocrx_word' id='word_1_1' title='bbox 391 457 497 522; x_wconf 69' lang='grc'><strong>547</strong></span> 
     </span>
    </p>
   </div>
   <div class='ocr_carea' id='block_1_2' title="bbox 1616 439 2437 507">
    <p class='ocr_par' dir='ltr' id='par_1_2' title="bbox 1616 439 2437 507">
     <span class='ocr_line' id='line_1_2' title="bbox 1616 439 2437 507; baseline -0.007 0"><span class='ocrx_word' id='word_1_2' title='bbox 1616 441 2042 507; x_wconf 79' lang='lat' dir='ltr'><strong>NICEPHORI</strong></span> <span class='ocrx_word' id='word_1_3' title='bbox 2083 442 2175 503; x_wconf 82' lang='lat' dir='ltr'><strong>CA</strong></span> <span class='ocrx_word' id='word_1_4' title='bbox 2185 439 2437 504; x_wconf 83' lang='lat' dir='ltr'><strong>LLISTI</strong></span> 
     </span>
    </p>
   </div>
   <div class='ocr_carea' id='block_1_3' title="bbox 3546 437 3637 503">
    <p class='ocr_par' dir='ltr' id='par_1_3' title="bbox 3546 437 3637 503">
     <span class='ocr_line' id='line_1_3' title="bbox 3546 437 3637 503; baseline 0 0"><span class='ocrx_word' id='word_1_5' title='bbox 3546 437 3637 503; x_wconf 71' lang='grc'><strong>543</strong></span> 
     </span>
    </p>
   </div>
   <div class='ocr_carea' id='block_1_4' title="bbox 392 550 1998 637">
    <p class='ocr_par' dir='ltr' id='par_1_4' title="bbox 392 561 1968 637">
     <span class='ocr_line' id='line_1_4' title="bbox 392 561 1968 637; baseline -0.009 -9"><span class='ocrx_word' id='word_1_6' title='bbox 392 588 508 628; x_wconf 88' lang='lat' dir='ltr'><strong>non</strong></span> <span class='ocrx_word' id='word_1_7' title='bbox 562 568 770 625; x_wconf 86' lang='lat' dir='ltr'><strong>adire:</strong></span> <span class='ocrx_word' id='word_1_8' title='bbox 806 566 1028 636; x_wconf 82' lang='lat' dir='ltr'><strong>captivo</strong></span> <span class='ocrx_word' id='word_1_9' title='bbox 1078 563 1316 637; x_wconf 90' lang='lat' dir='ltr'><strong>quodam</strong></span> <span class='ocrx_word' id='word_1_10' title='bbox 1368 561 1658 635; x_wconf 71' lang='lat' dir='ltr'><strong>qumstioni</strong></span> <span class='ocrx_word' id='word_1_11' title='bbox 1719 571 1968 618; x_wconf 86' lang='lat' dir='ltr'><strong>tormen-</strong></span> 
     </span>
    </p>
   </div>
   <div class='ocr_carea' id='block_1_5' title="bbox 2105 550 3641 637">
    <p class='ocr_par' dir='ltr' id='par_1_5' title="bbox 2105 550 3641 628">
     <span class='ocr_line' id='line_1_5' title="bbox 2105 550 3641 628; baseline -0.001 -14"><span class='ocrx_word' id='word_1_12' title='bbox 2105 558 2263 614; x_wconf 84' lang='grc' dir='ltr'>νιδὼν</span> <span class='ocrx_word' id='word_1_13' title='bbox 2309 577 2370 614; x_wconf 87' lang='grc' dir='ltr'><strong>τε</strong></span> <span class='ocrx_word' id='word_1_14' title='bbox 2404 557 2503 628; x_wconf 79' lang='grc' dir='ltr'>τὴν</span> <span class='ocrx_word' id='word_1_15' title='bbox 2549 550 2815 626; x_wconf 75' lang='grc' dir='ltr'>στρατιὰν</span> <span class='ocrx_word' id='word_1_16' title='bbox 2853 552 3003 626; x_wconf 83' lang='grc' dir='ltr'>αύτῷ</span> <span class='ocrx_word' id='word_1_17' title='bbox 3030 552 3201 625; x_wconf 78' lang='grc' dir='ltr'>ἄρδην</span> <span class='ocrx_word' id='word_1_18' title='bbox 3242 553 3641 612; x_wconf 73' lang='grc' dir='ltr'><strong>κινδυνεύουσαν</strong></span> 
     </span>
    </p>
   </div>
   <div class='ocr_carea' id='block_1_6' title="bbox 395 652 1968 726">
    <p class='ocr_par' dir='ltr' id='par_1_6' title="bbox 395 652 1968 726">
     <span class='ocr_line' id='line_1_6' title="bbox 395 652 1968 726; baseline -0.008 -8"><span class='ocrx_word' id='word_1_19' title='bbox 395 672 577 719; x_wconf 89' lang='lat' dir='ltr'><strong>torum</strong></span> <span class='ocrx_word' id='word_1_20' title='bbox 630 661 893 719; x_wconf 82' lang='lat' dir='ltr'><strong>subdito.</strong></span> <span class='ocrx_word' id='word_1_21' title='bbox 954 658 1158 715; x_wconf 80' lang='lat' dir='ltr'><strong>fossam</strong></span> <span class='ocrx_word' id='word_1_22' title='bbox 1207 656 1505 726; x_wconf 77' lang='lat' dir='ltr'><strong>quamdam</strong></span> <span class='ocrx_word' id='word_1_23' title='bbox 1561 655 1711 710; x_wconf 90' lang='lat' dir='ltr'><strong>illius</strong></span> <span class='ocrx_word' id='word_1_24' title='bbox 1760 652 1968 708; x_wconf 87' lang='lat' dir='ltr'><strong>indicio</strong></span> 
     </span>
    </p>
   </div>
   <div class='ocr_carea' id='block_1_7' title="bbox 396 745 1969 826">
    <p class='ocr_par' dir='ltr' id='par_1_7' title="bbox 396 745 1969 826">
     <span class='ocr_line' id='line_1_7' title="bbox 396 745 1969 826; baseline -0.009 -16"><span class='ocrx_word' id='word_1_25' title='bbox 396 753 625 826; x_wconf 87' lang='lat' dir='ltr'><strong>reperit,</strong></span> <span class='ocrx_word' id='word_1_26' title='bbox 679 752 947 824; x_wconf 90' lang='lat' dir='ltr'><strong>temporis</strong></span> <span class='ocrx_word' id='word_1_27' title='bbox 1001 750 1369 805; x_wconf 83' lang='lat' dir='ltr'><strong>diuturnitate</strong></span> <span class='ocrx_word' id='word_1_28' title='bbox 1414 761 1609 817; x_wconf 79' lang='lat' dir='ltr'><strong>aggere</strong></span> <span class='ocrx_word' id='word_1_29' title='bbox 1658 745 1969 816; x_wconf 84' lang='lat' dir='ltr'><strong>oppletam,</strong></span> 
     </span>
    </p>
   </div>
   <div class='ocr_carea' id='block_1_8' title="bbox 396 836 1974 914">
    <p class='ocr_par' dir='ltr' id='par_1_8' title="bbox 396 836 1974 914">
     <span class='ocr_line' id='line_1_8' title="bbox 396 836 1974 914; baseline -0.008 -15"><span class='ocrx_word' id='word_1_30' title='bbox 396 860 497 914; x_wconf 88' lang='lat' dir='ltr'><strong>per</strong></span> <span class='ocrx_word' id='word_1_31' title='bbox 527 857 692 913; x_wconf 89' lang='lat' dir='ltr'><strong>quam</strong></span> <span class='ocrx_word' id='word_1_32' title='bbox 720 839 1028 912; x_wconf 86' lang='lat' dir='ltr'><strong>antiquitus</strong></span> <span class='ocrx_word' id='word_1_33' title='bbox 1073 838 1307 894; x_wconf 67' lang='lat' dir='ltr'><strong>navibus</strong></span> <span class='ocrx_word' id='word_1_34' title='bbox 1354 837 1422 891; x_wconf 89' lang='lat' dir='ltr'><strong>ad</strong></span> <span class='ocrx_word' id='word_1_35' title='bbox 1462 836 1656 893; x_wconf 87' lang='lat' dir='ltr'><strong>urbem</strong></span> <span class='ocrx_word' id='word_1_36' title='bbox 1714 845 1974 890; x_wconf 76' lang='lat' dir='ltr'><strong>accessus</strong></span> 
     </span>
    </p>
   </div>
   <div class='ocr_carea' id='block_1_9' title="bbox 398 926 1972 1002">
    <p class='ocr_par' dir='ltr' id='par_1_9' title="bbox 398 926 1972 1002">
     <span class='ocr_line' id='line_1_9' title="bbox 398 926 1972 1002; baseline -0.007 -12"><span class='ocrx_word' id='word_1_37' title='bbox 398 936 601 990; x_wconf 81' lang='lat' dir='ltr'><strong>fuerat.</strong></span> <span class='ocrx_word' id='word_1_38' title='bbox 659 933 850 1001; x_wconf 81' lang='lat' dir='ltr'><strong>Itaque</strong></span> <span class='ocrx_word' id='word_1_39' title='bbox 903 933 995 1002; x_wconf 88' lang='lat' dir='ltr'><strong>qui</strong></span> <span class='ocrx_word' id='word_1_40' title='bbox 1052 933 1099 986; x_wconf 92' lang='lat' dir='ltr'><strong>ei</strong></span> <span class='ocrx_word' id='word_1_41' title='bbox 1145 928 1420 994; x_wconf 80' lang='lat' dir='ltr'><strong>obstabat,</strong></span> <span class='ocrx_word' id='word_1_42' title='bbox 1457 944 1656 999; x_wconf 80' lang='lat' dir='ltr'><strong>aggere</strong></span> <span class='ocrx_word' id='word_1_43' title='bbox 1687 926 1972 998; x_wconf 75' lang='lat' dir='ltr'><strong>perfosso,</strong></span> 
     </span>
    </p>
   </div>
   <div class='ocr_carea' id='block_1_10' title="bbox 397 1021 1976 1096">
    <p class='ocr_par' dir='ltr' id='par_1_10' title="bbox 397 1021 1976 1096">
     <span class='ocr_line' id='line_1_10' title="bbox 397 1021 1976 1096; baseline -0.007 -15"><span class='ocrx_word' id='word_1_44' title='bbox 397 1027 736 1096; x_wconf 73' lang='lat' dir='ltr'><strong>Euphratem</strong></span> <span class='ocrx_word' id='word_1_45' title='bbox 791 1025 843 1078; x_wconf 92' lang='lat' dir='ltr'><strong>in</strong></span> <span class='ocrx_word' id='word_1_46' title='bbox 894 1022 1101 1094; x_wconf 81' lang='lat' dir='ltr'><strong>Tigrim</strong></span> <span class='ocrx_word' id='word_1_47' title='bbox 1149 1021 1440 1082; x_wconf 84' lang='lat' dir='ltr'><strong>derivavit,</strong></span> <span class='ocrx_word' id='word_1_48' title='bbox 1494 1030 1660 1089; x_wconf 82' lang='lat' dir='ltr'><strong>atque</strong></span> <span class='ocrx_word' id='word_1_49' title='bbox 1700 1035 1767 1073; x_wconf 91' lang='lat' dir='ltr'><strong>eo</strong></span> <span class='ocrx_word' id='word_1_50' title='bbox 1814 1027 1976 1088; x_wconf 78' lang='lat' dir='ltr'><strong>pacto</strong></span> 
     </span>
    </p>
   </div>
   <div class='ocr_carea' id='block_1_11' title="bbox 399 1111 1973 1172">
    <p class='ocr_par' dir='ltr' id='par_1_11' title="bbox 399 1111 1973 1172">
     <span class='ocr_line' id='line_1_11' title="bbox 399 1111 1973 1172; baseline -0.004 0"><span class='ocrx_word' id='word_1_51' title='bbox 399 1117 707 1172; x_wconf 79' lang='lat' dir='ltr'><strong>exercitum</strong></span> <span class='ocrx_word' id='word_1_52' title='bbox 764 1130 871 1169; x_wconf 89' lang='lat' dir='ltr'><strong>una</strong></span> <span class='ocrx_word' id='word_1_53' title='bbox 920 1129 1047 1168; x_wconf 90' lang='lat' dir='ltr'><strong>cum</strong></span> <span class='ocrx_word' id='word_1_54' title='bbox 1093 1113 1325 1167; x_wconf 84' lang='lat' dir='ltr'><strong>navibus</strong></span> <span class='ocrx_word' id='word_1_55' title='bbox 1370 1114 1435 1167; x_wconf 77' lang='lat' dir='ltr'><strong>ad</strong></span> <span class='ocrx_word' id='word_1_56' title='bbox 1470 1114 1664 1165; x_wconf 81' lang='lat' dir='ltr'><strong>urbem</strong></span> <span class='ocrx_word' id='word_1_57' title='bbox 1717 1111 1973 1165; x_wconf 64' lang='lat' dir='ltr'><strong>adduxit.</strong></span> 
     </span>
    </p>
   </div>
   <div class='ocr_carea' id='block_1_12' title="bbox 401 1204 1972 1275">
    <p class='ocr_par' dir='ltr' id='par_1_12' title="bbox 401 1204 1972 1275">
     <span class='ocr_line' id='line_1_12' title="bbox 401 1204 1972 1275; baseline -0.007 -9"><span class='ocrx_word' id='word_1_58' title='bbox 401 1211 471 1267; x_wconf 77' lang='lat' dir='ltr'><strong>Et</strong></span> <span class='ocrx_word' id='word_1_59' title='bbox 503 1210 705 1271; x_wconf 61' lang='lat' dir='ltr'><strong>Persae,</strong></span> <span class='ocrx_word' id='word_1_60' title='bbox 749 1223 872 1261; x_wconf 89' lang='lat' dir='ltr'><strong>eum</strong></span> <span class='ocrx_word' id='word_1_61' title='bbox 910 1205 1205 1275; x_wconf 85' lang='lat' dir='ltr'><strong>splendido</strong></span> <span class='ocrx_word' id='word_1_62' title='bbox 1248 1204 1500 1273; x_wconf 87' lang='lat' dir='ltr'><strong>equitum</strong></span> <span class='ocrx_word' id='word_1_63' title='bbox 1545 1213 1599 1256; x_wconf 88' lang='lat' dir='ltr'><strong>et</strong></span> <span class='ocrx_word' id='word_1_64' title='bbox 1634 1210 1972 1256; x_wconf 86' lang='lat' dir='ltr'><strong>armatorum</strong></span> 
     </span>
    </p>
   </div>
   <div class='ocr_carea' id='block_1_13' title="bbox 400 1290 1977 1372">
    <p class='ocr_par' dir='ltr' id='par_1_13' title="bbox 400 1290 1977 1372">
     <span class='ocr_line' id='line_1_13' title="bbox 400 1290 1977 1372; baseline -0.006 -19"><span class='ocrx_word' id='word_1_65' title='bbox 400 1309 693 1372; x_wconf 77' lang='lat' dir='ltr'><strong>apparatu,</strong></span> <span class='ocrx_word' id='word_1_66' title='bbox 723 1308 777 1354; x_wconf 89' lang='lat' dir='ltr'><strong>et</strong></span> <span class='ocrx_word' id='word_1_67' title='bbox 808 1314 932 1353; x_wconf 87' lang='lat' dir='ltr'><strong>eum</strong></span> <span class='ocrx_word' id='word_1_68' title='bbox 962 1296 1292 1366; x_wconf 61' lang='lat' dir='ltr'><strong>elephantis,</strong></span> <span class='ocrx_word' id='word_1_69' title='bbox 1338 1294 1396 1348; x_wconf 84' lang='lat' dir='ltr'><strong>in</strong></span> <span class='ocrx_word' id='word_1_70' title='bbox 1436 1294 1703 1348; x_wconf 82' lang='lat' dir='ltr'><strong>ulteriore</strong></span> <span class='ocrx_word' id='word_1_71' title='bbox 1738 1290 1977 1361; x_wconf 83' lang='lat' dir='ltr'><strong>Ttgridis</strong></span> 
     </span>
    </p>
   </div>
   <div class='ocr_carea' id='block_1_14' title="bbox 407 1383 1979 1463">
    <p class='ocr_par' dir='ltr' id='par_1_14' title="bbox 407 1383 1979 1463">
     <span class='ocr_line' id='line_1_14' title="bbox 407 1383 1979 1463; baseline -0.007 -16"><span class='ocrx_word' id='word_1_72' title='bbox 407 1397 524 1463; x_wconf 85' lang='lat' dir='ltr'><strong>ripa</strong></span> <span class='ocrx_word' id='word_1_73' title='bbox 558 1408 680 1447; x_wconf 86' lang='lat' dir='ltr'><strong>sese</strong></span> <span class='ocrx_word' id='word_1_74' title='bbox 710 1393 1026 1445; x_wconf 91' lang='lat' dir='ltr'><strong>ostendere.</strong></span> <span class='ocrx_word' id='word_1_75' title='bbox 1075 1388 1258 1457; x_wconf 84' lang='lat' dir='ltr'><strong>Atque</strong></span> <span class='ocrx_word' id='word_1_76' title='bbox 1309 1388 1425 1456; x_wconf 82' lang='lat' dir='ltr'><strong>ipse</strong></span> <span class='ocrx_word' id='word_1_77' title='bbox 1479 1400 1605 1442; x_wconf 85' lang='lat' dir='ltr'><strong>eum</strong></span> <span class='ocrx_word' id='word_1_78' title='bbox 1663 1385 1808 1438; x_wconf 84' lang='lat' dir='ltr'><strong>inter</strong></span> <span class='ocrx_word' id='word_1_79' title='bbox 1863 1383 1979 1437; x_wconf 90' lang='lat' dir='ltr'><strong>duo</strong></span> 
     </span>
    </p>
   </div>
   <div class='ocr_carea' id='block_1_15' title="bbox 406 1476 1977 1544">
    <p class='ocr_par' dir='ltr' id='par_1_15' title="bbox 406 1476 1977 1544">
     <span class='ocr_line' id='line_1_15' title="bbox 406 1476 1977 1544; baseline -0.004 -8"><span class='ocrx_word' id='word_1_80' title='bbox 406 1484 644 1544; x_wconf 78' lang='lat' dir='ltr'><strong>maxima</strong></span> <span class='ocrx_word' id='word_1_81' title='bbox 703 1481 937 1535; x_wconf 83' lang='lat' dir='ltr'><strong>ﬂumina</strong></span> <span class='ocrx_word' id='word_1_82' title='bbox 992 1495 1051 1534; x_wconf 87' lang='lat' dir='ltr'><strong>se</strong></span> <span class='ocrx_word' id='word_1_83' title='bbox 1107 1479 1380 1543; x_wconf 81' lang='lat' dir='ltr'><strong>clausum,</strong></span> <span class='ocrx_word' id='word_1_84' title='bbox 1446 1486 1503 1531; x_wconf 90' lang='lat' dir='ltr'><strong>et</strong></span> <span class='ocrx_word' id='word_1_85' title='bbox 1566 1476 1869 1530; x_wconf 83' lang='lat' dir='ltr'><strong>exercitum</strong></span> <span class='ocrx_word' id='word_1_86' title='bbox 1921 1476 1977 1530; x_wconf 90' lang='lat' dir='ltr'><strong>in</strong></span> 
     </span>
    </p>
   </div>
   <div class='ocr_carea' id='block_1_16' title="bbox 404 1562 1981 1637">
    <p class='ocr_par' dir='ltr' id='par_1_16' title="bbox 404 1562 1981 1637">
     <span class='ocr_line' id='line_1_16' title="bbox 404 1562 1981 1637; baseline -0.005 -8"><span class='ocrx_word' id='word_1_87' title='bbox 404 1562 684 1636; x_wconf 78' lang='lat' dir='ltr'><strong>summum</strong></span> <span class='ocrx_word' id='word_1_88' title='bbox 727 1574 1030 1628; x_wconf 89' lang='lat' dir='ltr'><strong>discrimen</strong></span> <span class='ocrx_word' id='word_1_89' title='bbox 1063 1570 1388 1632; x_wconf 87' lang='lat' dir='ltr'><strong>adductum,</strong></span> <span class='ocrx_word' id='word_1_90' title='bbox 1443 1567 1719 1637; x_wconf 84' lang='lat' dir='ltr'><strong>siquidem</strong></span> <span class='ocrx_word' id='word_1_91' title='bbox 1754 1579 1981 1621; x_wconf 89' lang='lat' dir='ltr'><strong>manere</strong></span> 
     </span>
    </p>
   </div>
   <div class='ocr_carea' id='block_1_17' title="bbox 2076 647 3641 722">
    <p class='ocr_par' dir='ltr' id='par_1_17' title="bbox 2076 647 3641 722">
     <span class='ocr_line' id='line_1_17' title="bbox 2076 647 3641 722; baseline -0.001 -16"><span class='ocrx_word' id='word_1_92' title='bbox 2076 650 2397 714; x_wconf 85' lang='grc' dir='ltr'>ἀπολέσθαι,</span> <span class='ocrx_word' id='word_1_93' title='bbox 2429 651 2494 722; x_wconf 80' lang='grc' dir='ltr'><strong>ήν</strong></span> <span class='ocrx_word' id='word_1_94' title='bbox 2518 665 2580 702; x_wconf 84' lang='grc' dir='ltr'><strong>τε</strong></span> <span class='ocrx_word' id='word_1_95' title='bbox 2611 649 2796 719; x_wconf 83' lang='grc' dir='ltr'>μένειν</span> <span class='ocrx_word' id='word_1_96' title='bbox 2811 647 3007 707; x_wconf 73' lang='grc' dir='ltr'>ἕλοιτο.</span> <span class='ocrx_word' id='word_1_97' title='bbox 3034 647 3134 703; x_wconf 82' lang='grc' dir='ltr'>εἴθ’</span> <span class='ocrx_word' id='word_1_98' title='bbox 3161 647 3543 719; x_wconf 76' lang='grc' dir='ltr'><strong>ὑποστρέφειν,</strong></span> <span class='ocrx_word' id='word_1_99' title='bbox 3563 650 3641 705; x_wconf 69' lang='grc' dir='ltr'>δά</span> 
     </span>
    </p>
   </div>
   <div class='ocr_carea' id='block_1_18' title="bbox 2072 741 3644 815">
    <p class='ocr_par' dir='ltr' id='par_1_18' title="bbox 2072 741 3644 815">
     <span class='ocr_line' id='line_1_18' title="bbox 2072 741 3644 815; baseline -0.001 -15"><span class='ocrx_word' id='word_1_100' title='bbox 2072 746 2184 800; x_wconf 84' lang='grc' dir='ltr'><strong>τῶν</strong></span> <span class='ocrx_word' id='word_1_101' title='bbox 2214 745 2420 814; x_wconf 83' lang='grc' dir='ltr'>κωμῶν</span> <span class='ocrx_word' id='word_1_102' title='bbox 2447 761 2506 798; x_wconf 88' lang='grc' dir='ltr'><strong>τε</strong></span> <span class='ocrx_word' id='word_1_103' title='bbox 2531 744 2630 801; x_wconf 71' lang='grc' dir='ltr'>καὶ</span> <span class='ocrx_word' id='word_1_104' title='bbox 2659 742 2871 796; x_wconf 79' lang='grc' dir='ltr'>πόλεων</span> <span class='ocrx_word' id='word_1_105' title='bbox 2899 742 3064 806; x_wconf 75' lang='grc' dir='ltr'>αὐτὸς</span> <span class='ocrx_word' id='word_1_106' title='bbox 3093 741 3335 813; x_wconf 74' lang='grc' dir='ltr'>διῆλθεν,</span> <span class='ocrx_word' id='word_1_107' title='bbox 3371 742 3644 815; x_wconf 80' lang='grc' dir='ltr'>ῂθαλωμέ-</span> 
     </span>
    </p>
   </div>
   <div class='ocr_carea' id='block_1_19' title="bbox 2075 834 3641 908">
    <p class='ocr_par' dir='ltr' id='par_1_19' title="bbox 2075 834 3641 908">
     <span class='ocr_line' id='line_1_19' title="bbox 2075 834 3641 908; baseline 0.001 -18"><span class='ocrx_word' id='word_1_108' title='bbox 2075 855 2181 891; x_wconf 91' lang='grc' dir='ltr'><strong>νων</strong></span> <span class='ocrx_word' id='word_1_109' title='bbox 2207 838 2330 907; x_wconf 75' lang='grc' dir='ltr'>ήδη.</span> <span class='ocrx_word' id='word_1_110' title='bbox 2360 838 2454 890; x_wconf 71' lang='grc' dir='ltr'>καὶ</span> <span class='ocrx_word' id='word_1_111' title='bbox 2476 838 2542 908; x_wconf 80' lang='grc' dir='ltr'><strong>τῇ</strong></span> <span class='ocrx_word' id='word_1_112' title='bbox 2578 835 2774 889; x_wconf 87' lang='grc' dir='ltr'>σπάνει</span> <span class='ocrx_word' id='word_1_113' title='bbox 2803 834 2912 891; x_wconf 81' lang='grc' dir='ltr'><strong>τῶν</strong></span> <span class='ocrx_word' id='word_1_114' title='bbox 2940 835 3256 902; x_wconf 74' lang='grc' dir='ltr'><strong>ἀναγκαίων</strong></span> <span class='ocrx_word' id='word_1_115' title='bbox 3284 834 3641 906; x_wconf 75' lang='grc' dir='ltr'><strong>πιεζομένων·</strong></span> 
     </span>
    </p>
   </div>
   <div class='ocr_carea' id='block_1_20' title="bbox 2076 924 3646 1000">
    <p class='ocr_par' dir='ltr' id='par_1_20' title="bbox 2076 924 3646 1000">
     <span class='ocr_line' id='line_1_20' title="bbox 2076 924 3646 1000; baseline 0.001 -17"><span class='ocrx_word' id='word_1_116' title='bbox 2076 924 2217 983; x_wconf 82' lang='grc' dir='ltr'>ἆθλα</span> <span class='ocrx_word' id='word_1_117' title='bbox 2244 929 2297 981; x_wconf 82' lang='grc' dir='ltr'>δὲ</span> <span class='ocrx_word' id='word_1_118' title='bbox 2323 927 2568 997; x_wconf 72' lang='grc' dir='ltr'>προθεὶς,</span> <span class='ocrx_word' id='word_1_119' title='bbox 2598 927 2674 991; x_wconf 85' lang='grc' dir='ltr'><strong>ὡς</strong></span> <span class='ocrx_word' id='word_1_120' title='bbox 2697 926 2783 997; x_wconf 74' lang='grc' dir='ltr'>ἐφ’</span> <span class='ocrx_word' id='word_1_121' title='bbox 2815 927 3208 1000; x_wconf 79' lang='grc' dir='ltr'><strong>ἱπποδρομίαν,</strong></span> <span class='ocrx_word' id='word_1_122' title='bbox 3243 928 3372 992; x_wconf 80' lang='grc' dir='ltr'>τοὺς</span> <span class='ocrx_word' id='word_1_123' title='bbox 3399 930 3646 1000; x_wconf 69' lang='grc' dir='ltr'>στρατιῶ-</span> 
     </span>
    </p>
   </div>
   <div class='ocr_carea' id='block_1_21' title="bbox 2077 1018 3647 1090">
    <p class='ocr_par' dir='ltr' id='par_1_21' title="bbox 2077 1018 3647 1090">
     <span class='ocr_line' id='line_1_21' title="bbox 2077 1018 3647 1090; baseline 0.003 -17"><span class='ocrx_word' id='word_1_124' title='bbox 2077 1037 2174 1082; x_wconf 84' lang='grc' dir='ltr'><strong>τας</strong></span> <span class='ocrx_word' id='word_1_125' title='bbox 2203 1019 2404 1072; x_wconf 77' lang='grc' dir='ltr'><strong>ἐκάλει·</strong></span> <span class='ocrx_word' id='word_1_126' title='bbox 2428 1018 2488 1072; x_wconf 81' lang='grc' dir='ltr'><strong>ού</strong></span> <span class='ocrx_word' id='word_1_127' title='bbox 2513 1018 2827 1088; x_wconf 77' lang='grc' dir='ltr'>γινομένου,</span> <span class='ocrx_word' id='word_1_128' title='bbox 2856 1019 2985 1082; x_wconf 74' lang='grc' dir='ltr'>τοὺς</span> <span class='ocrx_word' id='word_1_129' title='bbox 3011 1020 3290 1090; x_wconf 79' lang='grc' dir='ltr'><strong>ἡγεμόνας</strong></span> <span class='ocrx_word' id='word_1_130' title='bbox 3323 1020 3435 1073; x_wconf 82' lang='grc' dir='ltr'><strong>τῶν</strong></span> <span class='ocrx_word' id='word_1_131' title='bbox 3465 1021 3647 1077; x_wconf 84' lang='grc' dir='ltr'>πλοίων</span> 
     </span>
    </p>
   </div>
   <div class='ocr_carea' id='block_1_22' title="bbox 2079 1110 3647 1186">
    <p class='ocr_par' dir='ltr' id='par_1_22' title="bbox 2079 1110 3647 1186">
     <span class='ocr_line' id='line_1_22' title="bbox 2079 1110 3647 1186; baseline 0.004 -22"><span class='ocrx_word' id='word_1_132' title='bbox 2079 1110 2333 1165; x_wconf 80' lang='grc' dir='ltr'>ἐκέλευεν</span> <span class='ocrx_word' id='word_1_133' title='bbox 2352 1112 2740 1181; x_wconf 62' lang='grc' dir='ltr'>ἀποφορτίζειν</span> <span class='ocrx_word' id='word_1_134' title='bbox 2763 1113 2863 1175; x_wconf 82' lang='grc' dir='ltr'>τὰς</span> <span class='ocrx_word' id='word_1_135' title='bbox 2883 1112 3037 1176; x_wconf 84' lang='grc' dir='ltr'>ναῦς·</span> <span class='ocrx_word' id='word_1_136' title='bbox 3060 1115 3156 1168; x_wconf 72' lang='grc' dir='ltr'>καὶ</span> <span class='ocrx_word' id='word_1_137' title='bbox 3176 1113 3276 1183; x_wconf 80' lang='grc' dir='ltr'>τὴν</span> <span class='ocrx_word' id='word_1_138' title='bbox 3295 1116 3543 1186; x_wconf 77' lang='grc' dir='ltr'>σιτηγίαν</span> <span class='ocrx_word' id='word_1_139' title='bbox 3562 1115 3647 1171; x_wconf 78' lang='grc' dir='ltr'><strong>τοῦ</strong></span> 
     </span>
    </p>
   </div>
   <div class='ocr_carea' id='block_1_23' title="bbox 2081 1200 3650 1275">
    <p class='ocr_par' dir='ltr' id='par_1_23' title="bbox 2081 1200 3650 1275">
     <span class='ocr_line' id='line_1_23' title="bbox 2081 1200 3650 1275; baseline 0.001 -21"><span class='ocrx_word' id='word_1_140' title='bbox 2081 1201 2320 1271; x_wconf 82' lang='grc' dir='ltr'>στρατοῦ</span> <span class='ocrx_word' id='word_1_141' title='bbox 2350 1200 2427 1272; x_wconf 82' lang='grc' dir='ltr'>τῷ</span> <span class='ocrx_word' id='word_1_142' title='bbox 2455 1200 2608 1254; x_wconf 81' lang='grc' dir='ltr'>ῦδατι</span> <span class='ocrx_word' id='word_1_143' title='bbox 2640 1201 2993 1275; x_wconf 73' lang='grc' dir='ltr'>ἐπεῤῥίπτειν</span> <span class='ocrx_word' id='word_1_144' title='bbox 3017 1217 3032 1234; x_wconf 80' lang='grc'><strong>⁸</strong></span> <span class='ocrx_word' id='word_1_145' title='bbox 3065 1205 3140 1267; x_wconf 83' lang='grc' dir='ltr'>ὡς</span> <span class='ocrx_word' id='word_1_146' title='bbox 3168 1202 3236 1256; x_wconf 75' lang='grc' dir='ltr'>ἂν</span> <span class='ocrx_word' id='word_1_147' title='bbox 3261 1204 3319 1257; x_wconf 76' lang='grc' dir='ltr'><strong>ἐν</strong></span> <span class='ocrx_word' id='word_1_148' title='bbox 3342 1202 3543 1273; x_wconf 69' lang='grc' dir='ltr'>ἀπορίᾳ</span> <span class='ocrx_word' id='word_1_149' title='bbox 3556 1204 3650 1261; x_wconf 83' lang='grc' dir='ltr'><strong>τῶν</strong></span> 
     </span>
    </p>
   </div>
   <div class='ocr_carea' id='block_1_24' title="bbox 2082 1294 3651 1364">
    <p class='ocr_par' dir='ltr' id='par_1_24' title="bbox 2082 1294 3651 1364">
     <span class='ocr_line' id='line_1_24' title="bbox 2082 1294 3651 1364; baseline 0.001 -17"><span class='ocrx_word' id='word_1_150' title='bbox 2082 1294 2404 1362; x_wconf 77' lang='grc' dir='ltr'>ἀναγκαίων</span> <span class='ocrx_word' id='word_1_151' title='bbox 2448 1294 2497 1346; x_wconf 83' lang='grc' dir='ltr'><strong>οί</strong></span> <span class='ocrx_word' id='word_1_152' title='bbox 2537 1294 2871 1364; x_wconf 81' lang='grc' dir='ltr'>στρατιῶται</span> <span class='ocrx_word' id='word_1_153' title='bbox 2925 1294 3230 1364; x_wconf 80' lang='grc' dir='ltr'>γενόμενοι,</span> <span class='ocrx_word' id='word_1_154' title='bbox 3284 1296 3382 1349; x_wconf 76' lang='grc' dir='ltr'>καὶ</span> <span class='ocrx_word' id='word_1_155' title='bbox 3419 1296 3553 1363; x_wconf 76' lang='grc' dir='ltr'>σφᾶς</span> <span class='ocrx_word' id='word_1_156' title='bbox 3599 1297 3651 1349; x_wconf 91' lang='grc' dir='ltr'><strong>ἐν</strong></span> 
     </span>
    </p>
   </div>
   <div class='ocr_carea' id='block_1_25' title="bbox 2083 1384 3707 1458">
    <p class='ocr_par' dir='ltr' id='par_1_25' title="bbox 2083 1384 3707 1458">
     <span class='ocr_line' id='line_1_25' title="bbox 2083 1384 3707 1458; baseline 0.001 -19"><span class='ocrx_word' id='word_1_157' title='bbox 2083 1384 2316 1456; x_wconf 78' lang='grc' dir='ltr'>κινδύνῳ</span> <span class='ocrx_word' id='word_1_158' title='bbox 2369 1387 2518 1457; x_wconf 83' lang='grc' dir='ltr'>μέσῳ</span> <span class='ocrx_word' id='word_1_159' title='bbox 2574 1387 3007 1458; x_wconf 77' lang='grc' dir='ltr'>ἐνειλημμένους</span> <span class='ocrx_word' id='word_1_160' title='bbox 3064 1387 3307 1451; x_wconf 76' lang='grc' dir='ltr'><strong>ἰδόντες,</strong></span> <span class='ocrx_word' id='word_1_161' title='bbox 3360 1385 3554 1456; x_wconf 82' lang='grc' dir='ltr'><strong>θράσος</strong></span> <span class='ocrx_word' id='word_1_162' title='bbox 3598 1404 3651 1441; x_wconf 84' lang='grc' dir='ltr'><strong>τε</strong></span> <span class='ocrx_word' id='word_1_163' title='bbox 3698 1404 3707 1415; x_wconf 73' lang='grc' dir='ltr'><strong><em>ο</em></strong></span> 
     </span>
    </p>
   </div>
   <div class='ocr_carea' id='block_1_26' title="bbox 2083 1476 3650 1552">
    <p class='ocr_par' dir='ltr' id='par_1_26' title="bbox 2083 1476 3650 1552">
     <span class='ocr_line' id='line_1_26' title="bbox 2083 1476 3650 1552; baseline 0.002 -20"><span class='ocrx_word' id='word_1_164' title='bbox 2083 1476 2493 1548; x_wconf 71' lang='grc' dir='ltr'>ἀναλήψωνται,</span> <span class='ocrx_word' id='word_1_165' title='bbox 2514 1479 2612 1533; x_wconf 81' lang='grc' dir='ltr'>καὶ</span> <span class='ocrx_word' id='word_1_166' title='bbox 2641 1479 2779 1547; x_wconf 73' lang='grc' dir='ltr'>πρὸς</span> <span class='ocrx_word' id='word_1_167' title='bbox 2798 1478 2898 1551; x_wconf 81' lang='grc' dir='ltr'>τὴν</span> <span class='ocrx_word' id='word_1_168' title='bbox 2927 1480 3107 1551; x_wconf 78' lang='grc' dir='ltr'>μάχην</span> <span class='ocrx_word' id='word_1_169' title='bbox 3128 1479 3297 1551; x_wconf 65' lang='grc' dir='ltr'>ὁμόσε</span> <span class='ocrx_word' id='word_1_170' title='bbox 3330 1478 3650 1552; x_wconf 81' lang='grc' dir='ltr'>χωρήσαιεν.</span> 
     </span>
    </p>
   </div>
   <div class='ocr_carea' id='block_1_27' title="bbox 2084 1570 3652 1642">
    <p class='ocr_par' dir='ltr' id='par_1_27' title="bbox 2084 1570 3652 1642">
     <span class='ocr_line' id='line_1_27' title="bbox 2084 1570 3652 1642; baseline 0.001 -18"><span class='ocrx_word' id='word_1_171' title='bbox 2084 1571 2223 1635; x_wconf 80' lang='grc' dir='ltr'>Τοὺς</span> <span class='ocrx_word' id='word_1_172' title='bbox 2244 1570 2302 1624; x_wconf 76' lang='grc' dir='ltr'>δὲ</span> <span class='ocrx_word' id='word_1_173' title='bbox 2322 1570 2665 1642; x_wconf 78' lang='grc' dir='ltr'>προῦχοντας</span> <span class='ocrx_word' id='word_1_174' title='bbox 2680 1574 2709 1625; x_wconf 85' lang='grc' dir='ltr'>ὁ</span> <span class='ocrx_word' id='word_1_175' title='bbox 2736 1571 2995 1641; x_wconf 77' lang='grc' dir='ltr'>βασιλεὺς</span> <span class='ocrx_word' id='word_1_176' title='bbox 3012 1572 3153 1642; x_wconf 77' lang='grc' dir='ltr'>μετὰ</span> <span class='ocrx_word' id='word_1_177' title='bbox 3187 1572 3249 1625; x_wconf 75' lang='grc' dir='ltr'>τὸ</span> <span class='ocrx_word' id='word_1_178' title='bbox 3271 1572 3490 1628; x_wconf 84' lang='grc' dir='ltr'>δεῖπνον</span> <span class='ocrx_word' id='word_1_179' title='bbox 3509 1572 3652 1641; x_wconf 80' lang='grc' dir='ltr'>ἀγείο</span> 
     </span>
    </p>
   </div>
   <div class='ocr_carea' id='block_1_28' title="bbox 408 1655 1998 1734">
    <p class='ocr_par' dir='ltr' id='par_1_28' title="bbox 408 1655 1984 1731">
     <span class='ocr_line' id='line_1_28' title="bbox 408 1655 1984 1731; baseline -0.003 -9"><span class='ocrx_word' id='word_1_180' title='bbox 408 1667 484 1722; x_wconf 85' lang='lat' dir='ltr'><strong>ibi</strong></span> <span class='ocrx_word' id='word_1_181' title='bbox 520 1655 709 1729; x_wconf 86' lang='lat' dir='ltr'><strong>vellet,</strong></span> <span class='ocrx_word' id='word_1_182' title='bbox 768 1665 853 1720; x_wconf 91' lang='lat' dir='ltr'><strong>sin</strong></span> <span class='ocrx_word' id='word_1_183' title='bbox 889 1674 1074 1717; x_wconf 89' lang='lat' dir='ltr'><strong>autem</strong></span> <span class='ocrx_word' id='word_1_184' title='bbox 1107 1660 1313 1717; x_wconf 80' lang='lat' dir='ltr'><strong>reverti</strong></span> <span class='ocrx_word' id='word_1_185' title='bbox 1349 1659 1554 1727; x_wconf 88' lang='lat' dir='ltr'><strong>mallet,</strong></span> <span class='ocrx_word' id='word_1_186' title='bbox 1602 1675 1698 1731; x_wconf 86' lang='lat' dir='ltr'><strong>per</strong></span> <span class='ocrx_word' id='word_1_187' title='bbox 1724 1659 1875 1716; x_wconf 80' lang='lat' dir='ltr'><strong>vicos</strong></span> <span class='ocrx_word' id='word_1_188' title='bbox 1927 1664 1984 1717; x_wconf 77' lang='lat' dir='ltr'><strong>et</strong></span> 
     </span>
    </p>
   </div>
   <div class='ocr_carea' id='block_1_29' title="bbox 2105 1655 3650 1734">
    <p class='ocr_par' dir='ltr' id='par_1_29' title="bbox 2105 1664 3650 1734">
     <span class='ocr_line' id='line_1_29' title="bbox 2105 1664 3650 1734; baseline 0.002 -20"><span class='ocrx_word' id='word_1_189' title='bbox 2105 1679 2211 1727; x_wconf 64' lang='grc' dir='ltr'>νας,</span> <span class='ocrx_word' id='word_1_190' title='bbox 2249 1664 2470 1721; x_wconf 81' lang='grc' dir='ltr'>ἐκέλευε</span> <span class='ocrx_word' id='word_1_191' title='bbox 2511 1664 2611 1734; x_wconf 69' lang='grc' dir='ltr'>τὴν</span> <span class='ocrx_word' id='word_1_192' title='bbox 2660 1665 2923 1734; x_wconf 74' lang='grc' dir='ltr'>στρατιὰν</span> <span class='ocrx_word' id='word_1_193' title='bbox 2957 1664 3183 1733; x_wconf 79' lang='grc' dir='ltr'>ἀνάγειν</span> <span class='ocrx_word' id='word_1_194' title='bbox 3212 1664 3306 1718; x_wconf 80' lang='grc' dir='ltr'>ἐπὶ</span> <span class='ocrx_word' id='word_1_195' title='bbox 3352 1664 3454 1728; x_wconf 84' lang='grc' dir='ltr'><strong>τὰς</strong></span> <span class='ocrx_word' id='word_1_196' title='bbox 3498 1664 3650 1726; x_wconf 88' lang='grc' dir='ltr'>ναῦς·</span> 
     </span>
    </p>
   </div>
   <div class='ocr_carea' id='block_1_30' title="bbox 408 1754 1998 1831">
    <p class='ocr_par' dir='ltr' id='par_1_30' title="bbox 408 1755 1985 1830">
     <span class='ocr_line' id='line_1_30' title="bbox 408 1755 1985 1830; baseline -0.004 -17"><span class='ocrx_word' id='word_1_197' title='bbox 408 1759 634 1830; x_wconf 85' lang='lat' dir='ltr'><strong>oppida,</strong></span> <span class='ocrx_word' id='word_1_198' title='bbox 668 1774 789 1828; x_wconf 76' lang='lat' dir='ltr'><strong>qua:</strong></span> <span class='ocrx_word' id='word_1_199' title='bbox 819 1757 1107 1812; x_wconf 81' lang='lat' dir='ltr'><strong>combusta</strong></span> <span class='ocrx_word' id='word_1_200' title='bbox 1149 1755 1260 1829; x_wconf 84' lang='lat' dir='ltr'><strong>jam</strong></span> <span class='ocrx_word' id='word_1_201' title='bbox 1289 1762 1497 1817; x_wconf 85' lang='lat' dir='ltr'><strong>essent,</strong></span> <span class='ocrx_word' id='word_1_202' title='bbox 1549 1762 1607 1808; x_wconf 87' lang='lat' dir='ltr'><strong>et</strong></span> <span class='ocrx_word' id='word_1_203' title='bbox 1654 1766 1840 1808; x_wconf 88' lang='lat' dir='ltr'><strong>rerum</strong></span> <span class='ocrx_word' id='word_1_204' title='bbox 1888 1768 1985 1807; x_wconf 87' lang='lat' dir='ltr'><strong>ne-</strong></span> 
     </span>
    </p>
   </div>
   <div class='ocr_carea' id='block_1_31' title="bbox 2105 1754 3653 1831">
    <p class='ocr_par' dir='ltr' id='par_1_31' title="bbox 2105 1754 3653 1831">
     <span class='ocr_line' id='line_1_31' title="bbox 2105 1754 3653 1831; baseline 0 -23"><span class='ocrx_word' id='word_1_205' title='bbox 2105 1756 2185 1809; x_wconf 70' lang='grc' dir='ltr'>ιαὶ</span> <span class='ocrx_word' id='word_1_206' title='bbox 2226 1754 2290 1825; x_wconf 81' lang='grc' dir='ltr'>δὴ</span> <span class='ocrx_word' id='word_1_207' title='bbox 2319 1755 2516 1819; x_wconf 69' lang='grc' dir='ltr'>νυκτὸς</span> <span class='ocrx_word' id='word_1_208' title='bbox 2557 1756 2649 1810; x_wconf 73' lang='grc' dir='ltr'><strong>τὸν</strong></span> <span class='ocrx_word' id='word_1_209' title='bbox 2674 1756 2926 1828; x_wconf 78' lang='grc' dir='ltr'>Τίγρητα</span> <span class='ocrx_word' id='word_1_210' title='bbox 2961 1755 3333 1822; x_wconf 77' lang='grc' dir='ltr'>πλεύσαντες,</span> <span class='ocrx_word' id='word_1_211' title='bbox 3371 1756 3503 1831; x_wconf 75' lang='grc' dir='ltr'>πρὸς</span> <span class='ocrx_word' id='word_1_212' title='bbox 3544 1758 3653 1819; x_wconf 79' lang='grc' dir='ltr'>ταῖς</span> 
     </span>
    </p>
   </div>
   <div class='ocr_carea' id='block_1_32' title="bbox 405 1843 1998 1921">
    <p class='ocr_par' dir='ltr' id='par_1_32' title="bbox 405 1843 1982 1920">
     <span class='ocr_line' id='line_1_32' title="bbox 405 1843 1982 1920; baseline -0.007 -12"><span class='ocrx_word' id='word_1_213' title='bbox 405 1854 777 1908; x_wconf 82' lang='lat' dir='ltr'><strong>cessariarum</strong></span> <span class='ocrx_word' id='word_1_214' title='bbox 824 1849 1057 1920; x_wconf 89' lang='lat' dir='ltr'><strong>penuria</strong></span> <span class='ocrx_word' id='word_1_215' title='bbox 1108 1857 1519 1918; x_wconf 89' lang='lat' dir='ltr'><strong>premerentur,</strong></span> <span class='ocrx_word' id='word_1_216' title='bbox 1574 1844 1823 1901; x_wconf 90' lang='lat' dir='ltr'><strong>eundum</strong></span> <span class='ocrx_word' id='word_1_217' title='bbox 1875 1843 1982 1903; x_wconf 81' lang='lat' dir='ltr'><strong>sibi</strong></span> 
     </span>
    </p>
   </div>
   <div class='ocr_carea' id='block_1_33' title="bbox 2105 1843 3651 1921">
    <p class='ocr_par' dir='ltr' id='par_1_33' title="bbox 2105 1844 3651 1921">
     <span class='ocr_line' id='line_1_33' title="bbox 2105 1844 3651 1921; baseline 0.006 -22"><span class='ocrx_word' id='word_1_218' title='bbox 2105 1849 2266 1917; x_wconf 71' lang='grc' dir='ltr'>πέραν</span> <span class='ocrx_word' id='word_1_219' title='bbox 2333 1844 2477 1919; x_wconf 74' lang='grc' dir='ltr'>ἦσαν</span> <span class='ocrx_word' id='word_1_220' title='bbox 2545 1847 2758 1921; x_wconf 82' lang='grc' dir='ltr'>δχθαις.</span> <span class='ocrx_word' id='word_1_221' title='bbox 2834 1850 2944 1909; x_wconf 74' lang='grc' dir='ltr'><strong>Καὶ</strong></span> <span class='ocrx_word' id='word_1_222' title='bbox 3018 1848 3407 1913; x_wconf 76' lang='grc' dir='ltr'>ἐκϐαίνοντες,</span> <span class='ocrx_word' id='word_1_223' title='bbox 3485 1848 3651 1918; x_wconf 78' lang='grc' dir='ltr'>μάχης</span> 
     </span>
    </p>
   </div>
   <div class='ocr_carea' id='block_1_34' title="bbox 409 1923 1998 2013">
    <p class='ocr_par' dir='ltr' id='par_1_34' title="bbox 409 1937 1981 2013">
     <span class='ocr_line' id='line_1_34' title="bbox 409 1937 1981 2013; baseline -0.007 -14"><span class='ocrx_word' id='word_1_224' title='bbox 409 1958 532 1999; x_wconf 88' lang='lat' dir='ltr'><strong>esse</strong></span> <span class='ocrx_word' id='word_1_225' title='bbox 570 1940 827 2008; x_wconf 79' lang='lat' dir='ltr'><strong>videret;</strong></span> <span class='ocrx_word' id='word_1_226' title='bbox 864 1940 1103 2013; x_wconf 69' lang='lat' dir='ltr'><strong>praemiis</strong></span> <span class='ocrx_word' id='word_1_227' title='bbox 1135 1938 1454 2010; x_wconf 86' lang='lat' dir='ltr'><strong>propositis,</strong></span> <span class='ocrx_word' id='word_1_228' title='bbox 1482 1937 1687 1992; x_wconf 84' lang='lat' dir='ltr'><strong>milites</strong></span> <span class='ocrx_word' id='word_1_229' title='bbox 1718 1944 1981 2006; x_wconf 88' lang='lat' dir='ltr'><strong>tanquam</strong></span> 
     </span>
    </p>
   </div>
   <div class='ocr_carea' id='block_1_35' title="bbox 2105 1923 3654 2013">
    <p class='ocr_par' dir='ltr' id='par_1_35' title="bbox 2105 1938 3654 2013">
     <span class='ocr_line' id='line_1_35' title="bbox 2105 1938 3654 2013; baseline 0 -22"><span class='ocrx_word' id='word_1_230' title='bbox 2105 1938 2347 2009; x_wconf 53' lang='lat' dir='ltr'><strong>intona.</strong></span> <span class='ocrx_word' id='word_1_231' title='bbox 2392 1939 2551 1993; x_wconf 84' lang='grc' dir='ltr'>Ὅσοι</span> <span class='ocrx_word' id='word_1_232' title='bbox 2604 1942 2706 2011; x_wconf 73' lang='grc' dir='ltr'>μὲν</span> <span class='ocrx_word' id='word_1_233' title='bbox 2735 1939 2828 1995; x_wconf 78' lang='grc' dir='ltr'>οὖν</span> <span class='ocrx_word' id='word_1_234' title='bbox 2858 1940 2967 1995; x_wconf 85' lang='grc' dir='ltr'><strong>τῶν</strong></span> <span class='ocrx_word' id='word_1_235' title='bbox 3016 1941 3243 2013; x_wconf 81' lang='grc' dir='ltr'>Περσῶν</span> <span class='ocrx_word' id='word_1_236' title='bbox 3275 1940 3528 2012; x_wconf 69' lang='grc' dir='ltr'>ᾔσθοντο,</span> <span class='ocrx_word' id='word_1_237' title='bbox 3560 1940 3654 1991; x_wconf 69' lang='grc' dir='ltr'>ἀνὰ</span> 
     </span>
    </p>
   </div>
   <div class='ocr_carea' id='block_1_36' title="bbox 411 2027 1998 2105">
    <p class='ocr_par' dir='ltr' id='par_1_36' title="bbox 411 2027 1997 2105">
     <span class='ocr_line' id='line_1_36' title="bbox 411 2027 1997 2105; baseline -0.004 -15"><span class='ocrx_word' id='word_1_238' title='bbox 411 2038 477 2090; x_wconf 87' lang='lat' dir='ltr'><strong>ad</strong></span> <span class='ocrx_word' id='word_1_239' title='bbox 550 2036 830 2105; x_wconf 87' lang='lat' dir='ltr'><strong>equestris</strong></span> <span class='ocrx_word' id='word_1_240' title='bbox 911 2031 1234 2089; x_wconf 82' lang='lat' dir='ltr'><strong>certaminis</strong></span> <span class='ocrx_word' id='word_1_241' title='bbox 1297 2028 1673 2101; x_wconf 76' lang='lat' dir='ltr'><strong>spectaculum</strong></span> <span class='ocrx_word' id='word_1_242' title='bbox 1742 2027 1997 2105; x_wconf 79' lang='lat' dir='ltr'><strong>vocavit.</strong></span> 
     </span>
    </p>
   </div>
   <div class='ocr_carea' id='block_1_37' title="bbox 2105 2027 3661 2105">
    <p class='ocr_par' dir='ltr' id='par_1_37' title="bbox 2105 2033 3661 2105">
     <span class='ocr_line' id='line_1_37' title="bbox 2105 2033 3661 2105; baseline 0.001 -19"><span class='ocrx_word' id='word_1_243' title='bbox 2105 2034 2294 2105; x_wconf 67' lang='grc' dir='ltr'>κράτος</span> <span class='ocrx_word' id='word_1_244' title='bbox 2318 2033 2611 2104; x_wconf 67' lang='grc' dir='ltr'>ἠμύνοντο.</span> <span class='ocrx_word' id='word_1_245' title='bbox 2646 2034 2869 2099; x_wconf 85' lang='grc' dir='ltr'>Πολλοῖς</span> <span class='ocrx_word' id='word_1_246' title='bbox 2903 2036 2961 2089; x_wconf 80' lang='grc' dir='ltr'>δὲ</span> <span class='ocrx_word' id='word_1_247' title='bbox 3002 2034 3209 2089; x_wconf 78' lang='grc' dir='ltr'>τούτων</span> <span class='ocrx_word' id='word_1_248' title='bbox 3234 2034 3467 2099; x_wconf 69' lang='grc' dir='ltr'>δξάπινα</span> <span class='ocrx_word' id='word_1_249' title='bbox 3500 2049 3661 2104; x_wconf 75' lang='grc' dir='ltr'>προσο</span> 
     </span>
    </p>
   </div>
   <div class='ocr_carea' id='block_1_38' title="bbox 411 2100 1998 2197">
    <p class='ocr_par' dir='ltr' id='par_1_38' title="bbox 411 2100 1983 2194">
     <span class='ocr_line' id='line_1_38' title="bbox 411 2100 1983 2194; baseline -0.003 -12"><span class='ocrx_word' id='word_1_250' title='bbox 411 2127 570 2194; x_wconf 81' lang='lat' dir='ltr'><strong>Quod</strong></span> <span class='ocrx_word' id='word_1_251' title='bbox 601 2142 724 2182; x_wconf 88' lang='lat' dir='ltr'><strong>cum</strong></span> <span class='ocrx_word' id='word_1_252' title='bbox 757 2128 931 2191; x_wconf 77' lang='lat' dir='ltr'><strong>fleret,</strong></span> <span class='ocrx_word' id='word_1_253' title='bbox 967 2125 1186 2182; x_wconf 81' lang='lat' dir='ltr'><strong>navium</strong></span> <span class='ocrx_word' id='word_1_254' title='bbox 1217 2122 1507 2194; x_wconf 58' lang='lat' dir='ltr'><strong>praefectos</strong></span> <span class='ocrx_word' id='word_1_255' title='bbox 1536 2100 1841 2177; x_wconf 63' lang='lat' dir='ltr'><strong>exonerare</strong></span> <span class='ocrx_word' id='word_1_256' title='bbox 1864 2136 1983 2186; x_wconf 87' lang='lat' dir='ltr'><strong>eas,</strong></span> 
     </span>
    </p>
   </div>
   <div class='ocr_carea' id='block_1_39' title="bbox 2105 2100 3664 2197">
    <p class='ocr_par' dir='ltr' id='par_1_39' title="bbox 2105 2100 3664 2197">
     <span class='ocr_line' id='line_1_39' title="bbox 2105 2100 3664 2197; baseline 0.001 -19"><span class='ocrx_word' id='word_1_257' title='bbox 2105 2100 2371 2188; x_wconf 43' lang='lat' dir='ltr'><strong>sanavit-:9</strong></span> <span class='ocrx_word' id='word_1_258' title='bbox 2401 2126 2687 2196; x_wconf 80' lang='grc' dir='ltr'>Ῥωμαῖοι,</span> <span class='ocrx_word' id='word_1_259' title='bbox 2723 2126 3005 2182; x_wconf 74' lang='grc' dir='ltr'>ἔκτειναν·</span> <span class='ocrx_word' id='word_1_260' title='bbox 3040 2130 3132 2183; x_wconf 76' lang='grc' dir='ltr'>καὶ</span> <span class='ocrx_word' id='word_1_261' title='bbox 3184 2128 3251 2181; x_wconf 78' lang='grc' dir='ltr'><strong>δι’</strong></span> <span class='ocrx_word' id='word_1_262' title='bbox 3283 2128 3416 2194; x_wconf 80' lang='grc' dir='ltr'>ὅλης</span> <span class='ocrx_word' id='word_1_263' title='bbox 3457 2100 3664 2197; x_wconf 74' lang='grc' dir='ltr'>ἡμέρας</span> 
     </span>
    </p>
   </div>
   <div class='ocr_carea' id='block_1_40' title="bbox 415 2209 1998 2292">
    <p class='ocr_par' dir='ltr' id='par_1_40' title="bbox 415 2209 1986 2282">
     <span class='ocr_line' id='line_1_40' title="bbox 415 2209 1986 2282; baseline -0.003 -6"><span class='ocrx_word' id='word_1_264' title='bbox 415 2231 472 2276; x_wconf 92' lang='lat' dir='ltr'><strong>et</strong></span> <span class='ocrx_word' id='word_1_265' title='bbox 502 2209 844 2275; x_wconf 79' lang='lat' dir='ltr'><strong>frumentum</strong></span> <span class='ocrx_word' id='word_1_266' title='bbox 883 2212 1165 2274; x_wconf 80' lang='lat' dir='ltr'><strong>exercitus</strong></span> <span class='ocrx_word' id='word_1_267' title='bbox 1202 2232 1365 2273; x_wconf 89' lang='lat' dir='ltr'><strong>omne</strong></span> <span class='ocrx_word' id='word_1_268' title='bbox 1395 2225 1450 2270; x_wconf 87' lang='lat' dir='ltr'><strong>et</strong></span> <span class='ocrx_word' id='word_1_269' title='bbox 1483 2214 1882 2282; x_wconf 88' lang='lat' dir='ltr'><strong>impedimenta</strong></span> <span class='ocrx_word' id='word_1_270' title='bbox 1929 2215 1986 2271; x_wconf 85' lang='lat' dir='ltr'><strong>in</strong></span> 
     </span>
    </p>
   </div>
   <div class='ocr_carea' id='block_1_41' title="bbox 2105 2209 3666 2292">
    <p class='ocr_par' dir='ltr' id='par_1_41' title="bbox 2105 2217 3666 2292">
     <span class='ocr_line' id='line_1_41' title="bbox 2105 2217 3666 2292; baseline 0.001 -23"><span class='ocrx_word' id='word_1_271' title='bbox 2105 2218 2502 2288; x_wconf 69' lang='grc' dir='ltr'>συνερρήγνυτο</span> <span class='ocrx_word' id='word_1_272' title='bbox 2525 2220 2675 2292; x_wconf 87' lang='grc' dir='ltr'>μάχη</span> <span class='ocrx_word' id='word_1_273' title='bbox 2707 2217 2959 2289; x_wconf 76' lang='grc' dir='ltr'>λαμπρά.</span> <span class='ocrx_word' id='word_1_274' title='bbox 2986 2218 3225 2281; x_wconf 73' lang='grc' dir='ltr'>Πολλοὺς</span> <span class='ocrx_word' id='word_1_275' title='bbox 3255 2219 3438 2273; x_wconf 79' lang='grc' dir='ltr'>τοίνυν</span> <span class='ocrx_word' id='word_1_276' title='bbox 3465 2218 3666 2273; x_wconf 62' lang='grc' dir='ltr'>ἀποθα-</span> 
     </span>
    </p>
   </div>
   <div class='ocr_carea' id='block_1_42' title="bbox 417 2304 1998 2382">
    <p class='ocr_par' dir='ltr' id='par_1_42' title="bbox 417 2305 1990 2381">
     <span class='ocr_line' id='line_1_42' title="bbox 417 2305 1990 2381; baseline -0.003 -13"><span class='ocrx_word' id='word_1_277' title='bbox 417 2312 595 2369; x_wconf 82' lang='lat' dir='ltr'><strong>uudas</strong></span> <span class='ocrx_word' id='word_1_278' title='bbox 644 2311 830 2381; x_wconf 85' lang='lat' dir='ltr'><strong>jacere</strong></span> <span class='ocrx_word' id='word_1_279' title='bbox 882 2309 1072 2380; x_wconf 78' lang='lat' dir='ltr'><strong>jussit,</strong></span> <span class='ocrx_word' id='word_1_280' title='bbox 1127 2315 1189 2362; x_wconf 91' lang='lat' dir='ltr'><strong>ut</strong></span> <span class='ocrx_word' id='word_1_281' title='bbox 1232 2307 1437 2362; x_wconf 84' lang='lat' dir='ltr'><strong>milites</strong></span> <span class='ocrx_word' id='word_1_282' title='bbox 1485 2322 1605 2362; x_wconf 88' lang='lat' dir='ltr'><strong>sese</strong></span> <span class='ocrx_word' id='word_1_283' title='bbox 1658 2305 1713 2360; x_wconf 93' lang='lat' dir='ltr'><strong>in</strong></span> <span class='ocrx_word' id='word_1_284' title='bbox 1769 2321 1990 2364; x_wconf 79' lang='lat' dir='ltr'><strong>summa</strong></span> 
     </span>
    </p>
   </div>
   <div class='ocr_carea' id='block_1_43' title="bbox 2105 2304 3670 2382">
    <p class='ocr_par' dir='ltr' id='par_1_43' title="bbox 2105 2304 3670 2382">
     <span class='ocr_line' id='line_1_43' title="bbox 2105 2304 3670 2382; baseline 0.003 -20"><span class='ocrx_word' id='word_1_285' title='bbox 2105 2313 2306 2374; x_wconf 65' lang='grc' dir='ltr'>λόντες,</span> <span class='ocrx_word' id='word_1_286' title='bbox 2328 2310 2430 2380; x_wconf 83' lang='grc' dir='ltr'><strong>οὐχ</strong></span> <span class='ocrx_word' id='word_1_287' title='bbox 2454 2304 2618 2382; x_wconf 75' lang='grc' dir='ltr'>ἦττον</span> <span class='ocrx_word' id='word_1_288' title='bbox 2639 2310 2697 2364; x_wconf 85' lang='grc' dir='ltr'>δὲ</span> <span class='ocrx_word' id='word_1_289' title='bbox 2715 2315 2810 2363; x_wconf 76' lang='grc' dir='ltr'>καὶ</span> <span class='ocrx_word' id='word_1_290' title='bbox 2836 2309 3174 2376; x_wconf 86' lang='grc' dir='ltr'>κτείναντες.</span> <span class='ocrx_word' id='word_1_291' title='bbox 3194 2312 3277 2375; x_wconf 82' lang='grc' dir='ltr'><strong>είς</strong></span> <span class='ocrx_word' id='word_1_292' title='bbox 3307 2311 3400 2364; x_wconf 78' lang='grc' dir='ltr'>τὸν</span> <span class='ocrx_word' id='word_1_293' title='bbox 3430 2311 3670 2380; x_wconf 74' lang='grc' dir='ltr'>ποταμὸν</span> 
     </span>
    </p>
   </div>
   <div class='ocr_carea' id='block_1_44' title="bbox 416 2396 1998 2475">
    <p class='ocr_par' dir='ltr' id='par_1_44' title="bbox 416 2397 1990 2472">
     <span class='ocr_line' id='line_1_44' title="bbox 416 2397 1990 2472; baseline -0.004 -13"><span class='ocrx_word' id='word_1_294' title='bbox 416 2418 601 2459; x_wconf 84' lang='lat' dir='ltr'><strong>rerum</strong></span> <span class='ocrx_word' id='word_1_295' title='bbox 660 2400 846 2472; x_wconf 89' lang='lat' dir='ltr'><strong>inopia</strong></span> <span class='ocrx_word' id='word_1_296' title='bbox 896 2409 953 2456; x_wconf 92' lang='lat' dir='ltr'><strong>et</strong></span> <span class='ocrx_word' id='word_1_297' title='bbox 1002 2401 1060 2459; x_wconf 89' lang='lat' dir='ltr'><strong>in</strong></span> <span class='ocrx_word' id='word_1_298' title='bbox 1113 2400 1298 2454; x_wconf 90' lang='lat' dir='ltr'><strong>medio</strong></span> <span class='ocrx_word' id='word_1_299' title='bbox 1340 2399 1590 2471; x_wconf 88' lang='lat' dir='ltr'><strong>periculo</strong></span> <span class='ocrx_word' id='word_1_300' title='bbox 1618 2397 1828 2454; x_wconf 90' lang='lat' dir='ltr'><strong>versari</strong></span> <span class='ocrx_word' id='word_1_301' title='bbox 1868 2413 1990 2455; x_wconf 88' lang='lat' dir='ltr'><strong>cer-</strong></span> 
     </span>
    </p>
   </div>
   <div class='ocr_carea' id='block_1_45' title="bbox 2105 2396 3671 2475">
    <p class='ocr_par' dir='ltr' id='par_1_45' title="bbox 2105 2396 3671 2475">
     <span class='ocr_line' id='line_1_45' title="bbox 2105 2396 3671 2475; baseline 0.004 -22"><span class='ocrx_word' id='word_1_302' title='bbox 2105 2396 2233 2475; x_wconf 76' lang='grc' dir='ltr'>ἧκον</span> <span class='ocrx_word' id='word_1_303' title='bbox 2260 2416 2274 2430; x_wconf 92' lang='grc'><strong>·</strong></span> <span class='ocrx_word' id='word_1_304' title='bbox 2334 2406 2429 2454; x_wconf 76' lang='grc' dir='ltr'>καὶ</span> <span class='ocrx_word' id='word_1_305' title='bbox 2476 2401 2582 2473; x_wconf 80' lang='grc' dir='ltr'>πρὸ</span> <span class='ocrx_word' id='word_1_306' title='bbox 2640 2404 2741 2474; x_wconf 74' lang='grc' dir='ltr'>τῆς</span> <span class='ocrx_word' id='word_1_307' title='bbox 2806 2403 3202 2474; x_wconf 74' lang='grc' dir='ltr'>Κτησιφῶντος</span> <span class='ocrx_word' id='word_1_308' title='bbox 3247 2403 3311 2457; x_wconf 78' lang='grc' dir='ltr'>τὸ</span> <span class='ocrx_word' id='word_1_309' title='bbox 3359 2403 3671 2475; x_wconf 78' lang='grc' dir='ltr'>στράτευμα</span> 
     </span>
    </p>
   </div>
   <div class='ocr_carea' id='block_1_46' title="bbox 417 2489 1998 2564">
    <p class='ocr_par' dir='ltr' id='par_1_46' title="bbox 417 2489 1991 2564">
     <span class='ocr_line' id='line_1_46' title="bbox 417 2489 1991 2564; baseline -0.003 -14"><span class='ocrx_word' id='word_1_310' title='bbox 417 2510 631 2556; x_wconf 89' lang='lat' dir='ltr'><strong>nentes.</strong></span> <span class='ocrx_word' id='word_1_311' title='bbox 665 2494 837 2549; x_wconf 80' lang='lat' dir='ltr'><strong>fortes</strong></span> <span class='ocrx_word' id='word_1_312' title='bbox 867 2493 1224 2564; x_wconf 87' lang='lat' dir='ltr'><strong>conciperent</strong></span> <span class='ocrx_word' id='word_1_313' title='bbox 1271 2493 1511 2553; x_wconf 84' lang='lat' dir='ltr'><strong>animos.</strong></span> <span class='ocrx_word' id='word_1_314' title='bbox 1557 2500 1615 2546; x_wconf 89' lang='lat' dir='ltr'><strong>et</strong></span> <span class='ocrx_word' id='word_1_315' title='bbox 1660 2500 1889 2552; x_wconf 81' lang='lat' dir='ltr'><strong>strenue</strong></span> <span class='ocrx_word' id='word_1_316' title='bbox 1934 2489 1991 2550; x_wconf 89' lang='lat' dir='ltr'><strong>in</strong></span> 
     </span>
    </p>
   </div>
   <div class='ocr_carea' id='block_1_47' title="bbox 2105 2489 2501 2564">
    <p class='ocr_par' dir='ltr' id='par_1_47' title="bbox 2105 2491 2501 2562">
     <span class='ocr_line' id='line_1_47' title="bbox 2105 2491 2501 2562; baseline 0.01 -17"><span class='ocrx_word' id='word_1_317' title='bbox 2105 2491 2501 2562; x_wconf 72' lang='grc' dir='ltr'>παρετάσσετο.</span> 
     </span>
    </p>
   </div>
   <div class='ocr_carea' id='block_1_48' title="bbox 417 2575 3675 2660">
    <p class='ocr_par' dir='ltr' id='par_1_48' title="bbox 417 2575 3675 2660">
     <span class='ocr_line' id='line_1_48' title="bbox 417 2575 3675 2660; baseline 0 -17"><span class='ocrx_word' id='word_1_318' title='bbox 417 2591 609 2660; x_wconf 75' lang='lat' dir='ltr'><strong>pra-lio</strong></span> <span class='ocrx_word' id='word_1_319' title='bbox 636 2604 760 2644; x_wconf 86' lang='lat' dir='ltr'><strong>cum</strong></span> <span class='ocrx_word' id='word_1_320' title='bbox 796 2588 1051 2645; x_wconf 90' lang='lat' dir='ltr'><strong>hostibus</strong></span> <span class='ocrx_word' id='word_1_321' title='bbox 1079 2575 1566 2660; x_wconf 77' lang='lat' dir='ltr'><strong>congrederentur.</strong></span> <span class='ocrx_word' id='word_1_322' title='bbox 1615 2584 1683 2639; x_wconf 87' lang='lat' dir='ltr'><strong>Et</strong></span> <span class='ocrx_word' id='word_1_323' title='bbox 1750 2583 2008 2642; x_wconf 87' lang='lat' dir='ltr'><strong>ordinum</strong></span> <span class='ocrx_word' id='word_1_324' title='bbox 2049 2583 2378 2642; x_wconf 86' lang='lat' dir='ltr'><strong>ductoribus</strong></span> <span class='ocrx_word' id='word_1_325' title='bbox 2452 2595 2577 2657; x_wconf 87' lang='lat' dir='ltr'><strong>post</strong></span> <span class='ocrx_word' id='word_1_326' title='bbox 2635 2603 2848 2645; x_wconf 72' lang='lat' dir='ltr'><strong>cmnam</strong></span> <span class='ocrx_word' id='word_1_327' title='bbox 2892 2586 3237 2656; x_wconf 85' lang='lat' dir='ltr'><strong>conv‘ocatis,</strong></span> <span class='ocrx_word' id='word_1_328' title='bbox 3281 2587 3487 2644; x_wconf 81' lang='lat' dir='ltr'><strong>milites</strong></span> <span class='ocrx_word' id='word_1_329' title='bbox 3524 2589 3675 2644; x_wconf 80' lang='lat' dir='ltr'><strong>navi-</strong></span> 
     </span>
    </p>
   </div>
   <div class='ocr_carea' id='block_1_49' title="bbox 421 2676 3672 2755">
    <p class='ocr_par' dir='ltr' id='par_1_49' title="bbox 421 2676 3672 2755">
     <span class='ocr_line' id='line_1_49' title="bbox 421 2676 3672 2755; baseline -0.001 -16"><span class='ocrx_word' id='word_1_330' title='bbox 421 2685 527 2740; x_wconf 86' lang='lat' dir='ltr'><strong>bus</strong></span> <span class='ocrx_word' id='word_1_331' title='bbox 559 2686 846 2755; x_wconf 89' lang='lat' dir='ltr'><strong>imponere</strong></span> <span class='ocrx_word' id='word_1_332' title='bbox 891 2678 1215 2737; x_wconf 85' lang='lat' dir='ltr'><strong>mandavit:</strong></span> <span class='ocrx_word' id='word_1_333' title='bbox 1251 2689 1531 2750; x_wconf 87' lang='lat' dir='ltr'><strong>noctuque</strong></span> <span class='ocrx_word' id='word_1_334' title='bbox 1602 2676 1829 2751; x_wconf 80' lang='lat' dir='ltr'><strong>Tigride</strong></span> <span class='ocrx_word' id='word_1_335' title='bbox 1873 2679 2221 2752; x_wconf 84' lang='lat' dir='ltr'><strong>transmisso,</strong></span> <span class='ocrx_word' id='word_1_336' title='bbox 2248 2679 2304 2734; x_wconf 91' lang='lat' dir='ltr'><strong>in</strong></span> <span class='ocrx_word' id='word_1_337' title='bbox 2336 2680 2514 2751; x_wconf 84' lang='lat' dir='ltr'><strong>ripam</strong></span> <span class='ocrx_word' id='word_1_338' title='bbox 2583 2682 2913 2737; x_wconf 86' lang='lat' dir='ltr'><strong>ulteriorem</strong></span> <span class='ocrx_word' id='word_1_339' title='bbox 2983 2683 3060 2744; x_wconf 87' lang='lat' dir='ltr'><strong>illi</strong></span> <span class='ocrx_word' id='word_1_340' title='bbox 3103 2682 3365 2753; x_wconf 78' lang='lat' dir='ltr'><strong>expositi,</strong></span> <span class='ocrx_word' id='word_1_341' title='bbox 3441 2698 3672 2753; x_wconf 79' lang='lat' dir='ltr'><strong>pugnam</strong></span> 
     </span>
    </p>
   </div>
   <div class='ocr_carea' id='block_1_50' title="bbox 421 2777 3675 2850">
    <p class='ocr_par' dir='ltr' id='par_1_50' title="bbox 421 2777 3675 2850">
     <span class='ocr_line' id='line_1_50' title="bbox 421 2777 3675 2850; baseline -0 -15"><span class='ocrx_word' id='word_1_342' title='bbox 421 2781 616 2836; x_wconf 84' lang='lat' dir='ltr'><strong>iniere.</strong></span> <span class='ocrx_word' id='word_1_343' title='bbox 651 2779 808 2847; x_wconf 84' lang='lat' dir='ltr'><strong>Quod</strong></span> <span class='ocrx_word' id='word_1_344' title='bbox 843 2779 937 2834; x_wconf 92' lang='lat' dir='ltr'><strong>ubi</strong></span> <span class='ocrx_word' id='word_1_345' title='bbox 973 2779 1263 2836; x_wconf 85' lang='lat' dir='ltr'><strong>Persarum</strong></span> <span class='ocrx_word' id='word_1_346' title='bbox 1298 2777 1524 2849; x_wconf 88' lang='lat' dir='ltr'><strong>quidam</strong></span> <span class='ocrx_word' id='word_1_347' title='bbox 1599 2790 1847 2838; x_wconf 85' lang='lat' dir='ltr'><strong>sensere,</strong></span> <span class='ocrx_word' id='word_1_348' title='bbox 1916 2781 2145 2832; x_wconf 81' lang='lat' dir='ltr'><strong>strenue</strong></span> <span class='ocrx_word' id='word_1_349' title='bbox 2211 2777 2295 2843; x_wconf 82' lang='lat' dir='ltr'><strong>eis</strong></span> <span class='ocrx_word' id='word_1_350' title='bbox 2359 2777 2578 2834; x_wconf 86' lang='lat' dir='ltr'><strong>obviam</strong></span> <span class='ocrx_word' id='word_1_351' title='bbox 2611 2794 2956 2850; x_wconf 84' lang='lat' dir='ltr'><strong>processere.</strong></span> <span class='ocrx_word' id='word_1_352' title='bbox 2991 2778 3130 2834; x_wconf 91' lang='lat' dir='ltr'><strong>Cum</strong></span> <span class='ocrx_word' id='word_1_353' title='bbox 3158 2779 3364 2849; x_wconf 88' lang='lat' dir='ltr'><strong>quibus</strong></span> <span class='ocrx_word' id='word_1_354' title='bbox 3392 2778 3675 2834; x_wconf 80' lang='lat' dir='ltr'><strong>confestim</strong></span> 
     </span>
    </p>
   </div>
   <div class='ocr_carea' id='block_1_51' title="bbox 421 2867 3679 2943">
    <p class='ocr_par' dir='ltr' id='par_1_51' title="bbox 421 2867 3679 2943">
     <span class='ocr_line' id='line_1_51' title="bbox 421 2867 3679 2943; baseline -0.001 -14"><span class='ocrx_word' id='word_1_355' title='bbox 421 2874 656 2935; x_wconf 81' lang='lat' dir='ltr'><strong>Romani</strong></span> <span class='ocrx_word' id='word_1_356' title='bbox 692 2888 857 2928; x_wconf 89' lang='lat' dir='ltr'><strong>manu</strong></span> <span class='ocrx_word' id='word_1_357' title='bbox 885 2879 1162 2937; x_wconf 87' lang='lat' dir='ltr'><strong>conserta,</strong></span> <span class='ocrx_word' id='word_1_358' title='bbox 1205 2871 1410 2931; x_wconf 90' lang='lat' dir='ltr'><strong>multos</strong></span> <span class='ocrx_word' id='word_1_359' title='bbox 1474 2871 1789 2936; x_wconf 88' lang='lat' dir='ltr'><strong>concidere,</strong></span> <span class='ocrx_word' id='word_1_360' title='bbox 1854 2867 2059 2923; x_wconf 86' lang='lat' dir='ltr'><strong>multos</strong></span> <span class='ocrx_word' id='word_1_361' title='bbox 2096 2868 2263 2927; x_wconf 87' lang='lat' dir='ltr'><strong>etiam</strong></span> <span class='ocrx_word' id='word_1_362' title='bbox 2328 2886 2526 2927; x_wconf 90' lang='lat' dir='ltr'><strong>somno</strong></span> <span class='ocrx_word' id='word_1_363' title='bbox 2573 2872 2758 2929; x_wconf 86' lang='lat' dir='ltr'><strong>adhuc</strong></span> <span class='ocrx_word' id='word_1_364' title='bbox 2821 2872 3119 2943; x_wconf 70' lang='lat' dir='ltr'><strong>Oppress&#39;os</strong></span> <span class='ocrx_word' id='word_1_365' title='bbox 3180 2873 3535 2930; x_wconf 57' lang='lat' dir='ltr'><strong>interc-mere.</strong></span> <span class='ocrx_word' id='word_1_366' title='bbox 3604 2874 3679 2935; x_wconf 75' lang='lat' dir='ltr'><strong>Ac</strong></span> 
     </span>
    </p>
   </div>
   <div class='ocr_carea' id='block_1_52' title="bbox 421 2963 3680 3040">
    <p class='ocr_par' dir='ltr' id='par_1_52' title="bbox 421 2963 3680 3040">
     <span class='ocr_line' id='line_1_52' title="bbox 421 2963 3680 3040; baseline -0 -17"><span class='ocrx_word' id='word_1_367' title='bbox 421 2967 623 3023; x_wconf 84' lang='lat' dir='ltr'><strong>deinde</strong></span> <span class='ocrx_word' id='word_1_368' title='bbox 646 2963 737 3020; x_wconf 91' lang='lat' dir='ltr'><strong>die</strong></span> <span class='ocrx_word' id='word_1_369' title='bbox 771 2972 883 3019; x_wconf 93' lang='lat' dir='ltr'><strong>toto</strong></span> <span class='ocrx_word' id='word_1_370' title='bbox 918 2964 1113 3034; x_wconf 83' lang='lat' dir='ltr'><strong>ingens</strong></span> <span class='ocrx_word' id='word_1_371' title='bbox 1146 2970 1432 3024; x_wconf 85' lang='lat' dir='ltr'><strong>certamen</strong></span> <span class='ocrx_word' id='word_1_372' title='bbox 1458 2977 1544 3019; x_wconf 74' lang='grc' dir='ltr'><strong>εει</strong></span> <span class='ocrx_word' id='word_1_373' title='bbox 1602 2963 1986 3022; x_wconf 85' lang='lat' dir='ltr'><strong>continuatum</strong></span> <span class='ocrx_word' id='word_1_374' title='bbox 2025 2978 2041 3016; x_wconf 92' lang='lat'><strong>:</strong></span> <span class='ocrx_word' id='word_1_375' title='bbox 2082 2974 2140 3019; x_wconf 89' lang='lat' dir='ltr'><strong>et</strong></span> <span class='ocrx_word' id='word_1_376' title='bbox 2177 2963 2434 3034; x_wconf 87' lang='lat' dir='ltr'><strong>pluribus</strong></span> <span class='ocrx_word' id='word_1_377' title='bbox 2500 2966 2741 3036; x_wconf 83' lang='lat' dir='ltr'><strong>rejectis,</strong></span> <span class='ocrx_word' id='word_1_378' title='bbox 2782 2981 2888 3023; x_wconf 87' lang='lat' dir='ltr'><strong>nec</strong></span> <span class='ocrx_word' id='word_1_379' title='bbox 2938 2967 3294 3040; x_wconf 83' lang='lat' dir='ltr'><strong>pauclorihns</strong></span> <span class='ocrx_word' id='word_1_380' title='bbox 3330 2966 3568 3034; x_wconf 77' lang='lat' dir='ltr'><strong>occisis,</strong></span> <span class='ocrx_word' id='word_1_381' title='bbox 3615 2968 3680 3022; x_wconf 75' lang='lat' dir='ltr'><strong>ad</strong></span> 
     </span>
    </p>
   </div>
   <div class='ocr_carea' id='block_1_53' title="bbox 424 3052 2744 3129">
    <p class='ocr_par' dir='ltr' id='par_1_53' title="bbox 424 3052 2744 3129">
     <span class='ocr_line' id='line_1_53' title="bbox 424 3052 2744 3129; baseline 0 -13"><span class='ocrx_word' id='word_1_382' title='bbox 424 3061 654 3116; x_wconf 80' lang='lat' dir='ltr'><strong>ﬂuvium</strong></span> <span class='ocrx_word' id='word_1_383' title='bbox 706 3056 939 3114; x_wconf 80' lang='lat' dir='ltr'><strong>Romani</strong></span> <span class='ocrx_word' id='word_1_384' title='bbox 992 3056 1234 3122; x_wconf 84' lang='lat' dir='ltr'><strong>rediere,</strong></span> <span class='ocrx_word' id='word_1_385' title='bbox 1283 3065 1342 3117; x_wconf 85' lang='lat' dir='ltr'><strong>et</strong></span> <span class='ocrx_word' id='word_1_386' title='bbox 1390 3066 1520 3110; x_wconf 86' lang='lat' dir='ltr'><strong>ante</strong></span> <span class='ocrx_word' id='word_1_387' title='bbox 1569 3054 1764 3109; x_wconf 88' lang='lat' dir='ltr'><strong>urbem</strong></span> <span class='ocrx_word' id='word_1_388' title='bbox 1814 3052 2231 3126; x_wconf 78' lang='lat' dir='ltr'><strong>Ctesiphontem</strong></span> <span class='ocrx_word' id='word_1_389' title='bbox 2270 3067 2453 3112; x_wconf 86' lang='lat' dir='ltr'><strong>castra</strong></span> <span class='ocrx_word' id='word_1_390' title='bbox 2480 3073 2744 3129; x_wconf 84' lang='lat' dir='ltr'><strong>posuere.</strong></span> 
     </span>
    </p>
   </div>
   <div class='ocr_carea' id='block_1_54' title="bbox 504 3146 1999 3227">
    <p class='ocr_par' dir='ltr' id='par_1_54' title="bbox 504 3146 1999 3227">
     <span class='ocr_line' id='line_1_54' title="bbox 504 3146 1999 3227; baseline -0.005 -16"><span class='ocrx_word' id='word_1_391' title='bbox 504 3156 617 3227; x_wconf 74' lang='lat'><strong>80</strong></span> <span class='ocrx_word' id='word_1_392' title='bbox 654 3153 924 3210; x_wconf 63' lang='lat' dir='ltr'><strong>Caeterum</strong></span> <span class='ocrx_word' id='word_1_393' title='bbox 953 3150 1271 3222; x_wconf 87' lang='lat' dir='ltr'><strong>imperatori</strong></span> <span class='ocrx_word' id='word_1_394' title='bbox 1305 3158 1365 3204; x_wconf 89' lang='lat' dir='ltr'><strong>ut</strong></span> <span class='ocrx_word' id='word_1_395' title='bbox 1387 3148 1622 3207; x_wconf 87' lang='lat' dir='ltr'><strong>ulterius</strong></span> <span class='ocrx_word' id='word_1_396' title='bbox 1647 3146 1999 3219; x_wconf 61' lang='lat' dir='ltr'><strong>proredcret,</strong></span> 
     </span>
    </p>
   </div>
   <div class='ocr_carea' id='block_1_55' title="bbox 423 3237 1998 3309">
    <p class='ocr_par' dir='ltr' id='par_1_55' title="bbox 423 3237 1998 3309">
     <span class='ocr_line' id='line_1_55' title="bbox 423 3237 1998 3309; baseline -0.008 -4"><span class='ocrx_word' id='word_1_397' title='bbox 423 3248 723 3305; x_wconf 86' lang='lat' dir='ltr'><strong>consilium</strong></span> <span class='ocrx_word' id='word_1_398' title='bbox 759 3259 882 3300; x_wconf 89' lang='lat' dir='ltr'><strong>esse</strong></span> <span class='ocrx_word' id='word_1_399' title='bbox 916 3244 1097 3297; x_wconf 89' lang='lat' dir='ltr'><strong>visum</strong></span> <span class='ocrx_word' id='word_1_400' title='bbox 1132 3256 1241 3295; x_wconf 92' lang='lat' dir='ltr'><strong>non</strong></span> <span class='ocrx_word' id='word_1_401' title='bbox 1280 3248 1368 3302; x_wconf 83' lang='lat' dir='ltr'><strong>est</strong></span> <span class='ocrx_word' id='word_1_402' title='bbox 1400 3259 1414 3296; x_wconf 88' lang='lat'><strong>:</strong></span> <span class='ocrx_word' id='word_1_403' title='bbox 1450 3239 1547 3294; x_wconf 82' lang='lat' dir='ltr'><strong>sed</strong></span> <span class='ocrx_word' id='word_1_404' title='bbox 1602 3238 1776 3309; x_wconf 79' lang='lat' dir='ltr'><strong>magis</strong></span> <span class='ocrx_word' id='word_1_405' title='bbox 1811 3237 1890 3303; x_wconf 87' lang='lat' dir='ltr'><strong>ei,</strong></span> <span class='ocrx_word' id='word_1_406' title='bbox 1936 3247 1998 3292; x_wconf 92' lang='lat' dir='ltr'><strong>ut</strong></span> 
     </span>
    </p>
   </div>
   <div class='ocr_carea' id='block_1_56' title="bbox 428 3330 1998 3404">
    <p class='ocr_par' dir='ltr' id='par_1_56' title="bbox 428 3330 1998 3404">
     <span class='ocr_line' id='line_1_56' title="bbox 428 3330 1998 3404; baseline -0.009 -6"><span class='ocrx_word' id='word_1_407' title='bbox 428 3355 603 3398; x_wconf 83' lang='lat' dir='ltr'><strong>naves</strong></span> <span class='ocrx_word' id='word_1_408' title='bbox 625 3336 1074 3399; x_wconf 88' lang='lat' dir='ltr'><strong>incenderentur,</strong></span> <span class='ocrx_word' id='word_1_409' title='bbox 1100 3340 1392 3404; x_wconf 87' lang='lat' dir='ltr'><strong>propterea</strong></span> <span class='ocrx_word' id='word_1_410' title='bbox 1435 3330 1581 3402; x_wconf 88' lang='lat' dir='ltr'><strong>quod</strong></span> <span class='ocrx_word' id='word_1_411' title='bbox 1607 3345 1797 3385; x_wconf 87' lang='lat' dir='ltr'><strong>earum</strong></span> <span class='ocrx_word' id='word_1_412' title='bbox 1829 3344 1998 3385; x_wconf 79' lang='lat' dir='ltr'><strong>causa</strong></span> 
     </span>
    </p>
   </div>
   <div class='ocr_carea' id='block_1_57' title="bbox 428 3421 2000 3498">
    <p class='ocr_par' dir='ltr' id='par_1_57' title="bbox 428 3421 2000 3498">
     <span class='ocr_line' id='line_1_57' title="bbox 428 3421 2000 3498; baseline -0.01 -7"><span class='ocrx_word' id='word_1_413' title='bbox 428 3433 639 3491; x_wconf 85' lang='lat' dir='ltr'><strong>milites</strong></span> <span class='ocrx_word' id='word_1_414' title='bbox 670 3428 875 3485; x_wconf 88' lang='lat' dir='ltr'><strong>multos</strong></span> <span class='ocrx_word' id='word_1_415' title='bbox 899 3443 929 3482; x_wconf 76' lang='grc' dir='ltr'><strong>ιι</strong></span> <span class='ocrx_word' id='word_1_416' title='bbox 966 3440 1148 3498; x_wconf 79' lang='lat' dir='ltr'><strong>pugna</strong></span> <span class='ocrx_word' id='word_1_417' title='bbox 1190 3425 1382 3479; x_wconf 84' lang='lat' dir='ltr'><strong>abesse</strong></span> <span class='ocrx_word' id='word_1_418' title='bbox 1420 3430 1725 3495; x_wconf 87' lang='lat' dir='ltr'><strong>eporteret,</strong></span> <span class='ocrx_word' id='word_1_419' title='bbox 1768 3421 2000 3492; x_wconf 90' lang='lat' dir='ltr'><strong>placuit.</strong></span> 
     </span>
    </p>
   </div>
   <div class='ocr_carea' id='block_1_58' title="bbox 427 3507 2002 3592">
    <p class='ocr_par' dir='ltr' id='par_1_58' title="bbox 427 3507 2002 3592">
     <span class='ocr_line' id='line_1_58' title="bbox 427 3507 2002 3592; baseline -0.011 -13"><span class='ocrx_word' id='word_1_420' title='bbox 427 3523 499 3580; x_wconf 82' lang='lat' dir='ltr'><strong>Et</strong></span> <span class='ocrx_word' id='word_1_421' title='bbox 519 3521 632 3592; x_wconf 80' lang='lat' dir='ltr'><strong>jam</strong></span> <span class='ocrx_word' id='word_1_422' title='bbox 655 3533 781 3573; x_wconf 90' lang='lat' dir='ltr'><strong>eum</strong></span> <span class='ocrx_word' id='word_1_423' title='bbox 808 3515 986 3585; x_wconf 88' lang='lat' dir='ltr'><strong>copiis</strong></span> <span class='ocrx_word' id='word_1_424' title='bbox 1011 3514 1133 3579; x_wconf 23' lang='lat' dir='ltr'><strong>suis.</strong></span> <span class='ocrx_word' id='word_1_425' title='bbox 1157 3512 1396 3567; x_wconf 88' lang='lat' dir='ltr'><strong>reditum</strong></span> <span class='ocrx_word' id='word_1_426' title='bbox 1429 3512 1485 3566; x_wconf 90' lang='lat' dir='ltr'><strong>iu</strong></span> <span class='ocrx_word' id='word_1_427' title='bbox 1515 3510 1747 3569; x_wconf 76' lang='lat' dir='ltr'><strong>Romani</strong></span> <span class='ocrx_word' id='word_1_428' title='bbox 1784 3507 2002 3580; x_wconf 87' lang='lat' dir='ltr'><strong>imperii</strong></span> 
     </span>
    </p>
   </div>
   <div class='ocr_carea' id='block_1_59' title="bbox 426 3602 1997 3676">
    <p class='ocr_par' dir='ltr' id='par_1_59' title="bbox 426 3602 1997 3676">
     <span class='ocr_line' id='line_1_59' title="bbox 426 3602 1997 3676; baseline -0.01 -5"><span class='ocrx_word' id='word_1_429' title='bbox 426 3615 700 3671; x_wconf 83' lang='lat' dir='ltr'><strong>ditionem</strong></span> <span class='ocrx_word' id='word_1_430' title='bbox 752 3607 1085 3674; x_wconf 87' lang='lat' dir='ltr'><strong>maturabat,</strong></span> <span class='ocrx_word' id='word_1_431' title='bbox 1120 3605 1346 3676; x_wconf 81' lang='lat' dir='ltr'><strong>Tigride</strong></span> <span class='ocrx_word' id='word_1_432' title='bbox 1396 3620 1558 3659; x_wconf 91' lang='lat' dir='ltr'><strong>amne</strong></span> <span class='ocrx_word' id='word_1_433' title='bbox 1610 3602 1679 3659; x_wconf 86' lang='lat' dir='ltr'><strong>ad</strong></span> <span class='ocrx_word' id='word_1_434' title='bbox 1712 3602 1997 3659; x_wconf 87' lang='lat' dir='ltr'><strong>sinistram</strong></span> 
     </span>
    </p>
   </div>
   <div class='ocr_carea' id='block_1_60' title="bbox 431 3689 2001 3772">
    <p class='ocr_par' dir='ltr' id='par_1_60' title="bbox 431 3689 2001 3772">
     <span class='ocr_line' id='line_1_60' title="bbox 431 3689 2001 3772; baseline -0.007 -11"><span class='ocrx_word' id='word_1_435' title='bbox 431 3706 646 3761; x_wconf 89' lang='lat' dir='ltr'><strong>relicto.</strong></span> <span class='ocrx_word' id='word_1_436' title='bbox 693 3702 773 3759; x_wconf 78' lang='lat' dir='ltr'><strong>Ac</strong></span> <span class='ocrx_word' id='word_1_437' title='bbox 802 3702 1039 3772; x_wconf 90' lang='lat' dir='ltr'><strong>primum</strong></span> <span class='ocrx_word' id='word_1_438' title='bbox 1084 3698 1306 3768; x_wconf 86' lang='lat' dir='ltr'><strong>quidem</strong></span> <span class='ocrx_word' id='word_1_439' title='bbox 1338 3696 1392 3750; x_wconf 91' lang='lat' dir='ltr'><strong>in</strong></span> <span class='ocrx_word' id='word_1_440' title='bbox 1422 3689 1707 3767; x_wconf 82' lang='lat' dir='ltr'><strong>regionem</strong></span> <span class='ocrx_word' id='word_1_441' title='bbox 1734 3695 2001 3760; x_wconf 76' lang='lat' dir='ltr'><strong>fertilem,</strong></span> 
     </span>
    </p>
   </div>
   <div class='ocr_carea' id='block_1_61' title="bbox 431 3789 2003 3861">
    <p class='ocr_par' dir='ltr' id='par_1_61' title="bbox 431 3789 2003 3861">
     <span class='ocr_line' id='line_1_61' title="bbox 431 3789 2003 3861; baseline -0.006 -7"><span class='ocrx_word' id='word_1_442' title='bbox 431 3809 488 3855; x_wconf 90' lang='lat' dir='ltr'><strong>et</strong></span> <span class='ocrx_word' id='word_1_443' title='bbox 513 3797 681 3852; x_wconf 88' lang='lat' dir='ltr'><strong>rebus</strong></span> <span class='ocrx_word' id='word_1_444' title='bbox 707 3796 969 3852; x_wconf 89' lang='lat' dir='ltr'><strong>omnibus</strong></span> <span class='ocrx_word' id='word_1_445' title='bbox 998 3794 1392 3860; x_wconf 88' lang='lat' dir='ltr'><strong>abundantem,</strong></span> <span class='ocrx_word' id='word_1_446' title='bbox 1425 3791 1771 3861; x_wconf 88' lang='lat' dir='ltr'><strong>captivorum</strong></span> <span class='ocrx_word' id='word_1_447' title='bbox 1794 3789 2003 3845; x_wconf 89' lang='lat' dir='ltr'><strong>indicio</strong></span> 
     </span>
    </p>
   </div>
   <div class='ocr_carea' id='block_1_62' title="bbox 432 3881 1998 3954">
    <p class='ocr_par' dir='ltr' id='par_1_62' title="bbox 432 3881 1998 3954">
     <span class='ocr_line' id='line_1_62' title="bbox 432 3881 1998 3954; baseline -0.004 -10"><span class='ocrx_word' id='word_1_448' title='bbox 432 3898 728 3946; x_wconf 88' lang='lat' dir='ltr'><strong>venerunt.</strong></span> <span class='ocrx_word' id='word_1_449' title='bbox 754 3886 962 3942; x_wconf 83' lang='lat' dir='ltr'><strong>Deinde</strong></span> <span class='ocrx_word' id='word_1_450' title='bbox 991 3896 1177 3942; x_wconf 84' lang='lat' dir='ltr'><strong>autem</strong></span> <span class='ocrx_word' id='word_1_451' title='bbox 1210 3900 1379 3940; x_wconf 83' lang='lat' dir='ltr'><strong>senex</strong></span> <span class='ocrx_word' id='word_1_452' title='bbox 1407 3883 1656 3954; x_wconf 88' lang='lat' dir='ltr'><strong>quidam,</strong></span> <span class='ocrx_word' id='word_1_453' title='bbox 1701 3882 1800 3954; x_wconf 90' lang='lat' dir='ltr'><strong>qui</strong></span> <span class='ocrx_word' id='word_1_454' title='bbox 1829 3881 1998 3937; x_wconf 72' lang='lat' dir='ltr'><strong>vitam</strong></span> 
     </span>
    </p>
   </div>
   <div class='ocr_carea' id='block_1_63' title="bbox 433 3978 2003 4053">
    <p class='ocr_par' dir='ltr' id='par_1_63' title="bbox 433 3978 2003 4053">
     <span class='ocr_line' id='line_1_63' title="bbox 433 3978 2003 4053; baseline -0.003 -17"><span class='ocrx_word' id='word_1_455' title='bbox 433 3998 534 4053; x_wconf 89' lang='lat' dir='ltr'><strong>pro</strong></span> <span class='ocrx_word' id='word_1_456' title='bbox 559 3982 841 4036; x_wconf 89' lang='lat' dir='ltr'><strong>communi</strong></span> <span class='ocrx_word' id='word_1_457' title='bbox 876 3980 1171 4041; x_wconf 86' lang='lat' dir='ltr'><strong>Persarum</strong></span> <span class='ocrx_word' id='word_1_458' title='bbox 1213 3978 1471 4033; x_wconf 85' lang='lat' dir='ltr'><strong>libertate</strong></span> <span class='ocrx_word' id='word_1_459' title='bbox 1497 3978 1819 4041; x_wconf 86' lang='lat' dir='ltr'><strong>devoverat,</strong></span> <span class='ocrx_word' id='word_1_460' title='bbox 1865 3991 2003 4033; x_wconf 82' lang='lat' dir='ltr'><strong>eon—</strong></span> 
     </span>
    </p>
   </div>
   <div class='ocr_carea' id='block_1_64' title="bbox 435 4070 1999 4143">
    <p class='ocr_par' dir='ltr' id='par_1_64' title="bbox 435 4070 1999 4143">
     <span class='ocr_line' id='line_1_64' title="bbox 435 4070 1999 4143; baseline -0.004 -14"><span class='ocrx_word' id='word_1_461' title='bbox 435 4074 581 4129; x_wconf 90' lang='lat' dir='ltr'><strong>sulto</strong></span> <span class='ocrx_word' id='word_1_462' title='bbox 623 4086 682 4128; x_wconf 89' lang='lat' dir='ltr'><strong>ut</strong></span> <span class='ocrx_word' id='word_1_463' title='bbox 716 4085 1031 4143; x_wconf 69' lang='lat' dir='ltr'><strong>caperetur,</strong></span> <span class='ocrx_word' id='word_1_464' title='bbox 1075 4071 1283 4125; x_wconf 87' lang='lat' dir='ltr'><strong>nostris</strong></span> <span class='ocrx_word' id='word_1_465' title='bbox 1334 4070 1685 4126; x_wconf 76' lang='lat' dir='ltr'><strong>occasionem</strong></span> <span class='ocrx_word' id='word_1_466' title='bbox 1736 4070 1999 4141; x_wconf 78' lang='lat' dir='ltr'><strong>praebuit.</strong></span> 
     </span>
    </p>
   </div>
   <div class='ocr_carea' id='block_1_65' title="bbox 434 4162 2003 4238">
    <p class='ocr_par' dir='ltr' id='par_1_65' title="bbox 434 4162 2003 4238">
     <span class='ocr_line' id='line_1_65' title="bbox 434 4162 2003 4238; baseline -0.003 -17"><span class='ocrx_word' id='word_1_467' title='bbox 434 4167 605 4238; x_wconf 82' lang='lat' dir='ltr'><strong>Igitur</strong></span> <span class='ocrx_word' id='word_1_468' title='bbox 638 4180 759 4220; x_wconf 76' lang='lat' dir='ltr'><strong>mox</strong></span> <span class='ocrx_word' id='word_1_469' title='bbox 793 4165 961 4219; x_wconf 81' lang='lat' dir='ltr'><strong>veluti</strong></span> <span class='ocrx_word' id='word_1_470' title='bbox 999 4180 1110 4220; x_wconf 92' lang='lat' dir='ltr'><strong>non</strong></span> <span class='ocrx_word' id='word_1_471' title='bbox 1141 4179 1241 4218; x_wconf 88' lang='lat' dir='ltr'><strong>sua</strong></span> <span class='ocrx_word' id='word_1_472' title='bbox 1282 4173 1480 4232; x_wconf 82' lang='lat' dir='ltr'><strong>sponte</strong></span> <span class='ocrx_word' id='word_1_473' title='bbox 1514 4172 1734 4234; x_wconf 86' lang='lat' dir='ltr'><strong>captus,</strong></span> <span class='ocrx_word' id='word_1_474' title='bbox 1778 4162 1847 4217; x_wconf 88' lang='lat' dir='ltr'><strong>ad</strong></span> <span class='ocrx_word' id='word_1_475' title='bbox 1898 4163 2003 4217; x_wconf 83' lang='lat' dir='ltr'><strong>im-</strong></span> 
     </span>
    </p>
   </div>
   <div class='ocr_carea' id='block_1_66' title="bbox 437 4254 2007 4329">
    <p class='ocr_par' dir='ltr' id='par_1_66' title="bbox 437 4254 2007 4329">
     <span class='ocr_line' id='line_1_66' title="bbox 437 4254 2007 4329; baseline -0.004 -15"><span class='ocrx_word' id='word_1_476' title='bbox 437 4268 752 4329; x_wconf 88' lang='lat' dir='ltr'><strong>peratorem</strong></span> <span class='ocrx_word' id='word_1_477' title='bbox 778 4267 863 4314; x_wconf 90' lang='lat' dir='ltr'><strong>est</strong></span> <span class='ocrx_word' id='word_1_478' title='bbox 884 4257 1177 4312; x_wconf 81' lang='lat' dir='ltr'><strong>adductus.</strong></span> <span class='ocrx_word' id='word_1_479' title='bbox 1211 4256 1276 4310; x_wconf 79' lang='lat' dir='ltr'><strong>Et</strong></span> <span class='ocrx_word' id='word_1_480' title='bbox 1303 4257 1372 4310; x_wconf 88' lang='lat' dir='ltr'><strong>de</strong></span> <span class='ocrx_word' id='word_1_481' title='bbox 1410 4256 1577 4311; x_wconf 89' lang='lat' dir='ltr'><strong>rebus</strong></span> <span class='ocrx_word' id='word_1_482' title='bbox 1610 4254 1804 4309; x_wconf 90' lang='lat' dir='ltr'><strong>multis</strong></span> <span class='ocrx_word' id='word_1_483' title='bbox 1830 4254 2007 4308; x_wconf 81' lang='lat' dir='ltr'><strong>inter-</strong></span> 
     </span>
    </p>
   </div>
   <div class='ocr_carea' id='block_1_67' title="bbox 438 4347 2008 4420">
    <p class='ocr_par' dir='ltr' id='par_1_67' title="bbox 438 4347 2008 4420">
     <span class='ocr_line' id='line_1_67' title="bbox 438 4347 2008 4420; baseline -0.003 -16"><span class='ocrx_word' id='word_1_484' title='bbox 438 4359 682 4420; x_wconf 79' lang='lat' dir='ltr'><strong>rogatus.</strong></span> <span class='ocrx_word' id='word_1_485' title='bbox 718 4364 962 4419; x_wconf 83' lang='lat' dir='ltr'><strong>veraque</strong></span> <span class='ocrx_word' id='word_1_486' title='bbox 991 4348 1182 4403; x_wconf 87' lang='lat' dir='ltr'><strong>dicere</strong></span> <span class='ocrx_word' id='word_1_487' title='bbox 1214 4347 1583 4410; x_wconf 79' lang='lat' dir='ltr'><strong>existimatus,</strong></span> <span class='ocrx_word' id='word_1_488' title='bbox 1625 4347 1677 4400; x_wconf 83' lang='lat' dir='ltr'><strong>ei</strong></span> <span class='ocrx_word' id='word_1_489' title='bbox 1706 4354 1767 4403; x_wconf 85' lang='lat' dir='ltr'><strong>ut</strong></span> <span class='ocrx_word' id='word_1_490' title='bbox 1806 4358 2008 4415; x_wconf 55' lang='lat' dir='ltr'><strong>sequav</strong></span> 
     </span>
    </p>
   </div>
   <div class='ocr_carea' id='block_1_68' title="bbox 438 4438 2005 4512">
    <p class='ocr_par' dir='ltr' id='par_1_68' title="bbox 438 4438 2005 4512">
     <span class='ocr_line' id='line_1_68' title="bbox 438 4438 2005 4512; baseline -0.003 -17"><span class='ocrx_word' id='word_1_491' title='bbox 438 4451 530 4496; x_wconf 91' lang='lat' dir='ltr'><strong>tur</strong></span> <span class='ocrx_word' id='word_1_492' title='bbox 578 4440 874 4512; x_wconf 85' lang='lat' dir='ltr'><strong>persuadet</strong></span> <span class='ocrx_word' id='word_1_493' title='bbox 906 4459 918 4495; x_wconf 88' lang='lat'>:</span> <span class='ocrx_word' id='word_1_494' title='bbox 957 4440 1241 4509; x_wconf 81' lang='lat' dir='ltr'><strong>pollicitus</strong></span> <span class='ocrx_word' id='word_1_495' title='bbox 1284 4454 1521 4509; x_wconf 84' lang='lat' dir='ltr'><strong>namque</strong></span> <span class='ocrx_word' id='word_1_496' title='bbox 1557 4447 1668 4499; x_wconf 82' lang='lat' dir='ltr'><strong>est.</strong></span> <span class='ocrx_word' id='word_1_497' title='bbox 1698 4438 2005 4492; x_wconf 73' lang='lat' dir='ltr'><strong>exercitum</strong></span> 
     </span>
    </p>
   </div>
   <div class='ocr_carea' id='block_1_69' title="bbox 439 4531 2005 4604">
    <p class='ocr_par' dir='ltr' id='par_1_69' title="bbox 439 4531 2005 4604">
     <span class='ocr_line' id='line_1_69' title="bbox 439 4531 2005 4604; baseline -0.003 -15"><span class='ocrx_word' id='word_1_498' title='bbox 439 4549 500 4589; x_wconf 86' lang='lat' dir='ltr'><strong>se</strong></span> <span class='ocrx_word' id='word_1_499' title='bbox 528 4534 938 4604; x_wconf 85' lang='lat' dir='ltr'><strong>quamprimum</strong></span> <span class='ocrx_word' id='word_1_500' title='bbox 971 4534 1039 4588; x_wconf 85' lang='lat' dir='ltr'><strong>ad</strong></span> <span class='ocrx_word' id='word_1_501' title='bbox 1072 4533 1445 4593; x_wconf 72' lang='lat' dir='ltr'><strong>Romanorum</strong></span> <span class='ocrx_word' id='word_1_502' title='bbox 1495 4531 1632 4587; x_wconf 85' lang='lat' dir='ltr'><strong>lines</strong></span> <span class='ocrx_word' id='word_1_503' title='bbox 1669 4532 2005 4597; x_wconf 82' lang='lat' dir='ltr'><strong>ducturum;</strong></span> 
     </span>
    </p>
   </div>
   <div class='ocr_carea' id='block_1_70' title="bbox 442 4621 2009 4691">
    <p class='ocr_par' dir='ltr' id='par_1_70' title="bbox 442 4621 2009 4691">
     <span class='ocr_line' id='line_1_70' title="bbox 442 4621 2009 4691; baseline -0.001 -13"><span class='ocrx_word' id='word_1_504' title='bbox 442 4624 646 4679; x_wconf 86' lang='lat' dir='ltr'><strong>inviam</strong></span> <span class='ocrx_word' id='word_1_505' title='bbox 685 4630 899 4676; x_wconf 85' lang='lat' dir='ltr'><strong>tantum</strong></span> <span class='ocrx_word' id='word_1_506' title='bbox 931 4622 1223 4691; x_wconf 83' lang='lat' dir='ltr'><strong>quamdam</strong></span> <span class='ocrx_word' id='word_1_507' title='bbox 1254 4622 1490 4677; x_wconf 87' lang='lat' dir='ltr'><strong>duorum</strong></span> <span class='ocrx_word' id='word_1_508' title='bbox 1536 4631 1633 4681; x_wconf 86' lang='lat' dir='ltr'><strong>aut</strong></span> <span class='ocrx_word' id='word_1_509' title='bbox 1678 4624 1845 4681; x_wconf 88' lang='lat' dir='ltr'><strong>trium</strong></span> <span class='ocrx_word' id='word_1_510' title='bbox 1886 4621 2009 4677; x_wconf 87' lang='lat' dir='ltr'><strong>die-</strong></span> 
     </span>
    </p>
   </div>
   <div class='ocr_carea' id='block_1_71' title="bbox 441 4713 2009 4785">
    <p class='ocr_par' dir='ltr' id='par_1_71' title="bbox 441 4713 2009 4785">
     <span class='ocr_line' id='line_1_71' title="bbox 441 4713 2009 4785; baseline -0.001 -16"><span class='ocrx_word' id='word_1_511' title='bbox 441 4730 568 4769; x_wconf 87' lang='lat' dir='ltr'><strong>rum</strong></span> <span class='ocrx_word' id='word_1_512' title='bbox 615 4715 813 4771; x_wconf 88' lang='lat' dir='ltr'><strong>itinere</strong></span> <span class='ocrx_word' id='word_1_513' title='bbox 870 4715 1147 4784; x_wconf 78' lang='lat' dir='ltr'><strong>regionem</strong></span> <span class='ocrx_word' id='word_1_514' title='bbox 1208 4713 1638 4785; x_wconf 81' lang='lat' dir='ltr'><strong>peragraudam,</strong></span> <span class='ocrx_word' id='word_1_515' title='bbox 1686 4713 1897 4773; x_wconf 78' lang='lat' dir='ltr'><strong>cibaria</strong></span> <span class='ocrx_word' id='word_1_516' title='bbox 1953 4722 2009 4767; x_wconf 90' lang='lat' dir='ltr'><strong>et</strong></span> 
     </span>
    </p>
   </div>
   <div class='ocr_carea' id='block_1_72' title="bbox 442 4804 2012 4876">
    <p class='ocr_par' dir='ltr' id='par_1_72' title="bbox 442 4804 2012 4876">
     <span class='ocr_line' id='line_1_72' title="bbox 442 4804 2012 4876; baseline -0.002 -13"><span class='ocrx_word' id='word_1_517' title='bbox 442 4807 581 4864; x_wconf 84' lang='lat' dir='ltr'><strong>alias</strong></span> <span class='ocrx_word' id='word_1_518' title='bbox 611 4822 701 4862; x_wconf 88' lang='lat' dir='ltr'><strong>res</strong></span> <span class='ocrx_word' id='word_1_519' title='bbox 735 4807 1075 4862; x_wconf 87' lang='lat' dir='ltr'><strong>necessarias</strong></span> <span class='ocrx_word' id='word_1_520' title='bbox 1100 4805 1383 4872; x_wconf 81' lang='lat' dir='ltr'><strong>ferendas,</strong></span> <span class='ocrx_word' id='word_1_521' title='bbox 1430 4814 1486 4861; x_wconf 93' lang='lat' dir='ltr'><strong>et</strong></span> <span class='ocrx_word' id='word_1_522' title='bbox 1531 4806 1719 4876; x_wconf 86' lang='lat' dir='ltr'><strong>copias</strong></span> <span class='ocrx_word' id='word_1_523' title='bbox 1752 4821 1850 4876; x_wconf 90' lang='lat' dir='ltr'><strong>per</strong></span> <span class='ocrx_word' id='word_1_524' title='bbox 1879 4804 2012 4860; x_wconf 81' lang='lat' dir='ltr'><strong>soli-</strong></span> 
     </span>
    </p>
   </div>
   <div class='ocr_carea' id='block_1_73' title="bbox 445 4898 2010 4967">
    <p class='ocr_par' dir='ltr' id='par_1_73' title="bbox 445 4898 2010 4967">
     <span class='ocr_line' id='line_1_73' title="bbox 445 4898 2010 4967; baseline 0 -15"><span class='ocrx_word' id='word_1_525' title='bbox 445 4898 693 4954; x_wconf 88' lang='lat' dir='ltr'><strong>tudinem</strong></span> <span class='ocrx_word' id='word_1_526' title='bbox 717 4898 1003 4955; x_wconf 87' lang='lat' dir='ltr'><strong>ducendas</strong></span> <span class='ocrx_word' id='word_1_527' title='bbox 1027 4913 1172 4964; x_wconf 83' lang='lat' dir='ltr'><strong>esse,</strong></span> <span class='ocrx_word' id='word_1_528' title='bbox 1202 4899 1485 4954; x_wconf 84' lang='lat' dir='ltr'><strong>dictitans.</strong></span> <span class='ocrx_word' id='word_1_529' title='bbox 1512 4898 1727 4954; x_wconf 85' lang='lat' dir='ltr'><strong>Fraude</strong></span> <span class='ocrx_word' id='word_1_530' title='bbox 1749 4913 1813 4952; x_wconf 83' lang='lat' dir='ltr'><strong>ea</strong></span> <span class='ocrx_word' id='word_1_531' title='bbox 1842 4906 2010 4967; x_wconf 85' lang='lat' dir='ltr'><strong>atque</strong></span> 
     </span>
    </p>
   </div>
   <div class='ocr_carea' id='block_1_74' title="bbox 443 4988 2012 5063">
    <p class='ocr_par' dir='ltr' id='par_1_74' title="bbox 443 4988 2012 5063">
     <span class='ocr_line' id='line_1_74' title="bbox 443 4988 2012 5063; baseline -0.002 -17"><span class='ocrx_word' id='word_1_532' title='bbox 443 4992 770 5047; x_wconf 82' lang='lat' dir='ltr'><strong>seductione</strong></span> <span class='ocrx_word' id='word_1_533' title='bbox 816 4991 1080 5061; x_wconf 86' lang='lat' dir='ltr'><strong>sapientis</strong></span> <span class='ocrx_word' id='word_1_534' title='bbox 1143 5006 1241 5048; x_wconf 89' lang='lat' dir='ltr'><strong>seu</strong></span> <span class='ocrx_word' id='word_1_535' title='bbox 1300 4993 1484 5062; x_wconf 77' lang='lat' dir='ltr'><strong>potius</strong></span> <span class='ocrx_word' id='word_1_536' title='bbox 1516 4989 1807 5063; x_wconf 80' lang='lat' dir='ltr'><strong>sophistici</strong></span> <span class='ocrx_word' id='word_1_537' title='bbox 1861 4988 2012 5043; x_wconf 86' lang='lat' dir='ltr'><strong>senis</strong></span> 
     </span>
    </p>
   </div>
   <div class='ocr_carea' id='block_1_75' title="bbox 444 5083 2013 5159">
    <p class='ocr_par' dir='ltr' id='par_1_75' title="bbox 444 5083 2013 5159">
     <span class='ocr_line' id='line_1_75' title="bbox 444 5083 2013 5159; baseline -0.002 -22"><span class='ocrx_word' id='word_1_538' title='bbox 444 5098 750 5152; x_wconf 82' lang='lat' dir='ltr'><strong>persuasus</strong></span> <span class='ocrx_word' id='word_1_539' title='bbox 782 5083 1066 5147; x_wconf 84' lang='lat' dir='ltr'><strong>seductor,</strong></span> <span class='ocrx_word' id='word_1_540' title='bbox 1092 5085 1185 5154; x_wconf 88' lang='lat' dir='ltr'><strong>qui</strong></span> <span class='ocrx_word' id='word_1_541' title='bbox 1217 5083 1422 5138; x_wconf 89' lang='lat' dir='ltr'><strong>multos</strong></span> <span class='ocrx_word' id='word_1_542' title='bbox 1444 5083 1742 5159; x_wconf 86' lang='lat' dir='ltr'><strong>sophistica</strong></span> <span class='ocrx_word' id='word_1_543' title='bbox 1772 5096 1870 5137; x_wconf 89' lang='lat' dir='ltr'><strong>sua</strong></span> <span class='ocrx_word' id='word_1_544' title='bbox 1893 5090 2013 5135; x_wconf 88' lang='lat' dir='ltr'><strong>arte</strong></span> 
     </span>
    </p>
   </div>
   <div class='ocr_carea' id='block_1_76' title="bbox 441 5174 2016 5246">
    <p class='ocr_par' dir='ltr' id='par_1_76' title="bbox 441 5174 2016 5246">
     <span class='ocr_line' id='line_1_76' title="bbox 441 5174 2016 5246; baseline -0.003 -16"><span class='ocrx_word' id='word_1_545' title='bbox 441 5178 757 5245; x_wconf 83' lang='lat' dir='ltr'><strong>deceperat,</strong></span> <span class='ocrx_word' id='word_1_546' title='bbox 809 5177 1053 5231; x_wconf 76' lang='lat' dir='ltr'><strong>eundum</strong></span> <span class='ocrx_word' id='word_1_547' title='bbox 1098 5192 1222 5231; x_wconf 88' lang='lat' dir='ltr'><strong>esse</strong></span> <span class='ocrx_word' id='word_1_548' title='bbox 1264 5191 1374 5246; x_wconf 92' lang='lat' dir='ltr'><strong>qua</strong></span> <span class='ocrx_word' id='word_1_549' title='bbox 1423 5190 1590 5230; x_wconf 76' lang='lat' dir='ltr'><strong>senex</strong></span> <span class='ocrx_word' id='word_1_550' title='bbox 1619 5174 1866 5237; x_wconf 81' lang='lat' dir='ltr'><strong>duceret,</strong></span> <span class='ocrx_word' id='word_1_551' title='bbox 1899 5182 2016 5228; x_wconf 84' lang='lat' dir='ltr'><strong>sta-</strong></span> 
     </span>
    </p>
   </div>
   <div class='ocr_carea' id='block_1_77' title="bbox 443 5263 2014 5340">
    <p class='ocr_par' dir='ltr' id='par_1_77' title="bbox 443 5263 2014 5340">
     <span class='ocr_line' id='line_1_77' title="bbox 443 5263 2014 5340; baseline -0.001 -18"><span class='ocrx_word' id='word_1_552' title='bbox 443 5270 570 5322; x_wconf 89' lang='lat' dir='ltr'><strong>tuit.</strong></span> <span class='ocrx_word' id='word_1_553' title='bbox 599 5268 792 5323; x_wconf 84' lang='lat' dir='ltr'><strong>Tridui</strong></span> <span class='ocrx_word' id='word_1_554' title='bbox 824 5270 928 5322; x_wconf 90' lang='lat' dir='ltr'><strong>iter</strong></span> <span class='ocrx_word' id='word_1_555' title='bbox 954 5271 1254 5340; x_wconf 78' lang='lat' dir='ltr'><strong>progressi,</strong></span> <span class='ocrx_word' id='word_1_556' title='bbox 1285 5268 1342 5323; x_wconf 89' lang='lat' dir='ltr'><strong>in</strong></span> <span class='ocrx_word' id='word_1_557' title='bbox 1391 5268 1544 5322; x_wconf 91' lang='lat' dir='ltr'><strong>locos</strong></span> <span class='ocrx_word' id='word_1_558' title='bbox 1581 5266 1821 5321; x_wconf 78' lang='lat' dir='ltr'><strong>incultos</strong></span> <span class='ocrx_word' id='word_1_559' title='bbox 1870 5263 2014 5321; x_wconf 80' lang='lat' dir='ltr'><strong>inci-</strong></span> 
     </span>
    </p>
   </div>
   <div class='ocr_carea' id='block_1_78' title="bbox 445 5359 2013 5421">
    <p class='ocr_par' dir='ltr' id='par_1_78' title="bbox 445 5359 2013 5421">
     <span class='ocr_line' id='line_1_78' title="bbox 445 5359 2013 5421; baseline -0.001 -7"><span class='ocrx_word' id='word_1_560' title='bbox 445 5363 649 5414; x_wconf 74' lang='grc' dir='ltr'><strong>(ῘνιἮηι</strong></span> <span class='ocrx_word' id='word_1_561' title='bbox 676 5378 689 5413; x_wconf 90' lang='lat'><strong>:</strong></span> <span class='ocrx_word' id='word_1_562' title='bbox 717 5370 771 5415; x_wconf 89' lang='lat' dir='ltr'><strong>et</strong></span> <span class='ocrx_word' id='word_1_563' title='bbox 801 5359 903 5413; x_wconf 64' lang='lat' dir='ltr'><strong>viee</strong></span> <span class='ocrx_word' id='word_1_564' title='bbox 938 5361 1047 5414; x_wconf 78' lang='lat' dir='ltr'><strong>dux</strong></span> <span class='ocrx_word' id='word_1_565' title='bbox 1082 5370 1279 5421; x_wconf 73' lang='lat' dir='ltr'><strong>tortus,</strong></span> <span class='ocrx_word' id='word_1_566' title='bbox 1327 5359 1622 5413; x_wconf 88' lang='lat' dir='ltr'><strong>eonsilimn</strong></span> <span class='ocrx_word' id='word_1_567' title='bbox 1677 5373 1865 5420; x_wconf 88' lang='lat' dir='ltr'><strong>suum,</strong></span> <span class='ocrx_word' id='word_1_568' title='bbox 1914 5373 2013 5412; x_wconf 88' lang='lat' dir='ltr'><strong>sua</strong></span> 
     </span>
    </p>
   </div>
   <div class='ocr_carea' id='block_1_79' title="bbox 444 5438 2013 5523">
    <p class='ocr_par' dir='ltr' id='par_1_79' title="bbox 444 5438 2013 5523">
     <span class='ocr_line' id='line_1_79' title="bbox 444 5438 2013 5523; baseline -0.001 -17"><span class='ocrx_word' id='word_1_569' title='bbox 444 5454 702 5508; x_wconf 61' lang='lat' dir='ltr'><strong>videlicet</strong></span> <span class='ocrx_word' id='word_1_570' title='bbox 733 5466 927 5522; x_wconf 80' lang='lat' dir='ltr'><strong>sponte</strong></span> <span class='ocrx_word' id='word_1_571' title='bbox 971 5438 1194 5523; x_wconf 73' lang='lat' dir='ltr'><strong>propter</strong></span> <span class='ocrx_word' id='word_1_572' title='bbox 1224 5454 1374 5508; x_wconf 78' lang='lat' dir='ltr'><strong>cives</strong></span> <span class='ocrx_word' id='word_1_573' title='bbox 1418 5459 1475 5506; x_wconf 87' lang='lat' dir='ltr'><strong>et</strong></span> <span class='ocrx_word' id='word_1_574' title='bbox 1522 5452 1814 5521; x_wconf 75' lang='lat' dir='ltr'><strong>populares</strong></span> <span class='ocrx_word' id='word_1_575' title='bbox 1862 5467 2013 5523; x_wconf 81' lang='lat' dir='ltr'><strong>suos,</strong></span> 
     </span>
    </p>
   </div>
   <div class='ocr_carea' id='block_1_80' title="bbox 443 5522 2016 5616">
    <p class='ocr_par' dir='ltr' id='par_1_80' title="bbox 443 5522 2016 5616">
     <span class='ocr_line' id='line_1_80' title="bbox 443 5522 2016 5616; baseline -0.001 -16"><span class='ocrx_word' id='word_1_576' title='bbox 443 5562 503 5601; x_wconf 89' lang='lat' dir='ltr'><strong>se</strong></span> <span class='ocrx_word' id='word_1_577' title='bbox 531 5546 599 5599; x_wconf 88' lang='lat' dir='ltr'><strong>ad</strong></span> <span class='ocrx_word' id='word_1_578' title='bbox 651 5540 882 5600; x_wconf 82' lang='lat' dir='ltr'><strong>mortem</strong></span> <span class='ocrx_word' id='word_1_579' title='bbox 938 5548 1304 5616; x_wconf 82' lang='lat' dir='ltr'><strong>procurrisse,</strong></span> <span class='ocrx_word' id='word_1_580' title='bbox 1365 5546 1760 5614; x_wconf 84' lang='lat' dir='ltr'><strong>cruciatusque</strong></span> <span class='ocrx_word' id='word_1_581' title='bbox 1820 5522 2016 5598; x_wconf 57' lang='lat' dir='ltr'><strong>omlnes</strong></span> 
     </span>
    </p>
   </div>
   <div class='ocr_carea' id='block_1_81' title="bbox 446 5638 2020 5711">
    <p class='ocr_par' dir='ltr' id='par_1_81' title="bbox 446 5638 2020 5711">
     <span class='ocr_line' id='line_1_81' title="bbox 446 5638 2020 5711; baseline -0.001 -18"><span class='ocrx_word' id='word_1_582' title='bbox 446 5641 703 5711; x_wconf 80' lang='lat' dir='ltr'><strong>perferre-</strong></span> <span class='ocrx_word' id='word_1_583' title='bbox 747 5650 997 5708; x_wconf 87' lang='lat' dir='ltr'><strong>paratum</strong></span> <span class='ocrx_word' id='word_1_584' title='bbox 1043 5657 1186 5707; x_wconf 81' lang='lat' dir='ltr'><strong>esse,</strong></span> <span class='ocrx_word' id='word_1_585' title='bbox 1250 5640 1532 5711; x_wconf 76' lang='lat' dir='ltr'><strong>professus</strong></span> <span class='ocrx_word' id='word_1_586' title='bbox 1575 5649 1680 5693; x_wconf 89' lang='lat' dir='ltr'><strong>est.</strong></span> <span class='ocrx_word' id='word_1_587' title='bbox 1735 5639 1792 5694; x_wconf 90' lang='lat' dir='ltr'><strong>ln</strong></span> <span class='ocrx_word' id='word_1_588' title='bbox 1823 5638 2020 5693; x_wconf 82' lang='lat' dir='ltr'><strong>discri-</strong></span> 
     </span>
    </p>
   </div>
   <div class='ocr_carea' id='block_1_82' title="bbox 446 5729 2020 5791">
    <p class='ocr_par' dir='ltr' id='par_1_82' title="bbox 446 5729 2020 5791">
     <span class='ocr_line' id='line_1_82' title="bbox 446 5729 2020 5791; baseline -0.003 -6"><span class='ocrx_word' id='word_1_589' title='bbox 446 5737 596 5787; x_wconf 87' lang='lat' dir='ltr'><strong>mine</strong></span> <span class='ocrx_word' id='word_1_590' title='bbox 625 5748 840 5786; x_wconf 83' lang='lat' dir='ltr'><strong>summo</strong></span> <span class='ocrx_word' id='word_1_591' title='bbox 865 5732 1142 5787; x_wconf 75' lang='lat' dir='ltr'><strong>exercitus</strong></span> <span class='ocrx_word' id='word_1_592' title='bbox 1172 5732 1521 5791; x_wconf 67' lang='lat' dir='ltr'><strong>versabatur.</strong></span> <span class='ocrx_word' id='word_1_593' title='bbox 1574 5730 1895 5784; x_wconf 71' lang='lat' dir='ltr'><strong>difﬁcultate</strong></span> <span class='ocrx_word' id='word_1_594' title='bbox 1930 5729 2020 5782; x_wconf 86' lang='lat' dir='ltr'><strong>iti-</strong></span> 
     </span>
    </p>
   </div>
   <div class='ocr_carea' id='block_1_83' title="bbox 447 5821 2015 5894">
    <p class='ocr_par' dir='ltr' id='par_1_83' title="bbox 447 5821 2015 5894">
     <span class='ocr_line' id='line_1_83' title="bbox 447 5821 2015 5894; baseline -0.004 -14"><span class='ocrx_word' id='word_1_595' title='bbox 447 5826 595 5880; x_wconf 88' lang='lat' dir='ltr'><strong>neris</strong></span> <span class='ocrx_word' id='word_1_596' title='bbox 653 5834 707 5880; x_wconf 90' lang='lat' dir='ltr'><strong>et</strong></span> <span class='ocrx_word' id='word_1_597' title='bbox 768 5825 1157 5879; x_wconf 84' lang='lat' dir='ltr'><strong>alimentorum</strong></span> <span class='ocrx_word' id='word_1_598' title='bbox 1220 5824 1450 5894; x_wconf 84' lang='lat' dir='ltr'><strong>penuria</strong></span> <span class='ocrx_word' id='word_1_599' title='bbox 1509 5821 1846 5875; x_wconf 75' lang='lat' dir='ltr'><strong>confectus:</strong></span> <span class='ocrx_word' id='word_1_600' title='bbox 1889 5837 2015 5874; x_wconf 84' lang='lat' dir='ltr'><strong>cum</strong></span> 
     </span>
    </p>
   </div>
   <div class='ocr_carea' id='block_1_84' title="bbox 448 5914 2019 5985">
    <p class='ocr_par' dir='ltr' id='par_1_84' title="bbox 448 5914 2019 5985">
     <span class='ocr_line' id='line_1_84' title="bbox 448 5914 2019 5985; baseline -0.001 -18"><span class='ocrx_word' id='word_1_601' title='bbox 448 5915 741 5985; x_wconf 68' lang='lat' dir='ltr'><strong>Splendida</strong></span> <span class='ocrx_word' id='word_1_602' title='bbox 802 5917 1091 5972; x_wconf 82' lang='lat' dir='ltr'><strong>Persarum</strong></span> <span class='ocrx_word' id='word_1_603' title='bbox 1149 5917 1299 5971; x_wconf 79' lang='lat' dir='ltr'><strong>acies</strong></span> <span class='ocrx_word' id='word_1_604' title='bbox 1353 5917 1651 5984; x_wconf 83' lang='lat' dir='ltr'><strong>derepente</strong></span> <span class='ocrx_word' id='word_1_605' title='bbox 1708 5914 1900 5980; x_wconf 78' lang='lat' dir='ltr'><strong>adest,</strong></span> <span class='ocrx_word' id='word_1_606' title='bbox 1964 5925 2019 5969; x_wconf 91' lang='lat' dir='ltr'><strong>et</strong></span> 
     </span>
    </p>
   </div>
   <div class='ocr_carea' id='block_1_85' title="bbox 2188 3151 3683 3231">
    <p class='ocr_par' dir='ltr' id='par_1_85' title="bbox 2188 3151 3683 3231">
     <span class='ocr_line' id='line_1_85' title="bbox 2188 3151 3683 3231; baseline 0.005 -27"><span class='ocrx_word' id='word_1_607' title='bbox 2188 3151 2395 3207; x_wconf 80' lang='grc' dir='ltr'>Ἐδόκει</span> <span class='ocrx_word' id='word_1_608' title='bbox 2415 3151 2463 3206; x_wconf 82' lang='grc' dir='ltr'>δ’</span> <span class='ocrx_word' id='word_1_609' title='bbox 2489 3152 2583 3208; x_wconf 81' lang='grc' dir='ltr'>οὖν</span> <span class='ocrx_word' id='word_1_610' title='bbox 2607 3153 2841 3226; x_wconf 84' lang='grc' dir='ltr'>βασιλεῖ,</span> <span class='ocrx_word' id='word_1_611' title='bbox 2878 3154 2952 3231; x_wconf 79' lang='grc' dir='ltr'>μὴ</span> <span class='ocrx_word' id='word_1_612' title='bbox 2987 3155 3322 3226; x_wconf 80' lang='grc' dir='ltr'>προσωτέρω</span> <span class='ocrx_word' id='word_1_613' title='bbox 3359 3157 3523 3224; x_wconf 85' lang='grc' dir='ltr'>ίέναι,</span> <span class='ocrx_word' id='word_1_614' title='bbox 3548 3157 3683 3213; x_wconf 79' lang='grc' dir='ltr'><strong>ἀλλά</strong></span> 
     </span>
    </p>
   </div>
   <div class='ocr_carea' id='block_1_86' title="bbox 2101 3238 3685 3323">
    <p class='ocr_par' dir='ltr' id='par_1_86' title="bbox 2101 3238 3685 3323">
     <span class='ocr_line' id='line_1_86' title="bbox 2101 3238 3685 3323; baseline 0.006 -26"><span class='ocrx_word' id='word_1_615' title='bbox 2101 3241 2202 3308; x_wconf 73' lang='grc' dir='ltr'><strong>τὰς</strong></span> <span class='ocrx_word' id='word_1_616' title='bbox 2252 3238 2354 3323; x_wconf 65' lang='grc' dir='ltr'>μὲν</span> <span class='ocrx_word' id='word_1_617' title='bbox 2388 3244 2521 3310; x_wconf 87' lang='grc' dir='ltr'>ναῦς</span> <span class='ocrx_word' id='word_1_618' title='bbox 2563 3246 2871 3319; x_wconf 79' lang='grc' dir='ltr'>ἐμπιπρᾷν,</span> <span class='ocrx_word' id='word_1_619' title='bbox 2904 3246 2979 3311; x_wconf 83' lang='grc' dir='ltr'>ὡς</span> <span class='ocrx_word' id='word_1_620' title='bbox 3024 3246 3091 3302; x_wconf 84' lang='grc' dir='ltr'>δι’</span> <span class='ocrx_word' id='word_1_621' title='bbox 3121 3249 3293 3313; x_wconf 79' lang='grc' dir='ltr'>αὑτάς</span> <span class='ocrx_word' id='word_1_622' title='bbox 3322 3250 3536 3304; x_wconf 70' lang='grc' dir='ltr'>πολλῶν</span> <span class='ocrx_word' id='word_1_623' title='bbox 3575 3253 3685 3306; x_wconf 75' lang='grc' dir='ltr'>ἄπο</span> 
     </span>
    </p>
   </div>
   <div class='ocr_carea' id='block_1_87' title="bbox 2105 3337 3683 3414">
    <p class='ocr_par' dir='ltr' id='par_1_87' title="bbox 2105 3337 3683 3414">
     <span class='ocr_line' id='line_1_87' title="bbox 2105 3337 3683 3414; baseline 0.006 -24"><span class='ocrx_word' id='word_1_624' title='bbox 2105 3337 2205 3405; x_wconf 76' lang='grc' dir='ltr'>τῆς</span> <span class='ocrx_word' id='word_1_625' title='bbox 2228 3338 2410 3408; x_wconf 73' lang='grc' dir='ltr'>μάχης</span> <span class='ocrx_word' id='word_1_626' title='bbox 2433 3340 2767 3410; x_wconf 77' lang='grc' dir='ltr'>γενομένων.</span> <span class='ocrx_word' id='word_1_627' title='bbox 2797 3339 2907 3399; x_wconf 84' lang='grc' dir='ltr'>Καί</span> <span class='ocrx_word' id='word_1_628' title='bbox 2932 3357 2997 3414; x_wconf 85' lang='grc' dir='ltr'><strong>γε</strong></span> <span class='ocrx_word' id='word_1_629' title='bbox 3027 3340 3126 3412; x_wconf 78' lang='grc' dir='ltr'>τὴν</span> <span class='ocrx_word' id='word_1_630' title='bbox 3148 3342 3411 3403; x_wconf 79' lang='grc' dir='ltr'>ἐπάνοδον</span> <span class='ocrx_word' id='word_1_631' title='bbox 3431 3344 3683 3399; x_wconf 75' lang='grc' dir='ltr'>ἐποιοῦν-</span> 
     </span>
    </p>
   </div>
   <div class='ocr_carea' id='block_1_88' title="bbox 2105 3432 3689 3511">
    <p class='ocr_par' dir='ltr' id='par_1_88' title="bbox 2105 3432 3689 3511">
     <span class='ocr_line' id='line_1_88' title="bbox 2105 3432 3689 3511; baseline 0.006 -28"><span class='ocrx_word' id='word_1_632' title='bbox 2105 3448 2188 3497; x_wconf 84' lang='grc' dir='ltr'><strong>το,</strong></span> <span class='ocrx_word' id='word_1_633' title='bbox 2219 3434 2356 3503; x_wconf 77' lang='grc' dir='ltr'>πρὸς</span> <span class='ocrx_word' id='word_1_634' title='bbox 2386 3432 2485 3505; x_wconf 80' lang='grc' dir='ltr'>τὴν</span> <span class='ocrx_word' id='word_1_635' title='bbox 2509 3434 2820 3505; x_wconf 79' lang='grc' dir='ltr'>ἀρχομένην</span> <span class='ocrx_word' id='word_1_636' title='bbox 2849 3433 3032 3487; x_wconf 79' lang='grc' dir='ltr'>αὐτῶν</span> <span class='ocrx_word' id='word_1_637' title='bbox 3062 3434 3446 3509; x_wconf 81' lang='grc' dir='ltr'>πορευόμενοι,</span> <span class='ocrx_word' id='word_1_638' title='bbox 3477 3440 3538 3492; x_wconf 81' lang='grc' dir='ltr'><strong>ἐν</strong></span> <span class='ocrx_word' id='word_1_639' title='bbox 3566 3441 3689 3511; x_wconf 84' lang='grc' dir='ltr'>άρι-</span> 
     </span>
    </p>
   </div>
   <div class='ocr_carea' id='block_1_89' title="bbox 2108 3516 3688 3603">
    <p class='ocr_par' dir='ltr' id='par_1_89' title="bbox 2108 3516 3688 3603">
     <span class='ocr_line' id='line_1_89' title="bbox 2108 3516 3688 3603; baseline 0.008 -28"><span class='ocrx_word' id='word_1_640' title='bbox 2108 3525 2274 3596; x_wconf 82' lang='grc' dir='ltr'>στερᾷ</span> <span class='ocrx_word' id='word_1_641' title='bbox 2311 3522 2403 3584; x_wconf 76' lang='grc' dir='ltr'><strong>τὸν</strong></span> <span class='ocrx_word' id='word_1_642' title='bbox 2431 3516 2677 3599; x_wconf 74' lang='grc' dir='ltr'>Τίγρητα</span> <span class='ocrx_word' id='word_1_643' title='bbox 2714 3526 2961 3599; x_wconf 75' lang='grc' dir='ltr'>ποταμὸν</span> <span class='ocrx_word' id='word_1_644' title='bbox 2995 3527 3303 3598; x_wconf 76' lang='grc' dir='ltr'>διαφέντες.</span> <span class='ocrx_word' id='word_1_645' title='bbox 3337 3530 3447 3588; x_wconf 71' lang='grc' dir='ltr'><strong>Καὶ</strong></span> <span class='ocrx_word' id='word_1_646' title='bbox 3482 3532 3555 3587; x_wconf 72' lang='grc' dir='ltr'>τὰ</span> <span class='ocrx_word' id='word_1_647' title='bbox 3586 3533 3688 3603; x_wconf 69' lang='grc' dir='ltr'><strong>μὶν</strong></span> 
     </span>
    </p>
   </div>
   <div class='ocr_carea' id='block_1_90' title="bbox 2107 3618 3691 3694">
    <p class='ocr_par' dir='ltr' id='par_1_90' title="bbox 2107 3618 3691 3694">
     <span class='ocr_line' id='line_1_90' title="bbox 2107 3618 3691 3694; baseline 0.006 -23"><span class='ocrx_word' id='word_1_648' title='bbox 2107 3618 2322 3689; x_wconf 87' lang='grc' dir='ltr'>πρῶτα,</span> <span class='ocrx_word' id='word_1_649' title='bbox 2360 3619 2597 3691; x_wconf 83' lang='grc' dir='ltr'>εύφόρου</span> <span class='ocrx_word' id='word_1_650' title='bbox 2621 3621 2724 3692; x_wconf 78' lang='grc' dir='ltr'>γῆς</span> <span class='ocrx_word' id='word_1_651' title='bbox 2745 3621 2839 3676; x_wconf 79' lang='grc' dir='ltr'>καὶ</span> <span class='ocrx_word' id='word_1_652' title='bbox 2872 3622 3028 3683; x_wconf 83' lang='grc' dir='ltr'>πάντ’</span> <span class='ocrx_word' id='word_1_653' title='bbox 3056 3622 3291 3694; x_wconf 74' lang='grc' dir='ltr'>ἐχούσης</span> <span class='ocrx_word' id='word_1_654' title='bbox 3316 3624 3386 3676; x_wconf 82' lang='grc' dir='ltr'>τὰ</span> <span class='ocrx_word' id='word_1_655' title='bbox 3412 3623 3691 3692; x_wconf 66' lang='grc' dir='ltr'>ἀναγκαῖα</span> 
     </span>
    </p>
   </div>
   <div class='ocr_carea' id='block_1_91' title="bbox 2104 3706 3690 3787">
    <p class='ocr_par' dir='ltr' id='par_1_91' title="bbox 2104 3706 3690 3787">
     <span class='ocr_line' id='line_1_91' title="bbox 2104 3706 3690 3787; baseline 0.007 -24"><span class='ocrx_word' id='word_1_656' title='bbox 2104 3710 2425 3782; x_wconf 83' lang='grc' dir='ltr'>ἀρκούντως</span> <span class='ocrx_word' id='word_1_657' title='bbox 2463 3713 2764 3779; x_wconf 80' lang='grc' dir='ltr'>ἀπέλαυον,</span> <span class='ocrx_word' id='word_1_658' title='bbox 2808 3715 2918 3773; x_wconf 85' lang='grc' dir='ltr'><strong>τῶν</strong></span> <span class='ocrx_word' id='word_1_659' title='bbox 2948 3706 3312 3787; x_wconf 74' lang='grc' dir='ltr'>αἰχμαλώτων</span> <span class='ocrx_word' id='word_1_660' title='bbox 3341 3709 3551 3771; x_wconf 73' lang='grc' dir='ltr'>ἕκαστα</span> <span class='ocrx_word' id='word_1_661' title='bbox 3589 3736 3690 3774; x_wconf 84' lang='grc' dir='ltr'>κα-</span> 
     </span>
    </p>
   </div>
   <div class='ocr_carea' id='block_1_92' title="bbox 2104 3805 3691 3881">
    <p class='ocr_par' dir='ltr' id='par_1_92' title="bbox 2104 3805 3691 3881">
     <span class='ocr_line' id='line_1_92' title="bbox 2104 3805 3691 3881; baseline 0.005 -23"><span class='ocrx_word' id='word_1_662' title='bbox 2104 3805 2495 3875; x_wconf 82' lang='grc' dir='ltr'>ταμηνυόντων</span> <span class='ocrx_word' id='word_1_663' title='bbox 2514 3821 2530 3837; x_wconf 93' lang='grc'><strong>·</strong></span> <span class='ocrx_word' id='word_1_664' title='bbox 2559 3806 2698 3876; x_wconf 88' lang='grc' dir='ltr'><strong>μετά</strong></span> <span class='ocrx_word' id='word_1_665' title='bbox 2714 3806 2773 3861; x_wconf 75' lang='grc' dir='ltr'><strong>δέ</strong></span> <span class='ocrx_word' id='word_1_666' title='bbox 2798 3806 2959 3863; x_wconf 88' lang='grc' dir='ltr'>τοῦτο</span> <span class='ocrx_word' id='word_1_667' title='bbox 2979 3807 3290 3879; x_wconf 77' lang='grc' dir='ltr'>πρεσσύτης</span> <span class='ocrx_word' id='word_1_668' title='bbox 3318 3826 3405 3872; x_wconf 87' lang='grc' dir='ltr'><strong>τις</strong></span> <span class='ocrx_word' id='word_1_669' title='bbox 3431 3810 3576 3881; x_wconf 69' lang='grc' dir='ltr'>ὑπὲρ</span> <span class='ocrx_word' id='word_1_670' title='bbox 3592 3812 3691 3881; x_wconf 74' lang='grc' dir='ltr'>τῆς</span> 
     </span>
    </p>
   </div>
   <div class='ocr_carea' id='block_1_93' title="bbox 2107 3888 3694 3968">
    <p class='ocr_par' dir='ltr' id='par_1_93' title="bbox 2107 3888 3694 3968">
     <span class='ocr_line' id='line_1_93' title="bbox 2107 3888 3694 3968; baseline 0.003 -22"><span class='ocrx_word' id='word_1_671' title='bbox 2107 3893 2297 3963; x_wconf 83' lang='grc' dir='ltr'>κοινῆς</span> <span class='ocrx_word' id='word_1_672' title='bbox 2316 3888 2630 3965; x_wconf 79' lang='grc' dir='ltr'>ἐλευθερίας</span> <span class='ocrx_word' id='word_1_673' title='bbox 2649 3892 2878 3965; x_wconf 82' lang='grc' dir='ltr'>Περσῶν</span> <span class='ocrx_word' id='word_1_674' title='bbox 2902 3893 2965 3948; x_wconf 73' lang='grc' dir='ltr'><strong>τὸ</strong></span> <span class='ocrx_word' id='word_1_675' title='bbox 2987 3895 3169 3950; x_wconf 85' lang='grc' dir='ltr'>θανεῖν</span> <span class='ocrx_word' id='word_1_676' title='bbox 3188 3898 3559 3968; x_wconf 82' lang='grc' dir='ltr'>προτιμήσας,</span> <span class='ocrx_word' id='word_1_677' title='bbox 3579 3900 3694 3966; x_wconf 76' lang='grc' dir='ltr'>ἐξε-</span> 
     </span>
    </p>
   </div>
   <div class='ocr_carea' id='block_1_94' title="bbox 2107 3983 3694 4060">
    <p class='ocr_par' dir='ltr' id='par_1_94' title="bbox 2107 3983 3694 4060">
     <span class='ocr_line' id='line_1_94' title="bbox 2107 3983 3694 4060; baseline 0.009 -26"><span class='ocrx_word' id='word_1_678' title='bbox 2107 3983 2331 4051; x_wconf 84' lang='grc' dir='ltr'>πίτηδες</span> <span class='ocrx_word' id='word_1_679' title='bbox 2359 3983 2566 4043; x_wconf 76' lang='grc' dir='ltr'>ἁλῶναι</span> <span class='ocrx_word' id='word_1_680' title='bbox 2590 3984 2963 4055; x_wconf 80' lang='grc' dir='ltr'>πλασάμενος,</span> <span class='ocrx_word' id='word_1_681' title='bbox 2988 3986 3084 4040; x_wconf 75' lang='grc' dir='ltr'>καὶ</span> <span class='ocrx_word' id='word_1_682' title='bbox 3112 3987 3188 4051; x_wconf 83' lang='grc' dir='ltr'>ὡς</span> <span class='ocrx_word' id='word_1_683' title='bbox 3225 3987 3389 4059; x_wconf 81' lang='grc' dir='ltr'>δῆθεν</span> <span class='ocrx_word' id='word_1_684' title='bbox 3416 3990 3517 4060; x_wconf 82' lang='grc' dir='ltr'><strong>οὐχ</strong></span> <span class='ocrx_word' id='word_1_685' title='bbox 3548 3990 3694 4049; x_wconf 75' lang='grc' dir='ltr'>ἑκὼν</span> 
     </span>
    </p>
   </div>
   <div class='ocr_carea' id='block_1_95' title="bbox 2109 4073 3696 4152">
    <p class='ocr_par' dir='ltr' id='par_1_95' title="bbox 2109 4073 3696 4152">
     <span class='ocr_line' id='line_1_95' title="bbox 2109 4073 3696 4152; baseline 0.006 -27"><span class='ocrx_word' id='word_1_686' title='bbox 2109 4073 2464 4143; x_wconf 66' lang='grc' dir='ltr'>συλληφθεὶς,</span> <span class='ocrx_word' id='word_1_687' title='bbox 2497 4074 2693 4143; x_wconf 75' lang='grc' dir='ltr'>ἄγεται</span> <span class='ocrx_word' id='word_1_688' title='bbox 2726 4075 2864 4147; x_wconf 76' lang='grc' dir='ltr'>πρὸς</span> <span class='ocrx_word' id='word_1_689' title='bbox 2895 4075 3145 4147; x_wconf 82' lang='grc' dir='ltr'>βασιλέα.</span> <span class='ocrx_word' id='word_1_690' title='bbox 3178 4077 3356 4131; x_wconf 82' lang='grc' dir='ltr'>Πολλά</span> <span class='ocrx_word' id='word_1_691' title='bbox 3383 4078 3428 4132; x_wconf 86' lang='grc' dir='ltr'>δ’</span> <span class='ocrx_word' id='word_1_692' title='bbox 3462 4084 3696 4152; x_wconf 82' lang='grc' dir='ltr'>ἀνακρι-</span> 
     </span>
    </p>
   </div>
   <div class='ocr_carea' id='block_1_96' title="bbox 2109 4165 3693 4241">
    <p class='ocr_par' dir='ltr' id='par_1_96' title="bbox 2109 4165 3693 4241">
     <span class='ocr_line' id='line_1_96' title="bbox 2109 4165 3693 4241; baseline 0.006 -22"><span class='ocrx_word' id='word_1_693' title='bbox 2109 4166 2223 4229; x_wconf 80' lang='grc' dir='ltr'>θεὶς</span> <span class='ocrx_word' id='word_1_694' title='bbox 2257 4166 2352 4219; x_wconf 80' lang='grc' dir='ltr'>καὶ</span> <span class='ocrx_word' id='word_1_695' title='bbox 2398 4165 2556 4232; x_wconf 77' lang='grc' dir='ltr'>δόξας</span> <span class='ocrx_word' id='word_1_696' title='bbox 2585 4166 2762 4238; x_wconf 80' lang='grc' dir='ltr'>ἀληθῆ</span> <span class='ocrx_word' id='word_1_697' title='bbox 2787 4167 2991 4237; x_wconf 82' lang='grc' dir='ltr'>λέγειν.</span> <span class='ocrx_word' id='word_1_698' title='bbox 3025 4169 3203 4225; x_wconf 83' lang='grc' dir='ltr'>πείθει</span> <span class='ocrx_word' id='word_1_699' title='bbox 3233 4172 3384 4241; x_wconf 62' lang='grc' dir='ltr'>αύτῷ</span> <span class='ocrx_word' id='word_1_700' title='bbox 3420 4172 3693 4228; x_wconf 69' lang='grc' dir='ltr'>ἕπεσθαι·</span> 
     </span>
    </p>
   </div>
   <div class='ocr_carea' id='block_1_97' title="bbox 2107 4253 3695 4334">
    <p class='ocr_par' dir='ltr' id='par_1_97' title="bbox 2107 4253 3695 4334">
     <span class='ocr_line' id='line_1_97' title="bbox 2107 4253 3695 4334; baseline 0.005 -27"><span class='ocrx_word' id='word_1_701' title='bbox 2107 4253 2275 4324; x_wconf 75' lang='grc' dir='ltr'>τάχος</span> <span class='ocrx_word' id='word_1_702' title='bbox 2303 4253 2412 4325; x_wconf 84' lang='grc' dir='ltr'><strong>γὰρ</strong></span> <span class='ocrx_word' id='word_1_703' title='bbox 2455 4255 2581 4309; x_wconf 81' lang='grc' dir='ltr'>ὅσον</span> <span class='ocrx_word' id='word_1_704' title='bbox 2610 4258 2667 4317; x_wconf 79' lang='grc' dir='ltr'><strong>ἐς</strong></span> <span class='ocrx_word' id='word_1_705' title='bbox 2703 4259 2774 4310; x_wconf 71' lang='grc' dir='ltr'><strong>τά</strong></span> <span class='ocrx_word' id='word_1_706' title='bbox 2817 4258 3107 4329; x_wconf 83' lang='grc' dir='ltr'>Ῥωμαίων</span> <span class='ocrx_word' id='word_1_707' title='bbox 3124 4260 3249 4331; x_wconf 83' lang='grc' dir='ltr'>ὅρια</span> <span class='ocrx_word' id='word_1_708' title='bbox 3280 4261 3379 4333; x_wconf 73' lang='grc' dir='ltr'>τὴν</span> <span class='ocrx_word' id='word_1_709' title='bbox 3427 4265 3695 4334; x_wconf 74' lang='grc' dir='ltr'>στρατιὰν</span> 
     </span>
    </p>
   </div>
   <div class='ocr_carea' id='block_1_98' title="bbox 2109 4345 3696 4427">
    <p class='ocr_par' dir='ltr' id='par_1_98' title="bbox 2109 4345 3696 4427">
     <span class='ocr_line' id='line_1_98' title="bbox 2109 4345 3696 4427; baseline 0.01 -30"><span class='ocrx_word' id='word_1_710' title='bbox 2109 4345 2432 4418; x_wconf 74' lang='grc' dir='ltr'>ἐπιστήσειν</span> <span class='ocrx_word' id='word_1_711' title='bbox 2463 4350 2820 4418; x_wconf 83' lang='grc' dir='ltr'>κατηγγυᾶτο</span> <span class='ocrx_word' id='word_1_712' title='bbox 2840 4365 2855 4381; x_wconf 89' lang='grc'><strong>·</strong></span> <span class='ocrx_word' id='word_1_713' title='bbox 2882 4350 3249 4420; x_wconf 76' lang='grc' dir='ltr'>δυσπρόσοδον</span> <span class='ocrx_word' id='word_1_714' title='bbox 3286 4353 3343 4410; x_wconf 83' lang='grc' dir='ltr'><strong>δέ</strong></span> <span class='ocrx_word' id='word_1_715' title='bbox 3380 4355 3551 4427; x_wconf 86' lang='grc' dir='ltr'>μόνην</span> <span class='ocrx_word' id='word_1_716' title='bbox 3584 4358 3696 4413; x_wconf 78' lang='grc' dir='ltr'>δεῖν</span> 
     </span>
    </p>
   </div>
   <div class='ocr_carea' id='block_1_99' title="bbox 2108 4438 3697 4518">
    <p class='ocr_par' dir='ltr' id='par_1_99' title="bbox 2108 4438 3697 4518">
     <span class='ocr_line' id='line_1_99' title="bbox 2108 4438 3697 4518; baseline 0.007 -27"><span class='ocrx_word' id='word_1_717' title='bbox 2108 4455 2232 4495; x_wconf 82' lang='grc' dir='ltr'>τινα</span> <span class='ocrx_word' id='word_1_718' title='bbox 2274 4439 2379 4509; x_wconf 83' lang='grc' dir='ltr'>γῆν</span> <span class='ocrx_word' id='word_1_719' title='bbox 2417 4438 2595 4494; x_wconf 83' lang='grc' dir='ltr'>ἐλθεῖν</span> <span class='ocrx_word' id='word_1_720' title='bbox 2623 4440 2822 4507; x_wconf 82' lang='grc' dir='ltr'>αὐτοὺς</span> <span class='ocrx_word' id='word_1_721' title='bbox 2873 4445 3022 4504; x_wconf 78' lang='grc' dir='ltr'>δυεῖν</span> <span class='ocrx_word' id='word_1_722' title='bbox 3050 4444 3082 4516; x_wconf 81' lang='grc' dir='ltr'><strong>ἢ</strong></span> <span class='ocrx_word' id='word_1_723' title='bbox 3112 4445 3287 4515; x_wconf 85' lang='grc' dir='ltr'>τριῶν</span> <span class='ocrx_word' id='word_1_724' title='bbox 3313 4447 3567 4518; x_wconf 72' lang='grc' dir='ltr'>ἡμερῶν,</span> <span class='ocrx_word' id='word_1_725' title='bbox 3608 4455 3697 4504; x_wconf 74' lang='grc' dir='ltr'>καὶ</span> 
     </span>
    </p>
   </div>
   <div class='ocr_carea' id='block_1_100' title="bbox 2108 4531 3698 4616">
    <p class='ocr_par' dir='ltr' id='par_1_100' title="bbox 2108 4531 3698 4616">
     <span class='ocr_line' id='line_1_100' title="bbox 2108 4531 3698 4616; baseline 0.008 -34"><span class='ocrx_word' id='word_1_726' title='bbox 2108 4532 2305 4603; x_wconf 76' lang='grc' dir='ltr'>χρῆναι</span> <span class='ocrx_word' id='word_1_727' title='bbox 2330 4531 2401 4591; x_wconf 70' lang='grc' dir='ltr'><strong>τά</strong></span> <span class='ocrx_word' id='word_1_728' title='bbox 2423 4534 2706 4605; x_wconf 63' lang='grc' dir='ltr'>ἐπιτήδεια</span> <span class='ocrx_word' id='word_1_729' title='bbox 2736 4536 2925 4605; x_wconf 78' lang='grc' dir='ltr'>φέρειν</span> <span class='ocrx_word' id='word_1_730' title='bbox 2945 4551 2959 4567; x_wconf 91' lang='grc'><strong>·</strong></span> <span class='ocrx_word' id='word_1_731' title='bbox 2986 4537 3056 4592; x_wconf 80' lang='grc' dir='ltr'>δι’</span> <span class='ocrx_word' id='word_1_732' title='bbox 3088 4538 3303 4611; x_wconf 79' lang='grc' dir='ltr'>ἐρήμου</span> <span class='ocrx_word' id='word_1_733' title='bbox 3332 4540 3444 4611; x_wconf 76' lang='grc' dir='ltr'><strong>γάρ</strong></span> <span class='ocrx_word' id='word_1_734' title='bbox 3470 4540 3572 4609; x_wconf 83' lang='grc' dir='ltr'>τῆς</span> <span class='ocrx_word' id='word_1_735' title='bbox 3597 4545 3698 4616; x_wconf 70' lang='grc' dir='ltr'>γῆς</span> 
     </span>
    </p>
   </div>
   <div class='ocr_carea' id='block_1_101' title="bbox 2043 4622 3698 4712">
    <p class='ocr_par' dir='ltr' id='par_1_101' title="bbox 2043 4622 3698 4712">
     <span class='ocr_line' id='line_1_101' title="bbox 2043 4622 3698 4712; baseline 0.007 -36"><span class='ocrx_word' id='word_1_736' title='bbox 2043 4657 2085 4712; x_wconf 75' lang='lat' dir='ltr'><strong>D</strong></span> <span class='ocrx_word' id='word_1_737' title='bbox 2112 4627 2362 4696; x_wconf 83' lang='grc' dir='ltr'>ἀνάγκην</span> <span class='ocrx_word' id='word_1_738' title='bbox 2387 4622 2530 4681; x_wconf 82' lang='grc' dir='ltr'>εἶναι</span> <span class='ocrx_word' id='word_1_739' title='bbox 2573 4627 2636 4681; x_wconf 80' lang='grc' dir='ltr'>τὸ</span> <span class='ocrx_word' id='word_1_740' title='bbox 2669 4628 2991 4701; x_wconf 83' lang='grc' dir='ltr'>στράτευμα</span> <span class='ocrx_word' id='word_1_741' title='bbox 3026 4628 3278 4687; x_wconf 76' lang='grc' dir='ltr'>διελθεῖν.</span> <span class='ocrx_word' id='word_1_742' title='bbox 3318 4634 3429 4686; x_wconf 77' lang='grc' dir='ltr'><strong>Καὶ</strong></span> <span class='ocrx_word' id='word_1_743' title='bbox 3465 4634 3531 4704; x_wconf 79' lang='grc' dir='ltr'>δὴ</span> <span class='ocrx_word' id='word_1_744' title='bbox 3575 4640 3698 4699; x_wconf 75' lang='grc' dir='ltr'>’ταῖς</span> 
     </span>
    </p>
   </div>
   <div class='ocr_carea' id='block_1_102' title="bbox 2113 4718 3697 4796">
    <p class='ocr_par' dir='ltr' id='par_1_102' title="bbox 2113 4718 3697 4796">
     <span class='ocr_line' id='line_1_102' title="bbox 2113 4718 3697 4796; baseline 0.006 -26"><span class='ocrx_word' id='word_1_745' title='bbox 2113 4718 2353 4782; x_wconf 79' lang='grc' dir='ltr'>ἀπάταις</span> <span class='ocrx_word' id='word_1_746' title='bbox 2417 4720 2514 4772; x_wconf 82' lang='grc' dir='ltr'><strong>τοῦ</strong></span> <span class='ocrx_word' id='word_1_747' title='bbox 2578 4720 2745 4791; x_wconf 85' lang='grc' dir='ltr'>σοφοῦ</span> <span class='ocrx_word' id='word_1_748' title='bbox 2813 4722 2993 4777; x_wconf 82' lang='grc' dir='ltr'>εῖτουν</span> <span class='ocrx_word' id='word_1_749' title='bbox 3057 4724 3315 4793; x_wconf 84' lang='grc' dir='ltr'>σοφιστοῦ</span> <span class='ocrx_word' id='word_1_750' title='bbox 3381 4726 3697 4796; x_wconf 77' lang='grc' dir='ltr'>πρεσΰύτου</span> 
     </span>
    </p>
   </div>
   <div class='ocr_carea' id='block_1_103' title="bbox 2114 4810 3694 4890">
    <p class='ocr_par' dir='ltr' id='par_1_103' title="bbox 2114 4810 3694 4890">
     <span class='ocr_line' id='line_1_103' title="bbox 2114 4810 3694 4890; baseline 0.008 -28"><span class='ocrx_word' id='word_1_751' title='bbox 2114 4810 2363 4875; x_wconf 74' lang='grc' dir='ltr'>πεισθεὶς</span> <span class='ocrx_word' id='word_1_752' title='bbox 2396 4813 2426 4865; x_wconf 87' lang='grc' dir='ltr'>ὁ</span> <span class='ocrx_word' id='word_1_753' title='bbox 2454 4811 2707 4866; x_wconf 81' lang='grc' dir='ltr'>ἀπατεὼν</span> <span class='ocrx_word' id='word_1_754' title='bbox 2745 4816 2841 4872; x_wconf 78' lang='grc' dir='ltr'>καὶ</span> <span class='ocrx_word' id='word_1_755' title='bbox 2876 4814 3103 4881; x_wconf 73' lang='grc' dir='ltr'>πολλοὺς</span> <span class='ocrx_word' id='word_1_756' title='bbox 3155 4820 3694 4890; x_wconf 70' lang='grc' dir='ltr'>κατασοφισὲμενος,</span> 
     </span>
    </p>
   </div>
   <div class='ocr_carea' id='block_1_104' title="bbox 2115 4901 3698 4980">
    <p class='ocr_par' dir='ltr' id='par_1_104' title="bbox 2115 4901 3698 4980">
     <span class='ocr_line' id='line_1_104' title="bbox 2115 4901 3698 4980; baseline 0.007 -25"><span class='ocrx_word' id='word_1_757' title='bbox 2115 4901 2255 4967; x_wconf 78' lang='grc' dir='ltr'>ἔγνω</span> <span class='ocrx_word' id='word_1_758' title='bbox 2279 4902 2390 4955; x_wconf 75' lang='grc' dir='ltr'>δεῖν</span> <span class='ocrx_word' id='word_1_759' title='bbox 2418 4905 2591 4974; x_wconf 77' lang='grc' dir='ltr'>ταύτῃ</span> <span class='ocrx_word' id='word_1_760' title='bbox 2621 4907 2918 4976; x_wconf 81' lang='grc' dir='ltr'>πορευτέον</span> <span class='ocrx_word' id='word_1_761' title='bbox 2945 4903 3105 4970; x_wconf 80' lang='grc' dir='ltr'>εἶναι,</span> <span class='ocrx_word' id='word_1_762' title='bbox 3139 4907 3266 4965; x_wconf 74' lang='grc' dir='ltr'>ἔνθα</span> <span class='ocrx_word' id='word_1_763' title='bbox 3300 4910 3368 4962; x_wconf 82' lang='grc' dir='ltr'>ἂν</span> <span class='ocrx_word' id='word_1_764' title='bbox 3397 4912 3425 4973; x_wconf 74' lang='grc' dir='ltr'><strong>ό</strong></span> <span class='ocrx_word' id='word_1_765' title='bbox 3460 4914 3698 4980; x_wconf 73' lang='grc' dir='ltr'>πρεσσύ-</span> 
     </span>
    </p>
   </div>
   <div class='ocr_carea' id='block_1_105' title="bbox 2112 4995 3695 5076">
    <p class='ocr_par' dir='ltr' id='par_1_105' title="bbox 2112 4995 3695 5076">
     <span class='ocr_line' id='line_1_105' title="bbox 2112 4995 3695 5076; baseline 0.006 -28"><span class='ocrx_word' id='word_1_766' title='bbox 2112 5012 2212 5064; x_wconf 83' lang='grc' dir='ltr'><strong>της</strong></span> <span class='ocrx_word' id='word_1_767' title='bbox 2237 4995 2450 5068; x_wconf 77' lang='grc' dir='ltr'>ἡγοῖτο.</span> <span class='ocrx_word' id='word_1_768' title='bbox 2493 4995 2582 5058; x_wconf 84' lang='grc' dir='ltr'>Ὠς</span> <span class='ocrx_word' id='word_1_769' title='bbox 2611 4996 2667 5048; x_wconf 82' lang='grc' dir='ltr'>δὲ</span> <span class='ocrx_word' id='word_1_770' title='bbox 2703 4999 3040 5068; x_wconf 81' lang='grc' dir='ltr'>προσωτέρω</span> <span class='ocrx_word' id='word_1_771' title='bbox 3068 4999 3373 5069; x_wconf 82' lang='grc' dir='ltr'>χωροῦντες</span> <span class='ocrx_word' id='word_1_772' title='bbox 3409 5006 3556 5072; x_wconf 75' lang='grc' dir='ltr'>μετὰ</span> <span class='ocrx_word' id='word_1_773' title='bbox 3582 5006 3695 5076; x_wconf 70' lang='grc' dir='ltr'>τρία</span> 
     </span>
    </p>
   </div>
   <div class='ocr_carea' id='block_1_106' title="bbox 2114 5085 3695 5166">
    <p class='ocr_par' dir='ltr' id='par_1_106' title="bbox 2114 5085 3695 5166">
     <span class='ocr_line' id='line_1_106' title="bbox 2114 5085 3695 5166; baseline 0.009 -29"><span class='ocrx_word' id='word_1_774' title='bbox 2114 5101 2217 5154; x_wconf 86' lang='grc' dir='ltr'><strong>την</strong></span> <span class='ocrx_word' id='word_1_775' title='bbox 2250 5085 2466 5156; x_wconf 83' lang='grc' dir='ltr'>ἡμέραν</span> <span class='ocrx_word' id='word_1_776' title='bbox 2502 5085 2690 5148; x_wconf 85' lang='grc' dir='ltr'>τόποις</span> <span class='ocrx_word' id='word_1_777' title='bbox 2719 5087 2931 5158; x_wconf 79' lang='grc' dir='ltr'>ἀγρίοις</span> <span class='ocrx_word' id='word_1_778' title='bbox 2967 5088 3245 5158; x_wconf 79' lang='grc' dir='ltr'>ἐνέϐαλον,</span> <span class='ocrx_word' id='word_1_779' title='bbox 3278 5093 3307 5144; x_wconf 82' lang='grc' dir='ltr'>ὁ</span> <span class='ocrx_word' id='word_1_780' title='bbox 3339 5092 3441 5160; x_wconf 77' lang='grc' dir='ltr'>μὲν</span> <span class='ocrx_word' id='word_1_781' title='bbox 3478 5095 3695 5166; x_wconf 83' lang='grc' dir='ltr'>γέρων.</span> 
     </span>
    </p>
   </div>
   <div class='ocr_carea' id='block_1_107' title="bbox 2117 5175 3695 5257">
    <p class='ocr_par' dir='ltr' id='par_1_107' title="bbox 2117 5175 3695 5257">
     <span class='ocr_line' id='line_1_107' title="bbox 2117 5175 3695 5257; baseline 0.01 -30"><span class='ocrx_word' id='word_1_782' title='bbox 2117 5175 2374 5247; x_wconf 80' lang='grc' dir='ltr'>βασάνοις</span> <span class='ocrx_word' id='word_1_783' title='bbox 2406 5175 2678 5246; x_wconf 84' lang='grc' dir='ltr'>ὡμολόγει</span> <span class='ocrx_word' id='word_1_784' title='bbox 2706 5177 2806 5249; x_wconf 78' lang='grc' dir='ltr'>τὴν</span> <span class='ocrx_word' id='word_1_785' title='bbox 2834 5180 3094 5249; x_wconf 78' lang='grc' dir='ltr'>πρόθεσιν</span> <span class='ocrx_word' id='word_1_786' title='bbox 3114 5222 3128 5244; x_wconf 88' lang='grc'><strong>,</strong></span> <span class='ocrx_word' id='word_1_787' title='bbox 3158 5182 3234 5247; x_wconf 83' lang='grc' dir='ltr'>ὥς</span> <span class='ocrx_word' id='word_1_788' title='bbox 3264 5184 3375 5236; x_wconf 83' lang='grc' dir='ltr'><strong>τῶν</strong></span> <span class='ocrx_word' id='word_1_789' title='bbox 3404 5186 3695 5257; x_wconf 80' lang='grc' dir='ltr'>ὁμοφύλων</span> 
     </span>
    </p>
   </div>
   <div class='ocr_carea' id='block_1_108' title="bbox 2118 5268 3694 5347">
    <p class='ocr_par' dir='ltr' id='par_1_108' title="bbox 2118 5268 3694 5347">
     <span class='ocr_line' id='line_1_108' title="bbox 2118 5268 3694 5347; baseline 0.006 -29"><span class='ocrx_word' id='word_1_790' title='bbox 2118 5268 2280 5339; x_wconf 79' lang='grc' dir='ltr'>χάριν</span> <span class='ocrx_word' id='word_1_791' title='bbox 2324 5268 2691 5340; x_wconf 84' lang='grc' dir='ltr'>αύτομολήσοι</span> <span class='ocrx_word' id='word_1_792' title='bbox 2744 5271 2880 5340; x_wconf 67' lang='grc' dir='ltr'>πρὸς</span> <span class='ocrx_word' id='word_1_793' title='bbox 2926 5271 3156 5332; x_wconf 84' lang='grc' dir='ltr'>θάνατον</span> <span class='ocrx_word' id='word_1_794' title='bbox 3184 5288 3198 5307; x_wconf 92' lang='grc'><strong>·</strong></span> <span class='ocrx_word' id='word_1_795' title='bbox 3237 5275 3331 5333; x_wconf 80' lang='grc' dir='ltr'><strong>καί</strong></span> <span class='ocrx_word' id='word_1_796' title='bbox 3384 5275 3436 5343; x_wconf 78' lang='grc' dir='ltr'>γ’</span> <span class='ocrx_word' id='word_1_797' title='bbox 3481 5278 3694 5347; x_wconf 66' lang='grc' dir='ltr'>ἕτοιμον</span> 
     </span>
    </p>
   </div>
   <div class='ocr_carea' id='block_1_109' title="bbox 2118 5359 3692 5435">
    <p class='ocr_par' dir='ltr' id='par_1_109' title="bbox 2118 5359 3692 5435">
     <span class='ocr_line' id='line_1_109' title="bbox 2118 5359 3692 5435; baseline 0.008 -24"><span class='ocrx_word' id='word_1_798' title='bbox 2118 5359 2311 5412; x_wconf 82' lang='grc' dir='ltr'>ἐαυτὸν</span> <span class='ocrx_word' id='word_1_799' title='bbox 2364 5361 2626 5430; x_wconf 83' lang='grc' dir='ltr'>παρέχειν</span> <span class='ocrx_word' id='word_1_800' title='bbox 2675 5361 2811 5433; x_wconf 69' lang='grc' dir='ltr'>πρὸς</span> <span class='ocrx_word' id='word_1_801' title='bbox 2845 5365 2952 5417; x_wconf 82' lang='grc' dir='ltr'>πᾶν</span> <span class='ocrx_word' id='word_1_802' title='bbox 2983 5367 3382 5435; x_wconf 70' lang='grc' dir='ltr'>ἐπερχόμενον·</span> <span class='ocrx_word' id='word_1_803' title='bbox 3413 5370 3474 5420; x_wconf 86' lang='grc' dir='ltr'><strong>ἐν</strong></span> <span class='ocrx_word' id='word_1_804' title='bbox 3506 5369 3692 5431; x_wconf 75' lang='grc' dir='ltr'>δεινοῖς</span> 
     </span>
    </p>
   </div>
   <div class='ocr_carea' id='block_1_110' title="bbox 2116 5450 3693 5533">
    <p class='ocr_par' dir='ltr' id='par_1_110' title="bbox 2116 5450 3693 5533">
     <span class='ocr_line' id='line_1_110' title="bbox 2116 5450 3693 5533; baseline 0.008 -30"><span class='ocrx_word' id='word_1_805' title='bbox 2116 5450 2163 5503; x_wconf 78' lang='grc' dir='ltr'>δ’</span> <span class='ocrx_word' id='word_1_806' title='bbox 2192 5451 2460 5520; x_wconf 76' lang='grc' dir='ltr'>ἀφύκτοις</span> <span class='ocrx_word' id='word_1_807' title='bbox 2495 5455 2599 5523; x_wconf 80' lang='grc' dir='ltr'>τῆς</span> <span class='ocrx_word' id='word_1_808' title='bbox 2628 5457 2891 5527; x_wconf 81' lang='grc' dir='ltr'>στρατιᾶς</span> <span class='ocrx_word' id='word_1_809' title='bbox 2930 5457 3436 5531; x_wconf 71' lang='grc' dir='ltr'>ἐναπειλημμένης,</span> <span class='ocrx_word' id='word_1_810' title='bbox 3475 5465 3572 5516; x_wconf 72' lang='grc' dir='ltr'><strong>καὶ</strong></span> <span class='ocrx_word' id='word_1_811' title='bbox 3600 5462 3693 5533; x_wconf 79' lang='grc' dir='ltr'><strong>ήδη</strong></span> 
     </span>
    </p>
   </div>
   <div class='ocr_carea' id='block_1_111' title="bbox 2120 5544 3692 5627">
    <p class='ocr_par' dir='ltr' id='par_1_111' title="bbox 2120 5544 3692 5627">
     <span class='ocr_line' id='line_1_111' title="bbox 2120 5544 3692 5627; baseline 0.004 -31"><span class='ocrx_word' id='word_1_812' title='bbox 2120 5544 2465 5614; x_wconf 85' lang='grc' dir='ltr'>ἐκτετηκόσι,</span> <span class='ocrx_word' id='word_1_813' title='bbox 2516 5550 2581 5615; x_wconf 78' lang='grc' dir='ltr'><strong>τῇ</strong></span> <span class='ocrx_word' id='word_1_814' title='bbox 2626 5562 2683 5601; x_wconf 84' lang='grc' dir='ltr'><strong>τε</strong></span> <span class='ocrx_word' id='word_1_815' title='bbox 2715 5550 2903 5619; x_wconf 78' lang='grc' dir='ltr'>μακρᾷ</span> <span class='ocrx_word' id='word_1_816' title='bbox 2943 5550 3225 5621; x_wconf 70' lang='grc' dir='ltr'>ὁδοιπορία</span> <span class='ocrx_word' id='word_1_817' title='bbox 3261 5553 3353 5605; x_wconf 84' lang='grc' dir='ltr'><strong>καί</strong></span> <span class='ocrx_word' id='word_1_818' title='bbox 3380 5553 3566 5627; x_wconf 77' lang='grc' dir='ltr'>ἐνδείᾳ</span> <span class='ocrx_word' id='word_1_819' title='bbox 3591 5555 3692 5606; x_wconf 81' lang='grc' dir='ltr'>τῶν</span> 
     </span>
    </p>
   </div>
   <div class='ocr_carea' id='block_1_112' title="bbox 2119 5638 3694 5714">
    <p class='ocr_par' dir='ltr' id='par_1_112' title="bbox 2119 5638 3694 5714">
     <span class='ocr_line' id='line_1_112' title="bbox 2119 5638 3694 5714; baseline 0.004 -23"><span class='ocrx_word' id='word_1_820' title='bbox 2119 5638 2461 5705; x_wconf 75' lang='grc' dir='ltr'>ἀναγκαίων,</span> <span class='ocrx_word' id='word_1_821' title='bbox 2490 5638 2654 5701; x_wconf 71' lang='grc' dir='ltr'>εὐθὺς</span> <span class='ocrx_word' id='word_1_822' title='bbox 2697 5642 2794 5693; x_wconf 78' lang='grc' dir='ltr'><strong>καὶ</strong></span> <span class='ocrx_word' id='word_1_823' title='bbox 2827 5642 3070 5713; x_wconf 79' lang='grc' dir='ltr'>Περσικὴ</span> <span class='ocrx_word' id='word_1_824' title='bbox 3100 5643 3408 5714; x_wconf 78' lang='grc' dir='ltr'>παράταξις</span> <span class='ocrx_word' id='word_1_825' title='bbox 3440 5645 3694 5700; x_wconf 76' lang='grc' dir='ltr'>ἐπεισπί-</span> 
     </span>
    </p>
   </div>
   <div class='ocr_carea' id='block_1_113' title="bbox 2121 5729 3692 5810">
    <p class='ocr_par' dir='ltr' id='par_1_113' title="bbox 2121 5729 3692 5810">
     <span class='ocr_line' id='line_1_113' title="bbox 2121 5729 3692 5810; baseline 0.003 -28"><span class='ocrx_word' id='word_1_826' title='bbox 2121 5747 2246 5783; x_wconf 87' lang='grc' dir='ltr'>πτει</span> <span class='ocrx_word' id='word_1_827' title='bbox 2289 5729 2499 5795; x_wconf 80' lang='grc' dir='ltr'>τούτοις</span> <span class='ocrx_word' id='word_1_828' title='bbox 2535 5732 2680 5800; x_wconf 84' lang='grc' dir='ltr'>μάλα</span> <span class='ocrx_word' id='word_1_829' title='bbox 2713 5734 2982 5806; x_wconf 71' lang='grc' dir='ltr'>λαμπρά·</span> <span class='ocrx_word' id='word_1_830' title='bbox 3031 5737 3126 5788; x_wconf 69' lang='grc' dir='ltr'>καὶ</span> <span class='ocrx_word' id='word_1_831' title='bbox 3186 5738 3364 5809; x_wconf 74' lang='grc' dir='ltr'>μάχης</span> <span class='ocrx_word' id='word_1_832' title='bbox 3420 5740 3692 5810; x_wconf 68' lang='grc' dir='ltr'>καρτερᾶς</span> 
     </span>
    </p>
   </div>
   <div class='ocr_carea' id='block_1_114' title="bbox 2124 5823 3692 5907">
    <p class='ocr_par' dir='ltr' id='par_1_114' title="bbox 2124 5823 3692 5907">
     <span class='ocr_line' id='line_1_114' title="bbox 2124 5823 3692 5907; baseline 0.004 -32"><span class='ocrx_word' id='word_1_833' title='bbox 2124 5823 2517 5893; x_wconf 74' lang='grc' dir='ltr'>συρῤαγείσης,</span> <span class='ocrx_word' id='word_1_834' title='bbox 2537 5824 2738 5894; x_wconf 81' lang='grc' dir='ltr'>ἄνεμος</span> <span class='ocrx_word' id='word_1_835' title='bbox 2788 5826 3046 5896; x_wconf 62' lang='grc' dir='ltr'>ἐκνεφίας</span> <span class='ocrx_word' id='word_1_836' title='bbox 3071 5830 3306 5893; x_wconf 77' lang='grc' dir='ltr'>πνεύσας</span> <span class='ocrx_word' id='word_1_837' title='bbox 3333 5833 3589 5907; x_wconf 65' lang='grc' dir='ltr'>σφοδρὸν,</span> <span class='ocrx_word' id='word_1_838' title='bbox 3609 5832 3692 5884; x_wconf 78' lang='grc' dir='ltr'><strong>τόν</strong></span> 
     </span>
    </p>
   </div>
   <div class='ocr_carea' id='block_1_115' title="bbox 2124 5915 3686 5994">
    <p class='ocr_par' dir='ltr' id='par_1_115' title="bbox 2124 5915 3686 5994">
     <span class='ocr_line' id='line_1_115' title="bbox 2124 5915 3686 5994; baseline 0.008 -27"><span class='ocrx_word' id='word_1_839' title='bbox 2124 5931 2180 5967; x_wconf 87' lang='grc' dir='ltr'><strong>τε</strong></span> <span class='ocrx_word' id='word_1_840' title='bbox 2207 5915 2436 5985; x_wconf 68' lang='grc' dir='ltr'>ούρχνὸι</span> <span class='ocrx_word' id='word_1_841' title='bbox 2463 5917 2557 5985; x_wconf 55' lang='grc' dir='ltr'>καὶ.</span> <span class='ocrx_word' id='word_1_842' title='bbox 2575 5919 2664 5970; x_wconf 69' lang='grc' dir='ltr'><strong>τῖν</strong></span> <span class='ocrx_word' id='word_1_843' title='bbox 2692 5918 2846 5988; x_wconf 78' lang='grc' dir='ltr'>ἧλιον</span> <span class='ocrx_word' id='word_1_844' title='bbox 2869 5922 3184 5994; x_wconf 79' lang='grc' dir='ltr'>πυκνοτάτῳ</span> <span class='ocrx_word' id='word_1_845' title='bbox 3212 5924 3358 5993; x_wconf 81' lang='grc' dir='ltr'>νέφει</span> <span class='ocrx_word' id='word_1_846' title='bbox 3389 5927 3686 5985; x_wconf 69' lang='grc' dir='ltr'>ἐκάλυπτε·</span> 
     </span>
    </p>
   </div>
  </div>
