3796 6530
161 473 249 538 5ἐ9

1036 464 1639 527 ΕίὶεὶΕΞΙιΧΞΤΙΟίΕ
1680 465 2071 528 ΙΠΞἸῸΙΠΕ
2111 470 2262 535 LIB.
2298 471 2373 534 Χ.

3253 477 3360 541 ξι5ὶ

156 589 234 643 καὶ
260 583 345 655 τὴν
371 580 511 636 κόνιν
544 580 619 644 εἰς
659 581 798 652 ἀέρα
828 580 1035 652 ἑλίκμα
1064 624 1079 647 ,
1112 579 1337 642 σκιξτους
1369 578 1565 632 πολλοῦ
1594 579 1674 631 κατ

1792 580 1979 651 praelio
2013 581 2218 652 ingenti
2269 585 2590 654 commisso,
2642 588 2905 646 turbidus
2944 599 3143 648 ventus
3191 595 3363 648 vehe-

153 678 323 749 ἀχλύος
348 675 567 746 μάλιστα
589 673 1041 744 ἐπιπολαζούσης.
1076 674 1147 725 Τὸ
1177 672 1235 725 δὲ
1257 672 1527 741 Περσικὸν
1555 673 1681 724 ἐπε-

152 771 337 835 λαῦνον,
371 766 628 834 συνεπῆγε
652 768 746 820 καὶ
773 767 901 830 τοὺς
921 766 1289 828 ὕποσπὸνδους
1313 766 1679 835 κοντοφόρους

154 858 462 929 Σαρακηνοὺς
482 874 497 889 ’
520 850 594 912 ὧν
616 852 699 921 εἷς
724 858 783 911 τὸ
811 858 941 931 δόρυ
964 860 1235 922 ἐκτείνας,
1263 858 1384 927 ίσχυ
1396 859 1500 926 ρῶς
1524 856 1676 910 παίει

147 957 226 1009 τὸν
252 952 458 1025 βασιλέα
481 953 621 1007 κατὰ
646 952 706 1006 τδ
735 955 1102 1025 περιτόναιον.
1133 954 1285 1022 ’Δμα
1313 952 1370 1006 δὲ
1399 955 1465 1023 τῇ
1501 954 1675 1023 αἰχμῇ

148 1045 435 1115 ἐξελκομένῃ
464 1043 667 1114 κόπρος
698 1044 1056 1116 ἐπηκολούθει
1098 1046 1567 1115 συνεπισπωμένη
1599 1045 1677 1116 τῷ

142 1140 327 1209 αΞματι.
368 1135 467 1190 Τὸν
498 1135 600 1207 μὲν
629 1132 726 1190 οὖν
773 1140 1064 1192 κτείναντα
1094 1134 1176 1202 εἷς
1215 1138 1328 1193 τῶν
1360 1138 1675 1208 δορυφόρων

142 1226 350 1282 ἐπελθὼν
390 1226 485 1295 τῆς
514 1225 761 1295 κεφαλῆς
791 1228 1110 1298 ἀφαιρεῖται
1128 1245 1144 1259 ·
1171 1227 1394 1298 καιρίαν
1422 1227 1477 1280 δὲ
1532 1244 1674 1298 τρω-

141 1318 272 1373 θέντα
295 1314 378 1369 τὸν
406 1313 695 1369 ἰουλιανὸν
724 1315 812 1369 ἔπ’
853 1317 1081 1379 ἀσπίδος
1110 1317 1160 1371 oi
1186 1318 1380 1370 οἰκεῖοι
1410 1316 1676 1370 ἀναλαϐό-

143 1425 290 1482 μενοι,
315 1407 442 1477 πρὸς
465 1406 566 1478 τὴν
592 1407 886 1480 βασιλικὴν
922 1409 1244 1481 ἀπεχώρουν
1285 1410 1516 1481 σκηνήν.
1548 1411 1689 1465 Τισὶ-

136 1502 185 1555 δὲ
210 1500 294 1553 καὶ
313 1497 408 1569 τὴν
441 1497 659 1568 πληγὴν
681 1499 769 1553 διὰ
806 1500 867 1553 τὸ
895 1501 1092 1571 ἀθρόον
1128 1500 1255 1572 μηδ’
1283 1501 1407 1555 ὅθεν
1435 1502 1673 1572 ἐπῆλθεν

140 1591 301 1656 iaciat,
340 1589 491 1659 παρά
527 1609 674 1653 τινος
706 1591 816 1645 τῶν
862 1592 1083 1646 οίκείων
1118 1593 1380 1663 ἐνομίσθη
1406 1594 1471 1653 τὸ
1500 1588 1672 1661 πάθος

136 1682 400 1754 προελθεῖν.
434 1682 493 1734 Oi
514 1683 622 1752 μὲν
651 1681 745 1736 οὖν
773 1683 1011 1754 Πέρσην,
1039 1684 1087 1736 οἱ
1112 1684 1167 1737 δὲ
1189 1685 1533 1757 Σαρακηνὸν,
1562 1688 1673 1745 sici.

134 1771 241 1827 δὲοὶ
269 1775 356 1825 καὶ
388 1770 665 1841 Ῥωμαῖον
700 1772 1047 1843 στρλτιώτην
1072 1771 1506 1845 διισχυρίζονται
1533 1772 1672 1830 εἶναι

132 1864 205 1920 τὸν
249 1863 541 1933 πλήξαντα,
586 1864 1072 1935 ἀγανακτήσαντα,
1132 1865 1206 1928 ὡς
1260 1866 1429 1931 εἰκὸς,
1478 1867 1672 1938 ὅτιπερ

1791 681 2009 726 tnenter
2047 674 2179 729 flare
2213 673 2508 746 incipiens,
2538 679 2702 733 densa
2757 681 2900 735 nube
2945 682 3146 738 malum
3196 696 3362 752 atque

1785 761 1954 816 solem
1986 763 2269 831 obscurat,
2312 769 2595 837 pulverem
2624 773 2678 825 in
2713 786 2894 827 aerem
2925 774 3200 829 sublatum
3229 792 3354 830 vcn-

1786 850 1926 913 tilat.
1986 855 2392 928 ealiginemque
2429 870 2487 916 et
2528 862 2784 918 tenebras
2832 864 3084 933 ingentes
3134 868 3357 922 excitat.

1784 942 1852 997 Et
1898 944 2154 1002 Persicus
2201 951 2476 1007 exercitus
2550 952 2605 1007 in
2658 965 2877 1010 nostros
2910 955 3150 1022 irruens,
3181 960 3359 1013 smius

1780 1042 1949 1102 atque
1976 1036 2273 1093 auxiliares
2306 1057 2490 1096 secum
2541 1043 2842 1100 Saracenos
2894 1046 3137 1102 hastatos
3189 1050 3361 1104 addu-

1783 1139 1959 1186 xerat.
1994 1130 2194 1185 llorum
2228 1133 2429 1204 aliquis
2461 1137 2613 1191 hasta
2644 1148 2926 1207 protensa,
2958 1142 3351 1211 imperatorem

1782 1227 2021 1296 graviter
2051 1227 2306 1282 vulnerat
2339 1247 2352 1282 :
2392 1230 2713 1285 membrana
2756 1248 2820 1287 ea
2851 1249 2974 1302 quae
3006 1234 3353 1303 pcrituneum

1781 1320 2004 1383 dicitur,
2044 1329 2100 1374 ct
2143 1330 2268 1375 exta
2318 1323 2503 1375 omnia
2558 1321 2895 1379 intrinsecus
2941 1328 3095 1395 tegit,
3138 1327 3209 1381 ita
3243 1328 3357 1381 dis-

1785 1422 1974 1482 rupta,
2021 1422 2079 1468 ut
2109 1413 2336 1484 cuSpidc
2387 1423 2633 1469 extracta
2687 1428 3040 1473 excrementa
3084 1421 3353 1491 sanguine

1782 1502 1943 1557 mista
1972 1518 2091 1558 eam
2117 1503 2228 1557 sint
2256 1514 2581 1558 consecuta.
2634 1504 2952 1562 Pcrcussori
3000 1524 3066 1562 ex
3114 1507 3354 1579 imperii-

1782 1593 1916 1648 toris
1979 1594 2307 1649 satellitibus
2371 1594 2596 1666 quidam
2654 1606 2821 1666 caput
2888 1602 3192 1670 amputavit
3247 1604 3351 1673 (1).

1780 1685 2170 1757 Imperatorem
2232 1699 2413 1743 autem
2480 1688 2550 1743 ita
2635 1689 2912 1746 lethalitcr
2972 1692 3350 1755 vulneratmn.

1779 1787 1939 1832 scuto
1977 1779 2295 1847 impositum
2319 1817 2334 1835 .
2367 1780 2632 1833 satellites
2677 1781 2795 1850 ejus
2831 1781 2884 1835 in
2935 1782 3351 1838 tabernaculum

1782 1869 2202 1940 imperatorium
2246 1871 2582 1926 detulerunt.
2612 1872 2716 1943 81
2765 1872 2937 1927 Porro
2966 1875 3215 1929 nonnulli
3256 1877 3350 1945 qui

134 1956 325 2025 ἀϐουλίᾳ
352 1956 443 2009 καὶ
484 1954 789 2029 θρασύτητι
817 1958 1047 2029 γνώμης
1093 1956 1363 2030 τοσαύτην
1410 1937 1674 2030 στρατιὰν

1783 1961 1982 2016 vulnus
2016 1960 2161 2016 unde
2194 1963 2530 2030 pervenerit,
2564 1963 2634 2017 ob
2673 1965 3028 2032 repentinum
3066 1964 3349 2022 incursum

133 2049 513 2121 παραπώλεσεν.

1781 2067 2009 2122 prorsus
2065 2068 2175 2107 non
2235 2053 2519 2115 viderunt,
2582 2069 2613 2107 a
2676 2056 2939 2125 quopiam
2993 2056 3350 2112 familiarium

132 2159 326 2209 suorum
376 2144 648 2199 inuictum
697 2157 822 2199 esse
860 2142 1270 2199 existimarunt.
1324 2142 1507 2214 Atque
1562 2141 1655 2199 alii
1690 2143 1918 2213 quidem
1978 2144 2230 2210 Persam,
2292 2146 2385 2202 alii
2416 2146 2800 2223 Saracenum,
2861 2159 2990 2203 sunt
3024 2151 3117 2220 qui
3155 2151 3356 2205 Roma-

132 2258 242 2300 num
268 2242 485 2299 militem
515 2257 650 2296 eum
683 2239 955 2296 occidisse
994 2238 1289 2304 afﬁrmant,
1355 2240 1706 2311 indignatum
1747 2240 2033 2306 videlicet,
2097 2241 2265 2297 sicuti
2302 2243 2604 2300 verisimile
2639 2252 2779 2311 erat,
2825 2247 2972 2316 quod
3016 2246 3353 2318 imprudenti

134 2336 402 2394 temeritate
443 2345 501 2392 et
548 2332 786 2404 gloriosa
817 2332 1047 2389 audacia
1079 2340 1295 2389 tantum
1325 2333 1656 2405 perdiJisset
1691 2338 2020 2391 exercitum.

186 2430 416 2493 Λιόάνιος
446 2430 507 2485 δὲ
538 2432 568 2483 ὁ
598 2429 768 2501 Σλρος
803 2428 1090 2500 σοφιστὴς,
1125 2430 1279 2500 φίλος
1321 2430 1474 2501 αὐτῷ
1509 2433 1568 2495 ις
1597 2434 1666 2486 τὰ

135 2526 334 2595 μάλιστα
363 2523 458 2579 καὶ
484 2558 487 2561 -
514 2523 845 2587 διδάσκαλος
879 2521 1148 2592 γεγονὼς,
1178 2525 1236 2578 ἔν
1267 2522 1347 2594 τῷ
1379 2525 1462 2589 είς
1506 2524 1672 2577 αὑτὸν

134 2618 371 2686 uitaui/3i
392 2616 579 2670 τοιάδε
612 2616 746 2687 περὶ
774 2614 864 2669 τοῦ
897 2614 1206 2680 κτείναντος
1239 2617 1402 2670 αὐτὸν
1431 2617 1669 2689 ίστορεί·

136 2730 153 2763 ι
185 2709 269 2774 Τίς
293 2706 385 2766 οὖν
414 2713 442 2762 ὁ
490 2708 739 2778 κτείνας,
782 2708 941 2762 ποθεῖ
977 2723 1061 2769 τις
1101 2708 1369 2774 ἀκοῦσαις
1416 2708 1672 2778 Τοῦνομα

133 2803 219 2871 μὲν
243 2800 335 2856 οὐκ
358 2797 474 2854 οἶδα
499 2813 518 2829 ⁸
555 2797 649 2854 τοῦ
705 2799 762 2854 δὲ
814 2798 891 2870 μὴ
920 2797 1181 2869 πολέμιον
1221 2795 1362 2854 εἶναι
1391 2800 1484 2855 τὸν
1530 2799 1675 2854 κτεί-

132 2910 275 2948 ναντα
307 2895 533 2962 σημεῖον
564 2891 796 2963 ἐναργὲς
828 2891 890 2948 τὸ
937 2891 1146 2963 μηδένα
1179 2891 1445 2963 πολέμιον
1483 2894 1580 2948 ἐπὶ
1604 2894 1670 2963 τῇ

132 2986 293 3058 πληγῇ
325 2985 700 3055 τετιμῆσθαι·
735 2984 915 3039 καίτοι
964 2984 1054 3040 διὰ
1095 2983 1356 3057 κηρύκων
1384 2986 1413 3039 ὁ
1449 2978 1675 3067 Πέρσῃς

132 3080 293 3135 ἐκάλει
324 3081 418 3135 τὸν
470 3078 845 3141 ἀπεκτονότα,
894 3078 993 3132 καὶ
1036 3078 1295 3147 μεγάλων
1331 3078 1547 3149 ὑπῆρχε
1594 3078 1674 3148 τῷ

132 3172 325 3241 φανέντι
353 3172 567 3239 τυχεῖν.
613 3168 755 3223 Ἀλλ’
787 3170 941 3239 ὅμως
971 3168 1081 3224 οὐδ’
1120 3168 1288 3241 ἔρωτι
1317 3169 1497 3239 γερῶν
1543 3169 1679 3240 ἠλα-

1848 2431 2118 2490 Libanius
2159 2448 2292 2489 sane
2323 2432 2497 2505 Syrus
2534 2435 2802 2506 sophista,
2831 2436 3042 2492 amicus
3067 2438 3187 2514 ejus
3219 2436 3353 2493 inti-

1774 2539 1900 2579 mus
1950 2533 2007 2580 et
2055 2534 2379 2595 [ιι-ωειιριοτ,
2404 2526 2473 2582 de
2507 2542 2833 2596 percussore
2861 2528 2988 2599 ejus
3028 2528 3083 2583 in
3134 2530 3352 2586 funebri
3435 2531 3438 2534 ’

1773 2616 2042 2683 oratione,
2102 2633 2265 2687 quam
2300 2616 2370 2676 de
2414 2633 2482 2674 eo
2531 2623 2864 2691 composuit,
2919 2623 3045 2677 talia
3103 2623 3350 2683 scribit:

1781 2725 1801 2761 ι
1851 2707 1987 2776 Quis
2039 2708 2207 2780 igitur
2243 2725 2370 2765 eum
2421 2710 2782 2780 interemerit,
2829 2714 3024 2769 audire
3076 2716 3351 2786 quispiam

1775 2800 1970 2870 cupit?
1992 2798 2201 2855 Nomen
2228 2802 2351 2872 ejus
2379 2804 2586 2858 nescio.
2618 2801 2736 2857 Non
2764 2804 2976 2860 hostem
3006 2814 3188 2861 autem
3222 2824 3352 2878 per-

1775 2906 2055 2949 cussorem
2094 2910 2219 2953 eum
2243 2894 2433 2960 fuisse,
2466 2906 2714 2965 apertum
2749 2896 3008 2950 indicium
3039 2905 3160 2962 est,
3202 2900 3349 2968 quod

1776 2999 1842 3039 ex
1897 2985 2149 3042 hostibus
2186 3002 2351 3045 nemo
2396 2988 2642 3047 vulneris
2676 2988 2796 3059 ejus
2824 2989 3047 3044 nomine
3085 2990 3349 3045 honorem

1777 3084 1834 3132 et
1862 3079 2146 3147 praemium
2182 3080 2459 3151 acceperit
2487 3093 2502 3132 :
2532 3095 2655 3134 cum
2684 3080 2906 3150 quidem
2939 3081 3228 3136 Persarum
3255 3098 3350 3138 rex

1778 3183 1877 3239 per
1908 3184 2186 3238 praecones
2219 3184 2623 3251 percussorem
2646 3172 2767 3242 ejus
2808 3172 3144 3235 evocaverit,
3176 3183 3233 3226 et
3266 3172 3353 3227 in-

132 3262 428 3327 ζονεὺσατο.
459 3262 581 3316 Καὶ
634 3261 806 3332 πολλή
834 3278 897 3330 γε
950 3262 1062 3325 τοῖς
1095 3260 1383 3331 πολεμίοις
1424 3259 1458 3332 ἠ
1493 3260 1672 3331 χάρις,

1782 3262 1982 3331 gentia.
2023 3262 2117 3332 qui
2174 3276 2294 3317 sese
2353 3249 2668 3327 indicasset,
2729 3262 2949 3333 praemia
2991 3272 3354 3333 percepturus

128 3356 197 3407 ὅτι
222 3348 292 3408 ὧν
317 3355 416 3407 οὐκ
446 3354 714 3424 ἔδρασαν,
738 3354 801 3406 οὐ
828 3352 1161 3425 προσέθεντο
1183 3354 1284 3425 την
1315 3349 1497 3416 δόξαν.
1524 3351 1674 3407 Ἀλλ’

128 3448 292 3504 ίδοσαν
313 3450 444 3516 παρ’
471 3448 612 3517 ἡμῖν
639 3446 826 3508 αὐτοῖς
851 3448 941 3499 τὸν
966 3447 1180 3523 σφαγεα
1204 3443 1412 3515 ζητεῖν.
1441 3439 1536 3508 Οἷς
1564 3443 1676 3515 γὰρ

127 3539 212 3592 οὔκ
239 3538 538 3594 ἐλυσιτέλει
584 3537 734 3602 ζῶν·
768 3530 918 3591 οῖιτοι
947 3537 1006 3590 δὲ
1067 3532 1212 3607 ἦσαν
1261 3537 1311 3589 oi
1360 3534 1561 3600 ζῶντες
1611 3536 1673 3587 οὐ

126 3631 247 3682 κιτὰ
270 3630 394 3690 τοὺς
424 3629 657 3697 νόμους,
701 3624 877 3701 πάλαι
895 3642 957 3677 τε
997 3624 1383 3688 ἐπεϐούλευον,
1414 3626 1508 3677 καὶ
1554 3623 1675 3677 τότε

126 3721 417 3791 δυνηθέντες
451 3722 793 3792 εἰργάσαντο
813 3736 828 3752 ·
851 3721 951 3793 τῆς
977 3737 1036 3773 τε
1069 3720 1237 3788 ἄλλης
1270 3721 1485 3784 ἀδικίας
1508 3721 1678 3789 ἀναγ-

125 3814 397 3885 καζούσης,
431 3816 542 3870 οὐκ
585 3813 814 3885 ἐχούσης
865 3815 957 3867 ἐπὶ
1006 3814 1109 3883 τῆς
1151 3813 1361 3893 ἐκείνου
1394 3813 1673 3884 βασιλείας

126 3909 380 3974 ἐξουσίαν·
431 3909 537 3962 καὶ
575 3906 817 3978 μάλιστά
852 3922 914 3979 γε
945 3906 1006 3973 ἐδ
1031 3908 1300 3979 τιμᾶσθαι
1340 3908 1465 3970 τοὺς
1494 3907 1671 3973 Θεοὺςι

122 4002 163 4054 οῖ
185 4000 493 4055 τουναντίον
523 3999 774 4071 ἐζήτουν.
818 4018 838 4054 ι
883 3998 945 4051 ὐ
989 3998 1088 4069 μὲν
1117 3997 1211 4055 οὖν
1240 3997 1496 4061 Λιϐάνιος
1526 3998 1674 4052 ἔοικε

122 4095 425 4163 Χριττιανδν
448 4094 637 4163 λέγειν
660 4093 753 4163 τον
783 4091 1003 4160 σφαγὲα
1037 4089 1130 4145 τοῦ
1180 4090 1507 4159 παραδάτου
1531 4104 1546 4120 ·
1580 4090 1676 4142 καὶ

120 4188 254 4240 οὐδὲν
276 4186 512 4250 ἀπεικὸς
539 4186 649 4239 τῶν
678 4184 936 4254 τηνικάδε
970 4182 1412 4254 στρατευόμενον
1442 4182 1523 4245 είς
1548 4181 1675 4236 νοῦν

123 4279 302 4349 βαλεῖν,
336 4282 406 4344 ὡς
431 4278 750 4351 δοτὺραννον
780 4276 992 4331 ἀνελὼν
1020 4276 1089 4329 δι’
1116 4276 1339 4328 ἐπαίνου
1362 4274 1675 4344 παρ’ᾇπασι

119 4372 368 4440 πέφυκεν,
405 4373 509 4427 ἅτε
551 4372 617 4441 δὴ
648 4370 750 4440 τῆς
815 4369 1003 4437 κοινῆς
1035 4368 1347 4440 ἐλευθερίας
1397 4369 1675 4445 ᾑρημένος

120 4464 316 4521 θανεῖν·
349 4466 485 4529 tam;
533 4463 592 4520 δὲ
616 4463 710 4521 καί
743 4480 856 4518 τισι
903 4461 1015 4515 τῶν
1059 4462 1302 4530 γνησίων
1350 4461 1671 4531 ὲπαμύνων.

119 4559 215 4612 Καὶ
239 4559 336 4613 οὐκ
370 4560 437 4612 ἄν
465 4575 555 4620 τις
587 4557 784 4627 ἐκείνῳ
816 4555 1099 4626 μέμψαιτο
1119 4554 1207 4608 διὰ
1229 4553 1360 4607 Θεὸν
1391 4555 1483 4606 καὶ
1506 4552 1676 4622 θρησ-

121 4652 259 4706 κείαν
286 4651 531 4720 ἑλομένῳ
586 4648 1049 4719 προκινδυνεῦσαι
1074 4664 1089 4679 ’
1132 4647 1258 4717 ἐμοὶ
1305 4646 1363 4703 δὲ
1407 4645 1676 4714 περὶτῶν

119 4741 409 4815 εἰρημένων
435 4740 976 4814 διακριόολογείσθαι
998 4738 1307 4807 λελόγισται
1334 4736 1467 4807 παρ’
1486 4737 1671 4789 οὐδέν·

117 4836 197 4884 καὶ
226 4836 329 4908 γὰρ
350 4835 447 4894 καὶ
468 4835 770 4896 Κάλλιστος
798 4836 825 4886 ό
849 4832 919 4885 τὰ
949 4832 1069 4884 κατ’
1094 4831 1257 4884 αὐτὸν
1285 4831 1454 4901 ἡρώῳ
1483 4829 1671 4905 μέτρῳ

116 4922 410 4987 διεξελθὼν,
446 4922 515 4976 τὰ
552 4922 699 4975 κατὰ
740 4921 832 4972 τὸν
866 4920 1105 4987 πόλεμον
1152 4917 1535 4989 διηγούμενος,
1569 4919 1674 4972 ὑπὸ

116 5013 352 5081 δαίμονός
386 5031 527 5087 φησι
584 5011 864 5082 πληγέντα
908 5011 1099 5069 τοῦτον
1133 5011 1337 5065 θανεῖν.
1370 5010 1563 5084 Ὀμως
1592 5026 1674 5062 τι-

119 5107 225 5173 μῶν
255 5109 347 5160 τὸν
377 5109 585 5161 οἰκεῖον
613 5106 880 5176 δεσπότην
916 5103 1089 5172 οὕτως
1129 5101 1391 5174 ἔγραψεν.
1425 5102 1584 5164 Ἴσως
1626 5102 1672 5156 δ’

116 5197 176 5250 ἂν
227 5201 321 5253 καὶ
374 5199 640 5267 ἀληθείας
673 5199 761 5263 εἴη
815 5197 1109 5268 ἑλόμενον·
1161 5195 1532 5265 οὐκόλίγους
1562 5193 1675 5264 γὰρ

115 5292 346 5360 ὲριννύες
410 5291 697 5363 μετῆλθον.
752 5289 841 5356 Ὠς
890 5290 935 5343 δ’
983 5290 1355 5359 ἀληθέστατος
1403 5287 1526 5341 λίαν
1574 5289 1675 5340 καὶ

117 5384 396 5450 σύμφωνος
430 5386 625 5455 κρατεῖ
684 5381 842 5449 λόγος
888 5378 1229 5451 ἁπανταχοῦ,
1284 5379 1379 5434 καὶ
1418 5382 1495 5443 είς
1527 5381 1675 5449 ἡμᾶς

116 5474 356 5543 ἀφίκετο,
382 5480 522 5528 κατὰ
552 5475 851 5545 Θεομηνίαν
898 5472 1189 5536 Ἰουλιανὸς
1214 5474 1554 5540 ἀναιρεῖται·
1579 5473 1675 5524 καὶ

117 5569 323 5634 σφαγέα
352 5566 542 5620 τούτου
574 5566 747 5636 βίϐλοι
783 5567 916 5637 ἡμῖν
948 5562 1091 5619 εἶναι
1129 5564 1223 5616 τὸν
1265 5564 1431 5617 πολὺν
1456 5564 1551 5616 καὶ
1577 5565 1674 5633 μὲο
1712 5550 1718 5556 ’

114 5671 208 5724 γαν
232 5658 582 5730 Μερκούριον
620 5658 976 5712 ἐκδεδὼκασι.

1778 3349 1964 3406 fuerit.
2001 3349 2107 3405 Sed
2141 3365 2209 3406 ne
2243 3366 2435 3429 eorum
2468 3354 2688 3423 quidem
2718 3354 3019 3424 cupiditate
3053 3356 3347 3427 quisquam

1776 3453 1861 3499 est
1890 3443 2183 3507 adductus,
2204 3454 2266 3499 ut
2296 3444 2510 3499 facinus
2538 3444 2641 3500 sibi
2676 3454 2885 3499 tantum
2912 3447 3343 3517 perjactantiam

1778 3546 2082 3608 arrogaret.
2148 3535 2216 3592 Et
2279 3538 2449 3592 multa
2510 3539 2758 3609 profecto
2818 3538 3067 3596 hostibus
3114 3539 3353 3596 debetur

1777 3630 1976 3699 gratia.
2027 3630 2172 3700 quod
2224 3630 2381 3700 cujus
2438 3631 2561 3685 facti
2628 3639 2882 3688 auctores
2937 3647 3045 3686 non
3100 3632 3347 3697 fuerunt,

1776 3721 2024 3794 ejusdem
2068 3722 2171 3775 sibi
2203 3722 2432 3792 gloriam
2468 3738 2577 3776 non
2611 3723 2978 3779 vindicarunt.
3031 3723 3137 3780 Sed
3170 3726 3351 3790 nobis,

1780 3823 1840 3868 ut
1872 3814 2286 3870 interfectorem
2322 3816 2743 3886 inquireremus,
2789 3818 3156 3885 permiserunt
3179 3858 3194 3883 ,
3227 3818 3354 3889 qui-

1776 3905 1882 3961 bus
1916 3906 2070 3962 illum
2103 3906 2313 3961 diutius
2338 3908 2522 3963 vivere
2542 3906 2686 3963 bono
2713 3924 2823 3962 non
2855 3906 2976 3963 fuit.
2998 3909 3138 3964 Sunt
3168 3922 3351 3966 autem

1778 4001 1889 4066 isti,
1933 3999 2026 4070 qui
2069 3999 2234 4056 nullis
2280 3999 2469 4053 vivunt
2509 3984 2742 4070 legibus.
2777 3999 2880 4067 Qui
2924 4003 3145 4070 quidem
3203 4005 3350 4073 quod

1777 4090 1985 4146 dudum
2019 4101 2147 4144 sunt
2179 4090 2385 4156 conati,
2412 4100 2522 4145 tum
2554 4092 2773 4146 demum
2804 4106 2926 4146 eum
2961 4102 3203 4162 possent,
3231 4109 3356 4162 per-

1776 4191 2048 4254 egerunt:
2093 4181 2378 4253 iniquitate
2421 4182 2632 4251 reliqua
2674 4198 2771 4237 eos
2810 4192 3059 4252 cogente,
3104 4185 3191 4239 cui
3246 4188 3350 4239 sub

1777 4275 1925 4333 illius
1968 4276 2199 4344 imperio
2250 4274 2405 4329 locus
2455 4290 2564 4329 non
2611 4274 2736 4340 fuit,
2767 4285 2822 4330 et
2856 4276 3087 4331 maxime
3120 4277 3349 4331 deorum

1778 4369 1952 4433 cultu,
1976 4368 2064 4422 cui
2109 4368 2210 4437 ipsi
2253 4368 2486 4422 maxime
2534 4377 2663 4423 sunt
2701 4368 2996 4443 adversati.
3029 4387 3048 4420 ι
3086 4367 3351 4425 Libanins

1778 4455 2001 4532 quidem
2060 4459 2435 4517 Christianum
2472 4460 2642 4515 fuisse
2670 4463 3093 4530 transgressoris
3124 4478 3349 4533 percus-

1780 4570 1957 4608 sorcm
1988 4594 2003 4619 ,
2051 4553 2237 4609 d;cere
2275 4552 2513 4607 videtur.
2554 4550 2741 4623 Neque
2780 4554 3185 4614 dissentancum
3244 4565 3350 4621 cst,

1782 4647 2024 4716 aliquem
2058 4661 2126 4699 ex
2165 4645 2431 4701 militibus
2462 4644 2556 4715 qui
2581 4645 2685 4700 sub
2710 4645 2880 4715 signis
2900 4649 3018 4718 ejus
3035 4659 3211 4713 erant,
3237 4651 3351 4704 haec

1782 4737 1863 4794 sic
1897 4752 2085 4792 secum
2139 4736 2557 4789 considerasse:
2601 4737 2745 4804 quod
2782 4735 2830 4790 si
2877 4739 2970 4806 qui
3000 4736 3131 4791 olim
3166 4749 3351 4807 tyran-

1775 4842 1907 4887 num
1936 4826 2271 4889 sustulisset,
2294 4825 2341 4881 is
2368 4826 2435 4880 ab
2465 4826 2722 4884 omnibus
2747 4836 2970 4896 propter
2998 4842 3346 4881 communem

1775 4919 2087 4974 libertatem
2123 4918 2499 4981 asserendam,
2526 4927 2620 4972 aut
2648 4918 2885 4987 aliquem
2920 4932 2987 4972 ex
3021 4917 3351 4973 necessariis

1775 5019 1830 5063 et
1862 5008 2186 5079 propinquis
2217 5007 2633 5072 vindicandum,
2667 5004 2753 5061 vel
2782 5020 2906 5059 cum
2952 5007 3074 5059 vita:
3104 5006 3350 5075 periculo

1774 5101 1990 5179 facinus
2038 5110 2248 5155 tantum
2303 5116 2511 5162 ausus,
2545 5098 2761 5154 laudem
2804 5098 2992 5154 retulit
3027 5112 3242 5166 :neque
3290 5114 3349 5153 su

1776 5209 2107 5265 queinquam
2159 5194 2621 5262 reprehensurum
2653 5206 2808 5255 esse,
2844 5191 2889 5244 si
2921 5190 3012 5245 Dei
3045 5199 3101 5245 et
3129 5190 3351 5261 religio-

1776 5290 1862 5343 nis
1879 5303 2065 5351 causa,
2102 5300 2159 5340 se
2188 5286 2241 5340 in
2272 5295 2482 5339 certum
2534 5283 2835 5352 periculum
2869 5282 3184 5352 conjiceret.
3216 5283 3348 5342 Mihi

1779 5395 1907 5434 vero
1935 5380 2002 5432 de
2051 5378 2138 5431 bis
2179 5391 2299 5445 qua:
2329 5377 2473 5429 dicta
2518 5377 2669 5428 varie
2719 5385 2878 5438 sunt,
2906 5374 3214 5429 accuratius
3265 5376 3351 5429 iu-

1778 5473 2001 5541 quirere
2046 5469 2268 5522 minime
2304 5466 2674 5521 necessarium
2705 5466 2942 5520 videtnr.
2982 5465 3113 5519 Nam
3145 5475 3200 5519 et
3227 5464 3353 5520 Cal-

1777 5564 1958 5627 listus,
1993 5562 2085 5630 qui
2121 5575 2212 5614 res
2261 5560 2381 5627 ejus
2425 5559 2646 5614 heroico
2680 5573 2841 5613 versu
2872 5559 3191 5627 complexus
3239 5569 3345 5622 est,
3405 5579 3410 5584 -

1778 5660 1941 5708 rebus
1986 5652 2201 5709 bellicis
2232 5650 2495 5720 expositis
2521 5691 2535 5716 ,
2567 5666 2596 5704 a
2633 5650 2879 5706 dremone
2924 5666 3050 5705 eum
3089 5652 3345 5704 vulnera.

115 5764 220 5807 tum
244 5756 574 5811 occubuisse
601 5757 948 5825 dicit.Atque
972 5755 1017 5809 is
1046 5754 1260 5810 tametsi
1292 5754 1488 5809 herum
1548 5769 1707 5808 suum
1751 5753 1959 5806 honore
2028 5760 2499 5819 prosequeretur,
2555 5749 2671 5803 lure
2747 5757 2928 5804 tamen
2981 5749 3222 5818 scripsit.
3284 5747 3351 5801 Et
3408 5816 3415 5829 υ

186 5874 257 5937 (l)
281 5872 651 5933 Sozomenus.
685 5887 1061 5941 percussorem
1094 5871 1293 5927 Juliani
1328 5880 1450 5941 post
1478 5872 1677 5925 vulnus

118 5939 189 5996 illi
223 5943 515 6011 inuictum,
558 5939 805 6010 latuisse,
861 5953 916 5998 et
958 5958 1102 6012 equo
1133 5939 1372 5998 admisso
1402 5941 1527 6013 fuga
1561 5942 1663 5997 sibi

1785 5869 2132 5923 consuluisse
2169 5867 2339 5923 dicit:
2376 5870 2485 5925 Καὶ
2512 5868 2608 5924 τοῦ
2636 5870 2808 5924 ἵππου
2829 5866 3175 5931 καταλαϐὼν,
3199 5864 3349 5929 ὅστις

1775 5935 1864 6011 ἦν,
1897 5942 2105 6011 ἀπῆλθε
2133 5939 2334 5993 λαϐὼν.
