3912 6532
237 332 336 395 55ῖ

1133 329 1734 394 ECCLESIAS'I‘leE
1768 328 2164 390 Ηιδτοιιιλιι
2202 330 2347 393 LIB.
2390 331 2464 396 Χ.

3385 329 3490 395 558

238 448 330 498 καὶ
353 443 487 499 Θεοῦ
519 443 647 499 Υἱδν
683 444 922 511 ποιοῦσι,
958 445 1108 516 μάχῃ
1134 461 1191 498 τε
1220 443 1412 513 μακρᾷ
1442 442 1540 496 καὶ
1563 441 1808 510 ἐλέγχων

1915 441 2004 510 qui
2039 441 2320 499 hominem
2356 444 2707 500 Palaestinam
2745 444 2917 500 Deum
2946 452 3000 501 et
3048 444 3143 500 Dei
3177 443 3376 500 Filium
3409 445 3490 500 fa-

241 537 386 608 ίσχύῖ
411 537 624 607 γέλωτα
648 537 937 608 ἀποφήνας
959 537 1055 591 καὶ
1078 536 1367 604 φλήναφον
1394 532 1463 585 τὰ
1490 532 1805 601 τιμώμενα,

238 631 543 702 σοφώτερος
578 632 637 684 ὲν
667 632 783 695 τοῖς
811 632 1000 695 αὐτοῖς
1029 630 1299 684 δέδεικται
1350 624 1444 679 τοῦ
1472 624 1678 696 Τυρίου
1711 622 1811 691 γὲ-

234 739 445 795 ρωπος.
471 721 664 786 Ἰλεως
697 722 755 777 δὲ
809 722 966 786 οὗτος
993 722 1021 774 ό
1069 720 1269 790 Τύριος
1319 715 1431 785 εἴη,
1466 713 1562 768 καὶ
1601 713 1810 783 δέχοιτο

232 815 476 885 εὐμενῶς
501 814 565 867 τὸ
600 814 788 885 ῥηθὲν,
819 815 895 879 ὼς
919 813 984 868 ἂν
1015 811 1119 883 υίῷ
1149 809 1487 882 ἡττώμενος.
1519 823 1539 859 ο

304 1000 415 1052 Καὶ
453 1002 481 1052 δ
516 999 615 1069 μὲν
649 997 915 1067 σοφιστὴς
949 996 1177 1050 ταύταν
1191 993 1302 1063 ἐγὼ
1332 992 1391 1048 δὲ
1442 993 1668 1064 ἄριστον
1714 990 1812 1063 μὲν

240 1090 513 1162 σοφιστῶν
547 1088 665 1144 οἶδα
696 1090 786 1144 τὸν
819 1090 1011 1161 ἄνδρα,
1045 1089 1143 1141 καὶ
1163 1087 1413 1157 γλῶτταν
1444 1087 1659 1156 αὐχεῖν,
1690 1086 1812 1138 οἵαν

239 1186 341 1238 εδει
369 1182 548 1237 δεινὸν
586 1184 795 1255 ῥήτορα
816 1182 1122 1253 κεκτῆσθαι
1149 1198 1164 1212 °
1184 1180 1341 1234 ’ὥστε
1377 1178 1653 1234 καὶτοῦτο
1678 1180 1813 1232 πᾶσι

230 1275 711 1347 διαμαρτύρομαι,
751 1275 827 1338 ὡς
861 1276 910 1328 εἰ
942 1274 1094 1344 αύτῷ
1124 1271 1177 1342 γ’
1207 1272 1402 1344 ἐκείνῳ
1443 1270 1518 1342 μὴ
1545 1269 1645 1339 τῆς
1690 1269 1811 1339 ῖσης

239 1367 519 1423 ἐκοινώνει
549 1366 730 1438 δόξης,
764 1366 863 1420 καὶ
896 1367 1072 1420 πλείω
1105 1366 1138 1434 ἢ
1170 1364 1492 1436 Χριστιανοὶ
1522 1361 1644 1416 κατ’
1669 1361 1815 1415 ὲκεί-

241 1477 328 1513 νου
360 1460 690 1529 εἰρήκεσαν,
723 1459 821 1512 καὶ
845 1450 1002 1521 οὗτος
1030 1458 1097 1511 ἂν
1126 1448 1251 1509 εἶπε
1282 1496 1297 1523 ,
1336 1455 1429 1508 καὶ¹
1460 1455 1813 1525 μεγαλοπρε-

238 1549 355 1613 πῶς
382 1552 450 1604 ἂν
486 1551 650 1616 αὐτὰ,
705 1550 804 1604 ἇτε
834 1549 900 1621 δὴ
933 1553 1195 1626 σοφιστὴς
1241 1546 1339 1613 ὣν,
1381 1540 1692 1616 διεξῆλθενο
1731 1546 1814 1600 ὅτι

239 1658 301 1712 γε
322 1647 423 1701 καὶ
451 1641 621 1707 ζῶντι
666 1640 767 1712 μὲν
794 1642 1164 1711 Κωνσταντίῳ
1197 1639 1461 1703 ἐπαίνους
1504 1637 1655 1703 ἔλεξε
1680 1677 1696 1701 ,
1725 1654 1816 1692 τε-

128 1804 135 1811 .
236 1730 566 1801 λευτήσαντι
597 1731 678 1797 δὲ,
708 1729 916 1801 ψόγους
975 1732 1323 1784 συνέταττεν.
1363 1728 1427 1781 Et
1466 1728 1523 1783 δὲ
1553 1730 1648 1784 καὶ
1674 1728 1815 1800 Πορ-

243 1818 434 1890 φύριος
468 1820 710 1891 διάδημα
738 1819 1075 1890 περιέκειτο,
1110 1813 1269 1890 οῐμαι
1299 1817 1484 1890 πολλῷ
1511 1818 1578 1873 ἂν
1612 1817 1816 1888 σεμνύ-

243 1929 325 1967 ναι
352 1911 420 1965 τά
450 1912 671 1966 ἐκείνου
704 1911 815 1965 τῶν
844 1909 1163 1968 Ἰουλιανοί
1202 1911 1268 1966 El
1296 1909 1355 1965 δὲ
1402 1912 1494 1965 καὶ
1523 1910 1816 1976 Ἰουλιανὸς

244 2005 565 2074 σοφίζεσθαι
593 2005 775 2076 ἤθελε,
804 2004 902 2060 καὶ
931 2005 1098 2060 αὐτὸν
1130 2003 1200 2058 ἂν
1225 2005 1396 2061 κακὸν
1427 2003 1619 2077 εἴρηκε
1662 2021 1817 2076 σοφι-

245 2098 392 2167 στὴν,
421 2097 619 2168 ὥσπερ
657 2097 797 2167 δῆτα
854 2098 952 2151 καὶ
997 2095 1318 2165 Ἐκησόλιον
1369 2091 1528 2161 οὗτος
1560 2097 1817 2161 Διδάνιος

243 2188 300 2239 ὲν
328 2187 406 2257 τῷ
437 2187 720 2258 εἰρημένῳ
762 2186 1090 2259 Ἐπιταφίῳ.
1125 2187 1277 2242 Ἐπεὶ
1305 2187 1351 2241 δ’
1379 2189 1587 2251 ἐκεῖνος
1620 2190 1716 2243 καὶ
1738 2188 1815 2254 ὼς

239 2275 333 2345 τῆς
357 2274 534 2327 αὐτοῦ
565 2274 843 2327 κοινωνῶν
872 2274 1054 2345 δόξης,
1086 2275 1180 2328 καὶ
1203 2274 1280 2339 ώς
1306 2276 1483 2345 φίλος,
1514 2277 1564 2330 εί
1593 2275 1651 2331 δὲ
1687 2276 1814 2347 βού-

240 2366 336 2433 λει,
373 2368 474 2421 καὶ
507 2365 583 2431 ὡς
617 2367 905 2438 σοφιστὴς,
938 2369 1039 2422 ὅσα
1072 2368 1125 2437 γ’
1157 2368 1333 2423 ἐδόκει
1376 2370 1813 2440 καταχαρίςεται

250 2457 550 2530 Ἶουλιανῷ,
586 2460 718 2530 φέρε
747 2459 814 2532 δὴ
833 2461 929 2513 καὶ⁵
950 2461 1116 2530 ἡμεῖς
1139 2461 1217 2524 ὼς
1255 2461 1323 2516 ἂν
1353 2461 1538 2533 ἰσχύος
1574 2463 1811 2533 ἔχωμεν,

240 2550 630 2621 ἀντιλέξωμεν.
672 2551 987 2605 Ἐπιθέσθαι
1013 2551 1120 2625 γάρ
1150 2569 1284 2623 φησι
1321 2556 1443 2617 ταῖς
1470 2553 1681 2624 βίϐλοις
1712 2574 1818 2624 μοι·

239 2642 369 2712 κρας
402 2644 512 2706 τὰς
541 2642 741 2708 νύκτας
770 2643 866 2697 τοῦ
897 2644 1169 2714 χειμῶνος
1200 2643 1596 2716 ἐργαζομένου.
1627 2647 1813 2701 Ἔοικα

238 2734 290 2788 δὲ
316 2736 376 2788 τὸ
430 2735 727 2791 ἐπιθέσθαι
756 2735 975 2808 δηλοῦν,
1009 2736 1086 2801 ὡς
1133 2736 1224 2792 διὰ
1287 2739 1526 2810 σπουδῆς
1572 2741 1847 2813 ἐποιεῖτοΔ

237 2826 397 2896 ψόγον
435 2824 681 2898 γράψαι,
743 2827 933 2899 ὥσπερ
962 2828 1098 2901 δῆτα
1131 2831 1384 2896 σοφισταὶ
1432 2831 1647 2886 ποιοῦσι
1686 2834 1813 2897 τοὺς

240 2917 387 2982 νέους
419 2919 830 2989 γυμνάζοντες.
854 2919 1015 2983 Εἰκὸς
1054 2918 1155 2989 μὲν
1183 2919 1293 2990 γάρ
1337 2922 1436 2985 τὰς
1460 2921 1675 2993 βίϐλους
1706 2924 1815 2978 πά·-

148 3022 167 3035 '
237 3007 320 3063 λαι
360 3010 698 3066 ἐπίστασθαι
744 3007 828 3075 οἷς
882 3011 1198 3084 διηκόνητο.
1238 3013 1497 3068 Ἐπέθετο
1546 3016 1602 3069 δὲ
1660 3017 1812 3090 μάχῃ

1911 534 2085 601 ciunt,
2117 536 2324 605 ingenti
2355 538 2712 593 contentione
2746 546 2803 593 et
2836 538 2888 592 vi
2920 552 3018 593 eos
3041 536 3321 603 refutavit,
3363 538 3493 593 reli-

1910 622 2236 696 gionemque
2282 641 2402 682 eam
2440 628 2614 684 risum
2659 642 2890 698 prorsus
2918 638 2973 683 et
3013 644 3186 699 nugas
3215 642 3340 685 esse
3395 627 3497 682 de-

1906 716 2161 772 claravit.
2209 717 2327 785 Qua
2391 718 2448 774 in
2507 734 2569 774 re
2620 719 3010 790 sapientiorem
3059 736 3119 775 se
3149 718 3314 791 Tyrio
3361 735 3493 775 sene

1907 809 2189 878 praestitit.
2223 809 2332 866 Sed
2363 811 2469 867 hoc
2511 811 2648 866 mihi
2696 812 2944 884 ignoscat
2999 811 3199 884 Tyrius
3250 811 3393 883 iste,
3436 823 3493 865 ct

1911 901 2126 971 placide
2163 903 2268 959 hoc
2297 903 2504 960 dictum
2540 906 2682 960 ferat
2704 946 2720 973 ,
2756 905 2904 977 quod
2930 922 2960 960 a
2991 906 3101 960 ﬁlio
3129 906 3200 961 sit
3227 906 3427 958 victus.
3469 926 3487 955 ι

1988 993 2114 1050 llaec
2143 996 2385 1066 sophista
2420 996 2535 1053 ille.
2572 1000 2752 1070 Atque
2784 1014 2884 1069 ego
2904 998 3131 1068 quidem
3161 1013 3286 1051 euut
3314 1000 3492 1050 virum

1911 1087 2182 1156 Optimum
2215 1088 2382 1145 fuisse
2411 1090 2734 1161 sophistam,
2765 1101 2822 1146 ct
2866 1090 2935 1144 ab
2964 1088 3284 1159 eloquentia
3318 1088 3491 1158 pluric

1914 1192 2063 1233 mum
2098 1180 2367 1248 potuisse,
2396 1193 2458 1235 ut
2495 1190 2769 1237 oratorem
2824 1182 3108 1253 egregium
3133 1220 3147 1243 ,
3176 1182 3314 1237 scio.
3347 1179 3495 1247 Qua-

1914 1283 2140 1345 propter
2166 1274 2309 1344 apud
2341 1289 2530 1331 omnes
2554 1276 2718 1331 etiam
2763 1284 3064 1339 contestor,
3092 1274 3272 1339 illum,
3306 1274 3411 1329 nisi
3439 1277 3495 1329 in

1913 1366 2106 1423 eadem
2138 1383 2261 1423 cum
2288 1368 2529 1435 Iuliano,
2564 1370 2617 1423 in
2660 1368 2946 1439 religione,
2988 1367 3184 1424 luisset
3208 1369 3491 1438 opinione,

1914 1459 2256 1532 pluraetiam
2309 1460 2365 1514 in
2402 1460 2555 1514 illum
2576 1475 2741 1531 quam
2786 1459 3089 1515 Christiani
3138 1459 3400 1519 dixerint,
3440 1466 3497 1511 et

1916 1549 2137 1622 quidem
2167 1561 2228 1606 ut
2260 1549 2537 1606 hominem
2577 1551 2904 1623 sophistam,
2939 1549 3293 1621 splendidius
3313 1549 3497 1603 dictu-

1916 1658 2037 1698 rum
2060 1643 2269 1711 misse;
2301 1642 2563 1715 quoniam
2597 1652 2652 1700 et
2698 1643 2753 1698 in
2788 1642 3171 1703 Conatantium
3214 1643 3495 1698 viventem

1917 1734 2138 1807 quidem
2159 1736 2440 1792 orationes
2465 1736 2797 1792 laudatorias
2838 1734 3168 1807 composuit,
3202 1734 3259 1790 iu
3292 1734 3492 1789 defun-

1917 1836 2068 1884 ctum
2105 1839 2287 1885 autem
2321 1829 2622 1886 invec‘tivas
2659 1829 3015 1899 conscripsit.
3042 1827 3121 1885 Ac
3163 1829 3210 1883 si
3244 1827 3494 1897 Porphyo

1916 1921 2037 1978 rius
2081 1922 2365 1992 imperiale
2406 1922 2739 1997 sumpsisset
2769 1921 3020 1977 diadema
3041 1962 3057 1986 ,
3087 1923 3294 1989 scripta
3347 1922 3492 1977 illius

1914 2011 2075 2081 longe
2100 2010 2302 2070 Iuliani
2331 2012 2508 2078 libris,
2537 2014 2676 2085 stylo
2695 2028 2759 2067 ea
2797 2014 3108 2079 celebrans,
3142 2024 3202 2068 ut
3229 2014 3489 2083 equidem

1914 2112 2070 2172 puto,
2104 2103 2451 2174 praetulisset.
2482 2103 2539 2160 Si
2563 2120 2693 2160 vero
2718 2104 2969 2160 Julianus
3002 2113 3175 2157 artem
3220 2104 3496 2171 sophisti-

1916 2209 2037 2250 cam
2064 2195 2429 2261 exercuisset,
2459 2210 2586 2251 eum
2606 2195 2785 2267 ipsum
2806 2202 3028 2266 quoque
3060 2196 3360 2265 sophistam
3379 2211 3490 2250 non

1915 2287 2121 2342 bonum
2175 2286 2346 2344 luisse
2406 2287 2681 2343 dixisset:
2722 2275 2886 2343 sicuti
2920 2286 2990 2342 de
3021 2286 3281 2342 Ecebolio
3341 2285 3491 2353 fecit,

1917 2376 1974 2432 in
1994 2377 2187 2434 eadem
2209 2377 2277 2433 de
2298 2377 2516 2433 Iuliano
2539 2377 2789 2433 oratione
2819 2376 3039 2431 funebri
3073 2390 3192 2430 sua.
3221 2374 3492 2430 Cancrum

1906 2483 2043 2523 eum
2096 2468 2185 2524 ille
2220 2468 2466 2541 ejusdem
2496 2468 2782 2524 sententiae
2802 2483 2929 2523 cum
2950 2466 3169 2523 Juliano
3195 2466 3490 2537 particeps,

1916 2560 2239 2632 amicusque
2271 2561 2412 2632 ejus,
2451 2571 2507 2618 et
2537 2562 2585 2618 si
2614 2562 2820 2617 addere
2848 2561 3002 2626 libet,
3032 2561 3302 2632 sophista,
3343 2576 3495 2632 qua:-

1914 2669 2135 2725 cunque
2166 2654 2218 2709 ei
2252 2655 2369 2709 visa
2411 2663 2576 2720 sunt,
2606 2654 2825 2709 Juliano
2857 2654 3115 2710 tribuerit
3152 2671 3167 2709 :
3237 2669 3336 2725 age
3391 2668 3494 2709 nos
3558 2662 3565 2666 ’

1913 2762 2133 2820 quoque
2171 2746 2349 2819 quoad
2402 2762 2726 2818 possumus,
2754 2762 2878 2802 eum
2927 2747 3295 2803 confutemus.
3327 2747 3492 2802 lncu-

1913 2839 2099 2896 buisse
2121 2840 2269 2895 enim
2293 2840 2466 2905 illum,
2495 2840 2695 2911 inquit,
2716 2838 2873 2896 libris
2900 2840 3247 2911 longioribus
3289 2842 3493 2900 hiemis

1912 2933 2188 2990 noctibus.
2227 2933 2457 2990 Videtur
2493 2944 2679 2991 antem
2727 2950 2828 3004 per
2889 2936 3122 2990 verbum
3160 2937 3494 2993 incumbentis

1914 3026 2245 3099 signiﬁcare,
2277 3027 2462 3083 studio
2500 3027 2578 3082 illi
2625 3026 2819 3093 fuisse,
2868 3027 3174 3085 invectivas
3202 3029 3449 3085 scribere
3474 3071 3489 3095 ,

239 3101 515 3173 σχολάζων
572 3105 781 3176 μακρᾷ,
839 3104 957 3158 ἀλλ’
992 3105 1095 3160 οὐκ
1153 3105 1398 3177 ἐλέγχων
1429 3107 1598 3180 ἰσχύϊ,
1632 3110 1709 3175 ὡς
1751 3113 1810 3166 σὺ

1921 3120 2084 3176 sicuti
2114 3120 2374 3190 scphistas
2415 3119 2661 3184 studium
2706 3121 2982 3177 collocant
3027 3122 3083 3176 in
3121 3121 3494 3179 adolescenti-

239 3193 373 3264 φῄς·
419 3194 688 3267 ἀσθενείᾳ
723 3197 779 3249 δὲ
825 3196 1096 3268 τάληθοῦς
1139 3195 1217 3261 ὡς
1262 3198 1695 3270 φιλοσκώμμων.
1740 3203 1810 3258 τὰ

236 3285 410 3350 καλῶς
431 3287 763 3359 ἡδρασμένα
785 3288 1121 3360 ἐπεχείρησε
1146 3290 1451 3361 διασύρειν.
1491 3292 1550 3346 '0
1573 3295 1680 3364 γάρ
1700 3310 1809 3348 τινι

236 3379 366 3449 πρὸς
397 3383 593 3452 μάχην
623 3382 739 3449 ἰὼν,
763 3381 833 3435 τὰ
867 3383 967 3452 μὲν
987 3384 1431 3457 παρασκώπτων,
1458 3385 1527 3439 τά
1555 3385 1611 3441 δὲ
1636 3404 1806 3460 προσ·-

235 3473 420 3536 τιοεὶς,
508 3473 604 3526 καὶ
633 3474 797 3526 παντὶ
838 3474 1027 3545 τρόπῳ
1052 3475 1152 3545 τὴν
1182 3477 1270 3546 ἐφ’
1297 3475 1514 3549 ἑκάστῳ
1548 3478 1809 3549 ἀλήθειαν

238 3565 679 3637 παρακρύπτων,
742 3567 1038 3638 ψεύδει-αι’
1095 3571 1192 3623 καὶ
1254 3570 1512 3642 ἀπεχθῶς
1570 3573 1710 3641 ἔχων
1747 3574 1808 3628 οὐ

236 3659 504 3728 πράττειν
552 3662 737 3729 μόνον,
773 3661 912 3715 ἀλλὰ
962 3663 1057 3715 καὶ
1101 3661 1284 3731 λέγειν
1330 3664 1664 3729 σπουδάζειο
1715 3667 1811 3721 καὶ

238 3751 301 3803 τὲ
324 3754 479 3822 αὑτῷ
510 3754 560 3805 οῖ
611 3754 887 3825 προσόντα
921 3754 1102 3823 φαῦλα
1128 3755 1209 3827 τῷ
1253 3755 1435 3827 ἐχθρῷ
1469 3756 1810 3828 περιτιθέναι

239 3838 432 3906 μάλλον
458 3842 761 3903 οἰκονομεῖ.
788 3838 933 3894 Ἀλλ’
963 3841 1045 3895 ὅτι
1080 3841 1181 3910 μὲν
1208 3843 1305 3895 καὶ
1350 3844 1543 3913 ἄμφω,
1581 3843 1808 3898 Ἰουλια·

237 3930 319 3993 νός
350 3948 500 4003 φημι
525 3930 628 3985 καὶ
663 3932 999 4004 Πορφύριος,
1032 3931 1092 3986 δν
1127 3933 1329 4003 Τύριον
1361 3934 1523 3989 καλεῖ
1548 3934 1807 4005 γέροντα,

238 4023 615 4090 φιλοσκῶπται
656 4020 819 4095 ἦσαν,
863 4026 972 4078 άπὸ
1001 4024 1111 4078 τῶν
1161 4025 1310 4079 ἰδίων
1350 4028 1809 4099 συγγραμμάτων

241 4115 419 4183 σαφῶς
449 4115 822 4187 ἐπιδείξομεν.
861 4115 950 4171 Ἐν
984 4116 1084 4187 μὲν
1112 4117 1221 4188 γὰρ
1246 4114 1315 4189 τῇ
1345 4119 1808 4191 ὲπιγεγραμμένῃ

238 4207 378 4277 αὐτῷ
402 4209 728 4278 Φιλοσόφφ
742 4208 999 4279 Ἱστορίᾳ
1031 4211 1342 4282 Πορφύριος
1368 4213 1461 4267 τὸν
1486 4213 1811 4284 Σωκράτους

240 4298 346 4367 βίον
381 4300 460 4362 ώς
508 4300 751 4370 μάλιστα
798 4302 1076 4375 διασύρει,
1135 4304 1376 4358 τοσαῦτα
1426 4306 1808 4376 συκοφαντῶν,

239 4391 313 4443 iis"
353 4393 419 4447 ἇν
466 4395 592 4447 οὐδὲ
619 4396 846 4457 ’Δνυτος
903 4396 1026 4449 οὐδὲ
1083 4399 1322 4456 Μέλιτος
1364 4399 1412 4450 oi
1474 4398 1811 4469 παρανόμων

1916 3212 2020 3268 bus
2067 3211 2417 3269 exercendis.
2472 3210 2916 3269 Consentaneum
2986 3228 3120 3268 vero
3168 3222 3274 3280 est,
3319 3214 3493 3269 libros

1917 3301 2055 3360 istos
2081 3320 2207 3360 eum
2236 3315 2397 3361 antea
2425 3309 2668 3372 novisse,
2716 3306 2919 3377 quibus
2949 3307 3211 3363 videlicet
3241 3307 3296 3362 in
3330 3323 3492 3364 sacro

1917 3394 2213 3466 aliquando
2244 3395 2552 3452 ministerio
2581 3411 2713 3451 usus
2750 3395 2939 3452 fuerit.
2971 3397 3037 3452 Et
3088 3396 3339 3454 incubuit
3384 3398 3495 3453 illis

1915 3489 2101 3545 studio
2116 3498 2172 3545 ct
2187 3489 2542 3545 contentione
2559 3489 2927 3557 diuturniora,
2950 3490 3047 3546 sed
3076 3505 3175 3546 eos
3194 3491 3247 3546 vi
3271 3491 3493 3547 dicendi

1916 3597 2027 3638 non
2061 3581 2341 3654 redarguit
2365 3590 2419 3638 et
2446 3581 2668 3648 refellit,
2717 3591 2776 3638 ut
2826 3590 2881 3637 tu
2914 3583 3096 3650 dicis,
3143 3598 3339 3639 verum
3387 3585 3497 3640 imo

1917 3673 2216 3730 becillitate
2271 3674 2452 3745 potius
2485 3672 2711 3745 ingenii,
2744 3681 2804 3729 et
2848 3673 3065 3730 defectu
3115 3674 3386 3743 veritatis,
3434 3684 3497 3731 ut

1917 3763 2086 3819 homo
2112 3765 2342 3830 facetus,
2364 3775 2420 3820 et
2446 3764 2842 3822 scommatibus
2873 3766 3111 3821 libenter
3134 3766 3352 3831 ludens,
3373 3783 3497 3838 quae

1918 3857 2091 3927 probe
2133 3855 2359 3913 fundata
2411 3865 2580 3926 sunt,
2617 3860 2931 3916 convellere
2980 3868 3038 3914 et
3081 3860 3372 3916 traducere
3411 3869 3497 3916 est

1909 3956 2168 4003 conatus.
2196 3948 2332 4003 Nam
2364 3949 2457 4019 qui
2484 3963 2610 4004 cum
2639 3950 2751 4005 alio
2773 3950 2879 4005 hoc
2911 3965 3109 4021 pugnae
3132 3966 3337 4021 genere
3358 3966 3496 4006 cou-

1917 4039 2201 4111 greditnr,
2258 4039 2509 4111 quaedam
2564 4041 2884 4097 adulterans
2943 4051 3110 4112 atque
3161 4043 3493 4113 depravans,

1917 4132 2168 4204 quaedam
2204 4131 2272 4187 de
2310 4147 2411 4189 suo
2458 4133 2759 4206 adjiciens,
2788 4135 3078 4206 modisque
3121 4136 3382 4193 omnibus
3435 4139 3493 4192 in

1920 4240 1979 4281 re
2008 4235 2065 4282 et
2083 4226 2358 4282 sententia
2382 4242 2600 4298 quaque
2626 4228 2916 4284 veritatem
2941 4231 3314 4300 supprimens,
3336 4245 3498 4286 men-

1918 4317 2053 4372 titur
2087 4331 2142 4374 et
2187 4319 2375 4375 fallit:
2433 4330 2595 4391 atque
2641 4322 2769 4377 odio
2807 4331 2863 4378 et
2901 4323 3208 4380 inimicitiis
3237 4325 3492 4393 infestus,

1918 4424 2030 4464 non
2064 4410 2246 4466 facere
2276 4413 2476 4478 solum,
2508 4413 2604 4468 sed
2642 4413 2810 4469 ctiam
2855 4414 3043 4471 dicere
3076 4417 3353 4473 hostiliter
3380 4430 3497 4473 stu-

241 4486 440 4538 ἒκεῖνον
476 4486 829 4557 γραψάμενοι
871 4488 1167 4559 ὲνενόησαν
1189 4506 1204 4521 ·
1238 4489 1536 4545 καὶταῦτα
1585 4491 1810 4563 Σωκρά-

1917 4500 2009 4557 det
2050 4503 2194 4573 :87
2231 4520 2294 4560 ac
2326 4520 2672 4577 qumcunque
2699 4507 2806 4563 sibi
2839 4507 3029 4564 insunt
3061 4511 3228 4575 mala,
3269 4510 3495 4567 inimico

238 4591 332 4644 την
355 4577 420 4630 δν
450 4581 548 4632 ἐπὶ
584 4579 910 4654 σωφροσύνῃ
939 4582 1033 4636 καὶ
1066 4582 1388 4655 δικαιοσύνῃ
1425 4583 1519 4638 καὶ
1549 4586 1671 4647 ταῖς
1697 4583 1809 4637 λοι-

240 4672 360 4734 παῖς
387 4673 616 4741 ἀρεταῖς
664 4674 726 4727 ού
776 4674 1000 4729 Πλάτων
1030 4677 1190 4746 μόνον
1234 4678 1324 4730 καὶ
1353 4676 1629 4746 Ξενοφῶν,
1670 4676 1809 4731 ἀλλά

242 4764 601 4828 καὶδλοιπδς
651 4765 762 4818 τῶν
817 4766 1125 4838 φιλοσόφων
1178 4769 1385 4836 θίασος,
1437 4770 1808 4842 διαφερόντως

241 4853 621 4925 θαυμάσαντες
645 4858 717 4921 ὡς
749 4859 998 4931 θεοφιλῆ,
1033 4863 1129 4915 καὶ
1153 4861 1228 4925 ὡς
1261 4860 1449 4930 μεῖζον
1477 4861 1509 4933 ῆ
1541 4864 1684 4916 κατὰ
1710 4864 1805 4917 άν-

242 4946 454 5019 ορωπον
507 4952 880 5021 φρονήσαντα,
913 4952 1303 5009 ἔκδεδώκασιν.
1352 4956 1409 5009 '0
1442 4954 1500 5009 δὲ
1552 4956 1805 5026 παραῦά-

240 5055 331 5109 της
358 5042 448 5096 τὸν
476 5044 689 5113 πατέρα
712 5043 986 5114 ζηλώσας,
1020 5044 1090 5099 τά
1121 5047 1212 5101 ῑσα
1239 5048 1320 5111 είς
1343 5048 1467 5112 τοὺς
1501 5048 1609 5120 πρὸ
1634 5048 1800 5103 αὐτοῦ

243 5129 522 5203 Καίσαρας
550 5133 920 5205 διειργάσατο·
946 5136 1083 5191 πᾶσι
1117 5138 1226 5209 γὰρ
1257 5138 1452 5210 μῶμον
1480 5140 1801 5212 ἐπαγαγὼν,

240 5221 350 5276 οὐδὲ
376 5224 472 5278 τοῦ
509 5225 807 5295 φιλοσόφου
840 5228 1101 5298 ἐφείσατο
1143 5228 1395 5302 Μάρκου.
1436 5231 1706 5288 Τοσοῦτόν
1740 5249 1803 5303 γε

242 5317 344 5388 μὴν
376 5321 792 5377 Κωνσταντίνου
841 5323 938 5378 τοῦ
972 5325 1216 5395 μεγάλου
1271 5328 1364 5380 καὶ
1410 5329 1799 5384 Κωνσταντίου

240 5410 326 5462 τοῦ
352 5412 473 5465 υἱοῦ
502 5416 854 5488 κατατρέχει,
878 5416 952 5481 ὡς
983 5421 1241 5488 συνάγειν
1263 5421 1384 5473 ὲνδν
1425 5418 1591 5486 εῖναι,
1622 5421 1698 5493 μὴ
1733 5421 1801 5475 δι’

240 5497 361 5554 ἄλλο
382 5518 434 5555 τι
467 5503 685 5559 mssa;
717 5507 779 5560 τὸ
812 5507 1125 5580 σύνταγμα,
1158 5510 1304 5579 ἢξδιά
1332 5511 1394 5564 τὸ
1435 5512 1651 5583 σκῶψαι
1672 5514 1802 5568 τού-

159 5648 174 5663 ,
239 5605 355 5657 τους
376 5594 455 5659 ὡς
487 5596 759 5667 θεοφιλεῖς
796 5601 1019 5673 ἄνδρας,
1050 5603 1146 5658 καὶ
1180 5603 1270 5658 ἐπ’
1303 5606 1527 5676 ἀρεταῖς
1563 5608 1660 5660 καὶ
1702 5608 1802 5660 άν-

1916 4608 1982 4648 ea
2022 4610 2123 4650 suo
2146 4596 2429 4666 imponere
2465 4599 2773 4655 contendit.
2806 4600 2912 4656 Sed
2948 4602 3096 4658 cnim
3130 4603 3277 4674 quod
3306 4604 3493 4669 ambo,
3524 4674 3531 4679 ﬁ

1916 4686 2165 4742 Julianus
2222 4688 2469 4759 inquam,
2522 4699 2579 4747 et
2632 4691 3013 4765 Porphyrius,
3067 4710 3231 4766 quem
3270 4696 3493 4767 Tyrium

1916 4793 2101 4834 senem
2135 4789 2315 4849 vocat,
2340 4797 2703 4840 scommatum
2731 4797 3143 4844 consectatores
3174 4788 3397 4854 fuerint,
3437 4789 3491 4843 id

1914 4883 1983 4924 ex
2003 4869 2162 4927 libris
2179 4885 2370 4926 eorum
2404 4884 2592 4943 aperte
2612 4877 2987 4932 ostendemus.
3036 4878 3094 4932 ln
3118 4877 3493 4948 Philosonhica

1914 4962 2081 5028 enim,
2130 4979 2296 5034 quam
2346 4966 2417 5020 ita
2462 4966 2802 5040 Porphyrius
2852 4969 3157 5039 inscripsit,
3218 4968 3488 5035 Historia,

1915 5053 2117 5108 mirum
2164 5064 2250 5111 est
2298 5067 2642 5129 quantopere
2679 5061 2844 5116 vitam
2877 5060 3330 5131 philosophorum
3392 5076 3488 5116 co-

1914 5144 2118 5215 ryphaei
2146 5145 2391 5204 Socratis
2426 5151 2737 5206 cavillando
2793 5161 2961 5218 taxet,
2995 5161 3075 5206 tot
3107 5153 3161 5207 in
3197 5165 3323 5208 cum
3351 5168 3488 5207 con-

1911 5234 2056 5290 lictis
2084 5239 2480 5308 sycophantiis,
2514 5251 2649 5310 quot
2678 5256 2861 5312 neque
2883 5243 3097 5314 Anytus
3118 5284 3134 5309 ,
3162 5258 3342 5314 neque
3374 5244 3489 5299 Me-

1910 5324 2061 5391 litus,
2092 5329 2187 5398 qui
2218 5330 2394 5395 illum,
2444 5333 2591 5402 quod
2636 5348 2726 5389 res
2762 5350 2934 5390 novas
2970 5347 3162 5391 contra
3212 5337 3358 5408 leges
3394 5353 3489 5393 ve-
3562 5326 3566 5341 ’

1911 5424 2057 5474 teres
2088 5418 2400 5490 induceret,
2431 5436 2787 5494 accusarunt,
2812 5443 3054 5498 unquam
3077 5430 3482 5500 excogiturunt.

1910 5514 2085 5583 Atque
2124 5514 2179 5569 id
2201 5516 2422 5586 quidem
2456 5518 2512 5571 in
2546 5517 2851 5586 Socratem,
2888 5536 3053 5592 quem
3093 5532 3319 5593 prepter
3350 5532 3490 5577 teut-

1904 5609 2237 5675 perantiam,
2265 5609 2560 5681 justitiam,
2593 5620 2649 5669 et
2701 5614 2943 5684 reliquas
2972 5614 3207 5672 virtutes
3256 5631 3366 5671 non
3397 5631 3489 5669 so-

242 5680 411 5752 δρίαις
443 5691 535 5745 καὶ
564 5693 631 5763 τῇ
677 5693 871 5764 ἀληθεῖ
901 5695 1191 5770 φιλοσοφία
1221 5698 1284 5750 τδ
1310 5697 1597 5770 διαϐόητον
1632 5702 1802 5771 ἐσχη-

1915 5700 2020 5753 lum
2077 5701 2230 5757 Plato
2271 5680 2339 5758 et
2389 5703 2697 5777 Xenophon
2725 5746 2742 5775 ,
2785 5680 2975 5764 vcrum
3015 5708 3183 5766 etiam
3238 5710 3487 5780 reliquus
