  <div class='ocr_page' id='page_1' title='image "/cluster/home/n/w/nwhite01/storage/ocr_20150623/146/hvd.32044019208347/287.png"; bbox 0 0 3796 6582; ppageno 0'>
   <div class='ocr_carea' id='block_1_1' title="bbox 409 317 515 381">
    <p class='ocr_par' dir='ltr' id='par_1_1' title="bbox 409 317 515 381">
     <span class='ocr_line' id='line_1_1' title="bbox 409 317 515 381; baseline 0.009 -4"><span class='ocrx_word' id='word_1_1' title='bbox 409 317 515 381; x_wconf 69' lang='grc'><strong>555)</strong></span> 
     </span>
    </p>
   </div>
   <div class='ocr_carea' id='block_1_2' title="bbox 1600 324 3585 417">
    <p class='ocr_par' dir='ltr' id='par_1_2' title="bbox 1600 324 3585 417">
     <span class='ocr_line' id='line_1_2' title="bbox 1600 324 3585 417; baseline 0.002 -33"><span class='ocrx_word' id='word_1_2' title='bbox 1600 324 2024 385; x_wconf 80' lang='lat' dir='ltr'><strong>NICEPHORI</strong></span> <span class='ocrx_word' id='word_1_3' title='bbox 2064 327 2411 387; x_wconf 76' lang='lat' dir='ltr'><strong>CALLISTI</strong></span> <span class='ocrx_word' id='word_1_4' title='bbox 3507 350 3585 417; x_wconf 63' lang='grc' dir='ltr'>ξω</span> 
     </span>
    </p>
   </div>
   <div class='ocr_carea' id='block_1_3' title="bbox 410 430 1959 524">
    <p class='ocr_par' dir='ltr' id='par_1_3' title="bbox 410 430 1957 506">
     <span class='ocr_line' id='line_1_3' title="bbox 410 430 1957 506; baseline 0.005 -25"><span class='ocrx_word' id='word_1_5' title='bbox 410 430 860 501; x_wconf 74' lang='lat' dir='ltr'><strong>philosophorum</strong></span> <span class='ocrx_word' id='word_1_6' title='bbox 885 434 1364 504; x_wconf 80' lang='lat' dir='ltr'><strong>eoetuspraecipue</strong></span> <span class='ocrx_word' id='word_1_7' title='bbox 1397 445 1648 499; x_wconf 81' lang='lat' dir='ltr'><strong>miratus,</strong></span> <span class='ocrx_word' id='word_1_8' title='bbox 1692 445 1752 490; x_wconf 91' lang='lat' dir='ltr'><strong>ut</strong></span> <span class='ocrx_word' id='word_1_9' title='bbox 1782 436 1889 492; x_wconf 84' lang='lat' dir='ltr'><strong>diis</strong></span> <span class='ocrx_word' id='word_1_10' title='bbox 1910 436 1957 506; x_wconf 86' lang='grc' dir='ltr'>(ι</span> 
     </span>
    </p>
   </div>
   <div class='ocr_carea' id='block_1_4' title="bbox 2069 430 3586 524">
    <p class='ocr_par' dir='ltr' id='par_1_4' title="bbox 2091 438 3586 524">
     <span class='ocr_line' id='line_1_4' title="bbox 2091 438 3586 524; baseline 0.001 -32"><span class='ocrx_word' id='word_1_11' title='bbox 2091 439 2274 501; x_wconf 73' lang='grc' dir='ltr'>κότας.</span> <span class='ocrx_word' id='word_1_12' title='bbox 2316 438 2460 492; x_wconf 84' lang='grc' dir='ltr'>Ἀλλ’</span> <span class='ocrx_word' id='word_1_13' title='bbox 2487 439 2569 492; x_wconf 83' lang='grc' dir='ltr'>ὅτι</span> <span class='ocrx_word' id='word_1_14' title='bbox 2603 439 2702 510; x_wconf 76' lang='grc' dir='ltr'>μὲν</span> <span class='ocrx_word' id='word_1_15' title='bbox 2757 440 3014 511; x_wconf 77' lang='grc' dir='ltr'>ὑϐρισταὶ</span> <span class='ocrx_word' id='word_1_16' title='bbox 3068 443 3160 495; x_wconf 66' lang='grc' dir='ltr'>καὶ</span> <span class='ocrx_word' id='word_1_17' title='bbox 3189 444 3342 517; x_wconf 76' lang='grc' dir='ltr'>ἄμφω</span> <span class='ocrx_word' id='word_1_18' title='bbox 3371 447 3505 524; x_wconf 65' lang='grc' dir='ltr'><strong>ἦσαν,</strong></span> <span class='ocrx_word' id='word_1_19' title='bbox 3540 470 3586 519; x_wconf 52' lang='lat' dir='ltr'><strong>oo</strong></span> 
     </span>
    </p>
   </div>
   <div class='ocr_carea' id='block_1_5' title="bbox 404 526 1981 598">
    <p class='ocr_par' dir='ltr' id='par_1_5' title="bbox 404 526 1981 598">
     <span class='ocr_line' id='line_1_5' title="bbox 404 526 1981 598; baseline 0.006 -25"><span class='ocrx_word' id='word_1_20' title='bbox 404 526 654 585; x_wconf 81' lang='lat' dir='ltr'><strong>charum,</strong></span> <span class='ocrx_word' id='word_1_21' title='bbox 679 532 735 578; x_wconf 92' lang='lat' dir='ltr'><strong>et</strong></span> <span class='ocrx_word' id='word_1_22' title='bbox 760 539 926 594; x_wconf 85' lang='lat' dir='ltr'><strong>supra</strong></span> <span class='ocrx_word' id='word_1_23' title='bbox 962 526 1202 581; x_wconf 82' lang='lat' dir='ltr'><strong>hominis</strong></span> <span class='ocrx_word' id='word_1_24' title='bbox 1223 536 1442 597; x_wconf 80' lang='lat' dir='ltr'><strong>captum</strong></span> <span class='ocrx_word' id='word_1_25' title='bbox 1477 527 1806 598; x_wconf 86' lang='lat' dir='ltr'><strong>sapientem,</strong></span> <span class='ocrx_word' id='word_1_26' title='bbox 1831 543 1981 582; x_wconf 84' lang='lat' dir='ltr'><strong>eont-</strong></span> 
     </span>
    </p>
   </div>
   <div class='ocr_carea' id='block_1_6' title="bbox 405 612 1978 688">
    <p class='ocr_par' dir='ltr' id='par_1_6' title="bbox 405 612 1978 688">
     <span class='ocr_line' id='line_1_6' title="bbox 405 612 1978 688; baseline 0.005 -24"><span class='ocrx_word' id='word_1_27' title='bbox 405 612 756 681; x_wconf 76' lang='lat' dir='ltr'><strong>tucndarunt,</strong></span> <span class='ocrx_word' id='word_1_28' title='bbox 809 615 901 670; x_wconf 89' lang='lat' dir='ltr'><strong>ille</strong></span> <span class='ocrx_word' id='word_1_29' title='bbox 956 616 1108 671; x_wconf 85' lang='lat' dir='ltr'><strong>fecit.</strong></span> <span class='ocrx_word' id='word_1_30' title='bbox 1166 615 1563 688; x_wconf 84' lang='lat' dir='ltr'><strong>Trausgressor</strong></span> <span class='ocrx_word' id='word_1_31' title='bbox 1606 633 1736 672; x_wconf 91' lang='lat' dir='ltr'><strong>vero</strong></span> <span class='ocrx_word' id='word_1_32' title='bbox 1766 628 1978 687; x_wconf 88' lang='lat' dir='ltr'><strong>patrem</strong></span> 
     </span>
    </p>
   </div>
   <div class='ocr_carea' id='block_1_7' title="bbox 400 705 1983 781">
    <p class='ocr_par' dir='ltr' id='par_1_7' title="bbox 400 705 1983 781">
     <span class='ocr_line' id='line_1_7' title="bbox 400 705 1983 781; baseline 0.008 -26"><span class='ocrx_word' id='word_1_33' title='bbox 400 705 710 769; x_wconf 72' lang='lat' dir='ltr'><strong>aemulatus,</strong></span> <span class='ocrx_word' id='word_1_34' title='bbox 742 708 887 762; x_wconf 82' lang='lat' dir='ltr'><strong>idem</strong></span> <span class='ocrx_word' id='word_1_35' title='bbox 927 709 1011 763; x_wconf 89' lang='lat' dir='ltr'><strong>eis</strong></span> <span class='ocrx_word' id='word_1_36' title='bbox 1051 708 1203 774; x_wconf 81' lang='lat' dir='ltr'><strong>fecit,</strong></span> <span class='ocrx_word' id='word_1_37' title='bbox 1249 711 1454 780; x_wconf 83' lang='lat' dir='ltr'><strong>quibus</strong></span> <span class='ocrx_word' id='word_1_38' title='bbox 1486 711 1773 774; x_wconf 87' lang='lat' dir='ltr'><strong>successit,</strong></span> <span class='ocrx_word' id='word_1_39' title='bbox 1807 713 1983 781; x_wconf 84' lang='lat' dir='ltr'><strong>impe-</strong></span> 
     </span>
    </p>
   </div>
   <div class='ocr_carea' id='block_1_8' title="bbox 404 795 1981 870">
    <p class='ocr_par' dir='ltr' id='par_1_8' title="bbox 404 795 1981 870">
     <span class='ocr_line' id='line_1_8' title="bbox 404 795 1981 870; baseline 0.007 -24"><span class='ocrx_word' id='word_1_40' title='bbox 404 795 703 852; x_wconf 88' lang='lat' dir='ltr'><strong>ratoribus.</strong></span> <span class='ocrx_word' id='word_1_41' title='bbox 732 796 935 856; x_wconf 89' lang='lat' dir='ltr'><strong>Omnes</strong></span> <span class='ocrx_word' id='word_1_42' title='bbox 958 816 1196 870; x_wconf 82' lang='lat' dir='ltr'><strong>namque</strong></span> <span class='ocrx_word' id='word_1_43' title='bbox 1238 802 1610 870; x_wconf 84' lang='lat' dir='ltr'><strong>reprehendit,</strong></span> <span class='ocrx_word' id='word_1_44' title='bbox 1632 813 1688 856; x_wconf 85' lang='lat' dir='ltr'><strong>et</strong></span> <span class='ocrx_word' id='word_1_45' title='bbox 1712 818 1780 857; x_wconf 91' lang='lat' dir='ltr'><strong>ne</strong></span> <span class='ocrx_word' id='word_1_46' title='bbox 1798 803 1981 857; x_wconf 80' lang='lat' dir='ltr'><strong>Marco</strong></span> 
     </span>
    </p>
   </div>
   <div class='ocr_carea' id='block_1_9' title="bbox 404 888 1976 964">
    <p class='ocr_par' dir='ltr' id='par_1_9' title="bbox 404 888 1976 964">
     <span class='ocr_line' id='line_1_9' title="bbox 404 888 1976 964; baseline 0.008 -25"><span class='ocrx_word' id='word_1_47' title='bbox 404 888 627 956; x_wconf 86' lang='lat' dir='ltr'><strong>quidem</strong></span> <span class='ocrx_word' id='word_1_48' title='bbox 679 891 1010 964; x_wconf 85' lang='lat' dir='ltr'><strong>philosopho</strong></span> <span class='ocrx_word' id='word_1_49' title='bbox 1060 894 1332 964; x_wconf 76' lang='lat' dir='ltr'><strong>pepercit.</strong></span> <span class='ocrx_word' id='word_1_50' title='bbox 1382 893 1533 951; x_wconf 82' lang='lat' dir='ltr'><strong>Adeo</strong></span> <span class='ocrx_word' id='word_1_51' title='bbox 1576 910 1706 949; x_wconf 88' lang='lat' dir='ltr'><strong>sane</strong></span> <span class='ocrx_word' id='word_1_52' title='bbox 1742 897 1796 950; x_wconf 91' lang='lat' dir='ltr'><strong>in</strong></span> <span class='ocrx_word' id='word_1_53' title='bbox 1827 894 1976 951; x_wconf 85' lang='lat' dir='ltr'><strong>Con-</strong></span> 
     </span>
    </p>
   </div>
   <div class='ocr_carea' id='block_1_10' title="bbox 2083 531 3587 619">
    <p class='ocr_par' dir='ltr' id='par_1_10' title="bbox 2083 531 3587 619">
     <span class='ocr_line' id='line_1_10' title="bbox 2083 531 3587 619; baseline 0.011 -34"><span class='ocrx_word' id='word_1_54' title='bbox 2083 532 2165 586; x_wconf 88' lang='grc' dir='ltr'><strong>δεῖ</strong></span> <span class='ocrx_word' id='word_1_55' title='bbox 2196 550 2285 600; x_wconf 89' lang='grc' dir='ltr'><strong>μοι</strong></span> <span class='ocrx_word' id='word_1_56' title='bbox 2337 531 2600 586; x_wconf 82' lang='grc' dir='ltr'>πλειόνων</span> <span class='ocrx_word' id='word_1_57' title='bbox 2623 552 2635 565; x_wconf 86' lang='grc'><strong>·</strong></span> <span class='ocrx_word' id='word_1_58' title='bbox 2667 533 2883 605; x_wconf 82' lang='grc' dir='ltr'><strong>ἀπόχρη</strong></span> <span class='ocrx_word' id='word_1_59' title='bbox 2916 535 3026 605; x_wconf 80' lang='grc' dir='ltr'><strong>γὰρ</strong></span> <span class='ocrx_word' id='word_1_60' title='bbox 3063 535 3155 588; x_wconf 72' lang='grc' dir='ltr'>καὶ</span> <span class='ocrx_word' id='word_1_61' title='bbox 3196 539 3355 595; x_wconf 82' lang='grc' dir='ltr'>ταῦτα</span> <span class='ocrx_word' id='word_1_62' title='bbox 3380 550 3449 612; x_wconf 77' lang='grc' dir='ltr'><strong>εἰς</strong></span> <span class='ocrx_word' id='word_1_63' title='bbox 3487 571 3587 619; x_wconf 78' lang='grc' dir='ltr'>γεν.</span> 
     </span>
    </p>
   </div>
   <div class='ocr_carea' id='block_1_11' title="bbox 2084 622 3588 711">
    <p class='ocr_par' dir='ltr' id='par_1_11' title="bbox 2084 622 3588 711">
     <span class='ocr_line' id='line_1_11' title="bbox 2084 622 3588 711; baseline 0.001 -35"><span class='ocrx_word' id='word_1_64' title='bbox 2084 622 2242 678; x_wconf 88' lang='grc' dir='ltr'>ναίαν</span> <span class='ocrx_word' id='word_1_65' title='bbox 2276 622 2623 693; x_wconf 80' lang='grc' dir='ltr'>παράστασιν</span> <span class='ocrx_word' id='word_1_66' title='bbox 2648 624 2750 693; x_wconf 79' lang='grc' dir='ltr'>τῆς</span> <span class='ocrx_word' id='word_1_67' title='bbox 2783 624 2950 678; x_wconf 84' lang='grc' dir='ltr'>αὐτοῦ</span> <span class='ocrx_word' id='word_1_68' title='bbox 3000 630 3378 699; x_wconf 71' lang='grc' dir='ltr'><strong>κακομηχάνου</strong></span> <span class='ocrx_word' id='word_1_69' title='bbox 3414 636 3588 711; x_wconf 67' lang='grc' dir='ltr'><strong>ψυχῆς.</strong></span> 
     </span>
    </p>
   </div>
   <div class='ocr_carea' id='block_1_12' title="bbox 2086 715 3592 797">
    <p class='ocr_par' dir='ltr' id='par_1_12' title="bbox 2086 715 3592 797">
     <span class='ocr_line' id='line_1_12' title="bbox 2086 715 3592 797; baseline 0.013 -30"><span class='ocrx_word' id='word_1_70' title='bbox 2086 716 2427 785; x_wconf 79' lang='grc' dir='ltr'>μαρτυρήσει</span> <span class='ocrx_word' id='word_1_71' title='bbox 2453 715 2510 768; x_wconf 80' lang='grc' dir='ltr'>δέ</span> <span class='ocrx_word' id='word_1_72' title='bbox 2543 733 2633 787; x_wconf 88' lang='grc' dir='ltr'><strong>μοι</strong></span> <span class='ocrx_word' id='word_1_73' title='bbox 2666 718 2781 779; x_wconf 84' lang='grc' dir='ltr'>τοῖς</span> <span class='ocrx_word' id='word_1_74' title='bbox 2811 717 3220 787; x_wconf 9' lang='grc' dir='ltr'>λόγοιςγμικρὺν</span> <span class='ocrx_word' id='word_1_75' title='bbox 3249 720 3454 797; x_wconf 78' lang='grc' dir='ltr'>ὕστερον</span> <span class='ocrx_word' id='word_1_76' title='bbox 3477 734 3592 790; x_wconf 76' lang='grc' dir='ltr'>καὶὸ</span> 
     </span>
    </p>
   </div>
   <div class='ocr_carea' id='block_1_13' title="bbox 2085 804 3594 889">
    <p class='ocr_par' dir='ltr' id='par_1_13' title="bbox 2085 804 3594 889">
     <span class='ocr_line' id='line_1_13' title="bbox 2085 804 3594 889; baseline 0.007 -33"><span class='ocrx_word' id='word_1_77' title='bbox 2085 805 2399 873; x_wconf 83' lang='grc' dir='ltr'>θαυμαστὸς</span> <span class='ocrx_word' id='word_1_78' title='bbox 2439 805 2763 875; x_wconf 83' lang='grc' dir='ltr'>Γρηγόριος,</span> <span class='ocrx_word' id='word_1_79' title='bbox 2799 804 2900 875; x_wconf 73' lang='grc' dir='ltr'>τὴν</span> <span class='ocrx_word' id='word_1_80' title='bbox 2941 805 3105 874; x_wconf 80' lang='grc' dir='ltr'>φύσιν</span> <span class='ocrx_word' id='word_1_81' title='bbox 3130 805 3294 861; x_wconf 79' lang='grc' dir='ltr'>αὐτοῦ</span> <span class='ocrx_word' id='word_1_82' title='bbox 3321 813 3405 865; x_wconf 71' lang='grc' dir='ltr'>καὶ</span> <span class='ocrx_word' id='word_1_83' title='bbox 3420 816 3473 869; x_wconf 71' lang='grc' dir='ltr'><strong>τὸ</strong></span> <span class='ocrx_word' id='word_1_84' title='bbox 3491 814 3594 889; x_wconf 72' lang='grc' dir='ltr'>ἦθος</span> 
     </span>
    </p>
   </div>
   <div class='ocr_carea' id='block_1_14' title="bbox 2082 894 2637 965">
    <p class='ocr_par' dir='ltr' id='par_1_14' title="bbox 2082 894 2637 965">
     <span class='ocr_line' id='line_1_14' title="bbox 2082 894 2637 965; baseline 0.002 -16"><span class='ocrx_word' id='word_1_85' title='bbox 2082 896 2280 965; x_wconf 79' lang='grc' dir='ltr'>ἄριστα</span> <span class='ocrx_word' id='word_1_86' title='bbox 2302 894 2637 963; x_wconf 64' lang='grc' dir='ltr'>διαγράφων.</span> 
     </span>
    </p>
   </div>
   <div class='ocr_carea' id='block_1_15' title="bbox 399 984 3597 1058">
    <p class='ocr_par' dir='ltr' id='par_1_15' title="bbox 399 984 3597 1058">
     <span class='ocr_line' id='line_1_15' title="bbox 399 984 3597 1058; baseline 0.005 -19"><span class='ocrx_word' id='word_1_87' title='bbox 399 984 707 1040; x_wconf 80' lang='lat' dir='ltr'><strong>stantinum</strong></span> <span class='ocrx_word' id='word_1_88' title='bbox 741 1000 996 1055; x_wconf 87' lang='lat' dir='ltr'><strong>magnum</strong></span> <span class='ocrx_word' id='word_1_89' title='bbox 1022 997 1078 1041; x_wconf 92' lang='lat' dir='ltr'><strong>et</strong></span> <span class='ocrx_word' id='word_1_90' title='bbox 1113 986 1497 1042; x_wconf 67' lang='lat' dir='ltr'><strong>Constantium</strong></span> <span class='ocrx_word' id='word_1_91' title='bbox 1532 987 1704 1042; x_wconf 90' lang='lat' dir='ltr'><strong>filium</strong></span> <span class='ocrx_word' id='word_1_92' title='bbox 1744 988 1863 1056; x_wconf 83' lang='lat' dir='ltr'><strong>ejus</strong></span> <span class='ocrx_word' id='word_1_93' title='bbox 1926 996 2011 1043; x_wconf 89' lang='lat' dir='ltr'><strong>est</strong></span> <span class='ocrx_word' id='word_1_94' title='bbox 2051 988 2321 1051; x_wconf 88' lang='lat' dir='ltr'><strong>invectus,</strong></span> <span class='ocrx_word' id='word_1_95' title='bbox 2354 997 2411 1041; x_wconf 93' lang='lat' dir='ltr'><strong>ut</strong></span> <span class='ocrx_word' id='word_1_96' title='bbox 2474 987 2634 1042; x_wconf 80' lang='lat' dir='ltr'><strong>facile</strong></span> <span class='ocrx_word' id='word_1_97' title='bbox 2689 989 3009 1045; x_wconf 79' lang='lat' dir='ltr'><strong>existimare</strong></span> <span class='ocrx_word' id='word_1_98' title='bbox 3038 991 3220 1053; x_wconf 85' lang='lat' dir='ltr'><strong>liceat,</strong></span> <span class='ocrx_word' id='word_1_99' title='bbox 3253 1008 3354 1049; x_wconf 90' lang='lat' dir='ltr'><strong>non</strong></span> <span class='ocrx_word' id='word_1_100' title='bbox 3379 998 3517 1054; x_wconf 90' lang='lat' dir='ltr'><strong>aliam</strong></span> <span class='ocrx_word' id='word_1_101' title='bbox 3542 1004 3597 1058; x_wconf 89' lang='lat' dir='ltr'><strong>ob</strong></span> 
     </span>
    </p>
   </div>
   <div class='ocr_carea' id='block_1_16' title="bbox 398 1079 3597 1155">
    <p class='ocr_par' dir='ltr' id='par_1_16' title="bbox 398 1079 3597 1155">
     <span class='ocr_line' id='line_1_16' title="bbox 398 1079 3597 1155; baseline 0.005 -23"><span class='ocrx_word' id='word_1_102' title='bbox 398 1094 619 1133; x_wconf 83' lang='lat' dir='ltr'><strong>causam</strong></span> <span class='ocrx_word' id='word_1_103' title='bbox 648 1079 798 1134; x_wconf 93' lang='lat' dir='ltr'><strong>illum</strong></span> <span class='ocrx_word' id='word_1_104' title='bbox 837 1079 1113 1135; x_wconf 86' lang='lat' dir='ltr'><strong>scribendi</strong></span> <span class='ocrx_word' id='word_1_105' title='bbox 1167 1079 1410 1135; x_wconf 90' lang='lat' dir='ltr'><strong>laborem</strong></span> <span class='ocrx_word' id='word_1_106' title='bbox 1447 1083 1776 1148; x_wconf 84' lang='lat' dir='ltr'><strong>suscepisse,</strong></span> <span class='ocrx_word' id='word_1_107' title='bbox 1838 1096 2003 1151; x_wconf 90' lang='lat' dir='ltr'><strong>quam</strong></span> <span class='ocrx_word' id='word_1_108' title='bbox 2044 1090 2105 1135; x_wconf 91' lang='lat' dir='ltr'><strong>ut</strong></span> <span class='ocrx_word' id='word_1_109' title='bbox 2134 1081 2267 1134; x_wconf 88' lang='lat' dir='ltr'><strong>istos</strong></span> <span class='ocrx_word' id='word_1_110' title='bbox 2331 1081 2715 1150; x_wconf 85' lang='lat' dir='ltr'><strong>proscinderet</strong></span> <span class='ocrx_word' id='word_1_111' title='bbox 2769 1091 2959 1148; x_wconf 84' lang='lat' dir='ltr'><strong>utpote</strong></span> <span class='ocrx_word' id='word_1_112' title='bbox 2993 1084 3138 1137; x_wconf 88' lang='lat' dir='ltr'><strong>viros</strong></span> <span class='ocrx_word' id='word_1_113' title='bbox 3168 1084 3260 1138; x_wconf 86' lang='lat' dir='ltr'><strong>Dei</strong></span> <span class='ocrx_word' id='word_1_114' title='bbox 3294 1102 3528 1155; x_wconf 81' lang='lat' dir='ltr'><strong>amantes,</strong></span> <span class='ocrx_word' id='word_1_115' title='bbox 3555 1107 3597 1149; x_wconf 88' lang='lat' dir='ltr'><strong>ct</strong></span> 
     </span>
    </p>
   </div>
   <div class='ocr_carea' id='block_1_17' title="bbox 398 1170 3601 1245">
    <p class='ocr_par' dir='ltr' id='par_1_17' title="bbox 398 1170 3601 1245">
     <span class='ocr_line' id='line_1_17' title="bbox 398 1170 3601 1245; baseline 0.006 -22"><span class='ocrx_word' id='word_1_116' title='bbox 398 1171 493 1239; x_wconf 85' lang='lat' dir='ltr'><strong>qui</strong></span> <span class='ocrx_word' id='word_1_117' title='bbox 526 1170 871 1236; x_wconf 79' lang='lat' dir='ltr'><strong>fortitudine,</strong></span> <span class='ocrx_word' id='word_1_118' title='bbox 902 1171 1199 1226; x_wconf 79' lang='lat' dir='ltr'><strong>virtutibus</strong></span> <span class='ocrx_word' id='word_1_119' title='bbox 1226 1171 1367 1233; x_wconf 85' lang='lat' dir='ltr'><strong>aliis.</strong></span> <span class='ocrx_word' id='word_1_120' title='bbox 1424 1184 1478 1227; x_wconf 91' lang='lat' dir='ltr'><strong>et</strong></span> <span class='ocrx_word' id='word_1_121' title='bbox 1514 1188 1640 1228; x_wconf 88' lang='lat' dir='ltr'><strong>vera</strong></span> <span class='ocrx_word' id='word_1_122' title='bbox 1702 1173 2050 1242; x_wconf 82' lang='lat' dir='ltr'><strong>philosophia</strong></span> <span class='ocrx_word' id='word_1_123' title='bbox 2088 1172 2306 1227; x_wconf 90' lang='lat' dir='ltr'><strong>laudem</strong></span> <span class='ocrx_word' id='word_1_124' title='bbox 2358 1188 2607 1242; x_wconf 82' lang='lat' dir='ltr'><strong>magnam</strong></span> <span class='ocrx_word' id='word_1_125' title='bbox 2660 1176 2942 1229; x_wconf 87' lang='lat' dir='ltr'><strong>consecuti</strong></span> <span class='ocrx_word' id='word_1_126' title='bbox 2975 1175 3182 1230; x_wconf 82' lang='lat' dir='ltr'><strong>essent.</strong></span> <span class='ocrx_word' id='word_1_127' title='bbox 3219 1177 3406 1234; x_wconf 78' lang='lat' dir='ltr'><strong>Verum</strong></span> <span class='ocrx_word' id='word_1_128' title='bbox 3446 1187 3601 1245; x_wconf 87' lang='lat' dir='ltr'><strong>ambos</strong></span> 
     </span>
    </p>
   </div>
   <div class='ocr_carea' id='block_1_18' title="bbox 399 1261 3603 1335">
    <p class='ocr_par' dir='ltr' id='par_1_18' title="bbox 399 1261 3603 1335">
     <span class='ocr_line' id='line_1_18' title="bbox 399 1261 3603 1335; baseline 0.004 -19"><span class='ocrx_word' id='word_1_129' title='bbox 399 1265 500 1317; x_wconf 78' lang='lat' dir='ltr'><strong>liOS</strong></span> <span class='ocrx_word' id='word_1_130' title='bbox 525 1261 922 1319; x_wconf 86' lang='lat' dir='ltr'><strong>conviciatores</strong></span> <span class='ocrx_word' id='word_1_131' title='bbox 945 1261 1138 1329; x_wconf 86' lang='lat' dir='ltr'><strong>fuisse,</strong></span> <span class='ocrx_word' id='word_1_132' title='bbox 1186 1264 1454 1333; x_wconf 83' lang='lat' dir='ltr'><strong>ampliore</strong></span> <span class='ocrx_word' id='word_1_133' title='bbox 1477 1264 1803 1334; x_wconf 89' lang='lat' dir='ltr'><strong>probatione</strong></span> <span class='ocrx_word' id='word_1_134' title='bbox 1828 1266 1962 1318; x_wconf 78' lang='lat' dir='ltr'><strong>mihi</strong></span> <span class='ocrx_word' id='word_1_135' title='bbox 2003 1280 2143 1335; x_wconf 90' lang='lat' dir='ltr'><strong>opus</strong></span> <span class='ocrx_word' id='word_1_136' title='bbox 2212 1278 2322 1318; x_wconf 90' lang='lat' dir='ltr'><strong>non</strong></span> <span class='ocrx_word' id='word_1_137' title='bbox 2355 1275 2457 1318; x_wconf 86' lang='lat' dir='ltr'><strong>est.</strong></span> <span class='ocrx_word' id='word_1_138' title='bbox 2525 1263 2811 1318; x_wconf 77' lang='lat' dir='ltr'><strong>Sufﬁciunt</strong></span> <span class='ocrx_word' id='word_1_139' title='bbox 2845 1266 2991 1319; x_wconf 90' lang='lat' dir='ltr'><strong>enim</strong></span> <span class='ocrx_word' id='word_1_140' title='bbox 3038 1268 3139 1320; x_wconf 87' lang='lat' dir='ltr'><strong>ista</strong></span> <span class='ocrx_word' id='word_1_141' title='bbox 3162 1309 3175 1331; x_wconf 94' lang='lat'><strong>,</strong></span> <span class='ocrx_word' id='word_1_142' title='bbox 3209 1268 3274 1321; x_wconf 85' lang='lat' dir='ltr'><strong>ad</strong></span> <span class='ocrx_word' id='word_1_143' title='bbox 3304 1272 3489 1328; x_wconf 83' lang='lat' dir='ltr'><strong>certam</strong></span> <span class='ocrx_word' id='word_1_144' title='bbox 3518 1295 3603 1333; x_wconf 68' lang='lat' dir='ltr'><strong>ma.</strong></span> 
     </span>
    </p>
   </div>
   <div class='ocr_carea' id='block_1_19' title="bbox 395 1358 3606 1432">
    <p class='ocr_par' dir='ltr' id='par_1_19' title="bbox 395 1358 3606 1432">
     <span class='ocr_line' id='line_1_19' title="bbox 395 1358 3606 1432; baseline 0.002 -17"><span class='ocrx_word' id='word_1_145' title='bbox 395 1360 689 1415; x_wconf 85' lang='lat' dir='ltr'><strong>levolcntis</strong></span> <span class='ocrx_word' id='word_1_146' title='bbox 716 1360 861 1414; x_wconf 90' lang='lat' dir='ltr'><strong>illius</strong></span> <span class='ocrx_word' id='word_1_147' title='bbox 889 1359 1058 1412; x_wconf 88' lang='lat' dir='ltr'><strong>animi</strong></span> <span class='ocrx_word' id='word_1_148' title='bbox 1090 1358 1546 1415; x_wconf 80' lang='lat' dir='ltr'><strong>declarationem:</strong></span> <span class='ocrx_word' id='word_1_149' title='bbox 1573 1371 1629 1415; x_wconf 90' lang='lat' dir='ltr'><strong>et</strong></span> <span class='ocrx_word' id='word_1_150' title='bbox 1664 1361 1825 1430; x_wconf 87' lang='lat' dir='ltr'><strong>paulo</strong></span> <span class='ocrx_word' id='word_1_151' title='bbox 1848 1370 1971 1429; x_wconf 85' lang='lat' dir='ltr'><strong>post</strong></span> <span class='ocrx_word' id='word_1_152' title='bbox 2012 1359 2197 1415; x_wconf 86' lang='lat' dir='ltr'><strong>verbis</strong></span> <span class='ocrx_word' id='word_1_153' title='bbox 2258 1361 2376 1413; x_wconf 87' lang='lat' dir='ltr'><strong>suis</strong></span> <span class='ocrx_word' id='word_1_154' title='bbox 2413 1358 2546 1412; x_wconf 87' lang='lat' dir='ltr'><strong>mihi</strong></span> <span class='ocrx_word' id='word_1_155' title='bbox 2612 1358 2966 1415; x_wconf 87' lang='lat' dir='ltr'><strong>admirandus</strong></span> <span class='ocrx_word' id='word_1_156' title='bbox 3007 1360 3097 1417; x_wconf 88' lang='lat' dir='ltr'><strong>ille</strong></span> <span class='ocrx_word' id='word_1_157' title='bbox 3131 1359 3419 1432; x_wconf 77' lang='lat' dir='ltr'><strong>Gregorius</strong></span> <span class='ocrx_word' id='word_1_158' title='bbox 3449 1372 3606 1428; x_wconf 66' lang='lat' dir='ltr'><strong>sulfu—</strong></span> 
     </span>
    </p>
   </div>
   <div class='ocr_carea' id='block_1_20' title="bbox 395 1453 2287 1525">
    <p class='ocr_par' dir='ltr' id='par_1_20' title="bbox 395 1453 2287 1525">
     <span class='ocr_line' id='line_1_20' title="bbox 395 1453 2287 1525; baseline -0.002 -17"><span class='ocrx_word' id='word_1_159' title='bbox 395 1455 636 1525; x_wconf 87' lang='lat' dir='ltr'><strong>gabitur,</strong></span> <span class='ocrx_word' id='word_1_160' title='bbox 670 1454 761 1523; x_wconf 90' lang='lat' dir='ltr'><strong>qui</strong></span> <span class='ocrx_word' id='word_1_161' title='bbox 821 1462 1076 1508; x_wconf 86' lang='lat' dir='ltr'><strong>naturam</strong></span> <span class='ocrx_word' id='word_1_162' title='bbox 1128 1462 1183 1509; x_wconf 86' lang='lat' dir='ltr'><strong>et</strong></span> <span class='ocrx_word' id='word_1_163' title='bbox 1241 1469 1420 1510; x_wconf 89' lang='lat' dir='ltr'><strong>mores</strong></span> <span class='ocrx_word' id='word_1_164' title='bbox 1450 1464 1713 1525; x_wconf 83' lang='lat' dir='ltr'><strong>apostatae</strong></span> <span class='ocrx_word' id='word_1_165' title='bbox 1771 1457 1979 1525; x_wconf 87' lang='lat' dir='ltr'><strong>optime</strong></span> <span class='ocrx_word' id='word_1_166' title='bbox 2017 1453 2287 1524; x_wconf 77' lang='lat' dir='ltr'><strong>depinxit.</strong></span> 
     </span>
    </p>
   </div>
   <div class='ocr_carea' id='block_1_21' title="bbox 464 1546 1971 1618">
    <p class='ocr_par' dir='ltr' id='par_1_21' title="bbox 464 1546 1971 1618">
     <span class='ocr_line' id='line_1_21' title="bbox 464 1546 1971 1618; baseline 0.001 -17"><span class='ocrx_word' id='word_1_167' title='bbox 464 1548 633 1603; x_wconf 82' lang='lat' dir='ltr'><strong>Porro</strong></span> <span class='ocrx_word' id='word_1_168' title='bbox 673 1546 819 1616; x_wconf 88' lang='lat' dir='ltr'><strong>quod</strong></span> <span class='ocrx_word' id='word_1_169' title='bbox 855 1549 1018 1601; x_wconf 88' lang='lat' dir='ltr'><strong>etiam</strong></span> <span class='ocrx_word' id='word_1_170' title='bbox 1065 1558 1193 1602; x_wconf 88' lang='lat' dir='ltr'><strong>ante</strong></span> <span class='ocrx_word' id='word_1_171' title='bbox 1232 1548 1369 1603; x_wconf 81' lang='lat' dir='ltr'><strong>istos</strong></span> <span class='ocrx_word' id='word_1_172' title='bbox 1406 1550 1665 1618; x_wconf 89' lang='lat' dir='ltr'><strong>permulti</strong></span> <span class='ocrx_word' id='word_1_173' title='bbox 1705 1549 1971 1603; x_wconf 76' lang='lat' dir='ltr'><strong>doctrina:</strong></span> 
     </span>
    </p>
   </div>
   <div class='ocr_carea' id='block_1_22' title="bbox 394 1640 1967 1712">
    <p class='ocr_par' dir='ltr' id='par_1_22' title="bbox 394 1640 1967 1712">
     <span class='ocr_line' id='line_1_22' title="bbox 394 1640 1967 1712; baseline 0 -15"><span class='ocrx_word' id='word_1_174' title='bbox 394 1652 595 1697; x_wconf 52' lang='lat' dir='ltr'><strong>nostra;</strong></span> <span class='ocrx_word' id='word_1_175' title='bbox 646 1640 932 1694; x_wconf 87' lang='lat' dir='ltr'><strong>veritatem</strong></span> <span class='ocrx_word' id='word_1_176' title='bbox 983 1640 1035 1695; x_wconf 89' lang='lat' dir='ltr'><strong>vi</strong></span> <span class='ocrx_word' id='word_1_177' title='bbox 1083 1655 1405 1711; x_wconf 80' lang='lat' dir='ltr'><strong>Oppugnare</strong></span> <span class='ocrx_word' id='word_1_178' title='bbox 1432 1643 1677 1712; x_wconf 77' lang='lat' dir='ltr'><strong>aggressi</strong></span> <span class='ocrx_word' id='word_1_179' title='bbox 1708 1650 1877 1706; x_wconf 90' lang='lat' dir='ltr'><strong>sunt,</strong></span> <span class='ocrx_word' id='word_1_180' title='bbox 1936 1658 1967 1697; x_wconf 89' lang='lat' dir='ltr'><strong>e</strong></span> 
     </span>
    </p>
   </div>
   <div class='ocr_carea' id='block_1_23' title="bbox 2153 1545 3607 1628">
    <p class='ocr_par' dir='ltr' id='par_1_23' title="bbox 2153 1545 3607 1628">
     <span class='ocr_line' id='line_1_23' title="bbox 2153 1545 3607 1628; baseline 0.002 -28"><span class='ocrx_word' id='word_1_181' title='bbox 2153 1548 2278 1600; x_wconf 87' lang='grc' dir='ltr'><strong>Ὅτι</strong></span> <span class='ocrx_word' id='word_1_182' title='bbox 2303 1545 2358 1600; x_wconf 83' lang='grc' dir='ltr'>δὲ</span> <span class='ocrx_word' id='word_1_183' title='bbox 2386 1545 2481 1597; x_wconf 80' lang='grc' dir='ltr'><strong>καὶ</strong></span> <span class='ocrx_word' id='word_1_184' title='bbox 2515 1546 2624 1617; x_wconf 78' lang='grc' dir='ltr'><strong>πρὸ</strong></span> <span class='ocrx_word' id='word_1_185' title='bbox 2658 1547 2837 1601; x_wconf 81' lang='grc' dir='ltr'>αὐτῶν</span> <span class='ocrx_word' id='word_1_186' title='bbox 2863 1548 3048 1603; x_wconf 69' lang='grc' dir='ltr'>πολλοὶ</span> <span class='ocrx_word' id='word_1_187' title='bbox 3077 1548 3173 1603; x_wconf 77' lang='grc' dir='ltr'>τοῦ</span> <span class='ocrx_word' id='word_1_188' title='bbox 3204 1552 3324 1606; x_wconf 80' lang='grc' dir='ltr'>καθ’</span> <span class='ocrx_word' id='word_1_189' title='bbox 3354 1555 3488 1624; x_wconf 76' lang='grc' dir='ltr'>ἡμᾶς</span> <span class='ocrx_word' id='word_1_190' title='bbox 3510 1558 3607 1628; x_wconf 72' lang='grc' dir='ltr'>δόγ-</span> 
     </span>
    </p>
   </div>
   <div class='ocr_carea' id='block_1_24' title="bbox 2079 1638 3607 1720">
    <p class='ocr_par' dir='ltr' id='par_1_24' title="bbox 2079 1638 3607 1720">
     <span class='ocr_line' id='line_1_24' title="bbox 2079 1638 3607 1720; baseline 0.009 -29"><span class='ocrx_word' id='word_1_191' title='bbox 2079 1655 2248 1706; x_wconf 81' lang='grc' dir='ltr'>ματος</span> <span class='ocrx_word' id='word_1_192' title='bbox 2280 1638 2575 1707; x_wconf 84' lang='grc' dir='ltr'>βιάσασθαι</span> <span class='ocrx_word' id='word_1_193' title='bbox 2596 1640 2694 1710; x_wconf 78' lang='grc' dir='ltr'><strong>τὴν</strong></span> <span class='ocrx_word' id='word_1_194' title='bbox 2716 1640 2975 1710; x_wconf 69' lang='grc' dir='ltr'>ἀλήθειαν</span> <span class='ocrx_word' id='word_1_195' title='bbox 3005 1642 3386 1713; x_wconf 80' lang='grc' dir='ltr'>ἐπεχείρησαν,</span> <span class='ocrx_word' id='word_1_196' title='bbox 3403 1649 3509 1701; x_wconf 72' lang='grc' dir='ltr'>τινὰ</span> <span class='ocrx_word' id='word_1_197' title='bbox 3526 1654 3607 1720; x_wconf 79' lang='grc' dir='ltr'>μὲν</span> 
     </span>
    </p>
   </div>
   <div class='ocr_carea' id='block_1_25' title="bbox 391 1731 1959 1828">
    <p class='ocr_par' dir='ltr' id='par_1_25' title="bbox 391 1732 1959 1804">
     <span class='ocr_line' id='line_1_25' title="bbox 391 1732 1959 1804; baseline 0 -17"><span class='ocrx_word' id='word_1_198' title='bbox 391 1734 597 1787; x_wconf 82' lang='lat' dir='ltr'><strong>divinis</strong></span> <span class='ocrx_word' id='word_1_199' title='bbox 649 1732 891 1787; x_wconf 87' lang='lat' dir='ltr'><strong>oraculis</strong></span> <span class='ocrx_word' id='word_1_200' title='bbox 944 1733 1191 1801; x_wconf 64' lang='lat' dir='ltr'><strong>quaedam</strong></span> <span class='ocrx_word' id='word_1_201' title='bbox 1254 1745 1655 1804; x_wconf 88' lang='lat' dir='ltr'><strong>pervertentes,</strong></span> <span class='ocrx_word' id='word_1_202' title='bbox 1715 1735 1959 1803; x_wconf 73' lang='lat' dir='ltr'><strong>quaedam</strong></span> 
     </span>
    </p>
   </div>
   <div class='ocr_carea' id='block_1_26' title="bbox 2069 1731 3610 1828">
    <p class='ocr_par' dir='ltr' id='par_1_26' title="bbox 2072 1731 3610 1803">
     <span class='ocr_line' id='line_1_26' title="bbox 2072 1731 3610 1803; baseline 0.009 -20"><span class='ocrx_word' id='word_1_203' title='bbox 2072 1731 2181 1783; x_wconf 84' lang='grc' dir='ltr'><strong>τῶν</strong></span> <span class='ocrx_word' id='word_1_204' title='bbox 2214 1731 2374 1786; x_wconf 90' lang='grc' dir='ltr'>θείων</span> <span class='ocrx_word' id='word_1_205' title='bbox 2436 1733 2703 1801; x_wconf 75' lang='grc' dir='ltr'><strong>χρησμῶν</strong></span> <span class='ocrx_word' id='word_1_206' title='bbox 2737 1735 3215 1803; x_wconf 50' lang='grc' dir='ltr'>παρατρέψαντες,</span> <span class='ocrx_word' id='word_1_207' title='bbox 3282 1737 3412 1791; x_wconf 84' lang='grc' dir='ltr'>ἀλλα</span> <span class='ocrx_word' id='word_1_208' title='bbox 3450 1740 3500 1793; x_wconf 77' lang='grc' dir='ltr'>δὲ</span> <span class='ocrx_word' id='word_1_209' title='bbox 3535 1744 3610 1797; x_wconf 79' lang='grc' dir='ltr'>καὶ</span> 
     </span>
    </p>
   </div>
   <div class='ocr_carea' id='block_1_27' title="bbox 390 1824 1966 1895">
    <p class='ocr_par' dir='ltr' id='par_1_27' title="bbox 390 1824 1966 1895">
     <span class='ocr_line' id='line_1_27' title="bbox 390 1824 1966 1895; baseline -0.001 -16"><span class='ocrx_word' id='word_1_210' title='bbox 390 1834 572 1880; x_wconf 89' lang='lat' dir='ltr'><strong>autem</strong></span> <span class='ocrx_word' id='word_1_211' title='bbox 608 1825 674 1879; x_wconf 88' lang='lat' dir='ltr'><strong>ad</strong></span> <span class='ocrx_word' id='word_1_212' title='bbox 714 1839 936 1880; x_wconf 88' lang='lat' dir='ltr'><strong>sensum</strong></span> <span class='ocrx_word' id='word_1_213' title='bbox 968 1840 1128 1879; x_wconf 88' lang='lat' dir='ltr'><strong>suum</strong></span> <span class='ocrx_word' id='word_1_214' title='bbox 1182 1826 1591 1895; x_wconf 87' lang='lat' dir='ltr'><strong>detorquentes,</strong></span> <span class='ocrx_word' id='word_1_215' title='bbox 1637 1841 1746 1879; x_wconf 91' lang='lat' dir='ltr'><strong>non</strong></span> <span class='ocrx_word' id='word_1_216' title='bbox 1804 1824 1966 1894; x_wconf 90' lang='lat' dir='ltr'><strong>pauci</strong></span> 
     </span>
    </p>
   </div>
   <div class='ocr_carea' id='block_1_28' title="bbox 390 1917 1969 1987">
    <p class='ocr_par' dir='ltr' id='par_1_28' title="bbox 390 1917 1969 1987">
     <span class='ocr_line' id='line_1_28' title="bbox 390 1917 1969 1987; baseline -0.001 -15"><span class='ocrx_word' id='word_1_217' title='bbox 390 1919 774 1981; x_wconf 88' lang='lat' dir='ltr'><strong>ostenderunt,</strong></span> <span class='ocrx_word' id='word_1_218' title='bbox 811 1917 1054 1987; x_wconf 88' lang='lat' dir='ltr'><strong>quicum</strong></span> <span class='ocrx_word' id='word_1_219' title='bbox 1102 1918 1209 1972; x_wconf 83' lang='lat' dir='ltr'><strong>illis</strong></span> <span class='ocrx_word' id='word_1_220' title='bbox 1256 1918 1553 1985; x_wconf 71' lang='lat' dir='ltr'><strong>congressi,</strong></span> <span class='ocrx_word' id='word_1_221' title='bbox 1589 1918 1969 1972; x_wconf 72' lang='lat' dir='ltr'><strong>cavillationes</strong></span> 
     </span>
    </p>
   </div>
   <div class='ocr_carea' id='block_1_29' title="bbox 390 2009 1965 2078">
    <p class='ocr_par' dir='ltr' id='par_1_29' title="bbox 390 2009 1965 2078">
     <span class='ocr_line' id='line_1_29' title="bbox 390 2009 1965 2078; baseline 0 -16"><span class='ocrx_word' id='word_1_222' title='bbox 390 2025 584 2065; x_wconf 80' lang='lat' dir='ltr'><strong>corum</strong></span> <span class='ocrx_word' id='word_1_223' title='bbox 641 2011 954 2064; x_wconf 88' lang='lat' dir='ltr'><strong>confutatas</strong></span> <span class='ocrx_word' id='word_1_224' title='bbox 988 2010 1040 2063; x_wconf 91' lang='lat' dir='ltr'><strong>in</strong></span> <span class='ocrx_word' id='word_1_225' title='bbox 1090 2009 1311 2078; x_wconf 83' lang='lat' dir='ltr'><strong>publica</strong></span> <span class='ocrx_word' id='word_1_226' title='bbox 1366 2017 1721 2064; x_wconf 84' lang='lat' dir='ltr'><strong>monumenta</strong></span> <span class='ocrx_word' id='word_1_227' title='bbox 1761 2009 1965 2063; x_wconf 64' lang='lat' dir='ltr'><strong>retuleo</strong></span> 
     </span>
    </p>
   </div>
   <div class='ocr_carea' id='block_1_30' title="bbox 390 2099 1965 2171">
    <p class='ocr_par' dir='ltr' id='par_1_30' title="bbox 390 2099 1965 2171">
     <span class='ocr_line' id='line_1_30' title="bbox 390 2099 1965 2171; baseline -0.001 -15"><span class='ocrx_word' id='word_1_228' title='bbox 390 2113 541 2156; x_wconf 90' lang='lat' dir='ltr'><strong>runt.</strong></span> <span class='ocrx_word' id='word_1_229' title='bbox 604 2101 663 2155; x_wconf 87' lang='lat' dir='ltr'><strong>la</strong></span> <span class='ocrx_word' id='word_1_230' title='bbox 715 2102 909 2170; x_wconf 86' lang='lat' dir='ltr'><strong>primis</strong></span> <span class='ocrx_word' id='word_1_231' title='bbox 966 2117 1096 2156; x_wconf 82' lang='lat' dir='ltr'><strong>vero</strong></span> <span class='ocrx_word' id='word_1_232' title='bbox 1142 2101 1498 2155; x_wconf 89' lang='lat' dir='ltr'><strong>doctissimus</strong></span> <span class='ocrx_word' id='word_1_233' title='bbox 1546 2100 1833 2171; x_wconf 76' lang='lat' dir='ltr'><strong>Origenes,</strong></span> <span class='ocrx_word' id='word_1_234' title='bbox 1869 2099 1965 2170; x_wconf 88' lang='lat' dir='ltr'><strong>qui</strong></span> 
     </span>
    </p>
   </div>
   <div class='ocr_carea' id='block_1_31' title="bbox 390 2190 1962 2264">
    <p class='ocr_par' dir='ltr' id='par_1_31' title="bbox 390 2190 1962 2264">
     <span class='ocr_line' id='line_1_31' title="bbox 390 2190 1962 2264; baseline -0.002 -18"><span class='ocrx_word' id='word_1_235' title='bbox 390 2195 554 2264; x_wconf 72' lang='lat' dir='ltr'><strong>longo</strong></span> <span class='ocrx_word' id='word_1_236' title='bbox 582 2201 708 2246; x_wconf 90' lang='lat' dir='ltr'><strong>ante</strong></span> <span class='ocrx_word' id='word_1_237' title='bbox 739 2190 1016 2246; x_wconf 69' lang='lat' dir='ltr'><strong>lulianum</strong></span> <span class='ocrx_word' id='word_1_238' title='bbox 1071 2206 1318 2261; x_wconf 86' lang='lat' dir='ltr'><strong>tempore</strong></span> <span class='ocrx_word' id='word_1_239' title='bbox 1369 2192 1497 2255; x_wconf 85' lang='lat' dir='ltr'><strong>fuit,</strong></span> <span class='ocrx_word' id='word_1_240' title='bbox 1533 2207 1874 2261; x_wconf 82' lang='lat' dir='ltr'><strong>qua:cunque</strong></span> <span class='ocrx_word' id='word_1_241' title='bbox 1911 2191 1962 2244; x_wconf 93' lang='lat' dir='ltr'><strong>in</strong></span> 
     </span>
    </p>
   </div>
   <div class='ocr_carea' id='block_1_32' title="bbox 391 2284 1962 2347">
    <p class='ocr_par' dir='ltr' id='par_1_32' title="bbox 391 2284 1962 2347">
     <span class='ocr_line' id='line_1_32' title="bbox 391 2284 1962 2347; baseline -0.003 -6"><span class='ocrx_word' id='word_1_242' title='bbox 391 2286 563 2341; x_wconf 77' lang='lat' dir='ltr'><strong>sacris</strong></span> <span class='ocrx_word' id='word_1_243' title='bbox 614 2285 840 2340; x_wconf 86' lang='lat' dir='ltr'><strong>Litteris</strong></span> <span class='ocrx_word' id='word_1_244' title='bbox 876 2286 1062 2340; x_wconf 87' lang='lat' dir='ltr'><strong>turbas</strong></span> <span class='ocrx_word' id='word_1_245' title='bbox 1114 2286 1299 2347; x_wconf 87' lang='lat' dir='ltr'><strong>ciere,</strong></span> <span class='ocrx_word' id='word_1_246' title='bbox 1356 2292 1451 2338; x_wconf 89' lang='lat' dir='ltr'><strong>aut</strong></span> <span class='ocrx_word' id='word_1_247' title='bbox 1492 2284 1726 2338; x_wconf 86' lang='lat' dir='ltr'><strong>lectores</strong></span> <span class='ocrx_word' id='word_1_248' title='bbox 1775 2298 1962 2338; x_wconf 90' lang='lat' dir='ltr'><strong>earum</strong></span> 
     </span>
    </p>
   </div>
   <div class='ocr_carea' id='block_1_33' title="bbox 389 2374 1964 2450">
    <p class='ocr_par' dir='ltr' id='par_1_33' title="bbox 389 2374 1964 2450">
     <span class='ocr_line' id='line_1_33' title="bbox 389 2374 1964 2450; baseline -0.005 -15"><span class='ocrx_word' id='word_1_249' title='bbox 389 2380 722 2450; x_wconf 87' lang='lat' dir='ltr'><strong>perturbare</strong></span> <span class='ocrx_word' id='word_1_250' title='bbox 756 2379 872 2433; x_wconf 85' lang='lat' dir='ltr'><strong>visa</strong></span> <span class='ocrx_word' id='word_1_251' title='bbox 892 2387 1041 2439; x_wconf 89' lang='lat' dir='ltr'><strong>sunt,</strong></span> <span class='ocrx_word' id='word_1_252' title='bbox 1075 2376 1243 2446; x_wconf 81' lang='lat' dir='ltr'><strong>probe</strong></span> <span class='ocrx_word' id='word_1_253' title='bbox 1272 2375 1549 2440; x_wconf 79' lang='lat' dir='ltr'><strong>distinxit,</strong></span> <span class='ocrx_word' id='word_1_254' title='bbox 1595 2374 1964 2445; x_wconf 88' lang='lat' dir='ltr'><strong>subjectisque</strong></span> 
     </span>
    </p>
   </div>
   <div class='ocr_carea' id='block_1_34' title="bbox 390 2468 1964 2541">
    <p class='ocr_par' dir='ltr' id='par_1_34' title="bbox 390 2468 1964 2541">
     <span class='ocr_line' id='line_1_34' title="bbox 390 2468 1964 2541; baseline -0.003 -15"><span class='ocrx_word' id='word_1_255' title='bbox 390 2472 690 2527; x_wconf 85' lang='lat' dir='ltr'><strong>contrariis</strong></span> <span class='ocrx_word' id='word_1_256' title='bbox 739 2470 1114 2541; x_wconf 81' lang='lat' dir='ltr'><strong>argumentis,</strong></span> <span class='ocrx_word' id='word_1_257' title='bbox 1162 2479 1220 2523; x_wconf 89' lang='lat' dir='ltr'><strong>et</strong></span> <span class='ocrx_word' id='word_1_258' title='bbox 1254 2468 1393 2525; x_wconf 86' lang='lat' dir='ltr'><strong>locis</strong></span> <span class='ocrx_word' id='word_1_259' title='bbox 1423 2468 1754 2538; x_wconf 85' lang='lat' dir='ltr'><strong>quibusque,</strong></span> <span class='ocrx_word' id='word_1_260' title='bbox 1801 2469 1874 2521; x_wconf 89' lang='lat' dir='ltr'><strong>ita</strong></span> <span class='ocrx_word' id='word_1_261' title='bbox 1903 2476 1964 2522; x_wconf 90' lang='lat' dir='ltr'><strong>ut</strong></span> 
     </span>
    </p>
   </div>
   <div class='ocr_carea' id='block_1_35' title="bbox 389 2559 1961 2631">
    <p class='ocr_par' dir='ltr' id='par_1_35' title="bbox 389 2559 1961 2631">
     <span class='ocr_line' id='line_1_35' title="bbox 389 2559 1961 2631; baseline -0.003 -12"><span class='ocrx_word' id='word_1_262' title='bbox 389 2564 602 2629; x_wconf 87' lang='lat' dir='ltr'><strong>debuit,</strong></span> <span class='ocrx_word' id='word_1_263' title='bbox 636 2563 950 2627; x_wconf 88' lang='lat' dir='ltr'><strong>declaratis,</strong></span> <span class='ocrx_word' id='word_1_264' title='bbox 983 2577 1176 2617; x_wconf 89' lang='lat' dir='ltr'><strong>eorum</strong></span> <span class='ocrx_word' id='word_1_265' title='bbox 1211 2562 1307 2631; x_wconf 87' lang='lat' dir='ltr'><strong>qui</strong></span> <span class='ocrx_word' id='word_1_266' title='bbox 1343 2575 1439 2615; x_wconf 86' lang='lat' dir='ltr'><strong>eos</strong></span> <span class='ocrx_word' id='word_1_267' title='bbox 1468 2559 1608 2613; x_wconf 86' lang='lat' dir='ltr'><strong>male</strong></span> <span class='ocrx_word' id='word_1_268' title='bbox 1627 2569 1681 2615; x_wconf 91' lang='lat' dir='ltr'><strong>et</strong></span> <span class='ocrx_word' id='word_1_269' title='bbox 1709 2560 1961 2629; x_wconf 88' lang='lat' dir='ltr'><strong>imperite</strong></span> 
     </span>
    </p>
   </div>
   <div class='ocr_carea' id='block_1_36' title="bbox 323 2650 1963 2727">
    <p class='ocr_par' dir='ltr' id='par_1_36' title="bbox 323 2650 1963 2727">
     <span class='ocr_line' id='line_1_36' title="bbox 323 2650 1963 2727; baseline -0.002 -15"><span class='ocrx_word' id='word_1_270' title='bbox 323 2650 333 2660; x_wconf 77' lang='grc'><em>“</em></span> <span class='ocrx_word' id='word_1_271' title='bbox 390 2660 729 2726; x_wconf 86' lang='lat' dir='ltr'><strong>acciperent,</strong></span> <span class='ocrx_word' id='word_1_272' title='bbox 762 2672 935 2727; x_wconf 88' lang='lat' dir='ltr'><strong>nugas</strong></span> <span class='ocrx_word' id='word_1_273' title='bbox 956 2656 1147 2726; x_wconf 84' lang='lat' dir='ltr'><strong>longas</strong></span> <span class='ocrx_word' id='word_1_274' title='bbox 1165 2654 1560 2723; x_wconf 84' lang='lat' dir='ltr'><strong>ets0phisticas</strong></span> <span class='ocrx_word' id='word_1_275' title='bbox 1584 2653 1963 2723; x_wconf 72' lang='lat' dir='ltr'><strong>aggressioues</strong></span> 
     </span>
    </p>
   </div>
   <div class='ocr_carea' id='block_1_37' title="bbox 385 2743 1961 2816">
    <p class='ocr_par' dir='ltr' id='par_1_37' title="bbox 385 2743 1961 2816">
     <span class='ocr_line' id='line_1_37' title="bbox 385 2743 1961 2816; baseline -0.004 -13"><span class='ocrx_word' id='word_1_276' title='bbox 385 2748 608 2805; x_wconf 86' lang='lat' dir='ltr'><strong>refellit.</strong></span> <span class='ocrx_word' id='word_1_277' title='bbox 655 2747 907 2802; x_wconf 87' lang='lat' dir='ltr'><strong>Indicant</strong></span> <span class='ocrx_word' id='word_1_278' title='bbox 937 2747 1061 2809; x_wconf 89' lang='lat' dir='ltr'><strong>hoc,</strong></span> <span class='ocrx_word' id='word_1_279' title='bbox 1090 2760 1212 2816; x_wconf 84' lang='lat' dir='ltr'><strong>quae</strong></span> <span class='ocrx_word' id='word_1_280' title='bbox 1253 2746 1298 2800; x_wconf 90' lang='lat' dir='ltr'><strong>is</strong></span> <span class='ocrx_word' id='word_1_281' title='bbox 1338 2745 1404 2799; x_wconf 87' lang='lat' dir='ltr'><strong>ad</strong></span> <span class='ocrx_word' id='word_1_282' title='bbox 1434 2743 1678 2799; x_wconf 83' lang='lat' dir='ltr'><strong>Galatam</strong></span> <span class='ocrx_word' id='word_1_283' title='bbox 1730 2743 1961 2798; x_wconf 77' lang='lat' dir='ltr'><strong>Mareel-</strong></span> 
     </span>
    </p>
   </div>
   <div class='ocr_carea' id='block_1_38' title="bbox 383 2835 1959 2909">
    <p class='ocr_par' dir='ltr' id='par_1_38' title="bbox 383 2835 1959 2909">
     <span class='ocr_line' id='line_1_38' title="bbox 383 2835 1959 2909; baseline -0.005 -14"><span class='ocrx_word' id='word_1_284' title='bbox 383 2840 499 2895; x_wconf 86' lang='lat' dir='ltr'><strong>lum</strong></span> <span class='ocrx_word' id='word_1_285' title='bbox 548 2839 878 2907; x_wconf 88' lang='lat' dir='ltr'><strong>composuit,</strong></span> <span class='ocrx_word' id='word_1_286' title='bbox 908 2850 963 2894; x_wconf 89' lang='lat' dir='ltr'><strong>et</strong></span> <span class='ocrx_word' id='word_1_287' title='bbox 997 2853 1118 2909; x_wconf 68' lang='lat' dir='ltr'><strong>quae</strong></span> <span class='ocrx_word' id='word_1_288' title='bbox 1167 2837 1232 2892; x_wconf 91' lang='lat' dir='ltr'><strong>ad</strong></span> <span class='ocrx_word' id='word_1_289' title='bbox 1282 2836 1643 2907; x_wconf 84' lang='lat' dir='ltr'><strong>Porphyrium</strong></span> <span class='ocrx_word' id='word_1_290' title='bbox 1687 2835 1761 2905; x_wconf 71' lang='grc'><strong>(2)</strong></span> <span class='ocrx_word' id='word_1_291' title='bbox 1794 2849 1959 2905; x_wconf 90' lang='lat' dir='ltr'><strong>quem</strong></span> 
     </span>
    </p>
   </div>
   <div class='ocr_carea' id='block_1_39' title="bbox 384 2928 1960 3002">
    <p class='ocr_par' dir='ltr' id='par_1_39' title="bbox 384 2928 1960 3002">
     <span class='ocr_line' id='line_1_39' title="bbox 384 2928 1960 3002; baseline -0.004 -12"><span class='ocrx_word' id='word_1_292' title='bbox 384 2936 647 3001; x_wconf 83' lang='lat' dir='ltr'><strong>diximus,</strong></span> <span class='ocrx_word' id='word_1_293' title='bbox 681 2933 988 2988; x_wconf 88' lang='lat' dir='ltr'><strong>luculenter</strong></span> <span class='ocrx_word' id='word_1_294' title='bbox 1015 2932 1321 3002; x_wconf 85' lang='lat' dir='ltr'><strong>rescripsit,</strong></span> <span class='ocrx_word' id='word_1_295' title='bbox 1338 2929 1670 3001; x_wconf 76' lang='lat' dir='ltr'><strong>881ibellis</strong></span> <span class='ocrx_word' id='word_1_296' title='bbox 1701 2928 1768 2984; x_wconf 87' lang='lat' dir='ltr'><strong>de</strong></span> <span class='ocrx_word' id='word_1_297' title='bbox 1793 2928 1960 2983; x_wconf 88' lang='lat' dir='ltr'><strong>rebus</strong></span> 
     </span>
    </p>
   </div>
   <div class='ocr_carea' id='block_1_40' title="bbox 382 3020 1957 3094">
    <p class='ocr_par' dir='ltr' id='par_1_40' title="bbox 382 3020 1957 3094">
     <span class='ocr_line' id='line_1_40' title="bbox 382 3020 1957 3094; baseline -0.004 -12"><span class='ocrx_word' id='word_1_298' title='bbox 382 3025 723 3094; x_wconf 87' lang='lat' dir='ltr'><strong>ejuscemodi</strong></span> <span class='ocrx_word' id='word_1_299' title='bbox 758 3025 944 3089; x_wconf 89' lang='lat' dir='ltr'><strong>editis,</strong></span> <span class='ocrx_word' id='word_1_300' title='bbox 960 3024 1163 3094; x_wconf 85' lang='lat' dir='ltr'><strong>quibus</strong></span> <span class='ocrx_word' id='word_1_301' title='bbox 1181 3030 1408 3094; x_wconf 82' lang='lat' dir='ltr'><strong>prepter</strong></span> <span class='ocrx_word' id='word_1_302' title='bbox 1425 3022 1638 3091; x_wconf 83' lang='lat' dir='ltr'><strong>copiam</strong></span> <span class='ocrx_word' id='word_1_303' title='bbox 1665 3020 1957 3077; x_wconf 88' lang='lat' dir='ltr'><strong>verborum</strong></span> 
     </span>
    </p>
   </div>
   <div class='ocr_carea' id='block_1_41' title="bbox 2072 1824 3608 1901">
    <p class='ocr_par' dir='ltr' id='par_1_41' title="bbox 2072 1824 3608 1901">
     <span class='ocr_line' id='line_1_41' title="bbox 2072 1824 3608 1901; baseline 0.005 -24"><span class='ocrx_word' id='word_1_304' title='bbox 2072 1824 2207 1893; x_wconf 80' lang='grc' dir='ltr'>πρὸς</span> <span class='ocrx_word' id='word_1_305' title='bbox 2264 1827 2356 1877; x_wconf 58' lang='grc' dir='ltr'><strong>τὸν</strong></span> <span class='ocrx_word' id='word_1_306' title='bbox 2409 1826 2541 1877; x_wconf 83' lang='grc' dir='ltr'>ίδιον</span> <span class='ocrx_word' id='word_1_307' title='bbox 2598 1825 2799 1879; x_wconf 75' lang='grc' dir='ltr'>σκοπὸν</span> <span class='ocrx_word' id='word_1_308' title='bbox 2855 1827 3241 1895; x_wconf 66' lang='grc' dir='ltr'>ἐκλαῦὲμενοι,</span> <span class='ocrx_word' id='word_1_309' title='bbox 3292 1828 3486 1896; x_wconf 78' lang='grc' dir='ltr'><strong>ἔδειξαν</strong></span> <span class='ocrx_word' id='word_1_310' title='bbox 3527 1836 3608 1901; x_wconf 83' lang='grc' dir='ltr'>μὲν</span> 
     </span>
    </p>
   </div>
   <div class='ocr_carea' id='block_1_42' title="bbox 2070 1917 3611 1989">
    <p class='ocr_par' dir='ltr' id='par_1_42' title="bbox 2070 1917 3611 1989">
     <span class='ocr_line' id='line_1_42' title="bbox 2070 1917 3611 1989; baseline 0.005 -19"><span class='ocrx_word' id='word_1_311' title='bbox 2070 1917 2259 1970; x_wconf 77' lang='grc' dir='ltr'>πολλοὶ</span> <span class='ocrx_word' id='word_1_312' title='bbox 2305 1918 2383 1979; x_wconf 90' lang='grc' dir='ltr'><strong>είς</strong></span> <span class='ocrx_word' id='word_1_313' title='bbox 2446 1919 2775 1989; x_wconf 61' lang='grc' dir='ltr'>ἀντίρρησιν</span> <span class='ocrx_word' id='word_1_314' title='bbox 2826 1922 3197 1984; x_wconf 79' lang='grc' dir='ltr'>καταστάντες</span> <span class='ocrx_word' id='word_1_315' title='bbox 3245 1921 3486 1987; x_wconf 76' lang='grc' dir='ltr'>ἐκείνοις,</span> <span class='ocrx_word' id='word_1_316' title='bbox 3535 1927 3611 1977; x_wconf 68' lang='grc' dir='ltr'>καὶ</span> 
     </span>
    </p>
   </div>
   <div class='ocr_carea' id='block_1_43' title="bbox 2070 2009 3610 2087">
    <p class='ocr_par' dir='ltr' id='par_1_43' title="bbox 2070 2009 3610 2087">
     <span class='ocr_line' id='line_1_43' title="bbox 2070 2009 3610 2087; baseline 0.005 -24"><span class='ocrx_word' id='word_1_317' title='bbox 2070 2009 2521 2078; x_wconf 85' lang='grc' dir='ltr'>στηλιτεύσαντες</span> <span class='ocrx_word' id='word_1_318' title='bbox 2554 2009 2760 2080; x_wconf 73' lang='grc' dir='ltr'>ἐλέγχῳ</span> <span class='ocrx_word' id='word_1_319' title='bbox 2788 2011 2858 2064; x_wconf 74' lang='grc' dir='ltr'>τὰ</span> <span class='ocrx_word' id='word_1_320' title='bbox 2898 2012 3127 2065; x_wconf 74' lang='grc' dir='ltr'>ἐκείνων</span> <span class='ocrx_word' id='word_1_321' title='bbox 3164 2013 3489 2082; x_wconf 67' lang='grc' dir='ltr'>σοφίσματα.</span> <span class='ocrx_word' id='word_1_322' title='bbox 3520 2018 3610 2087; x_wconf 77' lang='grc' dir='ltr'><strong>Πρὸ</strong></span> 
     </span>
    </p>
   </div>
   <div class='ocr_carea' id='block_1_44' title="bbox 2068 2099 3612 2179">
    <p class='ocr_par' dir='ltr' id='par_1_44' title="bbox 2068 2099 3612 2179">
     <span class='ocr_line' id='line_1_44' title="bbox 2068 2099 3612 2179; baseline 0.006 -28"><span class='ocrx_word' id='word_1_323' title='bbox 2068 2100 2124 2154; x_wconf 79' lang='grc' dir='ltr'>δὲ</span> <span class='ocrx_word' id='word_1_324' title='bbox 2159 2099 2382 2153; x_wconf 81' lang='grc' dir='ltr'>πάντων</span> <span class='ocrx_word' id='word_1_325' title='bbox 2416 2102 2443 2153; x_wconf 86' lang='grc' dir='ltr'>ὁ</span> <span class='ocrx_word' id='word_1_326' title='bbox 2475 2099 2571 2171; x_wconf 82' lang='grc' dir='ltr'>τὴν</span> <span class='ocrx_word' id='word_1_327' title='bbox 2619 2101 2822 2169; x_wconf 79' lang='grc' dir='ltr'>γνῶσιν</span> <span class='ocrx_word' id='word_1_328' title='bbox 2865 2103 3033 2166; x_wconf 75' lang='grc' dir='ltr'>πολὺς</span> <span class='ocrx_word' id='word_1_329' title='bbox 3082 2102 3399 2175; x_wconf 75' lang='grc' dir='ltr'>Ὠριγένης,</span> <span class='ocrx_word' id='word_1_330' title='bbox 3445 2110 3612 2179; x_wconf 77' lang='grc' dir='ltr'>μακρῷ</span> 
     </span>
    </p>
   </div>
   <div class='ocr_carea' id='block_1_45' title="bbox 2068 2192 3611 2263">
    <p class='ocr_par' dir='ltr' id='par_1_45' title="bbox 2068 2192 3611 2263">
     <span class='ocr_line' id='line_1_45' title="bbox 2068 2192 3611 2263; baseline 0.005 -19"><span class='ocrx_word' id='word_1_331' title='bbox 2068 2192 2245 2262; x_wconf 84' lang='grc' dir='ltr'>χρόνῳ</span> <span class='ocrx_word' id='word_1_332' title='bbox 2302 2194 2397 2245; x_wconf 62' lang='grc' dir='ltr'><strong>καὶ⁸</strong></span> <span class='ocrx_word' id='word_1_333' title='bbox 2428 2192 2537 2261; x_wconf 77' lang='grc' dir='ltr'><strong>πρὸ</strong></span> <span class='ocrx_word' id='word_1_334' title='bbox 2585 2192 2878 2246; x_wconf 83' lang='grc' dir='ltr'>Ἰουλιανοῦ</span> <span class='ocrx_word' id='word_1_335' title='bbox 2934 2195 3217 2263; x_wconf 84' lang='grc' dir='ltr'>γεγονώς·</span> <span class='ocrx_word' id='word_1_336' title='bbox 3268 2196 3338 2248; x_wconf 81' lang='grc' dir='ltr'>τὰ</span> <span class='ocrx_word' id='word_1_337' title='bbox 3384 2197 3611 2252; x_wconf 76' lang='grc' dir='ltr'>δοκοῦντα</span> 
     </span>
    </p>
   </div>
   <div class='ocr_carea' id='block_1_46' title="bbox 2066 2283 3614 2358">
    <p class='ocr_par' dir='ltr' id='par_1_46' title="bbox 2066 2283 3614 2358">
     <span class='ocr_line' id='line_1_46' title="bbox 2066 2283 3614 2358; baseline 0.004 -23"><span class='ocrx_word' id='word_1_338' title='bbox 2066 2284 2359 2353; x_wconf 80' lang='grc' dir='ltr'><strong>ταράττειν</strong></span> <span class='ocrx_word' id='word_1_339' title='bbox 2381 2286 2500 2347; x_wconf 89' lang='grc' dir='ltr'>ταῖς</span> <span class='ocrx_word' id='word_1_340' title='bbox 2535 2284 2707 2354; x_wconf 77' lang='grc' dir='ltr'><strong>ἱεραῖς</strong></span> <span class='ocrx_word' id='word_1_341' title='bbox 2739 2283 2946 2353; x_wconf 77' lang='grc' dir='ltr'>βίϐλοις</span> <span class='ocrx_word' id='word_1_342' title='bbox 2975 2286 3387 2358; x_wconf 72' lang='grc' dir='ltr'>διευκρινήσας,</span> <span class='ocrx_word' id='word_1_343' title='bbox 3408 2288 3614 2341; x_wconf 82' lang='grc' dir='ltr'>ἀνθυπε-</span> 
     </span>
    </p>
   </div>
   <div class='ocr_carea' id='block_1_47' title="bbox 2067 2374 3613 2447">
    <p class='ocr_par' dir='ltr' id='par_1_47' title="bbox 2067 2374 3613 2447">
     <span class='ocr_line' id='line_1_47' title="bbox 2067 2374 3613 2447; baseline 0.003 -19"><span class='ocrx_word' id='word_1_344' title='bbox 2067 2374 2277 2445; x_wconf 85' lang='grc' dir='ltr'>νεγκών</span> <span class='ocrx_word' id='word_1_345' title='bbox 2305 2377 2486 2430; x_wconf 73' lang='grc' dir='ltr'>τεκαὶ</span> <span class='ocrx_word' id='word_1_346' title='bbox 2521 2376 2597 2441; x_wconf 84' lang='grc' dir='ltr'>ὡς</span> <span class='ocrx_word' id='word_1_347' title='bbox 2628 2375 2807 2447; x_wconf 85' lang='grc' dir='ltr'>χρεὼν</span> <span class='ocrx_word' id='word_1_348' title='bbox 2832 2379 3165 2447; x_wconf 78' lang='grc' dir='ltr'>σαφηνίσας,</span> <span class='ocrx_word' id='word_1_349' title='bbox 3192 2379 3304 2432; x_wconf 83' lang='grc' dir='ltr'>τῶν</span> <span class='ocrx_word' id='word_1_350' title='bbox 3335 2381 3517 2443; x_wconf 82' lang='grc' dir='ltr'>κακῶς</span> <span class='ocrx_word' id='word_1_351' title='bbox 3538 2383 3613 2434; x_wconf 69' lang='grc' dir='ltr'><strong>καὶ</strong></span> 
     </span>
    </p>
   </div>
   <div class='ocr_carea' id='block_1_48' title="bbox 2065 2468 3610 2542">
    <p class='ocr_par' dir='ltr' id='par_1_48' title="bbox 2065 2468 3610 2542">
     <span class='ocr_line' id='line_1_48' title="bbox 2065 2468 3610 2542; baseline 0.002 -22"><span class='ocrx_word' id='word_1_352' title='bbox 2065 2468 2402 2537; x_wconf 78' lang='grc' dir='ltr'><strong>ἀγνωμόνως</strong></span> <span class='ocrx_word' id='word_1_353' title='bbox 2434 2468 2661 2532; x_wconf 81' lang='grc' dir='ltr'><strong>ταύταις</strong></span> <span class='ocrx_word' id='word_1_354' title='bbox 2702 2470 3092 2538; x_wconf 79' lang='grc' dir='ltr'><strong>διακειμένων,</strong></span> <span class='ocrx_word' id='word_1_355' title='bbox 3121 2469 3223 2541; x_wconf 82' lang='grc' dir='ltr'>τὴν</span> <span class='ocrx_word' id='word_1_356' title='bbox 3284 2473 3492 2541; x_wconf 76' lang='grc' dir='ltr'>μακρὰν</span> <span class='ocrx_word' id='word_1_357' title='bbox 3512 2473 3610 2542; x_wconf 79' lang='grc' dir='ltr'>ὲρε-</span> 
     </span>
    </p>
   </div>
   <div class='ocr_carea' id='block_1_49' title="bbox 2068 2561 3611 2634">
    <p class='ocr_par' dir='ltr' id='par_1_49' title="bbox 2068 2561 3611 2634">
     <span class='ocr_line' id='line_1_49' title="bbox 2068 2561 3611 2634; baseline 0.003 -21"><span class='ocrx_word' id='word_1_358' title='bbox 2068 2561 2284 2630; x_wconf 85' lang='grc' dir='ltr'>σχελίαν</span> <span class='ocrx_word' id='word_1_359' title='bbox 2315 2562 2409 2613; x_wconf 74' lang='grc' dir='ltr'>καὶ</span> <span class='ocrx_word' id='word_1_360' title='bbox 2443 2564 2542 2625; x_wconf 78' lang='grc' dir='ltr'>τὰς</span> <span class='ocrx_word' id='word_1_361' title='bbox 2578 2563 2905 2631; x_wconf 73' lang='grc' dir='ltr'>σοφιστικὰς</span> <span class='ocrx_word' id='word_1_362' title='bbox 2947 2565 3333 2634; x_wconf 78' lang='grc' dir='ltr'><strong>ἐπιχειρήσεις</strong></span> <span class='ocrx_word' id='word_1_363' title='bbox 3368 2564 3611 2634; x_wconf 72' lang='grc' dir='ltr'>ἐξήλεγξε.</span> 
     </span>
    </p>
   </div>
   <div class='ocr_carea' id='block_1_50' title="bbox 2063 2646 3615 2722">
    <p class='ocr_par' dir='ltr' id='par_1_50' title="bbox 2063 2646 3615 2722">
     <span class='ocr_line' id='line_1_50' title="bbox 2063 2646 3615 2722; baseline 0.005 -23"><span class='ocrx_word' id='word_1_364' title='bbox 2063 2646 2316 2701; x_wconf 90' lang='grc' dir='ltr'>Δείκνυσι</span> <span class='ocrx_word' id='word_1_365' title='bbox 2345 2647 2401 2701; x_wconf 82' lang='grc' dir='ltr'>δὲ</span> <span class='ocrx_word' id='word_1_366' title='bbox 2434 2646 2470 2703; x_wconf 77' lang='grc' dir='ltr'><strong>ἀ</strong></span> <span class='ocrx_word' id='word_1_367' title='bbox 2503 2652 2638 2719; x_wconf 80' lang='grc' dir='ltr'>πρός</span> <span class='ocrx_word' id='word_1_368' title='bbox 2666 2666 2725 2702; x_wconf 87' lang='grc' dir='ltr'><strong>τε</strong></span> <span class='ocrx_word' id='word_1_369' title='bbox 2762 2651 2853 2703; x_wconf 73' lang='grc' dir='ltr'>τὸν</span> <span class='ocrx_word' id='word_1_370' title='bbox 2880 2650 3129 2721; x_wconf 83' lang='grc' dir='ltr'><strong>Γαλάτην</strong></span> <span class='ocrx_word' id='word_1_371' title='bbox 3154 2652 3485 2722; x_wconf 79' lang='grc' dir='ltr'>Μάρκελλον</span> <span class='ocrx_word' id='word_1_372' title='bbox 3512 2672 3615 2707; x_wconf 80' lang='grc' dir='ltr'>συν-</span> 
     </span>
    </p>
   </div>
   <div class='ocr_carea' id='block_1_51' title="bbox 2063 2739 3617 2817">
    <p class='ocr_par' dir='ltr' id='par_1_51' title="bbox 2063 2739 3617 2817">
     <span class='ocr_line' id='line_1_51' title="bbox 2063 2739 3617 2817; baseline 0.003 -24"><span class='ocrx_word' id='word_1_373' title='bbox 2063 2739 2239 2806; x_wconf 75' lang='grc' dir='ltr'>έταξε,</span> <span class='ocrx_word' id='word_1_374' title='bbox 2278 2740 2369 2793; x_wconf 75' lang='grc' dir='ltr'>καὶ</span> <span class='ocrx_word' id='word_1_375' title='bbox 2408 2740 2444 2794; x_wconf 82' lang='grc' dir='ltr'><strong>ἀ</strong></span> <span class='ocrx_word' id='word_1_376' title='bbox 2498 2741 2635 2812; x_wconf 81' lang='grc' dir='ltr'>πρὸς</span> <span class='ocrx_word' id='word_1_377' title='bbox 2684 2743 2775 2796; x_wconf 80' lang='grc' dir='ltr'>τὸν</span> <span class='ocrx_word' id='word_1_378' title='bbox 2822 2744 3118 2813; x_wconf 70' lang='grc' dir='ltr'>είρημένον</span> <span class='ocrx_word' id='word_1_379' title='bbox 3177 2745 3489 2817; x_wconf 81' lang='grc' dir='ltr'>Πορφύριον</span> <span class='ocrx_word' id='word_1_380' title='bbox 3518 2762 3617 2813; x_wconf 84' lang='grc' dir='ltr'>γεν-</span> 
     </span>
    </p>
   </div>
   <div class='ocr_carea' id='block_1_52' title="bbox 2063 2834 3616 2908">
    <p class='ocr_par' dir='ltr' id='par_1_52' title="bbox 2063 2834 3616 2908">
     <span class='ocr_line' id='line_1_52' title="bbox 2063 2834 3616 2908; baseline 0.003 -20"><span class='ocrx_word' id='word_1_381' title='bbox 2063 2836 2225 2898; x_wconf 81' lang='grc' dir='ltr'>ναίως</span> <span class='ocrx_word' id='word_1_382' title='bbox 2257 2835 2482 2888; x_wconf 77' lang='grc' dir='ltr'><strong>ἀντεῖπε</strong></span> <span class='ocrx_word' id='word_1_383' title='bbox 2502 2852 2517 2866; x_wconf 84' lang='grc'><strong>·</strong></span> <span class='ocrx_word' id='word_1_384' title='bbox 2553 2834 2735 2905; x_wconf 83' lang='grc' dir='ltr'>βίὸλον</span> <span class='ocrx_word' id='word_1_385' title='bbox 2763 2836 2847 2903; x_wconf 83' lang='grc' dir='ltr'><strong>ἐφ’</strong></span> <span class='ocrx_word' id='word_1_386' title='bbox 2882 2837 3102 2908; x_wconf 76' lang='grc' dir='ltr'>ἑκάστῳ</span> <span class='ocrx_word' id='word_1_387' title='bbox 3134 2839 3350 2892; x_wconf 83' lang='grc' dir='ltr'>τούτων</span> <span class='ocrx_word' id='word_1_388' title='bbox 3393 2855 3616 2892; x_wconf 82' lang='grc' dir='ltr'>συντετα-</span> 
     </span>
    </p>
   </div>
   <div class='ocr_carea' id='block_1_53' title="bbox 2062 2928 3618 3003">
    <p class='ocr_par' dir='ltr' id='par_1_53' title="bbox 2062 2928 3618 3003">
     <span class='ocr_line' id='line_1_53' title="bbox 2062 2928 3618 3003; baseline 0.006 -26"><span class='ocrx_word' id='word_1_389' title='bbox 2062 2930 2195 2998; x_wconf 86' lang='grc' dir='ltr'>χὼς,</span> <span class='ocrx_word' id='word_1_390' title='bbox 2230 2928 2329 2983; x_wconf 76' lang='grc' dir='ltr'>καὶ</span> <span class='ocrx_word' id='word_1_391' title='bbox 2388 2928 2639 2997; x_wconf 81' lang='grc' dir='ltr'>ἀφώνους</span> <span class='ocrx_word' id='word_1_392' title='bbox 2698 2928 3021 3002; x_wconf 80' lang='grc' dir='ltr'>ἀπελέγχων</span> <span class='ocrx_word' id='word_1_393' title='bbox 3065 2933 3132 3003; x_wconf 80' lang='grc' dir='ltr'><strong>τῇ</strong></span> <span class='ocrx_word' id='word_1_394' title='bbox 3184 2931 3299 2984; x_wconf 87' lang='grc' dir='ltr'><strong>τῶν</strong></span> <span class='ocrx_word' id='word_1_395' title='bbox 3331 2931 3502 3001; x_wconf 86' lang='grc' dir='ltr'>λόγων</span> <span class='ocrx_word' id='word_1_396' title='bbox 3537 2932 3618 3001; x_wconf 78' lang='grc' dir='ltr'>τῆς</span> 
     </span>
    </p>
   </div>
   <div class='ocr_carea' id='block_1_54' title="bbox 2062 3015 3616 3096">
    <p class='ocr_par' dir='ltr' id='par_1_54' title="bbox 2062 3015 3616 3096">
     <span class='ocr_line' id='line_1_54' title="bbox 2062 3015 3616 3096; baseline 0.002 -23"><span class='ocrx_word' id='word_1_397' title='bbox 2062 3020 2320 3089; x_wconf 84' lang='grc' dir='ltr'><strong>ἀληθείας</strong></span> <span class='ocrx_word' id='word_1_398' title='bbox 2351 3021 2643 3091; x_wconf 74' lang='grc' dir='ltr'>περιουσίᾳ</span> <span class='ocrx_word' id='word_1_399' title='bbox 2663 3036 2677 3051; x_wconf 84' lang='grc'>⁶</span> <span class='ocrx_word' id='word_1_400' title='bbox 2711 3015 2795 3084; x_wconf 81' lang='grc' dir='ltr'><strong>οἷς</strong></span> <span class='ocrx_word' id='word_1_401' title='bbox 2826 3023 2875 3075; x_wconf 85' lang='grc' dir='ltr'><strong>εί</strong></span> <span class='ocrx_word' id='word_1_402' title='bbox 2908 3023 3006 3093; x_wconf 83' lang='grc' dir='ltr'>μὴ,</span> <span class='ocrx_word' id='word_1_403' title='bbox 3032 3023 3105 3085; x_wconf 87' lang='grc' dir='ltr'><strong>ὡς</strong></span> <span class='ocrx_word' id='word_1_404' title='bbox 3139 3023 3365 3094; x_wconf 82' lang='grc' dir='ltr'>ἔτυχεν,</span> <span class='ocrx_word' id='word_1_405' title='bbox 3396 3025 3616 3096; x_wconf 75' lang='grc' dir='ltr'>ἐνέτυχεν</span> 
     </span>
    </p>
   </div>
   <div class='ocr_carea' id='block_1_55' title="bbox 381 3112 1959 3191">
    <p class='ocr_par' dir='ltr' id='par_1_55' title="bbox 381 3114 1956 3191">
     <span class='ocr_line' id='line_1_55' title="bbox 381 3114 1956 3191; baseline 0 -23"><span class='ocrx_word' id='word_1_406' title='bbox 381 3117 632 3172; x_wconf 82' lang='lat' dir='ltr'><strong>veritatis</strong></span> <span class='ocrx_word' id='word_1_407' title='bbox 656 3116 859 3181; x_wconf 69' lang='lat' dir='ltr'><strong>effecit,</strong></span> <span class='ocrx_word' id='word_1_408' title='bbox 888 3125 946 3170; x_wconf 90' lang='lat' dir='ltr'><strong>ut</strong></span> <span class='ocrx_word' id='word_1_409' title='bbox 980 3116 1058 3171; x_wconf 90' lang='lat' dir='ltr'><strong>illi</strong></span> <span class='ocrx_word' id='word_1_410' title='bbox 1106 3115 1253 3191; x_wconf 82' lang='lat' dir='ltr'><strong>quod</strong></span> <span class='ocrx_word' id='word_1_411' title='bbox 1295 3123 1485 3171; x_wconf 89' lang='lat' dir='ltr'><strong>contra</strong></span> <span class='ocrx_word' id='word_1_412' title='bbox 1536 3114 1811 3179; x_wconf 86' lang='lat' dir='ltr'><strong>dicerent,</strong></span> <span class='ocrx_word' id='word_1_413' title='bbox 1846 3129 1956 3168; x_wconf 91' lang='lat' dir='ltr'><strong>non</strong></span> 
     </span>
    </p>
   </div>
   <div class='ocr_carea' id='block_1_56' title="bbox 2069 3112 3621 3191">
    <p class='ocr_par' dir='ltr' id='par_1_56' title="bbox 2073 3112 3621 3187">
     <span class='ocr_line' id='line_1_56' title="bbox 2073 3112 3621 3187; baseline 0.004 -23"><span class='ocrx_word' id='word_1_414' title='bbox 2073 3112 2383 3178; x_wconf 81' lang='grc' dir='ltr'>Ἰουλιανὸς,</span> <span class='ocrx_word' id='word_1_415' title='bbox 2421 3113 2524 3167; x_wconf 88' lang='grc' dir='ltr'><strong>ούκ</strong></span> <span class='ocrx_word' id='word_1_416' title='bbox 2568 3114 2636 3168; x_wconf 79' lang='grc' dir='ltr'>ἂν</span> <span class='ocrx_word' id='word_1_417' title='bbox 2678 3114 2823 3168; x_wconf 82' lang='grc' dir='ltr'>οὔτω</span> <span class='ocrx_word' id='word_1_418' title='bbox 2859 3116 3179 3184; x_wconf 76' lang='grc' dir='ltr'>σοφίζεσθαι</span> <span class='ocrx_word' id='word_1_419' title='bbox 3214 3118 3315 3170; x_wconf 73' lang='grc' dir='ltr'>καὶ</span> <span class='ocrx_word' id='word_1_420' title='bbox 3351 3117 3621 3187; x_wconf 78' lang='grc' dir='ltr'><strong>βλάσφημα</strong></span> 
     </span>
    </p>
   </div>
   <div class='ocr_carea' id='block_1_57' title="bbox 380 3201 1957 3272">
    <p class='ocr_par' dir='ltr' id='par_1_57' title="bbox 380 3201 1957 3272">
     <span class='ocr_line' id='line_1_57' title="bbox 380 3201 1957 3272; baseline -0.003 -11"><span class='ocrx_word' id='word_1_421' title='bbox 380 3204 672 3263; x_wconf 87' lang='lat' dir='ltr'><strong>baberent.</strong></span> <span class='ocrx_word' id='word_1_422' title='bbox 721 3205 871 3272; x_wconf 82' lang='lat' dir='ltr'><strong>Quos</strong></span> <span class='ocrx_word' id='word_1_423' title='bbox 905 3205 1076 3261; x_wconf 85' lang='lat' dir='ltr'><strong>libros</strong></span> <span class='ocrx_word' id='word_1_424' title='bbox 1110 3206 1158 3261; x_wconf 92' lang='lat' dir='ltr'><strong>si</strong></span> <span class='ocrx_word' id='word_1_425' title='bbox 1192 3220 1306 3271; x_wconf 81' lang='lat' dir='ltr'><strong>non</strong></span> <span class='ocrx_word' id='word_1_426' title='bbox 1349 3203 1424 3258; x_wconf 91' lang='lat' dir='ltr'><strong>ita</strong></span> <span class='ocrx_word' id='word_1_427' title='bbox 1474 3203 1679 3259; x_wconf 86' lang='lat' dir='ltr'><strong>cursim</strong></span> <span class='ocrx_word' id='word_1_428' title='bbox 1707 3201 1957 3257; x_wconf 82' lang='lat' dir='ltr'><strong>Julianus</strong></span> 
     </span>
    </p>
   </div>
   <div class='ocr_carea' id='block_1_58' title="bbox 380 3293 1958 3367">
    <p class='ocr_par' dir='ltr' id='par_1_58' title="bbox 380 3293 1958 3367">
     <span class='ocr_line' id='line_1_58' title="bbox 380 3293 1958 3367; baseline -0.001 -15"><span class='ocrx_word' id='word_1_429' title='bbox 380 3298 628 3367; x_wconf 85' lang='lat' dir='ltr'><strong>legisset,</strong></span> <span class='ocrx_word' id='word_1_430' title='bbox 655 3312 939 3366; x_wconf 87' lang='lat' dir='ltr'><strong>nunquam</strong></span> <span class='ocrx_word' id='word_1_431' title='bbox 979 3298 1049 3351; x_wconf 88' lang='lat' dir='ltr'><strong>ad</strong></span> <span class='ocrx_word' id='word_1_432' title='bbox 1091 3295 1470 3350; x_wconf 87' lang='lat' dir='ltr'><strong>cavillationes</strong></span> <span class='ocrx_word' id='word_1_433' title='bbox 1504 3302 1559 3349; x_wconf 89' lang='lat' dir='ltr'><strong>et</strong></span> <span class='ocrx_word' id='word_1_434' title='bbox 1588 3293 1958 3364; x_wconf 77' lang='lat' dir='ltr'><strong>blaSphemias</strong></span> 
     </span>
    </p>
   </div>
   <div class='ocr_carea' id='block_1_59' title="bbox 378 3385 1958 3458">
    <p class='ocr_par' dir='ltr' id='par_1_59' title="bbox 378 3385 1958 3458">
     <span class='ocr_line' id='line_1_59' title="bbox 378 3385 1958 3458; baseline -0.002 -13"><span class='ocrx_word' id='word_1_435' title='bbox 378 3388 707 3445; x_wconf 71' lang='lat' dir='ltr'><strong>scribendas</strong></span> <span class='ocrx_word' id='word_1_436' title='bbox 738 3388 997 3458; x_wconf 87' lang='lat' dir='ltr'><strong>delapsus</strong></span> <span class='ocrx_word' id='word_1_437' title='bbox 1019 3396 1187 3445; x_wconf 87' lang='lat' dir='ltr'><strong>esset.</strong></span> <span class='ocrx_word' id='word_1_438' title='bbox 1216 3387 1324 3444; x_wconf 87' lang='lat' dir='ltr'><strong>Sed</strong></span> <span class='ocrx_word' id='word_1_439' title='bbox 1347 3388 1498 3443; x_wconf 87' lang='lat' dir='ltr'><strong>enim</strong></span> <span class='ocrx_word' id='word_1_440' title='bbox 1525 3385 1745 3445; x_wconf 84' lang='lat' dir='ltr'><strong>Juliano</strong></span> <span class='ocrx_word' id='word_1_441' title='bbox 1772 3385 1958 3442; x_wconf 88' lang='lat' dir='ltr'><strong>studio</strong></span> 
     </span>
    </p>
   </div>
   <div class='ocr_carea' id='block_1_60' title="bbox 380 3479 1955 3549">
    <p class='ocr_par' dir='ltr' id='par_1_60' title="bbox 380 3479 1955 3549">
     <span class='ocr_line' id='line_1_60' title="bbox 380 3479 1955 3549; baseline -0.001 -12"><span class='ocrx_word' id='word_1_442' title='bbox 380 3483 572 3549; x_wconf 86' lang='lat' dir='ltr'><strong>fuisse,</strong></span> <span class='ocrx_word' id='word_1_443' title='bbox 601 3492 659 3537; x_wconf 88' lang='lat' dir='ltr'><strong>ut</strong></span> <span class='ocrx_word' id='word_1_444' title='bbox 689 3482 1082 3538; x_wconf 82' lang='lat' dir='ltr'><strong>scommatibus</strong></span> <span class='ocrx_word' id='word_1_445' title='bbox 1118 3488 1176 3536; x_wconf 87' lang='lat' dir='ltr'><strong>et</strong></span> <span class='ocrx_word' id='word_1_446' title='bbox 1221 3479 1514 3547; x_wconf 75' lang='lat' dir='ltr'><strong>dicacitate</strong></span> <span class='ocrx_word' id='word_1_447' title='bbox 1546 3486 1816 3545; x_wconf 89' lang='lat' dir='ltr'><strong>uteretur,</strong></span> <span class='ocrx_word' id='word_1_448' title='bbox 1843 3494 1955 3535; x_wconf 90' lang='lat' dir='ltr'><strong>non</strong></span> 
     </span>
    </p>
   </div>
   <div class='ocr_carea' id='block_1_61' title="bbox 379 3568 1955 3642">
    <p class='ocr_par' dir='ltr' id='par_1_61' title="bbox 379 3568 1955 3642">
     <span class='ocr_line' id='line_1_61' title="bbox 379 3568 1955 3642; baseline -0.002 -16"><span class='ocrx_word' id='word_1_449' title='bbox 379 3572 524 3641; x_wconf 90' lang='lat' dir='ltr'><strong>apud</strong></span> <span class='ocrx_word' id='word_1_450' title='bbox 564 3588 661 3628; x_wconf 86' lang='lat' dir='ltr'><strong>eos</strong></span> <span class='ocrx_word' id='word_1_451' title='bbox 693 3573 787 3642; x_wconf 85' lang='lat' dir='ltr'><strong>qui</strong></span> <span class='ocrx_word' id='word_1_452' title='bbox 816 3571 1048 3627; x_wconf 86' lang='lat' dir='ltr'><strong>solidam</strong></span> <span class='ocrx_word' id='word_1_453' title='bbox 1066 3571 1285 3641; x_wconf 90' lang='lat' dir='ltr'><strong>pietatis</strong></span> <span class='ocrx_word' id='word_1_454' title='bbox 1309 3570 1594 3627; x_wconf 85' lang='lat' dir='ltr'><strong>veritatem</strong></span> <span class='ocrx_word' id='word_1_455' title='bbox 1630 3578 1687 3625; x_wconf 91' lang='lat' dir='ltr'><strong>et</strong></span> <span class='ocrx_word' id='word_1_456' title='bbox 1721 3568 1955 3625; x_wconf 87' lang='lat' dir='ltr'><strong>formam</strong></span> 
     </span>
    </p>
   </div>
   <div class='ocr_carea' id='block_1_62' title="bbox 380 3664 1956 3735">
    <p class='ocr_par' dir='ltr' id='par_1_62' title="bbox 380 3664 1956 3735">
     <span class='ocr_line' id='line_1_62' title="bbox 380 3664 1956 3735; baseline -0.001 -15"><span class='ocrx_word' id='word_1_457' title='bbox 380 3676 593 3731; x_wconf 90' lang='lat' dir='ltr'><strong>tenent,</strong></span> <span class='ocrx_word' id='word_1_458' title='bbox 618 3665 716 3720; x_wconf 77' lang='lat' dir='ltr'><strong>sed</strong></span> <span class='ocrx_word' id='word_1_459' title='bbox 747 3664 1027 3735; x_wconf 87' lang='lat' dir='ltr'><strong>simplices</strong></span> <span class='ocrx_word' id='word_1_460' title='bbox 1071 3675 1126 3721; x_wconf 90' lang='lat' dir='ltr'><strong>et</strong></span> <span class='ocrx_word' id='word_1_461' title='bbox 1171 3666 1458 3733; x_wconf 86' lang='lat' dir='ltr'><strong>imperitos</strong></span> <span class='ocrx_word' id='word_1_462' title='bbox 1484 3664 1758 3728; x_wconf 87' lang='lat' dir='ltr'><strong>homines,</strong></span> <span class='ocrx_word' id='word_1_463' title='bbox 1789 3678 1859 3718; x_wconf 75' lang='lat' dir='ltr'><strong>ex</strong></span> <span class='ocrx_word' id='word_1_464' title='bbox 1888 3677 1956 3719; x_wconf 91' lang='lat' dir='ltr'><strong>eo</strong></span> 
     </span>
    </p>
   </div>
   <div class='ocr_carea' id='block_1_63' title="bbox 380 3756 1953 3827">
    <p class='ocr_par' dir='ltr' id='par_1_63' title="bbox 380 3756 1953 3827">
     <span class='ocr_line' id='line_1_63' title="bbox 380 3756 1953 3827; baseline -0.001 -14"><span class='ocrx_word' id='word_1_465' title='bbox 380 3758 517 3813; x_wconf 87' lang='lat' dir='ltr'><strong>satis</strong></span> <span class='ocrx_word' id='word_1_466' title='bbox 547 3767 781 3813; x_wconf 85' lang='lat' dir='ltr'><strong>constat.</strong></span> <span class='ocrx_word' id='word_1_467' title='bbox 828 3756 931 3814; x_wconf 88' lang='lat' dir='ltr'><strong>Ubi</strong></span> <span class='ocrx_word' id='word_1_468' title='bbox 975 3757 1121 3827; x_wconf 82' lang='lat' dir='ltr'><strong>enim</strong></span> <span class='ocrx_word' id='word_1_469' title='bbox 1161 3772 1192 3811; x_wconf 90' lang='lat' dir='ltr'><strong>e</strong></span> <span class='ocrx_word' id='word_1_470' title='bbox 1226 3756 1550 3826; x_wconf 80' lang='lat' dir='ltr'><strong>Scripturis,</strong></span> <span class='ocrx_word' id='word_1_471' title='bbox 1611 3770 1953 3825; x_wconf 57' lang='lat' dir='ltr'><strong>quacunque</strong></span> 
     </span>
    </p>
   </div>
   <div class='ocr_carea' id='block_1_64' title="bbox 376 3847 1955 3918">
    <p class='ocr_par' dir='ltr' id='par_1_64' title="bbox 376 3847 1955 3918">
     <span class='ocr_line' id='line_1_64' title="bbox 376 3847 1955 3918; baseline -0.003 -12"><span class='ocrx_word' id='word_1_472' title='bbox 376 3852 663 3907; x_wconf 83' lang='lat' dir='ltr'><strong>hominum</strong></span> <span class='ocrx_word' id='word_1_473' title='bbox 696 3864 868 3916; x_wconf 84' lang='lat' dir='ltr'><strong>more,</strong></span> <span class='ocrx_word' id='word_1_474' title='bbox 915 3857 1074 3918; x_wconf 90' lang='lat' dir='ltr'><strong>prout</strong></span> <span class='ocrx_word' id='word_1_475' title='bbox 1106 3864 1192 3903; x_wconf 87' lang='lat' dir='ltr'><strong>res</strong></span> <span class='ocrx_word' id='word_1_476' title='bbox 1238 3847 1459 3911; x_wconf 83' lang='lat' dir='ltr'><strong>ferunt,</strong></span> <span class='ocrx_word' id='word_1_477' title='bbox 1495 3848 1563 3901; x_wconf 88' lang='lat' dir='ltr'><strong>ad</strong></span> <span class='ocrx_word' id='word_1_478' title='bbox 1606 3858 1824 3916; x_wconf 90' lang='lat' dir='ltr'><strong>captum</strong></span> <span class='ocrx_word' id='word_1_479' title='bbox 1856 3862 1955 3902; x_wconf 84' lang='lat' dir='ltr'><strong>no-</strong></span> 
     </span>
    </p>
   </div>
   <div class='ocr_carea' id='block_1_65' title="bbox 380 3940 1951 4013">
    <p class='ocr_par' dir='ltr' id='par_1_65' title="bbox 380 3940 1951 4013">
     <span class='ocr_line' id='line_1_65' title="bbox 380 3940 1951 4013; baseline -0.004 -12"><span class='ocrx_word' id='word_1_480' title='bbox 380 3960 580 4013; x_wconf 85' lang='lat' dir='ltr'><strong>strum,</strong></span> <span class='ocrx_word' id='word_1_481' title='bbox 613 3944 682 4000; x_wconf 91' lang='lat' dir='ltr'><strong>de</strong></span> <span class='ocrx_word' id='word_1_482' title='bbox 720 3944 853 4009; x_wconf 90' lang='lat' dir='ltr'><strong>Deo,</strong></span> <span class='ocrx_word' id='word_1_483' title='bbox 879 3952 934 3997; x_wconf 90' lang='lat' dir='ltr'><strong>et</strong></span> <span class='ocrx_word' id='word_1_484' title='bbox 978 3943 1249 4013; x_wconf 71' lang='lat' dir='ltr'><strong>praecipue</strong></span> <span class='ocrx_word' id='word_1_485' title='bbox 1295 3941 1363 3996; x_wconf 89' lang='lat' dir='ltr'><strong>de</strong></span> <span class='ocrx_word' id='word_1_486' title='bbox 1387 3940 1592 3995; x_wconf 89' lang='lat' dir='ltr'><strong>Christi</strong></span> <span class='ocrx_word' id='word_1_487' title='bbox 1621 3940 1951 4008; x_wconf 86' lang='lat' dir='ltr'><strong>oeconomia,</strong></span> 
     </span>
    </p>
   </div>
   <div class='ocr_carea' id='block_1_66' title="bbox 378 4021 1956 4107">
    <p class='ocr_par' dir='ltr' id='par_1_66' title="bbox 378 4021 1956 4107">
     <span class='ocr_line' id='line_1_66' title="bbox 378 4021 1956 4107; baseline -0.004 -14"><span class='ocrx_word' id='word_1_488' title='bbox 378 4039 682 4107; x_wconf 87' lang='lat' dir='ltr'><strong>salutisque</strong></span> <span class='ocrx_word' id='word_1_489' title='bbox 709 4045 914 4092; x_wconf 72' lang='lat' dir='ltr'><strong>nostrae</strong></span> <span class='ocrx_word' id='word_1_490' title='bbox 958 4035 1439 4090; x_wconf 87' lang='lat' dir='ltr'><strong>administratione</strong></span> <span class='ocrx_word' id='word_1_491' title='bbox 1476 4021 1627 4088; x_wconf 40' lang='lat' dir='ltr'><strong>&#39;dicta</strong></span> <span class='ocrx_word' id='word_1_492' title='bbox 1655 4042 1805 4100; x_wconf 91' lang='lat' dir='ltr'><strong>sunt,</strong></span> <span class='ocrx_word' id='word_1_493' title='bbox 1860 4034 1956 4088; x_wconf 90' lang='lat' dir='ltr'><strong>de-</strong></span> 
     </span>
    </p>
   </div>
   <div class='ocr_carea' id='block_1_67' title="bbox 279 4124 1952 4200">
    <p class='ocr_par' dir='ltr' id='par_1_67' title="bbox 279 4124 1952 4200">
     <span class='ocr_line' id='line_1_67' title="bbox 279 4124 1952 4200; baseline -0.004 -14"><span class='ocrx_word' id='word_1_494' title='bbox 279 4193 284 4199; x_wconf 34' lang='lat'><strong><em>.</em></strong></span> <span class='ocrx_word' id='word_1_495' title='bbox 376 4131 601 4200; x_wconf 88' lang='lat' dir='ltr'><strong>ccrpsit,</strong></span> <span class='ocrx_word' id='word_1_496' title='bbox 662 4140 719 4185; x_wconf 90' lang='lat' dir='ltr'><strong>et</strong></span> <span class='ocrx_word' id='word_1_497' title='bbox 773 4130 893 4200; x_wconf 88' lang='lat' dir='ltr'><strong>ejus</strong></span> <span class='ocrx_word' id='word_1_498' title='bbox 933 4127 1152 4198; x_wconf 80' lang='lat' dir='ltr'><strong>generis</strong></span> <span class='ocrx_word' id='word_1_499' title='bbox 1204 4126 1350 4181; x_wconf 88' lang='lat' dir='ltr'><strong>dicta</strong></span> <span class='ocrx_word' id='word_1_500' title='bbox 1404 4126 1653 4194; x_wconf 69' lang='lat' dir='ltr'><strong>quaedam</strong></span> <span class='ocrx_word' id='word_1_501' title='bbox 1710 4124 1952 4195; x_wconf 81' lang='lat' dir='ltr'><strong>collegit,</strong></span> 
     </span>
    </p>
   </div>
   <div class='ocr_carea' id='block_1_68' title="bbox 376 4216 1954 4286">
    <p class='ocr_par' dir='ltr' id='par_1_68' title="bbox 376 4216 1954 4286">
     <span class='ocr_line' id='line_1_68' title="bbox 376 4216 1954 4286; baseline -0.004 -10"><span class='ocrx_word' id='word_1_502' title='bbox 376 4222 579 4278; x_wconf 87' lang='lat' dir='ltr'><strong>deinde</strong></span> <span class='ocrx_word' id='word_1_503' title='bbox 632 4221 784 4276; x_wconf 90' lang='lat' dir='ltr'><strong>hisce</strong></span> <span class='ocrx_word' id='word_1_504' title='bbox 814 4217 998 4276; x_wconf 86' lang='lat' dir='ltr'><strong>verbis</strong></span> <span class='ocrx_word' id='word_1_505' title='bbox 1056 4219 1263 4273; x_wconf 75' lang='lat' dir='ltr'><strong>infert:</strong></span> <span class='ocrx_word' id='word_1_506' title='bbox 1327 4236 1346 4270; x_wconf 77' lang='grc' dir='ltr'><strong>ι</strong></span> <span class='ocrx_word' id='word_1_507' title='bbox 1390 4217 1596 4272; x_wconf 84' lang='lat' dir='ltr'><strong>[lorum</strong></span> <span class='ocrx_word' id='word_1_508' title='bbox 1629 4216 1794 4286; x_wconf 86' lang='lat' dir='ltr'><strong>igitur</strong></span> <span class='ocrx_word' id='word_1_509' title='bbox 1837 4231 1954 4271; x_wconf 90' lang='lat' dir='ltr'><strong>om-</strong></span> 
     </span>
    </p>
   </div>
   <div class='ocr_carea' id='block_1_69' title="bbox 374 4295 1956 4382">
    <p class='ocr_par' dir='ltr' id='par_1_69' title="bbox 374 4295 1956 4382">
     <span class='ocr_line' id='line_1_69' title="bbox 374 4295 1956 4382; baseline -0.004 -13"><span class='ocrx_word' id='word_1_510' title='bbox 374 4316 552 4379; x_wconf 89' lang='lat' dir='ltr'><strong>nium,</strong></span> <span class='ocrx_word' id='word_1_511' title='bbox 586 4314 694 4369; x_wconf 90' lang='lat' dir='ltr'><strong>nisi</strong></span> <span class='ocrx_word' id='word_1_512' title='bbox 731 4295 1165 4382; x_wconf 35' lang='lat' dir='ltr'><strong>ratio&#39;quaapiam</strong></span> <span class='ocrx_word' id='word_1_513' title='bbox 1197 4321 1303 4375; x_wconf 85' lang='lat' dir='ltr'><strong>est,</strong></span> <span class='ocrx_word' id='word_1_514' title='bbox 1331 4326 1586 4365; x_wconf 83' lang='lat' dir='ltr'><strong>arcanam</strong></span> <span class='ocrx_word' id='word_1_515' title='bbox 1609 4309 1869 4379; x_wconf 87' lang='lat' dir='ltr'><strong>aliquam,</strong></span> <span class='ocrx_word' id='word_1_516' title='bbox 1894 4318 1956 4363; x_wconf 90' lang='lat' dir='ltr'><strong>ut</strong></span> 
     </span>
    </p>
   </div>
   <div class='ocr_carea' id='block_1_70' title="bbox 276 4401 1951 4478">
    <p class='ocr_par' dir='ltr' id='par_1_70' title="bbox 276 4401 1951 4478">
     <span class='ocr_line' id='line_1_70' title="bbox 276 4401 1951 4478; baseline -0.003 -18"><span class='ocrx_word' id='word_1_517' title='bbox 276 4472 283 4475; x_wconf 95' lang='lat'>_</span> <span class='ocrx_word' id='word_1_518' title='bbox 373 4424 476 4478; x_wconf 80' lang='lat' dir='ltr'><strong>ego</strong></span> <span class='ocrx_word' id='word_1_519' title='bbox 508 4417 664 4477; x_wconf 87' lang='lat' dir='ltr'><strong>puto,</strong></span> <span class='ocrx_word' id='word_1_520' title='bbox 721 4405 1243 4474; x_wconf 86' lang='lat' dir='ltr'><strong>contemplationem</strong></span> <span class='ocrx_word' id='word_1_521' title='bbox 1288 4404 1535 4468; x_wconf 89' lang='lat' dir='ltr'><strong>habens,</strong></span> <span class='ocrx_word' id='word_1_522' title='bbox 1588 4404 1789 4458; x_wconf 88' lang='lat' dir='ltr'><strong>multas</strong></span> <span class='ocrx_word' id='word_1_523' title='bbox 1823 4401 1951 4456; x_wconf 88' lang='lat' dir='ltr'><strong>libri</strong></span> 
     </span>
    </p>
   </div>
   <div class='ocr_carea' id='block_1_71' title="bbox 2060 3203 3620 3278">
    <p class='ocr_par' dir='ltr' id='par_1_71' title="bbox 2060 3203 3620 3278">
     <span class='ocr_line' id='line_1_71' title="bbox 2060 3203 3620 3278; baseline 0.003 -21"><span class='ocrx_word' id='word_1_524' title='bbox 2060 3204 2295 3274; x_wconf 80' lang='grc' dir='ltr'>γράφειν</span> <span class='ocrx_word' id='word_1_525' title='bbox 2331 3203 2667 3270; x_wconf 81' lang='grc' dir='ltr'>ἑξεκυλίετο.</span> <span class='ocrx_word' id='word_1_526' title='bbox 2696 3206 2823 3261; x_wconf 84' lang='grc' dir='ltr'>Ὅτι</span> <span class='ocrx_word' id='word_1_527' title='bbox 2878 3207 2936 3261; x_wconf 79' lang='grc' dir='ltr'>δὲ</span> <span class='ocrx_word' id='word_1_528' title='bbox 2994 3208 3224 3278; x_wconf 69' lang='grc' dir='ltr'>σκῶψαι</span> <span class='ocrx_word' id='word_1_529' title='bbox 3284 3209 3378 3263; x_wconf 81' lang='grc' dir='ltr'>διὰ</span> <span class='ocrx_word' id='word_1_530' title='bbox 3411 3208 3620 3278; x_wconf 75' lang='grc' dir='ltr'>σπουδῆς</span> 
     </span>
    </p>
   </div>
   <div class='ocr_carea' id='block_1_72' title="bbox 2060 3294 3622 3372">
    <p class='ocr_par' dir='ltr' id='par_1_72' title="bbox 2060 3294 3622 3372">
     <span class='ocr_line' id='line_1_72' title="bbox 2060 3294 3622 3372; baseline 0.001 -23"><span class='ocrx_word' id='word_1_531' title='bbox 2060 3296 2214 3350; x_wconf 70' lang='grc' dir='ltr'>ἔθετο</span> <span class='ocrx_word' id='word_1_532' title='bbox 2244 3294 2556 3364; x_wconf 79' lang='grc' dir='ltr'>Ἰουλιανὸς,</span> <span class='ocrx_word' id='word_1_533' title='bbox 2588 3299 2649 3352; x_wconf 84' lang='grc' dir='ltr'><strong>ού</strong></span> <span class='ocrx_word' id='word_1_534' title='bbox 2682 3299 2820 3369; x_wconf 82' lang='grc' dir='ltr'>πρὸς</span> <span class='ocrx_word' id='word_1_535' title='bbox 2842 3299 2972 3363; x_wconf 76' lang='grc' dir='ltr'>τοὺς</span> <span class='ocrx_word' id='word_1_536' title='bbox 3003 3300 3102 3371; x_wconf 75' lang='grc' dir='ltr'>τὴν</span> <span class='ocrx_word' id='word_1_537' title='bbox 3133 3299 3328 3372; x_wconf 78' lang='grc' dir='ltr'>άληθῆ</span> <span class='ocrx_word' id='word_1_538' title='bbox 3361 3303 3622 3370; x_wconf 74' lang='grc' dir='ltr'>μόρφωσιν</span> 
     </span>
    </p>
   </div>
   <div class='ocr_carea' id='block_1_73' title="bbox 2058 3386 3625 3464">
    <p class='ocr_par' dir='ltr' id='par_1_73' title="bbox 2058 3386 3625 3464">
     <span class='ocr_line' id='line_1_73' title="bbox 2058 3386 3625 3464; baseline 0.001 -23"><span class='ocrx_word' id='word_1_539' title='bbox 2058 3386 2158 3457; x_wconf 82' lang='grc' dir='ltr'>τῆς</span> <span class='ocrx_word' id='word_1_540' title='bbox 2188 3386 2472 3451; x_wconf 84' lang='grc' dir='ltr'>εὐσεϐείας</span> <span class='ocrx_word' id='word_1_541' title='bbox 2499 3391 2951 3461; x_wconf 78' lang='grc' dir='ltr'>περικειμένους,</span> <span class='ocrx_word' id='word_1_542' title='bbox 2984 3391 3123 3444; x_wconf 78' lang='grc' dir='ltr'>ἀλλὰ</span> <span class='ocrx_word' id='word_1_543' title='bbox 3154 3389 3306 3464; x_wconf 75' lang='grc' dir='ltr'>πρὸς</span> <span class='ocrx_word' id='word_1_544' title='bbox 3353 3391 3477 3454; x_wconf 77' lang='grc' dir='ltr'>τοὺς</span> <span class='ocrx_word' id='word_1_545' title='bbox 3507 3391 3625 3445; x_wconf 73' lang='grc' dir='ltr'>ἰδιώ-</span> 
     </span>
    </p>
   </div>
   <div class='ocr_carea' id='block_1_74' title="bbox 2059 3479 3626 3555">
    <p class='ocr_par' dir='ltr' id='par_1_74' title="bbox 2059 3479 3626 3555">
     <span class='ocr_line' id='line_1_74' title="bbox 2059 3479 3626 3555; baseline 0 -22"><span class='ocrx_word' id='word_1_546' title='bbox 2059 3495 2159 3544; x_wconf 86' lang='grc' dir='ltr'><strong>τας</strong></span> <span class='ocrx_word' id='word_1_547' title='bbox 2193 3480 2289 3535; x_wconf 81' lang='grc' dir='ltr'>καὶ</span> <span class='ocrx_word' id='word_1_548' title='bbox 2333 3479 2709 3553; x_wconf 78' lang='grc' dir='ltr'>ἁπλούστερον</span> <span class='ocrx_word' id='word_1_549' title='bbox 2767 3481 3174 3554; x_wconf 84' lang='grc' dir='ltr'>διακειμένους,</span> <span class='ocrx_word' id='word_1_550' title='bbox 3222 3482 3396 3555; x_wconf 85' lang='grc' dir='ltr'>δῆλον</span> <span class='ocrx_word' id='word_1_551' title='bbox 3440 3484 3626 3536; x_wconf 76' lang='grc' dir='ltr'>ἐκεῖθέν</span> 
     </span>
    </p>
   </div>
   <div class='ocr_carea' id='block_1_75' title="bbox 2058 3571 3626 3646">
    <p class='ocr_par' dir='ltr' id='par_1_75' title="bbox 2058 3571 3626 3646">
     <span class='ocr_line' id='line_1_75' title="bbox 2058 3571 3626 3646; baseline -0.001 -21"><span class='ocrx_word' id='word_1_552' title='bbox 2058 3571 2198 3628; x_wconf 63' lang='grc' dir='ltr'>ἔστι.</span> <span class='ocrx_word' id='word_1_553' title='bbox 2234 3571 2378 3628; x_wconf 87' lang='grc' dir='ltr'>Ὅσα</span> <span class='ocrx_word' id='word_1_554' title='bbox 2414 3572 2526 3645; x_wconf 82' lang='grc' dir='ltr'>γὰρ</span> <span class='ocrx_word' id='word_1_555' title='bbox 2575 3573 2675 3645; x_wconf 81' lang='grc' dir='ltr'>τῆς</span> <span class='ocrx_word' id='word_1_556' title='bbox 2702 3573 2927 3646; x_wconf 77' lang='grc' dir='ltr'>Γραφῆς</span> <span class='ocrx_word' id='word_1_557' title='bbox 2956 3573 3342 3645; x_wconf 88' lang='grc' dir='ltr'>οίκονομικῶς</span> <span class='ocrx_word' id='word_1_558' title='bbox 3377 3574 3626 3645; x_wconf 83' lang='grc' dir='ltr'>ἀνθρω;.ι-</span> 
     </span>
    </p>
   </div>
   <div class='ocr_carea' id='block_1_76' title="bbox 2057 3662 3627 3737">
    <p class='ocr_par' dir='ltr' id='par_1_76' title="bbox 2057 3662 3627 3737">
     <span class='ocr_line' id='line_1_76' title="bbox 2057 3662 3627 3737; baseline 0.001 -21"><span class='ocrx_word' id='word_1_559' title='bbox 2057 3662 2198 3716; x_wconf 84' lang='grc' dir='ltr'>κώτε</span> <span class='ocrx_word' id='word_1_560' title='bbox 2206 3679 2302 3734; x_wconf 91' lang='grc' dir='ltr'><strong>ρον</strong></span> <span class='ocrx_word' id='word_1_561' title='bbox 2322 3664 2609 3730; x_wconf 68' lang='grc' dir='ltr'>τέτακται,</span> <span class='ocrx_word' id='word_1_562' title='bbox 2628 3665 3017 3737; x_wconf 79' lang='grc' dir='ltr'>ὲκλαὸόμενος,</span> <span class='ocrx_word' id='word_1_563' title='bbox 3048 3668 3143 3721; x_wconf 70' lang='grc' dir='ltr'>καὶ</span> <span class='ocrx_word' id='word_1_564' title='bbox 3172 3668 3423 3722; x_wconf 78' lang='grc' dir='ltr'>τοιαῦτα</span> <span class='ocrx_word' id='word_1_565' title='bbox 3443 3667 3503 3735; x_wconf 79' lang='grc' dir='ltr'>δή</span> <span class='ocrx_word' id='word_1_566' title='bbox 3525 3680 3627 3717; x_wconf 77' lang='grc' dir='ltr'>τινα</span> 
     </span>
    </p>
   </div>
   <div class='ocr_carea' id='block_1_77' title="bbox 2059 3754 3624 3826">
    <p class='ocr_par' dir='ltr' id='par_1_77' title="bbox 2059 3754 3624 3826">
     <span class='ocr_line' id='line_1_77' title="bbox 2059 3754 3624 3826; baseline 0 -20"><span class='ocrx_word' id='word_1_567' title='bbox 2059 3754 2432 3825; x_wconf 79' lang='grc' dir='ltr'>ὲπισυνείρας,</span> <span class='ocrx_word' id='word_1_568' title='bbox 2484 3757 2680 3809; x_wconf 79' lang='grc' dir='ltr'>ἔπειτα</span> <span class='ocrx_word' id='word_1_569' title='bbox 2730 3755 3006 3826; x_wconf 73' lang='grc' dir='ltr'>ἐπιφέρει,</span> <span class='ocrx_word' id='word_1_570' title='bbox 3066 3758 3255 3825; x_wconf 82' lang='grc' dir='ltr'>λέγων</span> <span class='ocrx_word' id='word_1_571' title='bbox 3298 3758 3398 3810; x_wconf 65' lang='grc' dir='ltr'><strong>ἐπὶ</strong></span> <span class='ocrx_word' id='word_1_572' title='bbox 3448 3755 3624 3819; x_wconf 79' lang='grc' dir='ltr'>λέξεως</span> 
     </span>
    </p>
   </div>
   <div class='ocr_carea' id='block_1_78' title="bbox 2057 3840 3627 3920">
    <p class='ocr_par' dir='ltr' id='par_1_78' title="bbox 2057 3840 3627 3920">
     <span class='ocr_line' id='line_1_78' title="bbox 2057 3840 3627 3920; baseline 0.001 -24"><span class='ocrx_word' id='word_1_573' title='bbox 2057 3840 2230 3906; x_wconf 77' lang='grc' dir='ltr'>οὕτως</span> <span class='ocrx_word' id='word_1_574' title='bbox 2256 3860 2269 3875; x_wconf 90' lang='grc'><strong>·</strong></span> <span class='ocrx_word' id='word_1_575' title='bbox 2305 3863 2325 3897; x_wconf 73' lang='grc' dir='ltr'><strong>ι</strong></span> <span class='ocrx_word' id='word_1_576' title='bbox 2359 3843 2581 3899; x_wconf 79' lang='grc' dir='ltr'>Τούτων</span> <span class='ocrx_word' id='word_1_577' title='bbox 2613 3845 2796 3900; x_wconf 87' lang='grc' dir='ltr'>τοίνυν</span> <span class='ocrx_word' id='word_1_578' title='bbox 2826 3845 3079 3912; x_wconf 72' lang='grc' dir='ltr'>ἕκαστον,</span> <span class='ocrx_word' id='word_1_579' title='bbox 3113 3848 3161 3900; x_wconf 85' lang='grc' dir='ltr'><strong>εί</strong></span> <span class='ocrx_word' id='word_1_580' title='bbox 3202 3846 3288 3920; x_wconf 79' lang='grc' dir='ltr'>μὴ</span> <span class='ocrx_word' id='word_1_581' title='bbox 3316 3848 3479 3915; x_wconf 73' lang='grc' dir='ltr'>λόγος</span> <span class='ocrx_word' id='word_1_582' title='bbox 3500 3846 3627 3900; x_wconf 72' lang='grc' dir='ltr'>ἐστὶν</span> 
     </span>
    </p>
   </div>
   <div class='ocr_carea' id='block_1_79' title="bbox 2056 3935 3623 4009">
    <p class='ocr_par' dir='ltr' id='par_1_79' title="bbox 2056 3935 3623 4009">
     <span class='ocr_line' id='line_1_79' title="bbox 2056 3935 3623 4009; baseline 0 -21"><span class='ocrx_word' id='word_1_583' title='bbox 2056 3935 2371 4007; x_wconf 76' lang='grc' dir='ltr'>ἀπόρρητον</span> <span class='ocrx_word' id='word_1_584' title='bbox 2398 3935 2539 4007; x_wconf 76' lang='grc' dir='ltr'>ἔχων</span> <span class='ocrx_word' id='word_1_585' title='bbox 2581 3940 2704 3993; x_wconf 81' lang='grc' dir='ltr'>τινὰ</span> <span class='ocrx_word' id='word_1_586' title='bbox 2739 3936 2998 4009; x_wconf 83' lang='grc' dir='ltr'>θεωρίαν,</span> <span class='ocrx_word' id='word_1_587' title='bbox 3029 3940 3166 4009; x_wconf 84' lang='grc' dir='ltr'>ὅπερ</span> <span class='ocrx_word' id='word_1_588' title='bbox 3208 3939 3330 4008; x_wconf 76' lang='grc' dir='ltr'><strong>ἐγὼ</strong></span> <span class='ocrx_word' id='word_1_589' title='bbox 3357 3939 3623 4007; x_wconf 84' lang='grc' dir='ltr'>νενόμικα,</span> 
     </span>
    </p>
   </div>
   <div class='ocr_carea' id='block_1_80' title="bbox 2057 4027 3630 4107">
    <p class='ocr_par' dir='ltr' id='par_1_80' title="bbox 2057 4027 3630 4107">
     <span class='ocr_line' id='line_1_80' title="bbox 2057 4027 3630 4107; baseline 0.003 -26"><span class='ocrx_word' id='word_1_590' title='bbox 2057 4027 2261 4098; x_wconf 82' lang='grc' dir='ltr'>πολλῆς</span> <span class='ocrx_word' id='word_1_591' title='bbox 2303 4029 2570 4107; x_wconf 72' lang='grc' dir='ltr'>γέμουσιν</span> <span class='ocrx_word' id='word_1_592' title='bbox 2610 4030 2660 4083; x_wconf 72' lang='lat' dir='ltr'><strong>ei</strong></span> <span class='ocrx_word' id='word_1_593' title='bbox 2707 4029 2859 4099; x_wconf 85' lang='grc' dir='ltr'>λόγοι</span> <span class='ocrx_word' id='word_1_594' title='bbox 2888 4031 3024 4103; x_wconf 68' lang='lat' dir='ltr'><strong>napi.</strong></span> <span class='ocrx_word' id='word_1_595' title='bbox 3063 4031 3157 4084; x_wconf 86' lang='grc' dir='ltr'>τοῦ</span> <span class='ocrx_word' id='word_1_596' title='bbox 3194 4032 3351 4086; x_wconf 76' lang='grc' dir='ltr'>θεοῦ</span> <span class='ocrx_word' id='word_1_597' title='bbox 3400 4031 3630 4102; x_wconf 68' lang='grc' dir='ltr'>βλασςηο</span> 
     </span>
    </p>
   </div>
   <div class='ocr_carea' id='block_1_81' title="bbox 2059 4121 3627 4196">
    <p class='ocr_par' dir='ltr' id='par_1_81' title="bbox 2059 4121 3627 4196">
     <span class='ocr_line' id='line_1_81' title="bbox 2059 4121 3627 4196; baseline 0.001 -23"><span class='ocrx_word' id='word_1_598' title='bbox 2059 4121 2209 4192; x_wconf 86' lang='grc' dir='ltr'>μίας.</span> <span class='ocrx_word' id='word_1_599' title='bbox 2251 4141 2270 4175; x_wconf 74' lang='grc' dir='ltr'><strong>ι</strong></span> <span class='ocrx_word' id='word_1_600' title='bbox 2320 4123 2489 4176; x_wconf 72' lang='grc' dir='ltr'>Ταυτὶ</span> <span class='ocrx_word' id='word_1_601' title='bbox 2541 4122 2642 4193; x_wconf 68' lang='grc' dir='ltr'>μὲν</span> <span class='ocrx_word' id='word_1_602' title='bbox 2697 4125 2757 4177; x_wconf 83' lang='grc' dir='ltr'>ὲν</span> <span class='ocrx_word' id='word_1_603' title='bbox 2800 4123 2877 4195; x_wconf 82' lang='grc' dir='ltr'><strong>τῷ</strong></span> <span class='ocrx_word' id='word_1_604' title='bbox 2910 4124 3080 4196; x_wconf 84' lang='grc' dir='ltr'>τρίτῳ</span> <span class='ocrx_word' id='word_1_605' title='bbox 3111 4125 3292 4179; x_wconf 79' lang='grc' dir='ltr'>αὑτοῦ</span> <span class='ocrx_word' id='word_1_606' title='bbox 3326 4124 3473 4179; x_wconf 82' lang='grc' dir='ltr'><strong>κατά</strong></span> <span class='ocrx_word' id='word_1_607' title='bbox 3513 4122 3627 4194; x_wconf 80' lang='grc' dir='ltr'>Χρι-</span> 
     </span>
    </p>
   </div>
   <div class='ocr_carea' id='block_1_82' title="bbox 2059 4212 3630 4288">
    <p class='ocr_par' dir='ltr' id='par_1_82' title="bbox 2059 4212 3630 4288">
     <span class='ocr_line' id='line_1_82' title="bbox 2059 4212 3630 4288; baseline 0.001 -21"><span class='ocrx_word' id='word_1_608' title='bbox 2059 4212 2292 4267; x_wconf 76' lang='grc' dir='ltr'>στιανῶν</span> <span class='ocrx_word' id='word_1_609' title='bbox 2325 4213 2517 4284; x_wconf 82' lang='grc' dir='ltr'>βιόλίῳ</span> <span class='ocrx_word' id='word_1_610' title='bbox 2566 4213 2822 4282; x_wconf 81' lang='grc' dir='ltr'>διέξεισιν</span> <span class='ocrx_word' id='word_1_611' title='bbox 2848 4231 2862 4246; x_wconf 91' lang='grc'><strong>·</strong></span> <span class='ocrx_word' id='word_1_612' title='bbox 2896 4216 2955 4270; x_wconf 79' lang='grc' dir='ltr'>ὲν</span> <span class='ocrx_word' id='word_1_613' title='bbox 2989 4217 3047 4270; x_wconf 77' lang='grc' dir='ltr'>δὲ</span> <span class='ocrx_word' id='word_1_614' title='bbox 3083 4216 3163 4288; x_wconf 83' lang='grc' dir='ltr'><strong>τῷ</strong></span> <span class='ocrx_word' id='word_1_615' title='bbox 3196 4217 3356 4288; x_wconf 82' lang='grc' dir='ltr'>λόγῳ</span> <span class='ocrx_word' id='word_1_616' title='bbox 3403 4217 3463 4273; x_wconf 85' lang='grc' dir='ltr'>ὃν</span> <span class='ocrx_word' id='word_1_617' title='bbox 3508 4215 3630 4283; x_wconf 79' lang='grc' dir='ltr'>Περὶ</span> 
     </span>
    </p>
   </div>
   <div class='ocr_carea' id='block_1_83' title="bbox 2057 4304 3631 4376">
    <p class='ocr_par' dir='ltr' id='par_1_83' title="bbox 2057 4304 3631 4376">
     <span class='ocr_line' id='line_1_83' title="bbox 2057 4304 3631 4376; baseline -0.001 -19"><span class='ocrx_word' id='word_1_618' title='bbox 2057 4304 2363 4374; x_wconf 80' lang='grc' dir='ltr'>κυνισμοῦ</span> <span class='ocrx_word' id='word_1_619' title='bbox 2395 4306 2723 4376; x_wconf 74' lang='grc' dir='ltr'>ἐπιγράφει,</span> <span class='ocrx_word' id='word_1_620' title='bbox 2745 4305 3053 4376; x_wconf 83' lang='grc' dir='ltr'>φιλοσοφῶν</span> <span class='ocrx_word' id='word_1_621' title='bbox 3081 4310 3238 4371; x_wconf 73' lang='grc' dir='ltr'>ὅπως</span> <span class='ocrx_word' id='word_1_622' title='bbox 3272 4308 3363 4360; x_wconf 85' lang='grc' dir='ltr'><strong>δεῖ</strong></span> <span class='ocrx_word' id='word_1_623' title='bbox 3391 4307 3631 4361; x_wconf 81' lang='grc' dir='ltr'>πλάττειν</span> 
     </span>
    </p>
   </div>
   <div class='ocr_carea' id='block_1_84' title="bbox 2059 4395 3635 4472">
    <p class='ocr_par' dir='ltr' id='par_1_84' title="bbox 2059 4395 3635 4472">
     <span class='ocr_line' id='line_1_84' title="bbox 2059 4395 3635 4472; baseline 0.001 -24"><span class='ocrx_word' id='word_1_624' title='bbox 2059 4400 2187 4461; x_wconf 72' lang='grc' dir='ltr'>τοὺς</span> <span class='ocrx_word' id='word_1_625' title='bbox 2220 4398 2429 4467; x_wconf 78' lang='grc' dir='ltr'>μύθους</span> <span class='ocrx_word' id='word_1_626' title='bbox 2463 4400 2590 4462; x_wconf 74' lang='grc' dir='ltr'>τοὺς</span> <span class='ocrx_word' id='word_1_627' title='bbox 2650 4399 2841 4470; x_wconf 81' lang='grc' dir='ltr'>ἱερεῖς,</span> <span class='ocrx_word' id='word_1_628' title='bbox 2894 4400 2991 4454; x_wconf 83' lang='grc' dir='ltr'>καὶ</span> <span class='ocrx_word' id='word_1_629' title='bbox 3016 4401 3198 4454; x_wconf 77' lang='grc' dir='ltr'>ταῦτά</span> <span class='ocrx_word' id='word_1_630' title='bbox 3260 4413 3476 4472; x_wconf 80' lang='grc' dir='ltr'>φησιν·</span> <span class='ocrx_word' id='word_1_631' title='bbox 3514 4415 3531 4449; x_wconf 81' lang='grc' dir='ltr'><strong>ι</strong></span> <span class='ocrx_word' id='word_1_632' title='bbox 3557 4395 3635 4448; x_wconf 84' lang='grc' dir='ltr'><strong>Δεῐ</strong></span> 
     </span>
    </p>
   </div>
   <div class='ocr_carea' id='block_1_85' title="bbox 373 4488 1959 4563">
    <p class='ocr_par' dir='ltr' id='par_1_85' title="bbox 373 4491 1949 4563">
     <span class='ocr_line' id='line_1_85' title="bbox 373 4491 1949 4563; baseline -0.004 -12"><span class='ocrx_word' id='word_1_633' title='bbox 373 4496 465 4551; x_wconf 83' lang='lat' dir='ltr'><strong>isti</strong></span> <span class='ocrx_word' id='word_1_634' title='bbox 499 4497 566 4550; x_wconf 87' lang='lat' dir='ltr'><strong>de</strong></span> <span class='ocrx_word' id='word_1_635' title='bbox 605 4497 713 4549; x_wconf 90' lang='lat' dir='ltr'><strong>Deo</strong></span> <span class='ocrx_word' id='word_1_636' title='bbox 761 4494 1047 4548; x_wconf 84' lang='lat' dir='ltr'><strong>continent</strong></span> <span class='ocrx_word' id='word_1_637' title='bbox 1092 4492 1482 4560; x_wconf 79' lang='lat' dir='ltr'><strong>blasphemias.</strong></span> <span class='ocrx_word' id='word_1_638' title='bbox 1520 4513 1539 4546; x_wconf 74' lang='grc' dir='ltr'><strong>ι</strong></span> <span class='ocrx_word' id='word_1_639' title='bbox 1570 4493 1695 4548; x_wconf 76' lang='lat' dir='ltr'><strong>Haec</strong></span> <span class='ocrx_word' id='word_1_640' title='bbox 1725 4491 1949 4563; x_wconf 90' lang='lat' dir='ltr'><strong>quidem</strong></span> 
     </span>
    </p>
   </div>
   <div class='ocr_carea' id='block_1_86' title="bbox 2069 4488 3633 4563">
    <p class='ocr_par' dir='ltr' id='par_1_86' title="bbox 2069 4488 3633 4562">
     <span class='ocr_line' id='line_1_86' title="bbox 2069 4488 3633 4562; baseline -0.001 -20"><span class='ocrx_word' id='word_1_641' title='bbox 2069 4490 2324 4560; x_wconf 70' lang='lat' dir='ltr'><strong>&lt;pdmew</strong></span> <span class='ocrx_word' id='word_1_642' title='bbox 2357 4491 2454 4561; x_wconf 77' lang='grc' dir='ltr'>τὴν</span> <span class='ocrx_word' id='word_1_643' title='bbox 2504 4494 2632 4562; x_wconf 71' lang='grc' dir='ltr'>περὶ</span> <span class='ocrx_word' id='word_1_644' title='bbox 2683 4492 2791 4545; x_wconf 83' lang='grc' dir='ltr'><strong>τῶν</strong></span> <span class='ocrx_word' id='word_1_645' title='bbox 2852 4491 3117 4547; x_wconf 87' lang='grc' dir='ltr'>τοιούτων</span> <span class='ocrx_word' id='word_1_646' title='bbox 3158 4492 3475 4562; x_wconf 81' lang='grc' dir='ltr'>ἀλήθειαν·</span> <span class='ocrx_word' id='word_1_647' title='bbox 3505 4488 3633 4558; x_wconf 75' lang='grc' dir='ltr'>φιλεῖ</span> 
     </span>
    </p>
   </div>
   <div class='ocr_carea' id='block_1_87' title="bbox 371 4583 1949 4640">
    <p class='ocr_par' dir='ltr' id='par_1_87' title="bbox 371 4583 1949 4640">
     <span class='ocr_line' id='line_1_87' title="bbox 371 4583 1949 4640; baseline -0.001 0"><span class='ocrx_word' id='word_1_648' title='bbox 371 4589 430 4640; x_wconf 79' lang='lat' dir='ltr'><strong>in</strong></span> <span class='ocrx_word' id='word_1_649' title='bbox 455 4587 620 4640; x_wconf 88' lang='lat' dir='ltr'><strong>tertio</strong></span> <span class='ocrx_word' id='word_1_650' title='bbox 655 4600 756 4640; x_wconf 88' lang='lat' dir='ltr'><strong>suo</strong></span> <span class='ocrx_word' id='word_1_651' title='bbox 786 4584 984 4639; x_wconf 76' lang='lat' dir='ltr'><strong>Contra</strong></span> <span class='ocrx_word' id='word_1_652' title='bbox 1021 4583 1349 4637; x_wconf 79' lang='lat' dir='ltr'><strong>Christianos</strong></span> <span class='ocrx_word' id='word_1_653' title='bbox 1395 4583 1536 4639; x_wconf 86' lang='lat' dir='ltr'><strong>libro</strong></span> <span class='ocrx_word' id='word_1_654' title='bbox 1567 4583 1734 4638; x_wconf 85' lang='lat' dir='ltr'><strong>refert</strong></span> <span class='ocrx_word' id='word_1_655' title='bbox 1765 4583 1855 4636; x_wconf 81' lang='lat' dir='ltr'><strong>:ln</strong></span> <span class='ocrx_word' id='word_1_656' title='bbox 1883 4598 1949 4639; x_wconf 88' lang='lat' dir='ltr'><strong>eo</strong></span> 
     </span>
    </p>
   </div>
   <div class='ocr_carea' id='block_1_88' title="bbox 371 4675 1950 4747">
    <p class='ocr_par' dir='ltr' id='par_1_88' title="bbox 371 4675 1950 4747">
     <span class='ocr_line' id='line_1_88' title="bbox 371 4675 1950 4747; baseline -0.001 -13"><span class='ocrx_word' id='word_1_657' title='bbox 371 4691 557 4734; x_wconf 68' lang='lat' dir='ltr'><strong>autem</strong></span> <span class='ocrx_word' id='word_1_658' title='bbox 589 4678 731 4732; x_wconf 90' lang='lat' dir='ltr'><strong>libro</strong></span> <span class='ocrx_word' id='word_1_659' title='bbox 772 4692 934 4745; x_wconf 83' lang='lat' dir='ltr'><strong>quem</strong></span> <span class='ocrx_word' id='word_1_660' title='bbox 969 4675 1047 4730; x_wconf 79' lang='lat' dir='ltr'><strong>De</strong></span> <span class='ocrx_word' id='word_1_661' title='bbox 1097 4676 1399 4747; x_wconf 78' lang='lat' dir='ltr'><strong>Cynicismo</strong></span> <span class='ocrx_word' id='word_1_662' title='bbox 1448 4676 1751 4747; x_wconf 86' lang='lat' dir='ltr'><strong>inscripsit,</strong></span> <span class='ocrx_word' id='word_1_663' title='bbox 1812 4694 1950 4747; x_wconf 85' lang='lat' dir='ltr'><strong>quo-</strong></span> 
     </span>
    </p>
   </div>
   <div class='ocr_carea' id='block_1_89' title="bbox 374 4768 1947 4839">
    <p class='ocr_par' dir='ltr' id='par_1_89' title="bbox 374 4768 1947 4839">
     <span class='ocr_line' id='line_1_89' title="bbox 374 4768 1947 4839; baseline 0 -14"><span class='ocrx_word' id='word_1_664' title='bbox 374 4770 541 4826; x_wconf 87' lang='lat' dir='ltr'><strong>modo</strong></span> <span class='ocrx_word' id='word_1_665' title='bbox 593 4769 885 4824; x_wconf 83' lang='lat' dir='ltr'><strong>conveniat</strong></span> <span class='ocrx_word' id='word_1_666' title='bbox 936 4784 1122 4823; x_wconf 86' lang='lat' dir='ltr'><strong>sacras</strong></span> <span class='ocrx_word' id='word_1_667' title='bbox 1153 4769 1355 4839; x_wconf 77' lang='lat' dir='ltr'><strong>lingere</strong></span> <span class='ocrx_word' id='word_1_668' title='bbox 1382 4768 1597 4823; x_wconf 77' lang='lat' dir='ltr'><strong>fabulas</strong></span> <span class='ocrx_word' id='word_1_669' title='bbox 1644 4770 1947 4836; x_wconf 87' lang='lat' dir='ltr'><strong>disserens,</strong></span> 
     </span>
    </p>
   </div>
   <div class='ocr_carea' id='block_1_90' title="bbox 376 4861 1946 4932">
    <p class='ocr_par' dir='ltr' id='par_1_90' title="bbox 376 4861 1946 4932">
     <span class='ocr_line' id='line_1_90' title="bbox 376 4861 1946 4932; baseline 0 -15"><span class='ocrx_word' id='word_1_670' title='bbox 376 4865 491 4919; x_wconf 73' lang='lat' dir='ltr'><strong>lucc</strong></span> <span class='ocrx_word' id='word_1_671' title='bbox 518 4863 753 4918; x_wconf 88' lang='lat' dir='ltr'><strong>scribit:</strong></span> <span class='ocrx_word' id='word_1_672' title='bbox 793 4880 810 4913; x_wconf 80' lang='grc' dir='ltr'><strong>ι</strong></span> <span class='ocrx_word' id='word_1_673' title='bbox 846 4862 919 4916; x_wconf 86' lang='lat' dir='ltr'><strong>De</strong></span> <span class='ocrx_word' id='word_1_674' title='bbox 949 4861 1114 4916; x_wconf 89' lang='lat' dir='ltr'><strong>rebus</strong></span> <span class='ocrx_word' id='word_1_675' title='bbox 1145 4861 1483 4932; x_wconf 86' lang='lat' dir='ltr'><strong>ejuscemodi</strong></span> <span class='ocrx_word' id='word_1_676' title='bbox 1525 4862 1808 4916; x_wconf 85' lang='lat' dir='ltr'><strong>veritatem</strong></span> <span class='ocrx_word' id='word_1_677' title='bbox 1852 4878 1946 4917; x_wconf 92' lang='lat' dir='ltr'><strong>oc-</strong></span> 
     </span>
    </p>
   </div>
   <div class='ocr_carea' id='block_1_91' title="bbox 374 4948 1950 5025">
    <p class='ocr_par' dir='ltr' id='par_1_91' title="bbox 374 4948 1950 5025">
     <span class='ocr_line' id='line_1_91' title="bbox 374 4948 1950 5025; baseline -0.003 -13"><span class='ocrx_word' id='word_1_678' title='bbox 374 4948 574 5012; x_wconf 79' lang='lat' dir='ltr'><strong>cultari</strong></span> <span class='ocrx_word' id='word_1_679' title='bbox 631 4964 893 5025; x_wconf 90' lang='lat' dir='ltr'><strong>oportet,</strong></span> <span class='ocrx_word' id='word_1_680' title='bbox 935 4956 1052 5009; x_wconf 90' lang='lat' dir='ltr'><strong>vult</strong></span> <span class='ocrx_word' id='word_1_681' title='bbox 1104 4957 1255 5009; x_wconf 88' lang='lat' dir='ltr'><strong>enim</strong></span> <span class='ocrx_word' id='word_1_682' title='bbox 1301 4961 1499 5007; x_wconf 87' lang='lat' dir='ltr'><strong>natura</strong></span> <span class='ocrx_word' id='word_1_683' title='bbox 1548 4954 1836 5020; x_wconf 87' lang='lat' dir='ltr'><strong>occultari,</strong></span> <span class='ocrx_word' id='word_1_684' title='bbox 1896 4963 1950 5007; x_wconf 88' lang='lat' dir='ltr'><strong>ct</strong></span> 
     </span>
    </p>
   </div>
   <div class='ocr_carea' id='block_1_92' title="bbox 370 5046 1947 5121">
    <p class='ocr_par' dir='ltr' id='par_1_92' title="bbox 370 5046 1947 5121">
     <span class='ocr_line' id='line_1_92' title="bbox 370 5046 1947 5121; baseline -0.003 -17"><span class='ocrx_word' id='word_1_685' title='bbox 370 5049 522 5121; x_wconf 88' lang='lat' dir='ltr'><strong>quod</strong></span> <span class='ocrx_word' id='word_1_686' title='bbox 548 5048 616 5105; x_wconf 88' lang='lat' dir='ltr'><strong>de</strong></span> <span class='ocrx_word' id='word_1_687' title='bbox 645 5049 872 5105; x_wconf 88' lang='lat' dir='ltr'><strong>deorum</strong></span> <span class='ocrx_word' id='word_1_688' title='bbox 908 5048 1147 5105; x_wconf 89' lang='lat' dir='ltr'><strong>essentia</strong></span> <span class='ocrx_word' id='word_1_689' title='bbox 1173 5048 1452 5102; x_wconf 89' lang='lat' dir='ltr'><strong>occultum</strong></span> <span class='ocrx_word' id='word_1_690' title='bbox 1485 5057 1588 5112; x_wconf 87' lang='lat' dir='ltr'><strong>est,</strong></span> <span class='ocrx_word' id='word_1_691' title='bbox 1629 5046 1795 5100; x_wconf 83' lang='lat' dir='ltr'><strong>nudis</strong></span> <span class='ocrx_word' id='word_1_692' title='bbox 1822 5061 1947 5099; x_wconf 86' lang='lat' dir='ltr'><strong>ver—</strong></span> 
     </span>
    </p>
   </div>
   <div class='ocr_carea' id='block_1_93' title="bbox 369 5137 1948 5210">
    <p class='ocr_par' dir='ltr' id='par_1_93' title="bbox 369 5137 1948 5210">
     <span class='ocr_line' id='line_1_93' title="bbox 369 5137 1948 5210; baseline -0.006 -10"><span class='ocrx_word' id='word_1_693' title='bbox 369 5143 458 5200; x_wconf 85' lang='lat' dir='ltr'><strong>bis</strong></span> <span class='ocrx_word' id='word_1_694' title='bbox 513 5143 570 5197; x_wconf 84' lang='lat' dir='ltr'><strong>in</strong></span> <span class='ocrx_word' id='word_1_695' title='bbox 627 5156 788 5196; x_wconf 85' lang='lat' dir='ltr'><strong>aures</strong></span> <span class='ocrx_word' id='word_1_696' title='bbox 838 5140 1103 5210; x_wconf 90' lang='lat' dir='ltr'><strong>impuras,</strong></span> <span class='ocrx_word' id='word_1_697' title='bbox 1138 5138 1335 5209; x_wconf 84' lang='lat' dir='ltr'><strong>conjici</strong></span> <span class='ocrx_word' id='word_1_698' title='bbox 1377 5154 1486 5191; x_wconf 92' lang='lat' dir='ltr'><strong>non</strong></span> <span class='ocrx_word' id='word_1_699' title='bbox 1534 5138 1791 5192; x_wconf 78' lang='lat' dir='ltr'><strong>sustinet.</strong></span> <span class='ocrx_word' id='word_1_700' title='bbox 1821 5157 1838 5188; x_wconf 77' lang='grc' dir='ltr'><strong>ι</strong></span> <span class='ocrx_word' id='word_1_701' title='bbox 1867 5137 1948 5191; x_wconf 76' lang='lat' dir='ltr'><strong>Ex</strong></span> 
     </span>
    </p>
   </div>
   <div class='ocr_carea' id='block_1_94' title="bbox 370 5230 1949 5305">
    <p class='ocr_par' dir='ltr' id='par_1_94' title="bbox 370 5230 1949 5305">
     <span class='ocr_line' id='line_1_94' title="bbox 370 5230 1949 5305; baseline -0.003 -16"><span class='ocrx_word' id='word_1_702' title='bbox 370 5234 573 5305; x_wconf 84' lang='lat' dir='ltr'><strong>quibus</strong></span> <span class='ocrx_word' id='word_1_703' title='bbox 609 5233 792 5288; x_wconf 79' lang='lat' dir='ltr'><strong>verbis</strong></span> <span class='ocrx_word' id='word_1_704' title='bbox 815 5235 949 5287; x_wconf 89' lang='lat' dir='ltr'><strong>satis</strong></span> <span class='ocrx_word' id='word_1_705' title='bbox 1001 5240 1259 5299; x_wconf 85' lang='lat' dir='ltr'><strong>apparet,</strong></span> <span class='ocrx_word' id='word_1_706' title='bbox 1295 5230 1664 5298; x_wconf 89' lang='lat' dir='ltr'><strong>suspicionem</strong></span> <span class='ocrx_word' id='word_1_707' title='bbox 1702 5245 1827 5284; x_wconf 91' lang='lat' dir='ltr'><strong>eum</strong></span> <span class='ocrx_word' id='word_1_708' title='bbox 1852 5231 1949 5285; x_wconf 83' lang='lat' dir='ltr'><strong>ob-</strong></span> 
     </span>
    </p>
   </div>
   <div class='ocr_carea' id='block_1_95' title="bbox 371 5320 1947 5397">
    <p class='ocr_par' dir='ltr' id='par_1_95' title="bbox 371 5320 1947 5397">
     <span class='ocr_line' id='line_1_95' title="bbox 371 5320 1947 5397; baseline -0.006 -15"><span class='ocrx_word' id='word_1_709' title='bbox 371 5328 572 5389; x_wconf 88' lang='lat' dir='ltr'><strong>tinere,</strong></span> <span class='ocrx_word' id='word_1_710' title='bbox 613 5325 906 5397; x_wconf 86' lang='lat' dir='ltr'><strong>mysticum</strong></span> <span class='ocrx_word' id='word_1_711' title='bbox 932 5320 1195 5393; x_wconf 87' lang='lat' dir='ltr'><strong>quiddam</strong></span> <span class='ocrx_word' id='word_1_712' title='bbox 1230 5331 1286 5374; x_wconf 92' lang='lat' dir='ltr'><strong>et</strong></span> <span class='ocrx_word' id='word_1_713' title='bbox 1314 5336 1578 5375; x_wconf 84' lang='lat' dir='ltr'><strong>arcanum</strong></span> <span class='ocrx_word' id='word_1_714' title='bbox 1611 5336 1821 5374; x_wconf 82' lang='lat' dir='ltr'><strong>sacram</strong></span> <span class='ocrx_word' id='word_1_715' title='bbox 1863 5329 1947 5374; x_wconf 86' lang='lat' dir='ltr'><strong>te-</strong></span> 
     </span>
    </p>
   </div>
   <div class='ocr_carea' id='block_1_96' title="bbox 370 5412 1947 5489">
    <p class='ocr_par' dir='ltr' id='par_1_96' title="bbox 370 5412 1947 5489">
     <span class='ocr_line' id='line_1_96' title="bbox 370 5412 1947 5489; baseline -0.004 -16"><span class='ocrx_word' id='word_1_716' title='bbox 370 5434 499 5488; x_wconf 86' lang='lat' dir='ltr'><strong>gere</strong></span> <span class='ocrx_word' id='word_1_717' title='bbox 526 5418 893 5489; x_wconf 62' lang='lat' dir='ltr'><strong>Scripturam.</strong></span> <span class='ocrx_word' id='word_1_718' title='bbox 944 5415 1180 5471; x_wconf 84' lang='lat' dir='ltr'><strong>Videtur</strong></span> <span class='ocrx_word' id='word_1_719' title='bbox 1220 5428 1444 5487; x_wconf 83' lang='lat' dir='ltr'><strong>quoque</strong></span> <span class='ocrx_word' id='word_1_720' title='bbox 1480 5412 1776 5484; x_wconf 81' lang='lat' dir='ltr'><strong>indignari,</strong></span> <span class='ocrx_word' id='word_1_721' title='bbox 1836 5427 1947 5467; x_wconf 92' lang='lat' dir='ltr'><strong>non</strong></span> 
     </span>
    </p>
   </div>
   <div class='ocr_carea' id='block_1_97' title="bbox 441 5571 1952 5645">
    <p class='ocr_par' dir='ltr' id='par_1_97' title="bbox 441 5571 1952 5645">
     <span class='ocr_line' id='line_1_97' title="bbox 441 5571 1952 5645; baseline -0.001 -17"><span class='ocrx_word' id='word_1_722' title='bbox 441 5577 519 5644; x_wconf 89' lang='lat' dir='ltr'><strong>(I)</strong></span> <span class='ocrx_word' id='word_1_723' title='bbox 550 5576 805 5645; x_wconf 85' lang='lat' dir='ltr'><strong>Justinus</strong></span> <span class='ocrx_word' id='word_1_724' title='bbox 858 5574 1223 5645; x_wconf 87' lang='lat' dir='ltr'><strong>philosophus</strong></span> <span class='ocrx_word' id='word_1_725' title='bbox 1257 5582 1313 5628; x_wconf 91' lang='lat' dir='ltr'><strong>et</strong></span> <span class='ocrx_word' id='word_1_726' title='bbox 1347 5581 1552 5643; x_wconf 81' lang='lat' dir='ltr'><strong>martyr</strong></span> <span class='ocrx_word' id='word_1_727' title='bbox 1585 5571 1812 5634; x_wconf 80' lang='lat' dir='ltr'><strong>Christi,</strong></span> <span class='ocrx_word' id='word_1_728' title='bbox 1849 5571 1952 5627; x_wconf 90' lang='lat' dir='ltr'><strong>So-</strong></span> 
     </span>
    </p>
   </div>
   <div class='ocr_carea' id='block_1_98' title="bbox 370 5644 1944 5714">
    <p class='ocr_par' dir='ltr' id='par_1_98' title="bbox 370 5644 1944 5714">
     <span class='ocr_line' id='line_1_98' title="bbox 370 5644 1944 5714; baseline -0.002 -14"><span class='ocrx_word' id='word_1_729' title='bbox 370 5659 574 5700; x_wconf 82' lang='lat' dir='ltr'><strong>cratem</strong></span> <span class='ocrx_word' id='word_1_730' title='bbox 599 5656 653 5699; x_wconf 82' lang='lat' dir='ltr'><strong>et</strong></span> <span class='ocrx_word' id='word_1_731' title='bbox 677 5644 1011 5700; x_wconf 83' lang='lat' dir='ltr'><strong>Heraclitum</strong></span> <span class='ocrx_word' id='word_1_732' title='bbox 1043 5644 1093 5699; x_wconf 80' lang='lat' dir='ltr'><strong>in</strong></span> <span class='ocrx_word' id='word_1_733' title='bbox 1125 5645 1319 5700; x_wconf 87' lang='lat' dir='ltr'><strong>eodem</strong></span> <span class='ocrx_word' id='word_1_734' title='bbox 1349 5645 1598 5714; x_wconf 77' lang='lat' dir='ltr'><strong>catalogo</strong></span> <span class='ocrx_word' id='word_1_735' title='bbox 1626 5652 1944 5698; x_wconf 86' lang='lat' dir='ltr'><strong>Sanctorum</strong></span> 
     </span>
    </p>
   </div>
   <div class='ocr_carea' id='block_1_99' title="bbox 367 5716 1944 5843">
    <p class='ocr_par' dir='ltr' id='par_1_99' title="bbox 367 5716 1944 5843">
     <span class='ocr_line' id='line_1_99' title="bbox 367 5716 1944 5841; baseline -0.001 -72"><span class='ocrx_word' id='word_1_736' title='bbox 367 5733 492 5841; x_wconf 52' lang='lat' dir='ltr'><strong>cuin</strong></span> <span class='ocrx_word' id='word_1_737' title='bbox 525 5717 801 5771; x_wconf 84' lang='lat' dir='ltr'><strong>Abraham</strong></span> <span class='ocrx_word' id='word_1_738' title='bbox 830 5728 885 5771; x_wconf 89' lang='lat' dir='ltr'><strong>et</strong></span> <span class='ocrx_word' id='word_1_739' title='bbox 916 5717 1029 5771; x_wconf 78' lang='lat' dir='ltr'><strong>Elia</strong></span> <span class='ocrx_word' id='word_1_740' title='bbox 1053 5725 1323 5783; x_wconf 85' lang='lat' dir='ltr'><strong>recenset,</strong></span> <span class='ocrx_word' id='word_1_741' title='bbox 1372 5725 1628 5784; x_wconf 88' lang='lat' dir='ltr'><strong>tanquam</strong></span> <span class='ocrx_word' id='word_1_742' title='bbox 1668 5717 1815 5770; x_wconf 83' lang='lat' dir='ltr'><strong>verbi</strong></span> <span class='ocrx_word' id='word_1_743' title='bbox 1852 5716 1944 5769; x_wconf 85' lang='lat' dir='ltr'><strong>Dei</strong></span> 
     </span>
     <span class='ocr_line' id='line_1_100' title="bbox 370 5797 1631 5843; baseline -0.007 -2"><span class='ocrx_word' id='word_1_744' title='bbox 370 5802 432 5841; x_wconf 87' lang='lat' dir='ltr'><strong>cu</strong></span> <span class='ocrx_word' id='word_1_745' title='bbox 463 5797 627 5843; x_wconf 81' lang='lat' dir='ltr'><strong>tores.</strong></span> <span class='ocrx_word' id='word_1_746' title='bbox 1625 5825 1631 5832; x_wconf 93' lang='lat'><strong>.</strong></span> 
     </span>
    </p>
   </div>
   <div class='ocr_carea' id='block_1_100' title="bbox 581 5810 627 5842">
    <p class='ocr_par' dir='ltr' id='par_1_100' title="bbox 581 5810 627 5842">
     <span class='ocr_line' id='line_1_101' title="bbox 581 5810 627 5842; baseline -0.065 0"><span class='ocrx_word' id='word_1_747' title='bbox 581 5810 627 5842; x_wconf 71' lang='lat' dir='ltr'><strong>So</strong></span> 
     </span>
    </p>
   </div>
   <div class='ocr_carea' id='block_1_101' title="bbox 2055 4583 3635 4659">
    <p class='ocr_par' dir='ltr' id='par_1_101' title="bbox 2055 4583 3635 4659">
     <span class='ocr_line' id='line_1_102' title="bbox 2055 4583 3635 4659; baseline 0.003 -20"><span class='ocrx_word' id='word_1_748' title='bbox 2055 4587 2162 4655; x_wconf 74' lang='grc' dir='ltr'>γὰρ</span> <span class='ocrx_word' id='word_1_749' title='bbox 2204 4590 2234 4657; x_wconf 77' lang='grc' dir='ltr'>ἡ</span> <span class='ocrx_word' id='word_1_750' title='bbox 2264 4587 2427 4657; x_wconf 78' lang='grc' dir='ltr'>φύσις</span> <span class='ocrx_word' id='word_1_751' title='bbox 2462 4589 2809 4657; x_wconf 79' lang='grc' dir='ltr'>κρύπτεσθαι</span> <span class='ocrx_word' id='word_1_752' title='bbox 2833 4603 2848 4619; x_wconf 78' lang='grc' dir='ltr'><strong>ο</strong></span> <span class='ocrx_word' id='word_1_753' title='bbox 2881 4588 2978 4643; x_wconf 74' lang='grc' dir='ltr'>καὶ</span> <span class='ocrx_word' id='word_1_754' title='bbox 3009 4589 3070 4641; x_wconf 77' lang='grc' dir='ltr'>τὸ</span> <span class='ocrx_word' id='word_1_755' title='bbox 3118 4587 3527 4659; x_wconf 82' lang='grc' dir='ltr'>κεκρυμμένον</span> <span class='ocrx_word' id='word_1_756' title='bbox 3550 4583 3635 4654; x_wconf 76' lang='grc' dir='ltr'><strong>τῆς</strong></span> 
     </span>
    </p>
   </div>
   <div class='ocr_carea' id='block_1_102' title="bbox 2052 4678 3633 4750">
    <p class='ocr_par' dir='ltr' id='par_1_102' title="bbox 2052 4678 3633 4750">
     <span class='ocr_line' id='line_1_103' title="bbox 2052 4678 3633 4750; baseline -0.001 -20"><span class='ocrx_word' id='word_1_757' title='bbox 2052 4678 2162 4730; x_wconf 81' lang='grc' dir='ltr'><strong>τῶν</strong></span> <span class='ocrx_word' id='word_1_758' title='bbox 2190 4678 2327 4731; x_wconf 87' lang='grc' dir='ltr'>θεῶν</span> <span class='ocrx_word' id='word_1_759' title='bbox 2354 4679 2542 4741; x_wconf 71' lang='grc' dir='ltr'>οὗσίας</span> <span class='ocrx_word' id='word_1_760' title='bbox 2584 4679 2684 4732; x_wconf 81' lang='grc' dir='ltr'>οὐκ</span> <span class='ocrx_word' id='word_1_761' title='bbox 2711 4679 2968 4750; x_wconf 77' lang='grc' dir='ltr'>ἀνέχεται</span> <span class='ocrx_word' id='word_1_762' title='bbox 2996 4682 3232 4750; x_wconf 86' lang='grc' dir='ltr'>γυμνοῖς</span> <span class='ocrx_word' id='word_1_763' title='bbox 3280 4680 3372 4742; x_wconf 87' lang='grc' dir='ltr'><strong>είς</strong></span> <span class='ocrx_word' id='word_1_764' title='bbox 3403 4678 3633 4744; x_wconf 60' lang='grc' dir='ltr'>ἁκαθάρέ</span> 
     </span>
    </p>
   </div>
   <div class='ocr_carea' id='block_1_103' title="bbox 2054 4767 3637 4843">
    <p class='ocr_par' dir='ltr' id='par_1_103' title="bbox 2054 4767 3637 4843">
     <span class='ocr_line' id='line_1_104' title="bbox 2054 4767 3637 4843; baseline -0.003 -21"><span class='ocrx_word' id='word_1_765' title='bbox 2054 4787 2177 4831; x_wconf 86' lang='grc' dir='ltr'>τους</span> <span class='ocrx_word' id='word_1_766' title='bbox 2213 4768 2385 4832; x_wconf 84' lang='grc' dir='ltr'>ἀκοὰς</span> <span class='ocrx_word' id='word_1_767' title='bbox 2410 4771 2704 4840; x_wconf 75' lang='grc' dir='ltr'>ῥίπτεσθαι</span> <span class='ocrx_word' id='word_1_768' title='bbox 2736 4774 3005 4842; x_wconf 72' lang='grc' dir='ltr'>ῥήμασιν.</span> <span class='ocrx_word' id='word_1_769' title='bbox 3050 4791 3070 4824; x_wconf 74' lang='grc' dir='ltr'><strong>ι</strong></span> <span class='ocrx_word' id='word_1_770' title='bbox 3110 4772 3207 4836; x_wconf 75' lang='grc' dir='ltr'><strong>Ἐξ</strong></span> <span class='ocrx_word' id='word_1_771' title='bbox 3240 4767 3322 4826; x_wconf 80' lang='grc' dir='ltr'>ὧν</span> <span class='ocrx_word' id='word_1_772' title='bbox 3358 4772 3427 4843; x_wconf 77' lang='grc' dir='ltr'>δὴ</span> <span class='ocrx_word' id='word_1_773' title='bbox 3468 4767 3637 4839; x_wconf 81' lang='grc' dir='ltr'>φαίνε-</span> 
     </span>
    </p>
   </div>
   <div class='ocr_carea' id='block_1_104' title="bbox 2054 4862 3634 4935">
    <p class='ocr_par' dir='ltr' id='par_1_104' title="bbox 2054 4862 3634 4935">
     <span class='ocr_line' id='line_1_105' title="bbox 2054 4862 3634 4935; baseline -0.003 -21"><span class='ocrx_word' id='word_1_774' title='bbox 2054 4880 2142 4914; x_wconf 88' lang='grc' dir='ltr'><strong>ται</strong></span> <span class='ocrx_word' id='word_1_775' title='bbox 2184 4865 2240 4915; x_wconf 82' lang='grc' dir='ltr'>ἐν</span> <span class='ocrx_word' id='word_1_776' title='bbox 2271 4863 2559 4927; x_wconf 81' lang='grc' dir='ltr'>ὑπονοίαις</span> <span class='ocrx_word' id='word_1_777' title='bbox 2618 4862 2755 4916; x_wconf 79' lang='grc' dir='ltr'>εἶναι</span> <span class='ocrx_word' id='word_1_778' title='bbox 2812 4864 3080 4933; x_wconf 85' lang='grc' dir='ltr'>μυστικόν</span> <span class='ocrx_word' id='word_1_779' title='bbox 3105 4882 3161 4917; x_wconf 88' lang='grc' dir='ltr'><strong>τι</strong></span> <span class='ocrx_word' id='word_1_780' title='bbox 3195 4865 3305 4919; x_wconf 74' lang='grc' dir='ltr'>καὶ</span> <span class='ocrx_word' id='word_1_781' title='bbox 3332 4865 3634 4935; x_wconf 73' lang='grc' dir='ltr'>ἀπόρρητον</span> 
     </span>
    </p>
   </div>
   <div class='ocr_carea' id='block_1_105' title="bbox 2054 4953 3636 5026">
    <p class='ocr_par' dir='ltr' id='par_1_105' title="bbox 2054 4953 3636 5026">
     <span class='ocr_line' id='line_1_106' title="bbox 2054 4953 3636 5026; baseline 0.004 -23"><span class='ocrx_word' id='word_1_782' title='bbox 2054 4953 2323 5023; x_wconf 71' lang='grc' dir='ltr'>κρύπτειν</span> <span class='ocrx_word' id='word_1_783' title='bbox 2364 4954 2462 5025; x_wconf 83' lang='grc' dir='ltr'>τὴν</span> <span class='ocrx_word' id='word_1_784' title='bbox 2503 4954 2654 5009; x_wconf 86' lang='grc' dir='ltr'>θείαν</span> <span class='ocrx_word' id='word_1_785' title='bbox 2689 4956 2937 5026; x_wconf 79' lang='grc' dir='ltr'>Γραφήν.</span> <span class='ocrx_word' id='word_1_786' title='bbox 2975 4957 3156 5012; x_wconf 84' lang='grc' dir='ltr'>Ἐοικε</span> <span class='ocrx_word' id='word_1_787' title='bbox 3189 4958 3257 5013; x_wconf 81' lang='grc' dir='ltr'>δὲ</span> <span class='ocrx_word' id='word_1_788' title='bbox 3292 4959 3397 5014; x_wconf 75' lang='grc' dir='ltr'>καὶ</span> <span class='ocrx_word' id='word_1_789' title='bbox 3448 4959 3636 5026; x_wconf 83' lang='grc' dir='ltr'>ἀγανα-</span> 
     </span>
    </p>
   </div>
   <div class='ocr_carea' id='block_1_106' title="bbox 2053 5045 3637 5120">
    <p class='ocr_par' dir='ltr' id='par_1_106' title="bbox 2053 5045 3637 5120">
     <span class='ocr_line' id='line_1_107' title="bbox 2053 5045 3637 5120; baseline 0.003 -25"><span class='ocrx_word' id='word_1_790' title='bbox 2053 5046 2225 5111; x_wconf 85' lang='grc' dir='ltr'>κτεῖν,</span> <span class='ocrx_word' id='word_1_791' title='bbox 2254 5045 2353 5113; x_wconf 70' lang='grc' dir='ltr'><strong>ὅτι⁴</strong></span> <span class='ocrx_word' id='word_1_792' title='bbox 2385 5045 2463 5115; x_wconf 76' lang='grc' dir='ltr'>μὴ</span> <span class='ocrx_word' id='word_1_793' title='bbox 2494 5050 2697 5113; x_wconf 81' lang='grc' dir='ltr'>πάντες</span> <span class='ocrx_word' id='word_1_794' title='bbox 2747 5047 2846 5119; x_wconf 81' lang='grc' dir='ltr'>τὴν</span> <span class='ocrx_word' id='word_1_795' title='bbox 2898 5050 3020 5120; x_wconf 82' lang='grc' dir='ltr'>ῐσην</span> <span class='ocrx_word' id='word_1_796' title='bbox 3055 5050 3332 5104; x_wconf 79' lang='grc' dir='ltr'>ὑπόνοιαν</span> <span class='ocrx_word' id='word_1_797' title='bbox 3367 5053 3501 5120; x_wconf 78' lang='grc' dir='ltr'>περὶ</span> <span class='ocrx_word' id='word_1_798' title='bbox 3530 5046 3637 5100; x_wconf 85' lang='grc' dir='ltr'>τού-</span> 
     </span>
    </p>
   </div>
   <div class='ocr_carea' id='block_1_107' title="bbox 2052 5138 3641 5217">
    <p class='ocr_par' dir='ltr' id='par_1_107' title="bbox 2052 5138 3641 5217">
     <span class='ocr_line' id='line_1_108' title="bbox 2052 5138 3641 5217; baseline 0.003 -27"><span class='ocrx_word' id='word_1_799' title='bbox 2052 5154 2160 5191; x_wconf 87' lang='grc' dir='ltr'>των</span> <span class='ocrx_word' id='word_1_800' title='bbox 2193 5138 2415 5208; x_wconf 74' lang='grc' dir='ltr'>ἕχουσι·</span> <span class='ocrx_word' id='word_1_801' title='bbox 2461 5144 2556 5195; x_wconf 73' lang='grc' dir='ltr'>καὶ</span> <span class='ocrx_word' id='word_1_802' title='bbox 2604 5144 2713 5197; x_wconf 85' lang='grc' dir='ltr'>τῶν</span> <span class='ocrx_word' id='word_1_803' title='bbox 2764 5142 3111 5213; x_wconf 74' lang='grc' dir='ltr'>Χριστιανῶν</span> <span class='ocrx_word' id='word_1_804' title='bbox 3156 5146 3543 5217; x_wconf 75' lang='grc' dir='ltr'>κατατρέχειν</span> <span class='ocrx_word' id='word_1_805' title='bbox 3570 5141 3641 5194; x_wconf 77' lang='grc' dir='ltr'><strong>ὲν-</strong></span> 
     </span>
    </p>
   </div>
   <div class='ocr_carea' id='block_1_108' title="bbox 2053 5228 3637 5306">
    <p class='ocr_par' dir='ltr' id='par_1_108' title="bbox 2053 5228 3637 5306">
     <span class='ocr_line' id='line_1_109' title="bbox 2053 5228 3637 5306; baseline 0.001 -25"><span class='ocrx_word' id='word_1_806' title='bbox 2053 5228 2265 5294; x_wconf 80' lang='grc' dir='ltr'>τεῦθεν,</span> <span class='ocrx_word' id='word_1_807' title='bbox 2310 5229 2406 5283; x_wconf 74' lang='grc' dir='ltr'>ἅτε</span> <span class='ocrx_word' id='word_1_808' title='bbox 2433 5233 2496 5302; x_wconf 78' lang='grc' dir='ltr'>δὴ</span> <span class='ocrx_word' id='word_1_809' title='bbox 2525 5232 2903 5306; x_wconf 82' lang='grc' dir='ltr'>ἁπλούστερον</span> <span class='ocrx_word' id='word_1_810' title='bbox 2932 5234 3252 5305; x_wconf 80' lang='grc' dir='ltr'>δεχομένων</span> <span class='ocrx_word' id='word_1_811' title='bbox 3292 5237 3367 5289; x_wconf 79' lang='grc' dir='ltr'><strong>τὰ</strong></span> <span class='ocrx_word' id='word_1_812' title='bbox 3402 5239 3637 5306; x_wconf 75' lang='grc' dir='ltr'>ῥήματα.</span> 
     </span>
    </p>
   </div>
   <div class='ocr_carea' id='block_1_109' title="bbox 2067 5319 3639 5396">
    <p class='ocr_par' dir='ltr' id='par_1_109' title="bbox 2067 5319 3639 5396">
     <span class='ocr_line' id='line_1_110' title="bbox 2067 5319 3639 5396; baseline 0 -21"><span class='ocrx_word' id='word_1_813' title='bbox 2067 5319 2265 5391; x_wconf 77' lang='grc' dir='ltr'>Ἐχρῆν</span> <span class='ocrx_word' id='word_1_814' title='bbox 2298 5321 2354 5375; x_wconf 84' lang='grc' dir='ltr'>δὲ</span> <span class='ocrx_word' id='word_1_815' title='bbox 2396 5324 2471 5393; x_wconf 83' lang='grc' dir='ltr'>μὴ</span> <span class='ocrx_word' id='word_1_816' title='bbox 2501 5323 2644 5377; x_wconf 73' lang='grc' dir='ltr'>οὕτω</span> <span class='ocrx_word' id='word_1_817' title='bbox 2689 5325 2779 5378; x_wconf 83' lang='grc' dir='ltr'>διὰ</span> <span class='ocrx_word' id='word_1_818' title='bbox 2812 5328 2915 5396; x_wconf 79' lang='grc' dir='ltr'>τὴν</span> <span class='ocrx_word' id='word_1_819' title='bbox 2945 5327 3057 5380; x_wconf 82' lang='grc' dir='ltr'>τῶν</span> <span class='ocrx_word' id='word_1_820' title='bbox 3097 5327 3330 5380; x_wconf 77' lang='grc' dir='ltr'>πολλῶν</span> <span class='ocrx_word' id='word_1_821' title='bbox 3362 5326 3639 5395; x_wconf 73' lang='grc' dir='ltr'>ἁπλότητα</span> 
     </span>
    </p>
   </div>
   <div class='ocr_carea' id='block_1_110' title="bbox 2053 5409 3641 5488">
    <p class='ocr_par' dir='ltr' id='par_1_110' title="bbox 2053 5409 3641 5488">
     <span class='ocr_line' id='line_1_111' title="bbox 2053 5409 3641 5488; baseline 0.006 -28"><span class='ocrx_word' id='word_1_822' title='bbox 2053 5409 2194 5462; x_wconf 82' lang='grc' dir='ltr'>κατὰ</span> <span class='ocrx_word' id='word_1_823' title='bbox 2223 5410 2331 5464; x_wconf 83' lang='grc' dir='ltr'><strong>τῶν</strong></span> <span class='ocrx_word' id='word_1_824' title='bbox 2367 5412 2528 5482; x_wconf 85' lang='grc' dir='ltr'>ἱερῶν</span> <span class='ocrx_word' id='word_1_825' title='bbox 2560 5415 2942 5486; x_wconf 74' lang='grc' dir='ltr'>ὲκτυφωθῆναι</span> <span class='ocrx_word' id='word_1_826' title='bbox 2990 5416 3258 5488; x_wconf 79' lang='grc' dir='ltr'>Γραφῶν,</span> <span class='ocrx_word' id='word_1_827' title='bbox 3296 5417 3451 5488; x_wconf 76' lang='grc' dir='ltr'>μηδὲ</span> <span class='ocrx_word' id='word_1_828' title='bbox 3488 5412 3641 5484; x_wconf 70' lang='grc' dir='ltr'>μισῆ-</span> 
     </span>
    </p>
   </div>
   <div class='ocr_carea' id='block_1_111' title="bbox 2126 5565 3644 5639">
    <p class='ocr_par' dir='ltr' id='par_1_111' title="bbox 2126 5565 3644 5639">
     <span class='ocr_line' id='line_1_112' title="bbox 2126 5565 3644 5639; baseline 0 -21"><span class='ocrx_word' id='word_1_829' title='bbox 2126 5565 2205 5636; x_wconf 74' lang='lat'><strong>(‘2)</strong></span> <span class='ocrx_word' id='word_1_830' title='bbox 2267 5565 2393 5620; x_wconf 83' lang='lat' dir='ltr'><strong>Fuit</strong></span> <span class='ocrx_word' id='word_1_831' title='bbox 2465 5568 2807 5639; x_wconf 83' lang='lat' dir='ltr'><strong>Porphyrius</strong></span> <span class='ocrx_word' id='word_1_832' title='bbox 2876 5566 3304 5639; x_wconf 84' lang='lat' dir='ltr'><strong>condiscipulus</strong></span> <span class='ocrx_word' id='word_1_833' title='bbox 3377 5568 3644 5639; x_wconf 82' lang='lat' dir='ltr'><strong>Origenis,</strong></span> 
     </span>
    </p>
   </div>
   <div class='ocr_carea' id='block_1_112' title="bbox 2055 5639 3644 5711">
    <p class='ocr_par' dir='ltr' id='par_1_112' title="bbox 2055 5639 3644 5711">
     <span class='ocr_line' id='line_1_113' title="bbox 2055 5639 3644 5711; baseline -0.003 -18"><span class='ocrx_word' id='word_1_834' title='bbox 2055 5640 2211 5711; x_wconf 79' lang='lat' dir='ltr'><strong>apud</strong></span> <span class='ocrx_word' id='word_1_835' title='bbox 2237 5639 2512 5691; x_wconf 82' lang='lat' dir='ltr'><strong>Plotinum</strong></span> <span class='ocrx_word' id='word_1_836' title='bbox 2556 5642 2903 5708; x_wconf 77' lang='lat' dir='ltr'><strong>magistrum,</strong></span> <span class='ocrx_word' id='word_1_837' title='bbox 2935 5652 2987 5697; x_wconf 81' lang='lat' dir='ltr'><strong>et</strong></span> <span class='ocrx_word' id='word_1_838' title='bbox 3038 5656 3213 5711; x_wconf 79' lang='lat' dir='ltr'><strong>usque</strong></span> <span class='ocrx_word' id='word_1_839' title='bbox 3276 5645 3351 5697; x_wconf 82' lang='lat' dir='ltr'><strong>ad</strong></span> <span class='ocrx_word' id='word_1_840' title='bbox 3410 5650 3644 5705; x_wconf 77' lang='lat' dir='ltr'><strong>tempora</strong></span> 
     </span>
    </p>
   </div>
   <div class='ocr_carea' id='block_1_113' title="bbox 2055 5710 2760 5780">
    <p class='ocr_par' dir='ltr' id='par_1_113' title="bbox 2055 5710 2760 5780">
     <span class='ocr_line' id='line_1_114' title="bbox 2055 5710 2760 5780; baseline 0 -13"><span class='ocrx_word' id='word_1_841' title='bbox 2055 5710 2215 5767; x_wconf 72' lang='lat' dir='ltr'><strong>l&#39;mbi</strong></span> <span class='ocrx_word' id='word_1_842' title='bbox 2247 5711 2381 5780; x_wconf 76' lang='lat' dir='ltr'><strong>Imp.</strong></span> <span class='ocrx_word' id='word_1_843' title='bbox 2418 5711 2570 5766; x_wconf 61' lang='lat' dir='ltr'><strong>vixit.</strong></span> <span class='ocrx_word' id='word_1_844' title='bbox 2605 5713 2760 5767; x_wconf 68' lang='lat' dir='ltr'><strong>Suid.</strong></span> 
     </span>
    </p>
   </div>
  </div>
