3912 6562
250 471 357 538 565

830 578 1080 634 ΚΕΦΑΛ.
1112 574 1233 631 ΛΖ’.

265 701 368 759 Ἐκ
396 699 504 755 τὸῦ
538 699 822 766 δευτέρου
856 696 1007 752 κατὰ
1067 693 1406 766 Ἰουβιανοδ
1436 693 1822 766 ⁸στηλιιέυτιις

325 771 439 826 κοῦ
494 772 683 838 λόγου
709 757 1069 838 Τρητορίου
1103 765 1210 819 τοῦ
1241 761 1639 838 θερρῤήμρνος
1685 757 1818 838 περζ

327 825 438 895 τοῦ
488 825 698 906 ῆθᾶυς,
749 825 1120 906 κὶιίὲρόπρυ,
1157 825 1686 906 κᾳὶᾲδῖιὶπέὶάσςως,
1723 825 1825 880 καὶ

325 911 433 965 τοῦ
468 898 731 964 θὶινάτου
773 909 870 960 καὶ
901 898 1232 974 ταφῆς-τοῦ
1270 898 1627 956 Ἰοιιλιανοῦ.

334 1021 480 1087 Ἐγὼ
531 1020 577 1070 δ’
635 1020 820 1079 ὁποῖος
853 1012 921 1085 ἦν
967 1012 1261 1075 Ἰουλιανὸς
1287 1012 1378 1065 τόν
1411 1028 1466 1064 τε
1496 1011 1699 1079 τρόπον
1729 1009 1825 1060 καὶ

249 1115 310 1167 τὸ
339 1108 475 1182 ἦθος
526 1111 623 1162 καὶ
677 1109 778 1176 τὴν
805 1108 1002 1160 πλάσιν
1023 1107 1143 1171 {rei
1178 1106 1450 1174 σώματος,
1493 1103 1584 1154 καὶ
1633 1099 1826 1154 όποίαν

250 1205 380 1271 ἔσχε
409 1203 506 1271 τὴν
534 1201 820 1264 τελευτὴν,
869 1199 968 1252 καὶ
993 1198 1070 1257 ὼς
1093 1195 1366 1249 ἀποθεοῦν
1404 1194 1597 1247 ἑαυτὸν
1629 1193 1824 1251 εἵλετο,

250 1295 353 1347 οὐκ
379 1293 540 1347 ἄλλον
565 1290 881 1354 ἀξιόπιστον
916 1288 1226 1358 παρέξομαι
1263 1285 1572 1355 μάρτυραῆ
1603 1285 1694 1336 τὸν
1725 1301 1828 1336 πο-

253 1385 355 1436 λὺν
384 1384 482 1436 καὶ
508 1384 683 1452 μέγαν
715 1384 772 1435 ἐν
803 1382 1056 1450 θεολογίᾳ
1086 1379 1408 1450 Γρηγόριον,
1440 1377 1588 1447 αὐτῷ
1609 1394 1667 1432 τε
1696 1392 1828 1442 συγ-

251 1478 581 1546 γενόμενον,
614 1477 712 1529 καὶ
774 1477 992 1544 σύναμα
1028 1475 1139 1537 τοῖς
1207 1470 1600 1531 διδασκαλείοις
1641 1470 1830 1537 φοιτή-

252 1587 454 1634 σαντα,
493 1573 586 1622 καὶ
613 1571 689 1631 ὡς
716 1570 817 1622 οὐκ
841 1566 941 1621 οἷδ’
967 1569 1018 1621 εί
1051 1585 1136 1629 τις
1163 1568 1351 1634 ἕτερος
1380 1566 1448 1617 τὰ
1470 1563 1592 1617 κατ’
1624 1564 1830 1616 ἐκεῖνον

253 1662 462 1724 εἰδότα,
500 1663 594 1710 καὶ
619 1660 694 1722 ὡς
719 1659 896 1729 χρεὼν
936 1659 1302 1722 διαπαίξαντά
1331 1673 1389 1708 τε
1425 1655 1516 1708 καὶ
1548 1650 1832 1722 στηλιτεύ-

256 1769 456 1806 σαντα.
477 1755 566 1805 Ἐν
597 1752 727 1820 γοῦν
755 1751 832 1818 τῷ
859 1750 1104 1819 δευτέρῳ
1140 1743 1571 1814 Στηλιτευτικῷ
1601 1743 1830 1797 Ἰουλιαο

256 1847 354 1897 νοῦ
417 1846 513 1896 καὶ
569 1845 711 1897 κατά
763 1838 1034 1913 Ἑλλήνων
1086 1842 1265 1894 τοιάδε
1297 1841 1427 1908 περὶ
1460 1837 1651 1890 τούτου
1689 1836 1832 1888 κατά

256 1937 410 2000 λέξιν
438 1938 607 2007 φησί’
643 1955 661 1987 ι
701 1935 892 1988 Ταῦτα
931 1935 1044 1996 τοῖς
1078 1935 1177 2002 μὲν
1199 1933 1440 2001 ἀλλοιςή
1495 1933 1661 1996 πεῖρα
1692 1943 1836 1994 παρ-

257 2029 492 2096 έστησε,
517 2028 609 2079 καὶ
635 2029 668 2098 ή
692 2026 981 2080 δυναστεία
1015 2025 1400 2095 προσλαϐοῦσα
1430 2023 1531 2094 τὴν
1560 2023 1831 2090 ἐξουσίαν’

255 2120 389 2188 ιμοὶ
422 2119 480 2171 δὲ
511 2119 606 2170 καὶ
639 2118 925 2189 πόρρωθεν
942 2118 1145 2188 τρόπον
1167 2116 1288 2170 τινὰ
1317 2117 1546 2186 ἑωρᾶτο,
1583 2116 1642 2179 ἐξ
1667 2111 1728 2169 οὗ
1760 2114 1836 2186 τῷ

255 2212 419 2282 ἀνδρὶ
457 2211 834 2279 συνεγενόμην
897 2210 1191 2282 Ἀθήνῃσιν
1219 2227 1233 2242 ο
1283 2207 1414 2281 ἦλθε
1443 2210 1549 2278 γὰρ
1589 2210 1835 2275 κάκεῖσε,

258 2305 392 2374 ἄρτι
428 2305 541 2356 τῶν
597 2303 740 2356 κατά
763 2304 854 2355 τὸν
884 2304 1114 2373 ἀδελφὸν
1169 2303 1333 2356 αὑτοῦ
1365 2302 1837 2374 νεωτερισθέντων

260 2397 405 2466 πρὸς
456 2395 708 2465 βασιλέα,
762 2397 920 2458 τοῦτο
948 2397 1081 2449 αὐτὸ
1119 2395 1625 2466 παραιτησάμενος.
1654 2394 1839 2456 Διττδς

254 2490 313 2542 δὲ
350 2489 530 2544 αὐτοῦ
566 2490 667 2556 τῆς
728 2490 1026 2560 ἐπιδημίας
1068 2493 1097 2544 ό
1143 2488 1336 2558 λόγοςς·
1369 2492 1396 2543 ό
1431 2491 1531 2560 μὲν
1560 2489 1841 2558 εὐπρεπέ-

259 2595 492 2647 στερος,
528 2577 651 2631 καθ’
677 2579 918 2648 ἱστορίαν
970 2579 1068 2648 τῆς
1108 2579 1358 2642 Ἑλλάδος
1403 2581 1497 2631 καὶ
1518 2578 1626 2630 τῶν
1661 2580 1841 2631 ἐκεῖσε

258 2673 680 2742 παιδευτηρίων
702 2685 718 2702 ⁶
775 2675 802 2724 ὁ
831 2671 886 2724 δὲ
917 2673 1357 2744 ἀπορρητότερος
1411 2675 1503 2725 καὶ
1535 2674 1595 2725 οὐ
1630 2673 1841 2734 πολλοῖς

258 2769 574 2836 γνώριμος,
607 2765 748 2818 ὥστε
773 2768 884 2828 τοῖς
922 2767 1038 2819 ἐκεῖ
1068 2767 1255 2831 θύταις
1290 2768 1382 2819 καὶ
1409 2766 1687 2821 ἀπατεῶσι
1712 2767 1841 2835 περὶ

257 2862 373 2912 τῶν
432 2860 561 2912 καθ’
615 2860 808 2912 ἑαυτὸν
868 2860 1252 2929 συγγενέσθαι,
1319 2858 1476 2913 οὔπω
1526 2862 1842 2932 παρρησίαν

260 2954 502 3023 ἐχούσης
537 2953 636 3023 τῆς
669 2954 947 3016 ἀσεϐείας.
1003 2953 1140 3006 Τότε
1167 2952 1344 3006 τοίνυν
1383 2953 1442 3005 οὐ
1489 2952 1692 3022 φαῦλος
1734 2951 1844 3020 ἐγὼ

259 3048 357 3099 τοῦ
421 3047 614 3115 ἀνδρὸς
653 3047 919 3116 είκαστὴς
954 3042 1073 3099 οἶδα
1113 3046 1428 3116 γενόμενος,
1467 3047 1645 3099 καίτοι
1681 3064 1745 3114 γε
1779 3048 1841 3098 οὐ

262 3142 376 3195 τῶν
411 3140 472 3192 εὖ
513 3143 838 3208 πεφυκότων
891 3144 1020 3209 περ)⁸
1051 3139 1226 3193 ταῦτα
1259 3135 1338 3203 εἷς
1367 3140 1444 3193 ὢν
1469 3157 1483 3171 ·
1514 3141 1629 3194 ἀλλ’
1671 3141 1843 3195 ἐποίει

267 3251 336 3302 με
382 3233 649 3302 μαντικὸν
681 3233 832 3302 ήτοῦ
864 3233 1028 3304 ἤθους
1081 3233 1394 3304 ἀνωμαλία,
1429 3235 1524 3288 καὶ
1555 3233 1616 3286 τὸ
1656 3251 1847 3303 περιτο
1876 3259 1914 3311 ρ

261 3325 359 3378 τὸν
396 3324 497 3386 τῆς
525 3325 834 3386 ἐκστάσεως
861 3365 875 3389 ,
926 3327 1089 3396 εἴπερ
1124 3326 1317 3394 μάντις
1357 3326 1579 3397 ἄριστος
1605 3325 1662 3387 ὃς
1693 3326 1846 3379 εἰκάς

268 3421 356 3482 ζει
421 3418 624 3482 καλῶς.
681 3418 908 3481 Οὐδενὸς
939 3420 1048 3489 γὰρ
1094 3421 1271 3472 ἐδόκει
1328 3439 1419 3490 μοι
1457 3423 1685 3489 σημεῖον
1708 3418 1847 3474 εἶναι

265 3511 544 3583 χρηστοῦ,
575 3511 748 3582 αὐχὴν
774 3514 1018 3580 ἀπαγὴς,
1071 3506 1212 3580 ὦμοι
1242 3513 1574 3583 παλλόμενοι
1599 3513 1695 3566 καὶ
1720 3517 1850 3568 ἀνα-

262 3609 637 3676 κοπτόμενοι,
666 3606 946 3677 ὀφθαλμὸς
992 3608 1320 3678 σοϐούμενος
1356 3609 1448 3661 καὶ
1475 3608 1847 3678 περιφερόμε-

262 3718 357 3764 νος
421 3703 516 3752 κα)⁵
573 3700 803 3770 μανικὸν
860 3700 1102 3769 βλέπων,
1156 3701 1315 3763 πόδες
1368 3700 1732 3764 ἀστατοῦντες
1758 3702 1852 3754 καὶ

270 3794 735 3865 μετοκλάζοντεξ,
774 3795 987 3864 μυκτὴρ
1021 3793 1179 3864 ὓϐριν
1228 3794 1407 3848 πνέων
1456 3796 1554 3848 καὶ
1587 3796 1854 3865 περιφρόλ

267 3905 460 3956 νησιν,
516 3887 814 3959 προσώπου
887 3888 1270 3959 σχηματισμοὶ
1341 3889 1742 3958 καταγέλαστοι
1791 3890 1852 3942 τὸ

269 3984 337 4034 αὖ
352 3983 416 4033 τὸ
448 3981 797 4048 φρονοῦντες,
827 3981 1062 4048 γέλωτες
1091 3983 1348 4054 ἀκρατεῖς
1383 3984 1480 4036 καὶ
1524 3983 1852 4053 βρασματώ-

267 4073 411 4137 δεις,
454 4073 665 4133 νεύσεις
696 4072 790 4123 καὶ
816 4070 1136 4133 ἀνανεύσεις
1169 4071 1268 4124 σὺν
1291 4071 1465 4125 οὐδενὶ
1492 4073 1656 4140 λόγῳ,
1692 4073 1851 4140 λόγος

269 4172 571 4238 ἱστάμενος
632 4168 728 4220 καὶ
782 4166 1121 4234 κοπτόμενος
1181 4164 1495 4235 πνεύματι,
1551 4167 1852 4236 ἐρωτήσεις

270 4266 509 4316 ἄτακτοι
576 4261 669 4312 καὶ
731 4258 1006 4322 ἀσύνετοι,
1064 4258 1387 4326 ἀποκρίσεις
1435 4259 1589 4312 οὐδὲν
1645 4259 1852 4313 τούτων

269 4354 561 4424 ἀμείνους,
602 4351 862 4420 ἀλλήλαις
908 4351 1348 4418 ὲπεμόαίνουσαι
1387 4351 1482 4404 καὶ
1518 4352 1617 4404 οὐκ
1661 4353 1854 4407 εὐστα-

272 4450 417 4515 θεῖς,
457 4448 582 4500 οὐδὲ
627 4446 780 4512 τάξει
840 4446 1124 4516 προϊοῦσαι
1157 4445 1515 4506 παιδεύσεως.
1582 4447 1644 4499 Τί
1684 4445 1754 4500 ἂν
1783 4448 1852 4500 τά

272 4542 400 4595 καθ’
452 4542 682 4593 ἕκαστον
739 4537 1051 4608 γράφοιμις
1113 4537 1367 4590 Τοιοῦτον
1402 4538 1508 4606 πρὸ
1545 4538 1656 4591 τῶν
1677 4539 1852 4606 ἔργων

272 4636 624 4703 ἐθεασάμην,
649 4628 762 4686 οἷον
800 4636 895 4688 ἐπὶ
933 4634 1041 4687 τῶν
1090 4633 1268 4702 ἔργων
1319 4633 1616 4704 ἐγνώρισα.
1659 4635 1767 4686 Καὶ
1804 4633 1853 4684 εἰ

278 4743 370 4796 μοι
408 4725 671 4794 πτρῆσάν
720 4741 864 4788 τινες
904 4724 1015 4776 τῶν
1071 4722 1377 4793 τηνικαῦτα
1444 4725 1712 4775 συνόντων
1757 4723 1851 4775 καὶ

276 4817 653 4880 ἀκουσάντων,
719 4815 1116 4885 ἐμαρτύρησαν
1173 4817 1276 4871 ἀν’
1334 4811 1415 4878 οἶς
1464 4815 1650 4885 ἐπειδὴ
1677 4816 1851 4869 ταῦτα

275 4908 620 4976 ἐθεασάμην,
647 4906 811 4969 εὐθὺς
843 4907 1218 4977 ἐφθεγξάμην,
1261 4903 1373 4960 οἷον
1424 4907 1592 4960 κακὸν
1636 4910 1666 4977 ἡ
1716 4908 1852 4962 Ῥω-

283 4999 464 5067 μαίων
486 4998 561 5067 γῆ
589 4999 819 5068 τρέφει·
857 5000 951 5051 καὶ
982 5001 1420 5069 προαγορεύσας,
1477 5003 1571 5054 καὶ
1593 5001 1852 5068 γενέσθαι

277 5091 648 5159 ψευδόμαντις
705 5090 932 5160 ἐμαυτῷ
962 5093 1342 5162 κατηυξάμην.
1393 5095 1662 5161 Κρεῖσσον
1685 5095 1792 5163 γάρ
1821 5096 1852 5163 ἢ

279 5183 546 5236 τοιούτων
584 5183 894 5254 πλησθῆναι
944 5188 1042 5254 τὴν
1096 5187 1428 5256 οἰκουμένην
1482 5187 1712 5240 κακῶνο
1759 5187 1855 5239 καὶ

279 5277 531 5330 τοιοῦτον
559 5277 904 5346 ἀναφανῆναι
933 5277 1119 5345 τέρας,
1168 5272 1281 5331 οἷον
1328 5279 1482 5332 οὒπω
1536 5280 1807 5350 πρότερον
1837 5295 1850 5310 ο

283 5370 497 5422 πολλῶν
529 5370 630 5438 μὲν
659 5371 1019 5440 ὲπικλυσμῶν
1067 5372 1502 5443 θρυλλουμένων,
1530 5374 1744 5427 πολλῶν
1796 5373 1853 5426 δὲ

245 5491 254 5497 -
284 5463 638 5532 ἔμπρησμῶν
673 5464 766 5515 καὶ
797 5462 1059 5532 βρασμῶν
1098 5465 1201 5532 γῆς
1242 5467 1336 5518 καὶ
1379 5466 1676 5534 χασμάτων
1702 5483 1716 5498 ·
1774 5467 1852 5520 ἔτι

283 5556 338 5609 δὲ
367 5559 464 5608 καὶ
487 5555 702 5626 ἀνδρῶν
728 5556 1086 5627 ἀπάνθρωποι
1105 5561 1201 5609 καὶ
1217 5556 1525 5626 θηριώδεις,
1547 5557 1855 5611 ἀλλοκότων

286 5667 342 5701 τε
373 5651 468 5702 καὶ
501 5650 774 5702 συνθέτων
830 5648 1022 5716 φύσεις
1069 5651 1572 5720 καινοτομηθεῑσαι.
1637 5652 1853 5721 Ταύτης

286 5761 365 5796 τοι
395 5747 491 5796 καί
519 5743 675 5804 τέλος
699 5741 850 5805 ἀξιον
872 5742 1224 5810 ἀπηνέγκατο
1266 5745 1365 5812 τῆς
1401 5743 1679 5807 ἀπονοίας.
1741 5745 1853 5813 Οὐχ

287 5825 365 5892 εἷς
395 5829 451 5881 δὲ
491 5833 619 5898 περὶ
663 5827 859 5879 τούτου
899 5827 1116 5895 λέγεται
1156 5829 1314 5897 λόγος
1338 5846 1353 5860 ·
1411 5830 1569 5893 ἄλλος
1610 5831 1666 5883 δὲ
1709 5831 1854 5901 ἄλλῳ

295 5921 714 5984 συντίθεται-και
746 5922 1106 5990 συμφέρεται,
1134 5925 1240 5976 τιῗιν
1262 5940 1316 5976 τε
1344 5927 1625 5993 παρόντων
1655 5927 1854 5991 ὁμοίως

1135 459 1749 527 ECCLESIASTlC/E
1790 454 2181 518 HISTORIIE
2225 451 2373 511 LIB.
2412 449 2484 510 X.

1846 575 1891 628 Α

3375 431 3476 497 ἴϐδ

2447 553 2683 612 CAPUT
2707 550 2968 607 XXXVII.

1924 673 2006 728 Ea:
2041 671 2267 727 secunda
2297 667 2535 737 Gregorii
2563 663 2802 731 Theologi
2820 664 2875 716 in
2903 661 3178 737 lulianum
3203 661 3478 722 invectiva,

1993 745 2056 797 de
2082 732 2579 812 ingeniokmeribus
2597 773 2611 802 ,
2649 741 2795 804 gestu
2823 732 3053 801 corporis
3073 770 3088 796 ,
3125 738 3288 782 morte
3332 738 3381 783 et
3405 745 3486 782 se-

1996 809 2211 884 pultura
2238 809 2464 865 Iuliani.

1997 986 2100 1057 91
2124 987 2320 1041 Verum
2343 982 2489 1052 quali
2510 993 2723 1035 morum
2747 973 3142 1033 consuetudine
3169 981 3222 1026 et
3247 969 3488 1038 corporis

1929 1089 2070 1134 statu
2102 1077 2352 1132 Julianus
2379 1073 2563 1138 fuerit,
2613 1068 2892 1142 quomodo
2936 1067 3104 1120 vitam
3157 1063 3379 1125 ﬁnierit,
3435 1071 3490 1115 et

1928 1171 2169 1239 seipsum
2203 1169 2366 1222 deum
2393 1166 2575 1220 facere
2607 1162 2863 1224 voluerit,
2909 1174 3020 1214 non
3072 1156 3486 1225 locupletiorem

1930 1261 2202 1315 adducere
2227 1267 2420 1312 testem
2463 1271 2706 1326 possum,
2739 1267 2902 1320 quam
2943 1264 3200 1320 magnum
3251 1247 3402 1301 illum
3436 1246 3488 1297 in

1933 1350 2208 1417 theOIOgia
2239 1348 2584 1418 Gregorium,
2619 1346 2714 1416 qui
2744 1361 2869 1400 eum
2921 1344 3016 1397 illo
3048 1340 3203 1404 vixit,
3239 1337 3491 1394 easdem-

1933 1455 2042 1510 que
2066 1440 2284 1494 scholas
2317 1437 2710 1509 l'requentavit,
2742 1445 2795 1490 et
2831 1450 2919 1489 res
2947 1435 3065 1504 ejus
3096 1431 3292 1485 melius
3333 1443 3492 1497 quam

1932 1533 2076 1588 alius
2112 1533 2400 1601 quisquam
2436 1536 2754 1599 perspectas
2781 1526 2995 1586 habuit,
3022 1523 3368 1592 feasdemque
3396 1535 3495 1584 pro

1933 1638 2000 1678 eo
2034 1632 2197 1692 atque
2226 1636 2324 1689 par
2347 1620 2470 1684 fuit,
2497 1618 2816 1684 risit,atque
2867 1615 2919 1668 in
2946 1612 3216 1668 Invectivis
3241 1610 3353 1664 suis
3382 1618 3496 1661 tra-

1934 1714 2106 1769 duxit.
2143 1714 2309 1784 lgitur
2337 1710 2684 1766 in‘lnvectiva
2703 1707 2940 1762 secunda
2978 1715 3168 1759 contra
3193 1702 3469 1757 Julianum

1934 1813 1989 1860 et
2014 1804 2217 1860 Great-ae
2244 1803 2525 1874 religionis
2553 1810 2869 1863 sectatores,
2903 1799 2968 1852 de
2996 1811 3063 1851 eo
3097 1799 3212 1849 tunc
3277 1792 3448 1847 refert
3480 1808 3494 1842 :

1863 1902 1910 1962 Β
1944 1915 1963 1948 ι
1991 1897 2168 1966 Atque
2225 1895 2340 1950 haec
2368 1895 2590 1964 quidem
2621 1892 2741 1946 aliis
2768 1889 3102 1959 experientia
3159 1896 3214 1942 et
3257 1886 3498 1954 potentia

1839 4595 1933 4654 ,ο

1937 1997 2260 2058 potestatem
2311 1985 2502 2054 adepta
2524 1982 2812 2038 exhibuit:
2867 1981 2999 2034 mihi
3033 1993 3164 2032 vera
3224 1975 3500 2046 quodam-

1937 2080 2101 2134 modo
2136 2078 2354 2148 longius
2373 2085 2529 2130 antea
2563 2084 2693 2129 sunt
2719 2073 2960 2145 cognita,
2998 2087 3062 2126 ex
3092 2083 3206 2140 quo
3255 2078 3501 2136 tempore

1947 2169 2182 2224 Athenis
2203 2182 2328 2221 cum
2363 2167 2588 2220 homine
2614 2165 2715 2218 fui.
2742 2164 2898 2219 Venit
2926 2176 3161 2232 namque
3190 2174 3255 2214 eo
3284 2173 3502 2228 quoque

1938 2277 2049 2315 non
2083 2262 2158 2314 ita
2192 2259 2364 2314 multo
2397 2267 2537 2327 post,
2569 2272 2731 2327 quam
2772 2256 2939 2310 frater
2999 2253 3118 2321 ejus
3168 2265 3337 2306 novas
3383 2249 3500 2303 fue-

1941 2361 2024 2406 rat
2058 2358 2250 2405 contra
2290 2349 2675 2418 imperatorem
2707 2361 2794 2400 res
2821 2345 3067 2406 molitus,
3109 2343 3328 2410 culpam
3381 2354 3501 2392 eam

1939 2457 1970 2497 a
1993 2457 2052 2498 se
2077 2441 2360 2497 amoliens.
2398 2441 2461 2494 Et
2499 2439 2773 2508 duplicem
2805 2453 2922 2507 prze-
2946 2451 3002 2490 se
3028 2432 3384 2505 perfectionis
3407 2431 3502 2483 At-

1941 2535 2061 2590 tica:
2099 2533 2222 2589 tulit
2249 2547 2504 2587 causam:
2545 2532 2770 2586 alteram
2812 2527 3034 2598 quidem
3101 2525 3502 2584 honestiorem,

1943 2631 2004 2677 ut
2031 2622 2254 2678 Graeciae
2286 2638 2371 2678 res
2388 2629 2766 2692 cognosceret,
2794 2630 2849 2674 et
2882 2618 3098 2673 scholas
3127 2617 3334 2670 Atticas
3355 2611 3506 2666 vide-

1941 2725 2056 2770 ret:
2085 2715 2314 2768 alteram
2351 2721 2536 2766 autem
2565 2710 2942 2773 oecultiorem,
3001 2716 3055 2762 et
3084 2707 3271 2776 paucis
3299 2714 3503 2763 notam,

1945 2817 2003 2862 ut
2029 2805 2351 2861 sacriﬁculis
2383 2804 2457 2858 ibi
2488 2814 2544 2858 et
2575 2801 2962 2858 seductoribus
2985 2799 3051 2854 de
3087 2799 3254 2852 rebus
3282 2798 3364 2852 eis
3384 2797 3508 2866 qui-

1942 2899 2046 2953 bus
2111 2897 2346 2952 maxime
2400 2895 2678 2956 studebat,
2715 2893 2873 2946 daret
2928 2904 3169 2960 operam,
3231 2887 3510 2957 impietate

1946 2997 2092 3044 tanta
2122 2989 2363 3042 nondum
2395 2995 2643 3055 apertam
2675 2984 2960 3038 obtinente
2993 2981 3326 3035 libertatem.
3371 2977 3508 3032 Tum

1945 3080 2110 3148 igitur
2140 3093 2250 3132 non
2302 3077 2503 3130 malum
2529 3090 2636 3138 me,
2664 3073 2784 3127 viro
2813 3087 2882 3127 eo
2919 3067 3320 3140 cognoscendo,
3381 3080 3514 3121 cet:-

1942 3171 2207 3242 jectorem
2243 3185 2363 3225 esse
2417 3167 2666 3223 memini.
2716 3167 2784 3220 Et
2815 3163 3066 3233 quamvis
3088 3177 3194 3216 non
3250 3173 3392 3213 unus
3451 3172 3512 3212 ex

1949 3264 2030 3317 eis
2054 3277 2255 3324 essem,
2287 3260 2380 3330 qui
2417 3261 2469 3313 in
2503 3259 2594 3312 tuli
2640 3268 2758 3312 arte
2787 3264 2914 3311 sunt
2943 3252 3172 3324 egregii,
3215 3262 3394 3305 tamen
3424 3263 3511 3302 me

1952 3364 2128 3408 vatem
2158 3353 2341 3407 ell‘ecit
2369 3367 2580 3425 morum
2619 3351 2738 3420 ejus
2762 3346 3182 3418 inaequabilitas.
3215 3353 3272 3398 et
3323 3351 3514 3410 stupor

1952 3448 2265 3500 maximus;
2304 3443 2576 3512 siquidem
2606 3442 2698 3510 qui
2733 3441 2870 3495 bene
2903 3439 3177 3508 coniectat
3231 3444 3404 3501 vates,
3463 3434 3512 3487 is

1952 3538 2276 3607 perhibetur
2304 3537 2566 3604 optimus.
2599 3533 2718 3588 Non
2749 3532 2879 3586 boni
2919 3546 3051 3586 sane
3086 3528 3326 3583 hominis
3375 3525 3517 3579 indi-

1952 3633 2034 3685 cia
2067 3630 2198 3683 mihi
2230 3643 2350 3684 esse
2373 3629 2484 3682 visa
2514 3635 2662 3689 sunt,
2685 3625 2871 3680 cervix
2903 3639 3012 3678 non
3040 3621 3374 3683 consistens,
3407 3620 3510 3672 hu-

1955 3722 2090 3776 meri
2118 3737 2258 3790 quos
2297 3719 2532 3775 subinde
2558 3719 2794 3789 jactaret
2826 3731 2890 3772 ac
2920 3716 3212 3770 reduceret
3248 3712 3514 3766 mobiles:

1953 3814 2097 3868 oculi
2135 3813 2433 3868 errabundi
2465 3823 2521 3866 et
2553 3813 2696 3881 vagi,
2751 3809 3221 3876 furibundumque
3254 3803 3516 3874 quiddam

1952 3917 2283 3962 cernentes:
2317 3904 2426 3974 92
2479 3903 2643 3972 pedes
2678 3903 2986 3965 instabiles,
3017 3909 3073 3955 et
3129 3898 3363 3965 genibus
3416 3911 3520 3950 nu-

1956 4008 2162 4052 tantes:
2192 4012 2358 4051 nasus
2385 3995 2770 4051 contumeliam
2789 4002 3233 4062 etcontemptum
3259 3991 3473 4059 spirans
3503 4005 3517 4041 :

1957 4091 2141 4146 vultus
2171 4089 2534 4154 deridiculus,
2567 4099 2622 4142 et
2653 4087 2795 4140 idem
2853 4086 3046 4139 vitium
3079 4099 3267 4139 secum
3297 4083 3519 4136 ferens:

1955 4183 2102 4238 risus
2122 4181 2533 4244 immoderatus,
2551 4187 2606 4234 et
2632 4192 2836 4246 corpus
2857 4176 3126 4230 cachinno
3155 4173 3518 4229 concutiens:

1957 4285 2123 4332 nutus
2153 4274 2268 4330 sive
2297 4286 2544 4326 annuens
2572 4285 2668 4325 seu
2702 4283 2964 4333 renuens,
3016 4267 3229 4321 ratione
3282 4281 3520 4321 carens:

1956 4386 2139 4427 sermo
2161 4369 2491 4432 consistens,
2512 4364 2956 4434 etrespiratione
3001 4363 3294 4417 concisus:
3349 4360 3522 4414 inter-

1958 4462 2266 4532 rogationes
2297 4460 2696 4528 incompositae,
2755 4468 2811 4511 et
2845 4456 3078 4525 inepte:
3131 4453 3524 4522 responsiones

1961 4553 2135 4606 nihilo
2167 4551 2274 4606 illis
2307 4550 2584 4614 meliores,
2643 4549 2762 4602 alia:
2795 4547 2918 4602 aliis
2963 4545 3338 4609 imminentes,
3391 4542 3524 4597 sibi-

1959 4658 2067 4713 que
2102 4641 2327 4696 minime
2359 4649 2696 4703 constantes,
2733 4653 2911 4708 neque
2949 4637 3018 4692 ab
3054 4635 3401 4690 institutione
3455 4633 3523 4686 li-

1955 4732 2246 4789 beralioris
2286 4731 2554 4787 doctrinae
2610 4729 3015 4799 provenientes.
3074 4728 3181 4783 Sed
3231 4725 3361 4796 quid
3421 4738 3524 4794 ego

1957 4825 2172 4896 singula
2202 4823 2661 4880 commemorem?
2695 4821 2882 4876 Talem
2921 4836 3050 4876 eum
3097 4828 3223 4873 ante
3277 4815 3526 4871 actiones

1957 4917 2077 4988 ejus
2099 4931 2218 4972 esse
2255 4915 2389 4980 vidi,
2431 4915 2646 4984 qualem
2677 4915 2733 4968 in
2765 4912 3074 4967 actionibus
3109 4910 3241 4980 ipsis
3265 4905 3522 4978 cognovi.

1957 5010 2034 5064 Ac
2052 5009 2097 5062 si
2128 5009 2257 5063 mihi
2287 5008 2564 5072 adessent,
2593 5006 2687 5076 qui
2727 5015 2838 5059 tum
2869 4991 3082 5058 mecum
3121 5003 3295 5066 fuere,
3325 5009 3382 5053 et
3435 5013 3522 5051 me
3568 5011 3572 5028 ’

1966 5102 2214 5167 audiere,
2238 5111 2399 5157 testes
2422 5101 2498 5154 illi
2519 5107 2727 5161 essent,
2751 5107 3035 5168 postquam
3065 5100 3163 5150 ista
3189 5093 3519 5158 vidi,statim

1959 5209 2044 5248 me
2072 5193 2326 5248 dixisse:
2371 5195 2512 5246 Deus
2557 5191 2718 5252 bone,
2750 5200 3012 5259 quantum
3055 5188 3254 5241 malum
3320 5183 3523 5238 Roma-

1959 5301 2091 5339 num
2123 5284 2269 5339 fovet
2304 5281 2637 5354 imperium?
2662 5281 3005 5349 Praedixique
3031 5279 3168 5333 adeo
3195 5280 3317 5342 ista,
3349 5285 3406 5332 et
3433 5293 3521 5333 me

1959 5376 2152 5430 falsum
2189 5385 2364 5429 vatem
2395 5389 2516 5427 esse
2545 5373 2748 5442 optavi.
2798 5371 2864 5425 Et
2919 5372 3112 5426 melius
3165 5370 3414 5440 proiecto
3467 5368 3518 5422 id

1957 5469 2172 5534 fuisset,
2203 5482 2364 5537 quam
2397 5475 2454 5520 ut
2487 5465 2566 5519 sic
2597 5466 2744 5519 orbis
2777 5477 2957 5520 noster
2990 5465 3153 5519 tantis
3208 5463 3526 5532 oppleretur

1960 5562 2136 5624 malis,
2167 5569 2221 5614 ct
2252 5560 2355 5614 tale
2386 5561 2439 5612 in
2474 5573 2540 5612 eo
2577 5558 2872 5612 exsisteret
2898 5566 3210 5627 portentum
3237 5567 3294 5612 et
3333 5557 3524 5626 prodi.

1958 5653 2126 5722 gi-nn,
2154 5651 2312 5719 quale
2357 5661 2512 5703 antea
2543 5666 2854 5720 nunquam:
2899 5666 3022 5722 cum
3056 5650 3277 5722 quidem
3341 5650 3523 5704 multa-

1957 5759 2222 5812 aquarum
2251 5743 2479 5813 vulgata:
2508 5743 2619 5798 sint
2644 5743 2950 5806 eluviones,
2970 5745 3153 5800 multa:
3175 5743 3517 5807 exustiones,

1959 5836 2142 5890 inultae
2194 5835 2605 5901 concussiones,
2675 5845 2730 5890 et
2790 5836 2969 5890 hiatus
3025 5845 3204 5899 teme,
3249 5845 3517 5906 praeterea

1962 5929 2243 5982 hominum
2299 5928 2607 5984 inhutnunm
2636 5940 2690 5983 et
2743 5930 2866 5984 ferar
2898 5932 3124 5991 succies,
3178 5938 3525 5983 monstroste-
