3912 6524
239 442 343 509 Ξιῧθ
1162 427 1767 495 Εεριεευιςτιαιε
1806 423 2190 489 merome
2230 425 2379 486 un.
2412 421 2463 483 Χ
2852 504 2855 507 _
3378 409 3483 471 5'0
3526 388 3543 411 ’

239 557 418 611 donec
442 567 572 609 eum
600 549 893 608 Tarsensis
917 548 1048 605 urbs
1066 549 1302 619 excepit,
1336 547 1523 601 nescio
1552 542 1846 614 quomodo,
1891 551 1985 596 aut
2009 556 2172 611 quam
2230 537 2300 594 ob
2328 548 2550 592 causam
2589 530 2655 588 ad
2689 526 3077 587 contumeliam
3131 524 3291 579 talem
3348 536 3484 576 con-

238 658 521 710 demnata.
578 652 661 710 lbi
714 650 804 704 ille
848 648 1118 703 tumulum
1186 617 1353 701 liabet
1413 643 1796 697 inhonoratum
1835 650 1893 694 et
1943 637 2255 708 sepulcrum
2312 629 2711 689 exsecrandum
2741 625 2978 679 maxime
3002 617 3479 688 etdcspuendum,

240 762 424 815 neque
449 746 527 816 pii
563 745 798 813 alicujus
826 742 1004 797 oculis
1043 738 1523 808 conspiciendum.
1559 735 1628 788 Et
1653 734 1816 816 sicuti
1855 746 1956 801 ego
2025 728 2246 799 quidem
2287 726 2354 781 de
2418 721 2675 793 quapiam
2696 717 2903 781 audivi,
2927 730 2997 770 ne
3024 713 3334 782 sepulcrum
3366 710 3487 776 (ιιιὶ-

240 839 363 894 dem
393 855 523 895 eum
551 839 793 909 recepit:
815 850 1001 891 verum
1028 850 1149 905 qua:
1174 834 1292 903 ejus
1322 847 1482 887 causa
1513 838 1782 886 commota
1811 812 1908 881 |est
1948 835 2119 889 terra,
2186 822 2419 878 cadaver
2471 817 2592 886 ejus
2630 821 2636 836 '
2665 811 2908 868 excussit
2955 817 3120 876 atque
3182 803 3392 873 reiecit,
3432 812 3488 854 ut

239 934 345 988 hoc
376 934 452 988 sit
479 898 802 987 ‘futurorum
825 898 1222 1000 suppliciorum
1252 927 1408 996 quasi
1441 922 1715 996 quoddam
1749 918 2097 989 praeludium.
2124 915 2191 970 Et
2229 914 2449 985 quidem
2490 912 2571 966 sic
2601 907 2696 980 qui
2747 901 3124 975 imperaverit,
3185 898 3264 954 sic
3282 898 3485 952 bt-llnm

242 1027 499 1097 gesserit,
531 1027 614 1082 sic
648 1039 871 1096 quoque
902 1022 1139 1092 turpiter
1171 1020 1335 1075 vitam
1368 1019 1599 1074 ﬁnivit.»

822 1142 1076 1197 ΚΕΦΑΛ.
1105 1138 1236 1195 ΛΗ’.

314 1234 461 1306 Περὶ
484 1234 597 1304 τῆς
619 1232 947 1306 βασιλείας
977 1230 1093 1306 ςσῦ
1127 1226 1420 1306 εὐσεϐοῦς
1440 1218 1750 1291 ,βασιλέως

723 1300 1007 1357 Ἰοϐιανοῦ
1034 1300 1105 1354 ἐν
1130 1297 1396 1367 Περσίδι.

319 1421 389 1477 ΟΞ
414 1419 471 1474 δέ
498 1436 563 1488 γε
598 1418 927 1489 στρατιῶται
956 1416 1052 1470 καὶ
1081 1416 1382 1486 στρατηγοὶ
1411 1415 1480 1484 τῇ
1507 1411 1639 1482 ἑξῆς
1672 1410 1824 1481 βασιι-

248 1510 349 1569 λέα
384 1508 834 1566 άναδεικνῦουσιν
875 1507 1157 1571 Ἰοϐιανδν,
1193 1500 1364 1573 ἄνδρα
1398 1502 1641 1572 ἐπιφανῆ
1668 1500 1737 1554 τά
1762 1516 1822 1552 τε

249 1606 391 1663 ἄλλα
422 1607 520 1659 καὶ
545 1607 643 1675 τὴν
666 1601 956 1657 εὐσέϐειαν
987 1600 1083 1654 καὶ
1133 1599 1193 1652 τὺ
1224 1595 1387 1661 εἶδος,
1419 1593 1730 1666 τυραννίδος
1750 1592 1826 1656 ὡς

249 1698 479 1768 ἀληθῶς
517 1693 703 1761 dator
728 1690 788 1757 ὃς
826 1692 1101 1764 χιλίαρχος
1138 1688 1216 1744 ὢν
1266 1691 1557 1759 πρότερον,
1588 1689 1826 1756 ὁπηνίκα

261 1786 563 1853 Ἰουλιανὸς
596 1791 713 1851 τοῖς
748 1785 1201 1856 στρατευομένοις
1253 1782 1468 1851 αἵρεσιν
1522 1778 1822 1850 προύτίθει,

249 1878 285 1951 ἦ
304 1879 462 1934 θύειν
486 1881 518 1949 ἦ
543 1878 643 1951 τὴν
672 1878 850 1949 ζώνην
872 1873 1252 1941 ἀποτίθεσθαι,
1279 1876 1337 1926 τὸ
1360 1871 1614 1942 δεύτερον
1642 1871 1827 1942 ᾑρεῖτο

254 1972 466 2042 μᾶλλον
496 1971 530 2041 ἢ
562 1967 803 2025 τοιοῦτον
830 1967 1028 2032 ἀσεϐὲς
1065 1966 1348 2037 ἐπίταγμα
1393 1964 1725 2034 ἐκπληροῦν.
1767 1962 1828 2017 '0

256 2064 361 2133 μέν
389 2058 488 2117 οὖν
523 2063 800 2133 βασιλεὺς,
829 2063 897 2130 τῇ
930 2058 1023 2114 τοῦ
1056 2057 1409 2128 ἐπικειμένου
1441 2056 1678 2127 πολέμου
1714 2054 1826 2126 βία,

254 2149 463 2225 οἷάπερ
515 2153 820 2224 στρατηγὸν
852 2152 1103 2221 άριστον,
1159 2149 1258 2204 σὺν
1287 2152 1398 2211 τοῖς
1435 2149 1641 2210 λοιποῖς
1693 2141 1831 2217 ἦγεν

258 2243 461 2297 αὐτόν’
513 2241 634 2295 τότε
677 2240 735 2292 δέ
761 2239 842 2302 εις
890 2238 951 2292 τὸ
980 2235 1286 2307 βασιλεύειν
1309 2235 1515 2307 μεταξὺ
1548 2239 1648 2305 τῆς
1676 2234 1834 2287 πολε-

260 2334 396 2404 μίας
449 2333 548 2385 ἅτε
602 2331 668 2401 δὴ
714 2331 823 2384 τῶν
854 2331 1029 2384 ἄλλων
1078 2328 1356 2400 διαφέρων
1384 2327 1655 2397 αἱρεθεὶς,
1694 2345 1834 2395 παρ-

1843 1137 1895 1196 Δ

2344 1121 2457 1195 94,
2498 1117 2722 1176 CAPUT
2777 1108 3043 1195 xxxviii

2028 1221 2107 1276 De
2167 1217 2387 1287 imperio
2449 1216 2522 1285 pii
2582 1209 2916 1287 imperatoris
2971 1192 3269 1268 Joviniani,
3327 1203 3383 1255 in

2577 1281 2817 1336 Perside.

1992 1400 2270 1458 Postridie
2327 1407 2513 1454 autem
2572 1403 2628 1448 et
2681 1391 2884 1446 milites
2945 1395 3002 1443 et
3066 1382 3339 1441 exercitus
3390 1379 3493 1432 du-

1923 1511 2017 1553 ces
2029 1494 2378 1551 Iovinianum
2398 1489 2785 1558 imperatorem
2804 1478 3140 1540 renuntiant,
3160 1474 3338 1529 virum
3366 1486 3491 1525 cum

1924 1588 2090 1642 rebus
2121 1584 2266 1649 aliis,
2296 1592 2413 1636 tum
2438 1593 2567 1635 vera
2594 1578 2797 1647 pietate
2828 1572 3124 1633 illustrem,
3155 1576 3494 1637 pret-susque

1926 1679 2101 1734 forma
2155 1683 2213 1732 et
2275 1681 2484 1730 statura
2517 1667 2764 1738 corporis
2821 1662 3054 1734 imperio
3096 1659 3357 1731 dignum;
3399 1656 3494 1725 qui

1926 1770 2187 1826 tribunus
2203 1774 2365 1839 antea
2392 1764 2591 1826 fuerat,
2623 1774 2748 1815 cum
2770 1758 3021 1814 Julianus
3048 1752 3335 1823 optionem
3389 1747 3495 1802 mi-

1927 1864 2122 1920 litibus
2145 1861 2392 1923 offerret,
2416 1864 2479 1912 ut
2503 1855 2588 1909 vel
2619 1853 2725 1909 diis
2756 1849 3152 1908 sacriﬁcarent,
3184 1843 3270 1899 vel
3302 1843 3500 1911 cingu-

1928 1957 2043 2013 lum
2077 1952 2286 2009 militia:
2319 1957 2376 2006 et
2424 1944 2708 2018 dignitatis
2754 1944 3117 2012 deponerent.
3162 1935 3341 2004 Atque
3402 1932 3497 1989 ille

1931 2051 2167 2105 alterum
2209 2044 2318 2098 hoc
2345 2041 2525 2097 facere
2556 2037 2773 2100 maluit,
2829 2046 2991 2104 quam
3024 2030 3206 2101 impia:
3258 2026 3496 2098 iussioni

1932 2153 2151 2211 parere.
2177 2133 2428 2192 Julianus
2449 2142 2615 2201 porro
2652 2126 2980 2183 necessitate
3014 2121 3162 2193 quod
3212 2127 3501 2188 tantopere

1934 2230 2166 2296 urgebat
2195 2226 2326 2282 belli
2366 2224 2656 2287 adductus,
2700 2233 2889 2274 secum
2942 2216 3112 2278 hunc,
3181 2221 3243 2268 ut
3296 2212 3494 2266 ducem

1934 2320 2225 2390 optimum,
2248 2331 2375 2372 cum
2399 2315 2523 2369 aliis
2544 2314 2599 2367 in
2628 2309 2910 2366 Persidem
2937 2306 3114 2361 duxit.
3139 2304 3280 2358 Tum
3311 2313 3500 2358 autem

256 2396 452 2495 ⁴ξλτεῑῖτο
518 2423 618 2493 τὴν
655 2396 991 2493 ⁷ἡγεμονίαν,
1059 2420 1153 2473 καὶ
1183 2396 1271 2474 ⁷τά
1308 2420 1410 2487 τῆς
1468 2418 1742 2491 βασιλείας
1769 2419 1830 2470 οὐ

1940 2410 1991 2465 in
2019 2409 2206 2465 hostili
2235 2407 2481 2477 regione,
2522 2412 2585 2458 ιιι
2616 2401 2739 2457 aliis
2768 2398 3142 2469 praestantior,
3202 2396 3513 2465 imperator

257 2475 530 2586 ἑροσιετο
572 2475 858 2583 'aspféoia,
892 2475 1066 2579 λέγων
1116 2513 1193 2582 μὴ
1238 2475 1499 2564 δύνασθαι
1527 2475 1833 2580 βασιλεϐειν

1940 2501 2137 2564 lectus,
2171 2475 2499 2568 dignitatem
2531 2508 2652 2549 eam
2673 2490 2887 2562 reiecit,
2919 2496 2975 2543 et
2998 2486 3233 2556 insignia
3264 2487 3505 2556 impera-

255 2606 477 2677 ἀνδρῶν
519 2603 850 2674 Ἐλληνίξειν
891 2600 1197 2673 μαθόντων,
1229 2603 1286 2653 ἐν
1320 2599 1665 2672 Χριστιανοῖς
1692 2601 1836 2652 ἐκεῖ·

257 2716 355 2761 νος
386 2696 593 2751 τελῶνο
632 2695 812 2748 εἰσότε
842 2693 906 2763 δὴ
933 2695 1088 2763 κοινῇ
1117 2693 1268 2762 φωνῇ
1309 2692 1671 2761 Χριστιανοὺς
1694 2684 1836 2743 εἶναι

260 2790 415 2858 σφᾶς
442 2787 829 2858 ὡμολόγησαν.
894 2785 982 2837 Ἐν
1018 2785 1170 2854 μέσῳ
1215 2783 1270 2836 δὲ
1298 2783 1373 2852 τῷ
1406 2782 1594 2852 πλάνῳ
1645 2783 1739 2834 καὶ
1768 2783 1834 2851 τῇ

256 2884 486 2953 ταραχῇ
515 2879 633 2933 τῶν
673 2876 1014 2949 πραγμάτων
1047 2873 1418 2941 ἀπολειφθεὶς,
1443 2875 1540 2942 τῆς
1574 2874 1839 2943 στρατιᾶς

252 2974 328 3029 ἐκ
351 2975 456 3044 τῆς
486 2971 596 3044 πρδ
622 2972 792 3026 αὑτοῦ
821 2974 1153 3045 στρατηγίας
1178 2970 1494 3041 ἐμπλήκτου
1522 2970 1837 3041 καμνούσης

260 3069 332 3137 τῇ
369 3065 573 3120 σπάνει
604 3064 714 3118 τῶν
751 3064 1096 3134 ἐπιτηδείων,
1124 3064 1265 3133 ἐγνω
1288 3062 1395 3115 δεῖν
1416 3062 1514 3114 καὶ
1542 3062 1836 3128 ἀναγκαῖον

262 3158 415 3215 εἶναι
444 3161 585 3231 πρὸς
616 3158 914 3227 συμϐάσεις
940 3158 1158 3228 χωρεῖν.
1189 3157 1300 3209 Καὶ
1324 3155 1389 3225 δή
1421 3170 1543 3208 τινα
1572 3152 1679 3207 τῶν
1703 3154 1839 3206 ὑπο-

263 3252 446 3304 τελῶν
487 3249 788 3320 Ῥωμαίοις
822 3246 1099 3316 παραδοὺς
1129 3245 1391 3314 Πέρσαις,
1417 3243 1518 3314 τήν
1553 3260 1611 3296 τε
1653 3243 1840 3313 Σύρων

265 3345 450 3415 ἀρχήν
480 3359 623 3414 φημι
652 3342 748 3395 καὶ
792 3340 890 3410 τὴν
927 3340 986 3392 ἐν
1021 3336 1419 3408 Μεσοποταμίᾳ
1448 3332 1686 3399 Νίσιϐιν,
1747 3335 1842 3387 ἐπὶ

268 3437 583 3507 συνθήκαις
611 3435 680 3488 τὰ
714 3434 807 3487 τοῦ
855 3434 1094 3503 πολέμου
1124 3431 1331 3485 διέλυεν
1355 3446 1371 3461 ⁶
1426 3428 1691 3497 ἀπρεπῶς
1742 3427 1841 3496 μὲν

276 3525 581 3594 Ῥωμαίοις
630 3523 866 3594 πράξας,
926 3522 1241 3590 ἀναγκαίως
1286 3519 1332 3573 δ’
1357 3519 1534 3589 ὅμως,
1560 3517 1748 3587 ὥσπερ
1779 3517 1841 3570 οὗ

268 3619 581 3693 βασιλείας,
636 3616 752 3670 ἀλλ’
804 3616 977 3686 ἥττης
1029 3612 1366 3684 κληρονόμος
1410 3611 1732 3681 γενόμενος·
1765 3609 1842 3672 ὡς

268 3714 391 3781 εἴγε
424 3710 504 3782 μὴ
528 3709 675 3764 τοῦτ’
706 3706 944 3779 ἔπραττε
972 3706 1106 3776 (καὶ
1136 3704 1343 3775 Πέρσαι
1377 3702 1690 3774 μετριάζειν
1711 3701 1843 3754 εἰδό·

267 3823 387 3869 τες,
416 3804 513 3856 καὶ
542 3804 655 3873 ὅρῳ
688 3801 787 3870 τὴν
809 3799 1123 3869 εὐπραγίαν
1167 3797 1410 3866 μετρεῖν,
1440 3795 1473 3866 ἢ
1508 3795 1603 3848 καί
1635 3810 1689 3845 τι
1721 3792 1841 3846 ἐτε-
1864 3821 1911 3886 C

269 3915 366 3968 ρον
395 3896 669 3958 δείσαντες
730 3893 810 3955 είς
848 3890 1149 3961 συμϐάσεις
1196 3889 1514 3959 ἐτράποντο,
1548 3887 1640 3939 καὶ
1670 3885 1841 3938 ταῦτα

270 3986 699 4059 φιλανθρώπους
728 3985 873 4038 οὕτω
918 3983 1016 4037 καὶ
1044 3981 1343 4051 ἀδοκήτους
1362 3980 1404 4047 )°
1448 3978 1600 4031 οὐδὲν
1631 3978 1839 4031 ἐκώλυε

273 4083 414 4153 μηδέ
446 4080 752 4151 πυρφόρον,
778 4078 840 4131 τὸ
862 4077 956 4132 τοῦ
985 4076 1175 4142 λόγου,
1205 4072 1620 4144 ὑπολειφθῆναι.
1651 4071 1764 4124 Νῦν
1797 4069 1843 4122 δ’

269 4172 299 4224 ὁ
332 4170 436 4240 μὲν
496 4167 821 4238 βιαζόμενος
872 4163 1140 4240 διασῶσαι
1198 4160 1365 4231 νεῦρα
1421 4162 1487 4230 τῇ
1552 4157 1842 4228 Ῥωμαίων

273 4266 443 4334 ἀρχῇ,
473 4260 567 4314 ἐπὶ
582 4258 883 4329 συνθήκαις
911 4256 1087 4319 οὕτως
1108 4254 1362 4325 αἰσχραῖς
1386 4269 1448 4306 τε
1480 4252 1576 4306 καὶ
1595 4251 1843 4318 ἀναξίαις

276 4356 597 4412 συνέϐαινεν
624 4351 854 4422 ἀϐουλίᾳ
887 4350 1086 4423 μᾶλλον
1113 4348 1207 4402 τοῦ
1261 4347 1369 4418 πρὸ
1409 4345 1575 4399 αὐτοῦ
1607 4362 1843 4415 στρατη-

272 4450 553 4519 γήσαντος
583 4445 616 4516 ἢ
643 4425 795 4514 atpth
822 4442 1002 4499 αὐτῶν
1025 4439 1291 4512 ἀνανδρίᾳ
1313 4458 1329 4473 ·
1362 4439 1457 4493 καί
1484 4454 1547 4506 γε
1569 4438 1843 4507 ἀγνώμων

274 4543 410 4612 παρ’
463 4540 591 4610 ἐμοὶ
616 4540 777 4609 κριτῇ
840 4535 1073 4603 γένοιτο,
1108 4532 1181 4603 ,ὃς
1227 4532 1434 4586 ἐκεῖνον
1462 4530 1641 4600 ἀφεὶς,
1670 4529 1843 4599 τούτῳ

273 4632 345 4685 τά
366 4633 468 4700 τῆς
488 4628 762 4701 μέμψεως
784 4625 1083 4695 ἐπιγράφοι
1106 4639 1121 4655 ο
1150 4624 1179 4676 ὁ
1198 4623 1306 4692 γὰρ
1332 4620 1534 4690 στάχυς
1561 4617 1662 4672 τοῦ
1690 4617 1842 4671 σπεί-

278 4738 474 4793 ραντος
510 4720 713 4791 μᾶλλον
744 4719 778 4789 ἢ
809 4715 902 4770 τοῦ
942 4714 1263 4784 θερίσαντος
1283 4727 1297 4743 ο
1334 4712 1429 4764 καὶ
1455 4712 1482 4762 ὁ
1513 4709 1842 4780 ἐμπρησμὸς

276 4814 337 4867 οὺ
364 4812 460 4866 τοῦ
521 4810 715 4864 σϐέσαι
777 4807 853 4878 μὴ
905 4806 1246 4874 δυνηθέντος,
1284 4801 1418 4855 ἀλλὰ
1452 4800 1546 4853 τοῦ
1588 4797 1843 4865 καθάπαξ

228 4898 235 4936 ῗ
275 4902 623 4973 ἐμϐαλόντος.
657 4900 767 4953 Καὶ
795 4898 855 4950 τὸ
883 4896 979 4948 τοῦ
1013 4894 1320 4964 Ἡροδότου,
1349 4910 1370 4944 ι
1414 4891 1586 4945 Τοῦτο
1614 4890 1673 4943 τὸ
1711 4890 1844 4942 ὑπό-

218 5043 228 5056 ,
276 4996 424 5116 δὲμα
453 4992 660 5064 ἐρραψε
686 4992 785 5063 μὲν
830 4990 1107 5051 Ἱστιαῖος,
1150 4987 1460 5057 ὑπεδήσατο
1502 4984 1560 5036 δέ
1592 4978 1844 5052 Ἀριστα-

277 5082 299 5116 π
346 5081 460 5116 σας.
496 5083 515 5115 ι

277 5081 460 5133 γορας.
496 5083 515 5115 ι

1939 2589 2075 2643 toria
2113 2602 2221 2643 non
2247 2585 2490 2655 recepit:
2525 2598 2635 2637 non
2674 2597 2833 2653 posse
2877 2595 2937 2634 se
2968 2577 3182 2640 dicens,
3226 2574 3507 2646 quiChriv

1937 2681 2151 2736 stianus
2175 2680 2268 2740 sit.
2307 2678 2580 2745 imperare
2613 2675 2769 2739 viris,
2802 2673 2898 2743 qui
2938 2672 3280 2742 grmcissare,
3306 2682 3502 2735 super-

1939 2770 2303 2840 stitionesque
2336 2767 2537 2824 sectari
2589 2765 2938 2831 didicissent;
2971 2763 3147 2818 donec
3175 2776 3283 2814 una
3311 2773 3504 2814 omnes

1937 2879 2072 2919 voce
2102 2860 2447 2918 Christianos
2477 2874 2535 2915 se
2565 2872 2687 2913 esse
2739 2864 2869 2911 sunt
2908 2854 3169 2925 professi.
3228 2853 3505 2909 Caeterum

1940 2956 1995 3010 in
2026 2968 2212 3009 errore
2240 2951 2423 3007 medio
2447 2958 2502 3005 et
2529 2963 2718 3004 rerum
2754 2947 2911 3001 turba
2936 2962 2965 3000 a
2988 2945 3207 3001 Juliano
3256 2944 3504 3008 relictus,

1939 3047 2086 3119 quod
2109 3046 2388 3101 exercitus
2419 3043 2601 3113 priore
2630 3039 2865 3110 imperio
2895 3044 3281 3093 consternatus
3334 3045 3503 3100 esset,

1941 3152 2237 3209 rerumque
2260 3134 2696 3191 necessariarum
2749 3131 2934 3202 inopia
2984 3136 3351 3201 premeretur,
3404 3144 3505 3183 ne-

1941 3230 2255 3288 cessitatem
2282 3226 2385 3282 sibi
2406 3226 2718 3295 impositam
2755 3237 2881 3277 esse
2902 3221 3178 3291 cognovit,
3211 3228 3270 3274 ut
3296 3217 3501 3272 bellum

1940 3321 2315 3395 paciﬁcatione
2350 3318 2697 3388 transigeret.
2737 3314 3084 3384 Quapropter
3108 3312 3226 3366 loca
3252 3310 3501 3382 quaedam

1943 3430 2063 3486 quae
2089 3411 2351 3468 Romanis
2401 3410 2603 3465 tributa
2634 3407 3008 3478 pensitabant,
3060 3404 3233 3473 Syria:
3290 3402 3509 3463 scilicet

1945 3506 2258 3578 imperium,
2284 3513 2340 3558 et
2371 3517 2492 3572 quae
2524 3501 2578 3563 in
2605 3497 2998 3569 Mesopotamia
3035 3508 3120 3551 est
3148 3494 3408 3557 Nisibim,
3439 3510 3505 3547 ex

1942 3596 2120 3664 pactis
2148 3592 2461 3660 conventis,
2525 3591 2705 3645 Persis
2745 3588 3035 3653 concessit,
3077 3595 3132 3641 et
3187 3585 3389 3640 bellum
3454 3583 3508 3635 id

1944 3686 2167 3741 solvit‘.
2203 3683 2358 3751 Quod
2392 3681 2613 3753 quidem
2650 3696 2759 3736 non
2798 3696 2828 3734 e
2852 3679 3115 3750 dignitate
3147 3676 3359 3745 imperii
3394 3675 3504 3737 ille,

1944 3778 2258 3832 necessario
2309 3784 2489 3829 tamen
2541 3772 2689 3840 fecit,
2723 3772 2905 3841 utqui
2964 3785 3072 3825 non
3117 3768 3357 3838 imperii,
3411 3769 3515 3821 sed,

1948 3870 2117 3926 cladis
2135 3870 2311 3924 haeres
2322 3876 2468 3923 esset
2510 3867 2588 3920 Ac
2610 3866 2714 3919 nisi
2729 3864 2835 3918 hoc
2862 3863 3103 3928 fecisset,
3125 3871 3181 3915 et
3206 3859 3308 3913 nisi
3331 3857 3517 3912 Persae

1949 3960 2229 4016 moderate
2254 3974 2311 4014 se
2326 3967 2604 4027 gerentes,
2625 3966 2680 4011 et
2713 3970 3033 4025 prosperum
3061 3966 3241 4006 rerum
3293 3966 3511 4005 succes‘

1943 4066 2064 4109 sitm
2118 4060 2272 4107 certo
2322 4053 2431 4105 line
2490 4047 2831 4110 claudentes,
2881 4034 2975 4098 aut
3017 4043 3161 4097 aliud
3229 4042 3510 4112 quippiam

1943 4149 2276 4206 metuentes,
2319 4138 2667 4195 conditiones
2697 4137 2845 4207 pacis
2867 4144 2974 4190 tam
3009 4135 3280 4189 humanas
3301 4143 3357 4187 et
3384 4133 3507 4187 ino-

1942 4238 2156 4306 pinatas
2199 4232 2633 4305 proposuissent,
2676 4231 2815 4285 nihil
2860 4229 3109 4306 profecto
3178 4226 3507 4288 obstitisset,

1946 4300 2079 4398 quin
2107 4342 2172 4382 ex
2200 4300 2269 4381 eo
2292 4300 2437 4381 bello
2467 4338 2536 4378 ne
2590 4323 2784 4393 ignifer
2835 4300 3083 4395 quidem.
3121 4320 3269 4392 quod
3327 4321 3511 4382 aiunt,
3558 4372 3573 4387 κ

1946 4415 2238 4471 incolumis
2272 4416 2556 4470 evasisset.
2588 4414 2768 4480 Quare
2796 4413 3123 4469 necessitate
3167 4410 3414 4475 adactus,
3452 4419 3512 4462 nt

1944 4522 2144 4562 nervos
2164 4520 2293 4560 suos
2317 4505 2569 4561 Romano
2601 4503 2834 4574 imperio
2884 4513 3263 4569 conservaret,
3315 4503 3508 4558 consli-

1945 4597 2188 4651 tionibus
2216 4597 2467 4664 turpibus
2495 4605 2658 4665 atque
2683 4595 2922 4666 indignis
2960 4610 3086 4650 cum
3118 4593 3367 4648 hostibus
3410 4592 3511 4646 de-

1943 4688 2109 4744 cidit:
2137 4690 2448 4743 temeritate
2474 4689 2645 4759 magis
2662 4690 2908 4758 proxima
2943 4687 3314 4757 imperatoris,
3344 4702 3508 4755 quam

1946 4794 2044 4835 sua
2074 4787 2169 4834 aut
2207 4779 2442 4834 militum
2506 4794 2732 4835 suorum
2767 4781 3093 4834 timiditate:
3153 4793 3239 4833 me
3291 4777 3508 4846 quidem

1941 4873 2128 4944 judice
2172 4872 2493 4943 periniquus
2532 4871 2722 4937 fuerit,
2753 4872 2847 4942 qui
2890 4872 2983 4925 illo
3025 4869 3239 4933 relicto,
3294 4867 3507 4933 culpam

1945 4966 2066 5035 ejus
2110 4963 2505 5035 paciﬁcationis
2559 4964 2613 5017 in
2645 4964 2793 5017 hunc
2835 4960 3102 5016 conferat.
3146 4958 3312 5029 Seges
3363 4955 3508 5008 enim

1946 5057 2144 5112 satoris
2175 5056 2356 5126 potius
2386 5070 2548 5125 quam
2599 5054 2858 5109 messoris
2915 5064 3041 5106 est:
3085 5058 3141 5104 et
3195 5048 3508 5102 incendimn

278 5174 386 5213 non
417 5156 649 5229 ejusqui
676 5155 730 5211 id
759 5154 1111 5222 exstinguere
1136 5151 1329 5221 possit,
1388 5149 1482 5206 sed
1522 5151 1617 5220 qui
1688 5151 1741 5205 id
1800 5152 1971 5207 semel
2032 5153 2310 5217 excitarit,
2378 5167 2502 5207 esse
2541 5151 2821 5206 creditur:
2882 5147 2990 5218 95
3033 5146 3289 5225 quodque
3364 5148 3509 5214 apud

281 5253 615 5310 Herodotum
646 5259 753 5317 est,
785 5267 805 5301 ι
834 5248 1091 5304 Calceum
1138 5245 1360 5315 quidem
1417 5245 1580 5299 istum
1634 5245 1850 5300 consuit
1878 5244 2155 5315 llistizeus,
2183 5246 2361 5302 induit
2392 5255 2572 5302 autem
2602 5245 3005 5317 Aristagoras.»

354 5441 428 5513 (ι)
455 5438 1054 5513 GregoriiNazianzeni
1095 5439 1223 5513 llaec
1240 5437 1402 5513 verba
1432 5444 1581 5492 sunt.

451 5503 816 5569 Theodoritus
849 5510 1176 5564 tricennales
1212 5508 1459 5563 inducias
1500 5512 1683 5576 pactas
1710 5503 2079 5571 essescribit.

1876 5738 1945 5753 ,κ
