3912 6556
427 313 539 383 ξιῗθ

1638 303 2068 370 NICEPHORI
2105 304 2192 364 CA
2203 304 2455 365 LLlSTI

3595 303 3706 364 580

427 433 574 497 lius,
633 438 690 487 et
738 439 1052 487 creaturam
1129 426 1553 495 facturamque,
1589 433 1648 480 et
1704 419 2000 477 mutationi

2116 418 2433 489 ἠπάτησαν,
2457 419 2600 474 ὥστε
2634 420 2729 473 καὶ
2753 420 2880 483 τοὺς
2907 418 3199 481 δοκοῦντας
3224 412 3367 471 εἶναί
3399 435 3454 471 τι
3480 434 3711 482 συναπ-

425 525 727 581 obnoxtum
762 537 883 577 esse
939 520 1207 577 dicentes.
1247 521 1327 573 Ac
1361 517 1567 573 multos
1598 514 1851 586 profecto
1907 527 2005 582 per

428 621 544 674 inec
578 617 939 678 seduxerunt,
960 614 1098 669 adeo
1131 623 1191 668 ut
1223 612 1388 669 etiam
1421 609 1517 681 qui
1542 608 1866 664 viderentur
1886 620 2007 661 esse

422 710 654 781 aliquid,
698 709 753 764 in
800 708 1021 763 illorum
1048 706 1261 775 abrepti
1290 704 1397 759 sint
1439 699 1862 771 blasphemiam.
1896 696 2005 754 Sed

424 803 572 857 enim
630 801 803 856 sancti
855 800 1048 855 Patres
1094 807 1307 852 mature
1366 795 1475 851 illis
1499 794 1723 849 obviam
1783 801 2003 857 euntes,

427 893 592 950 sicuti
651 892 913 957 diximus,
963 890 1200 947 concilio
1239 889 1432 944 Nicaeae
1477 895 1690 950 coacto,
1745 884 2004 940 Arianam

426 987 646 1057 quidem
694 983 946 1039 haeresim
981 983 1330 1037 anathemate
1370 977 1776 1040 confoderunt,
1816 975 2009 1030 catho-

426 1080 545 1134 lica:
573 1087 756 1132 autem
789 1086 843 1130 et
870 1074 1199 1130 universalis
1244 1071 1507 1127 Ecclesia:
1542 1068 1666 1124 lidei
1704 1066 2008 1139 professio-

428 1187 552 1227 nem
581 1174 635 1224 in
690 1170 956 1239 scriptum
1004 1168 1315 1223 retulerunt
1360 1182 1375 1219 :
1425 1173 1486 1218 ut
1527 1178 1589 1216 ea
1628 1162 1744 1230 ipsa
1798 1159 2004 1229 ubique

428 1263 810 1333 depmdieata,
865 1263 1089 1316 suborta
1132 1259 1577 1327 exstingueretur
1634 1253 1878 1308 haeresis.
1934 1250 2005 1306 Et

428 1361 566 1411 lecta
598 1356 686 1410 illa
717 1364 803 1411 est
837 1363 1002 1424 atque
1032 1352 1309 1408 celebrata
1337 1352 1390 1404 in
1431 1349 1665 1404 ecclesia
1693 1346 1864 1402 omni.
1889 1344 2006 1401 Cae-

423 1462 604 1505 terum
645 1464 770 1505 eum
804 1463 1070 1504 renovare
1100 1444 1358 1500 Arianam
1388 1442 1642 1497 haeresim
1688 1454 1836 1494 nunc
1864 1453 2006 1509 quo-

429 1560 536 1613 que
570 1543 846 1605 volentes,
905 1539 1149 1595 nonnulli
1197 1538 1417 1607 quidem
1450 1552 1480 1589 a
1525 1533 1778 1590 Patribus
1809 1532 2006 1587 Nicaeae

428 1634 829 1705 promulgatam
860 1632 1021 1686 {idem
1055 1631 1325 1701 abrogare
1351 1628 1610 1692 audeant,
1639 1625 1863 1696 quidam
1909 1639 2007 1678 au-

430 1739 537 1782 t-m
571 1741 681 1796 pra:
714 1740 773 1780 se
795 1724 1018 1795 quidem
1053 1725 1278 1776 obtentu
1312 1719 1544 1793 quodam
1580 1716 1759 1783 (erant
1792 1715 2007 1785 profes-

427 1824 639 1876 sionem
669 1820 812 1890 ejus,
848 1835 907 1874 re
942 1818 1058 1887 ipsa
1088 1831 1221 1872 vero
1244 1830 1362 1869 eam
1387 1820 1606 1883 negent,
1633 1824 1921 1881 perperam
1947 1808 2008 1862 τὸ

426 1913 714 1985 δμοούσιον
742 1910 1214 1968 consubstantiale
1243 1908 1691 1976 interpretantes,
1726 1904 1822 1975 qui
1859 1902 2005 1958 blas-

429 2007 649 2079 phemia
672 1986 838 2061 etiam
870 2004 1135 2074 Spiritum
1163 2009 1414 2055 sanctum
1447 2006 1734 2068 appetunt.
1758 2010 1827 2051 eo
1858 1993 2011 2066 quod,

428 2105 738 2152 creaturam
769 2111 893 2151 eum
919 2110 1015 2164 per
1043 2094 1241 2148 Filium
1274 2090 1472 2146 factam
1500 2099 1554 2144 et
1574 2087 1855 2144 conditam
1886 2100 2009 2141 esse

428 2191 663 2246 dicunt:
721 2188 1034 2243 necessario
1054 2186 1122 2241 ad
1171 2186 1642 2255 pietatemtuam,
1672 2195 1792 2235 eam
1834 2179 2009 2248 ipsam

429 2283 707 2339 Nicamam
741 2281 866 2336 lidei
897 2279 1298 2350 professionem
1332 2318 1345 2343 ,
1381 2275 1715 2330 detrimento
1763 2287 1831 2327 eo
1862 2270 2010 2342 quod

426 2390 499 2430 ex
532 2373 847 2444 huiusmodi
894 2371 1238 2442 blasphemia
1293 2367 1451 2423 multi
1508 2367 1693 2438 populi
1748 2366 2008 2435 capiunt,

432 2481 725 2537 perpenso,
763 2464 1083 2519 mittendam
1124 2478 1248 2518 esse
1297 2462 1575 2526 duximus,
1604 2468 1663 2514 ut
1688 2459 1863 2529 pietas
1920 2469 2012 2515 tua

434 2576 598 2629 quam
624 2569 879 2615 accurate
914 2573 977 2613 ea
1005 2558 1206 2627 scripta
1252 2557 1346 2620 sit,
1377 2562 1695 2626 cognoscat,
1727 2563 1782 2608 et
1831 2569 2011 2624 quan-

436 2663 554 2707 tum
610 2667 641 2706 a
684 2653 918 2706 veritate
973 2654 1254 2715 aberrent,
1303 2650 1399 2718 qui
1447 2658 1646 2717 praeter
1671 2646 1815 2702 lianc
1863 2645 2010 2701 aliud

437 2745 659 2806 docent,
689 2744 895 2798 videat.
931 2742 1064 2797 Illud
1083 2741 1243 2807 scito,
1259 2740 1731 2795 Christianissimc
1748 2739 2012 2810 Auguste,

436 2855 473 2909 a_
523 2838 723 2892 saeculo
778 2837 919 2891 hanc
964 2850 1087 2889 esse
1152 2833 1501 2903 prazdieatam
1537 2832 1719 2899 (idem,
1754 2841 1811 2885 et
1871 2829 2014 2885 hanc

436 2928 608 2999 ipsam
639 2927 913 2999 professos
940 2942 1086 2990 esse,
1111 2927 1205 2997 qui
1229 2925 1427 2981 Nicaeae
1442 2939 1758 2981 convenere
1780 2923 1970 2979 Patres
1998 2941 2011 2979 :

436 3021 595 3092 101
626 3021 803 3091 Atque
821 3020 1126 3075 etiamnum
1160 3016 1437 3090 sull'rngiis
1471 3018 1584 3072 suis
1602 3032 1723 3072 eam
1756 3031 2013 3087 compro-

2109 511 2341 581 αχθῆναι
2375 514 2554 567 αὐτῶν
2579 517 2646 584 τῇ
2689 512 3037 584 βλασφημίᾳ.
3106 494 3563 582 Καὶὶφθάσαντες
3607 511 3713 580 μὲν

2109 603 2158 655 al
2189 601 2336 671 ἅγιοι
2374 605 2624 674 Πατίρες
2656 604 2837 675 ἡμῶν,
2876 604 3251 667 συνελθόντες,
3279 604 3359 666 ὼς
3408 605 3708 672 προείπον,

2110 695 2168 749 ἐν
2201 697 2266 765 τῇ
2297 697 2438 751 κατά
2468 697 2706 752 Νίκαιαν
2733 697 2960 768 συνόδῳ,
2992 695 3091 766 τὴν
3154 696 3258 767 μὲν
3284 693 3583 766 Ἀρειανὴν
3626 693 3717 746 αε-

2112 803 2265 858 ρεσιν
2293 788 2725 859 ἀνεθεμάτισαν,
2780 790 2881 859 τὴν
2909 790 2969 843 δέ
3014 793 3116 861 τῆς
3141 788 3438 858 καθολικῆς
3465 786 3716 854 Ἐκκλη-

2112 877 2237 943 σίας
2276 880 2468 934 πίστιν
2506 880 2874 951 ὡμολόγησαν
2910 883 3229 952 ἐγγράφως.
3265 881 3457 946 Ὥστε,
3492 878 3714 946 ταύτης

2109 971 2386 1040 πανταχοῦ
2412 975 2854 1044 κηρυττομένης,
2876 973 3294 1040 ἀποσϐεσθῆναι
3321 974 3423 1040 τὴν
3443 972 3554 1024 ἀνα
3566 971 3718 1036 ,τθεῖ-

2112 1077 2212 1114 σαν
2247 1062 2462 1133 αἵρεσιν
2503 1066 2655 1133 παρὰ
2674 1062 2782 1116 τῶν
2812 1063 3130 1135 αἱρετικῶν.
3166 1060 3277 1117 Ἦν
3310 1064 3409 1133 μὲν
3439 1060 3539 1114 οῦν
3566 1057 3715 1128 αῦτη

2110 1153 2256 1211 κατὰ
2283 1156 2465 1208 πᾶσαν
2510 1155 2810 1227 ἐκκλησίαν
2840 1156 3330 1225 ἀναγινωσκομένη
3362 1172 3423 1207 τε
3456 1154 3561 1207 καλ⁵
3613 1170 3718 1224 κη»-

2113 1246 2443 1315 ρνττομένη.
2504 1246 2650 1299 Ἀλλ’
2703 1248 2896 1316 ἐπειδὴ
2966 1249 3067 1318 τὴν
3134 1246 3427 1318 Ἀρειανὴν
3489 1246 3716 1313 αἵρεσιν

2109 1337 2419 1391 ἁνανεῶσαι
2482 1338 2801 1410 βουλόμενοί
2850 1357 2998 1403 τινες
3037 1339 3137 1411 μὲν
3174 1339 3343 1409 αὐτὴν
3373 1339 3478 1408 τὴν
3511 1341 3581 1393 ἐν
3613 1338 3716 1390 Νι-

2111 1431 2242 1502 κσίᾳ
2291 1431 2443 1500 παρά
2472 1431 2580 1485 τῶν
2624 1432 2879 1504 Πατέρων
2925 1431 3361 1503 ὁμολογηθεῖσαν
3392 1431 3596 1483 πίστιν
3626 1446 3718 1481 τε·

2108 1523 2451 1593 τολμήκασιν
2486 1522 2776 1593 ἀθετῆσαι,
2816 1525 2964 1587 τινες
3004 1523 3063 1578 δὲ
3097 1523 3541 1594 σχηματίζονται
3581 1526 3718 1592 ὁμου

2108 1616 2291 1685 λογεῖν
2316 1616 2509 1689 αὐτὴν,
2542 1620 2664 1677 ταῖς
2701 1616 2758 1670 δὲ
2804 1617 3095 1689 ἀληθείαις
3138 1616 3457 1689 ἀρνοῦνται,
3492 1634 3720 1689 παρερ-

2115 1709 2442 1777 μηνεύοντες
2493 1708 2554 1761 τὸ
2582 1708 2891 1779 όμοοὺσιον,
2932 1712 3031 1765 καὶ
3063 1705 3211 1763 οὗτοι
3247 1709 3722 1780 βλασφημοῦντες

2111 1800 2171 1854 τὸ
2201 1798 2426 1869 Πνεῦμα
2475 1801 2536 1854 τὸ
2559 1801 2714 1871 αγιον
2739 1804 2797 1854 ἐν
2850 1802 2930 1871 τῷ
2990 1801 3222 1870 φάσκειν
3252 1802 3455 1864 αὐτοὺς
3496 1801 3724 1872 κτίσμα

2111 1889 2251 1966 εζναι
2302 1899 2397 1950 καὶ
2430 1902 2643 1968 ποίημα
2669 1898 2758 1952 διὰ
2788 1898 2886 1952 τοῦ
2926 1897 3058 1951 Υίοῦ
3097 1898 3347 1967 γεγονὸς,
3382 1899 3722 1963 ἀναγκαίως

2112 1988 2208 2043 καὶ
2248 1990 2411 2058 ἡμεῖς
2471 1990 2851 2061 θεωρήσαντες
2899 1989 3178 2044 ἐπιδοῦναι
3208 1992 3271 2059 τῇ
3319 1991 3385 2060 σῇ
3420 1987 3720 2056 εὐσεϐείᾳ,

2111 2081 2210 2151 τὴν
2233 2083 2291 2134 ἐν
2326 2081 2531 2152 Nam;
2564 2082 3004 2154 ὁμολογηθεῖσαν
3043 2084 3229 2137 πίστιν
3259 2083 3721 2150 ἐσπουδάσαμενο

2114 2172 2200 2225 ἶνα
2227 2172 2340 2244 γνῷ
2374 2192 2469 2228 σου
2494 2176 2525 2244 ἡ
2551 2174 2831 2229 θεοσέϐεια
2872 2174 2995 2246 μεθ’
3025 2174 3157 2246 ὅσης
3182 2174 3473 2245 ἀκριϐείας
3501 2173 3723 2244 γέγρα-

2112 2280 2270 2327 πται,
2305 2266 2398 2318 καὶ
2442 2267 2567 2320 ὅσον
2603 2265 2914 2343 πλανῶνται
2950 2266 3000 2319 οἱ
3038 2266 3170 2337 παρ’
3199 2267 3369 2337 αὐτὴν
3416 2267 3724 2321 διδάσκον-

2113 2376 2220 2421 τες.
2254 2359 2519 2425 Γίνωσκε,
2553 2358 2940 2428 θεοεριλέσ;ατε
2974 2358 3277 2429 Δῦγουστε,
3311 2361 3395 2413 ὅτι
3418 2360 3570 2431 αῦτη
3619 2359 3723 2429 μὲν

2114 2453 2147 2521 ἡ
2179 2449 2236 2516 ἐξ
2282 2450 2479 2515 αἰῶνος
2526 2453 2950 2522 κηρυττομὲνη·
2987 2453 3199 2524 ταύτην
3244 2452 3301 2507 δὲ
3329 2452 3718 2525 ὡμολόγησαν

2114 2546 2162 2596 oi
2196 2547 2252 2599 ἐν
2286 2545 2333 2597 Ν
2343 2545 2497 2617 ικαίᾳ
2529 2543 2879 2611 συνελθόντες
2930 2546 3197 2616 Πατέρες,
3224 2546 3319 2601 καὶ
3349 2544 3531 2620 ταύτῃ
3571 2546 3722 2614 σύμ-

2114 2637 2287 2708 ψηφοι
2310 2640 2641 2709 τυγχάνουσι
2678 2644 2850 2695 πᾶσαι
2891 2643 2945 2696 αί
2979 2640 3122 2695 κατὰ
3149 2642 3312 2694 τόπον
3340 2640 3647 2710 ἐκκλησίαι
3668 2638 3727 2693 αῖ

2115 2747 2174 2783 τε
2208 2734 2348 2787 κατά
2382 2734 2481 2803 τὴν
2518 2733 2758 2787 Σπανίαν
2783 2734 2879 2789 καὶ
2908 2734 3276 2806 Βρετταννίαν
3301 2735 3396 2788 καὶ
3424 2733 3678 2798 Γαλλίας
3698 2750 3720 2765 ⁸

2117 2824 2212 2877 καὶ
2232 2824 2404 2894 αίτῆς
2446 2825 2678 2889 Ἰταλίας
2709 2827 2893 2898 πάσης
2947 2826 3043 2878 καὶ
3087 2824 3450 2896 Καμπανίας,
3486 2823 3723 2896 Δαλμα-

2116 2916 2237 2979 τίας
2276 2931 2334 2969 τε
2372 2915 2468 2971 καὶ
2520 2917 2757 2985 Μυσίας,
2788 2917 3131 2982 Μακεδονίας
3166 2920 3260 2972 καὶ
3290 2917 3473 2988 πάσης
3517 2919 3726 2972 Ἐλλά-

2117 3005 2227 3074 δος,
2268 3009 2365 3060 καὶ
2409 3009 2462 3060 al
2490 3008 2629 3062 κατὰ
2678 3009 2951 3081 ’Λφρικὴν
2987 3012 3188 3075 πᾶσαι,
3233 3012 3327 3065 καὶ
3371 3009 3719 3081 Σαρδανξαν,

434 3114 567 3170 bare
586 3129 780 3169 omnes
797 3129 919 3183 qua:
949 3113 1153 3182 passim
1178 3120 1304 3168 sunt
1332 3111 1622 3174 ecclesias,
1641 3111 1696 3164 in
1726 3109 2009 3180 Hispania,

2119 3099 2212 3154 καὶ
2256 3101 2502 3172 Κύπρον,
2535 3103 2631 3157 καὶ
2686 3105 2940 3175 Κρήτην,
3000 3104 3330 3175 Παμφυλίαν
3379 3121 3438 3159 τε
3470 3105 3575 3158 καὶ
3610 3105 3724 3159 Δυ-

432 3217 493 3262 et
516 3207 897 3271 Britannia,et
924 3203 1124 3267 Gallia,
1154 3213 1212 3259 et
1233 3202 1551 3271 Ccrrmnia,
1579 3201 1804 3257 etltalia
1834 3201 2006 3268 omni,

433 3295 831 3367 ctCampania.
890 3307 945 3352 et
990 3295 1277 3361 Dalmatia,
1328 3293 1535 3365 Mysia,
1569 3291 1910 3356 Macedonia,
1958 3303 2014 3346 et

435 3400 630 3443 cuncta
660 3386 892 3453 Graecia,
925 3387 980 3441 in
1012 3387 1197 3441 Africa
1240 3396 1375 3453 tota,
1409 3386 1464 3441 in
1498 3385 1776 3452 Sardinia,
1807 3384 2010 3456 Cypro,

433 3479 616 3541 Creta.
638 3479 992 3551 Pamphylia,
1011 3479 1197 3550 Lycia,
1225 3479 1453 3542 Isauria,
1480 3478 1537 3532 in
1567 3476 1807 3548 Ευριο
1835 3477 2010 3541 omni,

435 3571 627 3643 Libya,
656 3572 855 3638 Ponto,
894 3581 949 3626 et
987 3569 1354 3642 Cappadocia,
1409 3578 1575 3640 atque
1616 3570 1770 3627 hisce
1814 3570 2015 3626 vicinis

437 3664 620 3719 terris.
659 3665 805 3735 ipsas
848 3680 1068 3735 quoque
1111 3663 1355 3719 Orientis
1380 3663 1646 3719 ecclesias
1667 3703 1681 3728 ,
1706 3664 1896 3733 paucis
1920 3680 2016 3718 ex-

436 3754 610 3824 ceptis
655 3770 777 3826 quin
822 3770 949 3812 cum
995 3754 1215 3809 Arianis
1265 3755 1533 3810 sentiunt.
1572 3754 1832 3810 Omnium
1863 3755 2012 3811 enim

427 3862 627 3903 earum
662 3862 800 3918 quas
832 3848 1216 3902 recensuimus
1252 3856 1533 3918 COIllpBl'la
1565 3847 1725 3904 nobis
1780 3856 1863 3903 est
1891 3864 2017 3904 sen-

437 3937 628 4005 tentia,
664 3939 807 4008 quod
837 3938 907 3993 ab
935 3938 1016 3993 eis
1045 3938 1308 4009 epistolas
1330 3940 1652 3996 habeamus.
1675 3940 1743 3994 Et
1778 3941 2013 4006 scimus,

435 4031 531 4087 Dei
583 4031 960 4086 amantissime
1004 4033 1268 4102 Auguste,
1305 4032 1573 4102 quamvis
1591 4031 1748 4101 pauci
1787 4030 2014 4102 quidam

432 4122 565 4179 lidei
602 4122 690 4179 is:i
717 4122 1101 4190 adversentur,
1143 4124 1281 4178 nihil
1331 4131 1514 4178 tamen
1554 4138 1655 4178 eos
1703 4122 2014 4194 pra-judicii

428 4214 635 4272 allerre
679 4232 839 4286 posse
877 4217 997 4271 orbi
1040 4216 1326 4271 universo.
1369 4217 1548 4286 Atque
1580 4215 1661 4270 illi
1716 4215 1879 4287 longo
1901 4215 2015 4287 jam

436 4318 688 4378 tempore
716 4308 787 4363 ab
831 4307 1032 4362 Ariana
1073 4306 1263 4362 infecti
1309 4306 1422 4372 lue,
1463 4306 1817 4363 contentione
1847 4308 2013 4362 etiam

436 4404 643 4472 majore
700 4417 848 4456 nunc
880 4416 1022 4455 vera:
1066 4399 1337 4455 resistunt
1376 4400 1586 4471 pietati.
1622 4400 1689 4455 Et
1722 4411 1817 4455 utx
1839 4399 2016 4470 pietas

2115 3195 2265 3257 κίαν,
2298 3197 2394 3247 aut
2418 3193 2719 3265 Ἰσαυρίαν,
2750 3196 2849 3248 καὶ
2899 3197 2956 3248 αί
3003 3197 3145 3251 κατά
3180 3199 3363 3251 πᾶσαν
3399 3197 3721 3267 Αιγυπτον,

2116 3285 2479 3356 καὶΛιϐύην,
2509 3290 2603 3341 καὶ
2657 3286 2883 3352 Πόντον,
2912 3289 3007 3341 καὶ
3053 3289 3483 3351 Καππαδοκίαν,
3515 3290 3623 3342 καὶ
3654 3291 3720 3345 τὰ

2117 3378 2344 3446 πλησίον
2377 3377 2538 3448 μέρη,
2570 3378 2665 3431 καὶ
2697 3380 2752 3431 ad
2778 3378 2921 3432 κατὰ
2949 3380 3218 3444 ἀνατολάς
3246 3381 3542 3450 ἐκκλησίαι
3572 3400 3724 3452 παρ-

2108 3469 2176 3534 ὲξ
2197 3470 2394 3538 ὀλίγων
2422 3467 2531 3524 τῶν
2561 3470 2631 3523 τὰ
2692 3469 2914 3545 Ἀρείου
2950 3472 3311 3543 φρονούντων.
3343 3475 3575 3531 Πάντων
3606 3480 3721 3550 γάρ

2115 3562 2227 3613 τῶν
2252 3563 2674 3633 προειρημένων
2699 3566 2765 3634 τῇ
2790 3564 2956 3635 πείρᾳ
2978 3565 3304 3635 ἐγνώκαμεν
3328 3567 3425 3637 τὴν
3453 3567 3717 3640 γνώμην,

2117 3656 2211 3708 καὶ
2242 3655 2553 3726 γράμματα
2606 3656 2827 3727 ἔχομεν,
2864 3657 2961 3710 καὶ
3010 3657 3259 3729 οίδαμεν,
3321 3659 3723 3730 θεοφιλέστατε

2118 3745 2421 3817 Αὕγουστε,
2456 3749 2539 3802 ὅτι
2575 3747 2680 3802 κᾶν
2736 3749 2909 3818 ὀλίγοι
2955 3749 3100 3813 τινές
3137 3751 3467 3820 summa;
3531 3754 3718 3829 ταύτῃ

2117 3844 2185 3912 τῇ
2222 3841 2427 3908 πίστει,
2481 3841 2542 3895 οὐ
2594 3842 2859 3898 δύνανται
2905 3845 3196 3917 πρόκριμα
3230 3850 3407 3903 ποιεῖν
3444 3849 3602 3923 πάσῃ
3650 3852 3719 3922 τῇ

2117 3932 2440 4003 οἰκουμένῃ.
2497 3932 2689 4003 Πολλῷ
2730 3934 2842 4005 γὰρ
2878 3935 3057 4006 χρόνῳ
3108 3936 3402 4006 βλαϐέντες
3454 3938 3565 3992 ὐπὸ
3610 3941 3720 4008 τῆς

2131 4022 2422 4094 ’Δαρειανῆς
2455 4024 2726 4094 αἱρέσεως
2755 4026 3189 4099 φιλονεικότερον
3220 4028 3321 4082 νῦν
3355 4030 3721 4086 ἀνθίστανται

2118 4117 2185 4185 τῇ
2205 4115 2459 4186 εὐσεϐείᾳ
2481 4132 2494 4148 ·
2528 4116 2623 4169 καὶ
2656 4117 2798 4190 ὑπὲρ
2822 4118 3119 4185 γινώσκειν
3143 4120 3245 4192 τὴν
3272 4121 3373 4193 σὴν
3395 4121 3716 4186 εὐσέϐειαν,

2120 4208 2303 4262 καίτοι
2353 4209 2755 4277 γινώσκουσαν,
2817 4212 2971 4282 ὅμως
3024 4214 3467 4286 ἐσπουδάσαμεν,
3499 4218 3601 4288 τὴν
3659 4220 3757 4271 tv‘

2118 4301 2330 4373 Νικαίιῖ⁸
2360 4302 2543 4358 πίστιν
2576 4304 3014 4376 ὁμολογηθεῖσαν
3070 4307 3178 4360 ὑπὸ
3216 4308 3324 4363 τῶν
3374 4311 3718 4381 τριακοσίων

2120 4392 2251 4445 δέκα
2283 4393 2378 4446 καὶ
2407 4394 2558 4448 ὀκτὼ
2584 4397 2901 4452 ἐπισκόπων
2923 4397 3214 4465 ὑποτάξαι.
3251 4400 3408 4453 Ἐστι
3438 4400 3496 4454 δὲ
3528 4400 3671 4473 αὕτη
3695 4418 3715 4435 ⁸

430 4471 533 4547 tua
563 4494 723 4548 [idem
754 4492 1029 4546 Nicaenam
1078 4501 1409 4563 cognoscat,
1440 4492 1688 4562 quamvis
1721 4502 1881 4548 antea
1924 4508 2012 4548 co-

2121 4482 2464 4552 Πιστεύομεν
2494 4486 2570 4550 είς
2595 4484 2690 4540 ἕνα
2709 4485 2871 4554 θεὸν,
2892 4487 3108 4560 Πατέρα
3125 4491 3567 4564 παντοκράτορα,
3583 4471 3719 4548 πάν-

430 4586 666 4655 gnitam,
703 4592 942 4637 attamen
970 4583 1133 4637 sicuti
1161 4599 1222 4636 ea
1251 4598 1281 4637 a
1307 4582 1568 4638 trecentis
1592 4584 1781 4638 decem
1813 4592 1869 4638 et
1888 4592 2017 4639 octo

437 4676 713 4747 episcopis
739 4686 824 4729 est
848 4675 1215 4745 promulgata,
1258 4676 1593 4746 subjungerc
1632 4675 1833 4730 litteris
1861 4675 2018 4731 hisce

438 4766 737 4820 voluimus.
756 4763 852 4818 Est
874 4772 1058 4818 autem
1084 4763 1236 4818 talis:
1261 4763 1553 4818 Credimus
1573 4763 1627 4818 in
1650 4780 1822 4819 unum
1843 4764 2016 4819 Deum

434 4856 654 4911 Patrem
696 4842 1416 4922 omnipotentem,omnium
1447 4853 1746 4908 visibilium
1767 4862 1823 4908 et
1850 4854 2020 4907 invis-

431 4947 631 5002 bilium
659 4944 1039 5001 factoreszt
1061 4945 1117 5001 in
1153 4962 1321 5000 unum
1339 4945 1630 5000 Dominum
1655 4944 1841 5001 Jesum
1859 4944 2021 5000 Chri-

430 5050 607 5104 stum,
638 5038 841 5094 Filium
880 5037 999 5104 Dei,
1030 5039 1277 5109 genitum
1303 5054 1371 5093 ex
1409 5038 1574 5093 Patre
1594 5075 1610 5102 ,
1647 5038 2016 5108 unigenitum,

436 5131 547 5186 hoc
573 5138 680 5194 est,
715 5144 782 5184 ex
810 5128 1123 5184 substantia
1146 5129 1343 5194 Patris,
1363 5128 1536 5182 Deum
1568 5127 1637 5183 de
1668 5127 1799 5194 Deo,
1831 5127 2017 5182 lumen

425 5223 502 5278 de
533 5222 768 5287 lumine,
823 5219 993 5276 Deum
1025 5235 1220 5275 verum
1265 5218 1335 5274 de
1387 5218 1499 5273 Deo
1544 5234 1678 5275 vero
1707 5234 1722 5273 :
1750 5220 2017 5289 genitum,

428 5331 547 5371 non
572 5315 804 5381 laetum,
833 5307 1361 5370 consubstantialem
1388 5310 1557 5376 Patri,
1582 5326 1682 5382 per
1703 5326 1868 5381 quem
1901 5326 2021 5365 om-

427 5409 525 5463 nia
560 5411 699 5464 facta
742 5416 892 5474 sunt,
931 5421 1165 5477 qumque
1202 5404 1264 5459 in
1303 5404 1459 5460 ctelis
1501 5412 1651 5464 sunt.
1680 5419 1913 5475 quaeque
1962 5405 2017 5459 in

426 5501 620 5556 terris.
665 5499 770 5566 Qui
822 5511 1049 5569 propter
1078 5515 1179 5553 nos
1238 5496 1516 5561 homines,
1552 5505 1608 5552 et
1638 5508 1867 5569 propter
1922 5514 2027 5570 no—p

426 5606 608 5650 stram
666 5594 921 5657 salutem,
978 5590 1321 5647 descendit:
1373 5600 1430 5645 et
1484 5591 1799 5646 incarnatus
1859 5591 2023 5647 homo

428 5684 640 5752 factus,
680 5694 735 5740 et
766 5699 962 5755 passus
991 5691 1077 5739 est
1107 5702 1119 5737 :
1147 5692 1202 5738 et
1260 5682 1566 5738 resurrexit
1603 5684 1762 5738 tertia
1797 5683 1907 5751 die,
1938 5690 2025 5739 as-

433 5777 634 5834 cendit
664 5776 717 5831 in
754 5778 944 5845 cwlos,
979 5783 1247 5831 venturus
1296 5774 1541 5846 judicare
1578 5774 1730 5832 viros
1764 5786 1817 5831 et
1870 5793 2018 5832 mor-

2122 4594 2230 4630 των
2258 4578 2471 4649 ὁρατῶν
2505 4581 2601 4634 καὶ
2632 4582 2884 4651 ἀοράτων
2912 4584 3150 4654 ποιητήν
3174 4600 3189 4617 ·
3224 4584 3319 4637 καὶ
3360 4585 3443 4647 είς
3470 4586 3571 4639 ἕνα
3596 4588 3714 4641 K5-

2126 4684 2241 4737 ριον
2274 4667 2485 4739 Ἰησοῦν
2518 4671 2757 4741 Χριστὸν
2797 4673 2921 4725 Υίδν
2951 4674 3047 4726 τοῦ
3073 4672 3209 4727 Θεοῦ
3230 4692 3241 4705 ’
3280 4677 3619 4748 γεννηθέντα
3650 4683 3715 4732 ἐκ

2120 4762 2214 4813 τοῦ
2247 4762 2460 4833 Πατρὸς
2494 4765 2790 4834 μονογενῆ,
2820 4768 3105 4821 τουτέστιν
3154 4770 3220 4822 ἐκ
3264 4771 3361 4839 τῆς
3397 4773 3589 4838 οὐσίας
3618 4774 3714 4827 τοῦ

2125 4856 2335 4926 Πατρός
2361 4871 2373 4886 ⁸
2412 4857 2543 4911 Θεὸν
2576 4858 2638 4911 ἐκ
2655 4858 2812 4926 Θεοῦ,
2842 4860 2958 4930 φῶς
2982 4864 3047 4916 ἐκ
3070 4864 3265 4932 φωτὸς,
3294 4865 3427 4919 Θεὸν
3455 4866 3713 4937 ἀληθινὸν

2123 4948 2188 4999 ἐκ
2215 4946 2352 5000 Θεοῦ
2371 4949 2629 5019 ἀληθινοῦ
2650 4967 2665 4980 ⁸
2692 4951 3048 5021 γεννηθέντα,
3076 4954 3139 5006 οὐ
3171 4954 3495 5025 ποιηθέντα,
3520 4958 3716 5028 69.00-3-

2125 5054 2240 5091 σιον
2261 5036 2336 5104 τῷ
2360 5039 2534 5111 Πατρι
2554 5056 2570 5072 ο
2618 5040 2687 5093 δι’
2714 5040 2774 5095 οῦ
2804 5044 2874 5096 τὰ
2896 5044 3074 5099 πάντα
3097 5046 3339 5114 ἐγένετο,
3361 5049 3435 5101 τά
3462 5066 3525 5102 τε
3556 5052 3615 5103 ὲν
3639 5051 3715 5118 τῷ

2121 5129 2338 5200 οὐρανῷ
2367 5132 2461 5185 καὶ
2492 5132 2562 5186 τὰ
2612 5134 2706 5187 ἐπὶ
2735 5137 2835 5206 τῆς
2863 5136 2971 5206 γῆς
2995 5176 3012 5203 ,
3063 5136 3158 5192 τὸν
3184 5138 3251 5192 δι’
3282 5141 3433 5211 ἡμᾶς
3468 5146 3600 5208 τοὺς
3627 5145 3718 5197 ἁν-

2125 5221 2153 5276 θ
2161 5223 2381 5295 ρώπους
2402 5227 2496 5279 καὶ
2513 5225 2602 5281 διὰ
2624 5228 2724 5299 τὴν
2750 5230 3029 5300 ἡμετέραν
3052 5234 3329 5304 σωτηρίαν
3356 5235 3713 5303 κατελθόντα,

2127 5317 2505 5387 σαρωθέντα,
2569 5320 3099 5395 ἐνανθρωπησαντα,
3152 5326 3396 5380 παθόντα
3435 5329 3534 5382 καὶ
3584 5330 3716 5382 ἀνα-

2128 5413 2334 5465 στάντα
2382 5414 2445 5481 τῇ
2480 5411 2641 5487 τρίτῃ
2674 5415 2861 5487 ἡμέρᾳ
2884 5432 2898 5447 ·
2939 5417 3236 5473 ἀνελθόντα
3270 5422 3351 5483 εἰς
3392 5422 3525 5483 τοὺς
3553 5423 3713 5494 οὐρα-

2080 5536 2087 5545 ι
2126 5502 2251 5567 νοῦς
2276 5543 2294 5570 ,
2326 5505 2624 5575 ἐρχόμενον
2654 5509 2839 5576 κρίναι
2902 5508 3113 5574 ζῶντας
3148 5512 3245 5564 καὶ
3302 5513 3533 5583 νεκρούς
3555 5531 3571 5547 ·
3623 5512 3717 5567 καὶ

2126 5599 2206 5658 εἰς
2235 5595 2296 5648 τὸ
2327 5596 2551 5668 Πνεῦμα
2580 5600 2640 5651 τὸ
2677 5596 2857 5668 ἅγιον.
2885 5598 3026 5665 Τοὺς
3056 5602 3114 5656 δέ
3147 5602 3429 5672 λέγοντας,
3455 5601 3566 5659 Ἦν
3587 5620 3715 5657 ποτε

2125 5687 2213 5740 ὅτε
2241 5689 2341 5744 οὐκ
2373 5682 2464 5760 ἧν,
2486 5690 2580 5743 καὶ
2611 5689 2696 5743 ὃτι
2729 5691 2790 5755 ἐξ
2815 5694 2917 5746 οὐκ
2960 5693 3133 5747 ὄντων
3160 5695 3400 5764 ἐγένετο,
3431 5696 3465 5766 ἢ
3504 5697 3561 5764 ἐξ
3599 5695 3716 5748 ἐτέ-

2129 5793 2227 5847 ρας
2264 5780 2620 5846 ὑποστάσεως
2657 5782 2689 5852 ἧ
2724 5782 2912 5848 οὐσίας
2944 5786 3255 5854 φάσκοντας
3303 5783 3462 5854 εἶναι,
3499 5789 3714 5849 τούτους
