3912 6564
195 324 276 391 εει

1076 309 1689 391 ECCLESIASTICAE
1726 288 2117 368 HISTORUE
2158 305 2301 367 LIB.
2345 308 2417 367 Χ.

3301 314 3411 380 582

195 428 550 502 ἀνιθεματίζει
578 432 613 499 η
645 428 773 496 ἁγία
802 425 1063 497 καθολικὴ
1104 426 1195 479 καὶ
1230 422 1565 491 ἀποστολικὴ
1606 420 1729 473 Ἑκυ

1863 437 1979 476 uos.
2013 421 2080 475 Et
2116 421 2170 476 in
2202 421 2471 492 Spiritum
2515 435 2787 484 sanctum.
2823 430 2930 485 Eos
2970 439 3156 487 autem
3199 431 3293 501 qui
3321 432 3409 487 di-

196 523 389 594 πλησία.
414 522 598 592 Ταύτῃ
653 524 716 590 τῇ
754 520 956 585 πίστει,
995 514 1377 585 θεοφιλέστατε
1430 513 1728 579 Αὖγουστε,

195 618 450 686 ἐπιμένειν
494 614 791 682 ἀναγκαῖοι
841 610 914 673 ὡς
947 610 1068 679 θείᾳ
1111 609 1204 663 καὶ
1237 606 1588 676 ἁποστολικῇ,
1635 607 1732 656 καὶ

201 706 380 778 μηδένα
418 708 734 774 μετακινεῖν
790 703 959 772 αὐτὴν
998 699 1409 767 πιθανολογίαις
1445 698 1541 750 καὶ
1573 697 1730 759 λογο-

200 796 419 867 μσχίαις,
452 797 589 864 ὅπερ
623 797 887 864 ἐποίησαν
919 794 978 860 ἐξ
1011 794 1184 862 ἀρχῆς
1211 792 1261 845 οἱ
1306 789 1733 859 Ἀρειομανῑται,

198 890 249 954 ἐξ
273 891 364 943 οὒκ
383 888 552 941 ὄντων
583 889 675 940 τὸν
704 887 832 940 Υἱὺν
852 886 945 939 τοῦ
976 886 1113 938 Θεοῦ
1147 885 1417 953 λέγοντες,
1448 881 1543 934 καὶ
1566 880 1648 932 ὃτι
1668 872 1736 946 ἦν

200 981 315 1034 ποτὶ
343 980 425 1033 ὅτε
456 980 558 1032 ούκ
589 976 676 1049 ἦν,
718 978 812 1032 καὶ
841 980 1056 1039 κτιστδς
1086 977 1181 1028 καὶ
1211 973 1453 1043 ποιητὸς,
1486 972 1580 1023 καὶ
1612 986 1740 1038 τρε-

202 1072 318 1132 πτὸς
346 1071 455 1124 ἐστι
477 1085 491 1099 ·
525 1071 614 1124 διὰ
644 1071 801 1124 τοῦτο
828 1070 959 1137 γὰρ,
994 1067 1138 1121 καθὰ
1179 1065 1534 1136 προείπομεν,
1566 1062 1663 1115 καὶ
1705 1061 1739 1130 ἡ

201 1164 250 1214 ὲν
269 1161 459 1231 Νικαίᾳ
484 1160 700 1223 σύνοδος
730 1161 1092 1228 ἀνεθεμάτισε
1117 1159 1213 1228 τὴν
1236 1155 1491 1225 τοιαύτην
1507 1152 1742 1223 αἵρεσιν,

201 1254 367 1322 τῆςδὲ
393 1252 646 1324 ἀληθείας
698 1253 882 1306 πίστιν
909 1251 1281 1321 ὡμολόγησεν.
1315 1249 1390 1300 Οὐ
1416 1247 1523 1316 γὰρ
1556 1243 1744 1305 ἁπλῶς

204 1344 371 1414 ὅμοιον
403 1345 657 1413 εἰρήκασι
710 1344 802 1395 τὸν
826 1343 954 1396 Υίδν
990 1342 1069 1409 τῷ
1104 1341 1298 1410 “arpi,
1331 1340 1417 1392 ἶνα
1449 1337 1523 1406 μὴ
1558 1333 1748 1396 ἁπλῶς

204 1438 368 1504 ὅμοιος
397 1433 530 1485 Θεοῦ
554 1475 569 1498 ,
607 1434 725 1488 ἀλλ’
758 1437 823 1487 ἐκ
866 1434 961 1487 τοῦ
993 1432 1127 1487 Θεοῦ
1172 1431 1304 1494 Θεὸς
1350 1429 1603 1500 ἅληθινδς
1651 1442 1746 1477 πι-

206 1524 481 1594 στεύσηται
500 1541 514 1554 ⁸
547 1523 682 1578 ἀλλὰ
714 1527 809 1578 καὶ
829 1523 1115 1595 ὁμοούσιον
1141 1520 1410 1593 ἔγραψαν,
1453 1519 1590 1586 ὅπερ
1616 1515 1745 1570 ἴδιόν

205 1622 309 1672 ἐστι
333 1618 548 1685 γνησίου
584 1620 678 1671 καὶ
706 1616 960 1687 ἀληθινοῦ
987 1615 1117 1669 Υίοῦ
1153 1615 1214 1679 ἐξ
1238 1610 1490 1683 ἀληθινοῦ
1526 1609 1621 1662 καὶ
1647 1605 1748 1676 φύ-

1845 525 1997 575 cunt,
2024 514 2194 569 fuisse
2222 516 2519 585 aliquando
2548 532 2674 573 cum
2700 536 2808 574 non
2843 522 3031 583 fuerit.
3068 534 3124 577 et
3159 526 3305 592 quod
3340 538 3408 578 ex

1848 619 1956 658 non
1983 606 2375 661 exsislentibus
2399 607 2574 664 factus
2596 611 2687 674 sit,
2704 620 2801 666 aut
2831 627 2898 667 ex
2916 614 3021 669 alia
3053 616 3409 672 subsistentia

1846 696 1932 751 vel
1963 698 2290 765 substantia,
2345 708 2441 754 aut
2474 700 2620 769 quod
2651 709 2873 758 creatus
2897 705 2983 760 vel
3012 707 3293 762 mutabilis
3326 706 3413 760 vel

1848 788 2148 844 alterabilis
2172 788 2262 851 sit,
2300 791 2654 847 anathemate
2683 792 2811 847 ferit
2839 805 3026 850 sancta
3058 797 3331 852 catholica
3358 809 3417 852 et

1849 880 2149 947 apostolica
2191 870 2459 938 Ecclesia.
2501 882 2559 937 lu
2606 885 2710 940 hac
2740 886 2867 948 fide,
2908 887 2999 941 Dei
3033 890 3415 944 amantissime

1851 969 2115 1037 Auguste,
2166 981 2227 1025 ut
2274 973 2454 1027 divina
2490 985 2544 1029 et
2575 979 2899 1044 apostolica,
2951 982 3261 1035 necessario
3324 996 3419 1035 ac-

1851 1056 2275 1124 quiescendum.
2310 1060 2499 1129 Neque
2536 1079 2598 1117 ea
2629 1080 2657 1118 a
2691 1067 2949 1135 qu0piam
2982 1069 3275 1134 movenda,
3319 1080 3417 1125 aut

1855 1149 2118 1201 mutanda
2144 1153 2313 1215 vertit,
2331 1153 2704 1218 persuasionis
2719 1168 2815 1210 aut
2840 1159 3212 1215 contentionis
3231 1162 3416 1217 verbis

1854 1238 2002 1294 ullis.
2065 1237 2121 1294 Id
2159 1244 2305 1308 quod
2361 1244 2710 1300 Ariomanitaa
2755 1250 2994 1318 primum
3028 1251 3301 1318 fecerunt,
3352 1269 3421 1309 cx

1854 1321 1966 1386 non
1999 1331 2397 1389 exsistentibus
2446 1335 2641 1390 Filium
2677 1339 2769 1394 Dei
2825 1356 2966 1405 esse,
2998 1352 3053 1398 et
3103 1344 3275 1400 fuisse
3322 1347 3424 1402 ali-

1853 1420 2076 1490 quando
2138 1438 2262 1476 cuut
2314 1440 2424 1478 non
2477 1426 2688 1489 fuit,ct
2714 1431 2996 1486 conditum
3063 1447 3423 1506 creatumque

1858 1521 2024 1581 atque
2082 1515 2218 1568 adeo
2271 1517 2564 1573 mutationi
2622 1521 2920 1577 obnoxium
2969 1540 3091 1581 esse
3150 1528 3420 1585 dicentes.

1866 1605 2023 1675 102
2061 1607 2233 1672 Quam
2269 1609 2341 1662 ob
2396 1625 2617 1665 causam
2649 1615 2838 1679 etiam,
2890 1617 3049 1672 sicuti
3089 1626 3253 1674 antea
3284 1621 3428 1676 dixi-

208 1726 282 1761 σει
329 1708 556 1779 Πατρός.
595 1709 737 1761 Ἀλλ’
767 1707 887 1761 οὑδὲ
940 1706 1385 1778 ἀπηλλοτρίωσαν
1422 1702 1482 1755 τδ
1525 1698 1750 1768 Πνεῦμα

1863 1714 2005 1764 mus,
2057 1702 2299 1770 synodus
2329 1703 2548 1765 Nicaena
2581 1708 2916 1764 anathemati
2963 1713 3199 1783 subjecit
3254 1716 3430 1771 luere-

205 1798 260 1850 τὸ
292 1773 565 1865 ᾰγιονῑὰπδ
583 1796 677 1849 τοῦ
709 1796 917 1866 Πατρδς
953 1773 1048 1849 καί
1077 1773 1362 1857 τοῦήΥίοῦ,
1393 1789 1529 1843 ἀλλὰ
1555 1785 1754 1858 μᾶλλον

1863 1792 1957 1846 sim
1997 1807 2139 1858 eam,
2166 1809 2465 1865 veramque
2499 1798 2662 1855 tidem
2700 1804 3087 1873 promulgavit.
3116 1808 3241 1863 Non
3273 1810 3423 1864 enim

209 1884 548 1950 συνεδόξασαν
582 1885 715 1938 αὐτὸ
752 1887 830 1955 τῷ
870 1885 1044 1955 [largi
1101 1882 1195 1936 καὶ
1223 1881 1300 1951 τῷ
1326 1880 1442 1950 Υίῷ
1475 1882 1532 1932 ἐν
1559 1879 1624 1949 τῇ
1656 1876 1755 1947 μιᾷ

208 1977 297 2045 τῆς
327 1976 483 2045 ἁγίας
511 1976 741 2047 Τριάδος
766 1975 970 2040 πίπει,
1010 1975 1098 2029 διὰ
1138 1971 1200 2026 τὸ
1221 1973 1314 2027 καὶ
1342 1971 1468 2040 μίαν
1493 1964 1636 2023 εἶναι
1659 1966 1756 2037 τὴν

210 2070 260 2121 ἐν
289 2071 351 2138 τῇ
380 2069 508 2139 ἁγίᾳ
558 2068 761 2138 Τριάδι’
780 2068 1032 2140 θεότητα.
1062 2067 1285 2127 Τούτοις
1313 2064 1378 2130 δὴ
1424 2066 1538 2127 τοῖς
1577 2062 1757 2133 γράμ-

213 2177 363 2231 μασιν
383 2164 409 2214 ο
433 2159 686 2228 βασιλεὺς
717 2157 977 2230 ἐντυχὼν,
1012 2158 1246 2230 βεϐαίως
1273 2152 1539 2226 ἡδράσθη,
1578 2153 1673 2206 καὶ
1692 2152 1759 2224 ἢν

214 2247 317 2323 εἶχε
344 2250 469 2322 περὶ
490 2253 600 2305 τῶν
635 2252 795 2305 θείων
833 2251 1039 2319 γνῶσίν
1071 2268 1130 2304 τε
1165 2249 1260 2304 καὶ
1288 2247 1530 2302 διάθεσιν
1554 2242 1720 2309 ἔδειξε
1741 2259 1755 2273 ⁸

216 2346 330 2407 τοὺς
370 2344 476 2413 γὰρ
508 2341 825 2408 δοξάζοντας
868 2344 929 2396 τὸ
961 2343 1252 2411 ὁμοούσιον
1290 2341 1358 2394 δι’
1392 2340 1573 2403 αἰδοῦς
1624 2336 1758 2408 εἶχε,

215 2439 298 2489 καὶ
320 2436 508 2506 δώροις
542 2438 841 2507 φιλοτίμως
889 2434 1166 2506 ἠμείϐετο.
1220 2436 1333 2491 Καὶ
1367 2435 1473 2503 γὰρ
1505 2432 1762 2502 πρόθεσις

214 2525 273 2601 ἦν
294 2531 497 2599 ἐκείνῳ,
529 2528 603 2594 ὥς
629 2529 678 2597 γ’
723 2529 868 2598 ὲνῆν,
900 2528 1078 2581 πειθοῖ
1109 2527 1307 2598 μᾶλλον
1338 2526 1370 2596 ἢ
1405 2525 1496 2597 βίᾳ
1520 2525 1617 2594 τὴν
1655 2523 1762 2577 τῶν

214 2620 501 2673 διεστώτων
525 2619 793 2689 ἀνακόψαι
814 2620 1168 2689 φιλονεικίαν,
1186 2619 1281 2672 καὶ
1303 2618 1491 2688 μηδενὶ
1514 2616 1581 2670 δι’
1604 2616 1763 2685 δχλου

216 2711 314 2765 τῶν
360 2711 711 2779 ὁπωσδήποτε
743 2711 1034 2780 ᾑρημένων
1053 2709 1326 2762 πιστεύειν
1354 2707 1609 2760 ἔσεσθαι·
1632 2704 1767 2772 ἀγά-

217 2819 313 2871 πης
342 2802 388 2854 δ’
414 2802 685 2855 ἐλλείπειν
719 2800 913 2870 μηδὲν,
974 2802 1069 2854 καὶ
1109 2801 1190 2862 είς
1220 2798 1281 2852 τὸ
1320 2799 1621 2868 ἀκρότατον
1666 2796 1765 2866 τῆς

218 2896 370 2964 τιμῆς
400 2894 566 2964 ἔχειν,
595 2894 709 2947 ὅσοι
755 2892 821 2963 δὴ
865 2891 1018 2946 ἑνοῦν
1047 2891 1146 2963 τὴν
1189 2889 1517 2958 Ἐκκλησίαν
1568 2887 1766 2957 μᾶλλον

220 2988 572 3040 σπουδάσωσι.
603 2985 776 3038 Τοῦτο
806 2985 866 3039 δὲ
892 2985 952 3038 ού
987 2984 1148 3055 μόνον
1176 2984 1224 3034 οί
1251 2981 1587 3052 Χριστιανοὶ.
1633 2977 1770 3033 ἀλλὰ

1858 1882 2180 1953 simpliciter
2216 1898 2403 1956 patres
2452 1889 2529 1944 illi
2562 1890 2798 1948 similem
2833 1894 2982 1950 Patri
3027 1896 3226 1951 Filium
3257 1899 3415 1954 dixe-

1860 1984 2010 2037 runt.
2045 1991 2113 2029 ne
2144 1976 2468 2047 simpliciter
2502 1982 2611 2038 Deo
2644 1983 2861 2048 similis,
2901 1986 2999 2041 sed
3029 2002 3095 2042 ex
3140 1988 3251 2044 Deo
3281 1992 3427 2045 Deus

1862 2079 2025 2119 verus
2057 2081 2177 2121 esse
2222 2069 2563 2128 crederetur.
2614 2073 2720 2129 Sed
2760 2087 2814 2131 et
2855 2080 3141 2147 δμοούσιον
3189 2083 3431 2136 consub-

1862 2160 2174 2215 stantialem
2227 2162 2575 2231 adjecerunt,
2624 2170 2770 2238 quod
2804 2170 2859 2224 id
2895 2173 3178 2240 proprium
3205 2174 3276 2228 sit
3307 2191 3430 2244 ger-

1863 2252 2029 2318 mani,
2058 2254 2284 2323 verique
2320 2271 2387 2311 ex
2435 2274 2567 2313 vero
2595 2271 2653 2315 et
2700 2263 2885 2319 nativo
2929 2267 3091 2323 Patre
3136 2269 3279 2323 Filii.
3313 2268 3428 2323 Non

1862 2345 2027 2399 etiam
2057 2345 2135 2400 illi
2171 2346 2434 2416 Spiritum
2463 2361 2718 2408 sanctum
2749 2357 3061 2413 alienarunt
3102 2375 3133 2413 a
3179 2361 3340 2416 Patre
3374 2369 3431 2416 et

1863 2446 1919 2492 et
1946 2437 2111 2505 Filio,
2154 2441 2249 2494 sed
2302 2442 2487 2510 potius
2529 2460 2658 2498 eum
2687 2462 2812 2500 cum
2844 2449 3004 2505 Patre
3036 2463 3094 2505 et
3127 2451 3263 2507 Filio
3300 2467 3437 2508 con-

1864 2530 2260 2600 glorificarunt,
2305 2536 2362 2589 in
2392 2552 2498 2590 una
2559 2550 2764 2596 sanctae
2815 2542 3100 2600 Trinitatis
3133 2545 3237 2600 lidc
3259 2588 3272 2611 ,
3305 2562 3441 2615 pro-

1866 2632 2053 2693 pterea
2093 2625 2240 2693 quod
2290 2627 2400 2680 una
2434 2629 2596 2683 etiam
2630 2631 2704 2685 sit
2750 2632 2804 2686 in
2831 2646 2894 2686 ea
2931 2634 3049 2702 ipsa
3085 2645 3274 2691 sancta
3315 2637 3440 2691 Tri-

1865 2712 2036 2765 nitate
2065 2711 2347 2766 divinitas.
2400 2733 2419 2764 ι
2446 2714 2606 2770 Hisre
2635 2716 2836 2774 litteris
2894 2720 3196 2790 imperator
3252 2723 3433 2788 lectis,

1867 2799 2041 2854 solide
2070 2807 2155 2855 est
2184 2801 2545 2859 confirmatus
2575 2821 2588 2858 :
2614 2814 2670 2859 et
2701 2822 2866 2876 quam
2913 2809 2982 2863 de
3010 2811 3179 2865 rebus
3231 2810 3439 2867 divinis

1870 2893 2112 2949 obtinuit
2139 2894 2489 2950 affectionem
2519 2906 2574 2951 et
2617 2901 2948 2955 sententiam
2977 2940 2992 2963 ,
3026 2913 3217 2971 aperte
3252 2905 3435 2960 statim

1873 2983 2187 3055 declaravit.
2220 2983 2323 3050 Qui
2351 2984 2500 3039 enim
2536 2988 3004 3044 consubstantiale
3032 2991 3262 3060 professi
3284 3004 3436 3059 sunt,

158 3063 168 3073 ’
219 3079 348 3133 καὶὸ
378 3081 508 3149 παρ’
531 3077 761 3148 Ἕλλησι
816 3076 1142 3147 περισόητος
1174 3074 1462 3143 Θεμίστιος
1493 3073 1521 3125 ό
1551 3070 1768 3141 φιλόσο-

221 3182 310 3233 φος
333 3165 540 3235 πρᾶξαι
563 3164 724 3217 αὑτὸν
782 3163 1050 3234 μαρτυρεῖ
1079 3162 1136 3214 ὲν
1156 3160 1235 3226 τῷ
1265 3160 1405 3229 πρὸς
1446 3159 1609 3212 αὐτὸν
1626 3156 1770 3227 λόγῳ

220 3259 272 3310 ὃν
304 3253 623 3309 Ὑπατικὸν
639 3254 960 3322 ἐπιγράφει.
991 3249 1287 3314 Διεξελθὼν
1318 3248 1423 3318 γὰρ
1441 3250 1535 3312 τὰς
1561 3249 1771 3302 ἐκείνου

221 3348 437 3417 ἀρετὰς,
468 3347 563 3398 καὶ
601 3342 967 3413 ύπερθειάσας
1000 3342 1146 3412 μάλα
1170 3341 1264 3394 τὸν
1288 3340 1478 3410 ἄνδρα,
1509 3340 1568 3392 ὲν
1597 3339 1773 3408 τούτῳ

1872 3087 1968 3129 eos
2014 3072 2353 3136 observavit,
2375 3082 2431 3128 et
2467 3075 2771 3130 liberaliter
2814 3087 3137 3133 muneratus
3163 3089 3269 3134 est.
3300 3080 3438 3137 Illual

1873 3179 2092 3236 quoque
2137 3166 2181 3221 is
2222 3167 2562 3239 propositum
2611 3168 2806 3223 habuit
2844 3171 3172 3234 consilium,
3210 3183 3271 3227 ut
3316 3189 3473 3243 per:

1871 3256 2130 3316 suasione
2164 3256 2345 3325 potius
2371 3272 2535 3327 quam
2566 3259 2639 3319 vi,
2668 3259 2814 3314 inter
2839 3260 3171 3317 dissidentes
3202 3270 3437 3317 conten-

1878 3346 2050 3402 tionis
2082 3347 2369 3403 dirimeret
2425 3349 2668 3404 studium
2696 3366 2712 3403 :
2749 3366 2849 3406 nec
2881 3352 3139 3422 cuipiam,
3200 3356 3447 3423 qualem-

1875 3452 2095 3507 cunque
2154 3438 2371 3494 tandem
2429 3451 2844 3496 consecmretur
2903 3442 3087 3507 tidem,
3137 3448 3444 3502 molestiam

1880 3527 2201 3594 lacesseret,
2253 3545 2434 3600 neque
2467 3532 2767 3602 quidquam
2817 3534 2885 3590 ad
2920 3536 3244 3593 cbaritatem
3294 3554 3449 3594 sum-

1878 3639 2022 3678 mam
2058 3624 2264 3679 faceret
2297 3625 2518 3695 reliqui.
2561 3627 2656 3682 Eis
2683 3643 2816 3683 vero
2844 3630 2936 3698 qui
2984 3630 3055 3685 ad
3090 3635 3445 3687 concordiam

1875 3725 1932 3771 et
1988 3716 2411 3772 unanimitatem
2463 3718 2765 3774 Ecclesium
2816 3722 3082 3777 reducere
3133 3723 3444 3790 studerent,

1880 3806 2179 3863 maximum
2208 3808 2499 3865 exhiberet
2536 3809 2826 3867 honorem.
2855 3812 2912 3868 Id
2941 3814 3094 3869 illum
3126 3815 3347 3880 fecisse,
3380 3817 3449 3874 de

136 3892 141 3899 ’
224 3902 369 3957 οὐδὲν
396 3902 676 3972 διαφέρειν
706 3900 973 3971 Εὐρίπου,
1003 3898 1099 3952 νῦν
1137 3896 1235 3968 μὲν
1262 3897 1358 3950 ἐπὶ
1388 3894 1565 3959 τοῦτο,
1610 3895 1705 3950 νῦν
1730 3896 1757 3948 δ

1877 3911 1945 3952 eo
1976 3912 2090 3950 non
2140 3897 2316 3952 solum
2355 3898 2697 3972 Christiani,
2722 3917 2910 3957 verum
2945 3906 3113 3960 etiam
3163 3908 3258 3975 qui
3305 3909 3448 3976 apud

225 3995 305 4047 ἐπ’
337 3997 532 4058 ὶκεῖνο,
564 3994 662 4047 καὶ
694 3984 1012 4046 ’τούναντίον
1037 3989 1098 4042 τὸ
1136 3987 1316 4057 ῥόθιον
1347 3985 1747 4058 μεταρρέοντος

1879 3989 2099 4044 Graecos
2134 3990 2365 4045 celebris
2400 3991 2656 4059 habetur,
2701 3993 3038 4051 Themistius
3085 3996 3452 4067 phil050pbus

227 4098 468 4156 testatur,
495 4091 550 4145 in
579 4089 824 4145 oratione
861 4087 931 4161 ad
961 4100 1088 4141 eum
1118 4085 1344 4154 scripta,
1383 4097 1547 4152 quam
1573 4080 1914 4139 Consularem
1982 4086 2301 4140 nominavit.
2374 4086 2684 4147 Virtutibus
2745 4088 2893 4145 enim
2960 4091 3081 4160 ejus
3115 4107 3452 4148 οοιηιηειηο-

226 4190 372 4253 ratis,
402 4188 715 4257 divinisque
744 4186 941 4242 additis
966 4184 1246 4248 laudibus,
1273 4199 1341 4238 eo
1362 4182 1513 4237 illum
1549 4185 1773 4237 nomine
1814 4182 2158 4252 potissimum
2234 4183 2417 4248 cﬂ‘ert,
2474 4185 2623 4253 quod
2700 4187 3001 4256 unicuique
3052 4206 3214 4259 quam
3263 4192 3451 4255 vellet,

228 4287 537 4357 religionem
604 4282 761 4354 sequi
830 4282 1105 4353 permisit.
1144 4280 1261 4347 Qua
1292 4296 1352 4335 re
1383 4279 1536 4335 illum
1565 4278 1921 4348 impotentem
1979 4280 2322 4335 adulatorum
2351 4282 2781 4336 assentationem
2811 4282 3039 4353 fregisse
3104 4286 3266 4340 dicit:
3311 4302 3454 4357 quos

228 4397 483 4452 perquam
556 4380 736 4435 facete
799 4388 858 4435 et
894 4378 1204 4434 luculenter
1230 4376 1489 4441 irridens,
1522 4390 1587 4431 ex
1628 4374 1872 4430 moribus
1917 4391 2114 4432 eorum
2165 4376 2508 4446 deprehendi
2563 4377 2660 4439 ait,
2719 4393 3018 4447 purpuram
3084 4381 3235 4450 ipsos
3285 4384 3456 4454 magis

229 4490 381 4546 quam
449 4476 620 4529 Deum
671 4472 851 4529 colere
880 4491 895 4528 :
943 4485 1123 4542 neque
1188 4470 1372 4542 aliqua
1418 4485 1478 4525 re
1498 4470 1568 4524 ab
1615 4468 1821 4538 Euripo
1854 4469 2099 4535 diﬂ'erre,
2132 4486 2281 4525 nunc
2316 4470 2442 4538 huc,
2470 4485 2617 4526 nunc
2644 4470 2793 4539 illuc,
2829 4481 2997 4543 atque
3028 4473 3084 4528 in
3112 4480 3453 4531 contrarium

229 4569 358 4623 adeo
381 4575 719 4623 tuomentum
752 4564 1045 4620 reﬂuente.

773 4704 1026 4760 ΚΕΦΔΛ.
1055 4701 1188 4757 ΜΓ¹⁶
1815 4703 1861 4759 Ι)

238 4825 332 4895 Ὠς
360 4828 389 4878 ὁ
417 4821 724 4895 ,ϐασιλεὺς
754 4815 1139 4895 ξζοϐιαγὸς-ἐν
1154 4813 1559 4895 Δαξασιτάνοις
1590 4811 1778 4895 ἥκων,

292 4882 569 4948 ἐτελεύτα
600 4882 710 4944 τὸν
731 4889 900 4954 βίον,
933 4889 1186 4957 μεγίστη
1229 4882 1403 4954 ζημία
1452 4883 1578 4950 τοῖς
1605 4885 1780 4936 εὐσε-

296 4964 419 5017 ϐέσι
451 4962 801 5032 γενόμενος.

228 3440 415 3509 μᾶλλον
468 3438 694 3507 ἐξαίρει,
725 3431 806 3500 οἷς
853 3435 1023 3506 ἀνῆκε
1082 3433 1411 3506 θρησκεύειν
1444 3431 1661 3501 ἑκάστῳ
1699 3431 1774 3495 ὡς

226 3533 453 3603 βούλοιτο
481 3546 497 3560 ’
528 3529 597 3584 δι’
626 3524 688 3583 06
718 3546 852 3600 φησι
903 3530 998 3582 καὶ
1041 3526 1149 3582 τῶν
1178 3528 1423 3581 κολάκων
1446 3528 1538 3580 τὸν
1572 3523 1774 3579 ἀκόλα-

226 3642 340 3680 στον
388 3625 605 3695 ἐνίκησε
633 3624 835 3694 τρόπον
860 3636 876 3654 ⁶
929 3621 1022 3685 οὓς
1056 3620 1495 3702 καὶυδιαπαίζων
1543 3618 1776 3679 ἀστείως

227 3720 360 3787 μάλα
412 3718 505 3773 καὶ
535 3717 872 3788 περιφανῶς,
902 3716 1114 3769 οἴκοθεν
1162 3713 1358 3777 αὐτοὺς
1405 3708 1775 3782 διελέγχεσθαι

224 3810 362 3879 λέγει
393 3798 683 3880 ἁλουργίδα
701 3808 794 3861 καὶ
818 3807 879 3858 ού
901 3805 1035 3859 Θεὸν
1063 3802 1464 3874 θεραπεύοντας
1485 3818 1501 3835 ο
1534 3803 1630 3857 καὶ
1652 3803 1776 3855 κατ’

2333 4698 2488 4771 103
2526 4697 2756 4756 CAPUT
2799 4699 2988 4756 mu.

1893 4808 1956 4867 Ut
1992 4812 2284 4881 imperator
2309 4811 2625 4891 Iovinianus
2646 4816 2704 4868 in
2730 4814 3050 4891 Dadastanis
3078 4858 3097 4891 ,
3117 4836 3234 4873 cum
3265 4837 3455 4891 magna

2098 4886 2301 4951 piarunt
2332 4886 2563 4938 omnium
2594 4886 2838 4956 jactura,
2869 4889 3031 4941 vitam
3060 4889 3280 4957 ﬁnierit.

294 5075 488 5128 Τοῦτον
522 5072 623 5141 μὲν
652 5068 746 5125 οὖν
773 5070 864 5126 τὸν
911 5069 1109 5137 τρόπον
1153 5071 1181 5124 ὁ
1221 5067 1471 5138 βασιλεὺς
1499 5066 1607 5121 τῶν
1628 5083 1753 5136 τηνι

1960 5060 2039 5117 Ad
2072 5060 2219 5116 hunc
2260 5059 2481 5115 modum
2528 5059 2849 5117 Jovinianus
2881 5101 2897 5124 ,
2950 5062 3234 5118 audaciam
3264 5080 3455 5119 eorum

231 5162 395 5215 καῦτα
426 5159 792 5227 ἑκταράσσειν
836 5158 929 5211 καὶ
971 5158 1278 5227 ἐρεσχελεῖν
1324 5155 1425 5225 τὴν
1457 5153 1752 5224 Ἐκκλησία

1893 5153 1985 5224 (ιυί
2013 5163 2126 5208 tum
2182 5153 2526 5222 nugamentis
2556 5153 2672 5207 suis
2709 5154 2931 5208 turbare
2982 5152 3278 5208 Ecclesium
3319 5171 3457 5210 con-

230 5254 508 5325 ῇρημινων
536 5252 598 5304 τὸ
627 5249 828 5320 θράσος
854 5248 1048 5320 ἀνέσχε
1068 5262 1084 5281 ο
1109 5247 1202 5300 καὶ
1222 5249 1256 5317 ὴ
1277 5249 1336 5300 ὲν
1359 5245 1563 5316 Nimia
1580 5246 1757 5306 πίστις

1895 5248 2225 5309 stituerunt,
2268 5246 2631 5314 compescuit.
2689 5245 2759 5300 Et
2803 5244 3017 5300 Nicaeus
3069 5244 3203 5300 fides
3256 5246 3458 5318 longo,

232 5345 368 5398 οὕτω
394 5347 566 5399 πολὺν
603 5343 696 5396 τὸν
724 5344 782 5395 ἑν
818 5342 968 5412 μέσῳ
994 5341 1187 5410 χρόνον
1221 5336 1660 5409 πολιορκηθεῖσα,
1696 5336 1757 5387 ἔτι

1896 5339 2043 5407 quod
2079 5338 2401 5401 intervenit,
2429 5348 2675 5405 tempore
2718 5348 3050 5408 oppugnata,
3077 5339 3183 5393 sub
3227 5339 3459 5409 imperio

230 5437 323 5503 τῆς
355 5437 628 5508 παρούσης
661 5434 959 5505 ἡγεμονίας
982 5434 1064 5495 είς
1082 5431 1181 5502 τὴν
1215 5430 1488 5501 προτέραν
1515 5427 1754 5497 ἐπανῆὶο

1891 5431 2011 5500 ejus
2036 5429 2101 5483 ad
2148 5429 2439 5498 pristinam
2475 5427 2639 5483 rediit
2665 5428 2891 5497 gloriam
2939 5438 2994 5484 ct
3032 5427 3458 5498 professionem.

232 5527 382 5591 δόξαν
426 5545 484 5581 τε
510 5528 605 5581 καὶ
640 5524 953 5597 ὁμολογίαν.
995 5524 1068 5576 υύ
1109 5524 1216 5592 μὴν
1239 5522 1331 5574 ἐπὶ
1364 5521 1616 5585 πλεῖστον
1640 5518 1757 5572 οῦτι

1891 5521 2093 5576 Verum
2122 5534 2412 5574 successus
2443 5521 2508 5581 is,
2533 5535 2603 5574 ne
2628 5534 2690 5574 ea
2723 5521 2792 5574 ad
2824 5522 3058 5576 similent
3093 5535 3286 5576 rursus
3317 5522 3461 5576 reci-

235 5622 505 5688 προελθεῖν
538 5618 759 5690 ἔμελλε,
793 5617 889 5670 καὶ
920 5615 996 5687 μὴ
1024 5616 1122 5686 τῆς
1160 5613 1353 5684 ὁμοίας
1383 5609 1538 5677 αὖθις
1583 5611 1754 5681 συγχύ

1891 5610 2047 5665 deret
2079 5609 2291 5664 turbam
2326 5619 2381 5665 et
2408 5610 2810 5677 confusionem,
2850 5615 3075 5670 minime
3100 5615 3318 5669 futurus
3336 5624 3460 5668 erat

238 5725 369 5772 ceto;
402 5710 747 5782 πειραθῆναι.
796 5708 907 5762 Καὶ
934 5707 1043 5776 γὰρ
1089 5706 1206 5759 οὐδὲ
1233 5707 1345 5771 τοῖς
1379 5706 1471 5759 ἐπὶ
1500 5706 1757 5758 Κωνσταν

1892 5704 2209 5759 diuturnus.
2243 5702 2360 5759 Non
2399 5704 2547 5758 enim
2573 5704 2656 5759 eis
2696 5705 2884 5772 rebus,
2916 5721 3047 5777 qua:
3070 5705 3327 5763 Ecclesia:
3352 5704 3458 5760 sub
