3912 6546
485 293 590 356 58l

1686 292 2107 353 NICEPHORI
2147 295 2489 382 GALLISTI
3248 268 3259 289 ‘
3603 317 3691 381 5t,

481 406 806 464 Constantio
825 405 1073 461 accidere
1095 448 1108 470 ,
1145 406 1276 461 soiis
1306 444 1319 469 ,
1350 407 1533 489 ntagni
1568 405 1715 459 iliius
1740 407 1911 475 patris
1951 409 2046 461 An-

2162 409 2280 460 τίου
2327 415 2392 481 τῇ
2421 411 2716 489 Ἐκκλησία
2748 418 2930 488 μόνοις
2972 425 3238 494 συμϐᾶσιν
3279 428 3429 496 ἠτοῦ
3481 438 3690 500 μεγάλου

486 500 622 556 tonii
645 499 912 554 divinatio
948 497 1013 551 ad
1042 497 1250 551 exitum
1285 514 1446 550 suum
1476 499 1727 567 pervenit
1763 516 1774 551 :
1807 499 1898 551 sed
1927 499 2056 551 reli-

483 608 653 662 quum
704 592 887 645 adhuc
928 590 993 644 ad
1031 590 1434 659 improbitatem
1464 590 1790 658 explendam
1844 592 2050 660 aliquid

485 684 606 748 t'uit,
626 682 1091 751 quemadmodum
1118 683 1168 736 id
1190 692 1374 749 postea
1395 700 1654 738 :erumnze
1683 684 1788 738 Sub
1810 683 2051 740 Valentis

485 775 718 843 imperio
745 775 988 828 toleratae
1012 775 1393 830 ostenderunt.
1426 776 1755 852 Priusquam
1779 780 1926 831 enim
1945 779 2049 832 sub

482 863 805 918 Constantio
825 864 1013 919 Ariani
1045 866 1295 919 ecclesiis
1320 866 1570 935 regendis
1594 868 1797 937 primas
1826 869 2046 922 obtine-

484 967 627 1018 rent,
668 956 722 1010 in
770 957 977 1011 somnis
1011 958 1198 1011 videre
1232 960 1333 1014 sibi
1387 961 1535 1014 visus
1566 972 1649 1015 est
1692 962 2050 1017 admirandus

484 1046 573 1098 ille
610 1054 666 1100 et
716 1062 945 1117 magnus
1007 1050 1301 1110 Antonius,
1355 1051 1530 1104 mulos
1575 1068 1698 1105 cum
1741 1054 1946 1121 impetu
1997 1056 2049 1108 in

482 1140 727 1193 sanctius
758 1141 1057 1193 sacrarium
1098 1140 1313 1207 inferri,
1345 1154 1508 1212 atque
1558 1145 1628 1198 ibi
1658 1146 1918 1200 salientes
1944 1148 2054 1201 cal-

480 1231 748 1298 eibusque
801 1245 860 1285 se
904 1241 1176 1299 petentes,
1209 1247 1421 1287 sacram
1475 1244 1726 1289 evertere
1781 1252 2048 1291 mensam.

478 1321 613 1375 Cum
646 1334 830 1377 autem
865 1324 1173 1393 evigilasset
1196 1363 1209 1387 ,
1256 1326 1529 1378 somnium
1556 1326 1611 1380 id
1641 1328 1827 1381 retulit
1855 1338 1910 1381 et
1955 1345 2051 1381 cx-

484 1412 686 1480 posuit,
708 1412 951 1467 futurum
971 1414 1202 1480 scilicet,
1231 1426 1287 1467 ut
1310 1418 1748 1473 adulterinorum
1774 1431 2051 1474 monstro-

481 1519 781 1572 sorumque
834 1506 1150 1574 dogmatum
1207 1511 1461 1564 confusio
1499 1510 1793 1566 Ecclesiam
1829 1513 1923 1567 Dei
1956 1530 2052 1567 oc-

478 1603 744 1660 cuparet,
791 1603 847 1648 et
894 1596 1086 1650 aliena:
1120 1596 1386 1654 doctrina:
1444 1613 1773 1657 assertorum
1810 1606 2049 1661 iusultus

480 1698 690 1736 sacram
738 1685 1127 1752 pessumdaret
1184 1703 1446 1743 mensam.
1484 1692 1655 1746 Porro
1698 1709 1805 1747 non
1857 1711 2048 1749 vanam

478 1774 671 1839 fuisse,
718 1784 811 1831 aut
858 1779 1174 1834 mendacem
1240 1782 1528 1849 visionem,
1581 1784 1743 1839 simul
1780 1797 1835 1841 et
1869 1788 2047 1843 inter-

482 1869 807 1935 pretationis
845 1871 966 1939 ejus
1013 1872 1450 1940 praedictionem,
1479 1891 1600 1943 qua:
1630 1876 1829 1930 deinde
1858 1878 2051 1933 subse-

478 1971 624 2024 cuta,
653 1972 709 2015 et
744 1975 933 2031 postea
957 1964 1122 2017 etiam
1150 1965 1457 2035 imperante
1490 1967 1715 2022 Valente
1742 1978 1859 2024 acta
1896 1981 2048 2034 sunt,

480 2057 612 2108 satis
665 2055 1036 2110 declararunt.
1090 2057 1165 2111 De
1205 2058 1291 2112 bis
1320 2060 1474 2113 satis.
1512 2060 1814 2129 lmperator
1866 2072 2049 2117 autem

478 2148 807 2202 Joviuiunus
842 2141 1122 2203 Celeritate
1172 2165 1366 2219 magna
1412 2153 1705 2206 Antiochia
1741 2155 2048 2222 discedens,

474 2242 1012 2310 Constantinopolim
1044 2244 1436 2309 contendebat,
1456 2254 1510 2297 et
1539 2245 1769 2299 Tarsum
1797 2263 1919 2300 cum
1961 2265 2052 2301 ιο-

481 2335 673 2396 uisset,
721 2333 919 2387 Juliaui
950 2334 1022 2387 ibi
1052 2348 1277 2402 corpus,
1306 2334 1467 2401 justis
1510 2335 1858 2393 funcralibus
1886 2355 2049 2408 pera-

478 2424 608 2487 etis,
639 2425 858 2492 sepeliit
878 2440 892 2477 :
912 2440 1016 2478 non
1042 2425 1315 2492 consulto,
1338 2426 1432 2480 sed
1450 2442 1580 2480 casu
1612 2428 1790 2496 potius
1813 2429 2048 2497 quodam

479 2523 534 2569 rt
561 2530 769 2578 errore,
817 2515 1083 2569 cadavere
1113 2517 1233 2586 ejus
1265 2533 1328 2569 ex
1373 2518 1604 2572 adverso
1642 2522 1851 2573 tumulo
1879 2522 1929 2575 ei
1956 2522 2049 2591 qui

480 2607 753 2662 Maximini
782 2609 1101 2663 continebat
1144 2626 1268 2664 ossa
1291 2652 1306 2675 ,
1336 2611 1406 2664 ita
1433 2612 1678 2676 condito,
1736 2623 1793 2667 ut
1828 2614 1915 2668 via
1949 2631 2052 2683 pu-

478 2701 617 2756 blica
647 2710 945 2770 utrumque
977 2703 1293 2768 sepulcrum
1331 2704 1633 2758 dirimeret.
1656 2705 1734 2759 lbi
1766 2721 1895 2761 vero
1919 2722 2049 2761 eon-

475 2792 805 2860 sulquotlue
854 2795 1247 2856 renuntiatus,
1291 2793 1830 2865 Consmutinopolim
1886 2797 2051 2865 proii-

474 2882 710 2949 eiscens,
757 2884 827 2938 ad
874 2884 1175 2956 Bosporum
1212 2886 1397 2951 venit,
1438 2888 1492 2939 in
1539 2888 1720 2941 locum
1749 2889 1840 2942 cui
1872 2888 2046 2944 Dada-

475 2984 630 3028 stana
683 2990 882 3029 nomen
914 2985 1018 3040 est,
1060 2975 1321 3043 Galatiae,
1357 2987 1414 3031 et
1450 2976 1719 3047 Bithynia;
1764 2979 1996 3033 limitem
2027 2996 2044 3034 :

2164 502 2372 571 πατρὸς
2394 503 2684 561 ’Λντωνίου
2732 512 3039 584 πρόρρησις
3067 516 3403 587 ἐπεραίνετο.
3442 524 3550 577 ἀλλ’
3574 525 3692 579 ἐλεί-

2161 609 2291 644 πετο
2327 594 2416 647 καί
2444 614 2495 649 τι
2555 599 2690 669 πρὸς
2722 603 2818 673 τὴν
2872 607 2967 673 τῆς
3005 608 3206 672 κακίας
3247 611 3600 682 ἐκπλήρωσιν,
3629 619 3693 683 ὡς

2157 683 2324 748 ἔδειξε
2374 686 2440 740 τὰ
2497 691 2591 743 ἐπὶ
2625 693 2927 758 Οὐάλεντος
2976 701 3241 768 γενόμενα
3274 702 3510 776 ὕστερον.
3544 709 3692 777 Λόγος

2157 778 2266 847 γὰρ
2303 777 2416 849 ἔχει
2463 783 2646 856 πρὶνῆ
2682 788 2807 850 τοὺς
2831 787 2888 852 ἐξ
2925 789 3138 859 Ἀρείου
3172 796 3278 846 τῶν
3299 798 3587 868 ἐκκλησιῶν
3614 806 3696 858 ἐπὶ

2162 869 2543 925 Κωνσταντίου
2568 876 2854 945 κατάρξαι,
2879 881 3006 933 ίδεῖν
3036 885 3156 937 κατ’
3186 885 3314 956 ὄναρ
3333 887 3424 941 τίν
3443 891 3598 945 πολὺν
3617 897 3696 946 καὶ

2161 960 2337 1029 μέγαν
2366 961 2707 1031 ’Δντώνινον,
2751 971 3006 1038 ἡμιόνους
3062 977 3357 1048 είσςρρῆσαι
3411 985 3487 1053 τῷ
3535 987 3695 1041 θυσια-

2162 1053 2670 1154 στηρίῳ·ισκιρτᾷν
2718 1078 2776 1113 τε
2814 1065 2908 1115 καὶ
2950 1065 3226 1132 λακτίζειν
3280 1073 3445 1141 ἔνδον,
3481 1080 3566 1133 καὶ
3610 1083 3693 1154 τὴν

2160 1144 2313 1240 ἱερὰν
2343 1148 2621 1215 τράπεζαν
2648 1154 2996 1222 ἀνατρέπειν.
3040 1162 3431 1219 Διυπνισοέντα
3461 1169 3515 1222 δὲ
3553 1144 3695 1240 φάναι

2154 1235 2247 1286 τὸν
2269 1237 2477 1310 ὄνειρον
2507 1242 2817 1311 ἐπιλύοντα,
2852 1248 2928 1311 ὡς
2963 1250 3132 1305 νόθων
3167 1258 3261 1309 καὶ
3305 1257 3597 1317 ἀλλοκότων
3625 1267 3694 1320 δο-

2157 1325 2386 1392 γμάτων
2413 1329 2663 1397 ἐπιμιξία
2693 1333 2792 1403 τὴν
2808 1335 3135 1408 Ἐκκλησίαν
3167 1344 3298 1398 Θεοῦ
3323 1352 3689 1422 καταλήψεται,

2157 1418 2249 1469 καὶ
2282 1419 2604 1489 ἑτεροδόξων
2628 1426 2993 1495 ἐπανάστασις
3017 1433 3115 1504 τὴν
3148 1438 3301 1505 ἱεράν
3324 1418 3692 1516 κατοργησεται

2156 1510 2459 1609 τράπεζαν.
2491 1514 2634 1570 Ἀλλ’
2667 1520 2751 1572 ὅτι
2790 1522 2889 1590 μὲν
2916 1525 3149 1598 ἀψευδὴς
3185 1532 3219 1602 ἤ
3249 1549 3309 1585 τε
3337 1510 3596 1609 θέακαὶνή
3619 1543 3699 1595 ἐπὶ

2156 1603 2329 1677 ταύτῃ
2362 1607 2464 1675 τῆς
2492 1608 2701 1676 λύσεως
2733 1617 3062 1688 πρόρρησις,
3115 1625 3281 1689 ἑδεῑξε
3322 1628 3390 1681 τά
3416 1646 3473 1682 τε
3493 1603 3699 1704 γεγενη-

2158 1699 2294 1794 μένα
2326 1700 2384 1761 ἐς
2421 1701 2670 1794 ὔστερον,
2706 1708 2801 1759 καὶ
2829 1710 2927 1762 ὅσα
2962 1715 3098 1781 μετὰ
3148 1717 3320 1771 ταῦτα
3350 1721 3441 1773 ἐπὶ
3470 1722 3561 1790 τῆς
3587 1699 3699 1794 ἠγε-

2158 1791 2347 1853 μονίας
2375 1793 2675 1859 Οὐάλεντος
2716 1798 3043 1872 διεπράχθη.
3072 1807 3254 1862 Ταῦτα
3289 1810 3390 1878 μὲν
3420 1791 3698 1878 οὕτωςξλο

2152 1881 2204 1933 δὲ
2231 1882 2484 1951 βασιλεὺς
2510 1887 2766 1954 Ἰοὸιανδς
2801 1895 2923 1947 ὅσον
2953 1898 3117 1967 τάχος
3145 1903 3202 1967 ἐξ
3225 1901 3551 1975 Ἀντιοχείας
3576 1910 3699 1962 ἁπά-

2156 1992 2254 2042 ρας
2306 1978 2379 2040 ὡς
2403 1980 2492 2031 ἐπὶ
2522 1983 2617 2054 τὴν
2651 1985 3222 2046 Κωνσταντινούπολιν
3271 1996 3368 2050 καὶ
3393 1999 3474 2061 είς
3508 2000 3698 2070 Ταρσὸν

2152 2069 2251 2136 τὴν
2281 2067 2385 2121 τῶν
2409 2070 2651 2126 Κιλίκων
2674 2078 2986 2147 γενόμενος,
3015 2084 3132 2136 ἐκεῖ
3166 2089 3223 2138 τὸ
3244 2086 3535 2143 Ἰαυλιανοῦ
3558 2067 3697 2162 σῶμα

2154 2159 2370 2224 bimas,
2395 2163 2493 2215 ὅσα
2525 2166 2816 2238 ἐπικήδεια
2867 2173 3075 2243 νόμιμα
3129 2178 3426 2243 ἐκτελέσας
3447 2197 3461 2210 ·
3490 2184 3547 2235 οὐ
3573 2187 3697 2238 κατὰ

2154 2254 2413 2346 πρόνριαν
2437 2254 2514 2319 δὲ,
2548 2258 2682 2313 ἀλλὰ
2710 2264 2847 2316 κατά
2873 2282 2990 2318 τινα
3019 2271 3345 2337 περιφορὰν,
3371 2273 3585 2345 ἀντικρὺ
3611 2277 3697 2346 τῆς

2153 2341 2311 2411 σοροῦ
2357 2342 2391 2413 ἢ
2426 2346 2491 2398 τὰ
2523 2347 2834 2418 Μαξιμίνου
2878 2356 3130 2423 κατεῖχεν
3186 2357 3345 2423 ὀστᾶ,
3386 2362 3477 2413 τὸν
3527 2341 3696 2434 νεκρόν

2152 2434 2364 2487 ἐκείνου
2400 2439 2678 2505 κατέθετο,
2713 2442 2993 2515 λεωφόρου
3027 2448 3122 2501 ἀπ’
3151 2451 3402 2522 ἀλλήλων
3432 2456 3525 2518 τὰς
3550 2457 3723 2526 θήκας

2149 2523 2603 2600 διατειχιζούσης.
2627 2534 2839 2589 Ἐκεῖσε
2868 2538 2923 2591 δὲ
2952 2538 3156 2605 ὕπατος
3191 2523 3695 2614 ἀναγορευθεὶς,νέπὶ

2149 2616 2247 2682 τὴν
2279 2619 2689 2676 Κωνσταντίνου
2729 2626 2790 2678 τὸ
2833 2628 3062 2700 ὅρμημα
3093 2632 3248 2687 ἔθετο
3276 2652 3290 2666 ο
3341 2639 3586 2695 κάκεῖθεν
3617 2644 3694 2696 ἐπὶ

2148 2707 2242 2803 τὸν
2270 2710 2544 2781 Βὸσπορον
2574 2715 2807 2783 γίνεται,
2840 2720 2897 2773 ἐν
2921 2741 3024 2776 τινι
3050 2726 3215 2795 χώρῳ
3240 2728 3300 2791 ὃς
3323 2732 3569 2803 μεθόριόν
3592 2736 3691 2788 ἐστι

2152 2799 2421 2864 Γαλατίας
2444 2804 2538 2857 καὶ
2564 2805 2820 2873 Βιθυνίας
2843 2826 2857 2841 ο
2890 2815 3211 2870 Δαδάστανα
3235 2820 3295 2872 δὲ
3326 2823 3407 2892 τῷ
3443 2799 3616 2896 γωρίῳ
3641 2827 3692 2881 τὸ

2148 2891 2358 2961 ὄνομαο
2420 2895 2546 2949 ἔνθα
2590 2901 2684 2953 καὶ
2739 2903 3108 2975 ήσύγκλητος
3157 2911 3322 2966 αὑτὸν
3375 2891 3691 2985 κανόνι-τήνω,

2149 2985 2242 3078 καὶ
2266 2986 2293 3036 ὁ
2328 2989 2665 3059 προρρηθεὶς
2700 2992 2991 3064 Θεμίστιος
3032 3001 3121 3055 τὸν
3141 3003 3229 3056 ἐπ’
3254 3006 3407 3078 αὐτῷ
3432 3010 3692 3067 ἐκδοθέντα
3750 3016 3770 3040 ⁸

478 3066 571 3120 ubi
605 3076 829 3122 senatus
875 3069 923 3121 ci
955 3069 1219 3132 occurrit,
1250 3080 1305 3124 et
1334 3084 1495 3139 quem
1544 3070 1802 3133 diximus,
1824 3071 2046 3126 Therui-

2152 3075 2421 3133 ὑπατικὸν
2460 3081 2618 3151 λόγον
2662 3086 2877 3157 ἀνέγνω
2907 3107 2921 3122 ·
2955 3091 3015 3145 εν
3051 3095 3146 3148 καὶ
3184 3096 3240 3150 ἐν
3276 3066 3692 3157 Κωνσταντινονο

474 3160 634 3223 stius,
662 3160 1007 3213 consularem
1031 3160 1098 3214 de
1127 3175 1194 3213 eo
1211 3160 1413 3213 editam
1433 3161 1739 3216 orationem
1770 3164 2043 3228 recitavit,

479 3252 639 3324 104
689 3267 854 3322 quam
905 3260 1097 3321 postea
1157 3252 1213 3306 in
1256 3254 1393 3307 urbe
1432 3252 2046 3324 Constantinopolitana

474 3347 641 3402 etiam
663 3361 853 3415 magna
869 3360 992 3400 eum
1024 3345 1276 3399 libertate
1302 3345 1623 3415 publicavit.
1647 3346 1841 3417 Frigus
1865 3358 2045 3403 autem

478 3439 674 3506 ingens
710 3436 958 3501 invaluit,
977 3444 1033 3490 et
1067 3436 1365 3505 imperator
1393 3436 1451 3490 in
1481 3436 1787 3491 diversorio
1805 3440 2045 3507 quodam

475 3529 696 3582 avidius
725 3529 1038 3597 cepiosiore
1071 3537 1291 3596 sumpto
1322 3529 1468 3593 cibo,
1504 3528 1558 3582 in
1591 3529 1866 3594 cubiculo,
1898 3534 2046 3600 quod

474 3637 650 3690 nuper
669 3619 967 3673 admodum
996 3619 1146 3674 calce
1184 3628 1304 3673 erat
1345 3620 1733 3687 incrustatum,
1764 3636 1823 3676 se
1857 3622 2045 3679 confe-

474 3711 602 3765 stim
633 3711 699 3764 ad
725 3724 977 3764 somnum
1008 3709 1335 3778 capiendum
1364 3711 1692 3778 composuit.
1714 3711 1780 3765 Et
1800 3713 1945 3781 quod
1976 3729 2043 3768 ex

476 3804 603 3872 igne
635 3802 842 3870 largius
865 3816 1100 3857 accenso
1140 3811 1297 3872 tepor
1327 3803 1617 3857 humorem
1648 3820 1712 3858 ex
1736 3806 2045 3874 parietibus

478 3910 674 3949 recens
703 3894 972 3949 dealbatis
1014 3896 1263 3959 eliceret,
1313 3906 1480 3966 atque
1507 3896 1553 3951 is
1601 3897 1804 3952 sensim
1837 3915 1895 3954 se
1944 3916 2044 3970 per

476 4002 640 4042 nares
695 3988 1004 4052 insinuans,
1059 3988 1271 4042 meatus
1325 4004 1422 4058 per
1474 4004 1613 4059 quos
1669 3991 1940 4060 accipitur
1990 4005 2045 4048 et

474 4079 725 4133 redditur
775 4079 1034 4147 spiritus,
1063 4080 1371 4144 obturaret,
1406 4081 1897 4148 strangulationem
1936 4083 2044 4137 im-

475 4171 711 4238 peratori
740 4170 947 4233 attulit,
986 4171 1132 4225 unde
1185 4166 1335 4227 mors
1357 4180 1441 4225 est
1460 4181 1775 4226 consecuta.
1808 4172 2043 4229 Circiter

473 4271 596 4315 octo
626 4275 843 4316 menses
864 4261 917 4314 in
952 4261 1186 4331 imperio
1216 4262 1502 4332 transegit,
1533 4263 1619 4315 vir
1658 4263 1838 4319 bonus
1861 4274 1916 4319 et
1944 4266 2045 4320 ho-

473 4363 703 4419 nestus;
749 4353 850 4407 sub
883 4369 992 4422 quo
1018 4363 1073 4408 el.
1111 4354 1497 4409 ecclesiastica:
1551 4364 1606 4409 et
1656 4356 1891 4424 publica:
1950 4373 2040 4414 res

2151 3168 2301 3266 πόλει
2347 3170 2405 3266 ἐς
2444 3170 2673 3246 ὕστερον
2731 3180 3047 3245 ἐπεδείξατο
3077 3185 3171 3238 ἐπὶ
3212 3193 3497 3265 παρρησίᾳ
3522 3195 3686 3266 πολλῇ.

2147 3259 2320 3323 Αὐτὸς
2348 3261 2393 3314 δ’
2424 3265 2602 3318 ἐκεῖσε
2626 3272 2895 3340 χειμῶνος
2918 3276 3268 3348 ἐπικειμένου
3293 3259 3497 3338 πολλου
3520 3286 3575 3339 ἔν
3597 3259 3690 3341 τινι

2147 3352 2458 3448 καταλύσας
2491 3360 2739 3431 σταθμῷ,
2773 3366 2983 3435 τροφῆς
3011 3386 3074 3423 τε
3102 3372 3303 3445 πολλῆς
3331 3377 3689 3448 ἀφειδέστερον

2149 3445 2455 3515 μετασχὼν,
2486 3450 2545 3503 ἐν
2585 3454 2812 3525 οίκίσκῳ
2839 3460 2947 3514 τινὶ
2969 3460 3095 3532 ἄρτι
3144 3445 3461 3535 πρόσφατον
3487 3473 3547 3524 ἐκ
3565 3445 3691 3527 τιτά-

2147 3550 2238 3585 νου
2261 3536 2540 3611 δεξαμένῳ
2571 3544 2669 3612 την
2702 3545 2870 3614 κόνιν,
2905 3551 3044 3619 πρὸς
3074 3551 3240 3610 ὕπνον
3270 3557 3436 3623 εὺυὺς
3465 3563 3693 3617 κατακλί-

2145 3641 2320 3680 νεται.
2345 3628 2457 3724 ΔΔιέι
2483 3631 2540 3686 δὲ
2571 3632 2632 3684 τὸ
2666 3635 2830 3691 ἀλέαν
2858 3640 3196 3712 ἐγγενέσθαι,
3257 3651 3427 3719 πυρὸς
3455 3655 3691 3724 ἀναφθέν·

2146 3734 2236 3778 τος
2274 3720 2488 3790 πολλοῦ,
2530 3727 2670 3790 νοτὶς
2699 3730 2764 3782 ἐκ
2795 3732 2902 3785 τῶν
2930 3737 3260 3805 νεοχρίστων
3286 3744 3489 3814 τοίχων
3525 3746 3691 3799 άναδο-

2146 3808 2321 3900 βείσα,
2358 3813 2542 3884 ἡρέμα
2573 3819 2663 3872 διά
2691 3819 2799 3873 τῶν
2851 3826 3015 3893 ῥινῶν
3070 3808 3411 3899 παρεδύετο-ί
3449 3837 3541 3889 καὶ
3582 3840 3690 3900 τοὺς

2144 3898 2612 3967 ἀναπνευστικοὺς
2646 3909 2847 3979 πόρους
2879 3914 3230 3984 ἐμφράξκσα,
3285 3923 3369 3985 είς
3410 3927 3690 3995 πνιγμονὴν

2145 3992 2356 4045 ἐλαύνει
2381 3995 2472 4047 τὸν
2499 3994 2742 4066 βασιλέα.
2773 4002 2883 4055 Καὶ
2910 4003 3052 4060 οὕτω
3079 4008 3426 4083 διαφθαρεὶς,
3459 3992 3689 4071 ἐτελεύτα

2144 4083 2236 4135 τὸν
2268 4083 2406 4181 βίον,
2451 4089 2596 4181 ἀμφὶ
2624 4092 2769 4146 ὀκτὼ
2815 4095 2993 4167 μῆνας
3020 4103 3083 4172 τῇ
3115 4102 3369 4179 βασιλείᾳ
3399 4109 3688 4181 διαγενόμε-

2144 4193 2231 4269 νος
2255 4192 2281 4269 ’ν
2321 4177 2459 4249 ἀνὴρ
2512 4179 2653 4235 οὕτω
2688 4186 2848 4250 καλός
2881 4205 2938 4241 τε
2970 4193 3209 4260 κάγαίιδς
3230 4236 3246 4260 ,
3310 4177 3397 4267 ἐφ’
3424 4193 3469 4269 ᾧ
3501 4177 3690 4255 καὶττὰ

2143 4266 2381 4336 δημόσια
2407 4272 2497 4324 καὶ
2525 4274 2591 4326 τὰ
2617 4275 2725 4329 τῶν
2748 4278 3054 4350 ἐκκλησιῶν
3085 4283 3325 4357 ἔπραξεν
3353 4266 3419 4344 ἄν
3438 4266 3690 4359 εὐτυχῶς,

2145 4363 2192 4412 εί
2230 4360 2305 4429 μὴ
2337 4361 2603 4433 ἐξαπίνης
2635 4369 2663 4420 ὀ
2713 4368 2940 4436 θάνατος
3001 4375 3229 4443 ἐπιστάς
3262 4384 3518 4439 τοσοῦτον
3545 4387 3689 4438 καλᾶν

474 4460 765 4515 prosperos
817 4446 1087 4499 habitura:
1139 4446 1357 4500 fuerant
1410 4461 1725 4513 successus,
1783 4450 1891 4504 nisi
1940 4465 2039 4521 per

2151 4452 2246 4521 τὴν
2296 4453 2581 4524 Ῥωμαίων
2612 4458 2951 4532 δυστυχῆσαι
2993 4435 3315 4541 πεποίηκεν.

471 4539 755 4591 adversam
797 4552 1025 4606 prorsus
1058 4536 1359 4603 fortunam,
1392 4540 1679 4607 repentina
1715 4556 1886 4606 mors,
1918 4557 2040 4611 qua:

474 4630 626 4683 illum
664 4630 958 4698 oppressit,
989 4637 1198 4683 tantum
1230 4619 1434 4684 heuum
1464 4630 1835 4686 Romanorum
1866 4632 2039 4703 impe-

474 4723 557 4776 rio
594 4721 903 4775 invidisset.
954 4719 1096 4775 Obiit
1124 4732 1307 4775 autem
1356 4736 1455 4776 suo
1488 4732 1543 4777 et
1572 4723 1865 4779 Varoniani
1917 4725 2037 4793 ﬁlii,

471 4829 634 4883 quem
665 4813 1064 4867 nobilissimum
1093 4814 1318 4884 Ancyrae
1358 4815 1411 4868 in
1439 4814 1649 4869 Galatia
1689 4817 2042 4871 renuntiave-

473 4918 577 4975 rat,
608 4907 895 4963 cousulatu
921 4946 937 4971 ,
974 4905 1188 4961 decimo
1230 4906 1464 4975 septimo
1496 4908 1703 4961 mensis
1750 4907 2038 4962 Februarii

471 5004 583 5067 die,
614 5018 739 5056 cum
771 5001 1115 5070 imperasset,
1141 5001 1422 5055 utdictum
1457 4999 1799 5063 est,circitcr
1822 5016 2039 5057 menses

473 5105 633 5161 octo;
671 5095 849 5149 astatis
873 5109 1018 5148 anno
1071 5093 1350 5147 tricesimo
1383 5092 1562 5147 tertio.
1592 5092 1762 5149 Porro
1792 5094 2039 5148 decimus

471 5188 573 5241 iste
603 5172 955 5240 bisto‘riarum
980 5185 1120 5239 liber
1144 5184 1363 5238 triennii
1396 5194 1608 5253 tempus
1626 5184 2037 5253 complectitur,

470 5297 594 5334 cum
612 5279 829 5349 quidem
859 5296 888 5333 a
914 5278 1121 5333 mundo
1144 5278 1366 5334 condito
1393 5278 1684 5346 quinquies
1710 5277 2037 5333 millesimus

2148 4546 2203 4599 δέ
2255 4546 2311 4598 ἐν
2342 4547 2575 4620 ὑπατείᾳ
2630 4553 2796 4608 αὑτοῦ
2828 4573 2885 4609 τε
2915 4558 3014 4611 καὶ
3058 4560 3413 4633 Βαρωνιανοῦ
3458 4568 3547 4622 τοῦ
3584 4567 3687 4622 υίοῦ

2149 4636 2334 4702 αὐτοῦ,
2364 4638 2422 4692 ὃν
2454 4642 2510 4693 ἐν
2556 4643 2799 4717 Ἀγκύρᾳ
2834 4646 2933 4717 τῆς
2969 4650 3243 4718 Γαλατίας
3283 4658 3686 4727 ἐπιφανέστατον

2147 4727 2470 4798 ἀνηγόρευε,
2500 4739 2564 4805 τῇ
2593 4737 3030 4813 ἑπτακαιδεκάτῃ
3072 4746 3166 4798 τοῦ
3196 4747 3561 4821 Φεϐρουαρίου
3596 4767 3690 4820 μη-

2146 4822 2237 4884 νός
2262 4839 2274 4851 ·
2309 4823 2635 4892 βασιλεύσας
2660 4829 2782 4900 μὲν,
2814 4831 2889 4908 ὡς
2916 4835 3153 4905 εἴρηται,
3172 4838 3315 4907 ἀμφὶ
3334 4841 3510 4910 μῆνας
3535 4838 3685 4904 όκιὼ,

2148 4913 2319 4983 ζήσας
2349 4916 2406 4968 δέ
2446 4916 2517 4970 τὰ
2540 4921 2717 4974 πάντα
2746 4922 2842 4992 ἐτη
2876 4926 3002 4991 τρία
3046 4928 3183 5000 πρὸς
3239 4934 3354 4993 τοῖς
3390 4933 3684 5002 τριάκοντα.

2148 5006 2400 5077 Περιέχει
2421 5008 2477 5061 δὲ
2506 5011 2601 5063 καὶ
2627 5013 2660 5079 ή
2700 5014 2954 5084 παροῦσά
2988 5034 3078 5087 μοι
3102 5019 3302 5092 δεκάτη
3324 5021 3431 5076 τῶν
3456 5020 3684 5089 ἱστοριῶν

2145 5097 2338 5168 χρόνον
2359 5101 2496 5154 ἐτῶν
2519 5102 2688 5171 τριῶν
2712 5119 2727 5134 ·
2757 5106 2993 5175 ὁπηνίκα
3024 5112 3232 5181 κόσμου
3256 5112 3357 5182 μέν
3380 5113 3497 5175 ἔτος
3520 5116 3685 5176 ,εωοέι

2145 5189 2253 5240 ἀπὸ
2278 5188 2333 5241 δὲ
2362 5190 2463 5260 τῆς
2497 5192 2648 5257 θείας
2680 5194 2774 5248 τοῦ
2809 5198 3015 5269 Κυρίου
3052 5209 3360 5273 γεννήσεως
3402 5219 3683 5276 τριακοσιον

2146 5280 2270 5332 στὸν
2289 5282 2380 5334 καὶ
2408 5282 2807 5356 ἑϐδομηκοστὸν
2828 5292 3163 5362 ἐπεραίνετο.

474 5373 967 5443 octingentesimus
1015 5373 1454 5442 septuagesimus
1518 5372 1741 5442 quintus
1808 5369 1908 5443 (1),
1948 5386 1979 5426 a
2040 5372 2257 5428 Domini
2289 5384 2474 5433 autem
2541 5381 2830 5440 nativitate
2865 5388 3287 5451 trecentesimus
3331 5398 3389 5448 et
3423 5397 3686 5462 scptuage-

467 5471 647 5525 simus
678 5479 930 5539 ageretur
968 5485 1165 5524 annus.

537 5633 614 5704 (ς)
646 5632 955 5691 Ξοςυιιλῐυιη
992 5637 1343 5707 recentiores,
1383 5635 1544 5694 4545.
