3796 6528
486 407 589 470 587

488 541 592 598 nus
631 526 682 579 in
716 524 892 579 Gnll'a
936 525 1269 582 occidentali
1299 527 1482 582 adhuc
1510 539 1690 594 esset,
1717 540 1773 583 ct
1801 530 2067 599 templum

483 619 760 690 quoddam
802 620 878 690 (1)
917 620 1173 675 sacrificii
1205 620 1381 692 gratia
1413 630 1647 692 peteret,
1689 623 2071 677 Valentiniano

486 722 758 781 praesente
790 714 971 782 (vetus
1009 713 1158 768 enim
1187 716 1530 769 consuetudo
1569 722 1711 779 erat,
1752 723 1809 769 ut
1847 716 1939 784 qui
1980 715 2071 771 Jo-

490 807 665 861 vianae
690 817 746 862 et
771 806 1137 871 Herculianm,
1191 808 1263 863 ita
1301 807 1370 861 ab
1391 805 1524 862 Jove
1549 814 1604 863 et
1639 807 1874 863 Hercule
1906 808 2072 864 dictis

487 898 814 954 cohortibus
861 909 1190 969 praeessent,
1237 898 1540 967 principem
1591 914 1620 951 a
1655 907 1809 969 tergo
1866 913 2071 967 seque.-

489 994 725 1064 rentur)
774 1002 830 1048 et
869 994 999 1065 jam'
1038 993 1299 1063 templum
1356 991 1754 1063 ingredientem
1808 991 2069 1048 sacerdos

486 1084 777 1139 frondibus
832 1082 1162 1153 quibusdam
1224 1082 1457 1137 roscidis
1515 1090 1946 1155 conspergeret,
2011 1091 2071 1138 et

485 1183 636 1245 gutta
667 1190 775 1230 una
810 1175 863 1227 in
889 1173 1257 1228 Valentiniani
1284 1183 1492 1237 vestem
1524 1173 1809 1239 incideret,
1839 1175 1986 1246 quod
2022 1174 2068 1229 is

485 1269 691 1324 factum
725 1267 831 1321 tale
868 1282 1009 1335 aegre
1034 1266 1240 1330 ferens,
1273 1280 1401 1320 cum
1432 1267 1771 1323 sacerdotem
1798 1268 2067 1323 conviciis

482 1359 836 1430 praeciderit,
884 1367 998 1412 tum
1059 1358 1180 1428 ipso
1228 1357 1454 1413 vidente
1489 1358 1731 1423 Juliano,
1767 1374 1899 1414 ense
1944 1374 2064 1413 eam

483 1462 693 1522 partem
717 1450 909 1517 vestis,
952 1450 1008 1504 in
1039 1466 1207 1521 quam
1240 1449 1441 1504 humor
1472 1466 1537 1504 ex
1570 1451 1965 1519 conspersione
1997 1465 2063 1505 ea

480 1551 811 1614 pervenerat
842 1544 1018 1613 (tanto
1070 1542 1442 1598 Christianam
1486 1544 1745 1612 pietatem
1777 1552 2067 1598 consecta-

478 1636 643 1691 batur
693 1636 942 1704 ardore)
1010 1636 1299 1690 resciderit
1357 1644 1521 1704 atque
1575 1635 1858 1705 abiecerit.
1906 1635 2063 1691 Unde

478 1726 742 1797 deinceps
787 1726 865 1781 illi
926 1724 1180 1781 Julianus
1235 1723 1505 1789 infensus,
1548 1740 1658 1780 non
1706 1726 1907 1781 multo
1941 1734 2064 1797 post

478 1839 604 1879 cum
655 1826 1085 1880 condemnatum
1118 1822 1377 1879 Melitinte
1416 1824 1473 1879 in
1498 1825 1756 1880 Armenia
1788 1836 2061 1895 perpetuo

475 1919 732 1973 exsulare
776 1918 988 1988 jussit:
1034 1932 1156 1971 eam
1207 1932 1373 1988 quam
1436 1917 1674 1973 diximus
1752 1928 2061 1988 praetexens

477 2026 723 2074 causam,
762 2000 906 2080 Quod
937 2009 1141 2065 milites
1173 2009 1298 2080 ejus
1324 2010 1571 2079 segniter
1597 2024 1713 2065 rem
1743 2009 2060 2080 gessissent.

477 2102 597 2169 Qua
628 2103 682 2157 in
711 2117 770 2158 re
790 2103 839 2158 ei
871 2100 1121 2173 martyrii
1156 2101 1449 2167 honorem,
1478 2103 1625 2173 quod
1657 2118 1758 2172 pro
1792 2103 2063 2173 religione

481 2193 903 2250 Valentinianus
945 2190 1238 2248 subiturus
1275 2190 1476 2261 fuerat,
1513 2191 1731 2247 invidit.
1760 2192 1897 2249 Nam
1941 2209 2062 2250 eam

481 2290 553 2345 ob
581 2303 804 2345 causam
838 2288 963 2343 aliis
990 2302 1211 2357 quoque
1232 2285 1563 2343 Christianis
1589 2286 1835 2357 pepercit
1860 2325 1876 2350 ,
1914 2287 2060 2355 quod

478 2396 577 2437 eos
631 2396 696 2435 ex
748 2379 1010 2450 periculis
1071 2379 1387 2448 hujusmodi
1455 2378 1674 2432 laudem
1734 2389 1790 2433 et
1832 2379 2061 2453 gloriam

480 2476 747 2544 consequi
785 2474 1269 2529 animadverteret.
1317 2471 1423 2527 Ubi
1471 2481 1655 2533 autem
1683 2470 1946 2527 Jovianus
1996 2473 2063 2527 ad

478 2569 773 2638 imperium
808 2567 1078 2638 pervenit,
1109 2566 1180 2621 ab
1197 2565 1395 2620 exsilio
1420 2574 1504 2620 est
1543 2572 1855 2621 revocatus.
1889 2564 2063 2620 Porro

479 2662 712 2720 Joviano
754 2661 1038 2727 defuncto,
1090 2660 1284 2716 Nicaea:
1342 2659 1513 2716 totius
1550 2662 1828 2715 exercitus
1871 2671 1928 2715 et
1963 2675 2067 2715 eo-

480 2775 606 2813 rum
657 2759 896 2815 maxime
947 2756 1043 2827 qui
1104 2754 1393 2826 primarias
1422 2756 1693 2826 gerebant
1741 2753 2060 2824 dignitates,

479 2856 535 2909 in
589 2852 786 2924 primis
824 2860 1008 2906 autem
1047 2848 1193 2904 Dalii
1252 2848 1492 2918 patricii,
1516 2847 1611 2917 qui
1642 2861 1711 2903 ex
1751 2845 1961 2913 Galatia
1992 2845 2061 2902 ad

479 2962 607 3003 cum
644 2946 859 3001 litteras
907 2943 1179 3004 dederat,
1209 2939 1446 2995 Secundi
1495 2938 1759 3009 praafccti,
1809 2937 2064 2992 Arinthei

479 3042 660 3106 ducis,
693 3049 749 3095 et
774 3037 992 3107 Glaiphi
1017 3079 1031 3104 ,
1070 3038 1165 3106 qui
1198 3034 1514 3089 domesticis
1550 3033 1793 3103 praefuit,
1827 3032 2061 3088 consilio

426 3150 437 3155 ’
477 3147 537 3195 et
570 3137 855 3193 voluntate
900 3136 1205 3204 imperator
1254 3139 1340 3185 est
1388 3131 1616 3184 electus.
1657 3128 1812 3197 ιιι
1843 3127 2058 3181 Etcum

1719 413 2143 475 NICEPHORI
2186 417 2535 477 CALleT—l

3587 429 3665 493 588

2096 535 2143 591 Δ
2174 520 2708 601 παραστησάμενον·
2743 529 2801 585 τὸ
2835 529 2880 584 δ’
2911 529 3132 598 ἀληθὲς,
3162 527 3344 600 ὅτιπερ
3369 531 3417 583 ἐν
3442 538 3535 599 ut;
3564 558 3666 611 7:90;

2177 626 2331 678 δύσιν
2370 625 2642 688 Γαλάταις
2669 624 2750 678 ἔτι
2785 622 2860 678 ὢν
2890 622 3204 687 Ἰουλιανὸς,
3259 625 3375 679 ἐπεὶ
3421 631 3538 697 πρός
3580 652 3668 692 τινα

2179 716 2318 771 νεὼν
2349 711 2484 791 ἧκεν
2527 717 2602 781 ὡς
2633 717 2815 772 θύσων
2853 716 3123 787 παρόντος
3168 717 3261 769 καὶ
3295 719 3668 783 υὺαλεντινιανοῦ

2177 810 2319 878 (ἔθος
2347 810 2458 881 γὰρ
2488 805 2556 882 ἦν
2591 812 2654 864 ὲκ
2683 808 2901 881 μακροῦ
2926 809 3026 863 τοῦ
3055 809 3165 862 τῶν
3186 808 3447 864 Ἰοϐιανῶν
3470 817 3549 869 καὶ
3578 820 3669 889 Ἑρ.

2173 904 2474 958 κουλιανῶν
2532 905 2812 973 τάγματος
2869 903 3219 973 ἡγουμένου·
3285 911 3605 974 στρατιωτικὰ
3628 915 3669 968 δὲ

2173 996 2432 1069 τάγματα
2478 997 2668 1062 ταῦτα,
2704 998 2764 1048 τὸ
2798 996 2897 1066 μὲν
2948 996 3059 1048 ἀπὸ
3097 995 3238 1057 Διὸς,
3275 996 3331 1049 τὸ
3365 997 3509 1067 δ’ἀφ“
3545 1002 3670 1075 Ἥρα.

2172 1090 2366 1153 κλέους
2395 1089 2496 1159 τὴν
2541 1090 2921 1160 προσηγορίαν
2980 1088 3327 1158 κτησάμενα’
3376 1092 3571 1146 κατόπιν
3615 1100 3670 1167 τῷ

2171 1182 2390 1254 βασιλεῖ
2416 1180 2782 1251 ἓπεσθαι),ὡς
2810 1179 2906 1233 τοῦ
2934 1179 3041 1234 νεὼ
3074 1180 3175 1252 ήδη
3205 1179 3488 1235 ἐπιϐαίνειν
3510 1185 3693 1253 ἔμελλε(

2171 1273 2296 1326 καθ’
2326 1274 2568 1343 Ἕλληνα
2602 1273 2767 1342 νόμον
2794 1273 2921 1334 τοὺς
2945 1273 3217 1334 εἰσιόντας
3243 1271 3446 1336 θαλλοῖς
3478 1291 3570 1328 τισι
3589 1278 3672 1332 δια.

2171 1364 2391 1435 ϐρόχοις
2422 1365 2625 1435 ῥαίνων
2647 1367 2675 1417 ὁ
2703 1364 2905 1436 ἱερεύς.
2935 1364 3047 1417 Kal
3084 1362 3150 1434 δὴ
3191 1364 3318 1432 μιᾶς
3341 1364 3439 1416 τῶν
3462 1369 3674 1434 σταγόνων

2168 1459 2517 1529 ἐμπεσούσης
2566 1458 2644 1529 τῷ
2699 1459 2902 1529 ίματίῳ
2931 1498 2946 1521 ,
3027 1456 3460 1517 Οὐαλεντινιανὸς
3511 1459 3672 1531 βαρέως

2167 1554 2371 1623 ἧνεγκε
2395 1592 2411 1619 ,
2473 1552 2569 1605 καὶ
2608 1551 2990 1621 διελοιδορεῖτο
3029 1551 3106 1622 τῷ
3151 1550 3414 1618 ραίνοντιο
3444 1550 3674 1624 ὑπερφυῶς

2167 1647 2278 1716 γὰρ
2299 1646 2367 1700 τὰ
2399 1646 2740 1715 Χριστιανῶν
2764 1644 3063 1716 ἠσπάζετο.
3096 1646 3209 1700 Kal
3241 1644 3433 1712 τοίνυν,
3461 1647 3543 1700 τοῦ
3563 1648 3676 1719 βασι-

2165 1740 2298 1803 λέως
2330 1739 2589 1810 ὁρῶντος,
2622 1736 2898 1809 περιελὼν
2932 1738 3182 1809 μαχαίρᾳ
3208 1739 3329 1790 ὅσον
3362 1739 3423 1792 ἐκ
3443 1741 3528 1809 τῆς
3547 1743 3674 1810 ψεκά-

2164 1834 2256 1897 δος
2304 1830 2616 1904 διάϐροχον,
2670 1832 2771 1903 τῆς
2824 1832 3051 1903 ἐσθῆτος
3102 1832 3425 1903 ἀπέρῤιπτε.
3457 1835 3675 1898 Κακῶςδ’

2097 1896 2137 1951 Β
2168 1896 2448 1980 ἐντεῦθεν·
2475 1896 2743 1988 διατεθεὶς
2775 1896 3091 1991 Ἰουλιανὸς,
3140 1896 3379 1980 ούυπάνυ
3417 1927 3578 1998 πόῤῥω
3607 1896 3678 1982 κα-

2165 2019 2455 2085 τεδίκαζεν
2509 2019 2677 2074 αὑτὸν
2706 2018 2806 2089 τὴν
2844 2021 2945 2091 τῆς
2990 2018 3288 2089 Ἀρμενίας
3319 2018 3579 2089 Malarqu
3622 2025 3677 2086 εἰς

2165 2112 2226 2168 τὸ
2253 2112 2502 2184 διηνεκὲς
2537 2115 2819 2181 κατοικεῖν
2870 2128 2884 2143 ⁸
2920 2110 3204 2183 πρόφασιν
3230 2112 3471 2183 εὑρηκὼς
3495 2112 3576 2182 τὴν
3601 2116 3677 2167 τῶν

2168 2207 2299 2276 περὶ
2329 2205 2492 2263 αὑτὸν
2520 2204 2870 2278 στρατιωτῶν
2899 2203 3214 2277 ῥαστώνην.
3242 2205 3347 2257 Kal
3375 2203 3472 2276 γὰρ
3498 2206 3677 2276 ἐφθόνει,

2170 2300 2248 2369 μὴ
2297 2298 2386 2351 διὰ
2434 2296 2533 2370 τὴν
2588 2296 2890 2368 θρησκείαν
2937 2297 3109 2367 τιμῆς
3172 2296 3338 2350 αὐτὸν
3400 2303 3679 2369 μαρτυρικῆς

2167 2392 2483 2458 ἀξιώσειεν’
2526 2392 2646 2444 ὲπεί
2701 2390 2783 2444 τοί
2808 2407 2874 2458 γε
2916 2389 3153 2444 καὶτῶν
3198 2390 3373 2444 ἄλλων
3407 2390 3680 2462 Χριστιανῶν

2168 2487 2228 2554 ἐξ
2250 2487 2431 2549 αἰτίας
2456 2484 2715 2554 τοιαύτης
2769 2485 3014 2553 ἐφείδετο
3032 2499 3049 2515 ο
3081 2481 3283 2536 ἐννοῶν
3311 2484 3385 2546 ὡς
3423 2490 3525 2550 τοῖς
3547 2488 3680 2540 κινδὺ-

2169 2596 2283 2643 νοις
2318 2579 2379 2632 τὸ
2427 2578 2672 2641 εὐκλεεῖς
2709 2572 2852 2630 εῖναι
2894 2576 3242 2648 πορίζονται.
3279 2576 3365 2640 Ὦς
3409 2576 3462 2631 δὲ
3487 2578 3681 2641 Ἰοϐιανὸς
3770 2636 3771 2641 η

2168 2682 2267 2752 τὴν
2305 2680 2584 2751 βασιλείαν
2618 2676 2919 2747 παρέλαϐε,
2975 2676 3379 2747 μετάπεμπτον
3407 2676 3622 2729 κάκεῖνον
3640 2681 3682 2731 ἐκ

2167 2774 2270 2844 τῆς
2298 2774 2599 2845 ὑπερορίας
2623 2773 2860 2825 ποιεῖται
2882 2785 2896 2800 ·
2928 2770 3072 2840 πρὸς
3105 2769 3351 2825 Νίκαιαν
3372 2770 3427 2824 δὲ
3443 2772 3682 2838 γεγονότος.

2169 2867 2387 2938 συμϐὰν
2424 2869 2630 2920 ἐκεῖνον
2651 2864 2743 2919 τὸν
2777 2864 2896 2934 βίον
2927 2864 3247 2930 ἀπολιπεῖν,
3282 2862 3442 2934 βουλῇ
3465 2863 3545 2917 τοῦ
3566 2880 3684 2933 στρα-

2169 2961 2397 3014 τοπέδου
2445 2958 2672 3021 παντὸς,
2733 2956 2968 3010 καὶτῶν
3016 2957 3116 3018 τὰς
3155 2953 3403 3026 μεγάλας
3453 2956 3683 3010 διεπόντων

2168 3054 2363 3124 ἀρχὰς,
2400 3055 2493 3106 καὶ
2530 3051 2772 3123 μάλιστα
2808 3051 3007 3119 Δατίου
3037 3049 3132 3103 τοῦ
3162 3051 3453 3121 πατρικίου
3479 3053 3537 3104 ἐκ
3560 3050 3685 3102 Γαλα-
3770 3032 3771 3035 η

2167 3148 2288 3209 τίας
2341 3143 2821 3216 διαμηνυσαμένου
2848 3183 2865 3208 ,
2899 3141 3201 3197 Σεκούνδου
3235 3161 3297 3196 τε
3337 3142 3428 3196 τοῦ
3477 3143 3685 3213 ἐπάρχου,

477 3230 832 3304 imperatoris
860 3228 1096 3295 sumptis
1127 3224 1432 3297 insignibus
1480 3225 1535 3279 in
1583 3223 1795 3294 clypeo,
1835 3221 1976 3274 milit

2186 3243 2263 3293 tal
2304 3238 2613 3303 ’Λρινθαίου
2663 3236 2758 3289 τοῦ
2811 3235 3149 3307 στρατηγοῦ,
3204 3236 3302 3289 καὶ
3340 3234 3577 3304 Γλαῖφου,
3612 3237 3685 3287 τῶν

478 3341 655 3392 mere,
698 3320 1176 3384 circumferretur,
1213 3318 1495 3373 exercitus
1540 3331 1667 3371 eum
1695 3354 1711 3380 ,
1746 3323 1807 3369 ut
1837 3314 1941 3369 sibi
1964 3314 2068 3368 im-

396 3456 405 3463 -
477 3418 620 3490 perii
650 3415 863 3472 socium
895 3412 1213 3478 ascisceret,
1253 3410 1485 3481 rogavit.
1539 3411 1719 3478 Atque
1758 3408 1849 3462 ille
1898 3423 2065 3461 manu

479 3516 660 3578 eis,ut
690 3508 1215 3574 silerent,_innuens,
1244 3507 1396 3578 gravi
1433 3512 1491 3559 et
1528 3501 1804 3574 imperiali
1830 3510 2066 3556 senten-

481 3615 575 3670 t=a,
613 3622 634 3655 ‹
670 3596 925 3658 Vestrum
956 3599 1204 3670 quidem,
1226 3596 1427 3668 inquit,
1452 3596 1558 3651 fuit
1585 3603 1646 3650 ut
1670 3594 1944 3665 privatum
1978 3609 2066 3649 me

478 3703 547 3753 ad
582 3696 927 3769 imperialem
955 3693 1296 3750 extollcrctis
1337 3691 1662 3760 dignitatem
1707 3706 1722 3743 :
1756 3703 1849 3744 res
1878 3699 2062 3743 autem

480 3790 891 3852 administrare,
923 3803 1030 3843 non
1059 3788 1169 3859 jam
1204 3784 1397 3850 vestri,
1450 3782 1547 3837 sed
1581 3780 1851 3854 principis
1890 3781 2066 3851 ipsius

482 3883 701 3938 arbitrii
735 3897 879 3946 esse,
910 3895 1012 3935 vos
1043 3880 1142 3949 ipsi
1177 3894 1398 3949 quoque
1424 3877 1698 3933 dixeritis.
1745 3876 1939 3945 Itaque
1969 3888 2067 3928 vos

480 3977 746 4049 deinceps
809 3973 1079 4044 imperata
1138 3972 1341 4043 facere
1370 3978 1430 4026 et
1491 3968 1714 4040 quietos
1761 3982 1922 4034 esse,
1977 3980 2065 4020 me

481 4081 687 4135 autem,
721 4066 854 4139 quid
888 4066 1035 4122 facto
1071 4080 1213 4133 opus
1245 4065 1340 4129 sit,
1365 4077 1559 4118 curare
1584 4061 1764 4117 decet.
1787 4079 1806 4112 ο
1844 4061 2064 4116 Actum

480 4161 702 4231 quidem
735 4161 1005 4215 militibus
1027 4172 1136 4212 non
1174 4157 1341 4211 cessit
1370 4173 1385 4210 :
1422 4164 1713 4226 postquam
1749 4169 1884 4211 vero
1924 4152 2067 4210 Con-

483 4254 898 4324 stantinopolim
941 4250 1125 4315 venit,
1160 4249 1441 4303 tricesimo
1476 4264 1505 4302 a
1537 4256 1796 4317 suscepto
1826 4246 2067 4317 imperio

478 4354 592 4417 die,
613 4350 827 4407 socium
848 4348 952 4404 sibi
984 4346 1205 4417 imperii
1240 4345 1467 4398 fratrem
1496 4342 1780 4398 Valentem
1794 4343 2066 4414 adjunxit.

481 4447 548 4500 Et
578 4444 897 4516 provincias
941 4439 1242 4496 orientales
1263 4477 1278 4503 ,
1310 4445 1364 4492 et
1410 4435 1677 4507 quasdam
1705 4436 1871 4491 etiam
1914 4436 2066 4491 occi-

482 4538 733 4593 dentales
765 4538 831 4590 ad
864 4536 1147 4606 illyricnm
1192 4546 1368 4600 usque
1399 4528 1553 4584 fratri
1584 4528 1896 4583 concessit:
1934 4526 2065 4580 reli-

481 4648 621 4702 quas
676 4632 744 4685 ad
783 4627 1186 4684 occidentalem
1242 4622 1523 4680 Oceanum
1580 4621 1958 4692 pertinentes,
2012 4628 2067 4674 et

480 4727 857 4781 continentem
894 4736 962 4775 ex
995 4720 1061 4775 ad
1073 4732 1229 4774 verso
1247 4731 1488 4783 omnem,
1505 4731 1678 4787 usque
1701 4716 1767 4770 ad
1789 4725 2069 4770 extremos

482 4820 704 4891 Libyes,
737 4816 845 4873 sibi
881 4811 1158 4877 attribuit,
1194 4820 1257 4866 ut
1287 4810 1388 4864 toti
1414 4808 1718 4881 imperaret
1754 4805 2064 4863 Occidenti.

479 4913 637 4967 Brevi
663 4910 830 4966 etiam
856 4905 1057 4963 deinde
1087 4903 1409 4960 Gratianum
1446 4903 1623 4956 lilium
1668 4900 1851 4955 adhuc
1877 4898 2068 4953 adole-

478 5003 821 5066 scentulum,
851 4999 920 5054 ad
955 4997 1247 5069 imperium
1281 5003 1574 5060 evectum,
1610 4992 1860 5048 moribus
1900 4991 2063 5047 insti-

481 5100 723 5175 tutisque
795 5096 913 5163 suis
964 5091 1278 5147 assuefecit.
1355 5085 1613 5142 Sedenim
1665 5084 1867 5139 fratres
1908 5084 2070 5139 ambo

478 5189 776 5253 Christiani
802 5188 1024 5265 quidem
1068 5185 1182 5254 jam
1234 5179 1363 5234 inde
1398 5178 1468 5232 ab
1496 5177 1655 5232 initio
1682 5176 1862 5243 fuere,
1913 5175 2066 5231 cultu

479 5266 613 5341 vero
632 5283 821 5338 divino
859 5289 917 5336 et
947 5279 1195 5334 moribus
1228 5272 1533 5329 variarunt.
1565 5270 1702 5324 Nam
1734 5268 1963 5336 Valens,
2000 5269 2071 5324 ab

479 5376 730 5435 Eudoxio
782 5373 992 5429 Ariano
1044 5369 1398 5437 baptizatus,
1449 5379 1577 5418 acer
1634 5362 1739 5417 fuit
1800 5362 2070 5433 dogmatis

478 5471 666 5537 Ariani
700 5467 1010 5531 aemulator,
1071 5460 1477 5529 molestumque
1525 5458 1577 5512 ei
1624 5456 1751 5523 fuit,
1783 5456 1930 5527 quod
1960 5470 2071 5509 non

481 5580 673 5623 omnes
711 5559 963 5620 eamdem
1019 5554 1176 5624 sequi
1228 5550 1564 5608 sententiam
1601 5559 1845 5620 cogeret.
1876 5548 2073 5604 Valen-

484 5660 723 5713 tinianus
756 5661 971 5713 autem,
1014 5645 1247 5702 Nicaeum
1268 5641 1628 5714 professionis
1674 5652 2071 5715 propugnator,

394 5788 397 5791 -
482 5748 757 5805 ornandos
795 5742 1017 5815 quidem
1053 5739 1332 5809 religionis
1364 5751 1479 5792 suae
1528 5737 1824 5808 populares
1890 5737 2071 5806 duxit,

554 5912 632 5977 (ι)
664 5905 955 5975 Templum
986 5886 1575 5971 Fortunzef‘lEutrop.)

2168 3333 2506 3402 δομεστίκων
2535 3331 2581 3383 δ’
2612 3323 2768 3394 οὗτος
2793 3331 3004 3401 ἠγεῖτο,
3041 3330 3124 3392 είς
3160 3331 3225 3382 τὸ
3246 3329 3536 3400 βασιλεύειν
3557 3330 3685 3398 αἱρεῖ·
3770 3334 3771 3389 1

2168 3442 2285 3491 ται.
2321 3426 2431 3479 Καὶ
2469 3424 2629 3495 δὴτά
2685 3422 2934 3494 σύμϐολα
2981 3422 3374 3493 περιθέμενον,
3404 3424 3491 3477 καί
3526 3423 3686 3488 tum;
3770 3440 3771 3459 ι

2168 3518 2418 3583 ἀσπίδος,
2451 3516 2531 3583 ὡς
2563 3515 2710 3584 ἔθος,
2745 3516 3066 3589 ὀχούμενον,
3100 3516 3129 3570 δ
3164 3516 3400 3591 στρατὸς
3436 3516 3585 3567 ἐδεῖτο
3610 3532 3687 3566 κοι-
3770 3530 3771 3559 ι

2169 3613 2338 3666 νωνόν
2388 3627 2514 3666 τινα
2542 3612 2611 3683 τῇ
2671 3612 2818 3682 ἀρχῇ
2854 3608 3295 3679 προσλαϐέσθαι.
3339 3609 3398 3661 '0
3424 3606 3477 3660 δὲ
3504 3609 3559 3675 τῇ
3585 3608 3688 3676 χειρὶ

2172 3706 2332 3777 σιγᾷν
2364 3703 2688 3775 ἐπιτρέψας,
2706 3703 2928 3775 ἀτρέμα
2943 3703 3001 3757 δὲ
3025 3704 3124 3756 καὶ
3156 3700 3424 3773 βασιλικῷ
3448 3699 3517 3770 τῷ
3538 3702 3685 3771 φρονὴι
3770 3699 3771 3751 Ϊ

2172 3817 2324 3869 ματι,
2366 3817 2387 3853 ι
2431 3798 2731 3870 ’Υμέτερον
2764 3796 2885 3869 μὲν,
2913 3797 3041 3868 ἔφη,
3067 3796 3125 3869 ἐξ
3158 3796 3376 3851 ἰδιώτου
3406 3796 3497 3866 ἐμὲ
3521 3794 3691 3865 βασιλέι
3770 3832 3771 3863 ς

2171 3894 2346 3946 ποιεῖν
2366 3907 2382 3923 ·
2415 3891 2478 3946 τό
2497 3907 2561 3960 γε
2600 3890 2708 3964 μὴν
2728 3892 2799 3944 τά
2829 3893 3081 3962 πρακτέα
3105 3890 3409 3945 διευθετεῖν
3433 3889 3489 3942 ού
3511 3890 3603 3942 τῶν
3623 3888 3691 3953 ἀρε
3770 3906 3771 3947 1

2170 3987 2437 4056 χομένων,
2473 3984 2567 4039 τοῦ
2598 3983 2657 4042 δὲ
2691 3983 3080 4055 βασιλεύοντος
3117 3983 3150 4056 ἠ
3199 3984 3404 4053 κρίσις,
3442 3982 3628 4044 πάντως
3647 3979 3691 4039 ἂν

2171 4081 2266 4134 καὶ
2301 4080 2459 4151 ὑμεῖς
2496 4079 2717 4150 φαίητε.
2759 4078 2851 4131 Δεῖ
2869 4074 2963 4131 οὖν
3019 4076 3165 4147 ὑμᾶς
3189 4076 3288 4129 τοῦ
3322 4075 3504 4130 λοιποῦ
3533 4074 3693 4142 ὑπ’ἀρ-
3770 4070 3771 4111 ἶ

2171 4175 2271 4243 χὴν
2296 4173 2472 4239 ὄντας,
2509 4174 2743 4245 ἡσυχίαν
2768 4172 2926 4238 ἄγειν
2950 4188 2963 4201 ·
3005 4171 3131 4240 ἐμοὶ
3164 4170 3223 4224 δὲ
3255 4170 3352 4223 τοῦ
3381 4171 3606 4242 ποιητέου
3622 4185 3693 4235 με·
3770 4222 3771 4231 γ

2169 4267 2350 4338 λήσει,
2377 4284 2397 4318 ι
2441 4266 2551 4319 Kal
2580 4266 2704 4333 τότε
2756 4265 2857 4335 μὲν
2888 4263 2991 4317 οὐκ
3021 4258 3132 4331 εἶξε
3192 4266 3310 4328 τοῖς
3362 4262 3689 4329 στρατιώταις·

2170 4360 2229 4414 έν
2253 4359 2311 4413 δὲ
2341 4361 2408 4431 τῇ
2442 4358 2861 4425 Κωνσταντίνου
2917 4358 3237 4427 γενόμενος,
3295 4357 3435 4428 μετά
3462 4354 3693 4426 τριάκοντα
3770 4376 3771 4381 η

2169 4453 2386 4524 ἡμέρας
2442 4451 2543 4521 τῆς
2603 4448 2997 4524 ἀνακηρύξεως
3053 4448 3471 4523 προσλαμϐάνει
3510 4448 3568 4516 τῇ
3591 4444 3692 4513 ἀρχῇ

2104 4593 2147 4646 D
2175 4550 2268 4601 καὶ
2297 4546 2387 4601 τδν
2417 4544 2645 4613 ἀδελφὸν
2682 4544 2987 4605 υὺἀλεντα.
3049 4544 3165 4597 Kal
3196 4544 3267 4597 τὰ
3302 4541 3403 4613 μὲν
3451 4540 3572 4612 πρὸς
3612 4538 3695 4590 ἀνί.

2174 4653 2374 4709 σχοντα
2395 4635 2551 4707 ἥλιον
2579 4635 2833 4707 τάδελφῷ
2866 4634 3201 4702 διενείματο,
3260 4637 3358 4688 καὶ
3382 4636 3477 4703 τῆς
3510 4632 3693 4697 ἑσπέρας

2170 4731 2333 4800 ἄχρις
2387 4726 2705 4798 Ἰλλυριῶν·
2763 4727 2833 4781 τά
2869 4727 2915 4779 δ’
2971 4727 3184 4781 ἐκεῖθεν
3236 4729 3333 4781 ἐπὶ
3368 4726 3458 4789 τὸν
3500 4724 3696 4792 ἑσπέριον

2169 4819 2413 4874 ὠκεανὸν
2463 4823 2563 4873 καὶ
2596 4818 2819 4873 Λιϐύων
2849 4859 2866 4886 ,
2915 4819 3016 4889 τὴν
3067 4818 3304 4891 ἀντικρὺ
3342 4818 3558 4891 ἦπειρον
3580 4814 3697 4882 ἄχρις

2170 4912 2414 4982 ἐσχάτων
2442 4913 2620 4965 πᾶσαν
2642 4911 2821 4979 έαυτῷ
2841 4910 3349 4982 ἁπεκλήρωσε,καὶ
3362 4910 3455 4995 τῆς
3488 4906 3697 4975 Ἐσπέρας
3770 4912 3771 4923 ‘

2171 5000 2491 5054 ἐϐασίλευσε
2530 5003 2733 5069 πάσης.
2774 5002 2908 5055 Μετ’
2936 5001 2999 5053 ού
3036 4999 3172 5053 πολὺ
3201 5001 3261 5053 δὲ
3288 5002 3385 5053 καὶ
3414 4998 3562 5053 παῖδα
3596 4995 3694 5063 f9:-

2168 5094 2350 5147 τιανὸν
2380 5092 2461 5146 ἔτι
2489 5098 2777 5165 μειράκιον
2814 5094 2880 5164 τῇ
2916 5092 3173 5164 βασιλείᾳ
3202 5091 3550 5156 ἐπιϐιϐάσας,
3598 5085 3697 5156 πρὸς

2171 5190 2263 5240 τὸν
2312 5184 2508 5238 ἑαυτοῦ
2544 5186 2806 5257 συνήσκει
2866 5184 3094 5255 τρόπον.
3157 5184 3366 5257 Ἀμφω
3398 5184 3454 5236 δὲ
3501 5177 3695 5245 tetigisti:

2172 5276 2494 5347 Χριστιανοὶ
2523 5276 2625 5346 μὲν
2652 5271 2793 5347 ἦσαν
2823 5273 2881 5329 τὸ
2922 5274 2983 5340 ἐξ
3015 5274 3220 5346 ἀρχῆς·
3270 5279 3374 5344 τήν
3402 5290 3465 5344 γε
3516 5272 3606 5343 μὴν
3630 5267 3697 5323 καὶ

2175 5368 2477 5440 θρησκείαν
2503 5368 2594 5421 τὸν
2634 5371 2835 5439 τρόπον
2863 5367 3142 5441 διάφοροι*
3171 5369 3394 5440 Οὐάλης
3428 5369 3519 5440 μὲν
3546 5359 3700 5434 γὰρτῷ

2187 5460 2453 5532 Ἀρειανῷ
2484 5460 2720 5532 Εύδοξίῳ
2749 5462 3101 5532 χρησάμενος
3144 5452 3440 5533 βαπτιστῇ,
3493 5459 3701 5527 διάπυρος

2173 5547 2242 5623 ἦν
2301 5551 2550 5623 ζηλωτὴς
2584 5553 2692 5606 τῶν
2725 5554 2935 5625 Ἀρείου
2983 5554 3301 5624 δογμάτων,
3362 5555 3456 5608 καὶ
3500 5554 3552 5605 έν
3582 5543 3700 5612 δεινῷ

2174 5646 2434 5710 ἐποιεῖτο,
2471 5644 2546 5716 μὴ
2603 5648 2810 5710 πάντας
2842 5645 3129 5717 βιάζεσθαι
3162 5649 3232 5702 τὰ
3276 5649 3369 5701 [aa
3393 5644 3572 5715 ἐκείνῳ
3606 5654 3703 5708 φροθ

2177 5741 2288 5793 νεῖν
2310 5752 2323 5767 ·
2358 5739 2805 5803 Οὐαλεντινιανὸς
2827 5741 2883 5793 δὲ
2909 5741 3012 5812 τῆς
3056 5743 3114 5797 έν
3145 5741 3357 5812 Νικαίᾳ
3392 5735 3704 5808 auspicii?“
