3796 6544
209 389 303 453 589

1120 382 1722 450 ΕίῖίῖιΕςῐᾹΞΤῐΕᾹζ
1760 382 2155 444 ΠΙΒΤΟΒΙΕ
2192 380 2339 443 LIB.
2383 381 2488 442 XI.
3355 381 3459 444 590

204 524 284 569 νος
304 503 568 571 πίστεως,
602 504 729 567 τοὺς
762 502 1053 575 ὁμοδόξους
1091 504 1323 574 ὠφελεῖν
1356 507 1458 575 μὲν
1491 504 1772 573 ἐπειρᾶτο,

1922 498 2020 553 ihil
2076 507 2262 553 autem
2314 496 2398 552 eis
2427 495 2717 560 molestiae,
2750 496 2842 565 qui
2878 495 2948 551 ab
2979 511 3046 552 eo
3078 495 3456 562 dissentirent,

201 600 347 654 οὐδὲν
372 598 429 652 δὲ
453 600 569 663 τοῖς
604 598 777 663 ἄλλως
811 596 1098 664 δοξάζουσι
1128 600 1442 671 διηνὼχλει.
1480 602 1687 669 Ἄμφω
1715 598 1775 652 δὲ

1922 589 2087 644 itulit.
2140 588 2415 645 Caeterum
2472 586 2526 642 in
2560 586 2727 642 rebus
2788 585 3245 644 administrandis
3297 603 3459 658 pares

202 695 320 766 περὶ
350 694 451 764 τὴν
482 695 595 748 τῶν
616 695 794 751 ἄλλων
826 699 1171 768 πραγμάτων
1193 697 1458 768 διοίκησιν
1482 715 1553 749 πα
1565 696 1775 766 ρεπλή-

201 806 298 843 σιοι
327 787 581 859 ἀλληλοις
606 787 758 853 δντες
787 789 1110 862 ἐτύγχανον.

821 903 1086 959 ΚΕΦΔΝ.
1111 904 1168 957 Β.

204 994 370 1060 Τίνες
402 996 738 1062 τηνικαῦτα
763 995 888 1050 τῶν
912 995 1195 1065 μεγάλων
1222 998 1462 1051 πόλεων
1489 996 1608 1063 τὴν
1646 994 1775 1049 ἐπι-

372 1066 610 1134 τροπὴν
646 1066 799 1120 κατὰ
825 1066 1122 1136 διαδοχὴν
1148 1066 1597 1135 ἐκληρώσαντο.

264 1175 421 1230 Κατὰ
453 1176 650 1231 τοῦτον
695 1177 752 1231 δὲ
799 1175 893 1230 τὸν
946 1177 1163 1249 χρόνον,
1197 1179 1297 1249 τῆς
1349 1179 1450 1249 μὲν
1489 1179 1779 1247 Ῥωμαίων

118 1265 123 1271 ’
213 1270 547 1339 Ἐκκλησίας
592 1273 693 1334 τὰς
751 1270 908 1342 ἡνίας
956 1267 1070 1342 εἶχε
1123 1271 1401 1341 Λιόέριος,
1451 1272 1512 1335 ὃς
1555 1273 1780 1326 Ἰούλιον

198 1361 500 1427 διεδέξατο*
538 1363 643 1433 πρὸ
681 1363 895 1416 ἐκείνου
925 1363 983 1417 δὲ
1016 1362 1343 1432 Σίλδεστρος
1363 1364 1459 1417 ἐπὶ
1489 1365 1780 1418 Κωνσταν-

197 1456 344 1508 τίνου
386 1454 661 1524 ἡγήσατο.
700 1452 827 1508 Ἐπὶ
857 1454 917 1508 δὲ
961 1457 1062 1524 τῆς
1106 1453 1470 1525 Ἀλεξάνδρου
1524 1455 1628 1524 τῆς
1678 1454 1780 1526 μὲν

196 1547 489 1617 ὀμοουσίου
544 1547 785 1611 πίστεως
840 1549 869 1601 6
904 1547 1073 1609 πολὺς
1103 1546 1429 1611 ’Δθανάσιος
1489 1550 1786 1619 προειστή-

199 1653 303 1700 κει,
340 1635 622 1707 Γεὼργιον
659 1639 756 1690 καὶ
782 1636 1093 1708 Γρηγόριον
1138 1640 1265 1698 τοὺς
1292 1638 1630 1710 αἰρεσιώτας
1662 1638 1781 1693 δια-

197 1726 496 1797 δεξάμενος
519 1743 535 1759 ο
561 1727 612 1781 οἳ
642 1728 807 1783 πάλιν
839 1729 1007 1783 αὐτὸν
1045 1730 1392 1794 Ἀθανάσιον,
1423 1731 1484 1796 ὃς
1521 1730 1785 1798 Ἀλέξαν-

197 1820 321 1889 ἰρον
345 1836 362 1850 ·
395 1818 757 1890 Ἀλέξανδρος
806 1821 865 1876 δὲ
926 1822 1182 1894 Ἀχιλλᾶν
1203 1842 1218 1857 ο
1273 1827 1303 1879 6
1333 1825 1391 1880 δὲ
1430 1825 1640 1897 Πέτρον
1690 1828 1783 1883 τὸν
1816 1852 1861 1907 Β

197 1914 285 1966 ἐπὶ
332 1912 689 1983 Μαξιμιανοῦ
740 1917 1200 1987 μαρτυρήσαντα.
1233 1918 1356 1971 Τῶν
1402 1918 1452 1973 δ’
1487 1921 1546 1972 ἐν
1576 1919 1785 1975 Ἀντιο-

196 2004 319 2075 xei;
341 2005 445 2075 τῆς
468 2006 570 2077 μὲν
587 2007 805 2077 ’Δρείου
827 2007 1128 2078 θρησκείας
1152 2009 1392 2076 Εὑζώῖος
1408 2012 1745 2081 ὑπερίστατο
1767 2032 1782 2047 ·

196 2098 293 2167 τῆς
352 2099 413 2152 δὲ
466 2100 756 2169 ὀμοουσίου
789 2101 1030 2164 πίστεως
1063 2102 1188 2174 διχῆ
1241 2103 1501 2175 διῄρηντο
1539 2108 1590 2161 ot
1646 2124 1784 2178 προ-

198 2190 397 2244 στάται
424 2208 442 2224 ο
471 2191 584 2245 τῶν
618 2192 721 2262 μὲν
758 2193 870 2264 γὰρ
915 2195 1181 2259 Παυλῖνος
1226 2198 1439 2267 ἠγεῖτο,
1491 2195 1630 2252 τῶν’
1654 2201 1713 2255 δδ
1756 2202 1787 2254 6

198 2282 341 2346 θεῖος
367 2283 656 2347 Μελέτιος.
684 2279 848 2340 Οὗτοι
865 2286 928 2340 δὲ
957 2287 1068 2341 τῶν
1093 2285 1154 2355 ἐξ
1185 2290 1406 2357 Ἀρείου
1432 2286 1576 2362 ἦσαν
1604 2292 1788 2347 διάδο-

195 2392 320 2444 χοι.
380 2370 460 2431 ὧν
512 2379 542 2431 ὸ
594 2381 697 2449 μὲν
741 2380 1019 2451 προσεχὴς
1072 2382 1328 2452 Μελετίῳ
1386 2381 1637 2450 Εὑδόξιος
1691 2383 1781 2457 ἦν.

192 2466 459 2531 Λεόντιος
488 2468 547 2522 δὲ
579 2468 688 2539 πρὸ
720 2471 958 2526 ἐκείνου.
992 2472 1107 2543 Πρὸ
1152 2472 1221 2527 δῖ
1260 2473 1452 2529 τούτου
1483 2477 1780 2546 Στέφανος,

194 2557 247 2620 ὃς
272 2556 574 2621 Φλάκιτον,
605 2558 870 2625 Φλάκιτος
896 2561 952 2615 δὲ
980 2562 1298 2633 Εὐφρόνιον,
1331 2559 1486 2631 οὗτος
1518 2568 1564 2621 δ’
1600 2568 1777 2622 sote-

195 2651 310 2702 λιον
352 2649 650 2716 διεδέξατο.
681 2652 891 2715 Πάντες
921 2652 966 2706 δ’
1000 2648 1148 2708 οὗτοι
1183 2657 1283 2725 τῆς
1316 2657 1535 2728 Ἀρείου
1581 2658 1783 2730 λύσσης

192 2737 338 2812 ἦσαν
376 2744 657 2814 ἀνάπλεῳ.
709 2745 826 2817 Πρδ
858 2746 917 2799 δὲ
962 2746 1059 2800 τοῦ
1095 2747 1362 2803 Εὐλαλίου
1412 2748 1713 2814 Εὐστάθιος
1756 2757 1785 2807 6

196 2835 376 2904 μέγας
413 2834 659 2898 εὐσεϐῶς
684 2836 788 2907 τῆς
816 2835 1099 2909 Ἀντιόχου
1125 2841 1336 2910 ἡγεῖτο,
1374 2842 1468 2896 τοῦ
1504 2845 1783 2915 μάρτυρος

191 2926 519 2994 Φιλογονίου
555 2926 804 2998 διάδοχος
830 2943 846 2959 ⁸
878 2927 974 2982 τοῦ
1026 2929 1084 2982 δὲ
1132 2932 1447 2999 Φιλογονίου
1486 2938 1784 3005 προηγεῖτο

192 3019 474 3081 Βιτάλιος.
508 3019 632 3073 Τῶν
655 3019 701 3073 δ’
726 3022 785 3074 ἐν
826 3018 1226 3091 Ἰεροσολύμοις
1255 3024 1525 3093 Κύριλλος
1546 3026 1642 3080 ἐπὶ
1672 3028 1783 3080 τῶν

194 3112 368 3183 ἱερῶν
403 3112 610 3166 οἰάκων
642 3106 798 3175 αὖθις
844 3115 1088 3183 καθῆστο
1115 3130 1130 3146 ο
1166 3116 1224 3179 ὃς
1256 3119 1479 3188 πρῶτον
1516 3118 1618 3186 μὲν
1654 3120 1780 3174 Μά-

1880 686 2054 741 fuere.

2500 885 2726 943 CAPUT
2768 882 2834 940 ll.

1882 980 1986 1051 Qui
2007 998 2066 1039 eo
2089 992 2318 1055 tempore
2343 984 2400 1037 in
2424 984 2631 1055 magnis
2655 981 2873 1055 urbibus
2892 978 3245 1055 ecclesiarum
3275 996 3463 1034 curam

2244 1070 2340 1123 per
2365 1054 2749 1108 successionem
2770 1053 2944 1107 sortiti
2978 1053 3107 1105 sint.

1956 1167 2034 1222 Ea
2087 1174 2413 1237 tempestate
2464 1166 2728 1223 Ecclesia:
2780 1164 3041 1221 Romanae
3092 1166 3465 1237 gubernacula

1883 1261 2063 1316 tenuit
2093 1260 2375 1327 Liberius,
2410 1261 2543 1317 Julii
2579 1275 2892 1316 successor.
2939 1262 3080 1316 Ante
3116 1272 3244 1317 eum
3281 1270 3466 1315 autem

1887 1354 2167 1425 Sylvester
2195 1355 2299 1411 sub
2328 1354 2698 1411 Constantino
2734 1355 3038 1410 Ecclesiam
3073 1371 3194 1409 eam
3225 1367 3467 1412 rexerat.

1882 1449 2229 1505 Alexandriae
2293 1449 2390 1521 (l)
2448 1458 2633 1504 autem
2703 1451 3196 1507 consubstantialis
3253 1451 3467 1521 profes-

1883 1540 2028 1596 sioni
2081 1554 2312 1611 magnus
2344 1541 2570 1611 pmfuit
2600 1540 2958 1608 Athanasius,
2988 1542 3223 1615 Georgio
3250 1531 3309 1598 εἰ
3337 1541 3468 1597 Gre-

1887 1635 2044 1704 gorio
2084 1633 2367 1691 haereticis
2413 1638 2787 1705 subrogatus:
2823 1636 2914 1706 qui
2971 1647 3155 1692 tamen
3188 1645 3245 1692 et
3284 1637 3387 1708 ipsi
3420 1638 3469 1692 ei

1885 1736 2297 1781 successerant.
2352 1725 2494 1782 Ante
2540 1724 2903 1784 Athanasium
2959 1728 3295 1797 Alexander,
3346 1743 3469 1785 ante

1891 1820 2268 1875 Alexandrum
2300 1819 2566 1885 Achillas,
2599 1820 2757 1890 112
2786 1831 2915 1876 ante
2948 1822 3095 1878 hunc
3124 1822 3344 1890 Petrus,
3376 1827 3471 1894 qui

1888 1909 1992 1965 sub
2039 1908 2375 1963 Maximiano
2413 1910 2681 1981 martyrio
2713 1918 2800 1966 est
2833 1910 3150 1976 defunctus,
3183 1913 3475 1984 episcopus

1887 1998 1963 2055 ibi
2007 2000 2133 2055 fuit.
2167 2001 2342 2056 Porro
2384 2001 2695 2058 Antiochiae
2728 2002 2949 2059 Arianis
2988 2005 3166 2074 praeiit
3207 2006 3471 2061 Euzuius.

1880 2090 2395 2149 Cousubstantialis
2419 2102 2603 2148 autem
2636 2095 3000 2164 professionis
3034 2096 3148 2149 duo
3184 2107 3347 2151 erant
3376 2115 3476 2152 an-

1890 2184 2095 2241 tistites
2126 2204 2141 2242 :
2172 2185 2331 2241 alteri
2386 2200 2630 2257 namque
2674 2186 2816 2255 parti
2866 2186 3154 2252 Paulinus,
3188 2188 3351 2245 alteri
3389 2189 3477 2245 di-

1889 2294 1992 2335 vus
2035 2279 2260 2350 praefuit
2314 2279 2584 2335 Meletius.
2630 2279 2724 2335 lsti
2767 2292 2952 2335 autem
2995 2281 3217 2337 Arianis
3252 2296 3476 2339 succes—

1888 2388 2036 2428 sere.
2084 2370 2371 2443 Et'hujus
2423 2372 2648 2442 quidem
2705 2372 2968 2427 decessor
3020 2375 3310 2444 proximus
3358 2375 3473 2430 Eu-

1887 2463 2112 2528 dosiusr,
2153 2462 2305 2517 illius
2339 2470 2525 2517 autem
2561 2462 2832 2518 Leontius
2879 2461 3084 2520 fuerat.
3137 2468 3285 2522 Ante
3322 2466 3472 2523 hunc

1889 2556 2271 2624 episcopatum
2307 2556 2383 2609 ibi
2419 2566 2667 2626 gesserat
2697 2555 3035 2626 Stephanus,
3073 2557 3162 2612 cui
3196 2562 3475 2629 praecessit

1890 2646 2153 2712 Placitus,
2187 2647 2396 2702 Placito
2428 2647 2810 2716 Euphronius;
2846 2648 3171 2717 Euphronio
3196 2650 3470 2723 Eulalius,

1888 2738 1983 2807 qui
2016 2753 2212 2792 omnes
2239 2739 2441 2792 Ariana
2478 2738 2631 2793 rabie
2677 2739 2872 2809 repleti
2909 2739 3146 2796 fuerant.
3181 2741 3326 2799 Ante
3361 2744 3471 2799 Eu-

1888 2830 2078 2884 lalium
2109 2844 2341 2901 magnus
2372 2830 2701 2885 Eustathius
2725 2832 2813 2901 pie
2841 2831 3145 2888 Ecclesiam
3171 2834 3473 2891 Antioche-

1888 2939 2014 2976 nam
2064 2923 2415 2993 gubernavit,
2454 2923 2769 3001 Philogouii
2818 2926 3078 2997 martyris
3129 2943 3417 2984 successor
3456 2948 3470 2984 :

1887 3016 2279 3086 Philogoniuut
2315 3032 2448 3070 vero
2489 3016 2685 3073 Vitalis
2732 3020 3039 3087 praecessit.
3075 3017 3472 3095 Hierosolymis

1890 3119 2077 3162 autem
2108 3107 2351 3179 Cyrillus
2383 3108 2568 3163 denuo
2607 3108 2975 3180 episcopalem
3013 3111 3256 3167 obtinuit
3286 3114 3471 3185 digni-

193 3205 358 3273 ξιμον
385 3203 659 3269 διεδέξατο
680 3221 695 3239 ο
735 3207 843 3276 πρὸ
866 3207 923 3260 δὲ
957 3209 1215 3278 Μαξίμου
1245 3214 1272 3264 6
1305 3210 1471 3275 πολὺς
1497 3214 1779 3285 Μακάριος

1917 3212 2098 3266 atem,
2152 3201 2247 3271 qui
2306 3201 2545 3271 primum
2604 3203 2830 3272 quidem
2889 3203 3126 3260 Maximo
3181 3208 3515 3273 successit._

192 3296 585 3366 καθηγήσατο.
637 3299 929 3369 Μακάριος
961 3301 1019 3353 δὲ
1063 3302 1311 3372 διάδοχος
1344 3303 1637 3374 Ἕρμωνος
1669 3303 1738 3379 ἦν
1765 3318 1793 3337 '

191 3389 286 3442 τὸν
309 3389 375 3443 δὲ
400 3390 674 3460 Κύριλλον
703 3390 979 3462 Ἐρέννιος
1002 3393 1280 3466 διεδέχετο
1304 3412 1318 3428 ·
1349 3396 1410 3450 6v
1427 3398 1749 3467 Ἡράκλειος
1766 3417 1779 3432 ’

191 3484 283 3536 τὸν
313 3484 367 3537 δ’
412 3482 646 3553 Ἱλάριος
671 3501 685 3515 ⁸
720 3485 916 3538 τοῦτον
946 3486 993 3539 δ’
1024 3486 1183 3551 αὖθις
1211 3489 1273 3542 τὸ
1298 3490 1561 3556 τηνικάδε
1590 3491 1618 3545 6
1640 3492 1785 3545 θειό-

189 3592 367 3638 τατος
416 3575 712 3647 Κύριλλος.
748 3574 873 3631 Τῶν
922 3576 980 3631 δὲ
1007 3578 1109 3648 τῆς
1146 3581 1785 3649 Κωνσταντινουπόλεως

190 3665 520 3736 ἐκκλησιῶν
545 3667 850 3738 τηνικαῦτα
881 3669 1107 3740 ἐκράτει
1138 3671 1412 3739 Εὐδόειος,
1436 3674 1539 3742 τὴν
1568 3673 1783 3744 Ἀρείου

190 3756 364 3821 δόξαν
388 3757 538 3827 μάλα
569 3759 916 3830 πρεσσεύων.
936 3761 1003 3812 οι
1031 3761 1090 3815 δὲ
1112 3763 1209 3832 τῆς
1234 3763 1527 3833 ὀμοοὺσίου
1548 3765 1787 3829 πίστεως

186 3851 352 3905 ἑνδον
398 3851 502 3922 τῆς
540 3851 748 3916 πόλεως
780 3853 1015 3925 οίκίσκῳ
1042 3854 1372 3927 βραχυτάτῳ
1401 3857 1500 3922 τὰς
1532 3875 1785 3929 συναγω-

183 3948 299 4007 γὰς
345 3942 657 3998 ἐποιοῦντο.
687 3944 803 4015 Τῆς
829 3945 889 4000 δὲ
915 3947 1333 4020 Μακεδονιανῆς
1364 3950 1666 4022 θρησκείας
1700 3953 1782 4008 ἔτι

185 4036 344 4088 κατὰ
377 4036 480 4098 τὰς
515 4035 704 4099 πόλεις
734 4038 845 4091 τῶν
870 4038 1187 4110 εὐκτηρίων
1217 4043 1381 4096 οίκων
1411 4045 1464 4097 ot
1504 4046 1563 4099 ἐν
1590 4046 1789 4100 Σελευ-

186 4131 323 4200 κείᾳ
359 4128 652 4193 ἐκράτουν,
679 4128 1026 4199 διδαχθέντες
1046 4131 1083 4185 ά
1109 4134 1161 4186 οί
1193 4135 1326 4204 περὶ
1359 4134 1642 4192 Ἀκάκιον.
1678 4140 1785 4193 Εὐ-

184 4218 375 4284 δὸξιος
403 4218 461 4272 δὲ
512 4219 853 4275 Μακεδόνων
903 4221 1212 4288 διεδέξατοο
1267 4228 1374 4298 πρὸ
1411 4227 1470 4283 δδ
1529 4230 1725 4286 τούτου
1758 4234 1787 4286 6

187 4310 547 4383 δμολογητὴς
575 4310 791 4377 Παῦλος
819 4314 922 4384 τὴν
948 4315 1261 4389 ἐπισκοπὴν
1293 4320 1596 4392 ἐκληροῦτο
1615 4339 1629 4354 ·
1660 4324 1786 4378 τού-

185 4419 288 4455 του
328 4402 393 4455 δὲ
426 4402 604 4474 προῆν
627 4404 656 4456 6
682 4405 964 4476 Ἀρειανὸς
989 4410 1054 4461 ὲκ
1088 4410 1465 4482 Νικομηδείας
1496 4414 1782 4481 Εὐσέϐιος.

1890 3293 2190 3349 Maximum
2221 3302 2406 3348 autem
2440 3310 2674 3366 magnus
2705 3296 2975 3354 Macarius
3001 3300 3299 3368 praecessit,
3333 3299 3469 3355 Her-

1890 3384 2072 3439 monis
2121 3398 2435 3439 successor.
2490 3384 2699 3456 Cyrillo
2757 3386 3037 3443 Erennius
3096 3390 3468 3459 substitutus,

1889 3487 2055 3548 atque
2096 3477 2229 3531 huic
2266 3492 2493 3533 rursum
2539 3479 2848 3548 Heraclius,
2898 3481 3152 3537 Heraclio
3205 3484 3468 3554 Hilarius,

1889 3570 1977 3625 cui
2016 3581 2133 3625 tum
2166 3586 2361 3626 rursus
2394 3572 2558 3628 divus
2589 3573 2859 3631 successit
2937 3576 3195 3659 Cyrinus.
3224 3579 3293 3633 At
3331 3578 3474 3636 Con-

1889 3658 2252 3730 stantinopoli
2272 3660 2577 3718 Ecclesiam
2598 3678 2667 3719 eo
2693 3674 2943 3736 tempore
2966 3658 3145 3723 tenuit
3164 3668 3470 3737 Eudoxius,

1891 3767 2125 3822 magnus
2172 3754 2394 3811 Ariana:
2445 3756 2729 3826 opinionis
2768 3770 3172 3830 propugnator.
3220 3761 3474 3821 Consub-

1889 3846 2166 3900 stautialis
2199 3855 2386 3902 autem
2418 3847 2767 3917 professores
2807 3850 2953 3906 intra
2989 3852 3183 3909 urbem
3217 3854 3271 3911 in
3302 3873 3472 3928 parva

1890 3937 2057 3993 domo
2100 3950 2414 3996 conventus
2460 3942 2721 4013 agebant.
2773 3942 3021 4015 Templis
3067 3946 3472 4009 Macedoniam:

1891 4032 2172 4102 religionis
2226 4033 2281 4087 in
2330 4034 2564 4091 urbibus
2613 4036 2891 4109 plerisque
2940 4040 3126 4097 adhuc
3180 4053 3293 4098 tum
3337 4061 3473 4114 pra:-

1888 4123 2139 4189 fuerunt,
2176 4126 2270 4196 qui
2313 4126 2368 4181 in
2420 4126 2671 4184 Seleucia
2726 4130 2852 4188 lidei
2893 4132 3184 4189 formulam
3229 4139 3472 4206 promul-

1888 4227 2173 4288 gaverant,
2202 4219 2397 4275 eadem
2427 4238 2548 4291 qua:
2577 4224 2811 4280 Aeacius
2837 4227 3162 4283 sentientes.
3193 4228 3473 4288 Eutloxins

1889 4311 2214 4369 Macedonio
2252 4327 2622 4379 successerat,
2655 4316 3013 4373 Macedonius
3047 4321 3218 4393 Paulo
3256 4325 3472 4381 confes-

1889 4405 2025 4468 sori,
2060 4402 2262 4460 Paulus
2294 4403 2707 4464 Nicomediensi
2748 4409 2986 4467 Eusebio
3016 4413 3246 4480 Ariano,
3300 4416 3469 4474 Euse-

186 4487 378 4558 Οὗτος
430 4494 489 4548 δὲ
537 4495 896 4568 Ἀλέξανδρον
923 4499 1236 4572 διεδέχετο*
1265 4504 1323 4566 ὃς
1382 4506 1779 4580 Μητροφάνους

1917 4497 2017 4550 tius
2068 4496 2422 4563 Alexandro,
2491 4516 2655 4569 quem
2720 4504 2998 4573 praecessit
3057 4505 3465 4579 Metrophanes.

182 4590 446 4659 διάδοχος
480 4590 876 4661 ἐχρημάτιζεν.
916 4592 1074 4648 Οὕτω
1107 4596 1209 4666 μὲν
1247 4596 1317 4651 τὰ
1344 4599 1454 4653 τῶν
1476 4601 1779 4673 ἐκκλησιῶν

1917 4591 1995 4645 lic
2028 4593 2252 4663 quidem
2287 4602 2401 4649 tum
2441 4595 2815 4653 Ecclesiarum
2846 4599 2952 4655 fuit
2981 4609 3186 4658 status.

182 4682 508 4754 τηνικαῦτα
543 4684 793 4754 ἐφέρετο.

812 4801 1062 4859 ΚΕΦΑΛ.
1096 4803 1168 4868 ιζ’.

182 4907 345 4978 Περὶ
365 4906 483 4981 τῆς
530 4909 601 4963 ἐν
632 4908 945 4980 Λαμψάκῳ
970 4912 1297 4981 γενομένης
1324 4915 1596 4971 συνόδου
1622 4935 1638 4950 ·
1684 4918 1785 4972 καί

341 4979 421 5046 ὡς
440 4979 746 5050 ὑπερόριοίι
769 4984 826 5036 οἱ
847 4981 955 5035 τοῦ
975 4979 1304 5051 όμοόυσίου
1332 4986 1635 5053 ἐγένοντο.

271 5091 440 5145 Ἐπεὶ
463 5092 512 5147 δ’
542 5095 575 5162 ὴ
604 5094 713 5148 τῶν
742 5095 1017 5164 ἐσπερίων
1047 5099 1396 5168 πραγμάτων
1440 5106 1663 5171 φροντὶς
1692 5105 1786 5157 ἐπὶ

192 5179 436 5252 Ῥώμην
479 5183 665 5237 ἐκάλει
721 5185 814 5236 τὸν
871 5184 1345 5251 Οὐαλεντινιλνδν,
1399 5190 1496 5240 καὶ
1542 5189 1630 5244 διὰ
1682 5189 1784 5261 τῆς

180 5271 427 5349 Θρᾴκης
482 5272 576 5326 ἰὼν
629 5274 971 5345 ἐπορεύετο·
1011 5277 1060 5328 οί
1106 5274 1212 5330 ἀνά
1265 5280 1364 5347 τὴν
1396 5281 1657 5335 Βιθυνίαν
1691 5286 1785 5337 καὶ

179 5366 291 5419 τὸν
343 5366 737 5435 Ἑλλήσποντον
791 5366 984 5436 ἱερεῖς,
1020 5368 1297 5422 καὶρᾶλλοι
1327 5371 1442 5424 ὅσοι
1474 5372 1552 5443 τῷ
1581 5375 1782 5442 ὁμοου-

185 5458 305 5527 σίῳ
344 5457 722 5525 προσέκειντο,
764 5456 1084 5529 ’Υπατιανῷ
1135 5459 1211 5530 τῷ
1250 5462 1353 5531 τῆς
1388 5465 1657 5535 Περίνθου
1692 5469 1786 5521 Ἦ-

266 5615 726 5695 (llAlexandriie
770 5626 884 5671 tum
925 5615 1146 5676 Arianis
1174 5621 1352 5690 praziit
1396 5620 1622 5679 Lucius.
1655 5624 1781 5695 (So-

177 5690 596 5835 cr?;;)Soc_rat.
627 5757 725 5835 lib.
761 5774 834 5822 tv,
858 5774 977 5835 cap.
1005 5761 1063 5823 2,
1099 5762 1522 5835 Macedoniauos
1565 5766 1781 5835 cpisco-

182 5844 296 5898 pus
328 5832 596 5896 synodum
626 5831 782 5883 istam
815 5831 1040 5898 petiisse
1070 5849 1099 5888 a
1134 5833 1360 5891 Valente
1390 5831 1627 5891 scribit}
1675 5837 1781 5891 Va-

2388 4745 2545 4870 i13
2584 4798 2811 4858 CAPUT
2853 4801 2941 4858 Ill.

1888 4907 1965 4962 De
2001 4908 2221 4963 concilio
2247 4908 2808 4989 Lampsaceno,‘et_yut
2841 4916 2895 4989 in
2929 4918 3172 4972 exsilium
3202 4920 3341 4989 pulsi
3363 4922 3468 4975 sint

2305 4983 2771 5039 consubstantialis
2798 4986 3044 5041 cultores.

1959 5091 2259 5163 Postquam
2300 5093 2377 5165 (2)
2428 5109 2562 5150 vero
2612 5111 2797 5151 rerum
2851 5098 3281 5154 occidentalium
3334 5117 3468 5157 cura

1889 5183 2343 5241 Valentinianum
2371 5186 2599 5241 Romam
2626 5190 2870 5256 vocavit,
2907 5202 3070 5260 atque
3098 5193 3145 5247 is
3176 5209 3273 5262 per
3295 5182 3469 5249 Thra-

1888 5280 2029 5333 ciam
2082 5280 2189 5335 iter
2228 5280 2397 5345 fecit,
2451 5281 2544 5350 qui
2595 5282 2648 5334 in
2701 5282 2956 5355 Bithynia
3003 5296 3060 5342 et
3112 5288 3469 5358 Hellesponto

1887 5372 2064 5435 luere,
2103 5371 2308 5440 aliique
2361 5371 2489 5425 item
2527 5373 2794 5443 episcopi,
2850 5375 2945 5428 τοῦ
2996 5379 3306 5445 ίμοουσίου,
3338 5396 3469 5434 con-

1888 5463 2293 5528 substautialis,
2325 5462 2451 5518 lidei
2483 5465 2714 5531 addicti,
2750 5466 2820 5521 ab
2858 5466 3164 5540 Hypatiano
3196 5471 3468 5529 lleracicae

1884 5624 2227 5699 letttemque,
2261 5637 2372 5677 non
2399 5636 2642 5699 gravate,
2678 5637 2735 5681 ut
2767 5643 2829 5681 ea
2881 5643 3197 5699 cogeretur,
3224 5649 3463 5688 consen-

1885 5694 2046 5756 sisse,
2086 5704 2375 5762 propterea
2429 5696 2574 5762 quin!
2624 5694 3026 5755 existimaverit
3084 5694 3196 5758 rem
3245 5720 3462 5758 omnem

1838 5804 1853 5812 -
1887 5764 1961 5817 ibi
1999 5779 2066 5819 ex
2100 5765 2375 5819 sententia
2409 5763 2636 5821 Eudoxii
2672 5779 2728 5824 et
2762 5770 2946 5826 Acacii
2978 5787 3158 5828 aetum
3192 5774 3284 5829 iri.
