3796 6492
358 352 456 419 591

1592 358 1640 417 Ν
1655 358 2014 421 lCEPHORl
2056 360 2272 423 CALLI
2282 360 2400 423 STI
3492 374 3575 433 592

360 475 475 528 sive
508 472 755 528 Perinthi
790 471 1079 545 episcopo,
1107 482 1168 528 ut
1197 472 1263 529 ad
1300 473 1693 546 imperatorem
1731 478 1935 547 legatus

2048 477 2308 546 ρακλείας
2335 478 2585 550 ἀρχιερεῖ
2618 480 2959 551 προσιόντες,
2996 478 3182 549 ἠξίουν
3217 476 3347 550 πρὸς
3385 479 3577 549 βασιλέα

362 566 487 632 iret,
538 566 840 635 petierunt,
879 573 941 620 ut
977 566 1274 637 episcopos
1319 581 1513 622 omnes
1557 567 1934 623 constituendi

358 658 632 728 dogmatis
659 658 833 728 gratia
865 659 923 713 in
959 675 1128 713 unum
1158 659 1341 714 locum
1366 659 1668 715 convenire
1687 660 1933 730 juberet.

358 752 461 819 Qui
497 751 588 805 ubi
624 750 692 805 ad
735 752 1124 821 imperatorem
1163 750 1490 821 legationem
1523 766 1644 805 eam
1682 753 1932 822 pertulit,

360 845 664 914 imperator
697 845 811 912 (i),
851 862 870 895 ι
908 843 1061 908 Mihi,
1114 842 1313 913 inquit,
1366 843 1599 913 negotiis
1642 855 1934 915 occupato,

360 946 414 991 et
437 937 755 1007 reipublicae
777 937 929 992 curis
953 936 1217 1000 distento,
1239 951 1329 991 res
1350 936 1624 1005 ejusmodi
1650 937 1937 1008 inquirere

359 1045 470 1083 non
520 1029 677 1082 facile
716 1037 818 1082 est.
854 1028 964 1081 Vos
996 1036 1206 1091 autem,
1235 1026 1441 1096 quibus
1472 1028 1588 1082 haec
1618 1029 1937 1098 procuratio

364 1123 624 1179 mandata
671 1132 788 1188 est,
838 1136 1172 1191 quocunque
1220 1121 1391 1176 vultis
1435 1122 1555 1177 loco
1601 1129 1937 1177 conventum

359 1218 531 1288 agite,
565 1215 720 1272 etde
753 1215 921 1270 rebus
955 1214 1215 1269 omnibus
1259 1214 1351 1285 pie
1390 1214 1712 1271 deliberate.
1758 1234 1777 1267 ι
1822 1215 1937 1270 Hoc

360 1317 591 1378 accepto
622 1321 909 1377 responso,
945 1305 1229 1376 Lampsaci
1264 1321 1597 1373 convenere,
1630 1315 1686 1361 et
1719 1306 1937 1362 duobus

360 1400 647 1456 mensibus
685 1410 832 1469 post,
871 1398 939 1454 de
985 1398 1159 1453 rebus
1203 1398 1480 1469 plerisque.
1515 1408 1764 1454 statuere
1797 1401 1937 1469 (erat

259 1508 269 1517 ·
357 1501 541 1548 autem
579 1492 625 1546 is
664 1505 843 1546 annus
870 1506 900 1545 a
930 1490 1141 1562 synodo
1171 1489 1472 1546 Seleucena
1502 1490 1815 1561 septimus),
1876 1489 1933 1544 in

360 1584 575 1653 primis,
608 1590 671 1637 ut
700 1583 858 1637 irrita
894 1591 1101 1646 essent,
1138 1599 1260 1652 quae
1298 1582 1779 1655 ConstantinOpoli
1829 1583 1938 1638 Eu-

358 1675 507 1730 doxii
559 1684 615 1731 et
659 1676 845 1730 Acacii
895 1676 1253 1746 suggestione
1289 1676 1498 1730 sancita
1534 1685 1733 1740 erant;
1769 1684 1936 1745 atque

362 1781 423 1827 nt
450 1772 618 1827 etiam
652 1771 968 1826 aboleretur
991 1786 1055 1825 ea
1085 1769 1210 1826 fidei
1244 1769 1501 1835 formula,
1530 1784 1654 1840 quae
1690 1769 1765 1825 ibi
1802 1785 1934 1840 pro-

2046 567 2401 638 πρεσϐεύειν,
2436 567 2576 622 ὥστε
2608 570 2992 641 προτραπῆναι
3042 567 3289 631 ἅπαντας
3327 570 3402 630 εἰς
3432 564 3482 620 ἐν
3507 587 3580 621 συο

2046 659 2256 714 νελθεῐν
2283 660 2377 713 ἐπὶ
2398 660 2685 732 διορθώσει
2713 661 2810 715 τοῦ
2841 662 3133 732 δόγματος.
3165 660 3273 715 Τοῦ
3297 660 3353 713 δὲ
3368 662 3582 729 προσιόν-

2046 768 2161 818 τος,
2190 755 2286 808 καὶ
2309 753 2410 824 τὴν
2439 754 2737 823 πρεσϐείαν
2759 755 2869 807 τῶν
2894 753 3210 807 ἐπισκόπων
3234 752 3582 821 ἀγγείλαντος,

2044 849 2072 899 ό
2098 846 2375 915 βασιλεὺς,
2408 867 2425 899 ι
2451 846 2634 916 Ἐμοὶ,
2672 849 2829 918 φησὶ,
2858 848 3185 917 πράγμασιν
3214 844 3582 917 ἐνειλημμένῳ,

2046 939 2142 992 καὶ
2172 940 2240 992 τὰ
2263 939 2358 992 τοῦ
2387 939 2627 1010 πλήθους
2649 940 3140 1010 ἐπιτετραμμένῳ,
3171 940 3271 992 οὐκ
3300 938 3508 1009 εὐχερὲς
3532 943 3588 994 τὰ

2043 1030 2268 1084 τοιαῦτα
2293 1031 2705 1101 διερευνᾶσθαι.
2748 1032 2914 1101 ’Υμῖν
2940 1032 2995 1084 δὲ
3021 1026 3099 1094 οἷς
3125 1031 3284 1084 τοῦτο
3309 1031 3475 1099 μέλει,
3496 1032 3587 1100 ὅπη

2046 1121 2302 1193 βούλεσθε
2338 1123 2463 1177 καθ’
2489 1125 2722 1188 ἑαυτοὺς
2768 1125 3077 1193 γενόμενοι,
3116 1123 3383 1193 θεοφιλῶς
3408 1122 3590 1176 ἕκαστα

2042 1216 2432 1287 διασκέψασθε.
2473 1237 2492 1269 ι
2534 1218 2692 1272 Κατὰ
2729 1215 2794 1289 δὴ
2824 1217 3032 1287 ταύτην
3082 1216 3180 1287 τὴν
3232 1217 3517 1284 ἀπόκρισιν
3545 1208 3631 1293 ἐςς

2042 1307 2348 1379 Λάμψακον
2375 1309 2683 1377 γεγονότες,
2717 1308 2809 1360 ἐπὶ
2842 1308 2967 1361 δυσὶ
2993 1307 3127 1376 μησὶ
3160 1306 3261 1377 τὴν
3288 1306 3467 1377 ψῆφον
3490 1307 3592 1379 ὲξή-
3619 1296 3627 1355 ξ

2045 1418 2248 1471 νεγκαν
2268 1418 2284 1433 ο
2322 1401 2482 1454 τοῦτο
2509 1400 2556 1454 δ’
2579 1396 2648 1471 ἦν
2678 1399 2911 1470 ἕϐδομον
2943 1400 3063 1462 ἐτος
3093 1400 3199 1452 ἀπὸ
3222 1400 3321 1468 τῆς
3350 1402 3409 1453 ἐν
3430 1399 3592 1452 Σελευ-

2043 1492 2169 1560 κείᾳ
2206 1491 2452 1546 συνόδου.
2500 1492 2614 1545 Καὶ
2654 1489 3090 1560 προηγουμένως
3126 1490 3225 1557 μὲν
3272 1487 3592 1558 ἄκυραεῖναι

2042 1582 2335 1648 ἐθέσπιζον
2372 1583 2443 1636 τά
2491 1585 2550 1636 ἐν
2608 1581 3193 1635 Κωνσταντινουπόλει
3246 1583 3593 1651 πεπραγμένα

2046 1675 2252 1746 σπουδῇ
2314 1674 2425 1727 τῶν
2476 1675 2606 1743 περὶ
2633 1673 2889 1738 Εὐδόξιον
2924 1673 3023 1726 καὶ
3054 1673 3315 1727 Ἀκάκιον
3337 1689 3353 1705 ⁸
3392 1673 3482 1726 καὶ
3508 1674 3592 1743 τὴν

2042 1768 2111 1838 ὴν
2149 1769 2329 1820 ἐκεῖσε
2365 1765 2743 1838 προεκόμισαν
2793 1766 3036 1828 πίστεως
3088 1764 3335 1829 ἔκθεσιν,
3383 1763 3458 1829 ὡς
3496 1769 3594 1828 τοῖς

357 1865 525 1919 ducta
554 1863 758 1925 fuerat,
790 1863 1019 1933 perinde
1053 1871 1219 1929 atque
1258 1860 1329 1915 ab
1357 1861 1635 1931 episcopis
1681 1860 1935 1916 occiden-

2043 1857 2323 1931 ἑσπερίοις
2344 1857 2814 1930 ὁπαγορευθεῑσαν
2836 1858 3163 1921 ἐπισκόποις
3186 1874 3203 1891 ο
3237 1860 3305 1928 ἣν
3337 1859 3430 1912 καί
3457 1876 3594 1923 τινας

362 1954 566 2009 talibus
594 1952 838 2016 dictata;
871 1952 960 2007 cui
992 1951 1159 2005 etiam
1191 1950 1445 2005 nonnulli
1472 1950 1937 2019 subscripserant,

359 2045 730 2116 promissione
782 2059 845 2099 ea
885 2042 1146 2105 adducti,
1205 2042 1501 2113 quaeipsis
1553 2041 1621 2097 de
1666 2041 1947 2097 abolenda

359 2137 821 2193 dissimilitudine
840 2137 1150 2192 secundum
1176 2136 1549 2190 substantiam
1574 2135 1714 2190 facta
1736 2134 1936 2199 fuerat,

357 2248 466 2303 qua
517 2241 703 2286 tamen
745 2232 801 2285 in
840 2245 900 2286 re
949 2229 1353 2300 promissorum
1396 2228 1681 2285 mendacio
1720 2225 1940 2299 decepti

358 2331 541 2379 erant.
592 2322 1073 2393 Acquiescentlnm
1131 2331 1315 2375 autem
1358 2335 1482 2375 esse
1529 2320 1816 2376 sententia:
1861 2319 1936 2384 ei,

356 2433 480 2487 qua?
523 2417 761 2472 similem
814 2414 1121 2471 substantia
1174 2413 1323 2469 Patri
1374 2413 1573 2468 Filium
1610 2413 1937 2485 profitetur;

357 2510 507 2581 quod
560 2525 804 2581 peropus
863 2516 1012 2563 esset
1057 2516 1114 2562 et
1167 2507 1567 2570 necessarium,
1604 2516 1665 2560 ut
1704 2507 1757 2559 in
1811 2504 1937 2560 fidei

358 2604 590 2658 formula
626 2602 692 2657 ad
738 2601 1127 2655 subsistentias
1161 2600 1586 2655 discriminhtim
1627 2598 1940 2669 signiﬁcan-

355 2700 455 2752 tlas
492 2697 722 2751 verbum
774 2694 988 2761 ὁμοίου,
1028 2695 1132 2749 hoc
1185 2705 1293 2756 est,
1337 2692 1560 2757 similis,
1616 2690 1935 2746 adderetur.

357 2791 540 2845 Solam
578 2805 709 2844 vero
761 2788 814 2843 in
858 2787 1126 2843 Ecclesiis
1174 2783 1436 2840 omnibus
1470 2783 1808 2854 frequentari
1845 2784 1938 2839 de-

357 2882 510 2947 bere,
540 2898 663 2950 quae
697 2877 966 2934 Seleuciae
1004 2876 1231 2947 quidem
1270 2875 1613 2939 confirmata,
1646 2882 1807 2928 antea
1843 2889 1939 2926 au-

357 2986 464 3028 tem
492 2971 801 3027 Antiochiae
830 2970 1174 3040 promulgata
1207 2976 1372 3032 esset,
1412 2966 1599 3030 fidem,
1628 2981 1752 3020 eum
1788 2967 1840 3019 in
1872 2979 1938 3020 ea

358 3066 495 3119 urbe
535 3064 781 3120 ecclesiae
814 3061 1092 3117 dedicatio
1127 3069 1213 3115 est
1246 3060 1541 3115 celebrata.
1579 3058 1830 3124 Insuper,
1878 3060 1939 3110 'ut

2040 1950 2269 2005 ἔπεισαν
2304 1950 2629 2022 ὑπογράψαι
2651 1952 2747 2004 ἐπὶ
2770 1951 3066 2020 ὑποσχέσει
3095 1952 3197 2021 τῆς
3225 1952 3324 2004 τοῦ
3357 1953 3593 2022 ἀνομοίου

2041 2042 2164 2098 κατ’
2198 2044 2390 2097 οὐσίαν
2436 2042 2856 2114 ἀποκηρύξεως,
2893 2042 2923 2096 ὃ
2964 2044 3329 2111 διεψεύσαντο
3360 2043 3594 2099 ἀθετεῖν·

2043 2136 2296 2208 στέργειν
2316 2135 2373 2188 δὲ
2407 2137 2487 2199 τὸ,
2543 2136 2731 2206 ὅμοιον
2768 2134 2909 2190 εἶναι
2943 2135 3064 2188 κατ’
3096 2134 3289 2189 οὐσίαν
3338 2136 3432 2190 τὸν
3489 2139 3597 2192 Υίὸν

2039 2230 2119 2301 τῷ
2150 2230 2325 2302 Πατρί
2350 2245 2366 2260 θ
2397 2227 2540 2283 εἶναι
2595 2230 2703 2300 γάρ
2756 2229 2845 2282 ἐπ’
2875 2229 3127 2299 ἀνάγκης
3169 2229 3270 2299 τὴν
3305 2229 3399 2282 τοῦ
3429 2226 3595 2299 ὁμοίου

2040 2319 2365 2391 προσθήκην
2391 2318 2483 2373 διά
2515 2318 2617 2390 τὴν
2643 2320 2921 2390 σημασίαν
2944 2321 3053 2373 τῶν
3090 2321 3453 2374 ὑποστάσεων
3470 2338 3483 2350 ·
3508 2325 3596 2390 μό-

2042 2427 2140 2480 νην
2177 2410 2235 2463 δὲ
2298 2409 2682 2463 πολιτεύεσθαι
2741 2409 2927 2463 πίστιν
2973 2411 3162 2481 ἁπάσῃ
3193 2415 3259 2482 τῇ
3293 2410 3594 2483 Ἐκκλησία,

2037 2502 2137 2574 τὴν
2166 2503 2223 2554 ἐν
2251 2502 2548 2571 Σελευκείᾳ
2581 2503 2680 2571 μέν
2736 2503 2796 2554 τὸ
2827 2501 2997 2572 κῦρος
3046 2501 3358 2573 δεξαμένην
3392 2506 3481 2556 καὶ
3518 2506 3596 2575 βε-

2040 2596 2393 2658 ϐαιωθεϊσαν,
2420 2594 2691 2665 πρότερον
2718 2594 2766 2649 δ’
2784 2595 3156 2666 ἐν’Δντιοχείᾳ
3175 2596 3515 2663 ἐκτεθεῖσαν,
3545 2601 3597 2668 ή-

2039 2689 2167 2743 νίκα
2198 2691 2231 2759 ἠ
2265 2690 2446 2743 ἐκεῖσε
2479 2688 2544 2758 δὴ
2595 2686 2902 2757 Ἐκκλησία
2956 2688 3057 2760 τὴν
3109 2691 3420 2760 ἀφιέρωσιν
3464 2692 3596 2763 ἐσχε.

2039 2782 2180 2845 Τοὺς
2203 2779 2261 2833 δὲ
2292 2781 2402 2834 τῶν
2427 2781 2636 2852 θρόνων
2668 2779 3025 2844 ἀπωσθέντας
3054 2783 3205 2852 παρά
3232 2782 3343 2835 τῶν
3367 2784 3599 2854 ἀνόμοιον

2040 2872 2131 2926 τὸν
2159 2873 2287 2927 Υίὸν
2315 2873 2393 2943 τῷ
2427 2873 2604 2945 Πατρὶ
2629 2873 2968 2938 δοξαζόντων
3010 2875 3422 2946 ἀναλαμϐάνειν
3457 2876 3598 2940 αὖθις

2040 2964 2140 3036 τὴν
2195 2965 2524 3037 ἱερωσύνην,
2573 2967 2650 3029 ὼς
2701 2967 2960 3037 ἀθέσμως
2993 2968 3103 3021 τῶν
3150 2969 3371 3021 οἰκείων
3414 2970 3599 3040 θρίνων

2042 3059 2437 3121 ἀπελαθέντας.
2476 3060 2534 3112 Ei
2581 3059 2637 3113 δέ
2670 3077 2755 3124 τις
2798 3060 2928 3115 ἄλλο
2961 3078 3014 3113 τι
3064 3062 3247 3115 αὐτῶν
3295 3067 3600 3135 κατηγορεῖν

356 3159 449 3226 qui
482 3156 710 3210 sedibus
741 3153 856 3209 suis
889 3153 959 3208 ab
992 3153 1080 3208 eis
1113 3152 1324 3221 expulsi
1366 3159 1550 3213 erant,
1592 3152 1685 3219 qui
1738 3148 1935 3203 Filium

2042 3140 2309 3222 βούλοιτο,
2346 3151 2508 3204 τοῦτο
2537 3153 2800 3221 πράττειν
2831 3153 2926 3206 τὸν
2964 3154 3081 3207 ἴσον
3114 3155 3363 3209 κίνδυνον
3394 3160 3600 3228 ἀναρρί-

357 3250 503 3304 Patri
567 3247 896 3303 dissimilem
957 3259 1080 3300 esse
1137 3244 1534 3314 opinarentur,
1588 3242 1935 3310 episcopatus

2041 3219 2248 3300 πτοντα
2270 3261 2285 3278 ·
2331 3219 2595 3306 δικαστὰς
2630 3245 2675 3297 δ’
2729 3240 3028 3309 εἶναιτοὺς
3054 3246 3192 3317 ὀρθά
3228 3251 3441 3317 φρονεῖν
3470 3219 3597 3320 ’ἀρη-

356 3359 487 3395 suns
530 3342 875 3410 reciperent,
908 3338 1054 3406 quod
1107 3336 1393 3405 illegitime
1427 3333 1636 3389 scilicet
1664 3348 1731 3387 ex
1760 3333 1938 3388 eccle-

354 3436 452 3488 siis
483 3433 600 3489 suis
626 3440 813 3488 essent
842 3429 1145 3485 deturbati.
1192 3426 1351 3494 Quod
1379 3426 1422 3480 si
1449 3427 1574 3496 quis
1604 3442 1936 3496 quemquam

355 3526 424 3581 tle
467 3541 525 3579 re
561 3524 746 3594 aliqua
783 3522 1046 3577 accusare
1092 3518 1284 3582 vellet,
1322 3525 1382 3571 ut
1422 3517 1473 3571 ei
1508 3517 1560 3572 id
1595 3517 1776 3572 facere
1811 3532 1936 3571 cum

354 3616 678 3673 conditione
731 3615 823 3668 illa
875 3613 1105 3677 liceret,
1157 3619 1220 3666 ut
1282 3610 1425 3664 idem
1473 3618 1531 3665 et
1568 3611 1685 3679 ipse
1725 3609 1940 3664 subiret

356 3711 685 3781 periculum.
737 3706 964 3764 Judices
1023 3713 1208 3761 autem
1269 3703 1416 3758 inter
1468 3717 1567 3758 cus
1618 3711 1681 3757 ut
1751 3711 1938 3757 essent

356 3803 657 3874 provinciae
713 3801 833 3872 ejus
887 3797 1156 3869 episcopi,
1198 3796 1530 3852 sententiam
1588 3803 1795 3849 rectam
1852 3809 1939 3848 se-

355 3906 613 3967 quentes.
659 3894 854 3949 Testes
884 3901 1073 3947 autem
1107 3889 1356 3959 episcopi
1394 3905 1462 3944 ex
1520 3887 1773 3942 finitimis
1809 3903 1941 3957 pro-

357 3992 698 4045 ducerentur
726 3986 1070 4057 regionibus,
1097 3984 1302 4053 quibus
1329 3984 1598 4054 cujusque
1626 3982 1736 4036 vita
1766 3980 1938 4051 probe

357 4084 575 4153 cognita
598 4088 765 4135 esset.
793 4077 954 4148 111‘
974 4075 1136 4131 Iiisce
1156 4075 1398 4132 decretis
1422 4074 1603 4140 factis,
1624 4073 1937 4128 Eudoxiqu

357 4183 769 4242 sectatoresque
801 4174 921 4241 ejus
951 4181 1234 4237 evocatos,
1259 4170 1498 4240 primum
1528 4168 1595 4223 ad
1628 4167 1936 4222 facinorum

356 4280 547 4320 eorum
579 4279 699 4334 quae
730 4272 1167 4334 perpetrassent,
1195 4261 1577 4332 peeuitentiam
1611 4259 1936 4313 invitarunt.

356 4356 458 4411 Ubi
493 4356 572 4409 illi
605 4364 790 4409 autem
828 4353 883 4408 id
916 4360 1325 4422 contempsere,
1360 4366 1448 4405 res
1481 4358 1630 4404 actas
1655 4350 1721 4403 ad
1754 4349 1941 4403 Eccle-

354 4453 466 4509 sias
498 4462 691 4508 omnes
720 4444 1188 4515 perscripserunt.
1213 4442 1488 4497 Caeterum
1521 4443 1705 4506 veriti,
1729 4458 1797 4495 ne
1828 4440 1938 4494 Eu-

2044 3338 2239 3408 μένους
2269 3336 2379 3391 τῶν
2412 3338 2728 3390 ἐπισκόπων
2753 3337 2833 3408 τῷ
2867 3337 3013 3391 ἔθνει
3035 3354 3052 3372 ο
3081 3340 3206 3399 τοὺς
3236 3339 3295 3393 δὲ
3330 3341 3597 3411 μάρτυρας

2040 3433 2105 3483 ἐκ
2142 3431 2252 3483 τῶν
2283 3431 2449 3493 πέλας
2479 3428 2621 3484 εἶναι
2655 3430 2962 3501 ἐπαρχιῶν,
2999 3423 3050 3484 οἳ
3077 3432 3146 3485 τὰ
3180 3433 3395 3502 ἑκάστῳ
3420 3433 3595 3503 βεϐιω-

2044 3524 2186 3592 μένα
2218 3522 2414 3575 εἰδεῖεν
2443 3524 2509 3574 ἂν
2535 3525 2593 3584 ἐς
2619 3523 2786 3576 ταυτὸ
2821 3524 3117 3587 συνιόντες.
3147 3525 3335 3577 Ταῦτα
3361 3527 3595 3592 διαταξά-

2043 3630 2218 3684 μενοι,
2250 3616 2376 3675 τοὺς
2401 3614 2533 3683 περί
2564 3611 2824 3678 Εὑδόξιον
2859 3615 3287 3682 συγκαλοῦντες,
3323 3620 3593 3688 μετάνοιαν

2039 3703 2282 3773 ὰπῄνουν
2305 3703 2414 3755 τῶν
2437 3703 2848 3773 πεπραγμένων
2888 3706 3180 3777 πρότερον.
3223 3707 3315 3770 Ὦς
3344 3707 3388 3760 δ’
3414 3708 3594 3778 ἥκιστα

2040 3795 2260 3863 ἤκουον,
2294 3795 2411 3855 ταῖς
2438 3795 2760 3864 ἁπανταχοῦ
2788 3797 3112 3867 ἐκκλησίαις
3142 3800 3210 3852 τά
3242 3802 3590 3870 πεπραγμένα

2039 3886 2287 3958 ἐδήλουν.
2314 3886 2406 3940 Ἐν
2435 3886 2510 3957 νῷ
2539 3887 2596 3940 δὲ
2629 3886 2855 3958 θέμενοι
2885 3890 2976 3943 τὸν
3004 3892 3078 3961 μὴ
3113 3890 3203 3960 ὑφ’
3237 3893 3428 3947 ἑαυτὸν
3447 3897 3586 3965 noti,-

2043 3998 2205 4051 σηται
2234 3981 2303 4035 τά
2340 3981 2613 4052 βασίλεια,
2654 3984 2749 4037 καὶ
2804 3986 2863 4049 ἐς
2903 3985 3165 4060 διαϐολὴν
3216 3990 3398 4043 αὐτῶν
3440 4007 3593 4043 κατα-

2042 4076 2223 4146 σταίη,
2255 4076 2503 4144 ἐγνωσαν
2535 4076 2749 4145 βασιλεῖ
2799 4078 2867 4131 τά
2920 4081 2979 4132 ἐν
3007 4081 3303 4153 Λαμψάκῳ
3351 4082 3596 4150 γενόμενα

2041 4168 2358 4238 ἀναφέρειν.
2395 4169 2506 4222 Καὶ
2532 4167 2596 4239 δὴ
2642 4169 2925 4223 ἐπανιόντι
2957 4171 3221 4226 Οὐάλεντι
3254 4174 3386 4243 περὶ
3416 4176 3508 4243 τὴν
3546 4179 3596 4224 ἐν

2040 4260 2229 4335 Θρᾴκῃ
2284 4261 2548 4331 Πέρινθον
2606 4262 2947 4330 ἐντυχόντες,
2981 4266 3049 4318 τά
3089 4266 3460 4338 πεπραγμένα
3486 4265 3597 4334 {6%,-

2041 4350 2192 4404 λουν.
2228 4351 2318 4420 Τῷ
2346 4351 2457 4423 γὰρ
2486 4354 2702 4424 ἀδελφῷ
2727 4353 3103 4425 ἀποδημοῦντι
3133 4356 3191 4417 ἐς
3224 4356 3326 4427 τὴν
3378 4358 3598 4425 προσϐι-

2042 4446 2208 4517 τέραν
2223 4446 2465 4520 Ῥώμην,
2500 4451 2668 4522 μέχρι
2692 4454 2791 4522 τῆς
2824 4452 3116 4522 Ἰλλυρίδος
3153 4454 3437 4524 συνῆλθεν.
3459 4453 3599 4506 Ἀλλά

356 4549 388 4602 d
402 4549 560 4601 oxius
580 4546 759 4599 aulam
785 4537 1126 4614 inxpcrialem
1146 4535 1253 4590 sibi
1278 4536 1603 4590 conciliaret
1619 4543 1781 4604 atque
1804 4533 1935 4602 ipsis

2043 4542 2331 4612 προλαϐὼν
2364 4544 2615 4611 Εὐδόξιος
2644 4549 2743 4603 σὺν
2774 4550 2889 4612 τοῖς
2913 4549 3054 4620 ἀμφ’
3096 4551 3288 4618 αὑτὸν,
3321 4552 3396 4616 ὡς
3422 4552 3598 4618 ἐκείνω

355 4638 690 4694 calumniam
711 4635 1045 4699 intenderet,
1062 4628 1327 4704 placiJum
1352 4629 1431 4680 eis
1446 4636 1529 4681 est
1551 4636 1667 4681 acta
1688 4625 1937 4695 Lampsa-

355 4748 491 4788 cena
518 4731 587 4786 ad
613 4731 1005 4800 imperatorem
1031 4726 1256 4782 referre.
1285 4727 1465 4795 Atque
1489 4720 1563 4777 ita
1589 4719 1822 4783 Valenti,
1842 4719 1935 4787 qui

358 4830 583 4882 fratrem
607 4822 673 4878 ad
697 4832 935 4877 veterem
955 4822 1184 4877 Romam
1204 4818 1650 4890 proficiscentem
1668 4827 1771 4876 usq
1783 4828 1849 4865 ue
1871 4812 1936 4864 ad

356 4919 630 4989 Illyricum
653 4915 955 4970 comitatus
977 4913 1338 4983 produxerat,
1361 4908 1640 4971 redeunti,
1661 4907 1726 4961 ad
1748 4902 1938 4961 Perino

358 5014 513 5066 thum
550 5010 799 5065 Thracia:
831 5022 945 5063 rem
981 5019 1203 5060 omnem
1231 5016 1557 5071 exposuere.
1590 5001 1790 5055 Verum
1825 4999 1935 5053 Eu-

355 5103 556 5157 doxius
573 5117 695 5154 eum
716 5097 1077 5169 pepularibus
1093 5094 1209 5150 suis
1228 5107 1326 5148 eos
1344 5101 1707 5162 praevenerat,
1722 5101 1777 5144 et
1797 5090 1937 5168 aulae

355 5195 537 5249 studia
596 5192 701 5246 sibi
756 5189 1050 5246 conciliata
1099 5183 1358 5241 habebat.
1411 5182 1599 5252 Itaque
1637 5182 1938 5252 imperator

357 5283 746 5357 Lampsacenis
768 5282 982 5351 legatis,
996 5295 1066 5335 ne
1087 5279 1155 5333 ab
1171 5278 1421 5333 Eudoxio
1439 5276 1793 5337 dissiderent,
1812 5290 1939 5330 sua-

355 5380 448 5433 sit.
473 5370 649 5446 Aique
674 5375 765 5429 ubi
794 5373 873 5428 illi
896 5370 1134 5427 Eudoxii
1163 5384 1270 5433 res,
1296 5383 1434 5438 quas
1457 5366 1935 5435 ConstantinOpoli

357 5485 520 5541 atque
549 5470 715 5524 etiam
755 5469 810 5522 in
844 5464 1055 5537 synodo
1089 5462 1352 5519 Seleucia:
1388 5459 1785 5545 fraudulenter
1817 5475 1939 5530 ege-

324 5696 329 5699 ,
430 5633 508 5703 (l)
533 5631 709 5703 Verba
746 5625 1060 5703 baecapud.
1098 5624 1223 5679 Soz.
1251 5622 1350 5703 lib.
1382 5636 1606 5703 γεηροί).
1639 5623 1691 5684 7,
1724 5620 1803 5674 sic
1839 5620 1940 5702 ha-

358 5691 524 5758 leitt':
564 5701 718 5771 Ἐμοὶ
749 5699 885 5769 μετά
914 5691 1045 5771 λαού
1071 5693 1399 5771 -τεταγμέχῳ
1428 5692 1490 5771 ού
1521 5691 1939 5771 θέμιςιτοιαῦτμά

366 5757 871 5843 πολυπραγμοιξίν..
900 5769 963 5822 Oi
986 5767 1042 5819 δὲ
1069 5757 1263 5843 ἱερεῖς,
1281 5757 1785 5843 οἷςτούτουμέλει,
1803 5762 1939 5843 ,καθ’

361 5831 587 5907 ἑαυτοὺς
619 5831 725 5906 ὅπη
765 5838 1049 5907 βούλονται
1097 5831 1422 5889 συνίτωσαν.
1467 5832 1580 5886 Hoc
1624 5842 1707 5886 est
1746 5848 1757 5883 :
1792 5831 1937 5898 Mihi,

2040 4635 2216 4690 ἐδόκει
2246 4635 2456 4691 διέθετο
2485 4639 2552 4693 τὰ
2585 4640 2887 4713 ἀνάκτορα.
2921 4643 3033 4697 Καὶ
3061 4642 3126 4714 δὴ
3151 4643 3264 4697 τῶν
3298 4647 3360 4698 ἐκ
3388 4644 3598 4715 Λαμψά-

2041 4742 2139 4779 κου
2175 4726 2463 4798 πρέσϐεων
2489 4728 2703 4800 βασιλεῖ
2737 4733 3101 4802 προσιόντων,
3157 4735 3233 4805 μὴ
3259 4735 3595 4807 διαφέρεσθαι

2042 4818 2180 4889 πρὸς
2232 4819 2482 4888 Εὑδόξιον
2519 4822 2764 4888 ἐκείνους
2823 4824 2998 4896 ἠξίου.
3034 4826 3123 4892 Ὠς
3152 4827 3209 4881 δὲ
3252 4830 3352 4900 τὴν
3383 4831 3437 4881 ἐν
3467 4832 3601 4881 κω·-

2044 4914 2486 4968 σταντινουπόλει
2533 4918 2837 4987 γενομένην
2885 4919 3102 4989 ἀπάτην
3146 4920 3225 4990 τῷ
3254 4922 3499 4990 Εύδοξίῳ,
3529 4920 3601 4973 ἔτι

2040 4998 2096 5055 δὲ
2143 5003 2236 5053 καὶ
2283 5003 2354 5055 τά
2402 5005 2544 5059 κατά
2604 5005 2708 5075 τῆς
2766 5009 2825 5059 ἐν
2866 5007 3162 5080 Σελευκείᾳ
3209 5011 3427 5064 συνόδου
3474 5012 3599 5081 ἐπῃ-

2038 5093 2236 5147 τιῶντο
2261 5107 2277 5124 ⁸
2305 5095 2384 5159 είς
2434 5095 2607 5167 θυμὸν
2634 5100 2663 5152 ό
2692 5098 2948 5168 βασιλεὺς
2981 5102 3307 5173 ἐκτραπεὶς,
3352 5106 3468 5166 τοὺς
3505 5101 3595 5167 μέν

2042 5185 2303 5256 πρέσϐεις
2338 5187 2645 5258 ὑπερορίαν
2671 5193 2846 5246 οἰκεῖν
2871 5193 3198 5260 κατεδίκαζε
3224 5210 3241 5226 ο
3272 5198 3385 5260 τοῖς
3408 5196 3460 5248 δὲ
3483 5193 3596 5263 περὶ

2041 5281 2294 5348 Εὑδόξιον
2324 5283 2423 5346 τάς
2462 5283 2759 5354 ἐκκλησίας
2790 5287 3127 5355 προσέταττε
3160 5287 3425 5343 δίδοσθαι.
3445 5286 3603 5345 Αὐτὸς

2040 5373 2098 5426 δὲ
2143 5375 2243 5444 τὴν
2277 5376 2385 5428 τῶν
2421 5376 2611 5447 Σύρων
2639 5377 3056 5448 κατελάμϐανεν
3104 5379 3435 5452 Ἀντιόχειαν
3456 5395 3469 5410 ·
3495 5379 3601 5430 ἑδε-

2041 5464 2145 5518 δίει
2167 5469 2296 5536 γάρ,
2338 5468 2413 5538 μὴ
2442 5469 2492 5520 oi
2548 5468 2762 5540 Πέρσαι
2796 5470 2895 5533 τὰς
2944 5472 3041 5523 ἐπὶ
3074 5469 3343 5527 Ἰοϐιανοῦ
3373 5487 3601 5544 τριακον-

2042 5622 2131 5697 qui
2161 5620 2326 5697 laicus
2356 5640 2497 5688 sum,
2524 5623 2659 5678 (alia
2684 5626 2887 5679 curiose
2934 5626 3205 5696 inquirere
3250 5628 3332 5697 fas
3359 5641 3455 5678 non
3481 5631 3549 5697 est
3582 5634 3600 5672 :

2042 5691 2267 5762 episwpi
2299 5709 2443 5760 vero,
2467 5696 2653 5764 quibus
2680 5698 2776 5752 Ιιοι·
2818 5704 2893 5750 εει
2937 5691 3102 5766 οιιίιιο,
3139 5691 3447 5769 ᾳιιοίοίιιηι
3497 5691 3599 5747 loco

2043 5771 2351 5818 conventum
2378 5773 2558 5835 agam.
