3796 6542
211 378 297 442 593

1068 366 1664 429 ECCLESIASTICzE
1704 372 2093 433 HlSTORlAi
2134 373 2274 435 LIB.
2321 376 2422 436 Xl.

3313 368 3414 429 5%

209 484 388 545 τούτεις
429 477 647 540 σπονδὰς
684 474 967 540 λύσαντες.
1019 479 1134 542 τοῖς
1195 480 1375 533 ἐκεῖσε
1425 482 1725 537 ἐπίθωνται

1865 496 1939 549 at,
1974 498 2299 542 accusantes
2335 484 2815 556 reprehenderunt
2854 503 2865 537 :
2904 481 2982 537 ira
3026 480 3415 547 percitnsdtno

210 577 424 647 μέρεσιν.
481 569 729 623 Ἐκείνων
784 568 841 622 δὲ
905 570 1072 640 μηδὲν
1132 573 1592 640 νεωτεριζόντων,
1639 576 1730 629 ἐπ’

214 665 498 736 Ἀντιοχείας
523 661 807 731 διατρίϐων
835 664 932 725 τὰς
968 664 1270 733 ἐκκλησίας
1303 668 1592 736 ἐτάραττε.
1620 671 1727 723 Καὶ

203 756 440 815 Μελὲτιον
469 753 563 823 μὲν
596 754 683 806 τὸν
723 752 868 805 θεῖον
903 752 1183 825 ὑπερορίῳ
1213 758 1361 827 φυγῇ
1400 756 1682 827 ἐζημίωσε
1708 776 1720 788 .

1838 592 2058 650 perator
2082 589 2331 637 oratores
2357 581 2583 652 quidem
2612 580 2667 634 in
2693 577 2945 635 exsilium
2971 578 3102 647 egit,
3149 573 3415 628 ecclesias

1835 681 2021 727 autem
2076 688 2269 728 eorum
2320 672 2556 728 Eudoxii
2611 670 2875 727 studiosis
2932 666 3180 722 mandari
3228 665 3409 734 jussit.

1836 764 1955 835 Ipse
1986 782 2118 820 vero
2150 766 2501 821 Antiochiam
2546 764 2721 837 Syria:
2746 771 2832 818 est
2860 760 3163 831 profectus.
3195 755 3415 811 Veritus

199 850 280 904 τοῦ
305 847 356 900 δέ
400 845 653 898 Παυλίνου
691 843 777 897 διὰ
808 844 1011 915 πολλὴν
1061 849 1389 918 μετριότητα
1430 849 1524 902 τοῦ
1558 850 1725 921 ἤθους

1865 874 2072 927 tamque
2110 859 2311 924 fueral,
2345 874 2413 924 ne
2456 859 2657 924 Pcrsze,
2689 854 3000 917 tricennali,
3030 867 3153 921 qua:
3185 850 3288 917 sub
3321 849 3412 904 Jo-

200 941 441 1010 ἐφείσατο.
469 938 573 990 Καὶ
593 937 706 989 ὅσοι
728 935 789 988 δὲ
814 934 1038 1008 Εὐζωίῳ
1068 938 1143 1009 μὴ
1175 942 1451 993 κοινωνεῖν
1474 940 1722 1011 ᾑροῦντο,

199 1028 483 1100 ὑπερορίους
512 1027 714 1080 ἐποίειο
752 1032 845 1081 καὶ
875 1029 1053 1093 ἄλλως
1076 1029 1133 1084 δὲ
1179 1031 1475 1102 ἐπιτρίϐων
1504 1033 1726 1105 ᾐκίζετο

198 1124 276 1174 καὶ
309 1120 522 1189 ἐζημίου
545 1120 600 1183 ἐς
633 1121 915 1189 χρήματα.

1838 950 2062 1005 viniano
2112 952 2250 1007 facta
2306 952 2521 1016 fuerat,
2575 966 2707 1019 pace
2758 948 2976 1004 soluta.
3029 946 3083 998 in
3134 942 3413 1011 regionem

1835 1060 1955 1098 eam
2004 1055 2384 1102 excurrerent.
2439 1046 2611 1101 Porro
2654 1044 2749 1098 ubi
2799 1042 2875 1095 illi
2918 1053 3183 1094 novarum
3232 1049 3411 1087 rerum

1836 1134 1973 1188 nihil
2030 1136 2213 1192 moliri
2264 1137 2531 1207 comperti
2589 1144 2756 1200 sunt,
2809 1129 3117 1189 Antiochiae
3175 1123 3413 1184 mansit,

199 1228 339 1289 atque
365 1217 435 1272 ibi
466 1217 736 1273 Ecclesiae
760 1218 1023 1278 turbavit.
1058 1220 1191 1276 Nam
1215 1223 1407 1279 divum
1471 1225 1754 1283 Meletium
1809 1232 1986 1285 solum
2016 1234 2196 1289 exsilii
2230 1249 2394 1291 causa
2426 1243 2642 1290 vertere
2672 1232 2854 1303 coegit
2884 1244 2898 1285 :
2966 1226 3193 1283 Paulino
3228 1231 3414 1276 autem

197 1320 392 1382 propter
436 1310 763 1381 singularem
808 1326 1025 1367 morum
1079 1314 1404 1371 modestiam
1457 1321 1723 1389 pepercit.
1800 1321 2127 1397 Quicunque
2195 1338 2379 1382 autem
2422 1326 2835 1383 communicare
2886 1337 3011 1377 cum
3054 1317 3264 1372 Euzoio
3299 1313 3411 1366 nul-

196 1410 309 1471 lent,
339 1423 426 1462 eos
454 1416 548 1462 aut
591 1408 792 1464 exsilio
832 1409 1105 1478 multavit,
1156 1423 1254 1468 aut
1308 1413 1490 1481 aliter,
1536 1421 1860 1478 verberibus
1926 1426 2137 1478 scilicet
2200 1424 2444 1480 alliciens
2483 1434 2540 1481 et
2602 1424 2830 1479 multam
2884 1419 2965 1474 eis
3010 1416 3222 1476 dicens,
3275 1409 3419 1465 male

193 1506 394 1575 accrpit.

750 1605 1003 1660 ΚΕΦᾹΛ.
1052 1610 1125 1663 A'.

196 1694 449 1769 Hrpitﬁc
486 1698 840 1766 τυραννίδος
878 1701 1256 1767 Προκοπίουο
1312 1702 1411 1755 καί
1460 1703 1603 1769 περέ
1627 1704 1734 1759 τοῦ

251 1766 467 1841 τείχους
531 1766 971 1841 Χαλκηδόνος)
1038 1772 1138 1841 καί
1178 1771 1307 1841 ίτοῦ
1384 1766 1735 1841 εὑρεθέντος

249 1835 423 1891 ἐκεῖσε
453 1835 740 1908 χρησμοῦ
754 1855 773 1910 ’γ
799 1835 1064 1910 καίπερέ
1092 1840 1201 1896 τοῦ
1239 1843 1311 1897 ἐν
1359 1835 1735 1898 Κωῑσσταντιὶ

250 1910 512 1962 νουπόλει
542 1909 803 1980 άγωγοῦ.

254 2021 350 2074 Καί
372 2038 430 2090 γε
460 2022 539 2086 είς
566 2023 775 2095 πολλὴν
803 2023 868 2079 ἂν
900 2024 1161 2097 ὠμότητα
1196 2026 1539 2099 προύχώρει,
1569 2029 1617 2081 εί
1661 2027 1737 2099 μὴ

195 2115 463 2183 Προκόπιος
482 2118 827 2189 τυραννήσας
845 2119 981 2189 πρὸς
1006 2119 1183 2191 βραχὺ
1202 2119 1304 2188 τῆς
1334 2120 1509 2191 ὁρμῆς
1532 2122 1737 2174 ἐκεῖνον

196 2208 485 2263 ἀνέστειλεν.
520 2202 695 2275 Οὗτος
736 2211 845 2281 γὰρ
878 2213 958 2271 είς
988 2212 1281 2266 Ἰουλιανδν
1308 2214 1369 2266 τὸ
1400 2219 1560 2282 γένος
1603 2213 1737 2267 άνάο

194 2319 305 2371 γων,
334 2303 421 2355 ἐπὶ
447 2302 711 2357 Ἰοϐιανοῦ
765 2303 830 2358 τδ
862 2309 1152 2374 τυραννεῖν
1182 2307 1495 2362 ἐπιϐάλλει.
1526 2308 1640 2377 Τὴν
1678 2307 1737 2361 δέ

197 2396 480 2465 Χαλκηδόνα
528 2396 886 2465 καταλαϐὼν,
934 2399 1112 2471 λάθρα
1140 2417 1200 2453 τε
1251 2400 1352 2471 τὴν
1383 2401 1739 2455 Κωνσταντι-

194 2489 417 2543 νοΰπολιν
446 2490 657 2555 είσιὼν,
692 2492 790 2564 τὴν
849 2491 1133 2564 βασιλείαν
1185 2493 1445 2565 ἁρπάζει.
1498 2495 1739 2561 Στρατδν

190 2581 229 2634 δ’
249 2582 335 2634 οὐκ
366 2582 650 2653 ἐλάχιστον
680 2585 738 2639 ἐν
772 2583 969 2657 βραχεῖ
999 2585 1283 2658 ἁθροίσας.
1314 2590 1456 2642 κατὰ
1482 2589 1577 2641 τοῦ
1603 2606 1741 2660 κρα-

189 2675 381 2739 τοῦντος
411 2678 660 2747 ἐφέρετο.
698 2678 914 2750 Οὐάλης
939 2678 988 2757 δ’
1031 2682 1095 2735 ἐκ
1127 2682 1328 2755 Συρίας
1357 2683 1577 2747 ἐλάσας,
1611 2685 1739 2753 περὶ

193 2767 483 2823 Νακώλειαν
534 2772 718 2844 τούτῳ
752 2775 1163 2845 συρρήγνυται·
1202 2774 1414 2828 ἐκεῖθεν
1464 2775 1511 2830 δ’
1574 2778 1741 2847 ἡττη-

190 2861 308 2928 θεὶς,
361 2865 435 2928 είς
467 2865 710 2921 Νίκαιαν
756 2868 1150 2937 παραγίνεται.
1192 2869 1467 2940 Προδοσίᾳ
1522 2871 1579 2922 δὲ
1631 2870 1739 2923 τῶν

2356 1613 2516 1684 115
2554 1610 2779 1666 CAPUT
2822 1610 2908 1665 tv.

1843 1704 1917 1758 De
1943 1708 2229 1777 tyrannide
2258 1704 2537 1775 Procopii;
2571 1714 2620 1757 et
2658 1703 2730 1777 de
2752 1717 2900 1755 muro
2924 1697 3290 1777 Chalcedonis,
3310 1695 3423 1777 ibi-

1909 1768 2009 1845 ηιῖε
2042 1779 2252 1831 invento
2283 1768 2557 1832 oraculo:
2598 1783 2644 1828 et
2697 1774 2761 1828 de
2808 1770 3123 1842 uquwductu
3160 1768 3421 1823 Constan-

1909 1847 2286 1917 ιὶηοροίὶεαηο.

1910 2033 1977 2088 Et
2023 2031 2270 2105 profecto
2301 2030 2367 2086 ad
2398 2030 2706 2102 graviorem
2747 2027 2839 2082 ille
2874 2025 3150 2080 feritatem
3195 2035 3420 2092 proces-

1839 2128 2029 2191 sisset,
2069 2127 2179 2180 nisi
2228 2125 2496 2196 impetum
2538 2123 2659 2192 ejus
2700 2119 3025 2188 Procopius.
3062 2115 3131 2171 ad
3169 2113 3423 2185 tyranni-

1840 2220 1962 2273 dem
2014 2218 2305 2287 aspirans,
2361 2215 2431 2270 ad
2482 2214 2649 2269 breve
2697 2222 2914 2281 tempus
2962 2208 3317 2263 inhibuisset.
3374 2202 3425 2258 Is

1841 2324 2077 2379 namque
2109 2323 2284 2379 genus
2313 2322 2474 2361 suum
2511 2304 2576 2359 ad
2614 2303 2895 2360 Iulianum
2930 2300 3198 2359 referens,
3227 2305 3285 2351 et
3315 2297 3418 2349 sub

1840 2401 2141 2458 Joviniano
2177 2400 2522 2473 tyrannidem
2571 2399 2863 2462 all'ectans,
2889 2392 3297 2450 Chalcedoncm
3331 2406 3424 2444 oc-

1843 2482 2159 2565 cupaverat,
2222 2502 2276 2548 et
2325 2493 2464 2547 clam
2514 2488 3050 2558 Constantinopolim
3109 2485 3421 2553 ingressus,

1844 2588 2132 2659 imperium
2156 2588 2488 2658 arripuerat.
2518 2585 2658 2640 Tum
2693 2599 2845 2645 vero,
2874 2598 2982 2636 non
3017 2578 3426 2635 contemnendo

1842 2693 2033 2739 coacto
2088 2682 2379 2748 exercitu,
2435 2680 2705 2736 adversus
2760 2679 3151 2748 imperatorem
3210 2671 3428 2726 infestis

1842 2777 2011 2848 signis
2055 2786 2141 2830 est
2184 2774 2483 2846 profectus.
2529 2773 2631 2827 Cui
2665 2771 2864 2829 Valens
2907 2785 2973 2825 ex
3012 2767 3172 2839 Syria
3205 2767 3425 2821 obviam
3472 2772 3488 2787 ‘

1845 2884 2192 2941 progressus,
2225 2869 2371 2924 circa
2419 2867 2700 2922 Nacoliam
2732 2864 3034 2920 certamine
3067 2877 3191 2916 cum
3231 2876 3300 2915 eo
3340 2870 3427 2915 est

191 2954 299 3020 περὶ
349 2954 503 3008 αὐτὸν
561 2956 752 3021 ἁλοὺς,
794 2957 1071 3028 Γομαρίου
1102 2975 1160 3011 τε
1221 2961 1315 3010 καὶ
1369 2957 1731 3027 Ἀγγέλωνος.

1865 2978 2193 3033 :ongressus,
2252 2972 2308 3016 et
2338 2961 2518 3015 vietus
2548 2960 2675 3015 inde
2715 2958 2949 3015 Nicaeam
3013 2955 3282 3027 pervenit.
3316 2955 3424 3012 Sed

191 3047 446 3117 δεσμώτης
487 3051 759 3104 Οὐάλεντι
785 3053 1179 3124 παραδίδοται’
1227 3052 1406 3118 ξέναις
1452 3054 1510 3107 δὲ
1572 3073 1743 3124 τιμω-

195 3141 319 3205 ρξαις
350 3144 437 3196 καὶ
464 3142 640 3213 ἄμφω
689 3144 992 3217 ἀνῄρηνται
1017 3162 1031 3178 ⁸
1069 3147 1197 3211 τοὺς
1234 3146 1333 3214 μὲν
1367 3148 1476 3217 γὰρ
1525 3150 1741 3217 πρίοσιν

194 3233 394 3304 ἀπηνῶς
424 3234 651 3302 διελὼν,
678 3236 1021 3304 ἀπέκτεινεν,
1053 3240 1111 3292 ἐν
1136 3238 1289 3292 δευτέ
1301 3257 1378 3312 ρῳ
1398 3240 1524 3303 τοὺς
1545 3240 1740 3310 ὅρκους

188 3325 389 3395 θέμενος
414 3328 503 3393 οὓς
536 3330 727 3391 αὐτοῖς
759 3332 1044 3401 όμωμόκει
1074 3331 1207 3385 ὥστ’
1251 3332 1439 3396 εὔνους
1487 3335 1639 3387 ἐσαεὶ
1665 3330 1744 3386 εἷ-

187 3433 280 3471 ναι.
324 3419 629 3489 Προκοπίου
667 3421 722 3475 δὲ
753 3422 999 3493 δένδρεσι
1027 3424 1121 3477 δύο
1150 3424 1210 3476 οὐ
1246 3427 1465 3496 μακρὰν
1520 3426 1744 3479 διεστῶ-

188 3526 260 3562 σιν
295 3513 608 3585 ἐπικᾶμψας
663 3514 728 3567 τὰ
784 3516 950 3585 ἄκρα,
996 3515 1236 3586 ἐκατέρῳ
1283 3517 1435 3585 φυτῷ
1479 3517 1741 3589 ἑκάτερον

189 3605 408 3674 προσῆψε
460 3607 696 3669 σκέλοςο
736 3607 908 3661 ἔπειτ’
944 3610 1154 3678 ἀφῆκεν
1192 3610 1530 3679 ἐγείρεσθαι.
1562 3610 1643 3664 Τὰ
1682 3609 1740 3665 δέ

188 3696 307 3765 πρὸς
335 3696 433 3766 τὴν
463 3699 728 3751 είωθυῖαν
767 3699 959 3753 στάσιν
1005 3700 1407 3770 άνορθωθέντα,
1438 3700 1531 3755 τδν
1569 3699 1744 3771 ἄνδρα.

183 3788 451 3843 διέσπασε·
483 3792 580 3844 καὶ
618 3790 792 3855 οὕτως
855 3791 884 3842 ό
917 3791 1210 3862 τύραννος,
1247 3792 1375 3863 διχῆ
1422 3793 1740 3863 διαιρεθεὶς,

185 3881 477 3951 ἀπεφθάρη.
513 3884 572 3936 '0
608 3882 664 3935 δὲ
691 3882 945 3952 βασιλεὺς
980 3883 1133 3937 λύειν
1175 3884 1245 3937 τὰ
1275 3887 1430 3956 τείχη
1463 3885 1743 3955 Χαλκηδό-

186 3989 262 4034 νος
299 3974 394 4042 τῆς
450 3977 795 4045 καταντικρὺ
824 3974 1122 4040 Βυζαντίου
1171 3977 1434 4047 κειμένης
1465 3977 1737 4031 ἐκέλευεν.

188 4064 346 4139 Ἐφθη
374 4067 479 4138 γάρ
514 4069 943 4140 ἐπαρασάμενος
968 4069 1148 4140 ἐαυτῷ
1172 4068 1335 4124 τοῦτο
1374 4069 1605 4141 πράξειν
1657 4090 1739 4125 νι⁸

183 4157 341 4227 κήοας
370 4160 462 4213 τὸν
484 4160 783 4231 τρραννον,
817 4163 1012 4233 ὅτιπερ
1043 4161 1407 4232 Χαλκηδόνιοι
1439 4164 1742 4232 τυραννικά
1786 4210 1792 4217 .

1773 4317 1820 4374 D

183 4251 550 4321 φρονήσαντες,
617 4251 720 4322 τὴν
784 4252 1060 4323 βασιλέως
1127 4252 1365 4326 στοργήν
1420 4254 1738 4325 ἠθέτησανο

184 4342 457 4409 προσιόντα
487 4344 602 4413 γὰρ
642 4343 1028 4416 περιύϐρισαν,
1079 4346 1178 4410 τάς
1206 4347 1306 4417 τῆς
1350 4346 1561 4407 πόλεως
1592 4345 1741 4417 αὐτῷ

184 4431 614 4500 ἐπιζυγώσαντες
664 4436 862 4501 πύλας.
900 4438 975 4491 Τδ
1033 4438 1134 4508 μὲν
1165 4436 1262 4493 οὖν
1308 4441 1486 4509 τεῖχος
1522 4441 1587 4510 τῇ
1642 4456 1738 4493 κε-

184 4525 347 4581 λεύσει
379 4530 475 4584 τοῦ
504 4528 840 4601 κρατοῦντος
890 4529 1078 4586 ἐλύετο
1100 4547 1117 4564 ο
1161 4531 1394 4599 ἐξάπινα
1428 4532 1483 4586 δὲ
1523 4533 1573 4585 oi
1604 4532 1742 4585 λίθοι

188 4618 238 4668 ἐν
274 4620 849 4675 Κωνσταντινουπόλει
898 4621 1036 4693 πρὸς
1098 4623 1160 4677 τὸ
1209 4623 1467 4691 δημόσιον
1513 4623 1742 4694 λουτρὸν

190 4709 544 4779 μετεφέροντο
579 4711 1054 4766 Κωνσταντιανόν.
1113 4714 1220 4766 Καὶ
1257 4712 1323 4783 δὴ
1355 4713 1619 4784 λυομένου
1646 4712 1741 4766 τοῦ

186 4798 402 4869 τείχους,
428 4800 488 4854 ἐν
519 4820 627 4855 τινι
654 4801 789 4872 λίθῳ
842 4804 1120 4874 μεταρσίφ
1152 4804 1443 4874 γράμμασι
1475 4806 1617 4857 κατὰ
1648 4804 1738 4874 βά·

186 4886 264 4951 θος
287 4895 703 4966 κεχαραγμένος
727 4895 974 4964 χρησμὸς
1003 4894 1232 4966 εὓρηται
1254 4896 1480 4959 παλαιᾶς
1503 4896 1739 4961 διεξιὼν,

184 4977 249 5039 ὡς
300 4982 460 5051 ἡνίκα
518 4984 742 5055 δαψιλὲς
802 4984 947 5054 ὕδωρ
977 4984 1211 5052 ὑπάρξοι
1262 4987 1329 5055 τῇ
1376 4986 1550 5048 πόλει,
1583 5004 1739 5057 τηνι-

185 5070 346 5124 καῦτα
370 5074 431 5126 τὸ
461 5076 565 5144 μὲν
604 5079 786 5148 τεῖχος
841 5078 1186 5148 ὁπουργήσει
1242 5076 1455 5147 λουτρῷ
1478 5093 1492 5108 ο
1526 5078 1653 5149 ἔθνη
1686 5081 1743 5134 δὲ

185 5163 340 5231 μυρία
367 5165 470 5236 τὴν
510 5164 802 5237 Ῥωμαίων
826 5166 1123 5221 ἐπελθόντα
1151 5170 1279 5236 γῆν,
1318 5169 1492 5223 πολλά
1520 5186 1579 5222 τε
1605 5171 1741 5243 δρά-

184 5267 255 5303 σει
281 5256 422 5308 κακά
447 5273 464 5289 ο
505 5256 658 5321 τέλος
701 5257 759 5312 δέ
792 5259 887 5312 καὶ
937 5257 1080 5312 αὐτὰ
1108 5258 1391 5330 φθαρέντα
1432 5260 1740 5320 διόλωνται.

183 5343 380 5398 κωλύει
409 5346 469 5400 δέ
498 5347 608 5418 ἄρα
634 5349 790 5403 οὐδὲν
816 5350 1151 5420 φιλομαθίας
1168 5352 1333 5423 χάριν
1365 5354 1460 5405 καὶ
1488 5354 1580 5409 τὸν
1607 5373 1742 5427 χρη-

182 5436 307 5500 σμὸν
341 5438 662 5509 προσθεῖναι
686 5445 751 5513 τῇ
776 5443 1008 5517 ἱστορίᾳ.

1849 3043 2309 3125 ηιοκῬι-οοορίυε
2334 3070 2365 3110 a
2393 3053 2773 3124 proditoribus
2796 3051 3055 3108 Comario
3083 3062 3138 3105 et
3160 3049 3421 3117 Ageloue,

1844 3164 1987 3218 quos
2036 3146 2174 3202 lidos
2215 3145 2320 3202 sibi
2372 3160 2497 3201 esse
2544 3150 2858 3214 putaverat,
2892 3150 3086 3211 captus
3116 3148 3175 3195 et
3208 3139 3428 3193 vinctus

1852 3240 2064 3296 Valenti
2109 3249 2192 3293 cst
2234 3238 2491 3293 traditus.
2539 3236 2597 3292 lu
2642 3244 2938 3304 utrumque
2978 3248 3141 3302 porro
3180 3231 3427 3302 prodito-

1849 3348 1967 3388 rcm
2023 3346 2165 3385 novo
2215 3329 2473 3401 supplicii
2527 3343 2767 3400 genere,
2811 3324 3179 3399 jurejurando
3218 3339 3328 3394 quo
3365 3338 3426 3379 se

1847 3424 1954 3478 illis
2016 3422 2349 3477 benevolum
2417 3436 2640 3492 semper
2694 3420 2813 3476 fore
2876 3426 3157 3488 receperat
3214 3425 3424 3485 spreto,

1847 3516 2263 3572 animadvertit.
2314 3514 2608 3570 Crudelem
2665 3515 2814 3570 enim
2876 3514 2929 3566 in
2980 3511 3202 3566 modum
3254 3510 3426 3564 serris

1848 3610 2119 3664 dissectos
2164 3607 2463 3663 interemit.
2508 3606 2816 3677 Procopius
2848 3615 3032 3660 autem
3062 3603 3130 3658 ad
3162 3601 3422 3657 arborum

1846 3704 2079 3758 duarum
2112 3718 2218 3756 non
2250 3702 2410 3773 longe
2440 3701 2584 3757 inter
2612 3715 2672 3756 se
2699 3699 3023 3755 distantimn
3058 3698 3294 3752 vertices
3330 3694 3424 3748 ad-

1845 3794 2044 3849 ductos
2090 3793 2324 3863 pedibus
2366 3792 2643 3863 alligatus,
2674 3791 2885 3845 eisdem
2927 3804 3053 3845 mox
3100 3787 3165 3842 ad
3203 3796 3428 3840 natura-

1845 3884 1951 3938 lem
1984 3893 2187 3937 statum
2226 3899 2386 3939 suum
2418 3883 2600 3937 redire
2631 3881 2938 3953 permissis,
2971 3880 3284 3948 discerptus
3314 3885 3424 3931 est.

1846 3976 1936 4032 Sic
1997 3976 2209 4032 scilicet
2264 3986 2532 4048 tyrannus
2582 3976 2637 4030 in
2701 3975 2840 4029 duas
2893 3974 3191 4028 distractus
3244 3980 3427 4040 partes

1846 4070 2081 4126 interiit.
2128 4071 2435 4140 Imperator
2469 4078 2653 4123 autem
2697 4066 3088 4131 Chalcedonis,
3123 4082 3245 4135 qua:
3274 4080 3306 4119 e
3336 4080 3427 4118 re-

1845 4166 2007 4235 gione
2046 4163 2311 4234 Byzantio
2346 4161 2450 4215 sita
2495 4170 2602 4227 est,
2634 4175 2825 4214 muros
2866 4158 3012 4214 dirui
3051 4158 3264 4229 jussit:
3298 4172 3424 4210 nam

1847 4256 1901 4312 id
1927 4273 2008 4323 se,
2040 4256 2145 4313 sibi
2174 4255 2276 4326 ipsi
2299 4270 2521 4326 quoque
2544 4253 2664 4309 dira
2693 4262 2973 4324 precatus,
3004 4251 3278 4307 facturum
3302 4266 3425 4306 esse

1851 4361 2087 4422 tyranno
2116 4349 2334 4405 devicto
2360 4348 2667 4418 iuraverat.
2696 4356 2988 4418 propterea
3019 4344 3169 4415 quod
3194 4343 3429 4400 Chalce-

1850 4441 2001 4497 donii
2037 4440 2254 4512 tyranni
2294 4448 2484 4511 partes
2513 4440 2707 4505 secuti,
2738 4439 2998 4512 pietatem
3028 4448 3088 4494 et
3120 4438 3281 4495 fidem
3318 4438 3423 4492 im-

1849 4532 2091 4604 peratori
2142 4531 2385 4587 debitam
2436 4532 2770 4603 abjecerant.
2820 4529 2955 4587 Nam
3006 4544 3158 4598 eum,
3192 4547 3320 4589 cum
3357 4532 3425 4586 ad

1851 4626 2043 4680 urbem
2098 4640 2219 4679 eam
2277 4626 2644 4691 accessisset,
2700 4625 3101 4682 contumeliose
3157 4625 3426 4681 conviciis

1847 4718 2182 4788 proscissum
2243 4718 2419 4789 portis
2452 4718 2657 4774 clausis
2685 4720 2993 4774 exclusere.
3034 4719 3228 4774 Minoia
3260 4719 3428 4787 igitur

1848 4812 2119 4882 principis
2157 4813 2312 4883 jussu
2357 4812 2838 4885 diruebantur-,1et
2877 4827 3004 4867 saxa
3056 4813 3240 4868 statim
3284 4811 3429 4865 Cou-

1848 4905 2266 4975 stantinopolim
2314 4905 2382 4959 ad
2432 4906 2714 4974 publicum
2761 4906 3060 4965 lavacrum,
3091 4904 3237 4972 quod
3276 4903 3423 4956 Con-

1851 4997 2191 5051 stantianum
2240 5007 2499 5069 vocatum
2538 5007 2643 5060 est.
2680 4996 3073 5051 cxstrnendum
3126 4995 3426 5049 transfere-

1818 5089 2073 5144 'bantur.
2126 5089 2425 5145 Enimvero
2457 5106 2583 5146 cuin
2634 5090 2717 5144 sic
2764 5104 2951 5142 murus
2999 5088 3334 5151 dirueretur,
3369 5089 3425 5142 in

1848 5182 2074 5236 sublimi
2115 5182 2356 5252 quodam
2389 5197 2544 5245 saxo,
2574 5182 2775 5236 litteris
2809 5181 2974 5235 altius
3007 5179 3200 5236 incisis
3231 5193 3429 5234 oracu-

1847 5272 1961 5327 lum
2000 5273 2374 5342 conscriptum
2413 5280 2689 5342 repertum
2720 5278 2826 5337 est,
2863 5269 2998 5324 illud
3041 5269 3423 5325 denuntians:

1849 5359 1952 5417 Ubi
1999 5364 2307 5433 copiosiore
2348 5379 2490 5434 aqua
2533 5363 2671 5417 urbs
2713 5361 3063 5417 abundatura
3098 5368 3266 5425 esset,
3308 5368 3427 5415 tum

1844 5453 1964 5510 fore
2017 5465 2078 5509 ut
2126 5472 2320 5510 murus
2372 5456 2595 5511 lavacro
2645 5454 2943 5519 inserviat;
2993 5463 3187 5525 gentes
3238 5462 3422 5507 autem

181 5527 501 5625 innumerae,
537 5534 910 5625 Romanorum
941 5545 1221 5593 vastantes
1253 5537 1571 5605 imperium,
1639 5543 1870 5598 multum
1932 5547 2165 5601 alferant
2228 5548 2571 5609 detrimenti,
2603 5549 2821 5603 tandem
2870 5562 2998 5602 vero
3038 5557 3090 5601 ct
3120 5548 3251 5616 ipse
3271 5562 3425 5602 οςιέειε

191 5624 481 5713 intereant.
529 5624 635 5682 Sed
680 5627 818 5682 nihil
865 5627 1070 5694 obstat,
1113 5630 1412 5697 quominus
1450 5629 1827 5687 studiosorum
1859 5649 2021 5689 causa
2055 5638 2342 5691 oraculum
2381 5638 2561 5707 ipsum
2597 5638 2687 5693 hic
2712 5648 3037 5709 apponatur.

188 5739 336 5796 Ἀλλ’
367 5744 470 5799 ὅτε
497 5744 572 5814 δὴ
596 5747 773 5819 (φησι)
796 5749 1024 5817 νύμφαι
1061 5746 1306 5815 δροσερί
1318 5764 1354 5799 ν
1375 5746 1561 5882 Ῐκατ’ιῖ
1583 5749 1742 5802 ἄστυ

1400 5834 1539 5882 χιιιε
1564 5836 1642 5882 ην

1400 5834 1496 5886 χιιι
1508 5834 1642 5886 amr

1855 5753 2015 5827 116
2046 5756 2103 5810 1η
2138 5758 2308 5812 media
2341 5758 2567 5829 liquidas
2597 5775 2713 5813 cum
2740 5761 2932 5812 ducem
2962 5758 3086 5812 urbe
3114 5758 3350 5825 chorea,
