3912 6596
210 335 305 396 5³η

808 454 1061 509 ΚΕΦΔΛ.
1094 456 1168 511 Ε’.

209 541 338 619 Περί
372 534 695 619 Ἐᾼευσζοιι
725 546 832 601 τοῦ
861 547 1136 619 Κυζῖκου,
1179 550 1276 603 καί
1320 552 1655 619 Εὐνομίουὂ
1689 554 1777 606 ἔτι

270 612 619 737 Ξῗαῖἓξπερί
660 616 925 686 Ἀ’τελίου
949 618 1056 673 τοῦ
1079 612 1417 691 ἐπισκόπου
1439 612 1558 674 τῶν
1584 624 1779 677 Ναυα-

270 700 511 738 marcor.

283 793 344 850 '0
366 795 425 849 δὲ
461 796 722 867 βασιλεὺς
753 799 973 872 Οὐάλης
1007 802 1311 873 τηνικαῦτα
1348 803 1427 874 τῷ
1461 808 1602 859 κατὰ
1633 808 1779 875 Προ-

208 890 392 943 κοπίου
427 890 654 962 πολέμῳ
686 894 1082 968 ἐνευτυχήσας,
1134 898 1282 950 κατὰ
1313 897 1415 964 τῆς
1445 899 1779 972 Ἐκκλησίας

208 980 353 1045 αὖθις
385 983 687 1051 ὡπλίζετο,
733 989 919 1041 πᾶσαν
970 992 1269 1060 θρησκείαν
1320 992 1522 1064 Ἀρείῳ
1579 995 1777 1065 ἐπίσης

208 1079 416 1147 φρονεῖν
454 1078 605 1147 μάλα
641 1079 1068 1152 ἐκϐιαζόμενος·
1106 1084 1345 1153 μάλιστα
1376 1087 1431 1140 δὲ
1480 1088 1779 1159 ὑπερφυῶς

212 1171 343 1225 κατὰ
386 1173 501 1226 τῶν
535 1175 597 1227 ἐν
656 1175 947 1248 Λαμψάκῳ
999 1178 1367 1234 συνελθόντων
1416 1182 1673 1249 ἐπρίετο*
1719 1186 1778 1237 οὐ

212 1268 363 1335 μόνον
395 1266 482 1319 δτι
512 1268 640 1328 τοὺς
672 1268 1113 1338 Ἀρειανῐξοντας
1142 1271 1254 1325 τῶν
1284 1273 1604 1327 ἐπισκόπων
1630 1275 1783 1329 ἀπώ-

210 1374 385 1423 σαντο,
418 1358 560 1411 ἀλλὰ.
587 1358 683 1412 καὶ
706 1361 807 1431 τὴν
841 1363 900 1413 ἐν
927 1362 1198 1433 Ἀριμίνῳ
1218 1365 1318 1432 τῆς
1351 1368 1591 1431 πίστεως
1622 1367 1779 1421 ἔκθεο

210 1468 289 1503 σιν
312 1451 701 1522 (ἐπεκήρυξαν.
746 1455 858 1508 Καὶ
885 1455 1004 1525 δῆτ’
1036 1458 1099 1509 ἐκ
1128 1458 1371 1522 Νικαίας
1402 1460 1646 1530 ἀπάρας,
1683 1479 1783 1516 κα-

208 1544 541 1613 ταλαμϐάνει
573 1545 675 1615 τὴν
705 1547 1103 1619 Νικομήδειαν.
1134 1550 1380 1605 Ἐκεῖθεν
1436 1553 1491 1606 δὲ
1533 1554 1779 1625 πέμψας,

212 1635 325 1699 ἄγει
347 1634 484 1704 παρ’
518 1636 698 1706 ἐαυτῷ
731 1637 822 1690 τδν
853 1638 1097 1705 Κυζίκου
1143 1640 1444 1706 Ἐλεύσιον,
1472 1644 1531 1708 ὃς
1564 1646 1631 1716 τῇ
1661 1645 1780 1701 Μα-

209 1726 438 1781 κεδονίου
470 1729 669 1802 γνώμῃ
724 1731 926 1799 μᾶλλον
954 1733 1311 1803 προσέκειτο’
1374 1737 1471 1790 καὶ
1518 1736 1782 1806 σύλλογον

1152 343 1748 405 ΕΕΟιΕΞΙΑΞΤΙΟιλΕ
1786 345 2170 409 HISTORle
2208 353 2347 413 LIB.
2396 356 2507 415 Χῖ.

1809 464 1856 516 Α

3359 352 3464 417 5θῖ

2486 466 2717 524 CAPUT
2748 468 2812 522 γ.

1888 555 1965 609 De
1998 558 2212 614 Είιυδίο
2242 528 2519 631 ’ϐῃείσεηο
2570 570 2619 614 et
2662 559 2968 625 Eunomia;
3011 560 3134 613 item
3168 565 3233 612 de
3284 557 3464 627 Agctio

2368 630 2670 686 Novatiano
2694 632 2961 701 episcopo.

1958 811 2259 885 [inperator
2299 810 2519 876 Valens,
2550 812 2698 867 bello
2741 820 2933 866 contra
2972 808 3303 877 Procopium
3341 820 3468 875 pro-

1890 918 2048 974 Spere
2081 914 2234 974 gesto
2266 907 2468 966 elatus.
2499 905 2772 959 adversus
2815 901 3106 957 ecclesiam
3145 916 3338 953 rursus
3374 914 3467 952 ar-

1889 1010 1976 1050 ma
2012 999 2245 1066 paravit,
2278 998 2385 1051 vim
2435 997 2794 1069 religionibus
2837 995 3119 1057 omnibus,
3152 1003 3212 1046 ut
3255 1008 3314 1046 se
3349 990 3465 1046 Arii

1890 1089 2133 1160 dOgmati
2180 1090 2694 1153 accommodarent,
2747 1088 3014 1143 inferens.
3061 1084 3293 1139 Maxime
3337 1098 3470 1137 vero

1890 1190 2083 1235 contra
2148 1195 2244 1235 eos
2306 1179 2397 1250 qui
2462 1179 2749 1249 Lampsaci
2809 1187 3145 1234 conventum
3204 1184 3469 1246 egerant,

1889 1269 2203 1333 frendebat,
2236 1269 2379 1339 quod
2409 1285 2518 1324 non
2545 1270 2711 1323 modo
2740 1268 2956 1324 Arianis
2983 1267 3262 1338 episcopis
3293 1265 3471 1335 digni-

1895 1377 2060 1420 tatem
2095 1364 2471 1432 :ibrogassent,
2504 1363 2599 1418 sed
2641 1364 2806 1416 etiam
2849 1361 2975 1417 fidei
3023 1360 3317 1414 formulam
3347 1356 3472 1412 Ari-

1889 1457 2023 1510 mini
2062 1455 2462 1526 promnlgatam
2514 1454 2894 1510 damnassent.
2942 1453 3011 1508 Et
3054 1453 3233 1508 Nicaaa
3288 1448 3473 1519 profe-
3545 1444 3554 1449 ’

1890 1557 2033 1613 ctus,
2061 1546 2436 1602 Nicomediam
2470 1547 2641 1606 venit.
2675 1554 2841 1616 atque
2869 1560 2937 1600 eo
2964 1544 3248 1600 Eleusium
3281 1538 3469 1612 Cyzici

1890 1640 2214 1711 episc0pum
2258 1640 2323 1695 ad
2359 1656 2419 1696 se
2449 1639 2671 1703 accivit,
2710 1638 2802 1710 qui
2838 1637 3143 1691 Macedonii
3178 1634 3471 1690 sententia:

1891 1735 2067 1806 magis
2115 1732 2373 1789 addictus
2427 1742 2569 1788 erat.
2626 1730 3084 1803 Congregatoque
3132 1727 3469 1782 Arianorum

220 1822 667 1891 Ἀρειανιζόντων
686 1825 1003 1879 ἐπισκόπων
1031 1827 1317 1898 ἀθροίσας,
1336 1833 1619 1884 κοινωνεῖν
1639 1833 1784 1885 ἐκεί-

1891 1831 2278 1900 episcoporum
2320 1838 2490 1893 cmtu,
2532 1835 2593 1881 ut
2633 1842 2762 1881 cum
2796 1825 2905 1880 illis
2934 1822 3183 1880 eamdem
3214 1834 3460 1875 commu-

210 1932 315 1979 νοις
345 1916 444 1983 τῆς
480 1917 726 1982 πίστεως
758 1918 1012 1985 ἐϐιάζετο
1037 1938 1051 1954 ο
1078 1923 1105 1974 ὁ
1129 1922 1189 1975 δὲ
1222 1922 1289 1976 τὰ
1321 1923 1420 1995 μὲν
1449 1925 1645 1996 πρῶτα
1665 1943 1793 1995 γενο

210 2007 364 2071 ναίως
397 2004 518 2080 εἶχε
564 2013 661 2066 καὶ
704 2012 969 2081 ἀνδρείως
1017 2014 1295 2067 ἀντέτεινε
1340 2015 1443 2087 τὴν
1493 2017 1786 2072 κοινωνίαν

210 2099 568 2171 ἀπαγορεύων
591 2116 607 2132 ·
649 2101 726 2166 ὡς
772 2104 818 2157 δ’
854 2103 1151 2175 ὑπερόριον
1187 2108 1363 2160 ποιεῖν
1419 2107 1516 2161 καὶ
1550 2110 1616 2162 τὰ
1649 2127 1787 2183 ’προ⁹

212 2191 360 2244 σῦντα
408 2196 458 2246 σί
491 2195 849 2265 ἀφαιρεῖσθαι
877 2199 1121 2267 ἠπείλει,
1151 2198 1358 2265 δείσας,
1387 2199 1533 2254 ἑκὼν
1568 2202 1787 2259 ἀέκοντί

209 2303 269 2355 γε
299 2286 457 2358 θυμῷ
495 2290 557 2342 ea
590 2292 940 2361 προσταχθὲν
991 2294 1073 2356 είς
1117 2293 1292 2364 πέρας
1316 2289 1421 2365 ἦγε
1447 2295 1526 2365 τῷ
1548 2293 1784 2366 βασιλεῖ.

214 2380 312 2433 Καὶ
368 2382 531 2443 εὐθὺς
579 2383 877 2453 μεταμέλῳ
929 2386 1175 2455 ἐχρῆτο,
1234 2386 1332 2439 καὶ
1380 2386 1478 2439 ἐπὶ
1538 2388 1783 2451 Κυζίκου

211 2467 513 2536 γενόμενος,
544 2471 901 2539 ἐκκλησιάζει
950 2473 1014 2527 τὸ
1048 2473 1258 2544 πλῆθος
1279 2515 1298 2541 ,
1326 2477 1423 2530 καὶ
1481 2478 1582 2547 τὴν
1608 2479 1790 2548 ἁμαρ-

213 2563 325 2614 τίαν
371 2566 664 2636 παρρησίᾳ
696 2565 995 2636 ἐξήγγελλε
1020 2583 1036 2598 ο
1094 2567 1409 2638 προσετίθει
1452 2586 1516 2638 γε
1548 2572 1658 2641 μὴν
1692 2572 1788 2625 καὶ

212 2654 389 2726 ἕτερον
416 2659 722 2712 ἐπίσκοπον
754 2661 1151 2715 ἐκκαλεῖσθαι·
1183 2663 1365 2735 ἐαυτῷ
1402 2664 1514 2735 γὰρ
1550 2666 1626 2738 μὴ
1653 2684 1788 2736 προ-

214 2753 392 2819 σὴκειν
432 2751 528 2805 τοῦ
573 2752 764 2807 λοιποῦ
819 2754 1099 2822 ἱερᾶσθαι,
1132 2757 1233 2827 τὴν
1265 2761 1540 2832 σφετέραν
1594 2761 1787 2816 πίστιν

213 2844 607 2913 προδεδωκότα.
643 2847 801 2902 Εὗνοι
847 2849 903 2902 δὲ
934 2849 1001 2904 τὰ
1035 2850 1273 2921 μάλιστα
1307 2852 1456 2919 αὒτῷ
1482 2852 1638 2917 ὄντες
1670 2856 1787 2909 Κυ-

216 2936 415 3007 ζικηνοὶ
441 2980 455 3003 ,
494 2938 596 3010 τὴν
645 2941 757 3012 γὰρ
800 2941 1012 2995 ἐκείνου
1055 2944 1338 2997 πολιτείαν
1393 2945 1691 3016 κατάκρως
1724 2948 1788 3017 ᾖε·

213 3030 413 3093 Goliam,
445 3033 639 3105 ἕτερον
670 3036 824 3105 ίερέα
871 3037 970 3107 οὐχ
1021 3036 1252 3103 εἴλοντο,
1283 3036 1409 3091 οὔτε
1449 3038 1556 3110 μὴν
1611 3038 1786 3109 ἑτέρῳ

219 3124 567 3197 παρεχώρουν
621 3126 723 3196 τῆς
760 3126 1134 3197 Ἐκκλησίας⁶
1192 3129 1288 3183 ὑπ’
1338 3130 1490 3201 αὐτῷ
1541 3129 1599 3185 δὲ
1646 3126 1787 3199 ἦσαν

217 3218 531 3285 ταττόμενοι
560 3217 660 3289 τῆς
696 3219 906 3280 οἰκείας
938 3220 1099 3290 δόξης
1160 3222 1583 3292 μετατιθέμενοι
1628 3224 1787 3277 οὐδα-

224 3307 349 3376 μῶς.
388 3309 474 3373 Ὡς
501 3310 558 3363 δέ
589 3310 747 3395 ταῦτ’
776 3312 1027 3377 Εὑδόξιος
1050 3314 1213 3383 ἔγνω,
1240 3315 1340 3384 τῆς
1380 3316 1674 3387 Ἀρειανῆς
1704 3317 1787 3369 αί-

223 3400 411 3467 ρέσεως
432 3405 491 3455 ἐν
521 3404 1093 3460 Κωνσταντινουπόλει
1131 3409 1514 3478 προεστηκὼς,
1543 3426 1788 3480 χειροτο-

219 3495 292 3544 νεί
338 3495 522 3558 αὐτοῖς
573 3495 668 3550 τὸν
722 3496 991 3568 Εὐνόμιον
1019 3513 1034 3528 ⁸
1073 3496 1213 3569 ᾤετο
1267 3501 1378 3568 γὰρ
1421 3501 1595 3555 δεινὸν
1654 3502 1785 3556 ὄντα

220 3585 414 3653 λέγειν,
447 3588 645 3643 θᾶττον
677 3590 1038 3661 μεταπείσειν
1076 3592 1447 3663 Κυζικηνοὺς,
1481 3596 1662 3649 πειθοῖ
1679 3614 1784 3651 τινι

218 3678 459 3754 δαιμονία
507 3684 646 3752 πρὸς
679 3683 780 3754 τὴν
814 3687 1090 3755 σφετέραν
1142 3686 1550 3753 ἐφελκύσασθαι
1605 3690 1785 3756 δόξαν.

231 3773 378 3828 Ἐπεὶ
403 3776 457 3830 δὲ
487 3777 567 3839 είς
600 3777 842 3841 Κύζικον
888 3772 1026 3850 ἧκεν
1062 3779 1355 3847 Εὐνόμιος,
1393 3781 1786 3853 προστάγματι

223 3864 477 3931 βασιλέως
506 3868 616 3922 τῶν
653 3869 754 3937 μὲν
786 3867 1092 3938 ἐκκλησιῶν
1116 3872 1414 3943 ἐκράτησε,
1456 3873 1547 3927 τοῦ
1591 3875 1786 3929 Ἐλευ-

224 3960 330 4013 σίου
381 3961 765 4028 ἐξελαθέντος·
827 3964 875 4016 οί
929 3963 974 4016 δ’
1027 3965 1223 4034 ἐκείνῳ
1279 3967 1620 4036 πειθόμενοι,
1681 3968 1787 4036 ἔξω

223 4055 409 4123 τειχῶν
436 4056 745 4123 γενόμενοι.
781 4057 889 4126 πρὸ
918 4058 1019 4125 τῆς
1053 4057 1265 4122 πόλεως
1298 4054 1399 4120 τάξ
1455 4061 1785 4128 συναγωγὰς

222 4147 520 4216 πεισόμενοι
570 4149 953 4223 ἐκκλησίαζον.
986 4148 1151 4204 Ἀλλὰ
1208 4151 1336 4222 περὶ
1383 4152 1481 4218 μὲν
1516 4152 1786 4223 Εὐνομίου

226 4242 432 4311 καὶτῆς
463 4216 758 4311 ἐπωνόμου
804 4244 983 4313 τούτῳ
1014 4244 1281 4313 αἱρέσεως
1319 4246 1517 4313 μικρὸν
1559 4246 1789 4318 ὕστερον

223 4336 353 4386 κατὰ
381 4335 562 4407 χώραν
596 4334 709 4403 ἐρῶ
730 4348 743 4362 ·
778 4335 839 4388 οὐ
898 4335 1060 4406 μόνον
1084 4335 1137 4388 δὲ
1192 4337 1612 4400 Μακεδονιανοὶ,
1650 4340 1790 4394 ἀλλὰ

225 4420 378 4478 nlo!
412 4428 471 4479 τὸ
519 4426 700 4494 δόγμα
729 4426 837 4479 τῶν
871 4428 927 4479 ἐν
951 4426 1158 4497 Νικαίςι
1212 4428 1586 4483 συνελθόντων
1619 4449 1790 4501 πρεσ-

1891 1937 2127 1991 nemque
2176 1921 2340 1975 fidem
2383 1920 2866 1990 complecteretur,
2919 1915 3239 1987 imperavit.
3299 1912 3470 1967 Porro

1889 2013 2148 2068 Elcnsius
2204 2011 2445 2083 primum
2502 2025 2771 2082 generose
2837 2017 2894 2065 et
2955 2008 3175 2064 fortiter
3244 2005 3468 2061 illorum

1890 2105 2343 2160 communionem
2403 2112 2733 2173 aspernatus
2792 2102 2996 2157 restitit
3049 2120 3063 2155 :
3120 2099 3215 2155 ubi
3284 2105 3469 2152 autem

1890 2195 2194 2264 imperator
2225 2194 2481 2250 exsilium
2513 2194 2564 2249 ei
2600 2193 2989 2263 bonorumque
3044 2184 3471 2262 publicationem

1890 2291 2132 2344 minatus
2169 2298 2274 2354 est,
2312 2299 2461 2343 metu
2509 2286 2821 2357 perculsus,
2864 2285 3047 2340 libens
3093 2283 3341 2353 quidem,
3375 2280 3471 2336 sed

1888 2397 1998 2435 non
2053 2382 2247 2437 libenti
2302 2382 2510 2447 animo,
2549 2379 2699 2449 quod
2747 2380 3053 2448 imperator
3089 2378 3277 2448 jussit,
3318 2374 3471 2431 fecit.

1891 2473 2094 2528 Verum
2124 2474 2419 2529 confesﬁm
2452 2474 2780 2544 paenitentia
2812 2472 3035 2535 ductus,
3062 2484 3187 2524 cum
3211 2468 3470 2541 Cyzicum
3524 2537 3529 2543 ἦ

1888 2567 2154 2632 venisset,
2190 2566 2337 2637 apud
2373 2566 2790 2621 multitudinem
2832 2567 2887 2619 in
2929 2570 3206 2619 conventu
3246 2558 3472 2630 publico

1890 2669 2177 2729 peccatum
2212 2672 2371 2713 suum
2409 2658 2688 2729 propalam
2727 2667 2813 2712 est
2843 2656 3128 2711 confessus
3165 2673 3177 2708 :
3212 2652 3346 2707 illud
3385 2652 3473 2705 in-

1889 2764 2059 2822 super
2093 2751 2303 2806 addens
2336 2751 2432 2822 (l),
2472 2760 2532 2806 ut
2570 2750 2739 2806 alium
2788 2748 2892 2804 sibi
2939 2748 3223 2803 sacrorum
3265 2746 3477 2817 delige-

1890 2856 2015 2900 rent
2059 2846 2398 2912 antistitem;
2441 2845 2543 2900 sibi
2587 2845 2736 2900 enim
2783 2843 3045 2914 deinceps
3091 2843 3475 2914 episcopatum

1891 2956 2101 3010 gerere,
2138 2939 2283 3009 quod
2338 2939 2498 2993 fidem
2550 2953 2704 2993 suam
2759 2937 3085 3009 prodiderit,
3123 2938 3304 2990 minus
3343 2950 3476 2990 con-

1890 3034 2104 3103 venire.
2147 3018 2312 3104 118
2357 3023 2612 3105 Cyziceni
2647 3039 2857 3095 autem,
2892 3018 3037 3100 quod
3085 3042 3301 3085 summa
3343 3042 3471 3081 eum

1813 3162 1858 3225 Ο
1893 3129 2403 3198 compleacrentur
2456 3125 2882 3190 benevolentia,
2937 3133 2997 3180 et
3048 3122 3473 3179 conversatione

1889 3222 2010 3293 ejus
2054 3221 2439 3292 maximopere
2475 3221 2914 3287 delectarentur,
2941 3218 3266 3290 episcopum
3301 3216 3470 3271 alium

1890 3331 2000 3368 non
2044 3324 2393 3385 receperunt,
2428 3330 2611 3385 neque
2650 3312 2743 3368 alii
2779 3312 3082 3368 Ecclesium
3125 3309 3419 3381 regendam
3455 3326 3470 3363 :

1890 3408 1986 3465 sed
2043 3409 2148 3480 ipsi
2202 3408 2428 3465 Eleusio
2488 3408 2738 3473 subditi,
2802 3406 3134 3464 sententiam
3196 3404 3472 3475 permise-

1891 3510 2022 3558 runt
2056 3518 2212 3557 snam
2265 3501 2496 3557 minime
2549 3511 2787 3558 mutare.
2831 3500 2991 3567 Quod
3031 3500 3125 3555 ubi
3185 3498 3476 3554 Eudoxius

1887 3595 2104 3651 Arianae
2139 3605 2304 3650 sectae
2333 3593 2815 3665 Constantinopoli
2862 3594 3154 3663 praefectus
3189 3590 3471 3662 cognovit,

1888 3687 2214 3757 episcopum
2250 3687 2359 3741 illis
2377 3684 2663 3743 ordinavit
2687 3685 3047 3741 Eunomium.
3075 3684 3473 3739 Putavitnam-

1889 3794 1999 3850 que
2032 3779 2171 3843 fore,
2210 3787 2271 3833 ut
2317 3779 2364 3835 is
2406 3779 2727 3848 eloquentia
2774 3790 2881 3835 sua
2923 3777 3076 3833 brevi
3111 3792 3211 3848 per
3259 3776 3475 3831 felicem

1888 3872 2186 3942 quamdam
2234 3871 2608 3940 persuadendi
2660 3873 2769 3926 vim
2818 3870 3147 3941 Cyzicenos.
3192 3868 3513 3939 demulsos‘

1889 3967 1957 4020 ad
2017 3966 2337 4035 opinionem
2400 3980 2555 4019 suam
2617 3965 2988 4035 pertraheret.
3052 3964 3125 4019 Et
3180 3972 3472 4034 postquam

1890 4057 2201 4111 Eunomius
2225 4055 2483 4127 Cyzicum
2514 4054 2689 4120 venit,
2731 4056 2993 4110 ecclesias
3022 4055 3275 4125 quidem,
3308 4056 3474 4113 Eleu-

1890 4152 1974 4207 sio
2025 4149 2379 4219 imperatoris
2420 4149 2579 4221 jussu
2634 4148 2905 4218 expulso,
2971 4163 3177 4203 vacuas
3222 4150 3473 4218 recepit,

1890 4244 2048 4313 plebs
2068 4254 2279 4307 autem,
2315 4241 2534 4296 Eleusio
2563 4241 2894 4309 obsequens,
2924 4249 3081 4295 extra
3115 4239 3308 4295 urbem
3340 4255 3476 4297 con~

1891 4347 2093 4392 ventus
2129 4336 2349 4406 agebat.
2401 4334 2510 4390 Sed
2560 4333 2629 4389 de
2687 4334 2967 4389 Eunomia
3014 4340 3072 4388 et
3113 4333 3234 4402 ejus
3273 4333 3471 4389 haeresi

1892 4446 1993 4485 suo
2022 4432 2144 4484 loco
2174 4429 2339 4499 paulo
2385 4438 2509 4498 post
2552 4425 2756 4481 dicam.
2788 4425 2994 4483 Verum
3024 4426 3315 4481 enimvero
3354 4443 3464 4481 non

225 4517 461 4584 εεὺοντες
490 4521 600 4573 τῶν
632 4520 766 4573 ίσων
807 4520 997 4573 κακῶν
1027 4521 1171 4574 κατὰ
1205 4522 1306 4591 τὴν
1335 4522 1784 4578 Κωνσταντινού-

1892 4522 2056 4577 modo
2114 4520 2521 4586 Macedoniani,
2563 4522 2657 4576 sed
2717 4520 2893 4575 etiam
2940 4520 3224 4576 Nicienum
3274 4520 3472 4588 dogma

224 4613 368 4665 πολιν
396 4614 714 4684 ἐπειρῶντο.
744 4613 974 4683 Ἐπίσης
1001 4615 1058 4668 δὲ
1086 4615 1271 4678 αὐτοῖς
1299 4617 1395 4670 καὶ
1422 4616 1471 4669 oi
1497 4617 1565 4670 τὰ
1599 4617 1786 4671 Ναυά-

222 4722 305 4758 rw
337 4706 678 4778 φρονοῦντες,
713 4707 810 4761 ἅτε
842 4708 906 4778 δὴ
947 4710 1044 4763 καὶ
1088 4704 1237 4764 οὗτοι
1268 4712 1333 4781 τῇ
1369 4709 1463 4764 τοῦ
1489 4711 1782 4782 όμοουσίου

221 4794 331 4868 δόξῃ
367 4801 761 4870 προσκείμενοι
785 4817 798 4832 ο
835 4795 910 4856 ὧν
939 4802 1006 4873 δὴ
1036 4805 1132 4856 καί⁵
1153 4803 1253 4866 τὰς
1283 4804 1587 4876 ἐκκλησίας
1610 4810 1780 4876 ἀφαι-

227 4891 415 4957 ρεῖσθαι
441 4894 658 4947 ἐκέλευε
690 4894 971 4963 βασιλεῦς⁸
1000 4895 1128 4958 τοὺς
1152 4897 1208 4948 δὲ
1236 4896 1430 4959 ἄλλους
1459 4899 1779 4953 ἀποκλείειν

222 4983 308 5037 οὐκ
340 4981 517 5056 εἶχεν·
549 4986 651 5057 ήδη
684 4986 794 5057 γὰρ
816 4988 879 5039 ἐκ
912 4987 1115 5040 πολλοῦ
1153 4990 1343 5054 ἀφεῖλε
1375 4990 1780 5055 Κωνστάντιος.

225 5074 315 5128 Τὸν
357 5078 399 5132 δ’
453 5080 757 5132 ἐπίσκοπον
811 5078 1037 5133 ἐκείνων
1083 5079 1351 5148 Ἀγέλιον,
1414 5081 1473 5146 ὃς
1525 5083 1636 5137 ἀπὸ
1671 5085 1783 5139 τῶν

224 5163 619 5223 Κωνσταντίνου
654 5170 862 5241 χρόνων
886 5173 984 5241 τῆς
1013 5172 1124 5226 τῶν
1158 5172 1521 5228 Ναυατιανῶν
1552 5174 1786 5247 Ἐκκλη-

225 5257 332 5323 cia;
355 5254 596 5332 ’ὴγείτο,
631 5264 728 5315 καὶ
788 5264 1079 5334 ὑπερόριον
1133 5265 1374 5318 ἐποιεῖτο
1397 5280 1414 5296 ο
1464 5266 1688 5329 ἐλέγετο
1726 5268 1783 5320 δὲ

223 5345 380 5417 οὗτος,
410 5355 485 5419 ὡς
518 5356 800 5421 Σωκράτει
831 5356 1001 5427 δοκεῖ,
1037 5356 1361 5427 θαυμασίοις
1406 5358 1580 5428 βιοῦν.
1615 5358 1690 5413 Τό
1723 5375 1781 5412 τε

225 5448 319 5516 γὰρ
349 5450 405 5502 ἐν
446 5450 741 5521 φιλοσοφίᾳ
766 5452 1026 5521 μέγιστον
1052 5451 1338 5523 ἐκέκτητο,
1366 5454 1612 5522 κτήσεως
1634 5454 1782 5506 ἀπά-

227 5554 311 5612 ta:
333 5545 426 5596 καὶ
451 5546 759 5617 χρημάτων
783 5546 1062 5618 ἐλεύθερος
1096 5545 1172 5598 ὥν
1193 5562 1207 5576 ο
1239 5548 1335 5600 καὶ
1363 5548 1398 5616 ἡ
1445 5548 1643 5619 ἀγωγὴ
1686 5548 1781 5602 τὸν

225 5632 445 5707 ἐργάτην
492 5639 742 5692 ἐδείκνυ·
778 5641 859 5692 ἑνὶ
905 5640 1016 5710 γὰρ
1078 5640 1391 5712 χιτωνίσκῳ
1438 5643 1781 5711 σκεπόμενος

1895 4613 2322 4685 comprobanles
2372 4613 2856 4684 ConstantinOpoli
2896 4608 3105 4669 eisdem
3158 4612 3476 4669 adicieban-

1894 4719 1985 4764 tur
2016 4708 2176 4765 malis
2208 4727 2221 4763 :
2257 4718 2439 4777 neque
2477 4724 2545 4763 eo
2584 4708 2770 4763 minus
2817 4708 2981 4763 etiam
3022 4708 3343 4769 Novatiani.
3374 4710 3468 4779 qui

1891 4812 1949 4859 et
1987 4802 2094 4873 ipsi
2143 4802 2638 4859 consubstantialis
2680 4803 3086 4873 professionem
3135 4804 3474 4871 complecte-

1890 4898 2130 4963 bantur;
2184 4904 2526 4967 quapropter
2578 4897 2660 4952 eis
2709 4913 2935 4966 quoque
2985 4895 3253 4952 ecclesias
3301 4894 3471 4948 adimi

1893 4992 2197 5062 imperator
2255 5000 2618 5061 praeceperat.
2674 4988 2838 5044 Alios
2877 4999 3165 5059 prmterea,
3200 5004 3341 5058 quos
3372 5003 3470 5041 ex-

1892 5082 2163 5146 cluderet,
2205 5096 2315 5136 non
2366 5080 2633 5145 habebat;
2679 5092 2839 5134 antea
2883 5080 3033 5133 enim
3072 5078 3281 5134 dudum
3326 5078 3473 5135 Con-

1893 5175 2131 5229 stantius
2190 5172 2469 5230 haereticis
2531 5174 2763 5244 reliquis
2825 5174 3092 5228 ecclesias
3164 5174 3469 5244 eripuerat.

1893 5268 2142 5339 Agelium
2205 5283 2426 5338 quoque
2492 5270 2843 5338 episcopum,
2899 5271 2991 5339 qui
3041 5286 3069 5323 a
3117 5268 3469 5325 Constantini

1892 5361 2260 5433 temporibus,
2304 5362 2371 5415 ad
2416 5378 2546 5417 eum
2601 5377 2773 5432 usque
2823 5364 2993 5429 diem,
3032 5364 3468 5420 Novatianoruin

1889 5455 2142 5511 ecclesiis
2198 5465 2469 5524 przeerat,
2516 5456 2571 5511 in
2623 5457 2880 5511 exsilium
2930 5458 3127 5513 Valens
3177 5459 3310 5529 egit.
3366 5459 3471 5526 Qui

1890 5564 2056 5613 sane,
2108 5548 2575 5617 quemadmodum
2629 5549 2840 5605 Socrati
2892 5552 3137 5616 videtur,
3190 5552 3472 5607 admiran-

1889 5642 2014 5695 dam
2058 5640 2171 5709 egit
2215 5641 2407 5697 vilam.
2441 5642 2578 5696 Nam
2619 5643 2798 5709 in-eo,
2831 5646 2978 5716 quod
3022 5646 3077 5701 in
3120 5645 3470 5717 philosophia

285 5821 352 5891 (l)
390 5823 452 5879 Et
478 5823 642 5879 simul
673 5824 740 5880 de
772 5828 822 5881 vi
862 5827 967 5883 sibi
1001 5828 1148 5883 illata
1184 5817 1729 5897 conquestus.Socr.
1776 5826 1872 5882 lib.
1917 5844 1991 5893 iv,
2026 5843 2147 5898 cap.
2186 5828 2234 5883 Ο.
