3912 6588
428 319 535 382 599

1667 348 1748 413 Nl
1757 350 2093 415 CEPHORI
2132 353 2478 421 CALLISTI
3580 360 3673 423 θθο

423 431 722 547 maximum
755 446 860 503 est,
892 439 995 498 fuit
1025 462 1040 501 :
1072 452 1453 517 possessiones
1484 460 1634 517 enim
1680 464 1862 523 nullas
1914 481 2000 522 ne-

2118 469 2351 537 διετέλει
2376 513 2392 539 ,
2423 475 2535 537 τοῖς
2566 473 2717 547 ὅροις
2769 471 2866 529 τοῦ
2895 469 3231 542 Εὐαγγελξου
3292 471 3539 542 σωιχῶν,
3587 478 3673 528 καὶ

422 533 532 587 quc
562 522 865 625 quidquam
906 538 1159 600 pecuniae
1193 540 1407 600 habuit.
1443 546 1509 602 Et
1546 550 1668 607 vitae
1697 553 1821 625 ejus
1849 557 2007 613 insti-

423 622 605 670 tutum
664 618 717 672 id
774 625 1011 682 maxime
1065 630 1387 693 declaravit.
1446 618 1811 702 Unica.enim
1853 646 2006 707 veste

419 719 719 810 contentus
751 713 888 782 fuit,
947 729 1004 774 et
1043 728 1379 798 evangelicis
1428 733 1670 794 decretis
1715 739 2003 810 insistens,

421 798 815 861 calceamentis
859 824 992 865 usus
1043 829 1152 870 non
1192 828 1298 875 est.
1343 821 1614 883 Caeterum
1668 847 1780 886 non
1830 835 2005 892 ιιιιιιιο

421 899 575 959 post,
609 895 678 949 ab
712 899 909 955 exsilio
943 918 1261 978 revocatus,
1296 915 1566 974 ecclesias
1605 936 1733 979 suas
1771 928 2005 995 recepit,

419 991 475 1035 ct
525 985 701 1044 libere
753 990 807 1045 in
855 994 938 1049 eis
986 1012 1295 1058 conventus
1336 1008 1471 1077 egit.
1513 1011 1669 1074 Quod
1716 1026 1776 1070 ut
1822 985 2000 1085 fieret,

420 1072 735 1136 Marcianus
764 1084 986 1154 quidam
1019 1090 1221 1155 cﬂ'ecit,
1257 1095 1340 1150 vir
1369 1098 1478 1153 vita
1511 1103 1673 1157 simul
1706 1115 1761 1160 et
1788 1106 2004 1163 doctri-

420 1182 491 1221 na
528 1170 824 1228 admodmn
858 1190 1161 1248 spectatus,
1215 1188 1310 1256 qui
1347 1190 1555 1246 dudmn
1587 1195 1808 1264 quidem
1840 1216 2003 1255 suum

421 1261 475 1314 iu
530 1263 883 1335 imperatoria
926 1274 1052 1328 aula
1111 1279 1437 1340 obtinuerat
1480 1287 1703 1356 locum,
1751 1300 1864 1346 tum
1908 1311 2007 1349 au-

421 1366 530 1411 tem
581 1364 723 1430 apud
776 1364 1111 1427 Novatianos
1148 1374 1202 1429 in
1246 1381 1698 1451 presbyterorum
1745 1386 2001 1442 ordinem

418 1464 733 1522 cooptatus,
776 1459 1131 1530 imperatoris
1177 1468 1316 1524 filias
1356 1471 1705 1531 Anastasiam
1741 1488 1796 1533 et
1831 1479 2004 1534 Caro-

417 1557 533 1595 sam
574 1551 946 1614 grammaticae
992 1569 1269 1628 praecepta
1308 1562 1578 1628 'docebat,
1624 1569 1728 1623 sub
1764 1586 1999 1641 quarum

418 1637 644 1693 nomine
703 1641 923 1710 publica
985 1647 1205 1707 lavacra
1265 1654 1743 1731 Constantinopoli
1800 1663 2004 1721 Valens

417 1736 749 1789 construxit.
807 1737 968 1811 119
1016 1740 1150 1813 Ejus
1203 1747 1302 1801 viri
1348 1753 1522 1821 gratia
1568 1753 2000 1812 Novatianorum

2113 560 2484 633 ὑποδημάτων
2513 564 2636 635 δίχα
2655 564 2833 621 διόλου
2860 565 3129 631 ἐϐάδιζεν.
3161 566 3235 621 Ού
3260 562 3445 634 πολλῷ
3464 563 3519 618 δὲ
3538 560 3674 619 ὔστε-

2117 671 2210 725 ρον
2246 657 2639 727 μετακληθεὶς,
2659 658 2762 720 τὰς
2786 657 2878 712 ὑπ’
2908 659 3072 712 αὐτὸν
3110 658 3418 728 ἐκκλησίας
3435 658 3672 727 κατέσχε,

2112 749 2208 801 καὶ
2262 749 2436 813 ἀδεῶς
2468 751 2826 820 ὲκκλησίαζε.
2869 751 3139 822 Πρόξενος
3181 750 3236 805 δὲ
3288 748 3499 803 τούτων
3539 748 3674 817 αὐτῷ

2112 839 2433 910 Μαρκιανός
2470 858 2524 893 τι
2560 843 2806 911 ἐγένετο,
2858 845 3001 915 ἀνὴρ
3041 842 3140 913 βίῳ
3166 844 3263 896 καὶ
3304 840 3455 910 λόγῳ
3480 840 3677 908 θαυμα-

2112 929 2243 994 σίως
2268 932 2449 995 συζῶν
2471 951 2485 966 ο
2524 934 2583 998 ὃς
2612 936 2782 989 πάλαι
2806 936 2907 1005 μὲν
2948 938 3007 989 ὲν
3034 938 3148 998 τοῖς
3173 934 3501 1002 ἀνακτόροις
3524 949 3675 1002 στρα-

2107 1022 2262 1088 τείας
2293 1025 2595 1094 ιπείληπτο
2618 1044 2631 1059 ·
2667 1029 2787 1081 τότε
2837 1028 2885 1081 δ’
2916 1029 3168 1099 ἱερᾶσθαι
3201 1027 3389 1097 λαχὼν
3414 1025 3674 1079 Ναυατια-

2107 1115 2240 1179 νοῖς,
2305 1117 2405 1178 τὰς
2466 1111 2736 1184 βασιλέως
2791 1117 3129 1188 θυγατέρας,
3173 1116 3540 1171 Ἀναστασίαν
3587 1118 3672 1170 καί

2096 1205 2405 1277 Καρῶσαν,
2441 1207 2634 1278 λόγους
2695 1211 3125 1280 γραμματικοὺς
3179 1208 3564 1274 ὲξεπαίδευεν·
3605 1203 3670 1262 ὧν

2108 1296 2204 1350 καὶ
2266 1298 2335 1352 τὰ
2392 1298 2630 1370 δημόσια
2681 1305 2884 1372 λουτρὰ
2935 1305 2999 1373 τῇ
3061 1302 3480 1356 Κομισταντίνου
3521 1318 3671 1355 κατα-

2111 1392 2482 1445 σκευασθέντα
2545 1395 2761 1464 Ούάλης
2813 1395 3013 1451 ἐποίει.
3068 1394 3219 1449 Δὶδοῖ
3250 1394 3437 1447 τοίνυν
3468 1394 3672 1464 τάνδρὸς

2111 1484 2251 1553 πρὸς
2286 1483 2467 1553 ὀλίγον
2503 1487 2559 1539 αί
2605 1489 2713 1539 τῶν
2772 1486 3135 1542 Ναυατιανῶν
3190 1488 3490 1557 ἐκκλησίαι
3536 1488 3670 1540 κλει-

2110 1577 2325 1632 σθεϊσαι
2382 1576 2540 1643 αὖθις
2605 1578 2890 1651 ἠνοίγοντο
2915 1598 2932 1614 ο
2967 1581 3030 1636 ού
3069 1584 3254 1652 μέντοι
3303 1581 3400 1635 καὶ
3427 1579 3566 1633 οὕτω
3588 1585 3675 1648 τῆς

2109 1672 2172 1723 ὲκ
2201 1671 2311 1725 τῶν
2343 1673 2651 1743 Ἀρειανῶν
2680 1675 2929 1750 ταραχῆς
2963 1675 3314 1729 παντάπασιν
3359 1669 3499 1748 ἦσαν
3540 1672 3676 1725 ἐλεύ-

2117 1760 2270 1833 θεροι
2296 1779 2309 1793 ⁸
2354 1765 2442 1818 διὰ
2475 1764 2667 1836 μίσους
2697 1767 2805 1837 γὰρ
2835 1761 2978 1838 ἦσαν
3012 1768 3219 1832 αὐτοῖς,
3253 1766 3451 1835 ὅτιπερ
3473 1764 3594 1828 τοὺς
3622 1767 3676 1817 τὸ

414 1822 685 1893 ecclesiae,
741 1829 809 1882 ad
862 1831 1034 1889 breve
1088 1844 1304 1907 tempus
1352 1840 1574 1910 clausae,
1611 1863 1828 1903 rursum
1876 1859 2000 1905 sunt

2112 1822 2286 1927 odrunt
2319 1856 2414 1920 τῆς
2442 1822 2500 1911 ἐν
2534 1822 2741 1932 Nncan
2771 1822 3013 1924 πίστεως
3044 1822 3533 1932 ὑπερασπίζοντας
3554 1858 3676 1926 ἠγά-

416 1927 643 1985 ιψιιιοιω.
682 1920 788 1975 Sed
820 1938 890 1977 ne
918 1942 986 1980 eo
1023 1930 1246 1999 quidem
1284 1945 1444 2003 pacto
1478 1954 1705 2007 prorsus
1739 1943 1807 1994 ab
1843 1943 2001 1998 Aria-

415 2023 615 2063 norum
670 2014 849 2071 turbis
906 2018 1062 2075 fuere
1119 2022 1393 2083 immunes
1447 2031 1601 2100 :qui
1658 2032 1738 2087 eis
1796 2033 2000 2091 infensi

2113 1966 2228 2001 πων
2262 1951 2471 2022 σφόδρα
2495 1955 2590 2006 καὶ
2622 1954 2908 2025 ἔστεργον,
2936 1952 3141 2025 καίπερ
3167 1952 3291 2008 κατ’
3339 1950 3506 2022 ἄλλην
3533 1949 3675 2016 δόξαν

2111 2042 2344 2096 πλεῖστα
2371 2045 2781 2117 διαφερόμενοι.

414 2118 708 2181 propterea
739 2122 918 2177 erant,
991 2117 1138 2186 quod
1186 2119 1423 2177 Nicaeam
1469 2126 1593 2179 fidei
1633 2125 1905 2195 dogmatis
1976 2130 2295 2194 defensores
2343 2137 2503 2194 valde
2588 2150 2932 2199 amarentet
2969 2142 3504 2214 complecterentur,
3565 2137 3674 2194 aliis

416 2206 773 2278 opinionibus
808 2210 1107 2281 plurimum
1138 2214 1206 2268 ab
1235 2215 1344 2271 illis
1373 2216 1729 2276 dissidentes.

1027 2335 1251 2396 CAPUT
1302 2340 1389 2397 Vl.

413 2422 960 2502 De_M_aredon_ianis,
1006 2438 1057 2484 et
1100 2432 1205 2486 τοῦ
1248 2436 1599 2502 ὀμοουσίου,
1652 2441 2002 2496 consubstan-

487 2497 657 2580 tialis,
711 2498 1024 2568 cultoribus,
1063 2513 1110 2559 et
1150 2504 1214 2558 de
1252 2497 1516 2576 (legatione
1544 2497 1753 2579 piorum
1775 2510 2000 2568 Romam

486 2583 672 2622 ""880.

485 2659 737 2717 Eudoxio
781 2671 837 2718 et
883 2665 1249 2736 popularibus
1288 2670 1411 2741 ejus
1443 2671 1713 2729 adversus
1746 2690 1844 2730 eos
1897 2676 1993 2747 qui

415 2754 633 2810 sincere
682 2755 961 2813 Nicsenam
1005 2760 1261 2818 colebant
1320 2762 1486 2819 fidem
1541 2779 1776 2826 conatus
1825 2775 1998 2839 probe

414 2847 718 2904 succedere
750 2850 853 2906 visi
897 2863 1047 2908 sunt.
1092 2854 1229 2911 Nam
1271 2857 1596 2915 inmaxima
1634 2862 1866 2918 ditionis
1895 2864 2000 2919 Va-

412 2941 581 2997 lentis
610 2953 783 3014 parte,
817 2956 875 3001 et
914 2949 1265 3017 potissimum
1304 2951 1361 3006 in
1401 2951 1782 3025 Hellesponto,
1824 2956 2001 3011 Thra-

414 3035 536 3097 cia.
580 3034 834 3109 Bithynia
872 3047 1041 3111 atque
1095 3042 1219 3098 aliis
1274 3042 1338 3099 in
1389 3045 1630 3102 circuitu
1686 3049 1888 3106 vicinis
1942 3056 2000 3106 et

2708 2352 2960 2407 ΚΕΦΔΛ.
3018 2349 3112 2419 ς’.

2103 2447 2246 2515 Περὶ
2271 2447 2392 2524 τῷν
2412 2442 2880 2524 Mamaea-tawa
2899 2443 3008 2524 Ξιαὶ
3028 2441 3176 2524 rei)?“
3198 2435 3670 2524 ξρρονούντφτό

2175 2509 2502 2586 δμοούσιον
2523 2533 2539 2586 τ
2564 2516 2663 2571 καὶ
2698 2516 2830 2583 περὶ
2853 2513 2965 2583 τῆς
2988 2517 3077 2581 εἰς
3111 2509 3351 2584 Ῥώμην
3371 2509 3671 2580 πρεσϐείας

2176 2585 2295 2643 τῶν
2321 2585 2609 2641 εὐσεϐῶν.
2978 2610 2989 2617 -

2170 2682 2281 2734 Καὶ
2306 2681 2445 2747 πρὸς
2476 2680 2576 2751 μὲν
2610 2679 2740 2742 τοὺς
2774 2678 3098 2750 άκραιφνῶς
3132 2679 3233 2749 τὴν
3263 2678 3325 2731 ὲν
3358 2675 3564 2746 Νικαίᾳ
3594 2672 3671 2725 σέ-

2106 2777 2302 2839 ϐοντας
2321 2776 2507 2827 πίστιν
2533 2773 2685 2845 παρὰ
2709 2776 2821 2837 τοῖς
2855 2774 2982 2853 περὶ
3003 2773 3255 2838 Εὐδόξιον
3284 2767 3667 2840 κατορθοῦσθαι

2106 2869 2285 2923 ἐδόκει
2337 2870 2399 2921 τδ
2456 2865 2895 2937 σπουδαζόμενον
2918 2882 2932 2897 ·
2968 2865 3047 2936 τῷ
3078 2869 3188 2937 γάρ
3240 2865 3485 2937 πλείστῳ
3522 2862 3665 2932 μέρει

2105 2965 2204 3033 τῆς
2236 2962 2597 3032 ἐπικρατείας
2620 2935 2944 3025 Οὐάλεντος,
2977 2935 3070 3013 καὶ
3112 2935 3352 3029 μάλιστα
3386 2957 3488 3010 άνά
3509 2972 3562 3008 τε
3585 2953 3667 3006 τὸν

2118 3056 2519 3127 Ἑλλήσποντον
2547 3057 2645 3110 καὶ
2676 3054 2903 3126 Θρᾴκην
2931 3053 3027 3106 καὶ
3063 3052 3348 3118 Βιθυνίαν,
3378 3050 3471 3104 καὶ
3496 3048 3573 3100 ἔτι
3606 3045 3666 3099 τὰ

417 3125 774 3185 ulterioribus
815 3131 981 3187 etiam
1027 3134 1211 3197 terris,
1241 3149 1423 3205 neque
1465 3137 1726 3194 ecclesiis
1764 3140 1883 3222 jam
1919 3139 2000 3197 illi

2112 3125 2295 3217 κύκλῴ
2328 3146 2536 3199 τούτων
2575 3144 2671 3198 καὶ
2696 3145 3054 3215 προσωτέρω,
3080 3141 3205 3197 οὔτε
3237 3140 3548 3211 ἐκκλησιῶν
3578 3133 3665 3208 ἦρ-

415 3222 715 3289 ριἰιξΐυθτρ,
749 3239 930 3294 neque
959 3226 1255 3296 episcopos
1283 3240 1417 3283 suos
1450 3228 1713 3286 habuere.
1749 3232 2000 3288 Macedo-

413 3317 596 3370 nianis
639 3327 846 3381 autem,
880 3319 973 3388 qui
1022 3321 1282 3390 permulti
1333 3322 1389 3376 in
1428 3323 1655 3393 regione
1685 3340 1749 3378 ea
1784 3336 1996 3381 rectam

410 3409 524 3479 jam
573 3419 962 3467 consectantes
1021 3414 1356 3469 sententiam
1407 3424 1599 3479 erant,
1652 3432 1764 3471 non
1819 3419 2001 3474 minus

416 3501 629 3567 infesti,
666 3501 1046 3558 inhumaniter
1071 3513 1128 3559 et
1152 3503 1302 3574 ipsos
1332 3516 1463 3562 sunt
1490 3508 1791 3575 persecuti.
1819 3509 1998 3577 Atque

416 3595 507 3649 isti
540 3605 767 3666 propter
806 3594 1155 3652 imminentia
1198 3599 1338 3653 mala
1380 3600 1586 3669 oppido
1616 3598 1669 3654 in
1700 3613 1995 3670 angustum

418 3688 653 3755 redacti,
684 3690 776 3745 alii
820 3690 887 3745 ad
908 3692 1065 3754 alios
1091 3708 1191 3763 per
1226 3692 1391 3748 urbes
1431 3694 1637 3765 legatos
1667 3694 1870 3748 misere
1898 3711 1913 3749 :
1943 3702 2000 3749 et

420 3780 641 3839 tandem
690 3783 754 3838 ad
805 3783 1027 3839 fratrem
1065 3784 1313 3841 Valentis
1360 3786 1586 3841 Romam
1639 3786 1742 3842 sibi
1797 3787 1994 3842 confu-

417 3875 703 3946 giendum,
734 3886 789 3931 et
842 3891 966 3931 cum
1013 3876 1241 3933 Liberio
1277 3878 1483 3949 potius,
1515 3881 1673 3948 cujus
1710 3880 1833 3934 fidei
1868 3893 1997 3950 pro-

416 3968 715 4024 fessionem
781 3972 1277 4039 amplectebantur,
1336 3986 1503 4043 quam
1556 3987 1683 4031 cum
1744 3972 1996 4029 Eudoxio

417 4064 941 4120 communicandum
970 4080 1093 4121 esse
1123 4075 1389 4121 statuere.
1424 4067 1610 4136 itaque
1646 4067 1994 4123 Eustathium

2106 3254 2203 3308 χον
2226 3252 2241 3270 ·
2282 3236 2631 3307 ἀφῃρημένοι
2663 3235 2721 3288 δὲ
2748 3237 2847 3289 καὶ
2882 3235 2992 3289 τῶν
3027 3234 3286 3303 ίερᾶσθαι
3345 3230 3553 3293 τούτοις
3583 3229 3664 3281 λα-

2106 3329 2313 3400 χόντων
2346 3323 2511 3397 ἦσαν.
2536 3325 2677 3396 Πρὸς
2710 3324 2769 3379 δὲ
2799 3325 2927 3387 τοὺς
2951 3324 3017 3377 τὰ
3054 3322 3397 3378 Μακεδονίου
3427 3316 3665 3390 φρονοῦν-

2105 3439 2231 3486 τας,
2298 3418 2692 3474 πολλαπλάσιοι
2741 3416 2849 3486 γὰρ
2881 3411 3024 3487 ἦσαν
3076 3414 3182 3469 ἀνά
3234 3414 3359 3468 τόδε
3395 3413 3455 3466 τὸ
3514 3410 3664 3479 κλίμα

2108 3508 2257 3569 οὗτοι
2301 3512 2409 3565 τῶν
2443 3510 2582 3580 ὀρθὰ
2636 3511 2856 3579 φρονεῖν
2888 3507 3212 3581 ᾑρημένων,
3263 3504 3665 3577 χαλεπαίνοντες

2107 3606 2320 3666 τούτοις
2347 3601 2581 3675 σφόδρα,
2624 3598 3016 3671 ἀπανθρώπως
3065 3597 3317 3652 ἐδίωκον.
3378 3596 3440 3649 Oi
3476 3593 3531 3645 δὲ
3572 3590 3665 3646 τῶν

2105 3684 2475 3766 ἐπικειμένων
2510 3694 2702 3747 κακῶν
2739 3691 2821 3763 τῷ
2850 3692 2960 3746 δέει
2989 3688 3515 3761 στενοχωρούμενοι,
3546 3681 3667 3753 πρὸς

2103 3788 2370 3859 ἀλλήλους
2407 3786 2550 3840 κατὰ
2575 3785 2759 3849 πόλεις
2781 3781 3343 3854 διαπρεσϐευόμενοι,
3376 3780 3485 3833 δεῖν
3509 3774 3666 3830 ιδοκίι

2110 3883 2286 3952 μαζον
2310 3879 2401 3932 ent
2424 3896 2484 3931 τε
2506 3879 2599 3931 τὸν
2627 3877 2858 3945 ἀδελφὺν
2890 3875 3198 3936 Οὐάλεντος
3233 3869 3595 3941 καταφεύγειν
3615 3867 3667 3926 ἐς

2121 3971 2364 4041 Ῥώμην,
2396 3969 2639 4042 Λιϐερίῳ
2667 3986 2728 4023 τε
2762 3970 3068 4036 κοινωνεῖν,
3116 3966 3150 4039 ἢ
3182 3967 3301 4031 τοῖς
3347 3965 3475 4036 περὶ
3516 3957 3666 4016 Εὐδό-

2106 4066 2219 4133 ξιον
2249 4066 2349 4137 (a).

417 4160 705 4229 Sebastiae,
741 4165 831 4217 cui
883 4163 1180 4234 aliquoties
1224 4166 1481 4239 adempta
1532 4164 1716 4221 fuerat
1756 4165 2021 4235 dignitas,
2060 4173 2119 4220 et
2161 4163 2459 4235 Sylvanum
2495 4164 2653 4219 Tarsi
2694 4162 2923 4229 Ciliciae,
2984 4172 3151 4233 atque
3190 4160 3552 4233 Theophilum
3578 4154 3666 4212 Ca-

415 4258 753 4318 stabalorum
790 4259 865 4332 (l)
896 4262 1186 4331 episcenos
1227 4261 1457 4316 Romam
1494 4262 1769 4333 legarunt,
1801 4263 1994 4333 eisque
2036 4262 2369 4317 mandarunt
2412 4270 2472 4315 ut
2512 4278 2579 4317 ne
2626 4276 2752 4316 cum
2792 4260 3016 4316 Liberio
3057 4261 3128 4316 de
3206 4260 3317 4315 fide
3394 4252 3667 4315 contende-

416 4369 576 4424 rent,
631 4357 725 4415 sed
783 4359 970 4428 potius
1028 4375 1154 4414 cum
1212 4359 1462 4423 Romana
1520 4361 1999 4416 communicarent
2073 4358 2358 4426 Ecclesia,
2432 4375 2498 4415 ac
2549 4358 3038 4414 consubstantialis
3088 4357 3485 4428 professionem
3533 4365 3664 4406 com-

416 4454 742 4524 probarent.
783 4455 865 4509 llli
916 4471 1040 4511 cum
1097 4457 1303 4511 litteris
1350 4471 1566 4521 eorum,
1601 4457 1696 4528 qui
1755 4456 1825 4512 ab
1871 4456 1996 4512 aliis
2037 4456 2306 4516 Seleucia
2353 4456 2624 4527 segregati
2705 4455 2949 4520 fuerant,
2990 4455 3067 4533 iu.
3116 4455 3329 4510 Italiam
3364 4462 3659 4524 pervenere.

416 4557 582 4617 atque
633 4548 711 4604 ibi
761 4552 1149 4618 imperatorem
1200 4547 1670 4617 Valentinianum,
1741 4562 2031 4621 propterea
2075 4552 2221 4620 quod
2289 4550 2343 4607 in
2374 4549 2549 4606 Gallia
2578 4548 2655 4619 (2)
2684 4558 2879 4622 contra
2915 4547 3270 4603 Sauromatas
3301 4546 3497 4602 bellum
3525 4553 3660 4611 gere

419 4654 525 4711 ret,
558 4660 671 4700 non
714 4646 991 4701 viderunt.
1041 4645 1178 4702 Cum
1230 4657 1414 4703 autem
1464 4648 1689 4704 Liberio
1771 4649 2038 4719 epistolas
2095 4664 2234 4718 quas
2283 4663 2475 4702 secum
2529 4647 2830 4702 attulerant
2899 4645 3185 4709 offerrent,
3221 4645 3464 4713 recipere
3504 4637 3546 4691 is
3579 4637 3696 4725 eas!

417 4740 605 4799 renuit
638 4784 656 4810 ,
703 4740 938 4801 Ariauos
988 4757 1087 4796 eos
1130 4756 1284 4804 esse,
1336 4757 1441 4798 nec
1521 4743 1591 4798 ab
1640 4743 1881 4799 Ecclesia
1963 4758 2063 4797 sua
2103 4743 2325 4813 agnosci
2378 4757 2560 4813 posse,
2608 4741 2703 4811 qui
2750 4740 3026 4796 Nicaenam
3076 4737 3448 4794 abolevissent
3495 4729 3657 4839 fidem.

394 4839 629 4895 'dicens.
678 4838 780 4896 Cui
833 4839 911 4896 illi
954 4839 1385 4910 responderunt,
1460 4856 1520 4895 se
1573 4856 1672 4908 per
1723 4841 2023 4911 legitimam
2081 4840 2465 4910 pmniteutiam
2533 4839 2599 4892 ad
2664 4838 2920 4892 veritatis
2992 4828 3654 4933 cognitionem-rediisse.

415 4936 749 4993 sententiam
798 4936 893 4989 τοῦ
941 4936 1198 5006 ἀνομοίου
1234 4936 1526 5009 abjecisse,
1565 4947 1621 4994 et
1661 4937 1858 4992 Filium
1929 4920 2037 5006 per,
2067 4936 2253 4991 omnia
2304 4935 2447 4989 Patri
2496 4935 2735 4989 similem
2805 4933 3084 5004 professos
3114 4919 3654 5027 esses-lzo‘ﬂigli"

415 5046 524 5101 que
582 5032 653 5087 ab
704 5030 1018 5099 ὀμοουσῖου,
1058 5030 1555 5097 consubstantiali,
1607 5034 1754 5087 κατὰ
1809 5032 1989 5086 πάντα

2112 5048 2243 5091 διον,
2269 5030 2379 5091 hoc
2413 5040 2518 5094 εει,
2563 5045 2660 5101 per
2691 5030 2873 5083 omnia
2906 5028 3166 5090 similem,
3194 5024 3433 5080 differre.
3466 5015 3654 5121 Quibus

414 5126 604 5183 verbis
658 5122 884 5191 auditis,
925 5121 1182 5179 Liberius
1232 5123 1630 5193 professionem
1687 5137 1883 5183 eorum
1933 5122 1988 5175 in
2032 5121 2303 5192 scriptum
2372 5121 2600 5179 relatam
2643 5120 2710 5174 ab
2755 5120 2838 5173 eis
2881 5118 3085 5189 exegit.
3113 5118 3292 5186 Atque
3323 5113 3401 5169 illi
3429 5107 3651 5165 libellum

415 5224 491 5287 ei,
529 5224 583 5276 iu
616 5237 728 5293 quo
762 5222 929 5277 etiam
961 5221 1237 5277 Nicaenam
1309 5220 1471 5277 fidem
1510 5220 1921 5297 inseruerunt,
1966 5219 2315 5275 obtulerunt.
2389 5218 2661 5289 Epistolas
2712 5212 2958 5287 quidem,
3001 5230 3140 5285 quas
3207 5228 3396 5267 secum
3442 5207 3653 5274 Smyl'lla

415 5333 485 5372 ex
515 5316 643 5370 Asia
673 5324 728 5369 et
779 5328 848 5369 ex
897 5313 1128 5379 Pisidia,
1165 5314 1396 5373 Isauria.
1447 5312 1776 5384 Pamphylia
1827 5322 1885 5367 et
1941 5310 2130 5383 Lycia,
2191 5313 2283 5367 ubi
2332 5317 2942 5395 conventusiegeraut,
2976 5309 3237 5371 attulere,
3272 5306 3652 5406 prop-tertii}:

414 5413 687 5469 lixiiatem
727 5414 820 5471 hic
853 5431 963 5472 non
1008 5417 1263 5486 apposui.
1305 5414 1555 5471 Libellus
1620 5398 1828 5475 autem,
1901 5426 2065 5482 quem
2106 5409 2432 5471 Eustathius
2485 5423 2611 5464 cum
2649 5407 2892 5501 collegis
2945 5405 3062 5460 suis
3110 5402 3336 5465 Liberio
3381 5395 3545 5457 dedit.
3580 5395 3652 5443 sic

416 5509 625 5565 habet:

490 5629 566 5695 (ll
587 5629 794 5684 Ciliciae
818 5629 931 5684 haec
962 5631 1153 5685 civitas
1180 5639 1282 5685 est.
1319 5628 1525 5700 (Soer.)

491 5701 568 5769 (‘2)
611 5700 1009 5756 Ecclesiasticaa
1068 5699 1332 5757 historias
1375 5699 1677 5769 scriptores
1740 5699 1996 5769 videntur

415 5767 601 5827 Gallos
635 5780 692 5824 et
716 5772 1016 5825 Germanos
1050 5788 1150 5842 pro
1185 5772 1377 5825 eadem
1409 5767 1570 5839 gente
1615 5769 1895 5825 habuisse.
1939 5767 1997 5827 tu

485 5884 558 5951 (a)
594 5884 688 5955 έιὶε
722 5881 885 5950 deﬁcit
908 5888 1066 5937 textus
1089 5886 1285 5936 Graccus
1311 5883 1456 5949 hujus
1490 5882 1663 5948 cupitis
1682 5890 1729 5937 et
1759 5881 2014 5936 duodecim
2035 5872 2353 5945 sequentium.
3679 5923 3687 5952 ι

2100 5618 2346 5677 Gratiani
2383 5617 2552 5673 rebus
2589 5614 2731 5670 infra
2759 5614 3117 5667 Almanorum
3151 5623 3353 5669 nomen
3382 5595 3645 5673 γορεύων,

2105 5702 2160 5746 et
2189 5690 2496 5745 Germania:
2527 5702 2638 5742 uno
2669 5697 2836 5755 atque
2869 5684 3042 5739 altero
3069 5688 3214 5743 loco.
