3912 6536
185 342 264 408 tot
443 428 451 436 .
1101 350 1708 412 EGCLESIASTICE
1749 344 2141 417 HISTORUE
2184 357 2327 417 LIB.
2378 360 2484 419 Χῐ.
3308 364 3414 428 eos

1590 490 1969 551 CAPUTVII.

707 602 1020 673 Ὀμολογία.
1048 603 1168 660 τῶν
1196 606 1524 676 πρέσϐεων,
1563 610 1809 675 Λιϐερίῳ
1840 612 1919 677 τῷ
1962 615 2277 677 emo/edam
2327 612 2558 680 Ῥώμης
2585 613 2853 669 δοθεῖσα.

951 726 1219 801 Confessio
1261 727 1554 799 legatorum
1603 727 1811 783 Liberio
1857 730 2101 801 epichpo
2149 732 2386 786 Romano
2427 732 2681 787 exhibita.

244 861 260 894 ι
292 838 508 895 Domino
541 837 703 894 fratri
738 847 795 894 et
826 839 1054 910 collegae
1088 841 1335 905 Liberio,
1370 842 1719 910 Eustathius,
1762 853 1804 907 Α
1833 843 2317 915 Constantinopoli
2363 862 2466 916 per
2504 861 2750 902 errorem
2799 848 3273 920 subscripserunt.
3319 853 3415 908 Est

182 949 230 993 et
266 935 539 1008 Sylvanus,
571 933 917 1004 Theophilus
960 934 1198 991 salutem
1246 936 1301 991 in
1345 936 1612 991 Domino.-
1642 935 1725 991 Ad
1829 948 2012 992 autem
2047 937 2182 992 ﬁdes
2212 947 2423 1005 nostra,
2459 951 2625 1011 atque
2664 957 2858 997 eorum
2905 959 3142 1013 quorum
3188 947 3414 1009 nontiye

182 1027 428 1084 evitandas
462 1026 687 1081 insanas
730 1025 1143 1091 haereticorum,
1173 1029 1265 1097 qui
1314 1044 1420 1082 non
1463 1028 1727 1083 desinunt
1827 1030 2103 1101 legatione
2126 1029 2430 1103 fungimur,
2464 1034 2600 1089 ista:
2629 1034 2922 1091 Credimus
2952 1036 3006 1091 in
3038 1053 3207 1091 unum
3238 1038 3411 1093 Deum

183 1120 409 1179 Ecclesia:
436 1118 724 1175 catholicae
753 1118 1089 1175 oﬂ‘endicula
1117 1135 1327 1186 creare,
1357 1121 1723 1191 suspiciones,
1828 1124 2046 1180 Patrem
2080 1125 2544 1195 omnipotentem,
2572 1129 2878 1184 visibilium
2912 1140 2968 1186 et
2996 1131 3245 1186 omnium
3274 1133 3416 1186 invi-

181 1223 226 1268 ct
260 1213 316 1268 ad
349 1228 533 1267 carum
571 1228 794 1268 causam
834 1223 893 1269 et
929 1214 1280 1269 occasionem
1329 1229 1549 1270 omnem
1585 1230 1726 1285 pra:-
1827 1217 2071 1272 sibilium
2113 1217 2401 1274 factorem.
2443 1221 2507 1276 Et
2540 1221 2594 1275 in
2628 1238 2799 1276 unum
2826 1222 3171 1294 unigenitum
3218 1223 3412 1290 Deum,

183 1305 472 1368 cidendam,
524 1304 721 1377 synodi
763 1304 1051 1376 Lampsaci
1101 1315 1158 1361 et
1201 1305 1467 1379 Smyrnae.
1504 1316 1561 1363 et
1603 1308 1725 1362 aliis
1828 1310 2416 1367 Dominumnostrum
2469 1313 2659 1369 Iesum
2694 1313 3000 1382 Christum,
3045 1316 3249 1371 Filium
3296 1317 3417 1381 Dei,

183 1398 322 1452 variis
354 1397 405 1451 in
436 1396 577 1451 locis
604 1397 676 1452 ab
707 1397 1029 1453 orthodoxis
1067 1409 1123 1453 et
1162 1411 1313 1454 recte
1358 1399 1726 1455 sentientibus
1762 1410 1765 1413 ‘
1828 1416 1895 1457 ex
1936 1401 2118 1464 Patre,
2162 1403 2269 1458 hoc
2312 1412 2420 1468 est,
2459 1420 2526 1460 ex
2568 1405 2879 1462 substantia
2924 1405 3106 1463 Patris
3144 1397 3461 1481 genitum,‘

180 1490 419 1563 episcopis
444 1490 741 1547 celebrata:
773 1491 996 1547 decreta
1024 1493 1364 1562 proﬁtentes,
1394 1492 1537 1562 apud
1565 1492 1727 1549 boni-
1828 1490 2000 1545 Deum
2044 1491 2113 1549 de
2144 1493 2279 1556 Deo,
2315 1493 2505 1549 lumen
2550 1494 2619 1549 de
2656 1495 2890 1563 lumine,
2925 1497 3093 1552 Deum
3127 1514 3319 1553 verum
3351 1500 3420 1553 de
3455 1484 3463 1563 δ

184 1594 321 1639 tatem
362 1593 533 1648 tuam,
589 1593 647 1637 et
688 1582 982 1639 universos
1032 1582 1202 1639 Italia:
1239 1584 1521 1654 totiusque
1564 1582 1722 1640 Occio
1827 1583 1942 1638 Deo
1973 1599 2129 1650 vero,
2160 1585 2434 1656 genitum,
2462 1604 2576 1643 non
2620 1588 2852 1654 factum,
2886 1591 3417 1647 consubstantialem
3454 1574 3462 1591 ’

181 1677 332 1731 dentis
380 1675 670 1746 episcopos
726 1676 1002 1746 legatiune
1056 1676 1359 1748 fungimur,
1408 1686 1465 1732 et
1510 1676 1724 1733 litteras
1828 1677 1997 1744 Patri,
2024 1693 2126 1748 per
2155 1695 2319 1750 quem
2351 1682 2534 1736 omnia
2567 1681 2709 1738 facta
2740 1691 2892 1747 sunt,
2922 1690 3154 1755 quaeQue
3183 1686 3238 1739 in
3275 1685 3419 1741 caelo

182 1770 427 1824 efferimus
473 1768 803 1825 catholicam
851 1784 950 1825 nos
998 1769 1164 1824 ﬁdem
1210 1785 1453 1835 servare,
1496 1785 1620 1841 quae
1667 1771 1723 1825 in
1829 1779 1982 1834 sunt,
2028 1786 2262 1842 qumque
2298 1772 2353 1827 in
2393 1781 2564 1829 terra.
2605 1773 2710 1842 Qui
2756 1785 2984 1846 propter
3021 1792 3120 1830 nos
3154 1777 3412 1832 homines

181 1870 337 1915 sancta
369 1861 588 1917 Nicenna
622 1862 862 1933 synodo,
892 1863 998 1918 sub
1027 1862 1190 1918 beato
1224 1862 1587 1917 Constantino
1619 1860 1721 1916 im-
1827 1871 1885 1919 et
1918 1875 2146 1935 propter
2189 1874 2436 1920 nostram
2488 1868 2720 1923 salutem
2767 1868 3091 1930 descendit,
3137 1878 3194 1924 et
3235 1868 3415 1922 incar-

182 1964 419 2022 peratore,
450 1970 483 2009 a
515 1957 782 2011 trecentis
815 1955 1007 2011 decem
1052 1964 1110 2011 et
1150 1964 1277 2011 octo
1310 1956 1568 2011 Patribus
1598 1969 1726 2024 pro-
1829 1966 2012 2021 natus,
2042 1968 2100 2012 et
2128 1959 2294 2015 homo
2323 1959 2522 2027 factus,
2553 1969 2608 2015 et
2640 1977 2833 2029 passus
2861 1970 2964 2015 est.
2998 1960 3064 2015 Et
3104 1962 3416 2016 resurrexit

181 2049 383 2119 aiulgata
429 2058 600 2119 atque
646 2050 996 2109 conﬁrmata.
1033 2049 1304 2105 hactenus
1344 2050 1396 2104 in
1435 2058 1581 2105 statu
1621 2064 1723 2105 suo
1831 2052 1995 2106 tertia
2028 2052 2139 2117 die,
2171 2063 2227 2107 et
2259 2052 2514 2107 ascendit
2556 2053 2610 2107 in
2645 2053 2838 2120 cmlos,
2867 2065 3142 2109 venturus
3178 2053 3309 2108 inde
3352 2055 3421 2108 ad

181 2142 405 2195 inviolata
444 2153 617 2212 atque
670 2142 896 2198 immota
946 2142 1189 2209 duravit,
1224 2155 1387 2211 atque
1428 2143 1483 2199 in
1522 2158 1720 2213 perpe-
1763 2199 1802 2216 ,ι
1827 2143 2188 2216 iudicandum
2220 2145 2382 2200 vivos
2421 2154 2477 2200 et
2510 2156 2785 2201 mortuos.
2817 2145 2885 2201 Et
2913 2146 2966 2201 in
2994 2145 3264 2216 Spiritum
3298 2163 3425 2203 san-

181 2244 302 2288 tuam
335 2233 600 2289 duratura
643 2244 728 2290 est
764 2252 778 2287 :
816 2235 869 2289 in
908 2250 1020 2311 qua
1045 2235 1106 2287 τὸ
1143 2234 1456 2305 ὁμοούσιον,
1490 2235 1731 2290 consuh-
1761 2199 1805 2256 Β
1834 2246 2008 2293 ctum.
2040 2236 2148 2304 Qui
2181 2248 2365 2293 autem
2401 2238 2616 2303 dicunt,
2648 2238 2820 2293 fuisse
2863 2239 3165 2308 aliquando
3207 2253 3425 2311 tempus

180 2327 420 2392 stantiale,
449 2329 558 2383 rite
597 2328 801 2399 pieque
832 2339 1023 2383 contra
1053 2329 1169 2384 Arii
1203 2329 1613 2400 improbitatem
1645 2340 1732 2384 est
1832 2345 1958 2386 cum
1980 2346 2087 2385 non
2106 2330 2292 2391 fuerit.
2312 2330 2571 2401 quodque
2596 2331 2914 2401 priusquam
2940 2332 3161 2402 genitus
3193 2332 3287 2397 sit,
3311 2347 3418 2385 nou

181 2421 535 2476 constitutum.
575 2421 874 2493 Fidemque
907 2439 1028 2479 eam
1060 2439 1160 2479 nos
1190 2439 1298 2479 una
1327 2440 1453 2479 cum
1482 2424 1564 2479 eis
1594 2438 1733 2493 quos
1833 2422 2021 2487 fuerit,
2048 2432 2105 2478 et
2131 2424 2279 2493 quod
2307 2439 2375 2477 ex
2403 2438 2513 2477 non
2545 2424 2948 2478 exsistentibus
2981 2422 3162 2478 factus
3201 2424 3297 2487 sit,
3329 2431 3426 2476 aut

182 2513 389 2568 diximus
423 2514 710 2584 episcopis
752 2528 809 2571 et
843 2530 1119 2577 servasse,
1153 2527 1210 2569 et
1238 2531 1413 2586 usque
1455 2515 1523 2570 ad
1567 2516 1731 2570 ﬁnem
1834 2531 1903 2572 ex
1943 2517 2051 2571 alia
2101 2517 2414 2572 substantia
2450 2516 2539 2572 vel
2579 2516 2966 2582 subsistentia,
2996 2518 3083 2572 vel
3131 2515 3425 2571 mutationi

182 2616 471 2669 servaturos
513 2621 660 2675 esse,
689 2609 946 2663 manibus
986 2608 1089 2677 ipsi
1129 2608 1333 2663 nostris
1370 2607 1730 2677 proﬁtemur;
1834 2618 1893 2665 et
1938 2609 2256 2664 alterationi
2301 2609 2607 2665 obnoxium
2649 2609 2849 2665 Filium
2884 2609 2980 2666 Dei
3024 2624 3165 2672 esse,
3199 2608 3430 2663 anathe-

183 2699 592 2756 coudeumantes
637 2702 859 2765 Atium,
897 2701 1237 2770 impiamque
1280 2700 1595 2755 doctrinam
1647 2714 1734 2754 se.
1837 2713 1983 2757 mate
2022 2705 2239 2774 jugulat
2266 2702 2542 2758 catholica
2571 2713 2629 2759 et
2658 2703 2962 2773 apostolica
2998 2703 3272 2758 Ecclesia.
3315 2701 3428 2772 Ego

183 2805 508 2867 ctatoresque
561 2795 811 2866 ejusdem
839 2837 854 2860 ,
913 2811 1133 2850 necnon
1193 2808 1414 2849 omnem
1472 2791 1697 2848 Sabellii
1717 2830 1735 2857 ,
1836 2815 1970 2854 vero
1992 2799 2337 2865 Eustathius,
2364 2798 2660 2869 episcopus
2685 2797 2950 2853 Sebastite
2975 2798 3150 2861 urbis,
3169 2806 3226 2852 et
3250 2797 3431 2853 Theo-

185 2888 725 2957 Patripassianorum,
772 2885 1106 2951 Marcionis,
1155 2884 1409 2949 Photini,
1459 2882 1734 2948 Marcelli,
1839 2891 2058 2956 philus,
2112 2900 2169 2945 ei
2230 2889 2535 2962 sylvanus,
2596 2888 3023 2958 Lampsacena,
3078 2886 3431 2960 Smyruensis

184 2980 440 3049 ipsiusque
486 2979 640 3034 Pauli
687 2977 1038 3033 Samosateni
1089 2976 1363 3043 haeresim,
1402 2975 1740 3030 doctrinam-
1839 2983 2184 3052 aliarumque
2234 2980 2570 3053 synodorum
2620 2979 2804 3050 legati,
2846 2980 2991 3035 hanc
3037 2978 3161 3034 ﬁdei
3215 2976 3432 3047 profeso

184 3091 273 3145 que
302 3092 513 3141 eorum,
558 3090 778 3131 necnon
822 3090 1017 3131 omnes
1049 3075 1132 3131 eis
1165 3075 1567 3141 assentientes;
1604 3082 1662 3127 et
1693 3073 1739 3130 si
1842 3074 2054 3129 sionem
2086 3073 2343 3127 manibus
2373 3074 2582 3128 nostris
2621 3073 3018 3143 voluntateque
3061 3082 3253 3128 nostra
3283 3073 3426 3128 scri-

184 3184 284 3236 quae
321 3175 584 3237 praeterea
629 3176 759 3222 sunt
804 3167 925 3221 aliae
969 3176 1132 3222 sectae
1178 3175 1381 3221 sancta:
1430 3165 1581 3227 ﬁdei.
1619 3167 1742 3235 qlia:
1843 3166 2077 3238 psimus.
2112 3164 2271 3233 Quod
2317 3166 2362 3220 si
2408 3166 2533 3235 quis
2578 3175 2781 3236 praeter
2824 3170 2969 3221 hanc
3014 3164 3200 3230 ﬁdem,
3231 3173 3427 3222 contra

186 3261 256 3329 pie
282 3269 438 3330 atque
466 3259 739 3337 catholice
772 3259 972 3315 Nicaeae
1007 3274 1036 3313 a
1068 3259 1274 3314 sanctis
1303 3258 1564 3312 Patribus
1594 3272 1744 3312 eom-
1843 3274 1945 3314 nos
1968 3267 2064 3313 aut
2089 3273 2188 3314 eos
2217 3274 2248 3313 a
2274 3257 2480 3328 quibus
2504 3257 2656 3313 missi
2688 3273 2905 3321 sumus,
2934 3258 3144 3329 aliquid
3171 3258 3428 3313 criminis

186 3357 338 3422 posita
369 3364 539 3424 atque
571 3353 915 3424 promtilgata
936 3362 1040 3419 est,
1070 3356 1315 3407 adversa:
1346 3362 1404 3407 et
1428 3351 1741 3416 contrariae,
1845 3352 2135 3408 intendere
2173 3351 2435 3418 voluerit,
2470 3350 2540 3406 ad
2580 3366 2948 3422 quoscunque
2990 3350 3267 3407 sanctitati
3318 3360 3428 3405 tuae

185 3444 508 3501 anathemate
559 3461 783 3516 quoque
819 3445 873 3499 in
911 3444 1107 3514 primis
1146 3444 1414 3500 ferientes
1445 3443 1741 3498 formulam
1845 3445 2026 3500 visum
2065 3444 2233 3499 fuerit
2284 3446 2603 3514 episcOpos,
2633 3459 2734 3500 nos
2780 3454 2950 3514 atque
2984 3444 3111 3500 illos
3146 3459 3271 3499 cum
3306 3459 3435 3497 san-

186 3538 391 3593 Ariuiini
437 3538 662 3602 lectam,
693 3536 931 3593 Ni‘caenae
969 3537 1182 3592 scilicet
1226 3536 1351 3590 ﬁdei
1390 3551 1617 3605 prorsus
1650 3549 1741 3589 re-
1769 3554 1812 3612 ο
1847 3536 2058 3592 ctitatis
2085 3546 2190 3592 tua:
2218 3535 2422 3593 litteris
2451 3537 2675 3592 remitte
2704 3556 2717 3592 :
2749 3545 2811 3591 ut
2836 3552 2964 3592 cum
2988 3535 3131 3607 apud
3156 3551 3251 3591 eos
3280 3535 3435 3605 ipsos

188 3639 520 3699 pugnantem.
574 3630 674 3686 Cui
729 3630 953 3700 quidem
1004 3628 1256 3683 formula:
1302 3627 1438 3682 Nica
1491 3626 1742 3681 Thraciae
1843 3627 2064 3700 iudices
2109 3642 2277 3683 causa
2324 3627 2563 3695 dicatur,
2603 3638 2718 3683 tum
2771 3628 2826 3683 in
2868 3643 2995 3683 eum
3039 3629 3134 3698 qui
3182 3626 3433 3684 criminis

186 3725 358 3790 allatae,
381 3725 635 3779 nonnulli
660 3724 789 3780 dolo
812 3724 958 3778 maio
984 3731 1040 3778 et
1066 3721 1317 3793 perjurio
1341 3720 1739 3785 circumventi,
1850 3720 2142 3774 convictus
2169 3717 2363 3785 fuerit,
2387 3719 2633 3791 legitime
2657 3719 3153 3777 animadvertatur.

1497 3891 1654 3961 ιρι
1693 3888 1924 3948 CAPUT
1970 3888 2107 3943 VIII.

740 4025 746 4029 “
801 4013 1133 4083 Ἐπιστολὴ
1168 4014 1441 4083 Διϐερίου
1490 4013 1616 4079 τοῖς
1645 4013 1716 4067 ἐν
1745 4010 1820 4081 τῇ
1855 4012 1979 4079 "Eoi
2010 4009 2370 4077 ἐπισκόποις
2407 4007 2769 4079 πεμφθεῖσα.

1124 4134 1370 4205 Epistola
1391 4134 1611 4197 Liberii,
1645 4132 1898 4202 episcopis
1934 4128 2280 4185 orientalibus
2312 4129 2498 4183 missa.

254 4264 359 4320 iloc
413 4264 601 4318 libello
652 4261 825 4317 veluti
876 4259 1115 4331 quodam
1170 4260 1399 4328 pignore
1445 4252 1551 4311 sibi
1603 4254 1749 4310 obli-
1851 4252 1964 4317 lite,
1993 4261 2049 4308 et
2083 4251 2282 4321 reliqui
2322 4248 2645 4307 Occidentis
2667 4246 2916 4318 episcopi
2959 4245 3192 4301 salutem
3240 4259 3437 4316 perpe-

195 4365 331 4424 gatos
397 4355 651 4410 Liberius
707 4356 775 4408 ad
831 4350 1281 4406 communionem
1358 4347 1623 4412 admisit,
1680 4359 1747 4401 ac
1854 4354 2005 4400 tuam
2036 4344 2092 4399 in
2125 4342 2381 4397 Domino.
2406 4338 2826 4409 Optatissimum
2853 4336 3020 4392 nobis
3044 4338 3197 4407 pacis
3220 4346 3277 4392 et
3301 4352 3438 4392 con-

191 4449 428 4519 deinceps
486 4464 611 4503 cum
675 4445 994 4517 hujusmodi
1054 4442 1260 4498 litteris
1325 4456 1423 4496 eos
1486 4439 1743 4496 dimisit:
1851 4437 2055 4495 cordia:
2089 4434 2351 4506 gaudium
2378 4434 2580 4489 littera:
2611 4445 2834 4499 vestrae,
2866 4431 2995 4487 ﬁdei
3026 4431 3239 4486 lumine
3267 4430 3441 4485 reful-

196 4559 211 4589 ι
252 4541 465 4596 Dilectis
511 4539 782 4594 fratribus
821 4547 876 4592 et
919 4536 1178 4606 collegis,
1225 4534 1466 4606 Hythio,
1512 4533 1745 4605 Cyrillo,
1850 4540 2080 4601 gentes,
2134 4527 2339 4583 fratres
2393 4525 2614 4591 dilecti,
2674 4525 3026 4589 attulerunt,
3082 4540 3222 4595 quas
3276 4523 3441 4578 nobis

192 4630 535 4701 Hyperct‘hit).
584 4631 814 4692 lleroui,
867 4629 1111 4698 Elpidio,
1159 4628 1434 4696 Maximo,
1481 4627 1743 4693 Eusebio,
1782 4664 1825 4719 ο
1855 4619 2311 4678 reverendissimi
2379 4619 2579 4675 fratres
2636 4629 2695 4675 et
2756 4619 3003 4690 episcopi
3080 4616 3439 4680 Eustathius,

192 4722 461 4795 Eucarpio,
512 4725 795 4790 Eortasio,
844 4724 1044 4789 Neoni,
1098 4723 1414 4785 Eumatliio,
1458 4720 1746 4785 Faustino,
1782 4711 1817 4719 ⁷
1856 4712 2129 4787 Sylvanus
2184 4724 2355 4784 atque
2422 4711 2771 4783 Theophilus
2819 4711 3211 4767 reddiderunt.
3260 4714 3439 4779 Atque

193 4816 393 4883 l'rocto,
434 4819 744 4881 Passinico,
791 4820 1080 4883 Arsenico,
1133 4818 1363 4883 Severo,
1408 4816 1747 4888 Didymioni,
1855 4824 1924 4865 eo
1950 4807 2190 4862 maxime
2221 4798 2474 4871 nomine;
2503 4806 2650 4872 (111οά
2682 4820 2905 4861 θεηδυιη
2933 4814 2988 4859 el
3020 4803 3438 4875 Ρετευδδῖοηεηι

194 4910 475 4977 Bruannic,
498 4912 804 4976 camerari,
827 4911 1111 4979 Damabio,
1148 4911 1398 4977 Aﬁdegio,
1421 4909 1748 4973 Eustochio,
1859 4900 1986 4956 fidei
2019 4910 2233 4962 vesme,
2267 4914 2395 4955 cum
2428 4898 2724 4959 tenuitatis
2759 4913 2894 4953 mea:
2920 4906 3085 4966 atque
3116 4895 3435 4950 ltulicorum

195 5003 483 5072 Ambrosio,
538 5004 790 5071 Gelonio,
818 5003 1073 5059 Pardalio
1094 5044 1109 5067 ,
1164 5003 1510 5068 Macedonio,
1558 5002 1747 5066 Paulo,
1856 4990 2411 5060 Occidentaliumque
2431 4988 2823 5060 episcoporum
2856 4987 3104 5040 omnium
3135 4983 3435 5047 sententia,

197 5093 450 5162 Marcello,
488 5096 770 5159 Heraclio,
810 5096 1151 5159 Alexandro,
1190 5095 1410 5161 Adolio,
1448 5095 1749 5159 Marciano,
1856 5083 2200 5140 concordare
2247 5083 2647 5137 conﬁrmarunt
2688 5088 2745 5135 et
2793 5086 3204 5134 asseveraruut.
3258 5076 3441 5143 Atque

197 5187 711 5257 StheneloJoanni,
744 5188 1270 5256 Macari,Charisio,
1307 5188 1568 5260 Sylvauo,
1601 5187 1751 5242 Plio-
1855 5194 1976 5235 eam
2038 5179 2211 5246 ipsam
2264 5177 2522 5232 novimus
2579 5175 2910 5230 catholicam
2967 5185 3024 5227 et
3068 5169 3435 5243 apostolicam

199 5277 320 5343 tino,
358 5282 555 5345 Autho,
588 5280 854 5346 Antonio,
885 5279 1069 5341 Celso,
1100 5277 1479 5347 Euphranori,
1514 5275 1747 5341 Milesio,
1854 5286 1978 5327 esse
2013 5272 2199 5338 ﬁdem,
2236 5286 2358 5340 quae
2403 5269 2469 5324 ad
2516 5269 2797 5325 Nicaanam
2833 5281 3010 5337 usque
3043 5264 3317 5338 synodum
3356 5264 3443 5317 in-

199 5368 446 5439 Patricio,
498 5373 832 5436 Severiano,
885 5372 1152 5433 Eusebio.
1212 5371 1527 5440 Eumolpio,
1584 5368 1752 5423 Atha-
1859 5375 2009 5435 tcgra
2044 5373 2210 5434 atque
2245 5366 2471 5417 immota
2507 5373 2725 5417 servata
2752 5368 2837 5414 est
2872 5378 2885 5413 :
2923 5374 3086 5430 quam
3128 5359 3296 5412 etiam
3339 5356 3442 5411 Pa-

199 5464 356 5528 nasio,
390 5467 723 5536 Diophantu,
755 5466 1065 5530 Miuodoro,
1101 5463 1295 5529 Diocli,
1329 5460 1747 5534 Clirysantpelo,
1857 5466 1968 5512 ttes
2014 5457 2208 5512 Nicaeae
2257 5472 2382 5510 cum
2423 5453 2633 5523 ingenti
2681 5451 2908 5514 lzntitia,
2946 5467 3052 5503 non
3096 5449 3272 5503 solum
3322 5464 3440 5501 ser-

202 5555 443 5626 Eugenio,
486 5560 798 5624 Enstathio,
838 5559 1142 5623 Callicrati,
1184 5558 1444 5622 Arscnio,
1474 5554 1745 5626 Eugenio,
1855 5566 2040 5614 mone,
2099 5563 2292 5602 verum
2343 5547 2511 5602 etiam
2571 5545 2849 5614 scriptura
2906 5543 3325 5607 intercedente,
3379 5551 3481 5595 ut.

204 5644 457 5718 iiartyrio,
504 5652 775 5712 liieratio.
826 5651 1078 5715 Leontio,
1130 5650 1432 5719 Philagrio,
1471 5648 1663 5715 Lucio,
1695 5657 1751 5701 et
1854 5644 2147 5714 vestigium
2183 5654 2240 5699 et
2271 5642 2574 5698 scintillam
2607 5650 2827 5696 omnem
2866 5639 3118 5695 absurda:
3157 5633 3437 5709 opinionis

202 5738 453 5798 universis
504 5743 785 5813 episcopis
842 5742 1222 5797 Orientalibus
1272 5740 1635 5804 ortliodoxis,
1694 5749 1751 5792 ct
1792 5797 1798 5803 ,
1855 5739 2298 5807 oxstiuguerent,
2325 5745 2455 5791 sunt
2484 5735 2742 5806 professi.
2774 5734 2904 5805 Ejus
2930 5730 3215 5802 exemplar
3244 5741 3435 5784 ncces-

206 5842 387 5909 rcctam
422 5838 582 5892 ﬁdem
619 5836 994 5899 sectantibus,
1029 5834 1290 5891 Liberius
1320 5835 1613 5909 cpiscopus
1647 5832 1753 5889 ita-
1856 5834 2004 5892 sario
2039 5832 2187 5889 hisce
2219 5832 2420 5890 litteris
2453 5830 2860 5898 subjiciendum
2899 5844 3018 5883 esse
3050 5824 3329 5886 duximus»
3362 5834 3431 5873 ηε
