3796 6542
417 307 525 371 603

1649 308 2072 370 NICEPHORI
2113 308 2463 370 CALleTI
3531 328 3608 392 (illi

421 433 607 491 postea
643 423 796 476 locus
827 435 883 477 et
926 424 1319 493 Opportunitas
1365 424 1646 479 ittereticis
1678 424 1743 478 ad
1788 436 2005 477 Sll‘tlell-
2032 428 2083 484 Α
2110 424 2347 479 ctionem
2402 437 2638 481 vestram
2692 429 3105 493 scriberemus.
3151 442 3204 487 et
3241 433 3373 503 justa
3417 452 3613 508 peremo,

418 517 517 569 das
545 514 669 570 ﬁdei
706 516 938 571 insidias
970 518 1320 586 relinquatur
1349 534 1363 572 :
1393 517 1594 586 quibus
1624 516 1701 570 illi
1728 516 2001 585 improbi-

421 608 548 662 tatis
578 624 689 662 sum
718 608 993 678 igniculos
1025 611 1334 665 excitantes
1356 650 1371 673 ,
1405 610 1697 664 discordia:
1742 609 1997 664 incendia

418 716 572 756 more
604 686 977 758 suo'dilatare
1010 704 1212 759 solent.
1254 703 1577 758 Eustathius
1614 718 1769 764 sane.
1806 702 1999 769 Sylva-

420 811 526 848 ntts
562 805 727 864 atque
760 796 1103 867 Theophilus
1127 835 1141 859 .
1184 798 1383 851 fratres
1427 797 1602 851 nostri
1649 795 2000 850 reverendis-

419 888 567 950 simi,
600 889 760 943 nobis
788 900 975 943 vestro
999 890 1224 945 nomine
1252 898 1606 970 receperynt,
1638 888 1995 943 dilectionem

418 993 659 1037 vestram
718 999 829 1037 non
881 984 1069 1038 minus
1116 997 1281 1053 atque
1333 982 1489 1050 ipsos
1518 983 1677 1037 ﬁdem
1726 982 1998 1059 ejusmodi

421 1091 641 1145 semper
663 1084 718 1130 et
747 1085 908 1129 antea
937 1090 1207 1137 servasse,
1233 1085 1290 1130 et
1316 1077 1381 1129 ad
1418 1076 1579 1129 ﬁnem
1608 1091 1784 1146 usque
1816 1090 2001 1129 serva-

424 1178 606 1221 turam
650 1184 790 1231 esse,
829 1169 882 1221 in
933 1167 1153 1223 Nicrena
1183 1169 1441 1223 videlicet
1487 1169 1624 1224 urbe
1658 1184 1687 1221 a
1741 1170 2005 1223 trecentis

422 1258 615 1315 decem
646 1269 703 1315 et
745 1269 871 1315 octo
918 1259 1197 1331 episcopis
1242 1261 1566 1315 orthodoxis
1608 1270 1661 1316 et
1698 1273 1846 1329 recte
1879 1277 2006 1315 sen-

424 1352 692 1407 tientibus
740 1354 1178 1421 comprobatam.
1225 1354 1357 1421 Qua!
1391 1355 1538 1423 quod
1580 1365 1786 1409 certam
1824 1356 2005 1424 perfe-

422 1457 680 1515 ctamque
708 1446 1099 1515 complectitur
1133 1448 1449 1515 verita-lem,
1479 1464 1577 1502 ora
1611 1450 1999 1502 haereticorum

425 1539 674 1593 omnium
717 1540 904 1594 omnia
935 1539 1178 1595 obstruit
1220 1552 1389 1611 atque
1432 1541 1654 1596 evertit.
1700 1541 1822 1595 Non
1875 1556 2006 1595 casu

422 1633 571 1687 enim
622 1633 880 1696 fortuito,
934 1633 1045 1690 sed
1075 1634 1266 1689 divino
1313 1650 1545 1705 prorsus
1586 1645 1760 1697 nutu,
1812 1645 2006 1689 contra

424 1726 541 1781 Arii
598 1728 871 1784 insaniam
929 1738 1115 1784 tantus
1163 1729 1553 1799 episcoporum
1607 1744 1878 1783 numerus
1922 1737 2009 1783 est

2107 517 2525 585 adjuvaremus,
2551 521 2855 589 praesertim
2888 537 3012 575 cum
3040 538 3105 576 ex
3140 523 3420 593 legatorum
3447 542 3613 589 vestro-

2109 624 2232 663 rum
2279 613 2721 679 asseveratione,
2760 612 3072 669 Orientales
3123 630 3224 670 vos
3260 619 3547 688 resipuisse,
3576 639 3615 682 et

2110 717 2236 756 cum
2269 702 2723 760 Occidentalibus
2753 716 2906 761 recte
2947 707 3314 763 sentientibus
3360 718 3616 773 consentire

2111 796 2568 854 intellexerimus.
2624 799 2930 855 Scribimus
2975 814 3107 869 ergo
3156 802 3340 865 vobis,
3372 814 3425 857 ut
3464 811 3619 866 noritis

2112 906 2237 945 cum
2270 892 2647 948 Ariminenses
2678 893 3053 963 blasphemias
3075 934 3091 956 .
3127 910 3247 962 quze
3279 904 3384 949 tum
3416 913 3498 967 per
3523 918 3620 956 sur-

2116 985 2424 1052 reptionem
2459 995 2590 1039 sunt
2616 985 2682 1040 ab
2713 988 3034 1042 auctoribus
3060 1003 3247 1042 rarum
3278 1004 3453 1057 magno
3478 992 3622 1049 Eccle-

2115 1078 2213 1132 siae
2264 1078 2599 1135 detrimento
2643 1080 3115 1142 subintroductae,
3161 1080 3313 1149 1.22
3344 1083 3621 1140 anathemati

2113 1172 2413 1241 subjectas,
2443 1182 2555 1226 tum
2582 1171 2966 1228 Occidentales
2995 1174 3289 1227 universos
3320 1174 3370 1227 in
3402 1175 3623 1232 Nicaeum

2117 1265 2242 1319 ﬁdei
2294 1266 2693 1333 professionem
2748 1267 3127 1335 conspirasse.
3177 1263 3514 1332 Quamobrem
3556 1286 3627 1339 per

2114 1374 2214 1412 vos
2249 1360 2300 1413 id
2331 1358 2595 1412 omnibus
2628 1357 2863 1412 indicari
2897 1369 3141 1428 oportet,
3169 1368 3228 1413 ut
3254 1359 3345 1428 qui
3371 1360 3417 1411 vi
3441 1363 3627 1429 quadam

2113 1450 2327 1504 seducti
2363 1458 2529 1519 atque
2563 1449 2676 1515 1ωεὶ
2710 1460 2877 1511 sunt.
2915 1450 3137 1504 tandem
3174 1466 3206 1505 a
3239 1450 3467 1507 tenebris
3494 1452 3628 1508 biero-

2119 1539 2241 1596 tieis
2269 1541 2335 1594 ad
2363 1539 2611 1594 divinum
2640 1540 2933 1596 catholica:
2964 1541 3242 1595 libertatis
3272 1541 3444 1596 lumen
3473 1549 3630 1600 reverti

2118 1630 2351 1701 possint.
2392 1632 2450 1687 Si
2495 1632 2588 1701 qui
2634 1648 2768 1687 vero
2811 1632 3075 1701 deinceps
3120 1648 3391 1686 venenum
3437 1636 3632 1704 perﬁdia:

2120 1737 2415 1792 respuere,
2490 1735 2547 1779 et
2602 1724 2719 1778 Arii
2788 1723 3162 1793 blasphemias
3217 1739 3406 1779 omnes
3457 1727 3635 1783 abolere

426 1827 677 1880 coactus.
711 1831 922 1890 quanto
957 1821 1172 1875 scilicet
1212 1836 1446 1876 numero
1477 1822 1674 1876 beatus
1706 1822 1798 1876 ille
1830 1822 2005 1876 Abra-
2041 1805 2082 1860 Β
2112 1816 2563 1885 anathematique
2607 1817 2885 1887 subjicere
2930 1816 3217 1870 noluerint
3240 1855 3256 1880 .
3287 1818 3422 1878 Arii.
3450 1821 3633 1889 ejusque

430 1911 555 1966 ham
606 1921 686 1968 tot
728 1912 970 1967 hostium
1014 1913 1183 1967 millia
1226 1912 1332 1967 ﬁde
1385 1913 1700 1968 debellavit.
1753 1914 1827 1968 Ea
1875 1913 2010 1968 ﬁdes

428 2021 553 2059 cum
587 2006 639 2060 in
680 2004 1039 2061 subsistentia
1071 2016 1127 2061 et
1157 2006 1383 2061 nomine
1414 2005 1511 2059 τοῦ
1540 2008 1852 2076 ὁμοουσιου,
1878 2022 2009 2060 cou-

428 2100 831 2166 substantialis,
865 2100 1152 2164 consistat,
1180 2099 1411 2169 perinde
1435 2108 1600 2170 atque
1635 2100 2009 2154 munitissima

428 2190 682 2258 quaedam
735 2198 791 2244 et
841 2189 1290 2260 inexpugnabilis
1335 2207 1469 2254 arx,
1517 2189 1915 2258 impressiones
1957 2202 2011 2244 et

428 2282 717 2338 machinas
749 2284 1018 2353 malignas
1047 2285 1265 2339 Arianae
1298 2285 1545 2354 perﬁdia:
1577 2300 1792 2345 omnes,
1825 2284 1896 2337 ita
1930 2284 2008 2338 uti

428 2375 623 2441 decet,
668 2377 999 2432 contemnit.
1044 2377 1112 2432 Et
1154 2379 1409 2447 quamvis
1443 2378 1690 2447 episcopi
1741 2377 2012 2433 Occiden-

433 2467 572 2520 tales
614 2483 785 2539 prope
827 2485 1021 2523 omnes
1059 2470 1295 2525 Arimini
1343 2471 1883 2543 convenerint,_cum
1931 2471 2007 2524 ibi

430 2562 728 2616 concilium
761 2560 1096 2617 Arianorum
1137 2563 1408 2632 coegisset
1442 2562 1699 2618 vecordia
1723 2605 1736 2626 ,
1775 2574 1833 2618 ut
1871 2565 2008 2618 insi-

432 2652 589 2706 diosa
622 2652 859 2723 quadam
880 2654 1166 2719 suasione,
1201 2668 1296 2708 seu
1335 2654 1480 2724 quod
1517 2656 1704 2709 verius
1740 2668 1841 2715 est.
1886 2672 2010 2724 pro-

430 2745 555 2800 fana
592 2748 922 2802 auctoritate
952 2756 1009 2802 et
1041 2748 1318 2817 potentia,
1368 2748 1418 2801 id
1453 2748 1599 2818 quod
1637 2747 1693 2803 in
1733 2748 1856 2801 ﬁdei
1897 2750 2011 2803 for-

429 2840 575 2894 mula
615 2841 952 2896 tutissitnutn
991 2843 1478 2911 certissimumquc
1528 2843 1764 2911 positum
1807 2842 2008 2904 fuerat,

426 2934 737 2994 abolerent.
774 2944 871 2989 aut
918 2934 1142 3004 oblique
1186 2944 1492 3004 negarent,
1538 2934 1678 2988 nihil
1728 2946 1908 2989 tamen
1946 2952 2013 2990 ea

430 3027 639 3095 profuit
667 3028 962 3083 calliditas.
991 3028 1125 3082 Nam
1159 3044 1352 3082 omnes
1380 3028 1492 3082 fere
1518 3030 1608 3097 qui
1636 3037 1747 3083 tum
1776 3028 2006 3103 Arimini

2114 1917 2484 1973 sectatorum.
2516 1919 2573 1964 et
2606 1923 2933 1964 cancrorum
2974 1910 3319 1978 serpentium
3352 1908 3638 1967 Sabelliano—

2114 2018 2233 2056 rom
2256 2042 2271 2068 ,
2304 2002 2845 2073 Patripassianorum
2872 2042 2886 2067 ,
2928 2012 3096 2072 atque
3128 2001 3362 2055 aliarum
3398 2003 3637 2060 haeresium

2114 2112 2173 2149 se
2201 2095 2521 2164 complices,
2559 2095 2627 2149 ab
2656 2095 3033 2150 ecclesiastica
3065 2094 3448 2150 communione
3472 2105 3520 2149 et
3542 2115 3639 2152 cou-

2109 2189 2396 2265 junetioue
2439 2190 2695 2244 exclusos
2730 2198 2785 2243 et
2828 2190 3042 2243 alienos
3074 2203 3200 2243 esse
3226 2228 3244 2251 ,
3280 2203 3398 2257 qua:
3429 2189 3637 2245 adulterii

2116 2282 2259 2333 filios
2310 2297 2421 2335 non
2463 2282 2740 2344 admittit,
2781 2281 2981 2336 sciant.
3035 2282 3186 2336 Deus
3238 2297 3337 2333 vos
3387 2281 3641 2337 incolumes

2114 2381 2318 2435 servet,
2344 2374 2541 2428 fratres
2569 2374 2777 2428 dilecti.
2815 2392 2831 2424 ι
2871 2372 3032 2428 Hisce
3059 2374 3260 2428 litteris
3288 2373 3576 2428 Eustathius
3601 2386 3640 2429 rt

2114 2466 2336 2536 collegm
2368 2466 2488 2536 ejus
2529 2466 2807 2533 acceptis,
2860 2468 2914 2520 in
2950 2464 3196 2521 Siciliam
3243 2466 3568 2535 trajecerunt.
3595 2465 3643 2520 Et

2114 2570 2404 2630 postquam
2470 2558 2543 2612 ibi
2603 2557 2918 2612 Siculorum
2976 2557 3367 2626 episcoporum
3427 2555 3641 2626 synodus,

2113 2668 2304 2706 eorum
2340 2650 2600 2705 instinctu
2631 2649 2930 2713 celebrata,
2955 2658 3119 2718 atque
3141 2647 3248 2716 ipsi
3274 2646 3367 2699 τοῦ
3388 2648 3643 2714 oportunos,

2114 2745 2624 2808 consubstantialis,
2660 2743 2817 2796 ﬁdem
2849 2742 3080 2812 professi
3116 2749 3274 2802 sunt,
3314 2740 3642 2808 Nicmnamque

2114 2838 2421 2892 formulam
2455 2838 2790 2892 auctoritate
2844 2852 2943 2890 sua
2992 2836 3418 2899 confirmarunt,
3454 2833 3646 2906 acceptis

2116 2930 2190 2984 ibi
2221 2945 2445 3000 quoque
2487 2929 2735 2998 ejusdem
2781 2929 3075 2982 sententia:
3104 2927 3339 2983 litteris.
3382 2925 3445 2978 ad
3476 2939 3556 2978 eos
3577 2925 3644 2993 qui

2116 3039 2175 3078 se
2209 3026 2541 3094 legaverant,
2578 3034 2711 3078 sunt
2747 3022 2980 3076 reversi.
3014 3022 3196 3089 Atque
3235 3020 3313 3074 illi
3350 3018 3568 3072 redditas
3590 3018 3646 3071 ibi

429 3117 660 3172 inescati
710 3128 876 3187 atque
915 3118 1109 3174 fraude
1144 3119 1357 3187 decepti
1397 3120 1650 3180 fuerant,
1688 3136 1835 3174 nunc
1869 3125 2079 3208 nsi-‘0
2112 3124 2324 3178 litteras
2370 3119 2575 3174 Liberii
2604 3161 2617 3181 ,
2668 3118 2735 3171 ad
2785 3117 2950 3170 urbes
3004 3130 3255 3185 quasque
3306 3128 3400 3183 per
3446 3123 3646 3167 oratores

428 3212 731 3280 piscentes,
765 3226 890 3265 cum
929 3212 1266 3265 anathemati
1299 3227 1491 3265 eorum
1524 3213 1617 3282 qui
1652 3213 1727 3266 ibi
1762 3228 2004 3267 conven—

431 3313 545 3356 tum
576 3318 757 3371 egere,
798 3302 925 3357 fidei
962 3303 1251 3359 formulam
1286 3306 1666 3376 subjecerunt,
1728 3317 1841 3361 tum
1880 3309 2008 3361 uni-

429 3394 631 3448 versali
656 3404 711 3449 et
739 3396 1053 3465 aposwlicze
1088 3398 1235 3459 fidei,
1274 3413 1397 3466 quae
1422 3397 1618 3452 Nicmae
1647 3398 1868 3453 decreta
1897 3410 2008 3463 est,

430 3484 908 3555 subscripserunt.
956 3487 1022 3540 Et
1054 3490 1340 3541 nobiscum
1382 3491 1894 3555 communicantes,
1924 3507 2005 3544 ar-

430 3577 779 3632 deotioribus
810 3579 976 3633 etiam
1008 3581 1210 3634 animis
1242 3591 1435 3635 contra
1463 3581 1581 3636 Arii
1611 3582 1924 3637 doctrinam
1956 3593 2013 3639 et

430 3677 738 3747 discipulos
767 3679 889 3747 ejus
924 3677 1201 3732 feruntur.
1237 3678 1409 3743 Quam
1440 3693 1556 3733 rem
1597 3679 1669 3732 ita
1706 3678 2014 3747 deprehen-

432 3784 548 3821 sam
588 3782 732 3833 esse,
775 3770 866 3821 ubi
909 3778 1162 3823 oratores
1196 3772 1361 3821 etiam
1399 3771 1568 3824 vestri
1603 3777 2010 3837 cognoverunt.

430 3862 486 3917 in
532 3860 941 3930 subscriptione
975 3877 1073 3916 sua
1122 3877 1220 3916 vos
1265 3878 1484 3932 quoque
1530 3863 1902 3927 addiderunt,
1956 3872 2012 3917 et

358 3980 369 3995 ε
433 3954 649 4018 Arium,
681 3965 737 4009 et
771 3970 893 4023 quae
923 3969 953 4007 a
988 3956 1359 4009 sectatoribus
1387 3957 1507 4025 ejus
1540 3956 1776 4009 Arimini
1815 3968 2006 4009 contra

432 4048 707 4101 Meuaniam
741 4046 903 4100 fidem
930 4058 1052 4101 acta
1082 4057 1232 4112 sunt,
1276 4048 1630 4101 anathemate
1669 4047 2005 4117 jttgulatttes.

430 4143 641 4207 Quibus
684 4157 813 4195 sane
847 4141 1022 4207 actis,
1070 4157 1169 4197 vos
1210 4142 1783 4213 etiam‘jurisjurandi
1823 4156 2010 4195 sacra-

430 4246 618 4289 mento
686 4234 1043 4289 fraudulento
1098 4235 1509 4299 circumventi,
1573 4234 2010 4302 sobscripsistis.

429 4327 781 4398 Quapropter
804 4329 1108 4384 convenire
1138 4328 1302 4383 nobis
1332 4327 1511 4397 visum
1536 4335 1646 4393 est,
1683 4336 1745 4380 ut
1774 4325 1843 4380 ad
1877 4324 2037 4381 dite--

2110 3215 2177 3268 ad
2229 3211 2727 3269 consubstantialis
2787 3208 2912 3263 ﬁdei
2972 3216 3420 3278 propugnatores
3472 3207 3646 3269 misere,

2110 3309 2473 3362 cohortantes
2512 3321 2633 3369 eos,
2679 3314 2737 3357 ut
2778 3301 3265 3358 consentientibus
3301 3300 3492 3354 animis
3528 3299 3648 3353 Tarsi

2110 3401 2317 3458 Cilicia:
2368 3400 2761 3463 convenirent,
2814 3397 2880 3450 ad
2918 3394 3081 3449 ﬁdem
3118 3393 3400 3449 Nicamam
3442 3407 3650 3461 compro-

2113 3493 2351 3547 bandam
2375 3530 2389 3555 ,
2424 3501 2482 3545 et
2525 3506 2648 3559 qua:
2684 3497 2871 3557 postea
2912 3492 3120 3542 exortae
3163 3493 3320 3550 sunt,
3358 3498 3517 3551 nugas
3546 3482 3650 3535 abo-
3710 3530 3717 3541 λ

2113 3586 2330 3642 lendas.
2363 3585 2424 3638 Et
2453 3584 2655 3637 factum
2684 3581 2736 3635 id
2769 3581 2909 3635 forte
2937 3586 3105 3638 eSset,
3142 3575 3249 3629 nisi
3277 3573 3372 3645 qui
3403 3576 3649 3644 plurimum

2115 3677 2260 3746 apud
2306 3677 2698 3745 imperatorem
2739 3670 2982 3732 valebat.
3025 3668 3363 3733 obstitisset,
3415 3665 3653 3719 Eudoxio:

2116 3769 2397 3832 videliCet.
2432 3769 2656 3835 Ariame
2687 3764 2971 3834 religionis
3002 3760 3328 3831 praefectus,
3367 3760 3457 3829 qui
3486 3758 3653 3830 synodo

2109 3878 2174 3916 ea
2227 3863 2427 3916 indicta
2483 3865 2653 3929 magis
2698 3860 2865 3912 etiam
2919 3864 3274 3919 commotus,
3323 3854 3519 3922 majora
3564 3852 3645 3903 illis

2112 3955 2301 4008 intulit
2358 3954 2711 4008 detrimenta.
2765 3950 2920 4018 Quod
2980 3964 3112 4002 vero
3166 3942 3535 3999 Macedoniani
3581 3955 3652 4009 per

2117 4056 2367 4101 oratores
2388 4061 2515 4100 suos
2536 4061 2658 4098 cttm
2686 4042 2906 4098 Liberio
2932 4038 3428 4099 commuuiCarint,
3454 4043 3506 4088 et
3527 4033 3651 4086 ﬁdem

2122 4138 2391 4192 Nicmnam
2425 4138 2806 4205 approbnrinl,
2838 4134 3080 4188 Sabinus
3113 4134 3229 4198 ipse
3257 4131 3313 4184 in
3344 4126 3651 4214 synodalium

2122 4228 2382 4285 Actorum
2411 4230 2766 4285 collectaueis
2793 4236 2882 4282 est
2907 4224 3216 4280 confesSus.

1822 4528 1828 4534 .
1881 4472 2112 4532 CAPUT
2155 4474 2244 4529 IX.

1357 4595 1495 4660 Περὶ
1527 4589 1645 4642 τῶν
1670 4591 1738 4641 ἐν
1778 4592 2026 4657 ἵύάνοις
2057 4595 2155 4644 καὶ
2206 4593 2395 4658 Καρίᾳ
2424 4588 2730 4644 συνόδων.

1459 4720 1534 4773 De
1567 4718 1779 4787 synodi:
1820 4690 2093 4786 Tyanw'et
2123 4718 2178 4770 in
2204 4715 2365 4770 Caria
2398 4716 2622 4769 coactis.

500 4847 701 4900 Eodem
751 4854 1002 4912 tempore
1052 4830 1349 4895 concilium
1401 4837 1601 4908 Tyana:
1646 4838 1716 4892 ab
1769 4835 2005 4890 Eusebio
2042 4839 2082 4891 D
2115 4833 2314 4902 gaudio
2335 4834 2678 4892 exsiliemes.
2713 4831 2780 4885 ad
2815 4834 3103 4884 universas
3125 4829 3477 4898 scripserunt
3507 4822 3658 4877 Eccle-

426 4940 693 4991 Ca-sareaa
733 4932 1124 5005 Cappadociae.
1160 4930 1463 5006 Athanasio
1496 4935 1744 5001 Ancyrte.
1784 4925 2006 4996 Pelagio

427 5030 738 5092 Laodiceae,
771 5027 993 5081 Zenone
1021 5025 1199 5084 Tarsi,
1232 5024 1400 5077 Paulo
1440 5023 1668 5083 Emesaa,
1704 5020 1896 5074 Olreio
1928 5022 2003 5090 ll)

428 5122 719 5187 Melitinae,
766 5117 1032 5188 Gregorio
1063 5116 1321 5172 Nazianzi
1343 5156 1358 5181 ,
1390 5116 1624 5184 aliisque
1668 5111 1857 5165 multis
1889 5111 2010 5180 epi-

429 5215 634 5283 scopis,
668 5212 762 5283 qui
783 5211 878 5264 τοῦ
900 5209 1211 5280 ὁμοουσίου,
1240 5205 1748 5264 consubstantialis.
1777 5204 2007 5257 verbum

428 5305 764 5362 servandum
805 5319 930 5361 esse
965 5303 1306 5368 Antiochiae,
1342 5302 1635 5356 .loviniano
1672 5300 2004 5368 imperante,

425 5400 814 5465 decreverant,
837 5397 1194 5452 celebratum.
1224 5396 1399 5451 Lecta:
1427 5394 1503 5449 ibi
1530 5392 1739 5447 Liberii
1768 5401 1825 5445 et
1852 5391 2011 5445 Occi-

431 5490 737 5547 dentalium
768 5492 1156 5563 episcoporum
1186 5489 1414 5550 litteras,
1451 5501 1589 5557 quas
1623 5501 1808 5540 secum
1843 5484 2008 5554 legati

431 5585 737 5658 Lampsaco
791 5588 1019 5641 Romam
1066 5584 1218 5639 missi
1262 5583 1585 5637 attulerant.
1637 5580 2007 5649 Quamobrem

2110 4928 2254 4989 sias,
2305 4937 2364 4981 ιιι
2394 4928 2615 4981 decreta
2648 4927 3019 4980 Asiaticorum
3070 4923 3463 4991 episcoporqu
3503 4926 3551 4971 et
3589 4913 3658 4967 Li-

2112 5022 2276 5086 berii,
2307 5022 2593 5081 ltalormn,
2624 5020 2908 5079 Afrorum.
2943 5018 3231 5072 Gallorum
3272 5010 3657 5069 occidentalim

2111 5115 2690 5187 legerent‘epistolas:
2719 5123 2776 5168 et
2808 5121 3023 5166 tantum
3058 5112 3197 5181 ipsis
3229 5102 3658 5163 consentientium

2112 5224 2403 5264 numerum
2424 5246 2440 5269 ,
2471 5206 2564 5277 qui
2599 5207 2760 5275 longe
2801 5207 3152 5260 Ariminense
3197 5201 3498 5257 concilium
3529 5209 3661 5262 supc-

2116 5301 2296 5363 rabat.
2327 5300 2779 5363 considerarent,
2805 5308 2862 5353 et
2888 5299 2954 5353 ad
2983 5296 3325 5353 sententiam
3359 5289 3661 5349 communio-

2116 5410 2351 5464 nemque
2375 5384 2570 5448 eortim
2597 5393 2925 5449 accederent
2952 5407 2967 5446 :
3001 5406 3222 5447 necnon
3255 5395 3319 5442 ut
3348 5388 3430 5442 eis
3451 5380 3655 5451 ejusdem

2117 5502 2174 5542 se
2219 5502 2341 5541 esse
2384 5468 2679 5543 sententiae
2728 5486 2938 5542 litteris
2988 5485 3090 5555 ipsi
3140 5483 3261 5538 suis
3308 5477 3659 5535 rescriberem.

2120 5581 2473 5649 Scripserunt
2530 5588 2835 5650 prwtcrea,
2891 5588 2945 5632 ut
3000 5577 3068 5631 ad
3124 5576 3275 5630 diem
3338 5569 3658 5627 constitutum

509 5729 587 5792 il)
618 5729 821 5783 Montio
856 5730 1023 5797 hujus
1065 5726 1226 5780 etiam
1286 5727 1343 5780 ﬁt
1378 5724 1431 5780 in
1465 5724 1700 5794 quadam
1765 5720 2062 5776 Theodosii
2103 5720 2525 5784 constitutione,
2569 5721 2623 5774 in
2669 5717 2732 5775 C.
2765 5715 3153 5773 Tlteodosiano
3190 5712 3298 5768 lib.
3351 5710 3451 5764 ult.
3477 5706 3511 5761 l.
3562 5696 3663 5768 Et!“

434 5803 622 5869 smnia,
652 5799 727 5855 Dc
764 5800 869 5854 ﬁde
907 5799 1108 5854 cathol.
