3796 6568
70 386 150 449 605

943 374 1548 436 ECCLESIASTIC/E
1586 375 1981 439 HISTORIA!
2020 382 2166 447 LIB.
2211 383 2318 443 XI.

3139 387 3244 449 606

71 504 199 549 terno
222 486 378 543 adhuc
408 494 643 553 tempore
668 482 901 538 Tarsum
927 483 1136 540 Ciliciae
1160 476 1554 540 convenirent.
1587 494 1633 549 It
1663 488 1829 543 veluti
1884 506 2005 559 qua-
2056 491 2282 547 Luciani
2333 495 2586 565 martyris
2633 512 2756 552 esse
2816 498 3156 564 crederetur,
3184 508 3239 552 et

70 583 270 642 Sedenim
313 578 431 635 dum
499 576 578 631 sic
627 577 697 631 de
742 575 996 632 Tarsensi
1052 578 1261 650 synodo
1312 576 1558 647 cogenda

70 678 226 748 agitur,
272 672 470 741 triginta
522 678 579 725 et
621 678 861 738 quatuor
908 670 1023 725 fere
1071 672 1257 725 Asiani
1310 667 1558 739 episcopi

1664 592 1694 632 a
1724 581 2026 650 majoribus
2054 597 2245 637 eorum
2280 584 2528 653 pericqu
2557 592 2614 640 et
2643 587 2849 643 sudore
2876 588 3049 642 multo
3082 604 3238 643 rout-

1664 672 1893 739 probata
1947 685 2131 741 esset,
2189 678 2612 735 confirmarunt.
2671 680 2977 749 Imperator
3031 691 3240 746 autem,

69 762 313 823 Antiochia:
338 761 389 815 in
411 758 567 815 Caria
605 760 1024 823 convenientes,
1058 761 1302 815 studium
1333 759 1559 829 quidem
1661 761 1915 818 Eudoxio
1948 766 2267 835 annitente,
2315 770 2588 841 synodum
2632 772 2688 827 in
2734 772 2928 828 Cilicia
2972 774 3241 828 celebrari

69 854 380 915 ecclesiasticae
393 849 688 906 concordirc
706 867 764 905 sa
774 850 1009 905 rciendae
1024 852 1323 906 laudarunt
1337 871 1350 905 :
1371 854 1567 918 ὁμοθυ-

1665 850 1979 909 institutam
2018 857 2329 925 prohibuit,
2365 860 2567 915 edictis
2601 878 2664 918 ea
2695 864 2764 919 de
2800 879 2966 919 causa
2996 873 3051 919 et
3082 879 3238 918 com-

71 953 172 1012 σξου,
196 941 667 1004 consubstantialis,
692 956 824 996 vero
850 957 1048 997 nomen
1074 943 1424 1012 repudiautes
1450 940 1567 995 for-
1667 941 2077 1002 minationibus
2108 949 2334 1018 publice
2366 952 2691 1024 propositis.

70 1042 223 1099 mulam
266 1034 379 1092 fidei
426 1033 729 1089 Antiochiae
773 1042 831 1088 et
873 1033 1141 1091 Seleucia:
1176 1033 1564 1105 compositam,

1425 1201 1656 1260 CAPUT
1696 1203 1767 1260 X.

117 1323 227 1393 Περὶ
272 1321 369 1378 τοῦ
425 1323 752 1388 τηνικαῦτα
812 1325 1143 1395 γενομένου
1176 1324 1469 1394 διωγμοῦ·
1534 1325 1634 1381 καὶ

1672 1328 1944 1406 πξρζιτρῦ
1974 1330 2152 1400 ἁγίου
2193 1333 2580 1401 Ἀθανασίου,
2643 1336 2724 1403 ὠς
2749 1338 2937 1403 αὐτὸς
2968 1337 3159 1406 μόνος

1188 1398 1299 1450 οὐκ
1329 1394 1603 1465 ἐξηλάθη
1636 1394 1757 1452 τοῦ
1783 1394 2025 1468 θρόνους

71 1515 129 1571 οι
160 1531 210 1573 ea
255 1528 361 1586 qua:
400 1521 507 1567 tum
550 1524 801 1583 grassata
854 1522 932 1569 ιιι
982 1514 1386 1586 persecutione:
1425 1522 1475 1568 et
1516 1515 1581 1596 de
1609 1529 1828 1640 ‘sancto
1871 1518 2189 1587 Athanasio,
2240 1531 2298 1577 ut
2364 1523 2408 1577 is
2461 1521 2605 1577 solus
2656 1523 2779 1578 sedc
2851 1540 2951 1577 sua
3012 1540 3116 1577 non
3162 1523 3230 1577 sit

1497 1600 1605 1640 em
1633 1603 1713 1640 us.

1497 1600 1713 1653 electus.

121 1705 658 1776 lﬁProvinciarum
683 1721 907 1778 quoque
929 1707 1265 1778 praesidibus
1280 1707 1567 1779 sigillatim

70 1799 304 1859 nuntiavit.
346 1808 403 1852 ut
434 1813 499 1853 ex
531 1799 790 1854 ecclesiis
820 1815 925 1855 eos
951 1800 1314 1856 deturbarent
1348 1800 1566 1870 episco-
1600 1781 1644 1841 Β

69 1909 164 1962 pos.
190 1891 268 1961 qui
310 1890 406 1945 sub
431 1889 758 1947 Constantio
789 1892 1141 1947 exauctorati
1163 1930 1182 1957 ,
1233 1891 1565 1963 dignitatem

68 1982 295 2053 pristinam
329 1983 426 2037 sub
464 1982 691 2039 Iuliano
725 1985 1093 2055 recepissent.
1144 1986 1250 2040 Per
1283 1983 1565 2055 ejusmodi

65 2075 305 2143 iussionem
344 2073 583 2145 Egyptii
613 2076 1180 2148 etiarn-magistratus
1202 2076 1569 2133 Athanasium

68 2166 260 2221 ecclesiis
277 2166 428 2221 simul
456 2177 511 2222 et
539 2171 683 2222 urbe
704 2168 1077 2224 Alexandrina
1105 2168 1312 2239 ejicere
1339 2176 1574 2224 conten-

68 2260 233 2312 derunt.
278 2257 390 2313 Non
437 2257 581 2314 levis
634 2259 783 2314 enim
830 2274 992 2330 paena
1035 2259 1305 2331 imperiali
1363 2260 1573 2315 inserta

69 2358 153 2403 erat
176 2349 329 2404 edicto
349 2389 364 2413 ,
395 2349 559 2420 quod,
584 2351 865 2421 praefectis
896 2352 1159 2407 omnibus
1182 2391 1198 2416 ,
1244 2360 1304 2407 et
1335 2351 1431 2422 qui
1465 2349 1574 2406 sub
1614 2408 1625 2419 η

69 2457 209 2496 eorum
233 2442 387 2513 signis
415 2449 472 2497 et
501 2450 785 2512 potestate
810 2451 999 2498 essent
1027 2442 1296 2499 militibus
1326 2452 1383 2497 et
1410 2457 1575 2498 sena-

71 2534 257 2600 toribus,
297 2550 415 2590 cum
467 2535 716 2606 ingentis
762 2535 1019 2605 pecunias
1067 2535 1274 2597 multa.
1322 2535 1578 2605 corporis

69 2642 235 2696 quoque
270 2629 611 2682 coercionem
659 2626 1047 2683 denuntiabat.
1098 2628 1169 2682 At
1220 2627 1576 2685 Christianus

70 2719 251 2787 populus
290 2720 629 2775 conveniens
671 2719 995 2790 praefectum
1037 2719 1294 2791 rogavit,
1340 2729 1403 2776 ut
1453 2722 1579 2790 epi-

69 2827 239 2879 scopum
268 2826 421 2868 causa
465 2826 583 2866 non
624 2813 767 2867 satis
796 2811 1102 2868 deliberata
1150 2828 1261 2868 non
1296 2814 1577 2883 exigeret,

70 2905 137 2957 sed
162 2905 447 2959 accuratius
469 2906 797 2960 litterarum
834 2904 1209 2974 imperialium
1245 2904 1579 2961 sententiam

70 2994 395 3064 perpendere,
437 3011 567 3067 quas
615 3011 713 3052 eos
762 3005 975 3051 tantum
1034 2996 1440 3065 proscriberet,
1483 2994 1581 3066 qui

69 3090 143 3142 sub
155 3088 891 3156 Constantioexsularejussi,
918 3088 1262 3145 subJuliano
1288 3089 1358 3145 ab
1381 3088 1578 3145 exsilio
1601 3116 1648 3176 α

70 3181 229 3237 reversi
254 3191 443 3237 essent.
479 3183 858 3237 Athanasium
902 3198 1075 3253 porro
1116 3182 1222 3237 sub
1251 3182 1580 3238 Constantio

70 3273 415 3337 quidemexsilii
440 3273 821 3329 musasolum
846 3254 1080 3329 vertisse
1105 3273 1387 3338 dicebant,
1410 3283 1578 3344 atque

70 3363 120 3416 ab
143 3364 305 3419 eodem
350 3364 645 3421 reductum
694 3375 866 3436 atque
904 3366 959 3419 in
994 3366 1597 3435 episcopatum-suum:

69 3455 321 3510 restitutum
345 3472 501 3512 esse:
540 3454 832 3512 lulianum
863 3467 1048 3512 autem
1067 3497 1082 3522 ,
1126 3473 1255 3512 cum
1283 3475 1478 3517 omnes
1506 3458 1578 3515 ab

51 3533 212 3603 'exsilio
245 3559 513 3604 revocaret
540 3588 559 3616 ,
599 3564 774 3604 unum
808 3550 959 3604 hunc
991 3561 1348 3620 persecutum
1381 3551 1575 3619 fuisse,

67 3654 186 3706 quem
213 3641 410 3696 tandem
440 3642 776 3697 Joviniauus
802 3642 1132 3698 restituerit.
1166 3642 1296 3699 Haec
1324 3658 1450 3699 cum
1487 3643 1577 3700 di-

69 3741 240 3795 cerent,
288 3750 458 3804 neque
507 3734 771 3804 praefecto
827 3736 1266 3805 persuaderent,
1321 3740 1578 3795 restitere

67 3836 224 3892 tamen,
248 3837 298 3883 et
327 3829 432 3882 vim
471 3828 598 3883 fieri
636 3844 748 3884 non
782 3830 1110 3899 permisero.
1144 3827 1417 3884 Cteterum
1449 3846 1577 3886 eum

68 3920 219 3989 vulgus
238 3920 464 3991 undique
498 3924 844 3988 conflueret,
892 3932 951 3977 et
982 3921 1141 3978 turba
1175 3921 1370 3991 ingens
1412 3934 1577 3991 atque

67 4009 298 4074 tumultus,
327 4012 461 4066 adeo
485 4023 569 4066 ut.
598 4011 801 4066 seditio
845 4021 1290 4080 exspectaretur,
1340 4013 1418 4067 in.
1441 4014 1583 4069 urbe

65 4111 211 4156 esset:
238 4103 529 4172 praefectus
558 4121 671 4159 rem
712 4120 833 4160 eam
867 4105 1192 4176 imperatori
1227 4104 1576 4174 significavit,

62 4194 358 4251 Athanasium
385 4198 458 4253 ibi
495 4184 733 4252 manere
757 4197 1106 4268 permittens.
1139 4198 1202 4250 Et
1231 4198 1428 4252 diebus
1455 4198 1581 4267 plu—

65 4288 182 4342 ribus
201 4290 415 4352 exactis.
436 4291 648 4345 seditio
670 4306 735 4345 ea
764 4292 944 4362 sopita
973 4294 1087 4361 jam
1108 4307 1231 4345 esse
1262 4290 1574 4355 videbatur,

61 4394 153 4432 cum
200 4384 515 4439 Athanasius
569 4385 784 4454 vesperi
843 4385 993 4439 urbe
1035 4384 1375 4453 egreditur.
1407 4391 1466 4438 et
1517 4385 1581 4437 in.

63 4474 219 4536 prndio
259 4477 491 4544 quodam
526 4478 730 4533 latitat.
779 4476 999 4549 Aipypti
1038 4485 1224 4531 autem
1259 4476 1575 4546 prmfectus,
1606 4454 1649 4507 D

60 4572 100 4615 et
121 4566 366 4633 copiarum
398 4568 722 4623 militarium
753 4584 887 4637 quae:
912 4567 987 4622 ibi
1018 4567 1339 4620 erant-dux.
1374 4566 1576 4619 intem-

62 4663 177 4717 Prsia
197 4668 346 4713 nocte
372 4660 427 4714 in
446 4660 774 4719 ecclesiam,
803 4661 895 4714 ubi
924 4660 1015 4714 ille
1040 4658 1383 4715 domicilium
1408 4669 1579 4713 suum

62 4744 267 4811 habebat,
303 4752 496 4817 venit,
546 4762 603 4806 et
645 4752 701 4806 in
749 4750 1085 4807 habitaculis
1115 4750 1282 4805 etiam
1323 4748 1578 4817 superio-

62 4839 493 4913 riltus.diligenter
539 4860 667 4923 eum
724 4844 923 4914 quierit
962 4860 977 4894 :
1010 4843 1104 4898 sed
1159 4842 1422 4911 opinione
1476 4854 1576 4894 sua

60 4927 329 4998 frustratus,
382 4953 442 4990 re
493 4935 695 4992 infecta
744 4935 883 4993 abit.
932 4935 1360 4991 Existimaverat
1405 4931 1575 4994 enim,

61 5019 173 5082 quod
216 5023 358 5090 plebs
404 5024 628 5079 tandem
684 5024 891 5093 prioris
939 5035 1156 5085 motus,
1190 5038 1299 5092 quo
1346 5022 1575 5075 excitata

61 5108 220 5178 fuerat,
255 5116 421 5171 oblita
454 5128 623 5180 esset,
652 5127 710 5172 et
742 5132 995 5172 somnum
1035 5130 1233 5169 omnes
1259 5122 1574 5183 carperent,

61 5200 183 5259 facile
222 5222 276 5261 se
306 5210 654 5276 imperatoris
708 5211 978 5279 imperata
1030 5216 1467 5268 exsecuturum,
1521 5213 1579 5257 rt

64 5294 212 5351 urbem
238 5300 349 5356 sine
370 5302 642 5358 seditione
666 5312 912 5373 pacatam
935 5309 1388 5357 conservaturum
1429 5311 1573 5351 esse.

61 5383 269 5445 Setleuim
323 5393 634 5462 praefectus.
678 5405 735 5449 et
773 5393 870 5462 qui
914 5408 1041 5448 cum
1085 5408 1153 5448 eo
1192 5399 1372 5450 erant.
1427 5386 1574 5470 quod

61 5477 366 5537 Athanasium
403 5501 508 5538 non
545 5486 910 5548 invenissent,
945 5484 1102 5538 valde
1136 5490 1267 5538 sunt
1294 5478 1574 5557 admirati.

62 5564 156 5621 Sive
190 5575 325 5629 enim
366 5576 536 5632 divini
586 5576 841 5633 Numinis
882 5575 1088 5632 indicio
1115 5615 1130 5637 .
1161 5590 1258 5630 seu
1291 5571 1574 5628 hominum

118 5702 177 5769 tl)
204 5706 468 5766 Mensibus
499 5722 749 5781 quatuor.
794 5711 1058 5780 (ειη-τίη.)

1675 1711 1986 1782 aliquorum
2039 1715 2462 1772 denuntiatione
2518 1716 2853 1777 secesserit.
2911 1712 3106 1769 eodem
3161 1729 3252 1769 res

1675 1804 1892 1859 recidit.
1930 1805 2087 1872 Quod
2119 1807 2268 1862 enim
2298 1817 2423 1863 tam
2473 1806 2793 1864 necessario
2826 1816 3072 1875 tempore
3108 1806 3213 1860 insi
3235 1836 3249 1846 ‹

1671 1894 1795 1950 diae
1816 1894 1920 1952 sibi
1948 1907 2185 1953 structas
2218 1899 2534 1965 praeviderit
2557 1909 2614 1954 et
2639 1898 2852 1961 vitarit,
2875 1897 3093 1952 consilii
3121 1912 3246 1951 esse

1672 1986 1852 2042 visum
1888 1996 1991 2051 est,
2022 1990 2170 2059 quod
2195 1999 2417 2060 captum
2453 1990 2757 2045 humanum
2793 1988 3109 2044 excederet.
3144 1987 3250 2040 Alii

1674 2092 1809 2131 vero
1859 2076 2078 2144 dicunt,
2118 2095 2284 2144 eum.
2334 2081 2482 2151 quod
2532 2082 2677 2151 vulgi
2730 2080 2987 2136 insanum
3039 2089 3251 2134 motum

1673 2171 2064 2238 pmsenserit,
2095 2180 2151 2226 et
2180 2171 2346 2227 simul
2382 2173 2594 2227 veritus
2621 2172 2727 2236 sit,
2759 2171 2805 2227 si
2832 2171 2964 2240 quid
3000 2169 3127 2244 inde
3157 2170 3254 2223 tle-

1660 2261 1917 2321 ,trimenti
1947 2263 2311 2338 provenisset,
2343 2279 2414 2319 ne
2436 2263 2553 2330 ipse
2585 2271 2787 2319 auctor
2815 2263 2942 2317 mali
2975 2262 3098 2331 ejtts
3131 2276 3253 2315 esse

1674 2353 1994 2420 videretur,
2044 2363 2164 2410 toto
2203 2373 2272 2410 eo
2300 2364 2546 2426 tempore
2576 2356 2653 2426 (l)
2705 2356 2759 2411 in
2794 2365 3023 2426 paterno
3056 2369 3255 2409 monu-

1677 2454 1862 2499 mento
1888 2444 2196 2501 delituisse.
2231 2443 2412 2514 Atque
2441 2445 2791 2517 ille'quidem
2822 2446 2905 2501 sic
2929 2442 3173 2514 profugit
3200 2449 3258 2495 et

1677 2539 1860 2595 latuit.
1888 2538 2009 2593 Non
2032 2538 2197 2608 longe
2229 2549 2417 2595 autem
2443 2547 2564 2608 post
2589 2537 2895 2608 imperator
2921 2536 3119 2590 litteris
3142 2534 3258 2587 suis

1678 2645 1805 2685 eum
1838 2631 2152 2696 revocavit,
2187 2640 2245 2687 et
2272 2631 2570 2688 ecclesiam
2604 2630 2857 2687 obtinere
2883 2628 3068 2698 jussit.
3106 2625 3270 2682 Scri-.

1681 2731 1831 2791 ptum
1864 2722 1969 2777 hoc
2014 2732 2212 2790 praeter
2239 2722 2413 2777 animi
2442 2722 2774 2777 sententiam
2821 2719 3105 2775 Valentem
3138 2717 3260 2771 edi-

1680 2813 1830 2869 disse
1873 2812 2091 2882 opinor,
2132 2811 2218 2868 vel
2258 2812 2408 2881 quod
2454 2811 2744 2868 Athanasii
2774 2811 3018 2891 gloriam
3067 2824 3256 2865 secum

1683 2905 1797 2975 ipse
1828 2914 2134 2975 reputaret,
2171 2921 2239 2961 ac
2274 2905 2773 2976 reprehensionem
2812 2906 2934 2975 ejus
2964 2905 3044 2959 rei
3079 2920 3110 2959 a
3145 2903 3255 2959 Va-

1684 2997 2021 3059 lentiniano.
2070 2999 2168 3068 qui
2209 2999 2496 3054 Nicaenum
2542 2998 2827 3054 decretum
2874 2997 3257 3067 profitebatur,

1681 3097 2030 3160 exspectaret
2058 3106 2073 3145 :
2121 3090 2208 3146 vel
2239 3093 2391 3161 quod
2434 3100 2642 3147 motum
2674 3105 2869 3145 eorum
2901 3088 2994 3159 qui
3030 3088 3253 3158 plurimi

1681 3183 1836 3239 illum
1866 3183 2188 3250 laudabant,
2229 3200 2299 3240 ne
2347 3200 2443 3254 per
2473 3200 2742 3239 novarum
2788 3198 2973 3238 rerum
3008 3181 3254 3237 studium

1680 3276 1989 3347 respublica
2033 3275 2239 3346 aliquid
2260 3276 2578 3333 detrimenti
2620 3285 2866 3346 caperet,
2912 3284 3229 3344 suspectum

1680 3370 1929 3425 haberet.
1977 3368 2193 3440 Opinor.
2234 3385 2461 3440 quoque
2503 3369 2723 3425 Arianae
2776 3368 3005 3424 haeresis
3052 3368 3256 3420 antesic

1679 3475 1916 3532 gnanos,
1948 3460 2024 3514 ita
2057 3469 2116 3514 ut
2146 3475 2245 3530 par
2272 3468 2416 3523 erat,
2446 3476 2556 3515 non
2584 3459 3016 3529 admodumjam
3048 3456 3102 3511 in
3133 3457 3253 3526 ejus

1679 3553 1781 3607 viri
1831 3552 2298 3623 proscriptionem
2355 3552 2658 3622 urgendam
2702 3550 3073 3606 incubuisse:
3113 3547 3247 3602 illud

1680 3645 2105 3714 perpendentes,
2147 3645 2193 3721 si
2240 3648 2378 3702 urbe
2422 3647 2741 3716 ejiceretur,
2782 3643 2897 3698 fore
2937 3654 2995 3696 ut
3029 3657 3251 3696 rursum

1681 3738 2115 3807 imperatoribus
2147 3738 2411 3792 molestus
2447 3737 2640 3802 fieret,
2682 3738 3141 3809 occasionemque
3186 3750 3257 3789 ex

1679 3843 1743 3882 ea
1787 3843 1844 3882 re
1894 3828 2020 3883 illos
2061 3828 2429 3898 compellendi
2465 3829 2714 3888 haberet.
2763 3828 3157 3897 Valcntemque
3200 3828 3257 3881 itt

1680 3922 2013 3975 sententiam
2045 3936 2198 3975 suam
2230 3919 2556 3986 adduceret,
2594 3920 3042 3976 Valentinianum
3071 3932 3255 3974 autem

1680 4013 1787 4068 sibi
1836 4014 2276 4069 consentientem
2324 4012 2392 4067 ad
2445 4014 2582 4067 iram
2633 4013 2800 4068 etiam
2854 4022 3253 4066 commoveret.

1680 4105 1987 4159 Plurimum
2024 4120 2264 4174 namque
2293 4120 2423 4159 eum
2456 4112 2802 4170 metueruut,
2834 4104 3101 4158 virtutem
3136 4104 3257 4171 ejus

1682 4196 1735 4248 in
1770 4194 1937 4248 rebus
1962 4209 2085 4263 quae
2118 4196 2221 4249 sub
2261 4192 2590 4250 Constantio
2629 4194 2984 4256 acciderant,
3017 4196 3254 4261 experti.

1682 4284 1835 4337 Adeo
1863 4284 2011 4338 enim
2043 4294 2155 4347 tum
2184 4300 2407 4355 quoque
2441 4282 2794 4339 inimicorum
2825 4284 3057 4338 consilia
3085 4292 3142 4337 et
3173 4283 3257 4335 in-

1682 4376 2227 4445 sidiaspropulcrat,
2257 4384 2317 4430 ut
2340 4377 2389 4431 ei
2425 4376 2503 4431 illi
2534 4391 2641 4431 non
2671 4384 2893 4441 gravate
2924 4375 3172 4429 ecclesiis
3200 4374 3255 4427 itt

1675 4466 1912 4539 ngypto
1960 4469 2242 4531 cederent,
2275 4475 2331 4523 et
2371 4468 2536 4523 eade
2579 4482 2746 4523 causa
2790 4468 2931 4537 ipse,
2976 4467 3067 4521 vix
3114 4466 3260 4520 Cott-

1680 4561 1870 4616 stantii
1915 4561 2120 4617 litteris
2151 4560 2537 4631 acquiescens,
2562 4576 2631 4616 ex
2661 4561 2818 4616 Italia
2850 4561 3075 4617 rediret.
3111 4560 3255 4617 Cauv

1679 4670 1795 4709 sam
1838 4653 2100 4721 quidem.
2146 4654 2507 4724 quamobrem
2541 4654 2876 4709 Athanasius
2919 4670 3028 4708 non
3066 4652 3256 4712 ilident

1682 4753 1740 4797 ut
1766 4744 1859 4797 alii
1895 4759 1963 4798 ex
2003 4743 2240 4799 ecclesia
2286 4745 2481 4814 pulsus
2512 4745 2623 4808 sit,
2671 4745 2817 4799 hanc
2846 4761 2967 4800 esse
3001 4744 3255 4814 conjicio.

1680 4835 1786 4889 Alii
1836 4848 1969 4889 vero
2012 4835 2257 4905 episc0pi
2293 4844 2506 4891 tantutn
2544 4851 2656 4891 non
2689 4837 3100 4906 persecutione,
3136 4851 3260 4904 qum

1683 4926 1791 4979 illis
1820 4941 1917 4996 par
1949 4937 2116 4987 esset,
2149 4942 2274 4995 qua:
2302 4927 2373 4981 ab
2399 4927 2711 4981 idololatris
2738 4928 2987 4981 excitata.-
3015 4927 3256 4988 fuerant,

1682 5029 1811 5074 sunt
1842 5019 2096 5087 expetiti.
2129 5018 2335 5075 Exsilia
2367 5020 2516 5074 enim
2543 5028 2600 5074 et
2632 5020 3048 5089 deportationes
3081 5019 3132 5071 in
3161 5033 3257 5071 eos

1680 5112 1771 5181 qui
1809 5128 1915 5165 non
1962 5113 2153 5168 eadem
2197 5128 2324 5166 cum
2370 5113 2598 5168 Valente
2632 5114 2935 5170 sentirent.
2981 5111 3253 5164 decernec

1682 5204 1908 5269 bantur,
1959 5215 2015 5258 ct
2067 5220 2240 5260 sacrae
2281 5204 2430 5260 aedes
2471 5204 2539 5260 iis
2568 5204 2793 5275 quidem
2844 5202 3254 5266 adimebantnr,

1680 5295 1802 5349 aliis
1843 5306 2022 5350 autem
2070 5296 2576 5351 committebantur.
2620 5293 2889 5365 [Egyptus
2935 5307 3075 5346 vero
3119 5291 3253 5345 dum

1682 5387 1987 5441 Athanasio
2018 5389 2124 5441 vita
2159 5388 2510 5458 suppetebat,
2549 5386 2819 5442 malorum
2853 5383 3125 5456 ejusmodi
3158 5382 3259 5438 im-v

1684 5476 1867 5531 munis
1895 5486 1950 5531 ct
1980 5492 2181 5546 expers
2212 5477 2336 5531 fuit.
