3912 6554
509 330 614 391 file

1730 343 2149 404 NICEPHOIU
2188 346 2540 409 CALLISTI

3659 318 3762 424 eos

1959 457 2185 515 CAPUT
2242 459 2333 515 XI.

538 569 619 633 Ως
674 567 1044 639 διῃρέθησαν
1104 575 1159 626 οι
1206 573 1490 641 Ἀρειανοὶ
1518 578 1645 655 grai
1687 577 2090 655 ζῑὺγρμιανριο
2125 580 2225 655 κᾳὶ
2265 582 2400 650 περὶ
2464 586 2764 654 Εὐνομιου
2829 585 2931 641 καὶ
2970 586 3224 644 Ἀετίου·
3279 587 3378 644 καὶ
3427 588 3546 644 ὅσα
3617 595 3760 649 κατὰ

1470 647 1581 714 τῆς
1613 647 1940 715 ὀρθοδόξου
1981 647 2379 720 ἐνεωτέρισαὶο
2404 647 2699 723 πίστεώς.

515 754 576 807 Ut
618 754 808 809 Ariani
834 761 882 808 et
910 752 1235 810 Eunominni
1264 773 1357 827 per
1387 758 1666 846 dissimula.
1688 762 1792 814 sint
1819 761 2091 829 sejuncti:
2137 772 2187 815 el
2217 765 2282 817 de
2317 769 2581 846 Eunomia
2607 778 2657 824 et
2693 771 2865 846 Aetio,
2909 782 2959 829 et
2988 790 3107 846 qua:
3170 777 3211 832 ii
3268 786 3457 833 contra
3529 782 3763 836 orthodo-

1430 844 1559 882 xam
1591 830 1747 898 ﬁdem
1775 847 2030 885 novarum
2060 848 2237 890 rerum
2262 837 2438 891 studio
2467 840 2573 894 sint
2603 845 2803 898 conati.

586 941 746 1012 125
786 942 897 997 Sub
943 942 1085 997 idem
1121 954 1339 1013 tempus
1381 944 1688 1000 Eunomius
1730 946 1801 1001 ab
1835 947 2085 1002 Eudoxio

2199 950 2309 1009 Arii
2346 959 2619 1012 sententia
2656 963 3047 1028 permansisse.
3086 964 3383 1035 Postquam
3421 982 3556 1021 vero
3583 966 3757 1039 Cyzici

509 1040 759 1101 secessit,
793 1048 848 1091 et
876 1038 1108 1093 seorsim
1147 1054 1278 1091 suos
1314 1040 1418 1092 sibi
1450 1050 1760 1095 conventus
1789 1045 1924 1113 egit,
1958 1059 2090 1113 pro-

510 1144 696 1197 pterea
748 1133 895 1201 quod
948 1149 1074 1186 cum
1124 1133 1361 1203 saepius,
1431 1144 1491 1187 ut
1541 1144 1851 1205 przeceptor
1911 1126 2089 1207 ipsius

509 1224 703 1277 Aetius
744 1226 798 1277 in
844 1225 1075 1294 gratiam
1117 1236 1176 1281 et
1220 1229 1673 1284 communionem
1720 1232 2085 1302 reciperetur,

508 1315 819 1370 Eudoxiqu
870 1328 1141 1385 regasset,
1192 1318 1244 1375 id
1304 1320 1607 1391 impetrare
1653 1337 1764 1378 non
1819 1325 2087 1394 potuerit.

507 1409 623 1464 Non
672 1411 798 1467 ideo
845 1422 1026 1467 autem
1073 1413 1294 1469 Aetium
1325 1425 1609 1472 aversatus
1656 1427 1744 1473 est
1784 1418 2088 1486 Eudoxius,

506 1504 651 1569 quod
687 1505 937 1561 haeresim
979 1507 1097 1577 ejus
1122 1523 1345 1563 exosam
1388 1508 1642 1573 haberet,
1673 1524 1839 1579 quam
1879 1511 2090 1566 scilicet

507 1597 743 1651 maxime
782 1597 1207 1668 depraedicabat,
1244 1601 1342 1656 sed
1382 1602 1532 1672 quod
1571 1617 1772 1658 omnes
1803 1603 1898 1673 qui
1961 1619 2087 1659 cum

507 1687 757 1742 Eudoxio
786 1693 1212 1748 consentiebant
1258 1695 1329 1750 ab
1382 1696 1542 1751 Aetio
1574 1705 1767 1766 utpote
1814 1697 2090 1753 diversam

505 1781 575 1831 ab
613 1795 680 1833 eo
724 1783 1028 1838 doctrinam
1063 1794 1287 1841 tenente
1330 1788 1715 1843 abhorrerent.
1749 1789 1927 1859 Atque
1973 1789 2091 1845 inec

509 1872 623 1940 ipsa
650 1889 813 1930 causa
849 1878 974 1942 fuit,
1001 1895 1101 1934 cur
1135 1880 1282 1935 inter
1314 1880 1629 1935 Eudoxium
1665 1890 1722 1937 et
1751 1881 2088 1935 Eunomium

510 1964 782 2023 discessio
825 1970 1001 2025 fieret.
1049 1972 1225 2027 Porro
1278 1972 1474 2029 Aetius
1521 1975 1828 2030 vehemens
1861 1985 1918 2030 et
1962 1990 2093 2031 acer

506 2060 726 2116 Ariame
761 2063 987 2119 haeresis
1018 2078 1264 2121 assertor
1293 2076 1349 2122 et
1384 2077 1765 2138 propugnator
1796 2068 1936 2131 fuit,
1968 2077 2089 2123 arte

508 2154 810 2222 sophistica
847 2157 985 2212 bene
1025 2161 1357 2215 instructus.
1392 2161 1654 2216 Eamdem
1692 2172 1877 2217 autem
1912 2163 2088 2218 hazre-

508 2249 611 2300 sim
644 2249 817 2318 magis
851 2251 1016 2303 etiam
1058 2250 1368 2322 discipulus
1399 2253 1519 2325 ejus
1557 2254 1871 2311 Eunomius
1900 2255 2091 2311 defen-

2192 1042 2487 1114 episc0pus
2527 1046 2703 1104 factus
2752 1060 2934 1116 esset,
2978 1068 3010 1108 a
3059 1055 3209 1110 clero
3253 1072 3380 1110 eum
3430 1072 3573 1119 suo,
3626 1063 3759 1129 quod

2192 1150 2336 1189 nova
2391 1136 2707 1195 institueret
2762 1143 3058 1214 dogmata,
3104 1157 3420 1202 accusatum
3473 1163 3620 1203 esse.
3665 1151 3797 1204 En.-

2193 1230 2419 1286 doxium
2474 1250 2682 1304 porro,
2733 1239 2826 1309 qui
2869 1248 2984 1295 tum
3030 1240 3513 1311 Constantinopoli
3560 1241 3763 1296 Ariana:

2182 1323 2391 1380 'hairesi
2429 1329 2672 1398 praefuit,
2708 1331 2863 1387 illum
2894 1333 3275 1398 accersivisse,
3304 1346 3472 1404 atque
3507 1342 3569 1386 ut
3596 1334 3757 1387 verba

2193 1417 2259 1471 ad
2291 1419 2554 1489 populum
2584 1422 2653 1476 de
2677 1422 2927 1479 doctrina
2952 1440 3052 1479 sua
3085 1425 3315 1490 faceret,
3347 1417 3396 1480 ei
3426 1424 3758 1494 permisisse.

2192 1508 2416 1565 Etcum
2466 1512 2604 1572 nihil
2644 1513 2803 1569 ineo
2847 1514 3202 1579 damnasset,
3248 1530 3378 1570 eum
3413 1524 3477 1568 ut
3513 1513 3761 1586 Cyzicum

2194 1601 2402 1657 rediret
2431 1603 2778 1661 cohortatum
2803 1622 2926 1663 esse
2950 1624 2967 1662 :
3001 1608 3157 1663 illum
3189 1622 3324 1663 vero
3351 1606 3587 1672 dixisse,
3613 1622 3671 1662 se
3698 1606 3763 1660 de

2193 1706 2399 1750 cetero
2433 1711 2559 1751 cum
2590 1704 2673 1753 eis
2704 1699 2800 1768 qui
2835 1714 2896 1754 se
2926 1708 3248 1768 suspectum
3286 1700 3558 1754 haberent
3579 1740 3595 1763 ,
3627 1699 3764 1753 futu-

2194 1804 2315 1843 rum
2342 1805 2451 1844 non
2477 1802 2620 1855 esse,
2651 1798 3089 1860 praetextumque
3124 1805 3253 1844 eum
3279 1788 3641 1844 discessionis
3664 1803 3765 1843 sua:

2193 1880 2556 1937 obtendisse:
2612 1896 2738 1937 cum
2794 1896 2988 1937 revera
3037 1898 3205 1937 causa
3254 1882 3343 1936 illa
3395 1890 3582 1945 esset,
3630 1882 3762 1950 quod

2194 1984 2587 2045 praeceptorem
2647 1989 2812 2030 suum
2875 1975 3095 2030 Aetium
3136 1983 3422 2045 receptum
3487 1990 3601 2029 non
3654 1989 3765 2030 esse

2193 2083 2337 2137 aegre
2375 2067 2583 2124 ferret:
2626 2067 3020 2138 hominemque
3065 2067 3122 2122 in
3156 2058 3340 2137 empto
3374 2082 3477 2121 suo
3523 2081 3764 2138 perseve-

2193 2175 2385 2224 rasse,
2419 2170 2479 2215 et
2512 2159 2652 2215 nihil
2694 2160 2763 2214 de
2793 2158 2985 2229 priore
3018 2160 3284 2229 opinione
3324 2173 3422 2214 sua
3468 2167 3761 2214 mutantem

2195 2251 2472 2321 privatum
2521 2250 2747 2305 vixisse.
2788 2249 2857 2305 Et
2908 2250 3029 2305 haec
3078 2249 3303 2319 quidem
3355 2249 3452 2304 alii
3504 2250 3577 2304 ad
3632 2250 3763 2303 hunc

509 2337 612 2404 dit,
663 2340 768 2406 vir,
814 2342 959 2409 quod
997 2318 1233 2398 Rufinus
1277 2345 1387 2410 ait,
1428 2318 1491 2400 et
1533 2360 1767 2417 corpore
1814 2358 1871 2403 et
1903 2349 2087 2404 anima

2199 2318 2456 2406 modum,
2501 2340 2594 2395 alii
2643 2356 2771 2396 vero
2812 2339 2978 2395 aliter
3025 2318 3272 2396 tradunt.
3326 2340 3590 2397 Sedenim
3658 2341 3763 2398 sive

507 2431 800 2501 leprosos,
833 2443 998 2503 atque
1041 2437 1184 2489 intra
1220 2448 1278 2492 et
1311 2449 1465 2493 extra
1511 2441 1707 2494 morbo
1753 2442 1906 2512 regio
1952 2442 2089 2495 infe-

508 2536 633 2580 ctus
681 2527 796 2598 (l),
848 2528 963 2598 ipse
1005 2544 1228 2599 quoque
1269 2544 1389 2585 arte
1432 2530 1718 2587 dialectica
1757 2546 2087 2604 praepotens.

507 2615 765 2671 lltcresim
797 2618 917 2688 ejus
967 2618 1191 2689 quidam
1238 2621 1309 2675 ab
1338 2622 1460 2693 ejus
1509 2624 1735 2679 nomine
1784 2627 2087 2695 appellant.

507 2704 613 2758 Alii
644 2706 750 2757 τῶν
789 2696 1084 2776 delapsam,
1137 2710 1240 2765 hoc
1287 2723 1394 2773 est,
1430 2713 1815 2779 dissimilium,
1865 2727 2086 2773 vocant.

508 2798 653 2851 Sunt
683 2812 935 2854 tunrtores
974 2800 1235 2870 quidam,
1276 2803 1368 2870 qui
1397 2803 1733 2860 Eunomium
1768 2807 1936 2861 istum
1972 2809 2089 2877 pri-

509 2908 658 2944 mum
700 2908 895 2947 ausum
944 2894 1114 2951 fuisse
1149 2896 1347 2951 dicunt
1381 2898 1706 2964 instituere,
1762 2909 1821 2953 ut
1866 2899 2087 2954 divinus

508 2985 814 3054 baptismus
875 2989 1152 3045 mersione
1209 3007 1316 3045 una
1377 3002 1786 3061 perageretur:
1853 3003 1911 3047 et
1963 3009 2087 3048 eam

505 3094 628 3146 qua:
656 3081 725 3134 ab
752 3082 1017 3148 apostolis
1048 3100 1144 3152 per
1176 3099 1371 3161 manus
1406 3096 1633 3154 accepta
1671 3085 1838 3141 hodie
1868 3101 2091 3156 quoque

510 3171 716 3242 ubique
748 3184 1025 3238 servatur,
1061 3177 1421 3234 traditionem
1454 3180 1794 3246 adulterare,
1830 3192 1886 3236 et
1920 3185 2088 3237 ritum

506 3265 678 3318 alium
708 3266 759 3320 in
798 3267 1033 3324 ecclesia
1061 3270 1358 3342 Cyzicena,
1399 3274 1750 3330 accuratiore
1780 3276 2092 3333 sanctiore-
2138 3334 2145 3339 ,

506 3371 613 3426 que
645 3360 912 3427 gravitate
945 3363 1243 3418 novitatem
1285 3379 1440 3419 suam
1485 3365 1839 3437 obtegentem
1864 3407 1880 3431 ,
1931 3369 2091 3425 inve-

509 3449 679 3505 nisse.
721 3452 845 3508 Fuit
887 3468 1104 3521 autem,
1138 3457 1300 3512 sicuti
1351 3459 1560 3514 dictum
1594 3470 1712 3525 est,
1745 3470 1801 3517 et
1834 3462 2094 3518 Sozome-

513 3558 614 3598 nus
671 3553 939 3610 testatur,
997 3549 1157 3620 cujus
1213 3550 1387 3605 verba
1447 3553 1733 3609 ascribere
1783 3555 1961 3619 libet,
2023 3557 2091 3611 ad

2193 2432 2504 2488 Eunomius
2548 2448 2648 2488 seu
2683 2433 2778 2488 alii
2827 2432 3055 2503 quidam
3111 2432 3470 2489 traditionem
3513 2434 3762 2503 baptismi

2196 2527 2575 2591 innovarunt,
2607 2526 2708 2582 soli
2745 2525 2826 2581 illi
2862 2526 3176 2596 periculosa
3213 2525 3317 2582 ista
3354 2527 3571 2581 ratione
3605 2526 3763 2581 divini

2192 2622 2449 2693 baptismi
2481 2633 2740 2691 expertes
2768 2620 2905 2675 mihi
2935 2635 2967 2675 e
3003 2618 3116 2674 vita
3150 2620 3463 2675 excessisse
3493 2620 3760 2674 videntur.

2194 2713 2252 2770 Si
2280 2713 2427 2767 enim
2478 2713 2579 2784 ipsi
2630 2713 2701 2767 ab
2751 2712 2911 2766 initio
2962 2724 3185 2781 recepta
3230 2712 3639 2768 consuetudine
3679 2712 3763 2767 ba-

2194 2806 2408 2874 ptizati,
2432 2806 2669 2874 primum
2693 2805 2909 2875 seipsos
2949 2804 3294 2873 rebaptizare
3317 2818 3426 2859 non
3450 2813 3760 2874 potuerunt,

2194 2909 2290 2953 aut
2316 2898 2462 2968 quod
2488 2898 2541 2952 in
2568 2898 2702 2968 ipsis
2726 2913 2839 2952 non
2861 2897 3084 2962 accidit,
3110 2896 3273 2966 primi
3307 2898 3759 2952 introduxerunt:

2194 2991 2456 3061 quodque
2503 3007 2684 3061 neque
2720 2991 2827 3061 ipsi
2876 3006 2978 3061 per
3023 3004 3082 3045 se
3128 2991 3414 3056 habuere,
3449 3006 3633 3061 neque
3679 3005 3767 3059 per.

2194 3084 2334 3139 alios
2361 3098 2649 3153 accepere,
2678 3083 2729 3137 id
2757 3085 2810 3137 iu
2840 3083 2982 3138 alios
3015 3083 3381 3138 contulerunt
3409 3102 3423 3136 :
3457 3098 3585 3138 cum
3613 3098 3775 3153 super

2196 3178 2356 3233 initio
2384 3188 2441 3233 et
2475 3177 2832 3232 fundamento
2866 3176 3015 3247 quod
3048 3176 3358 3232 subsistere
3398 3187 3643 3246 nequeat
3665 3178 3757 3245 (ὃ).

2195 3282 2406 3338 suaque
2456 3266 2700 3336 ipsorum
2752 3265 3072 3336 arrogantia
3097 3302 3112 3329 ,
3144 3266 3344 3336 dogma
3379 3265 3486 3321 hoc
3532 3265 3764 3320 institue-

2196 3369 2365 3414 runt:
2401 3369 2517 3414 tum
2555 3374 2678 3429 qua:
2710 3358 2814 3429 ipsi
2847 3373 2959 3412 non
2991 3366 3353 3428 acceperunt,
3384 3357 3509 3414 aliis
3542 3361 3764 3413 tradide-

2196 3461 2350 3517 runt,
2401 3449 2549 3521 quod
2598 3464 2729 3503 sane
2778 3447 3010 3503 stultqu
3062 3461 3127 3502 ac
3170 3447 3436 3503 stolidum
3478 3456 3586 3504 est.
3638 3447 3759 3503 Illud

2196 3544 2344 3598 enim
2380 3557 2479 3598 sua
2528 3539 2695 3596 etiam
2731 3540 2979 3610 ipsorum
3026 3536 3377 3594 confessione
3414 3547 3647 3607 constat,
3679 3536 3793 3609 qui'

507 3639 793 3694 orationes
832 3639 1154 3696 scribendas
1182 3658 1291 3696 non
1326 3645 1569 3713 ineptus,
1599 3648 1952 3703 contentiosa
1977 3649 2090 3703 dis-

2199 3637 2316 3705 ipse
2361 3633 2620 3704 baptismi
2665 3632 2839 3689 sacris
2864 3630 3117 3687 initiatus
3161 3646 3275 3686 non
3323 3630 3420 3699 sit,
3466 3647 3595 3687 eum
3641 3633 3763 3686 alios

511 3728 738 3797 putandi
788 3746 991 3800 genere
1049 3741 1106 3786 et
1163 3733 1496 3805 syllogismis
1551 3737 1839 3807 gaudens:
1896 3742 2092 3809 quales

510 3829 813 3875 sectatores
861 3823 983 3891 ejus
1032 3823 1215 3880 adhuc
1268 3827 1472 3882 multos
1524 3829 1714 3884 videre
1761 3837 1865 3885 est.
1907 3851 1926 3883 ‹
1965 3830 2089 3886 Νοη

512 3921 619 3964 tam
655 3913 803 3966 enim
852 3913 929 3967 illi
976 3915 1139 3970 vitam
1178 3916 1501 3984 honestam,
1536 3934 1719 3976 mores
1768 3933 1993 3978 sanctos
2033 3933 2094 3979 et

513 4003 802 4074 benignam
852 4023 980 4076 erga
1018 4024 1223 4078 egenos
1269 4011 1746 4076 misericordiam,
1797 4015 1842 4068 si
1896 4015 2090 4070 eadem

509 4113 633 4151 cum
670 4097 807 4168 ipsis
841 4102 1104 4168 sentiant,
1147 4118 1314 4173 quam
1351 4104 1397 4158 si
1428 4105 1555 4174 quis
1588 4106 1938 4163 contentiose
1966 4108 2087 4165 dis-

510 4207 721 4255 serere.
753 4205 808 4248 et
840 4195 1174 4266 syllogismis
1201 4206 1369 4268 atque
1403 4199 1933 4257 ratiocinationibus
1964 4202 2092 4258 vin-

511 4300 640 4338 cere
668 4286 945 4353 videatur,
981 4290 1234 4348 laudant.
1273 4291 1436 4348 Tales
1466 4308 1704 4364 namque
1737 4296 1941 4365 pietate
1978 4311 2096 4351 ma-

506 4378 627 4445 jore
657 4392 822 4447 supra
860 4395 1055 4434 omnes
1088 4397 1209 4437 esse
1248 4384 1682 4441 existimantur:
1716 4386 1881 4442 sicuti
1910 4388 2092 4444 Theo-

514 4471 785 4536 pbronius
834 4471 1131 4542 Cappadox
1185 4484 1243 4530 et
1299 4475 1642 4546 Eutychius,
1704 4489 1870 4534 secta:
1928 4479 2098 4550 hujus

515 4563 772 4629 stuutosi,
808 4566 900 4635 qui
929 4565 1236 4623 obtinentis
1263 4568 1431 4639 hujus
1456 4570 1677 4641 imperii
1713 4581 1963 4641 tempore
1986 4569 2091 4642 (‘2),

513 4656 727 4723 seipsos
781 4655 851 4711 ab
909 4657 1152 4715 Ecclesia
1215 4661 1618 4725 rescindentes,
1677 4678 1806 4719 cum
1863 4664 1918 4718 in
1971 4663 2098 4720 aliis

514 4750 679 4801 rebus
711 4761 779 4802 ex
824 4748 1077 4805 Eunomii
1115 4753 1505 4823 Opinionibus,
1547 4765 1662 4810 tum
1703 4757 1759 4812 in
1807 4773 1964 4812 sacro
1999 4758 2096 4813 ba-

513 4840 712 4910 ptismo
747 4857 834 4896 res
866 4856 1039 4898 novas
1078 4846 1459 4913 induxerunt,
1498 4863 1609 4903 non
1647 4848 1703 4903 in
1737 4848 2093 4915 Trinitatem,

512 4933 611 4988 sed
641 4932 698 4987 in
721 4931 924 4990 Christi
958 4949 1190 4993 mortem
1226 4942 1617 5011 baptizandqu
1648 4956 1771 4997 esse
1803 4943 2095 4997 docentes.

2199 3730 2481 3798 baptizare
2525 3741 2635 3781 non
2683 3740 2887 3797 posse:
2923 3724 3021 3793 qui
3072 3738 3204 3778 vero
3238 3723 3557 3781 traditionis
3587 3739 3761 3780 eorum

2200 3836 2355 3876 more
2401 3819 2713 3888 baptizatus
2761 3833 2871 3873 non
2905 3817 3009 3880 sit,
3043 3830 3170 3872 eum
3213 3832 3314 3887 pro
3356 3832 3471 3872 non
3505 3816 3762 3888 baptizata

2201 3914 2271 3969 ab
2312 3914 2395 3969 eis
2424 3911 2639 3974 haberi,
2673 3921 2735 3965 ut
2775 3910 2873 3981 qui
2905 3925 3014 3964 non
3050 3909 3295 3980 legitime
3327 3918 3673 3964 sacramento
3701 3924 3760 3963 eo

2204 4007 2457 4062 initiatus
2488 4006 2582 4059 sit.
2616 4003 2915 4059 Testantur
2939 4003 3046 4059 hoc
3073 4005 3314 4073 ipsimet,
3338 4002 3472 4058 dum
3506 4018 3765 4073 quoscun-

2201 4116 2311 4171 que
2346 4100 2403 4154 in
2433 4098 2766 4154 sententiam
2799 4110 2958 4151 suam
2991 4107 3336 4167 pertraxere,
3369 4098 3589 4153 etiamsi
3619 4106 3763 4152 antea

2205 4194 2364 4250 statis
2408 4192 2699 4248 catholicas
2745 4188 3007 4245 Ecclesia:
3050 4191 3402 4245 caeremoniis
3454 4191 3609 4245 tincti
3643 4190 3761 4252 sint,

2202 4287 2570 4358 rebaptizaut.
2615 4284 2748 4351 Qua:
2792 4283 3012 4338 novitas
3063 4297 3173 4336 non
3217 4297 3413 4351 parum
3457 4282 3761 4353 religionem

2205 4380 2481 4444 turbavit,
2524 4389 2581 4433 et
2625 4377 3116 4432 Christianismum
3148 4376 3435 4445 suscipere
3468 4375 3763 4431 volentibus

2203 4487 2431 4547 propter
2460 4473 2775 4543 dogmatum
2805 4470 3209 4526 dissensionem
3237 4467 3400 4524 valde
3435 4470 3665 4524 obstitit.
3699 4467 3762 4520 De

2204 4569 2477 4626 Eunomia
2509 4580 2674 4637 porro
2713 4573 2769 4620 et
2815 4564 2975 4620 Aetio
3021 4564 3154 4618 illud
3184 4562 3390 4618 addere
3416 4563 3575 4628 libet,
3604 4562 3762 4615 Euno-

2204 4665 2401 4718 mianaa
2446 4659 2673 4715 haeresis
2703 4666 2987 4713 auctorem
3040 4657 3282 4727 primum
3326 4655 3548 4711 Aetium
3579 4655 3758 4726 Syrum

2204 4753 2416 4810 fuisse:
2447 4761 2505 4808 et
2541 4750 2700 4822 125
2730 4750 2824 4820 qui
2862 4749 3022 4819 juxta
3065 4749 3181 4804 Arii
3212 4750 3545 4805 sententiam
3577 4747 3757 4802 Filium

2204 4849 2357 4905 Patri
2410 4846 2771 4917 inaequalem,
2821 4852 3185 4913 creatumque
3233 4858 3395 4904 esse,
3453 4852 3511 4897 et
3553 4858 3616 4898 ex
3664 4855 3758 4895 non

2203 4939 2601 4998 exsistentibus
2627 4937 2908 4993 exstitisse
2937 4935 3203 4992 decrevit.
3240 4935 3305 4992 Et
3333 4936 3428 5005 qui
3467 4936 3758 5006 opinionem

513 5026 843 5082 Eunomium
895 5045 1028 5086 sane
1091 5033 1259 5102 aliqui
1321 5033 1522 5088 dicunt
1575 5034 1711 5087 nihil
1772 5034 1875 5090 hac
1928 5037 1984 5089 in
2038 5051 2097 5091 re
2129 5017 2173 5073 ι)
2203 5051 2323 5092 eam
2360 5031 2772 5103 approbarunt,
2823 5029 3038 5085 Aetiani
3085 5028 3239 5097 prius
3289 5041 3419 5083 sunt
3454 5030 3607 5083 dicti.
3641 5029 3755 5080 Cum

512 5138 771 5191 navasse,
813 5124 911 5181 sed
945 5127 1417 5197 quemadmodum
1452 5128 1521 5184 ab
1559 5126 1719 5182 initio
1753 5140 2018 5198 cmperat,
2046 5128 2102 5183 in

583 5264 661 5336 (l)
691 5262 919 5336 §ozom.
957 5265 1060 5336 lib.
1092 5281 1171 5332 vt,
1201 5265 1439 5336 cap.‘26.

581 5334 659 5405 (Ξ)
689 5334 990 5392 Theodosii
1017 5334 1283 5391 .lunioris‘
1325 5336 1619 5406 imperium
1651 5334 2098 5406 intelligendum,

508 5404 577 5457 ad
626 5421 790 5473 quem
844 5406 1145 5461 Historiam
1196 5422 1350 5461 suam
1394 5404 1851 5463 ecclesiasticam
1881 5407 2103 5475 scripsit

511 5474 873 5548 §ozomenus,
919 5479 1080 5548 cujus
1124 5494 1189 5532 ea
1236 5487 1367 5533 sunt
1399 5480 1568 5534 verba
1610 5478 1710 5532 lib.
1743 5493 1819 5548 vr,
1853 5493 1975 5546 cap.
1998 5474 2099 5531 ’26.

509 5545 769 5621 Socrates
820 5545 1113 5621 propterea
1148 5548 1483 5604 Eunomium
1531 5549 1732 5621 Cyzico
1777 5545 2091 5602 Constanti-

510 5616 753 5686 nopolim
806 5617 874 5670 ad
918 5616 1227 5673 Eudoxium
1264 5635 1549 5675 reversum
1580 5616 1712 5674 esse
1751 5629 1806 5673 et
1852 5634 1977 5671 Clllll
2023 5632 2090 5671 eo

511 5687 779 5763 mansisse
809 5688 967 5763 dicit,
993 5691 1144 5763 quod
1166 5690 1422 5763 Cyziceni
1457 5707 1565 5746 non
1608 5689 1847 5763 ferentes
1876 5689 2093 5763 ampul-

510 5755 684 5830 losam
722 5758 843 5830 ejus
872 5755 1240 5828 loquentiam,
1285 5762 1566 5816 hominem
1601 5762 1738 5816 urbe
1781 5755 2090 5830 exegerint.

526 5826 581 5881 ln
616 5826 1126 5899 prolixitate—cnim
1176 5832 1443 5890 orationis
1482 5834 1600 5904 ejus
1637 5842 1691 5886 et
1743 5826 2090 5899 multiloquio

2209 5133 2436 5188 autem,
2490 5119 2956 5192 quemadmodum
3012 5130 3175 5175 antea
3225 5120 3508 5187 diximus,
3560 5119 3756 5191 quidam

2207 5265 2414 5334 ingens
2450 5261 2552 5334 fuit
2596 5259 2996 5334 sententiarum
3031 5257 3285 5334 penuria:
3321 5258 3539 5334 Etcum
3585 5257 3757 5326 longos

2206 5326 2624 5402 conscripsisset
2676 5331 2728 5384 in
2787 5326 3075 5396 epistolam
3126 5328 3399 5402 Pa_uti__ad
3450 5326 3758 5383 liom.coni-

2209 5397 2532 5468 mentarios,
2585 5411 2768 5456 tunen
2822 5402 2867 5455 is
2914 5414 3141 5467 scopum
3187 5397 3339 5453 Pauli
3384 5403 3680 5468 pertingere
3713 5406 3760 5450 et

2210 5473 2428 5543 assequi
2464 5489 2570 5526 non
2599 5471 2845 5542 potuisse
2875 5470 3100 5523 dicitur.
3124 5468 3250 5543 _Lib.
3285 5484 3360 5532 tv,
3397 5486 3453 5543 c.
3493 5468 3546 5522 9.

2283 5535 2367 5613 (5}
2412 5535 2619 5597 Eodem
2677 5548 3023 5613 argumento
3058 5540 3137 5592 uti
3172 5540 3543 5613 temporibus
3581 5535 3761 5613 nostris

2200 5608 2511 5686 possemus,
2544 5614 2599 5667 in
2631 5608 2942 5666 refutandis
2976 5611 3058 5664 eis
3088 5610 3183 5679 qui
3221 5608 3419 5664 manus
3450 5608 3570 5686 aliis
3598 5609 3755 5686 impo-

2200 5681 2335 5741 nere
2370 5685 2596 5749 audent,
2639 5697 2764 5737 cum
2814 5695 2933 5735 eam
2986 5690 3315 5750 potestatem
3365 5696 3480 5736 non
3527 5681 3758 5739 habeant,

2200 5766 2256 5813 ct
2297 5754 2603 5812 consecrati
2637 5766 2865 5824 prorsus
2903 5767 3012 5807 non
3046 5752 3178 5805 sint.
