3912 6532
144 423 230 486 ϐ’ίῦ
1072 414 1673 475 ECCLESIASTICE

1796 412 2100 475 ,δ’[ῸΒΙᾹζ
2140 414 2286 475 LIB.
2332 412 2434 474 Xl.

3252 378 3360 470 an

146 536 314 589 Filium
350 532 498 587 Patri
529 532 846 603 ὁμοούσιον,
880 530 1432 596 consubstantialem,
1460 530 1682 601 quidam
1715 555 1759 616 Α
1785 530 2106 602 Cyzicenam
2166 529 2485 606 ecclesiam_
2516 541 2616 595 pro
2675 522 2894 578 Eleusin
2938 520 3353 616 gubernandatn

144 625 475 696 ὁμοιοσύσιον,
515 623 1114 694 mquisnbstanstialem
1138 662 1152 686 ,
1195 621 1492 675 dicendum
1557 637 1681 678 esse

146 727 468 772 assererem:
505 726 564 770 ct
599 716 917 786 imperatori
956 727 1070 768 tum
1118 712 1378 783 placitum
1413 723 1584 776 esset,
1623 722 1684 768 ut

145 811 201 863 de
246 808 598 863 Ariminensis
655 806 877 862 concilii
934 805 1247 871 sententia,
1307 804 1477 859 Filius
1533 805 1683 859 Ρ.ίιι·ὶ

143 906 326 969 ὅμοιος,
350 900 596 969 aequalis,
618 898 941 954 crederetur
968 916 981 953 :
1007 898 1196 951 Aetius
1226 896 1469 965 quidem,
1502 906 1560 950 ut
1588 898 1682 965 qui

147 992 470 1059 blasphemus
499 991 556 1044 in
604 991 774 1045 Deum
811 998 977 1056 esset,
1011 989 1210 1044 exsilio
1252 998 1337 1043 est
1368 996 1679 1042 inactz-tus:

147 1081 346 1134 haeresTs
367 1089 550 1133 autem
582 1081 704 1150 ejus
733 1079 1139 1149 quodammodo
1161 1078 1227 1132 ad
1259 1086 1478 1147 tempus
1506 1079 1683 1132 soluta

115 1173 330 1243 -jacuit,
363 1171 509 1240 quod
544 1187 728 1241 neque
760 1172 902 1226 alius
947 1170 1219 1241 quispiam
1242 1209 1256 1232 ,
1305 1169 1397 1238 qui
1450 1169 1685 1240 alicujus

147 1274 272 1318 esset
301 1263 555 1328 nominis,
592 1279 770 1333 neque
799 1264 917 1332 ipse
951 1261 1252 1317 Ennomins
1282 1261 1358 1332 (l)
1401 1261 1683 1331 propalam

148 1365 192 1409 et
217 1354 377 1408 libere
407 1352 475 1408 de
511 1369 574 1407 ea
605 1354 880 1410 disserere
908 1354 1158 1409 auderet.
1191 1351 1463 1407 Caeterum
1508 1353 1597 1406 ubi
1640 1353 1686 1407 is

1789 622 2021 685 accepit,
2068 621 2467 692 conquiescere
2513 617 2741 672 omnino
2786 630 2891 667 non
2945 615 3155 682 potuit,
3200 621 3256 666 et
3301 609 3356 664 in

1794 713 2156 769 concionibus
2177 712 2242 767 ad
2271 710 2535 782 populum
2561 708 2700 763 Aetii
2732 706 3047 776 Opinionem
3086 719 3273 757 rursus
3302 703 3358 756 in

1790 802 2029 856 medium
2079 802 2354 871 produxit.
2398 800 2576 867 Atque
2620 807 2672 850 ut
2711 794 2827 848 ﬁeri
2872 794 3040 855 soli-t,
3089 807 3211 845 cum
3258 793 3359 844 ho-

1793 893 1967 948 mines
2000 893 2231 960 primum
2267 892 2488 946 haeresis
2523 890 2681 945 istius
2712 897 2988 941 auctorem
3019 884 3355 953 ignorarent,
3439 914 3443 921 ι

1790 983 2165 1038 Eunomianos
2197 991 2503 1036 sectatores
2537 981 2658 1051 ejus
2690 976 3150 1045 cognominarunt
3189 1013 3201 1034 ,
3236 990 3361 1040 pru-

1790 1084 1978 1147 pterca
2005 1076 2148 1143 quod
2179 1086 2302 1142 post
2329 1075 2545 1128 Aetium
2580 1075 2770 1141 dogma
2806 1070 2908 1122 hoc
2947 1066 3244 1119 Eunomins
3278 1078 3362 1117 re-

1791 1166 2046 1231 novavit,
2083 1177 2139 1221 et
2178 1167 2383 1235 majore
2414 1164 2666 1230 audacia,
2698 1176 2861 1232 quam
2893 1159 2987 1229 qui
3026 1156 3076 1210 id
3120 1154 3361 1225 primum

1796 1258 2121 1324 tradiderat,
2156 1256 2426 1312 delendit.
2750 1254 2759 1269 ‘

1563 1503 1790 1561 CAPUT
1828 1504 1946 1561 XII.

150 1628 268 1695 Περὶ
328 1626 436 1695 τῆς
466 1624 752 1695 αἱρέσεως
790 1622 910 1679 τῶν
976 1624 1462 1695 Ἄπολλιναρίων,
1522 1626 1628 1679 τοῦ
1663 1642 1725 1678 τε
1764 1626 1990 1694 πατρὸς
2021 1624 2117 1679 καὶ
2148 1624 2255 1678 τοῦ
2281 1621 2451 1678 υἱοῦ·
2479 1621 2577 1675 καὶ
2635 1620 2797 1689 ὅπως
2826 1624 2915 1688 εις
2954 1619 3067 1689 τὴν
3130 1620 3358 1678 ιπικείίιν

1433 1696 1770 1750 ἀπέκλιναν
1797 1696 2056 1764 αἵρεσιν.

544 1814 621 1870 De
650 1817 832 1870 haeresi
870 1814 1259 1886 Apollinarium
1285 1815 1458 1885 patris
1497 1824 1545 1869 et
1567 1814 1688 1883 ﬁlii,
1723 1822 1772 1867 et
1788 1813 2043 1884 quomodo
2066 1814 2120 1868 in
2161 1830 2314 1868 suam
2342 1812 2663 1867 declinarint
2695 1812 2959 1867 liwrrsim.

210 1916 543 2002 Apollinares
572 1928 715 1985 duos
744 1931 934 1995 fuisse,
970 1942 1181 2001 patrem
1213 1938 1270 1984 et
1301 1928 1496 1994 filium,
1532 1938 1691 1983 antea
1724 1941 1765 1996 Β
1795 1944 2087 1985 numerosa
2116 1928 2283 1983 etiam
2322 1926 2568 1983 carmina
2614 1926 2862 1997 quaedam
2898 1926 2965 1981 ab
3001 1925 3119 1996 ipso
3153 1926 3362 1996 Apolli-

148 2025 381 2079 diximus.
429 2024 498 2078 Et
540 2035 698 2094 pater
727 2024 949 2093 quidem
980 2023 1286 2096 presbyter,
1324 2022 1467 2077 filius
1502 2033 1685 2077 antem

149 2117 297 2170 lector
333 2114 435 2169 fuit
474 2131 490 2168 :
530 2124 761 2185 uterque
790 2113 997 2170 Graecis
1036 2114 1347 2185 disciplinis
1378 2115 1533 2169 valde
1564 2129 1692 2168 eru-

147 2210 293 2262 ditus.
348 2208 510 2261 Pater
551 2207 962 2278 grammaticus,
1010 2207 1154 2262 filius
1200 2207 1387 2262 rhetor
1436 2207 1688 2277 insignis.

149 2300 287 2352 Pater
314 2297 664 2352 Alexandriae
691 2305 870 2362 ortus,
904 2297 1225 2367 aliquandiu
1261 2296 1441 2368 Beryti
1480 2297 1691 2352 litteras

148 2391 335 2443 docuit.
412 2388 696 2443 Laodiceae
769 2404 905 2444 vero
964 2388 1317 2443 matrimonio
1371 2396 1688 2453 contracto,

151 2481 300 2534 lilium
356 2479 737 2549 Apollinarem
799 2481 1113 2551 progenuit.
1165 2480 1363 2534 lntima
1422 2482 1505 2535 eis
1563 2496 1689 2535 cum

154 2569 434 2638 Epiphanio
464 2569 731 2639 praeclaro
778 2571 1025 2638 sophista
1059 2570 1303 2624 amicitia
1335 2570 1462 2627 fuit.
1500 2571 1542 2624 A
1579 2585 1688 2641 quo

150 2678 201 2718 ut
233 2662 666 2733 sejungerehtur,
699 2676 768 2716 ne
803 2661 1118 2716 Theodotus
1150 2663 1371 2732 quidem
1400 2663 1692 2733 episcopus

151 2753 481 2807 Laodicensis
512 2752 843 2807 auctoritate
885 2762 941 2807 et
974 2753 1271 2807 interdicto
1306 2770 1406 2809 suo
1438 2754 1691 2809 obtinere

153 2844 331 2913 potuit.
379 2844 691 2899 Permultos
735 2843 790 2897 hi
847 2854 903 2897 et
953 2844 1118 2899 utiles
1157 2844 1416 2900 Ecclesiae
1465 2844 1693 2899 edidere

152 2935 325 3000 libros,
347 2937 506 2992 sicuti
531 2944 694 2989 antea
724 2951 753 2990 a
776 2936 939 2989 nobis
960 2944 1046 2990 est
1070 2935 1301 2991 dictum.
1334 2936 1539 2991 Deinde
1565 2952 1693 2992 vero

154 3026 202 3079 in
231 3027 474 3082 hmresim
515 3027 756 3082 nominis
792 3026 875 3081 sui
905 3026 1048 3082 foede
1087 3036 1217 3082 sunt
1262 3027 1520 3096 prolapsi.
1557 3028 1694 3083 Nam

153 3119 460 3188 Apollinaris
486 3118 650 3183 filius,
678 3118 863 3172 multis
888 3119 957 3171 ah
986 3118 1230 3172 Ecclesia
1261 3119 1533 3182 abductis,
1566 3133 1695 3172 suos

156 3210 245 3264 sibi
274 3217 580 3264 conventus
607 3210 741 3280 egit,
780 3210 1103 3278 sociumque
1144 3209 1515 3264 constituendi
1548 3209 1692 3279 dog-

1790 2021 1909 2076 nari
1952 2022 2175 2076 inventa
2205 2020 2586 2075 decantantcs.
2612 2019 2747 2074 Nam
2786 2020 2831 2074 is
2862 2029 3062 2088 praeter
3091 2021 3361 2075 eruditio-

1794 2127 1918 2166 nem
1982 2112 2252 2183 reliquam
2303 2111 2359 2165 in
2415 2109 2627 2180 poetica
2682 2125 2902 2178 quoque
2963 2109 3097 2163 varii
3147 2112 3364 2180 generis

1791 2202 2044 2258 versibus
2080 2200 2482 2271 componendis
2514 2200 2796 2254 excelluit.
2831 2201 2946 2263 Qua
2995 2201 3088 2254 ille
3122 2203 3364 2256 oblecta-

1794 2296 1941 2349 tione
1966 2294 2173 2358 multis,
2201 2304 2261 2348 ut
2293 2292 2399 2347 sibi
2431 2292 2803 2357 adlisarerent,
2839 2294 3135 2362 persuasit.
3168 2295 3231 2348 Et
3259 2294 3361 2347 viri

1792 2385 1846 2440 in
1879 2384 2383 2455 compotationibus
2423 2399 2795 2452 manuumque
2849 2383 3011 2454 126
3048 2384 3361 2446 laboribus,

1793 2477 2055 2533 mulieres
2109 2492 2330 2546 quoque
2382 2476 2438 2529 in
2502 2473 2744 2528 laniﬁcio
2800 2477 2903 2528 suo'
2951 2475 3191 2528 carmina
3246 2475 3366 2546 ejus

1793 2569 2119 2640 psallebant.
2147 2569 2228 2623 Ad
2254 2567 2428 2622 studii
2453 2567 2599 2621 enim
2623 2577 2673 2621 et
2695 2567 2944 2621 laborum
2968 2568 3363 2630 laxamentum,

1792 2663 1861 2717 ad
1892 2662 2012 2717 dies
2049 2661 2239 2725 festos,
2275 2669 2330 2714 et
2352 2659 2418 2715 ad
2455 2674 2543 2714 res
2584 2659 2740 2721 alias,
2781 2668 2943 2728 prout
2971 2669 3185 2729 tempus
3228 2660 3360 2723 fert,

1794 2765 2046 2826 poemata
2088 2753 2414 2818 elaboravit,
2456 2767 2578 2821 quae
2613 2752 2679 2806 ad
2711 2752 2926 2805 laudem
2967 2752 3056 2806 Dei
3091 2753 3366 2821 pertinent

1794 2849 1999 2903 omnia.
2041 2849 2188 2902 llanc
2219 2846 2470 2900 haeresim
2506 2845 2670 2900 latius
2700 2859 2942 2914 serpere,
2987 2859 3110 2897 cum
3154 2847 3365 2914 primus

1796 2941 1952 2995 urbis
1981 2940 2167 2995 Romae
2194 2938 2491 3008 episcopus
2520 2935 2784 2991 Damasus
2811 2944 2865 2990 et
2896 2936 3091 2989 Petrus
3135 2936 3362 2989 Alexan~

1795 3033 1992 3087 drinus
2031 3031 2437 3100 cognovissent,
2472 3039 2663 3083 coacto
2710 3028 2892 3081 llomae
2925 3027 3189 3091 concilio,
3229 3027 3362 3080 alie-

1795 3137 1923 3176 nam
1949 3136 2071 3176 esse
2112 3121 2181 3175 ab
2217 3120 2464 3175 Ecclesia
2504 3117 2801 3173 universali
2835 3128 3168 3172 statuerunt.
3202 3118 3365 3186 Apol-

1796 3213 1992 3268 linaris
2025 3214 2189 3268 etiam
2238 3213 2355 3281 ipse
2394 3210 2583 3266 itidem
2616 3221 2840 3279 propter
2870 3212 3039 3264 animi
3078 3213 3368 3266 imbecilli-

156 3302 298 3356 malis
328 3301 411 3355 sui
447 3278 677 3357 Vitaleru
709 3300 921 3369 accepit
945 3298 1373 3365 Antiochenam.
1406 3314 1472 3353 ex
1502 3278 1695 3354 eorum
1723 3278 1766 3337 ο
1802 3316 1992 3370 tatem,
2024 3278 2276 3375 dogmate
2303 3318 2405 3358 suo
2431 3278 2794 3367 instituendo,
2825 3318 2913 3357 res
2944 3319 3113 3357 novas
3143 3305 3367 3359 molitus

158 3408 363 3447 numero
393 3394 488 3463 qui
531 3391 733 3447 Meletii
764 3391 1062 3447 Ecclesiam
1099 3392 1540 3462 frequentabant,
1571 3407 1696 3462 pre-

156 3486 442 3556 sbyterum,
478 3485 659 3540 virum
707 3485 915 3539 nemini
959 3484 1164 3539 illustri
1207 3485 1332 3539 vita:
1378 3492 1435 3539 et
1480 3499 1694 3538 morum

157 3579 419 3634 sanctitate
464 3576 749 3632 cedentem
785 3577 888 3646 (2),
929 3585 986 3631 et
1028 3590 1219 3630 eorum
1262 3574 1357 3646 qui
1405 3576 1528 3630 fidei
1577 3578 1698 3647 ejus

156 3669 407 3724 commissi
436 3669 658 3722 fuerant
682 3667 1054 3722 curandorum
1077 3682 1338 3737 perquam
1362 3666 1695 3735 studiosum,

155 3770 308 3826 eaque
344 3760 411 3813 de
439 3773 607 3812 causa
634 3773 665 3811 a
709 3753 909 3827 populo
933 3757 1146 3828 egregie
1185 3758 1393 3810 cultum
1429 3767 1485 3812 et
1526 3772 1697 3812 vene-

158 3859 334 3903 ratum.
390 3850 563 3905 Paulo
616 3858 742 3919 post
797 3847 988 3912 enim,
1040 3862 1167 3902 cum
1224 3863 1279 3920 a,
1315 3849 1699 3905 communione

162 3943 337 4001 Meletii
363 3946 731 4011 discessisset,
759 3945 1062 4015 Apollinari
1098 3958 1159 3999 se
1189 3946 1495 4015 conjunxit,
1524 3955 1701 4001 secta-

165 4036 467 4106 toribusque
495 4038 616 4107 ejus
637 4036 941 4091 Antiochia:
973 4035 1208 4106 przefuit,
1234 4036 1358 4090 vitae
1392 4037 1698 4093 reverentia

165 4143 257 4181 non
280 4128 530 4198 exiguam
564 4128 743 4198 plebis
768 4136 979 4197 partem
1006 4127 1278 4181 addictam
1310 4127 1416 4183 sibi
1441 4128 1652 4183 habens
1679 4145 1694 4183 :

161 4220 238 4286 qui
274 4220 435 4274 etiam
468 4219 695 4276 nomine
736 4218 804 4273 ab
841 4234 909 4273 eo
938 4228 1189 4287 accepto,
1235 4218 1493 4274 Vitaliani
1526 4232 1698 4289 usque

160 4311 214 4361 ad
254 4308 549 4367 Theodosii
597 4310 837 4381 junioris
884 4311 1177 4379 imperium
1225 4311 1295 4364 ab
1342 4309 1699 4366 Antiochenis

160 4411 267 4456 sunt
293 4404 491 4459 vocati.
528 4402 742 4456 Dicitur
772 4408 952 4455 autem
994 4400 1099 4455 hoc
1130 4400 1326 4456 fecisse
1360 4402 1556 4457 dolore
1594 4403 1698 4457 im-

162 4491 325 4557 pulsus
354 4508 368 4545 :
402 4492 637 4561 perinde
672 4499 839 4560 atque
879 4505 909 4544 a
955 4489 1235 4555 Flaviano,
1267 4491 1361 4560 qui
1393 4502 1578 4561 postea
1615 4508 1699 4547 se-

163 4580 260 4633 dem
293 4581 688 4635 Antiochenam
738 4579 973 4648 accepit,
1018 4589 1134 4632 tum
1185 4590 1364 4635 autem
1411 4581 1697 4650 presbyter

162 4684 263 4723 cum
288 4672 381 4725 illo
407 4681 550 4737 erat,
595 4670 922 4740 despectus,
952 4678 1009 4724 et
1037 4672 1334 4739 quominus
1365 4672 1696 4728 familialiter

162 4778 264 4817 cum
290 4764 552 4831 episcopo
575 4776 696 4816 esse
720 4769 940 4830 posset,
976 4762 1272 4832 impeditus
1297 4762 1510 4819 fuisset.
1542 4764 1699 4831 Quod

163 4870 371 4927 namque
403 4870 467 4909 ea
511 4868 572 4908 re
614 4853 944 4909 diminutam
967 4868 1096 4909 esse
1130 4853 1326 4907 famam
1357 4869 1513 4909 suam
1543 4865 1700 4926 puta-

165 4954 247 5010 ret,
294 4946 576 5001 hominum
612 4958 784 5009 more,
816 4943 1005 4997 dolore
1034 4958 1101 4997 eo
1142 4944 1341 5006 victus.
1376 4947 1443 5000 ad
1490 4947 1699 5017 Apolli-

164 5051 325 5091 narem
360 5053 419 5092 se
452 5035 712 5096 contulit,
742 5044 799 5089 et
826 5050 951 5090 cum
986 5051 1053 5091 eo
1087 5037 1532 5103 communicavit,
1566 5040 1703 5094 ami-

163 5129 269 5182 citia
295 5130 411 5199 ejus
452 5130 510 5182 in
547 5128 741 5197 primis
776 5142 931 5182 usus.
972 5128 1050 5182 Ex
1082 5143 1151 5183 eo
1185 5138 1430 5199 tempore
1476 5130 1531 5184 in
1576 5132 1701 5187 aliis

161 5232 357 5287 quoque
431 5218 665 5273 urbibus
733 5218 836 5273 sub
891 5218 1169 5288 episcOpis
1222 5220 1339 5274 suis
1394 5233 1701 5276 conventus

164 5308 421 5377 habuere,
463 5319 522 5365 et
566 5311 708 5365 ritus
752 5310 823 5364 ab
871 5310 1116 5365 Ecclesia
1166 5311 1438 5367 catholica
1490 5313 1701 5367 alienos

165 5400 495 5458 celebravere
541 5419 557 5458 :
606 5410 808 5471 praeter
854 5412 1106 5471 receptas
1149 5417 1332 5456 sacras
1373 5403 1697 5472 cantilenas,

227 5538 293 5605 (l)
327 5538 402 5591 Ad
435 5534 815 5592 declarandam
863 5536 1101 5605 ineptam
1149 5545 1207 5589 et
1263 5535 1563 5605 improbam
1592 5537 1702 5591 Eu-

173 5604 315 5677 nomii
338 5610 670 5677 impietatem
687 5613 752 5677 _et
775 5604 1235 5677 vaniloquentiam
1259 5604 1510 5677 Socrates
1534 5609 1696 5661 verba

174 5676 273 5742 ejus
292 5677 385 5731 ista
411 5674 618 5745 profert
642 5692 656 5730 :
686 5675 827 5728 Deus
853 5678 922 5728 de
950 5688 1047 5727 sua
1071 5674 1185 5743 ipse
1217 5676 1527 5730 substantia
1558 5677 1697 5730 nihil

176 5747 396 5813 amplius,
435 5761 597 5815 quam
648 5758 768 5805 nos.
813 5745 963 5796 novit
996 5760 1010 5796 :
1041 5758 1220 5813 neque
1268 5760 1332 5797 ea
1391 5748 1561 5815 magis
1594 5747 1697 5811 illi,

177 5827 313 5873 etiam
339 5814 510 5882 nobis,
551 5828 635 5870 est
687 5823 987 5882 perspecta.
1023 5814 1130 5867 Sed
1163 5815 1307 5883 quod
1364 5815 1431 5868 de
1482 5814 1547 5869 ea
1600 5831 1696 5870 nos

1797 3414 1919 3455 esse
1971 3399 2217 3464 dicitur,
2284 3396 2598 3468 hujusmodi
2659 3396 2726 3450 de
2787 3412 2972 3463 causa.
3033 3398 3367 3452 Athanasius

1797 3491 2180 3547 Alexandrinae
2227 3489 2487 3544 Ecclesiae
2533 3490 2851 3558 episc0pus,
2896 3489 2998 3541 sub
3041 3489 3367 3543 Constantio

1798 3586 1854 3640 in
1892 3583 2145 3639 exsilium
2176 3590 2354 3645 actus,
2401 3597 2465 3634 cu
2481 3597 2529 3634 ιιι
2564 3582 2617 3634 in
2651 3580 2943 3651 Egyptum
2982 3582 3159 3635 redire
3183 3583 3368 3652 jussus

1796 3685 1966 3741 esset,
2011 3684 2067 3731 et
2099 3692 2196 3745 per
2238 3675 2564 3729 Laodiceam
2602 3675 2704 3728 iter
2749 3667 2978 3737 faceret,
3008 3691 3130 3729 cum
3165 3675 3367 3743 Apolli-

1798 3769 1941 3833 nari,
1970 3767 2116 3838 quod
2148 3767 2518 3821 amicissimus
2541 3768 2590 3821 ei
2618 3776 2784 3834 esset,
2814 3766 3156 3821 familiariter
3185 3782 3369 3820 versa-

1801 3868 1887 3916 tus
1933 3869 2041 3915 est.
2085 3858 2245 3926 Quod
2297 3867 2520 3921 autem,
2562 3859 2658 3927 qui
2704 3858 2922 3912 diversa
2972 3869 3129 3912 erant
3175 3868 3364 3918 secta.

1799 3951 2190 4006 commercium
2224 3958 2281 4004 et
2315 3950 2759 4002 communionem
2790 3950 2911 4019 ejus
2940 3950 3110 4004 veluti
3136 3951 3370 4021 jurisju-

1800 4042 1961 4097 randi
2009 4050 2356 4096 sacramento
2396 4032 3173 4108 abnegatam'aversarentur,
3224 4042 3367 4095 inter

1799 4149 1940 4203 quos
2001 4142 2058 4189 et
2118 4132 2385 4203 Georgius
2444 4130 2799 4184 Laodicensis
2856 4130 3156 4199 episc0pus
3209 4131 3359 4187 fuit:

1799 4225 2170 4296 Apollinarem
2201 4223 2248 4278 is
2271 4237 2337 4277 eo
2362 4223 2583 4276 nomine
2612 4222 2679 4275 ab
2701 4220 2939 4275 Ecclesia
2967 4222 3220 4285 exclusit,
3251 4230 3369 4276 tan-

1799 4328 1965 4384 quam
1996 4321 2187 4368 contra
2217 4326 2459 4366 canones
2492 4320 2546 4365 et
2573 4325 2757 4365 sacras
2781 4311 3209 4366 constitutiones
3240 4328 3363 4367 cum

1798 4405 2103 4459 Athanasio
2149 4403 2362 4458 fuisset.
2423 4402 2491 4456 Et
2550 4417 2675 4456 cum
2732 4401 2986 4457 criminis
3036 4402 3158 4458 loco
3211 4405 3260 4458 id
3313 4405 3367 4459 ei

1801 4497 2027 4567 objecit,
2075 4505 2189 4549 tum
2241 4494 2511 4547 rationem
2553 4493 2720 4547 etiam
2767 4502 2823 4547 et
2866 4509 3081 4563 poenam
3120 4505 3365 4550 veterum

1799 4596 1965 4655 atque
2015 4584 2339 4655 poenitentia
2381 4583 2821 4638 oblittetatorum
2872 4593 3185 4638 erratorum
3241 4602 3367 4641 cum

1801 4673 2055 4731 convicio
2103 4673 2172 4728 ab
2222 4686 2291 4727 eo
2332 4673 2534 4742 exegit.
2586 4671 2724 4727 Cum
2771 4687 3007 4740 namque
3052 4673 3370 4729 Theodotus

1800 4776 1928 4823 ante
1962 4781 2090 4821 eum
2126 4765 2309 4820 adhuc
2351 4763 2744 4819 Laudicensem
2793 4764 3091 4818 Ecclesiae:
3136 4778 3369 4836 regeret.

1802 4860 2040 4915 maxime
2064 4869 2181 4914 tum
2214 4860 2430 4929 pollens
2457 4858 2803 4928 Epiphanius
2831 4858 3073 4926 sophista
3106 4859 3366 4930 hymnum

1804 4949 1861 5004 in
1916 4949 2187 5005 Bacchum
2238 4950 2586 5014 recitaverat,
2618 4964 2731 5017 quo
2775 4959 3112 5017 praeceptore
3151 4949 3371 5018 juvenis

1801 5040 2110 5103 etiamnum
2151 5039 2486 5109 Apollinaris
2531 5038 2806 5093 utebatur.
2853 5038 3182 5091 lteeitationi
3224 5040 3275 5093 ei
3322 5039 3369 5094 is

1802 5147 1928 5186 cum
1978 5144 2133 5202 patre
2195 5132 2303 5187 sibi
2365 5131 2697 5201 cognomine
2756 5133 3113 5198 grannnatico
3166 5132 3367 5202 insigni

1802 5222 1983 5279 alluit.
2013 5224 2195 5293 Atque
2229 5222 2321 5278 ubi
2353 5221 2693 5291 Epiphanius
2721 5220 3024 5274 orationem
3055 5236 3175 5275 eam
3205 5237 3367 5275 exor-

1802 5326 1989 5377 surus,
2033 5300 2314 5367 sicuti'eis
2341 5312 2435 5381 qui
2469 5311 2746 5380 specimen
2779 5310 2997 5379 aliquod
3033 5314 3220 5367 talium
3251 5329 3371 5368 stu-

1804 5404 2023 5493 diorum
2044 5404 2332 5471 exhibent,
2354 5418 2471 5457 mos
2493 5411 2598 5466 est,
2627 5417 2738 5456 non
2762 5401 3005 5458 initiatos
3036 5414 3089 5458 et
3111 5406 3371 5474 profanos

1802 5538 2030 5601 scimus,
2068 5537 2212 5607 idem
2246 5548 2304 5607 et
2332 5536 2703 5607 ipseprorsus
2725 5536 2829 5589 scit
2860 5553 2873 5590 :
2903 5548 2959 5591 et
2995 5553 3192 5607 rugsus
3223 5541 3369 5607 quod

1803 5607 1897 5661 ille
1952 5600 2125 5663 nevit.
2176 5605 2229 5659 id
2281 5600 2540 5658 ἰητιιοιὶιιι
2584 5618 2802 5674 quoque
2848 5600 3103 5664 similite‘r
3145 5600 3371 5668 omnino

1804 5677 2060 5745 reperias.
2097 5675 2164 5730 Ut
2191 5690 2377 5743 supra.

1876 5746 1952 5816 (2)
1978 5745 2198 5802 Sozam.
2226 5745 2321 5801 lib.
2360 5762 2435 5813 vi,
2467 5761 2589 5819 cap.
2622 5748 2714 5810 25,
