3912 6564
547 388 646 453 (ill

1764 391 2192 453 NICEPIIORI
2233 391 2580 452 CALLISTI

3707 392 3796 455 fi?

548 503 701 556 exire
730 504 784 553 et
814 496 1006 569 procul
1043 512 1166 552 esse
1203 496 1460 568 jussisset
1503 513 1517 550 :
1552 512 1730 566 neque
1771 497 2128 566 Apollinaris,
2162 509 2204 559 Α
2239 515 2344 553 ιιοη
2380 498 2676 568 persuasit,
2709 513 2949 554 mcerorc
2978 510 3269 571 correptus
3294 499 3598 555 Ecclesiam
3630 502 3799 555 turba-

548 608 729 662 neque
757 593 877 660 ejus
907 600 1082 661 pater,
1125 605 1303 660 neque
1333 592 1496 644 etiam
1535 593 1675 643 alius
1712 590 1990 658 quispiam
2034 589 2129 657 qni

550 688 624 740 ibi
667 684 902 739 aderant
932 683 1404 742 Christianorum,
1440 696 1504 736 es
1555 681 1836 734 auditorio
1879 681 2130 735 secessit.
2172 677 2181 689 “

552 780 605 832 Ιιι
633 790 925 846 postquam
953 775 1178 830 rescivit
1200 775 1522 829 Theodotus
1547 775 1867 844 episcopus,
1903 778 2132 828 moleste

555 874 698 926 tulit.
735 872 799 924 Et
833 872 956 925 aliis
985 870 1207 940 quidem
1238 869 1530 937 extmpulo
1562 869 1917 939 aliquatenus
1939 867 2134 938 objur-

551 964 725 1031 gatis.
787 962 1017 1033 gratiam
1074 961 1260 1015 delicti
1315 961 1445 1014 fecit
1502 978 1516 1014 :
1574 959 1939 1029 Apollinarim
1995 971 2132 1013 vero

560 1067 864 1126 utrumque
895 1071 1015 1109 cum
1051 1055 1132 1109 eis
1169 1055 1450 1124 propalam
1491 1063 1777 1123 peccatum
1809 1052 2131 1121 objecisset,

553 1149 623 1201 ab
669 1147 908 1203 Ecclesia
952 1147 1284 1217 segregavit.
1321 1147 1495 1200 Erant
1529 1147 1676 1198 enim
1727 1145 1942 1207 clerici,
1977 1154 2134 1214 pater

554 1242 774 1308 quidem
811 1239 1123 1311 presbyter.
1156 1240 1303 1293 lilius
1340 1255 1471 1292 vero
1495 1254 1778 1293 sacrarum
1814 1238 2136 1308 Scriptura-

555 1352 676 1389 rum
721 1334 902 1386 adhuc
935 1334 1130 1387 lector.
1172 1332 1566 1385 Intercessoirat
1597 1331 1807 1399 aliquid
1841 1335 2133 1401 temporis,

554 1436 612 1480 et
645 1440 760 1490 eos,
796 1434 1085 1494 postquam
1120 1423 1376 1494 Iacrymis
1421 1433 1477 1476 et
1518 1423 1744 1493 jejnniis
1777 1424 1986 1478 crimen
2033 1426 2136 1480 ad-

555 1519 783 1571 missum
817 1519 1154 1586 poenitentes
1205 1517 1599 1579 abolevissont,
1650 1515 1974 1572 Theodotus
2017 1535 2138 1572 rur-

553 1623 675 1660 sum
739 1608 794 1661 in
865 1607 1097 1675 gratiam
1161 1610 1394 1674 recepit.
1449 1604 1552 1660 Ubi
1620 1617 1804 1660 autem
1866 1607 2136 1680 Georgius

553 1701 939 1769 episcopatum
969 1707 1052 1752 est
1080 1700 1331 1766 adeptus,
1369 1707 1426 1749 et
1452 1697 1784 1764 Apollinaris
1810 1715 1934 1753 cum
1967 1702 2136 1757 Atha~

555 1782 712 1847 nasio
765 1791 1116 1846 familiariter
1168 1791 1292 1854 fuit,
1346 1790 1814 1860 quemadmodum
1867 1793 2132 1862 diximus,

555 1887 1096 1941 exeommunicatum
1142 1900 1268 1938 eum
1302 1884 1545 1938 Ecclesia
1578 1885 1786 1954 exegit.
1831 1887 2013 1956 Atque
2044 1889 2137 1943 ille

555 1995 698 2049 saepe
730 1979 1029 2051 Georgium
1056 1979 1288 2041 dicitur,
1323 1987 1380 2032 ut
1418 1984 1469 2030 in
1513 1979 1961 2035 communionem
1997 1981 2141 2036 reci-

556 2087 803 2147 peretur,
844 2076 1197 2146 deprecando
1227 2076 1572 2130 obsecrasse.
1605 2073 1809 2129 Verum
1848 2078 1940 2130 ubi
1978 2077 2030 2132 id
2064 2077 2139 2130 illi

2239 593 2336 654 vit,
2387 603 2443 647 et
2495 593 2750 662 dogmate
2802 608 2950 646 novo
2991 592 3244 647 haeresim
3297 609 3453 646 suam
3497 593 3797 653 introduxit.

2237 687 2418 755 quoad
2464 685 2647 754 potttit
2681 702 2692 736 :
2731 686 3054 756 compositis
3083 697 3204 740 arte
3238 686 3611 746 orationibus,
3639 687 3798 742 ininii-

2237 795 2360 832 Clllll
2399 779 2690 840 ulciscens,
2729 787 2784 832 et
2817 778 2963 848 quod
2991 791 3050 832 se
3084 779 3136 830 in
3168 792 3454 832 sacrarum
3483 776 3793 831 Litterarum

2238 869 2491 923 doctrina
2527 870 2619 922 illo
2651 869 3099 938 praestantiorem
3125 876 3541 923 exauctorasset
3565 884 3796 938 arguens.

2237 963 2316 1015 Ad
2357 964 2506 1016 hunc
2535 963 2760 1016 modum
2799 961 3014 1015 scilicet
3044 961 3274 1031 privatae
3301 960 3652 1022 clericorum,
3683 970 3799 1014 tem-

2236 1073 2369 1128 pore
2397 1056 2666 1126 quolibet,
2697 1055 3022 1119 inimicitiae,
3049 1055 3288 1108 maximo
3317 1053 3621 1108 Ecclesiam
3649 1053 3798 1108 detri-

2239 1159 2427 1204 mento
2478 1149 2735 1211 atiecere.
2791 1159 2849 1203 et
2891 1148 3221 1216 religionem
3284 1149 3337 1200 in
3389 1155 3574 1201 sectas
3626 1147 3802 1201 multas

2237 1245 2580 1299 dissecuere.
2627 1240 2682 1294 Id
2715 1241 2845 1296 inde
2875 1243 3012 1295 satis
3041 1241 3241 1310 liquet.
3272 1239 3328 1295 Si
3359 1239 3510 1294 enim
3541 1238 3720 1292 itidem
3755 1251 3803 1291 ut

2238 1333 2582 1392 Theodotus,
2621 1329 2892 1401 Georgius
2934 1344 3157 1399 quoque
3202 1327 3566 1398 poenitentem
3617 1325 3804 1394 Apolli-

2237 1426 2417 1478 narim
2450 1424 2812 1493 suscepisset,
2861 1422 3091 1477 haeresis
3119 1436 3243 1490 quae
3273 1420 3344 1474 ab
3384 1435 3452 1474 eo
3485 1432 3688 1472 nomen
3722 1419 3803 1470 ha-

2241 1519 2352 1580 bet,
2402 1527 2462 1570 ut
2504 1531 2604 1586 ego
2652 1515 2881 1583 quidem
2931 1525 3101 1585 puto,
3144 1529 3255 1568 non
3293 1521 3562 1567 exstaret.
3602 1512 3802 1579 Ingenia

2239 1624 2479 1674 namque
2500 1609 2787 1662 hominum
2814 1607 2858 1662 si
2885 1606 3092 1677 despici
3123 1621 3184 1661 se
3205 1604 3450 1670 videant,
3476 1611 3800 1672 arrogantem

2239 1703 2525 1756 audaciam
2581 1701 2930 1770 concipiunt,
2978 1709 3036 1753 et
3082 1697 3452 1754 contendendi
3501 1696 3684 1752 studio
3727 1709 3802 1750 res

2242 1810 2412 1848 novas
2443 1794 2770 1849 moliuntur.
2801 1796 2872 1846 At
2904 1792 2949 1848 si
2981 1791 3036 1846 id
3068 1792 3216 1862 quod
3257 1806 3479 1862 aequum
3510 1801 3596 1846 est
3630 1803 3803 1844 consec

2244 1899 2517 1958 quuntur,
2561 1888 2630 1942 ad
2671 1885 3110 1942 moderationem
3135 1899 3196 1940 se
3229 1883 3384 1950 dant,
3422 1891 3481 1938 et
3526 1892 3674 1938 sorte
3717 1896 3801 1937 sua

2248 1979 2498 2035 contenti
2533 1989 2667 2034 sunt
2697 1979 2800 2050 (l).

1872 2239 2029 2309 127
2065 2237 2291 2294 CAPUT
2333 2236 2477 2293 xm.

639 2351 736 2418 Ὠς
770 2351 1091 2418 Βασίλειος
1119 2350 1220 2405 καὶ
1245 2354 1576 2422 Γρηγόριος
1617 2353 1788 2423 ἄμφω
1833 2351 2220 2423 ἀντιρῤῄσεις
2249 2351 2412 2423 κατὰ
2441 2350 2746 2423 Εὐνρμίου
2775 2348 2875 2404 καὶ
2927 2348 3385 2417 Ἄπολλιναρὶου
3435 2347 3706 2418 ἔγραψαν
3725 2363 3738 2377 ⁸

1734 2425 1830 2476 καὶ
1861 2424 1995 2476 τίνα
2023 2419 2185 2492 ἦσαν
2222 2422 2259 2476 ἂ
2283 2419 2689 2492 ἐδογμάτιζον.

633 2538 702 2594 Ut
737 2539 969 2594 Basilius
1002 2549 1050 2593 et
1089 2538 1373 2612 Gregorius
1409 2551 1625 2612 uterque
1663 2539 1818 2593 libros
1861 2542 2201 2608 refutntorios
2241 2551 2425 2612 contra
2460 2537 2778 2612 Eunomium
2815 2547 2864 2591 et
2902 2536 3300 2608 Apoliinarium
3331 2539 3674 2608 scripserint:
3700 2546 3741 2591 et

1497 2610 1612 2681 qua
1637 2617 1858 2667 istorum
1886 2612 2252 2664 Itwreticorum
2285 2611 2480 2680 fuerint
2518 2610 2814 2677 opiniones.

631 2729 984 2790 Eunomium.
1032 2729 1179 2800 quod
1227 2728 1507 2795 diximus,
1552 2729 1742 2784 eadem
1798 2744 1922 2783 cum
1977 2726 2138 2781 Aetio

555 2825 766 2880 sentire
796 2825 981 2895 negari
1017 2839 1124 2878 non
1177 2832 1360 2894 potest
1392 2823 1494 2892 (2).
1531 2823 1665 2877 Nam
1691 2832 1744 2876 et
1775 2823 1891 2892 ipse
1919 2823 2140 2875 Aetium

553 2924 948 2984 praeceptorem
993 2914 1202 2983 jactat,
1253 2921 1310 2968 et
1358 2913 1410 2966 id
1465 2912 1520 2966 iu
1575 2913 1801 2984 scriptis
1849 2913 1967 2982 ipse
2025 2911 2144 2966 suis

555 3017 745 3076 aperte
780 3016 1034 3062 testatur.
1086 3007 1458 3074 Apollinarem
1491 3023 1621 3062 vero
1682 3007 1848 3062 etiam
1881 3019 2146 3060 accusans
2175 3041 2221 3101 ο
2249 3005 2579 3061 absurditati
2630 3004 2943 3073 pratendit,
2991 3004 3182 3060 dicens
3223 3021 3238 3059 :

555 3101 856 3172 Gregorius
893 3101 1156 3156 Nazianzi
1197 3102 1513 3170 episcopus,
1553 3101 1606 3154 in
1643 3099 1872 3169 epistola
1901 3098 2138 3168 quadam

557 3195 624 3249 ad
671 3195 994 3250 Nectarium
1036 3194 1664 3263 Constantinopolitanae
1702 3193 1959 3247 Ecclesiae
1993 3207 2138 3262 prae-

559 3288 759 3348 sidem,
798 3288 912 3341 haec
935 3287 1132 3342 scribit
1165 3305 1179 3340 :
1215 3305 1232 3338 ι
1254 3287 1322 3341 Et
1357 3288 1754 3342 detrimentum
1785 3285 2008 3356 quidem
2039 3299 2143 3337 no-

559 3391 759 3444 strum,
815 3379 962 3449 quod
1017 3382 1071 3434 in
1108 3382 1231 3436 sinu
1282 3392 1472 3434 nostro
1515 3379 1785 3439 fovemus.
1832 3379 2141 3434 Eunontius

560 3470 790 3525 minime
830 3486 896 3524 eo
950 3470 1098 3540 quod
1148 3472 1382 3542 alicujus
1427 3471 1672 3526 nominis
1716 3475 1810 3534 sit,
1847 3481 2145 3526 contentus

559 3576 644 3622 est
679 3581 696 3619 :
727 3580 917 3620 verum
968 3563 1073 3618 nisi
1109 3579 1302 3620 omnes
1345 3581 1452 3618 una
1497 3579 1687 3620 secum
1736 3566 1789 3618 in
1834 3564 2138 3633 perniciem

563 3655 865 3723 perlrahat,
893 3654 1166 3724 jacturam
1213 3652 1268 3707 id
1327 3668 1448 3709 esse
1484 3654 1716 3724 judicat.
1757 3653 2017 3710 Sedenim
2064 3663 2146 3707 to-

560 3749 788 3803 leranda
815 3748 932 3801 haec
959 3746 1180 3815 quidem
1217 3755 1366 3801 sunt.
1391 3745 1549 3812 Quod
1581 3756 1765 3802 autem
1795 3748 1850 3800 in
1883 3745 2145 3802 Ecclesiae

559 3841 971 3895 calamitatibus
1001 3855 1200 3894 censeo
1258 3840 1420 3911 longe
1476 3841 1886 3912 gravissimum,
1943 3840 2152 3912 Apolli-

559 3937 895 3992 narismrum
944 3941 1029 3988 est
1072 3933 1397 4002 impunitas.
1436 3931 1584 3999 Quos
1639 3933 1828 3988 nescio
1865 3935 2146 4004 quomodo

559 4027 830 4083 sanctitas
877 4034 970 4080 tua
1018 4025 1270 4096 negligit,
1321 4025 1687 4083 concionandi
1727 4037 2146 4097 conventusque

562 4120 797 4190 cogendi
851 4118 1134 4172 licentiam
1188 4133 1346 4187 aequa
1405 4119 1693 4174 nobiscum
1759 4127 2034 4189 potestate
2089 4127 2148 4174 et

559 4214 834 4282 dignitate
863 4212 965 4266 sibi
1001 4209 1105 4281 ipsi
1139 4218 1492 4279 usurpantes.
1523 4209 1604 4264 Tu
1639 4210 1888 4277 quidem,
1921 4211 2018 4281 qui
2048 4226 2149 4281 per

560 4305 746 4360 omnia
781 4319 1010 4374 prorsus
1050 4303 1206 4374 juxta
1239 4302 1334 4357 Dei
1371 4302 1604 4373 gratiam
1637 4302 1692 4356 in
1726 4303 1931 4357 divinis
1956 4303 2146 4358 erudi-

2243 2727 2338 2781 sed
2387 2743 2416 2781 a
2457 2726 2734 2796 principio
2773 2725 3054 2780 carnalem
3101 2725 3250 2780 illam
3305 2736 3562 2781 naturam
3607 2726 3659 2780 in
3687 2726 3799 2782 [τ’ἱίιο

2243 2819 2438 2874 fuisse.
2487 2821 2666 2888 Atque
2712 2833 3000 2888 perperam
3058 2828 3348 2888 acceptum
3400 2819 3610 2875 dictum
3655 2822 3798 2890 quod-

2248 2911 2375 2965 dam
2443 2912 2822 2980 evangelicum
2895 2919 3158 2980 tanquam
3219 2911 3600 2966 testimonium
3661 2923 3799 2966 tanta:

3286 3003 3454 3060 Nemo
3499 3008 3722 3060 ascendit
3757 3009 3800 3058 in

2252 3099 2459 3161 caelum,
2493 3099 2598 3151 nisi
2635 3098 2726 3168 qui
2767 3113 2795 3150 ε
2825 3097 2953 3151 calo
2989 3098 3283 3163 descendit,
3328 3099 3496 3154 Filius
3531 3102 3738 3154 hominis
3768 3103 3800 3153 '.

2256 3196 2335 3250 Ita
2371 3205 2428 3247 ut
2463 3195 2788 3264 priusquam
2827 3193 3200 3255 descenderit,
3231 3193 3350 3262 ipse
3377 3193 3418 3248 F
3423 3195 3550 3248 ilius
3583 3195 3793 3248 hominis

2255 3287 2424 3342 fuerit
2470 3306 2484 3340 :
2530 3297 2587 3341 et
2630 3286 3003 3350 descenderit,
3043 3301 3198 3341 suam
3247 3286 3394 3340 illam
3432 3287 3681 3343 deferens
3709 3302 3805 3341 car-

2254 3398 2406 3444 nem,
2464 3396 2628 3450 quam
2685 3381 2738 3434 in
2787 3379 2930 3434 caelo
2977 3379 3237 3435 habuerit
3281 3385 3719 3437 antesaacularcm
3758 3389 3802 3435 et

2253 3474 2798 3530 consubstantialem
2840 3473 2942 3544 (ι).
2973 3473 3037 3527 Et
3061 3487 3256 3529 rursus
3284 3475 3640 3543 apostolicam
3669 3477 3802 3530 aliam

2255 3568 2468 3638 profert
2494 3582 2685 3621 vocem
2712 3583 2727 3619 :
2757 3565 3062 3621 secundum
3107 3566 3386 3620 hominem
3424 3581 3454 3619 e
3473 3571 3612 3623 cmlo
3639 3583 3800 3624 esse.»

2256 3660 2463 3714 Deinde
2495 3658 2737 3713 instituit
2767 3658 3050 3712 hominem
3079 3658 3233 3713 illurn
3261 3660 3357 3730 qui
3393 3675 3426 3715 e
3456 3665 3596 3716 caelo
3629 3674 3806 3715 venerit

2255 3763 2496 3809 mentem
2554 3766 2663 3805 non
2720 3750 2970 3814 habere,
3026 3750 3122 3806 sed
3167 3751 3517 3806 divinitatem
3565 3753 3804 3823 Unigeniti

2258 3857 2512 3902 naturam
2560 3846 2764 3900 mentis
2794 3844 3124 3913 adimplere,
3162 3854 3221 3900 ut
3249 3861 3371 3915 quae
3401 3849 3480 3914 (5)
3521 3862 3644 3917 pars
3675 3847 3805 3901 tertia

2257 3942 2514 3995 humana:
2543 3938 3039 4009 coagmentationis
3083 3938 3156 3993 sit
3200 3938 3364 4005 facta,
3411 3940 3594 3994 anima
3629 3949 3678 3993 et
3707 3953 3807 3990 eor-

2258 4045 2393 4099 pone
2443 4027 2766 4083 humanitus
2817 4026 2964 4082 circa
3023 4043 3144 4083 eam
3189 4030 3609 4095 essistentibus,
3654 4040 3806 4085 mente

2257 4121 2366 4177 illis
2391 4120 2727 4183 decollante,
2758 4126 2815 4174 et
2847 4120 3020 4174 verbo
3047 4120 3138 4173 υθὶ
3173 4121 3355 4174 locutu
3380 4122 3503 4192 ejus
3530 4121 3804 4176 obtinente.

2261 4217 2440 4284 Atque
2473 4213 2734 4282 equidem
2783 4210 3030 4266 nondum
3072 4212 3179 4266 hoc
3222 4227 3392 4282 grave
3441 4225 3528 4268 est
3558 4223 3807 4284 spectat-u-

2259 4305 2397 4359 lunt.
2452 4303 2660 4360 Verum
2725 4302 2862 4357 illud
2913 4302 3161 4357 omnium
3219 4303 3384 4373 longe
3433 4305 3804 4372 gravissimum,

559 4406 652 4452 tus
688 4412 750 4451 es
783 4395 1095 4467 mysteriis,
1127 4409 1240 4449 non
1278 4404 1488 4451 tantum
1522 4411 1643 4465 qua:
1671 4395 1737 4450 ad
1774 4395 2143 4466 patrocinium
2178 4415 2221 4471 ι)
2251 4397 2402 4468 quod
2438 4397 2623 4467 ipsum
2671 4395 3030 4466 unigenitum
3061 4396 3258 4461 Deum,
3294 4396 3536 4466 judicent
3572 4396 3803 4456 omnium,

557 4501 614 4542 ct
647 4488 1028 4542 defensionem
1078 4487 1175 4543 Dei
1221 4488 1375 4543 verbi
1422 4497 1700 4558 spectant,
1739 4490 1835 4545 sed
1881 4505 1946 4545 ea
1979 4491 2150 4546 etiam

560 4596 684 4650 quae
710 4582 780 4635 ab
822 4581 1104 4636 haereticis
1133 4580 1403 4637 adversus
1426 4582 1705 4638 saniorem
1739 4583 1901 4640 fidem
1931 4585 2155 4656 excogi-

563 4682 676 4727 tata
714 4682 868 4737 sunt,
905 4681 1080 4728 tenes.
1112 4675 1367 4728 Attamen
1403 4690 1513 4729 non
1553 4676 1928 4746 importunum
1959 4676 2150 4742 fuerit,

561 4784 592 4821 a
633 4768 905 4821 tenuitate
945 4781 1070 4820 mea
1111 4766 1580 4836 magniﬁcentiam
1624 4777 1770 4820 tuam
1823 4771 2019 4823 audire
2053 4769 2156 4824 ali-

559 4859 718 4930 quid.
772 4857 942 4912 lncidi
983 4859 1034 4913 in
1071 4859 1408 4928 Apollinaris
1455 4859 1730 4926 libellum,
1773 4865 1869 4932 qui
1920 4878 2143 4918 omnem

566 4951 887 5006 haereticam
921 4951 1336 5022 improbitatem
1373 4953 1535 5023 longe
1566 4966 1812 5024 superat.
1850 4958 2149 5012 Asseverat

563 5047 739 5111 enim,
781 5062 1003 5101 carnem
1035 5046 1192 5116 juitta
1226 5045 1423 5102 salutis
1463 5058 1670 5104 nostra:
1713 5051 2152 5106 administratio-

561 5155 688 5192 nem
731 5138 801 5192 ab
849 5139 1135 5208 unigenito
1180 5138 1320 5194 Filio
1366 5149 1579 5196 naturae
1626 5154 1829 5198 nostra!
1875 5152 2155 5200 transmu-

561 5233 743 5284 tanda:
766 5235 975 5302 gratiae,
1024 5248 1135 5286 non
1169 5235 1528 5290 adventitiam
1554 5237 1632 5306 (5)
1666 5247 1977 5309 susceptam
2009 5255 2157 5306 esse,

637 5373 652 5401 ¹
685 5371 841 5425 Joan.
874 5389 954 5437 Ill,
988 5375 1070 5429 15.

636 5516 709 5582 (1)
741 5517 798 5588 In
850 5515 1038 5588 Grzeco
1091 5515 1388 5587 Nicephori
1436 5515 1741 5588 exemplari
1793 5515 2010 5586 integer
2053 5518 2145 5574 hic

559 5586 840 5658 sexti-ruit)
898 5586 1090 5640 defuit.
1148 5586 1432 5642 Dclectum
1486 5586 1616 5642 enni
1679 5589 1836 5656 juxta
1894 5590 2140 5658 capitum

561 5657 974 5777 annlotzttionent
1022 5672 1091 5710 ex
1155 5658 1280 5712 aliis
1330 5659 1722 5714 ecclesiasticis
1774 5657 2146 5728 scriptoribus

561 5742 796 5777 CXIlCH.

600 5742 796 5780 XlllCVl.

560 5745 796 5794 CXIHCVI.

633 5801 708 5872 (ξε)
743 5798 960 5872 Sozam.
999 5798 1098 5852 lib.
1131 5814 1209 5864 γι,
1236 5817 1359 5872 cap.
1396 5800 1487 5854 Ξῖ.

633 5871 710 5938 (5)
742 5871 829 5925 Μὴ
863 5873 1180 5940 ἐπίκτητον.

2252 4502 2540 4547 auctorem
2584 4499 2642 4546 et
2689 4491 2890 4546 ducem
2943 4493 3090 4554 vitm,
3141 4500 3198 4545 et
3244 4498 3582 4546 vastatorem
3623 4489 3804 4548 mortis,

2255 4585 2549 4640 mortalem
2585 4584 2829 4639 instituit
2865 4600 2880 4638 :
2922 4583 3002 4638 ita
3045 4592 3105 4638 ut
3136 4583 3451 4654 passionem
3487 4583 3580 4638 ille
3615 4585 3662 4636 in
3692 4580 3808 4634 divi-

2252 4679 2427 4734 nitate
2472 4691 2573 4732 sua
2624 4677 2956 4746 susceperit,
2991 4687 3050 4731 et
3086 4677 3140 4730 in
3189 4676 3449 4731 triduana
3489 4677 3577 4731 illa
3617 4669 3807 4729 mortiﬁ-

2253 4774 2474 4826 catione
2528 4771 2827 4840 corporis,
2883 4770 3046 4825 simul
3094 4772 3260 4826 etiam
3309 4785 3375 4824 ea
3429 4785 3555 4826 cum
3613 4778 3806 4836 corpore

2254 4875 2629 4929 commortua,
2660 4873 2717 4920 et
2746 4864 2827 4920 sic
2858 4878 2889 4920 a
2922 4865 3084 4920 Patre
3114 4880 3336 4919 rursum
3378 4881 3408 4919 a
3440 4874 3627 4934 (morte
3653 4874 3805 4916 resus-

2255 4961 2425 5015 citata
2475 4959 2572 5016 sit.
2625 4959 2861 5029 Reliqua
2915 4973 3042 5028 quae
3089 4959 3504 5028 importunitati
3564 4967 3705 5011 tanta:
3737 4953 3806 5004 ilic

2257 5054 2470 5125 adjicit,
2521 5055 2746 5124 longum
2797 5063 2944 5109 esset
2998 5069 3312 5109 recensere.
3360 5053 3652 5122 Opiniones
3698 5062 3804 5101 sane

2262 5147 2603 5217 Apollinaris
2640 5157 2698 5203 et
2727 5148 2984 5202 Eunomii
3033 5148 3224 5217 quales
3270 5147 3502 5211 fuerint,
3531 5161 3594 5201 ex
3624 5144 3683 5198 iis
3705 5152 3802 5208 quae

2267 5240 2414 5294 dicta
2461 5248 2615 5305 sunt,
2656 5240 2895 5309 quilibet
2925 5250 3247 5311 cognoscet.
3284 5239 3349 5295 Et
3403 5253 3462 5292 tit
3510 5237 3675 5294 facilis
3700 5247 3806 5286 con-

2333 5524 2406 5591 (4;
2439 5520 2754 5588 Legendunt
2783 5521 2838 5575 itt
2866 5521 3060 5576 Greco
3090 5521 3534 5589 συνουσιωμένην
3555 5531 3645 5586 pro
3667 5531 3804 5566 συνω-

2257 5595 2555 5661 σιωμένην.

2331 5658 2408 5732 (5)
2439 5665 2624 5734 Μέρος
2673 5663 2767 5716 τοῦ
2804 5662 3154 5732 ἀνθρωπίνου
3205 5663 3585 5734 συγκρίματος,
3613 5658 3666 5734 si)
3698 5669 3804 5720 τρι-

2263 5727 2454 5805 μάρίον
2483 5727 2662 5805 ψῦχῆς
2716 5751 2776 5786 τε
2814 5727 2920 5787 καῖ
2940 5736 3195 5804 σώματος
3237 5727 3381 5788 κατᾶ
3410 5727 3476 5786 et
3501 5727 3802 5800 ἀνθρώπινον

2259 5807 2392 5878 περὶ
2422 5807 2593 5860 αὐτὴν
2625 5807 2816 5860 ὄντων.
