3912 6582
204 461 306 525 613

1146 456 1754 522 ‘ECCLESIASTICE
1794 462 2181 524 HISTORUE
2212 463 2356 524 LIB.
2399 461 2512 521 XI.

3338 449 3445 515 624

203 580 412 643 jactura
437 584 545 639 est,
583 575 887 646 permultos
916 572 993 629 illi
1024 574 1093 628 ab
1120 574 1362 630 Ecclesia
1399 576 1691 630 universali
1723 576 1776 630 in
1811 586 1853 637 Α
1886 578 2166 639 transiret,
2212 575 2650 644 periclitabatur.
2705 574 2787 630 λι)
2830 572 3103 629 Eunomio
3133 581 3338 634 autem,
3374 585 3440 622 ne

208 683 397 723 eorum
434 668 772 721 sententiam
822 665 1240 735 pertraxissent,
1285 666 1391 720 nisi
1427 666 1775 721 Basilium'et

209 760 529 830 Gregorium
592 757 945 829 Cappadoces
1009 757 1361 813 adversarios
1416 757 1776 822 invenissent,

211 855 302 924 qui
350 868 418 909 ex
482 852 734 922 professo
784 851 955 905 multa
1012 849 1278 904 adversus
1325 866 1422 905 eos
1480 851 1778 919 scripsere.

214 946 512 1001 Theodosii
539 954 826 1015 praeterea,
857 942 1004 1012 quod
1034 942 1197 1010 paulo
1233 952 1354 1011 post
1386 952 1633 995 secutum
1669 949 1778 1005 est,

215 1041 506 1109 imperium
560 1046 793 1092 conatus
838 1052 1029 1091 eorum
1081 1035 1369 1103 repressit.
1435 1034 1569 1089 Nam
1612 1034 1784 1089 duces

217 1135 363 1200 ipsos
393 1131 684 1187 hmresinm
724 1145 787 1184 ex
826 1127 1211 1197 frequentibus
1237 1135 1292 1180 et
1318 1126 1603 1195 populosis
1630 1125 1785 1180 orbis

218 1226 471 1297 ρειτιίδιιε
508 1225 562 1278 ἰη
600 1224 750 1279 solos
783 1222 940 1276 locos
975 1220 1261 1289 relegavit.
1302 1217 1581 1275 Obstitere
1613 1219 1780 1275 etiam

222 1319 447 1385 insuper
492 1315 604 1369 illis
636 1315 755 1383 ejus
793 1313 971 1368 :etatis
1003 1310 1280 1365 monachi.
1328 1311 1604 1365 Mordicus
1631 1326 1788 1364 nant-

221 1423 327 1476 que
376 1407 595 1461 Nirmna
655 1408 938 1460 retinuere
985 1405 1240 1467 decreta,
1289 1403 1383 1474 qui
1436 1403 1488 1456 in
1538 1402 1695 1473 Syria
1730 1410 1788 1457 et

220 1499 567 1568 Cappadocia
637 1497 997 1566 ﬁnitimisque
1043 1495 1181 1551 locis
1235 1496 1594 1551 monasticam
1656 1504 1787 1551 sunt

223 1590 617 1661 philosophati.
651 1587 722 1643 Et
765 1588 916 1657 regio
953 1601 1018 1641 ea
1068 1602 1191 1656 quae
1231 1601 1262 1640 a
1295 1584 1487 1641 Cilicia
1521 1590 1586 1640 ad
1626 1587 1791 1642 Phae-

232 1682 432 1737 niciam
484 1696 658 1757 usque
707 1679 904 1744 tendit,
955 1693 1027 1734 ne
1063 1679 1116 1735 in
1164 1677 1413 1733 haeresim
1455 1677 1791 1745 Apollinaris

1882 668 2241 725 iniicerentur
2287 668 2474 738 populi
2525 684 2557 722 a
2606 666 2800 722 Cilicia
2840 676 2897 720 ct
2929 677 3113 721 monte
3141 665 3326 720 Tauro
3372 662 3439 715 ad

1883 759 2300 830 Hellespontum
2352 769 2408 816 et
2448 758 2987 828 Constantinopolim
3034 771 3208 827 usque
3266 766 3444 808 metus

1882 860 2019 907 erat.
2077 853 2190 906 Non
2250 853 2472 908 diﬂicile
2517 852 2664 906 enim
2716 852 2938 920 utrique
2991 858 3146 910 erat,
3198 847 3446 902 finitimis

1874 959 2103 1012 quoque
2130 960 2345 1004 eorum,
2371 944 2513 1014 apud
2546 958 2687 1013 quos
2716 942 3101 1005 versabantur,
3137 948 3196 993 ut
3228 948 3443 993 senten-

1885 1035 2017 1089 tiam
2053 1050 2207 1089 suam
2246 1047 2637 1106 sequerentur,
2670 1034 3029 1106 persuadere.
3060 1033 3209 1086 Idem
3240 1045 3371 1084 sane
3394 1038 3449 1081 et

1885 1126 2105 1180 Arianis
2132 1128 2380 1200 contigit.
2430 1127 2631 1199 Vulgus
2651 1129 2820 1193 enim,
2862 1126 3281 1185 monachorum,
3313 1135 3453 1191 quos

1880 1219 2290 1282 recensuimus,
2322 1222 2586 1276 virtutem
2637 1235 2693 1276 et
2724 1236 2894 1290 opera
2943 1218 3297 1277 admiratum,
3328 1230 3450 1269 cum

1890 1309 2040 1380 ipsos
2074 1323 2224 1366 recte
2269 1314 2477 1369 sentire
2509 1314 2764 1370 credidit.
2802 1323 2915 1368 tum
2963 1312 3124 1365 aliter
3166 1309 3456 1376 epinantes

1892 1413 2119 1473 prepter
2162 1405 2533 1475 suspicionem
2583 1407 2813 1474 impurae
2864 1412 2921 1458 et
2977 1400 3300 1456 adulterina:
3352 1399 3456 1454 do-

1893 1496 2083 1550 ctrina:
2126 1507 2438 1551 aversatum
2487 1506 2569 1551 est
2612 1496 2824 1551 :sicuti
2852 1492 3111 1565 Egyptii,
3160 1491 3457 1547 monachos

1897 1601 2028 1642 suos
2058 1599 2373 1659 sequentes,
2404 1589 2640 1644 Arianos
2662 1603 2762 1659 pro
2789 1586 3044 1642 hostibus
3072 1584 3340 1640 habuere.

1521 1841 1688 1911 ηε
1714 1839 1946 1898 CAPUT
1984 1839 2123 1899 xw.

229 1954 366 2023 Περὶ
397 1955 546 2028 τῆς-
578 1954 880 2028 αἶρέσεως-
911 1954 1031 2028 τῷν
1085 1955 1684 2028 Ἀνθρωπομορςριτῶν
1710 1958 1811 2012 καὶ
1849 1956 1969 2028 τῶν
2023 1960 2479 2014 Μασσαλιανῶν
2504 1977 2518 1991 '
2554 1961 2641 2016 ἔτι
2663 1961 2732 2015 δὲ
2788 1961 2884 2013 καὶ
2920 1960 3052 2028 περὶ
3087 1958 3218 2028 τῶν
3270 1959 3467 2013 Ναυα-

370 2025 626 2079 τιανῶνο
674 2025 764 2079 ὅτι
789 2024 886 2082 καὶ
916 2023 1085 2083 οὗτοι
1138 2029 1227 2091 εἰς
1257 2028 1460 2081 πολλὰ
1490 2026 1858 2095 διῃρέθησαν
1890 2027 1993 2081 διὰ
2019 2030 2136 2095 τὴν
2166 2029 2497 2099 μετάθεσιν
2525 2030 2631 2098 τῆς
2674 2031 2781 2085 τοῦ
2810 2023 3027 2099 Πάσχᾶ
3059 2027 3290 2097 ἑορτῆς.

304 2144 379 2200 De
416 2143 604 2200 heresi
626 2143 1280 2215 Anthropomorphitarum
1300 2151 1350 2196 et
1376 2140 1867 2215 Hassalianornm;
1905 2152 2161 2215 prmte_rea
2191 2145 2255 2196 de
2286 2143 2624 2206 Novatianis,
2663 2145 2804 2214 quod
2828 2153 2879 2199 et
2908 2145 3029 2214 jam
3057 2146 3093 2199 ii
3127 2146 3177 2199 in
3203 2146 3396 2199 utultas

987 2222 1155 2268 sectas
1187 2215 1292 2266 sint
1326 2214 1477 2267 divisi
1509 2222 1722 2281 propter
1750 2212 2011 2279 feriarum
2047 2213 2267 2266 Pascha!
2294 2217 2665 2289 "rotationem.

303 2334 376 2388 Ea
439 2343 602 2389 aetate
634 2332 869 2387 Audaeus
926 2347 1145 2403 quoque
1195 2330 1441 2399 quidam,
1476 2340 1533 2387 et
1592 2343 1791 2401 genere
1826 2336 1866 2390 Β
1903 2335 2146 2397 tempore
2165 2328 2331 2383 etiam
2350 2327 3465 2397 Massalianorum(l)pullulavithaeresis.

231 2442 291 2484 et
318 2429 506 2496 lingua
534 2426 727 2497 Syrus,
758 2425 861 2479 fuit
891 2439 1157 2479 novorum
1186 2423 1500 2491 dogmatum
1527 2423 1799 2477 inventor.

234 2517 369 2581 Quae
429 2516 578 2570 enim
639 2515 776 2569 mala
830 2514 1039 2567 dudum
1097 2515 1456 2583 parturierat,
1505 2513 1803 2583 aliquando

239 2607 463 2661 tandem
500 2605 737 2675 peperit.
789 2606 1032 2660 Primum
1071 2618 1308 2674 namque
1352 2620 1476 2659 cum
1519 2619 1803 2674 perperam

238 2698 372 2752 illud
407 2695 1103 2771 intellexissethFaciamus
1132 2696 1390 2751 hominem
1419 2697 1492 2751 ad
1517 2699 1803 2768 imaginem

230 2799 293 2842 et
307 2787 713 2843 similitudinem
733 2799 991 2851 nostram,
1039 2788 1205 2843 Dcum
1233 2788 1469 2851 humana
1491 2804 1612 2845 esse
1635 2789 1806 2851 forma

238 2882 499 2951 opinatus
537 2892 648 2947 est,
686 2882 1053 2952 eumdemque
1086 2882 1393 2951 corporalia
1434 2884 1679 2938 membra
1712 2886 1810 2937 ha-

244 2977 373 3029 bere
394 2975 732 3028 existimavit
762 2992 775 3027 :
813 2989 980 3028 sacrae
1009 2974 1313 3043 Scripturae
1340 2979 1668 3031 sententiam
1699 2993 1806 3031 non

242 3067 377 3120 satis
430 3075 757 3127 assecutus.
813 3081 935 3135 quae
998 3065 1173 3121 divini
1229 3067 1483 3123 Numinis
1544 3069 1809 3138 Operibus

244 3157 610 3213 humanarum
676 3159 911 3227 partium
969 3160 1233 3214 vocabula
1294 3162 1508 3225 tribuit,
1558 3165 1809 3234 quando-

245 3251 466 3321 quidem
496 3266 565 3305 eo
603 3251 792 3314 modo,
827 3252 920 3321 qui
961 3269 1048 3309 res
1078 3254 1393 3309 subtiliores
1436 3257 1720 3328 percipere
1757 3268 1814 3314 et

243 3346 439 3399 audire
470 3351 775 3411 nequeunt,
801 3343 1018 3397 facilius
1042 3345 1329 3399 consilium
1357 3345 1447 3401 Dei
1476 3348 1810 3420 intelligunt.

246 3435 471 3490 Addidit
494 3434 701 3489 deinde
731 3433 797 3488 ad
826 3434 1164 3503 impietatem
1198 3451 1317 3489 eam
1347 3437 1653 3492 consimilia
1682 3439 1812 3493 alia.

250 3531 289 3579 Λ
318 3525 577 3581 Manente
600 3528 746 3578 enim
780 3525 833 3580 id
867 3534 1175 3590 mutuatus,
1215 3528 1557 3583 conditorem
1592 3533 1816 3584 univer-

247 3620 427 3673 sitatis
475 3619 644 3687 hnjns
686 3617 857 3670 Deum
903 3632 1083 3687 neque
1125 3619 1303 3685 ignem
1351 3636 1526 3690 neque
1560 3624 1815 3677 tenebras

246 3724 464 3763 creasse
502 3708 714 3763 docuit.
760 3708 958 3762 Verum
1010 3708 1125 3762 haec
1168 3709 1414 3776 quidem,
1461 3720 1516 3763 et
1560 3726 1817 3779 qna'cnn-

245 3815 353 3867 que
383 3809 517 3854 sunt
541 3799 836 3868 ejusmodi,
861 3800 957 3867 qui
997 3797 1250 3852 factionis
1281 3800 1403 3866 ejus
1432 3808 1582 3863 sunt,
1610 3799 1812 3853 celant.

250 3883 521 3938 Dicuntur
549 3892 734 3935 autem
787 3898 817 3936 a
865 3882 1103 3952 publicis
1151 3883 1409 3938 Ecclesiae
1454 3885 1819 3937 conventibus

246 3974 548 4043 segregari,
579 3981 873 4041 prepterea
902 3973 1049 4041 quod
1077 3974 1325 4027 nonnulli
1359 3976 1643 4043 pecuniam
1672 3973 1815 4041 apud

247 4081 348 4121 nos
415 4066 761 4120 exsecrando
814 4065 1008 4119 fenore
1066 4067 1295 4129 locent,
1371 4067 1625 4119 nonnulli
1689 4080 1815 4120 cum

249 4160 581 4214 mulieribus
626 4168 804 4221 extra,
856 4176 967 4213 non
1020 4169 1079 4213 ut
1127 4161 1210 4213 lex
1257 4160 1529 4229 postulat,
1579 4161 1819 4232 conjugii

250 4251 712 4306 consuetudinem
744 4251 1012 4305 habentes
1047 4252 1212 4319 impie
1252 4250 1457 4305 vivant.
1490 4250 1594 4317 Qui
1627 4268 1759 4306 vero
1790 4267 1819 4306 a

253 4340 460 4401 talibus
504 4340 674 4394 rebus
715 4342 824 4393 sint
869 4340 1058 4400 alieni,
1105 4338 1280 4394 libere
1308 4355 1432 4394 cum
1466 4343 1549 4396 eis
1577 4357 1824 4397 commu-

252 4431 463 4491 nicare.
514 4431 585 4485 At
637 4430 762 4489 ideo
809 4431 932 4484 illos
971 4444 1073 4487 suo
1117 4431 1353 4500 quodam
1393 4447 1547 4488 more
1596 4436 1663 4489 ab
1702 4435 1824 4489 aliis

250 4531 538 4590 separatos
572 4524 760 4577 vivere
792 4533 1030 4585 constat,
1057 4526 1206 4592 quod
1240 4523 1556 4592 dogmatum
1598 4540 1823 4580 suorum

250 4614 535 4667 occultent
565 4613 963 4682 blasphemiam
999 4625 1055 4668 et
1091 4617 1455 4685 impietatem.
1493 4617 1667 4672 Porro
1698 4617 1823 4672 ficta

254 4707 373 4760 haec
401 4714 462 4759 et
494 4706 813 4760 assimulata
848 4707 1114 4761 sanctitas
1158 4708 1485 4777 arrogantia
1514 4717 1598 4763 est
1639 4709 1823 4778 plena,

253 4814 379 4868 quae
424 4800 639 4863 scilicet
684 4815 717 4854 a
750 4800 1000 4855 doctrina
1036 4799 1437 4855 Pharismorum
1484 4803 1820 4871 provenerit.

257 4891 395 4945 nam
418 4901 479 4947 et
507 4892 585 4946 illi
611 4893 920 4947 animarum
950 4893 1113 4947 simul
1143 4902 1199 4948 et
1223 4907 1514 4962 corporum
1546 4895 1822 4949 medicum

257 4994 632 5048 accusarunt,
672 4986 742 5039 ad
786 4996 1008 5040 sanctos
1056 4986 1336 5055 apostolos
1375 4986 1626 5041 dicentes
1662 5004 1676 5041 :
1717 4987 1825 5041 Cur
1859 5014 1899 5068 ο
1927 4989 2147 5043 venisse
2194 4987 2471 5057 cognovit,
2520 5002 2639 5040 eam
2691 4988 2857 5055 ejecit

255 5093 374 5129 cum
399 5077 698 5145 publicanis
729 5087 777 5130 et
812 5079 1175 5146 peccatoribus
1199 5077 1368 5131 cibum
1388 5080 1547 5132 sumit
1572 5080 1825 5148 magister

257 5180 426 5223 vester
452 5166 516 5220 ‘i
567 5169 631 5222 Et
661 5184 757 5237 per
791 5170 1113 5238 prophetam
1157 5170 1226 5223 de
1262 5170 1459 5223 talibus
1506 5170 1825 5226 hominibus

261 5264 393 5315 dicit
419 5263 563 5315 Deus
595 5262 738 5327 τρυε
763 5262 964 5327 dicunt,
1005 5262 1181 5316 Purus
1211 5278 1347 5323 sum,
1379 5278 1445 5316 ne
1460 5279 1541 5317 me
1566 5266 1823 5335 attigeris,

263 5356 360 5405 iste
404 5356 582 5421 fumus
622 5355 820 5422 furoris
866 5357 967 5407 mei
1012 5362 1089 5407 est
1144 5354 1185 5407 '.
1228 5355 1486 5409 Sedenim
1530 5358 1824 5412 amentiam

268 5443 493 5497 istorum
526 5444 776 5499 refellere
832 5444 1098 5513 temporis
1128 5444 1286 5500 istius
1313 5460 1424 5499 non
1455 5456 1560 5501 est.
1591 5446 1829 5501 Proinde

269 5537 335 5592 ad
379 5538 590 5607 reliqua
624 5538 1100 5591 commemoranda
1137 5536 1581 5608 progrediamur.
1621 5537 1824 5593 Eodem

345 5653 358 5678 ‘
385 5650 577 5705 Matth.
604 5667 677 5719 Ix,
711 5651 795 5703 Η.

874 5651 895 5682 ¹
936 5650 1036 5706 lsa.
1066 5668 1160 5718 LII,
1202 5653 1287 5708 ll.
1366 5653 1386 5685 ⁸
1410 5653 1564 5709 Joan.
1595 5668 1670 5721 vt,
1701 5653 1789 5707 55.

1909 2418 2177 2488 Εὐχήτας,
2210 2420 2313 2474 hoc
2346 2430 2426 2474 est
2450 2430 2771 2488 precatores,
2814 2421 2913 2474 hos
2941 2419 3350 2489 cognominant,
3378 2419 3470 2487 qni

1905 2525 2025 2563 eam
2088 2525 2276 2565 vocem
2337 2512 2389 2565 in
2441 2511 2687 2566 Graecum
2747 2512 3079 2567 transtulere
3139 2527 3470 2567 sermonem.

1908 2595 2124 2653 lIabent
2155 2608 2339 2654 autem
2370 2601 2515 2656 aliud
2557 2617 2775 2672 quoque
2807 2617 3132 2671 cognomen,
3163 2618 3228 2657 ex
3260 2618 3317 2657 re
3356 2603 3472 2669 ipsa

1908 2697 2095 2742 natum
2129 2707 2143 2742 :
2180 2689 2589 2747 Ἑνθουπιασταί
2613 2694 2780 2756 enim,
2802 2693 2906 2748 hoc
2933 2704 3019 2747 est
3041 2693 3275 2748 Numine
3306 2692 3472 2747 ablati

1908 2781 2289 2847 nominantur,
2343 2784 2590 2838 daemone
2640 2786 2897 2852 quopiam
2940 2785 3050 2838 vim
3100 2785 3155 2839 in
3197 2785 3280 2840 eis
3319 2801 3473 2839 suam

1910 2884 2236 2936 exercente,
2271 2890 2434 2943 quam
2484 2892 2597 2929 rem
2638 2874 2876 2943 Spiritus
2908 2876 3082 2931 sancti
3133 2877 3477 2945 praesentiam

1913 2983 2034 3021 esse
2060 2968 2377 3037 opinantur.
2404 2968 2506 3034 Qui
2537 2984 2667 3022 vero
2700 2970 2754 3022 in
2781 2968 2883 3022 huc
2913 2967 3046 3021 vitio
3081 2966 3302 3036 perfecti
3328 2977 3478 3030 sunt,

1915 3074 2177 3113 manuum
2215 3074 2353 3128 opus
2383 3074 2545 3113 omne
2573 3068 2628 3113 et
2652 3059 2892 3113 laborem
2919 3059 3150 3129 perinde
3181 3070 3344 3127 atque
3378 3059 3481 3111 im-

1916 3159 2247 3231 probitatem
2288 3167 2633 3212 aversantur.
2671 3157 2859 3225 Itaque
2895 3171 3089 3210 somno
3117 3155 3311 3219 dediti,
3333 3170 3482 3209 som-

1917 3249 2132 3304 nierum
2186 3249 2425 3300 visiones
2454 3257 2509 3299 et
2535 3245 2851 3315 phantasias
2882 3243 3228 3313 prophetiam
3258 3248 3476 3295 vocant.

1918 3320 2080 3394 Istius
2114 3339 2336 3393 haeresis
2367 3338 2533 3391 duces
2578 3337 2732 3389 fuere
2774 3334 3009 3396 Dadoes,
3047 3333 3276 3395 Sabbas,
3319 3330 3483 3386 Adel-

1916 3434 2103 3506 phins,
2146 3434 2376 3485 Hermas
2428 3440 2482 3484 et
2513 3430 2835 3500 Symcones.
2870 3438 3033 3498 atque
3082 3434 3338 3495 [iraaterea
3365 3422 3483 3478 atii.

1918 3526 2019 3593 Qui
2048 3525 2268 3594 quidem
2313 3540 2371 3577 se
2421 3523 2487 3577 ab
2533 3519 2911 3576 ecclesiastica
2945 3517 3334 3572 communione
3376 3530 3483 3569 non

1919 3618 2321 3676 abstinuerunt.
2357 3613 2494 3667 nihil
2526 3628 2751 3681 prorsus
2776 3611 2859 3665 vel
2892 3610 3151 3680 prodesse
3180 3606 3260 3660 vel
3291 3606 3487 3660 obesse

1921 3710 2162 3763 divitum
2195 3723 2375 3760 escam
2407 3706 2677 3761 dicentes.
2707 3705 2783 3759 De
2812 3720 2917 3773 qua
2946 3702 3211 3757 Dominus
3234 3698 3490 3754 Christus

1922 3799 2103 3867 inquit
2132 3815 2145 3850 :
2180 3797 2281 3862 Qui
2313 3797 2598 3850 manducat
2632 3811 2802 3849 meam
2837 3810 3072 3858 carnem,
3092 3801 3138 3845 et
3168 3792 3290 3844 bibit
3319 3804 3488 3842 meum

1918 3891 2251 3959 sanguinem,
2281 3889 2490 3946 sivetiu
2518 3898 2774 3946 externum
2804 3895 2843 3942 ³.
2875 3890 3332 3943 Morbum'autem
3363 3900 3489 3939 eum

1920 3983 2263 4053 supprimere
2291 3983 2480 4037 sedulo
2505 3991 2794 4044 conantur,
2822 3990 2877 4036 et
2900 3980 3153 4034 eumdem
3176 3979 3339 4034 etiam
3362 3993 3494 4031 con-

1922 4074 2051 4127 victi
2083 4073 2434 4143 impudenter
2469 4078 2772 4142 pernegant
2814 4087 2828 4122 :
2862 4081 2916 4128 et
2950 4070 3060 4126 illis
3080 4070 3182 4140 ’qui
3213 4070 3269 4123 in
3298 4068 3490 4124 eadem

1924 4176 2053 4219 sunt
2088 4165 2389 4234 opinione,
2429 4178 2594 4232 quam
2646 4162 2748 4233 ipsi
2793 4163 2976 4234 animo
3024 4161 3491 4231 complectuntur,

1923 4232 2166 4310 Ecclesia
2219 4254 2582 4309 interdicunt.
2638 4232 2861 4309 betoius
2911 4232 3042 4307 sane
3086 4251 3492 4306 hlelitinensem

1923 4349 2237 4416 gubernans
2270 4347 2591 4410 Ecclesiam,
2627 4349 2709 4400 vir
2740 4346 2929 4399 divino
2958 4344 3156 4398 ardore
3189 4351 3490 4413 spectatus,

1924 4454 2047 4494 cum
2089 4438 2258 4491 multa
2301 4437 2632 4490 monasteria
2666 4451 2761 4491 seu
2806 4435 2987 4503 potius
3019 4433 3336 4504 praedonum
3367 4447 3494 4503 spe-

1925 4532 2116 4586 luncas
2148 4532 2476 4599 contagione
2510 4528 2688 4582 morbi
2725 4530 2847 4598 ejus
2881 4527 3083 4596 corripi
3115 4526 3367 4590 videret,
3402 4541 3495 4580 eas

1927 4621 2201 4679 incendit.
2232 4630 2289 4674 et
2321 4622 2481 4689 lupos
2514 4620 2584 4674 ab
2618 4620 2801 4674 ovium
2833 4635 2996 4689 grege
3025 4619 3263 4690 depulit.
3300 4618 3492 4673 Itidem

1925 4723 1982 4767 et
2012 4712 2465 4782 prazclarissimus
2495 4712 2587 4766 ille
2613 4711 3055 4782 Amphilochius,
3089 4713 3180 4779 qui
3219 4722 3497 4780 metropo-

1926 4805 2022 4860 lim
2055 4804 2344 4876 Lycaonia:
2381 4804 2506 4858 lidci
2546 4819 2657 4859 sua:
2690 4803 2957 4858 creditam
2996 4804 3153 4864 rexit.
3191 4813 3246 4859 et
3276 4815 3493 4875 gentem

1929 4897 2243 4950 universam
2292 4895 2641 4966 gubernavit,
2679 4896 2769 4949 ubi
2821 4903 3030 4964 pestem
3065 4896 3227 4950 talem
3268 4911 3335 4950 eo
3364 4912 3493 4965 per-

2902 5003 2916 5040 :
2963 4994 3020 5041 et
3067 5003 3259 5057 greges
3301 4986 3394 5050 qui
3426 4986 3496 5041 ab

1930 5094 1997 5133 eo
2022 5078 2410 5150 pascebantur,
2444 5078 2596 5131 clade
2629 5093 2691 5131 ea
2744 5077 3017 5131 libi-ravit.
3061 5078 3231 5132 Porro
3274 5086 3331 5131 et
3374 5077 3494 5132 Fla-

1932 5170 2149 5234 vianus,
2180 5169 2384 5224 celebri
2419 5171 2558 5223 fama
2590 5170 2691 5233 vir,
2730 5178 3017 5239 postquam
3050 5169 3356 5225 Antiochiae
3379 5172 3495 5238 epi-

1933 5278 2133 5332 scopus
2173 5273 2258 5316 est
2307 5263 2503 5326 factus,
2555 5274 2609 5315 et
2658 5264 2710 5318 id
2763 5279 2937 5332 genus
2986 5263 3237 5317 homines
3287 5264 3499 5319 Edessa:

1934 5353 2142 5405 versari
2174 5352 2453 5421 cognovit,
2501 5368 2710 5408 veneno
2740 5369 2841 5408 suo
2875 5352 3140 5408 ﬁnitimos
3168 5353 3497 5417 inlicientes,

1935 5445 2332 5497 monachorum
2393 5443 2682 5499 sodalitate
2740 5446 2972 5515 quadam
3034 5446 3101 5500 ad
3156 5460 3253 5499 eos
3313 5449 3499 5510 missa,

1935 5537 2285 5592 Antiochiam
2334 5551 2430 5591 eos
2477 5539 2764 5606 pertraxit,
2809 5548 2865 5591 et
2910 5537 3293 5611 aegritudinem
3345 5554 3499 5592 suam

339 5801 410 5870 (l)
442 5802 890 5858 Massalianorum
945 5803 1199 5866 istorum,
1270 5799 1364 5869 qui
1394 5810 1450 5857 et
1481 5799 1725 5855 Euchita:
1768 5800 1883 5853 sive
1922 5796 2293 5852 Enthusiasta:
2346 5795 2628 5862 dicuntur,
2685 5799 2892 5854 mentio
2944 5798 3023 5862 lit,
3075 5797 3113 5850 l.
3170 5794 3397 5854 Ariani.
3447 5805 3505 5847 nt

273 5882 423 5936 supra
