3796 6534
447 402 553 468 615

1675 391 2097 454 NlCEPllORl
2138 390 2355 452 CALLI
2365 390 2483 451 STl

3532 391 3611 453 616

448 522 816 591 pernegantes
858 512 925 568 ad
972 512 1123 567 hunc
1156 508 1379 566 modum
1417 508 1473 564 in
1509 506 1743 563 crimine
1777 504 1899 575 ipso
1933 503 2027 559 de-
2051 511 2101 568 Α
2128 517 2304 558 noxas
2356 501 2662 591 remittere.
2709 493 2993 570 Ejusmodi
3040 493 3251 591 litteras
3291 494 3342 549 in
3379 498 3617 567 provinciis

452 607 770 681 prehendit.
837 607 1208 661 Accusatores
1268 600 1416 657 enim
1482 613 1676 654 eorum
1739 595 1877 651 falsa
1931 610 2030 667 per

452 701 782 756 calumniam
826 698 1068 762 del‘errc,
1115 704 1173 750 et
1225 702 1395 748 testes
1447 689 1730 744 mendacia
1780 686 2030 758 proferre

454 795 615 849 dixit.
676 790 1010 860 Adelphium
1073 796 1258 842 autem
1328 783 1623 838 admodum
1674 780 1786 850 jam
1843 793 2029 834 senem

454 883 650 939 blande
697 880 1057 952 ccmpellans,
1103 876 1347 931 assidere
1393 873 1498 928 sibi
1542 872 1709 943 jussit
1750 869 1862 924 :Et
1905 883 2031 933 nos,

454 974 657 1044 inquit,
699 989 732 1027 ο
778 986 967 1033 senex,
1004 969 1096 1037 qui
1140 969 1251 1038 jaut
1294 966 1461 1019 vitam
1512 978 1684 1033 prepe
1727 962 2031 1029 exegimus,

457 1066 669 1122 certius
700 1079 823 1118 cum
857 1062 1154 1115 humanam
1191 1067 1447 1109 naturam
1479 1051 1882 1122 perspeximus,
1916 1057 2029 1102 tum

456 1157 903 1212 adversariorum
941 1151 1253 1205 diemonum
1291 1146 1656 1216 cognovimus
1688 1142 2031 1204 molitiones,

458 1250 640 1317 reipsa
678 1260 897 1313 quoque
943 1241 1131 1312 gratiae
1164 1237 1736 1294 subministrationem
1786 1232 2034 1305 perdidi-

458 1344 660 1396 cimus.
691 1338 931 1393 Juvenes
963 1350 1146 1390 autem
1196 1332 1312 1396 isti,
1355 1330 1447 1403 qui
1485 1330 1679 1383 harum
1723 1341 1908 1380 rerum
1945 1341 2036 1380 ac-

457 1431 705 1486 curatius
757 1429 897 1484 nihil
958 1427 1319 1495 intelligunt,
1367 1426 1659 1480 sermones
1714 1422 2033 1493 spirituales

456 1523 650 1578 audire
710 1538 818 1576 tton
877 1519 1178 1575 sustinent.
1235 1518 1585 1587 Quapropter
1642 1515 1777 1569 milii
1833 1514 2032 1575 dicito.

456 1614 735 1686 quomodo
761 1628 860 1668 vos
886 1610 1192 1682 perhibetis
1211 1626 1339 1666 cum
1368 1610 1626 1679 spiritum
1653 1607 2031 1661 adversarium

457 1706 697 1768 cedere,
752 1714 867 1758 tum
928 1702 1167 1773 Spiritus
1223 1702 1396 1756 sancti
1453 1700 1687 1771 gratiam
1727 1698 2038 1753 advenire?

467 1797 658 1855 Verbis
713 1796 867 1851 hisce
924 1810 1095 1851 senex
1152 1794 1479 1859 demulsus,
1541 1808 1813 1848 venenum
1869 1808 2034 1847 omne

2132 589 2694 665 degenteuhomines
2758 603 2886 644 cum
2951 585 3305 655 accepissent.
3353 592 3618 646 sententiam

2131 700 2322 740 earum
2348 694 2404 739 et
2424 682 2693 754 judicium
2729 682 2797 736 ad
2827 694 3011 735 mores
3034 694 3164 734 suos
3186 679 3617 739 accommodabant.

2136 776 2204 833 Ut
2240 776 2388 831 enim
2444 774 2535 830 ille
2586 772 2939 843 signiﬁcavit,
2997 785 3105 825 non
3160 770 3492 824 admittendos
3531 789 3622 829 esse

2135 865 2201 920 ad
2266 864 2547 935 mysteria,
2600 863 2695 932 qui
2755 873 2878 931 post
2926 859 3253 928 baptismum
3302 868 3543 926 peccatum
3581 864 3622 916 in

2133 960 2365 1006 mortem
2397 951 2798 1006 admisissent:
2838 949 2961 1003 aliis
2988 946 3208 1018 quidem
3257 948 3437 1003 acerba
3474 960 3520 1003 et
3551 952 3626 1004 ini-

2137 1044 2314 1099 manis
2343 1043 2570 1099 canonis
2606 1041 2924 1114 hujnsmodi
2953 1041 3067 1095 visa
3126 1048 3209 1094 est
3236 1054 3349 1093 esse
3388 1045 3626 1107 sententia,

2135 1135 2228 1189 alii
2278 1144 2497 1202 autem,
2554 1135 2699 1206 quod
2748 1134 2958 1207 justum
3008 1141 3067 1187 et
3106 1131 3174 1186 ad
3204 1131 3363 1186 vitam
3394 1146 3629 1203 moresque

2135 1224 2496 1296 corrigendos
2556 1225 3030 1281 accommodatum
3079 1236 3203 1277 esse
3257 1231 3521 1277 censerent
3557 1223 3629 1276 de-

2136 1328 2374 1383 cretum,
2417 1333 2712 1388 suscepere
2741 1318 2842 1389 (2).
2892 1317 2965 1372 De
3012 1329 3125 1385 quo
3165 1329 3287 1369 cum
3317 1329 3409 1383 per
3431 1317 3634 1383 quaestio-

2135 1425 2263 1463 nem
2307 1409 2707 1479 ambigeretur,
2755 1409 2878 1462 alia:
2925 1404 3169 1462 Cornelii
3215 1406 3441 1473 episcOpi
3485 1419 3633 1474 super-

2136 1515 2340 1556 venere
2369 1501 2592 1565 litterae,
2640 1501 2876 1571 gratiam
2919 1498 3107 1555 delicti
3152 1497 3316 1552 etiam
3350 1496 3450 1550 illis
3471 1512 3636 1552 annun-

2141 1595 2362 1657 tiantes,
2394 1594 2489 1665 qui
2523 1605 2647 1665 post
2682 1594 3017 1665 baptismum
3048 1600 3384 1663 peccassent.
3427 1590 3496 1644 Ad
3527 1591 3637 1644 hunc

2072 1748 2081 1757 .
2138 1685 2369 1739 modum
2398 1701 2522 1740 cum
2558 1688 2785 1756 utrique
2814 1686 3093 1740 contraria
3122 1684 3265 1738 inter
3290 1698 3346 1737 se
3372 1698 3459 1752 per
3481 1684 3640 1751 episto-

2138 1777 2220 1833 las
2254 1777 2584 1840 scriberent,
2614 1788 2671 1833 et
2715 1793 2838 1847 quae
2884 1776 3148 1831 dicebant
3194 1774 3483 1829 divinarum
3509 1774 3640 1829 Litte-

459 1903 820 1959 suppressum
874 1888 1167 1953 evomuit,
1237 1895 1296 1943 et
1351 1887 1561 1942 nullam
1622 1885 1911 1941 utilitatem
1964 1900 2031 1941 ex

2143 1884 2325 1924 rarum
2359 1870 2602 1925 oraculis
2629 1869 3014 1934 obﬁrmarent,
3043 1882 3144 1938 pro
3184 1865 3424 1921 moribus
3456 1865 3640 1935 quisque

458 1982 623 2054 129
653 1981 843 2035 divino
898 1980 1175 2050 baptismo
1212 1980 1279 2035 ad
1328 1995 1425 2035 eos
1470 1979 1565 2048 qui
1601 1994 1670 2033 eo
1720 1986 2031 2043 uterentur,

460 2070 750 2141 pervenire
783 2070 944 2124 dixit.
979 2069 1161 2125 Solam
1195 2079 1380 2124 autem
1427 2068 1735 2123 orationem
1782 2068 2033 2123 sedulam

458 2163 762 2217 daemonem
813 2162 871 2215 in
915 2160 1117 2219 animis
1166 2160 1514 2214 habitantem
1565 2160 1790 2230 ejicere.
1825 2157 2038 2213 Unum-

458 2269 735 2325 quemque
784 2253 932 2308 enim
988 2251 1086 2322 qui
1143 2262 1403 2306 nascatur
1455 2251 1734 2305 hominem
1794 2265 1822 2304 a
1858 2250 2037 2321 primo

460 2352 712 2414 parente,
772 2342 939 2397 sicuti
995 2349 1273 2406 naturam,
1314 2341 1390 2395 ita
1448 2339 1764 2394 daemonum
1814 2354 2038 2410 quoque

462 2422 790 2486 servitutem
865 2431 1107 2486 trahere.
1193 2431 1405 2497 Quibus
1461 2430 1783 2501 precatione
1849 2430 2037 2484 sedula

463 2522 710 2583 exactis,
770 2522 1034 2593 deinceps
1086 2521 1357 2592 Spiritum
1423 2530 1677 2576 sanctum
1739 2519 2037 2582 advenire,

464 2612 817 2682 praesentiam
852 2627 1032 2677 suam,
1062 2614 1138 2667 ita
1165 2622 1223 2667 ut
1251 2612 1523 2666 sentiatur
1551 2620 1605 2665 et
1638 2612 2038 2680 coriSpiciatur,

465 2704 824 2771 indicantem,
891 2719 1207 2774 corpusque
1247 2704 1317 2759 ab
1361 2702 1717 2757 aﬂ'ectionutn
1767 2719 1864 2757 seu
1915 2719 2041 2773 per-

462 2799 782 2867 pessionum
818 2804 968 2851 metu
1008 2796 1361 2861 liberantem,
1398 2808 1453 2849 et
1484 2796 1723 2849 animam
1769 2797 1837 2850 ab
1876 2795 2039 2850 incli-

464 2891 686 2943 natione
726 2904 790 2944 ea
825 2905 948 2958 qua
992 2890 1048 2943 in
1088 2890 1336 2945 deterius
1371 2888 1501 2955 fert,
1535 2889 1610 2943 ita
1640 2889 2037 2957 vindicantem,

464 2991 522 3035 ut
556 2990 749 3051 postea
780 2996 958 3050 neque
992 2982 1332 3035 abstinentia
1372 2989 1430 3035 et
1470 2981 1681 3053 jejunio
1715 2997 1919 3052 corpus
1945 2997 2040 3038 ca-

463 3072 722 3142 stigante,
756 3088 938 3143 neque
972 3072 1229 3127 doctrina
1261 3089 1384 3142 quae
1405 3073 1595 3128 frenos
1617 3073 1779 3128 nobis
1802 3075 2038 3147 injiciat,

2137 1962 2255 2020 suis
2288 1979 2409 2017 eant
2442 1962 2837 2032 comprobabat
2866 1961 3223 2022 sententiam,
3260 1960 3324 2013 ad
3349 1975 3496 2029 quam
3522 1971 3639 2013 ante:

2135 2058 2301 2112 etiam
2338 2055 2635 2111 inclinatus
2659 2056 2828 2125 magis
2857 2055 3061 2108 fuerat.
3085 2053 3191 2119 Qui
3214 2052 3358 2107 enim
3380 2051 3641 2122 delinquere

2137 2159 2195 2204 et
2230 2132 2459 2221 peccare
2488 2148 2725 2203 libenter
2757 2147 2902 2202 soliti
2934 2158 3119 2225 erant,
3165 2146 3486 2217 ejuscetnodi
3513 2150 3644 2200 venia:

2138 2240 2499 2296 concessione
2558 2247 2672 2294 tum
2727 2249 2973 2309 accepta.
3033 2254 3135 2310 per
3193 2239 3453 2309 reliquum
3494 2238 3643 2296 deinde

2139 2334 2266 2387 vita:
2317 2340 2536 2401 tempus
2587 2347 2652 2385 ea
2705 2331 2762 2385 in
2813 2331 3031 2386 delictis
3080 2331 3341 2385 omnibus
3388 2331 3643 2386 utebantur.

2139 2424 2287 2481 Gens
2337 2440 2504 2495 porro
2564 2425 2840 2495 Phrygum
2883 2424 3102 2495 populis
3146 2423 3272 2478 aliis
3316 2428 3645 2494 temperantior

2143 2517 2592 2589 tuoderatiorque
2617 2532 2741 2574 esse
2765 2517 3004 2572 videtur.
3037 2517 3274 2573 Perraro
3296 2520 3436 2572 enim
3460 2517 3647 2588 Phryges

2137 2613 2349 2683 jurant.
2404 2612 2473 2667 Et
2520 2611 2803 2666 iracundia
2851 2610 3076 2681 quidem
3146 2610 3294 2680 apud
3360 2609 3561 2681 Scythas
3606 2621 3648 2664 et

2145 2701 2391 2757 Thraces
2451 2700 2766 2756 dominatur
2808 2719 2823 2756 :
2874 2686 3205 2755 libidini'et
3257 2701 3650 2769 concupiscentia

2143 2794 2457 2849 Orientales
2482 2794 2671 2865 populi
2714 2793 2887 2865 magis
2916 2794 3229 2849 inserviunt
3260 2810 3276 2849 :
3305 2794 3649 2866 Paphlagonum

2144 2895 2330 2940 autem
2364 2895 2420 2941 et
2449 2886 2726 2958 Phrygum
2760 2902 2897 2958 gens
2934 2886 3004 2941 ad
3035 2896 3300 2941 neutrum
3344 2902 3511 2941 rerum
3553 2890 3651 2941 ista-

2148 2996 2271 3034 rum
2321 2996 2594 3050 pr0pensa
2655 2990 2758 3036 est.
2820 2981 3012 3052 Neque
3061 2982 3215 3037 enim
3268 2980 3382 3036 ludi
3426 2980 3654 3037 Circenses

2145 3085 2326 3142 neque
2384 3072 2695 3150 spectacula
2758 3088 2908 3128 nunc
2984 3077 3128 3144 apud
3203 3088 3305 3129 eos
3362 3074 3654 3131 exhibentur.

462 3173 516 3217 et
569 3165 874 3234 composite
914 3165 1200 3219 ambulare
1253 3165 1470 3230 doceat,
1508 3166 1580 3219 sit
1631 3180 1791 3236 Opus.
1851 3167 1915 3221 Et
1949 3169 2036 3222 cui
2069 3195 2112 3253 ρ
2147 3169 2499 3239 Quapropter
2531 3168 2609 3223 illi
2639 3178 2803 3239 atque
2836 3168 2971 3223 item
3020 3169 3115 3223 alii
3151 3158 3400 3235 ejusdem
3431 3170 3655 3225 sententia

464 3265 544 3310 tta
582 3256 824 3325 Spiritus
872 3266 1102 3310 sanctus
1152 3256 1470 3324 obveniret,
1516 3273 1643 3313 eum
1694 3273 1802 3312 non
1863 3261 2040 3315 solum

465 3362 494 3400 a
554 3348 839 3421 corporist
869 3348 1284 3403 titillationibus
1320 3348 1548 3402 liberari
1571 3390 1585 3412 ,
1646 3367 1838 3406 verum
1874 3353 2041 3407 etiam

465 3436 613 3490 clare
675 3418 860 3490 futura
919 3439 1247 3507 praevidere,
1312 3449 1367 3492 et
1412 3441 1738 3496 Trinitatem
1800 3444 2041 3498 divinam

467 3527 648 3583 oculis
694 3529 808 3583 suis
858 3545 1107 3584 cernere.
1170 3528 1282 3584 Hoc
1327 3541 1489 3600 pacto
1537 3533 1702 3588 divus
1747 3534 2045 3589 Flavianus

470 3618 670 3686 putido
709 3620 915 3675 ellosso
948 3621 1125 3687 fonte,
1156 3633 1213 3677 et
1262 3624 1432 3693 impio
1482 3626 1693 3680 nudato
1740 3626 1925 3693 latice,
1975 3629 2042 3681 ad

467 3711 749 3766 infelicent
786 3712 941 3766 illurn
985 3729 1175 3768 senem
1213 3715 1393 3784 inquit
1429 3732 1444 3770 :
1477 3716 1788 3774 lnvetcrate
1828 3719 2042 3775 dierum

467 3804 763 3867 malorum,
793 3806 1077 3873 redarguit
1106 3814 1158 3859 te
1186 3822 1248 3859 os
1284 3817 1462 3873 tuum,
1492 3823 1597 3862 non
1631 3824 1733 3880 ego
1764 3825 1779 3863 :
1816 3819 1869 3864 et
1898 3811 2044 3865 labia

469 3906 563 3951 tua
605 3897 980 3951 testimonium
1016 3898 1425 3967 perhibuerunt
1449 3907 1643 3955 contra
1675 3911 1749 3955 te.
1789 3902 1854 3956 Et
1886 3912 2044 3972 peste

470 3988 559 4042 illa
596 3989 652 4042 in
680 4000 932 4058 apertum
969 3992 1207 4060 prolata,
1239 3987 1398 4061 Syria
1432 4001 1563 4046 sunt
1585 3992 1784 4059 exacti,
1810 4004 1864 4047 et
1888 3994 2047 4047 Patu-

467 4080 708 4150 phyliam
740 4082 1194 4152 commigrantes,
1224 4098 1345 4136 eam
1383 4098 1604 4153 quoque
1645 4085 1800 4139 clade
1845 4085 2045 4156 imple-

467 4183 691 4227 verunt.
742 4174 925 4244 Atque
983 4175 1099 4230 haec
1150 4175 1376 4243 quidem
1427 4176 1495 4230 de
1537 4176 1791 4230 absurdis
1840 4177 1962 4232 istis
1989 4187 2046 4230 et

468 4266 671 4335 ineptis
729 4261 1039 4321 haeresihus
1104 4267 1217 4320 sint
1280 4268 1450 4322 dicta.
1534 4266 1744 4322 Eodem
1799 4277 2046 4338 tempore

467 4354 763 4410 Novatiani
787 4356 866 4426 (1)
895 4373 1122 4427 quoque
1144 4359 1437 4429 Phrygiam
1467 4360 1794 4425 incolentes,
1825 4360 2047 4416 Pascha:

440 4449 616 4529 diem
653 4448 857 4503 festum
905 4461 1214 4507 mutavere.
1268 4449 1330 4505 ld
1388 4465 1551 4519 porro
1601 4467 1895 4520 exponam,
1949 4453 2044 4507 ubi

471 4542 714 4611 primum
751 4543 968 4607 dixero,
998 4544 1359 4612 quamobrem
1391 4543 1634 4615 Phryges
1662 4555 1718 4599 et
1750 4545 2049 4615 Paphlago-

473 4646 576 4685 nes
625 4633 882 4687 Ecclesi-e
922 4648 1113 4687 eorum
1159 4642 1269 4689 tam
1324 4636 1558 4690 ﬁrmiter
1605 4638 1883 4692 retineant
1941 4638 2047 4692 ltu-

466 4723 707 4792 justnodi
753 4723 1085 4779 sanctiones.
1135 4726 1381 4780 Novatus
1415 4728 1709 4797 presbyter
1753 4739 2048 4797 propterea

471 4815 541 4868 ab
602 4815 834 4870 ecclesia
885 4817 1133 4871 Romana
1190 4818 1485 4884 discessit,
1546 4819 1693 4889 quod
1759 4819 2048 4876 Cornelius

471 4908 767 4978 episcopus
800 4922 899 4963 eos
924 4911 990 4963 ad
1021 4912 1465 4965 communionem
1500 4911 1823 4977 admiserat,
1866 4914 1960 4981 qui
1986 4913 2043 4965 in

474 5000 857 5068 persecutione
906 5001 975 5055 ab
1022 5002 1362 5071 imperatore
1411 5002 1579 5056 Decio
1632 5003 1890 5066 excitata,
1943 5004 2051 5059 diis

474 5088 945 5144 sacriﬁcaverant.
978 5090 1128 5144 llanc
1156 5093 1326 5159 ipsam
1355 5091 1427 5145 ob
1453 5106 1675 5145 causam
1705 5103 2049 5162 segregatus.

474 5188 530 5233 et
550 5194 580 5233 a
611 5182 1095 5237 consentientibus
1123 5183 1229 5237 Stbl
1259 5184 1536 5252 episcopis
1569 5184 1635 5237 ad
1668 5184 2050 5253 episc0patum

477 5283 728 5341 evectus,
770 5276 1031 5329 onmihus
1066 5278 1275 5345 ubique
1305 5276 1569 5332 Ecclesiis
1597 5278 1844 5347 scripsit,
1883 5293 1952 5332 ne
1987 5278 2054 5332 ad

477 5366 735 5433 mysteria
792 5366 1147 5436 percipienda
1196 5382 1294 5422 eos
1335 5368 1428 5437 qui
1487 5368 1897 5423 sacrilicassent
1957 5370 2051 5422 ad-

482 5467 766 5512 mitterent
800 5475 814 5512 :
844 5460 940 5513 sed
975 5460 1124 5530 ipsos
1158 5461 1383 5530 quidem
1418 5461 1483 5516 ad
1519 5462 1901 5530 pmnitentiam
1951 5477 2049 5517 co-

478 5548 858 5616 hortarentur,
890 5552 1005 5607 Deo
1032 5564 1215 5608 autem
1255 5554 1430 5609 veniae
1464 5556 1877 5610 concessionem
1918 5568 2049 5624 per-

479 5639 782 5705 mitterent,
813 5644 907 5713 qui
945 5645 1097 5699 solus
1136 5646 1453 5702 facultatem
1487 5646 1717 5702 haberet
1768 5655 1827 5700 et
1861 5653 2050 5714 posset

555 5783 629 5851 (l)
659 5786 812 5858 Socr.
844 5786 939 5839 lib.
966 5802 1045 5858 tv,
1082 5802 1202 5858 cap.
1233 5787 1323 5841 28.

2150 3261 2283 3314 mihi
2315 3262 2488 3332 magis
2517 3262 2786 3319 inclinare
2814 3261 3076 3317 videntur
3104 3263 3172 3317 ad
3212 3278 3279 3317 ea
3304 3279 3422 3333 qua:
3449 3279 3476 3318 a
3498 3263 3657 3318 Novato

2147 3355 2464 3424 praescripta
2516 3363 2665 3408 sunt.
2716 3354 3063 3424 Praecipuum
3102 3371 3348 3426 namque
3398 3356 3532 3426 apud
3571 3357 3659 3410 illos

2148 3456 2407 3515 tanquam
2441 3445 2713 3515 piaculum
2762 3456 2820 3501 et
2872 3447 3221 3501 abominatio
3270 3456 3356 3503 est
3399 3447 3657 3502 fornicatio.

2146 3535 2215 3590 Et
2243 3552 2376 3591 sane
2408 3538 2650 3608 Phryges
2689 3546 2746 3592 et
2778 3538 3159 3608 Paphlagones
3209 3538 3485 3593 moderate
3513 3538 3659 3608 magis.

2147 3647 2312 3701 quam
2341 3631 2477 3685 alias
2515 3645 2880 3701 quascunque
2906 3632 3165 3697 haereses,
3204 3631 3396 3688 vivere
3436 3631 3661 3686 videmus.

2153 3722 2420 3777 Eamdem
2471 3737 2693 3778 causam
2743 3737 2867 3778 esse
2915 3722 3116 3792 opinor
3170 3723 3261 3778 eis
3303 3725 3462 3778 etiam
3507 3724 3586 3793 qui
3623 3722 3661 3775 in

2148 3816 2592 3870 occidentalibus
2652 3817 2905 3885 partibus
2957 3816 3235 3882 habitant,
3285 3826 3344 3871 et
3382 3816 3557 3889 Novati
3600 3816 3668 3869 de-

2147 3919 2305 3964 creto
2368 3919 2586 3978 parent.
2661 3907 2836 3964 Porro
2887 3908 3135 3964 Novatus
3198 3910 3418 3965 etiamsi
3491 3916 3668 3979 propter

2147 4001 2396 4057 exactius
2443 4001 2569 4056 vitae
2623 4016 2798 4071 genus
2833 4015 2989 4056 suam
3040 4001 3147 4056 sibi
3197 4012 3407 4058 sectam
3461 4001 3668 4063 instituit,

2149 4107 2260 4163 non
2289 4091 2377 4147 ille
2408 4101 2588 4145 tamen
2618 4090 2920 4160 quidquam
2958 4091 3029 4147 de
3059 4090 3292 4147 Pascha:
3321 4093 3457 4147 festo
3486 4094 3566 4147 die
3586 4107 3673 4144 ruu-

2152 4187 2307 4242 tavit.
2342 4185 2571 4255 Semper
2599 4200 2864 4255 namque,
2911 4184 3075 4240 sicuti
3114 4184 3501 4241 Occidentales
3532 4193 3673 4256 partes

2150 4278 2336 4333 facere
2395 4280 2568 4333 solitae
2623 4288 2805 4343 erant,
2863 4287 2922 4332 ct
2972 4279 3092 4348 ipse
3136 4276 3356 4335 Pascha
3406 4279 3672 4335 celebravit

2148 4368 2358 4423 Pascha
2410 4377 2594 4423 autem
2651 4370 2762 4423 illa:
2804 4383 3024 4439 semper
3083 4380 3261 4441 agunt
3310 4373 3425 4444 jam
3477 4373 3589 4426 inde
3625 4371 3676 4423 ab

2152 4460 2338 4526 initio,
2373 4474 2440 4515 ex
2489 4475 2600 4529 quo
2646 4460 2944 4517 Christiani
2996 4473 3127 4518 sunt
3180 4466 3340 4531 facti,
3390 4476 3508 4537 post
3543 4466 3676 4534 tequi-

2079 4530 2125 4585 Ῑ)
2155 4554 2422 4608 noctium.
2456 4553 2556 4608 Hic
2586 4554 2938 4625 postmodum
2993 4557 3098 4612 sub
3127 4530 3422 4614 Valeriano
3457 4530 3677 4629 principe,

2153 4643 2250 4713 qui
2295 4644 2739 4714 persecutionem
2790 4648 3058 4702 adversus
3081 4645 3443 4703 Christianos
3483 4647 3678 4700 concita-

2150 4743 2331 4800 verat,
2359 4737 2622 4806 martyrio
2648 4737 2816 4791 vitam
2843 4736 3008 4792 (iniit.
3037 4737 3140 4803 Qui
3174 4753 3310 4794 vero
3344 4739 3465 4808 ejus
3501 4737 3680 4791 nomine

2152 4830 2210 4882 in
2238 4826 2476 4898 Phrygia
2506 4838 2825 4898 censentur,
2852 4832 2923 4886 ab
2951 4830 3225 4888 institutis
3253 4841 3315 4888 et
3342 4829 3680 4887 communione

2151 4923 2272 4994 ejus
2300 4938 2425 4977 cum
2457 4921 2561 4977 sibi
2595 4924 2731 4992 ipsis
2755 4923 3106 4994 indulgentes
3128 4924 3568 4996 degenerassent,
3604 4923 3681 4975 hoc

2153 5022 2399 5084 tempore
2425 5014 2681 5082 paschale
2714 5030 2939 5085 quoque
2983 5016 3185 5073 festum
3234 5026 3535 5072 mutarunt.
3570 5013 3680 5068 Cou—

2151 5101 2281 5157 cilio
2333 5101 2480 5157 enim
2540 5104 2595 5156 in
2647 5104 2788 5158 Pazo
2848 5104 2999 5171 vico,
3065 5107 3160 5160 ubi
3227 5105 3488 5176 Sangaris
3534 5103 3678 5159 amnis

2156 5193 2318 5265 130
2355 5192 2536 5249 fontes
2564 5204 2717 5259 sunt,
2748 5206 2965 5259 coacto,
2990 5197 3150 5266 pauci
3173 5198 3403 5266 quidam
3427 5206 3481 5251 et
3502 5191 3678 5248 obscuri

2155 5302 2255 5355 per
2282 5285 2574 5357 Phrygiam
2623 5285 3058 5342 Novatianorum
3112 5289 3362 5359 episcOpi
3391 5294 3680 5346 statuerunt,

2155 5382 2473 5438 Judaeorutn
2518 5398 2705 5454 azyma
2760 5384 3106 5441 observanda
3140 5397 3195 5441 et
3241 5402 3372 5440 cum
3401 5390 3482 5441 eis
3512 5380 3680 5438 Pascha

2156 5476 2554 5531 celebrandum
2603 5491 2748 5531 esse.
2788 5474 2914 5533 Haec
2956 5477 3063 5533 sibi
3110 5480 3429 5534 renuntiata
3471 5471 3683 5530 esseSt)-

2156 5580 2337 5624 crates
2361 5570 2479 5641 (qui
2513 5570 2617 5625 hoc
2640 5570 2767 5625 loco
2796 5586 2908 5627 non
2938 5571 3237 5627 abhorrere
3291 5586 3352 5626 se
3398 5586 3427 5624 a
3465 5564 3681 5623 Novati:-

2156 5677 2359 5718 norum
2391 5662 2662 5718 institutis
2686 5663 2865 5733 palam
2891 5678 3002 5733 pra:
3032 5677 3090 5718 se
3122 5663 3247 5731 fert)
3282 5677 3311 5715 a
3338 5674 3467 5716 sene
3488 5654 3680 5729 quodam

577 5843 632 5925 τ’.)
668 5857 789 5910 llaec
835 5871 902 5910 ex
958 5843 1115 5912 Socr.
1150 5843 1435 5924 Ieacerpla,
1484 5873 1646 5923 quem
1684 5855 2013 5913 .Novatiana:
2052 5851 2278 5909 bteresis
2310 5855 2639 5905 sectatorem
2676 5843 3021 5913 Nicephorus
3052 5858 3174 5900 esse
3202 5843 3429 5898 censuit.
