3796 6542
192 354 278 428 eti
1065 346 1665 423 ECCLESIASTIC.E
1700 361 2088 423 nis'ronma
2128 362 2277 426 LIB.
2319 360 2421 423 XI.

3277 355 3382 417 618

193 475 360 532 scribit
385 460 474 543 (εἰ),
499 470 588 540 q‘ui
628 482 685 523 se
743 468 1045 539 presbyteri
1099 471 1268 524 lilium
1319 469 1489 526 fuisse
1546 472 1700 538 dixit,
1733 492 1781 549 Α
1807 482 1893 527 est
1921 488 2034 526 non
2063 470 2385 540 incelebris)
2414 466 2683 539 episcopi,
2724 483 2752 521 a
2779 468 2980 538 quibus
3007 477 3120 522 tum
3145 469 3381 522 maxime

191 583 397 640 quocum
466 560 678 635 Synodo
709 561 761 615 'ei
806 560 1141 616 interfuerit.
1190 561 1328 617 Cum
1374 563 1595 630 quidem
1635 577 1704 616 eo

192 675 280 712 non
303 653 638 710 convenerint
660 651 744 706 vel
765 649 991 721 Agelius
1011 642 1484 722 Constantinopoli
1527 652 1706 708 Nova-

189 751 424 803 tiauorum
477 741 805 810 episcopus,
861 741 947 794 vel
1007 741 1276 796 Maximus
1325 742 1564 808 Nicmae,
1618 745 1704 797 vel

187 841 325 893 ctiam
354 833 667 889 Nicomedia:
694 845 790 889 aut
827 833 1031 905 Cotymi
1063 835 1140 904 (2)
1177 834 1331 904 (urbs
1360 849 1426 890 ea
1456 834 1704 906 Phrygiae

1811 563 2246 619 Novatianorum
2304 561 2499 631 religio
2547 569 2632 615 est
2674 559 3080 616 administrata.
3134 559 3260 615 llaec
3303 562 3386 614 sic

1813 665 1927 709 tum
1994 669 2140 710 aeta.
2212 654 2406 708 Postea
2474 666 2606 707 vero
2657 651 3095 706 Novatianorum
3149 653 3386 706 ecclesia

1812 751 2038 816 propter
2063 761 2184 801 eam
2235 744 2508 816 synodum
2559 745 2613 799 in
2664 753 2852 814 partes
2887 743 3142 798 discessit
3176 760 3191 799 :
3222 747 3384 798 sicuti

1811 852 1912 892 suo
1941 837 2062 892 loco
2097 837 2368 892 dicemus.

1563 992 1791 1053 CAPUT
1830 995 1949 1052 XV.

195 1111 288 1180 Ὡς,
352 1099 633 1185 Εὺδοξίρν
682 1110 790 1185 ζοῦ
853 1111 1549 1185 Κωνστέιντξνξουπόλεῳς
1627 1112 2150 1185 Ξελευτήσαντος,
2211 1115 2266 1185 oi
2345 1115 2636 1185 ‘Apstarol
2703 1075 3048 1185 Δημόφιλον
3099 1115 3388 1181 προεϐάλ-

240 1179 436 1256 λοντος
471 1181 610 1234 οιδὲ
646 1181 759 1250 τῆς
792 1179 1121 1256 κᾳθρλικῇς
1190 1179 1938 1256 Ἰιῖκκλησιίῑςχ..Εῡιίγέκολν-⁹
2001 1184 2341 1239 Εὐσταθιου
2389 1179 2498 1240 ἑοῦ
2551 1179 2918 1256 Ἀντιοχὲίᾱς
2982 1179 3201 1239 τοῦτον
3261 1203 3387 1254 χει-

239 1251 664 1321 ροτονήσαντος
685 1246 714 1280 ·’
737 1246 847 1305 ﬁnal
889 1251 1006 1304 ὅσα
1027 1246 1125 1303 ἐπὶ
1158 1251 1391 1315 τούτοις
1420 1246 1674 1319 συνέϐη.

247 1369 300 1426 Ut
349 1366 1209 1438 EudoxioﬁComtantirmpolitano
1252 1368 1490 1438 episcopo
1545 1369 1772 1438 mortuo,
1817 1365 2009 1438 Ariani
2045 1362 2432 1438 Demophilum,
2469 1363 2732 1438 Catholici
2758 1374 2951 1438 autem
2999 1365 3316 1438 angrium,

561 1437 841 1491 Eustatltio
872 1434 1195 1490 Ant'iorlieno
1225 1437 1464 1506 episcopo
1489 1438 1626 1490 hunc
1653 1435 1934 1489 ordinante
1959 1434 2210 1504 elegerint
2228 1449 2262 1491 ιε
2287 1443 2338 1488 et
2362 1451 2477 1505 quia
2496 1436 2576 1488 his
2604 1437 2926 1502 acciderint.

245 1555 336 1610 Sed
388 1557 446 1607 ut
489 1551 773 1606 historiam
828 1563 1227 1632 persequamur
1287 1553 1398 1623 (5),
1451 1567 1517 1608 eo
1564 1547 1734 1608 unde

184 1646 384 1716 digressi
407 1656 615 1709 sumus,
651 1643 1045 1699 revertendum
1077 1645 1236 1700 nobis
1261 1654 1366 1700 cst.
1400 1645 1708 1716 imperator

1822 1560 2114 1607 revocatus
2144 1589 2160 1615 ,
2205 1560 2321 1607 tum
2383 1561 2568 1607 autem
2613 1551 3094 1624 Constantinopoli
3139 1558 3389 1626 privatus

1816 1643 2048 1709 latebat,
2077 1653 2137 1699 ut
2166 1657 2266 1699 sua
2297 1645 2494 1700 saltem
2542 1646 2834 1714 praesentia
2893 1647 3210 1717 ὁμοουσεου,
3253 1660 3391 1705 con-

195 1737 373 1793 Valens
425 1733 909 1802 Constantinopoli
951 1735 1194 1801 solvens,
1239 1735 1586 1790 Antiochiam
1642 1737 1710 1791 ad
1744 1718 1786 1774 Β
1815 1732 2220 1799 substantialis,
2260 1734 2608 1804 professores
2631 1736 3006 1792 conﬁrmaret.
3034 1737 3112 1792 lta
3157 1739 3388 1804 factum,

185 1829 416 1886 Orontem
440 1825 590 1880 adire
635 1826 974 1895 properavit.
1031 1814 1101 1882 Et
1148 1843 1274 1883 cum
1333 1828 1712 1884 Nicomediam

183 1920 486 1993 pervenisset
517 1919 624 1990 (ι),
661 1918 736 1973 ibi
766 1916 870 1974 hac
897 1919 966 1974 de
995 1933 1160 1976 causa
1185 1919 1406 1976 restitit.
1431 1917 1716 1977 Eudoxius

183 2016 368 2069 Arianae
413 2020 578 2068 secus
641 2011 940 2081 episcbpus
996 2012 1178 2067 statim
1232 2021 1357 2080 post
1408 2011 1714 2067 discessum

185 2106 496 2178 imperatoris
538 2103 1017 2172 Constantinopoli
1045 2105 1152 2159 vita
1186 2105 1479 2160 defunctus
1515 2105 1713 2170 fuerat,

183 2199 437 2252 consulatu
496 2195 866 2252 Valentiniani
926 2203 983 2248 et
1040 2194 1290 2248 Valentis
1350 2194 1535 2257 tertio.
1589 2210 1714 2249 cum

181 2292 370 2360 quidem
448 2289 666 2343 clavum
758 2288 1021 2342 Ecclesia:
1090 2285 1715 2355 Constantinopolitana:

181 2387 314 2439 anuis
359 2383 608 2437 undecim
659 2381 918 2436 rexisset.
991 2380 1124 2450 Ejus
1173 2381 1228 2434 in
1292 2381 1474 2434 locum
1524 2378 1715 2433 Ariani

181 2485 503 2546 surrogarunt
545 2472 936 2543 Demophilum
991 2473 1313 2542 quemdam.
1370 2443 1740 2528 Professores,

181 2581 333 2624 autem
382 2567 695 2638 ὁμοουσίυυ,
726 2564 1238 2628 'consubstantialls,
1266 2563 1616 2619 commodum
1656 2578 1717 2618 se

184 2672 408 2730 tempus,
482 2669 542 2713 ut
609 2659 799 2713 sedem
867 2655 1242 2726 episcopalem
1300 2664 1715 2725 recuperarent,

182 2763 344 2807 nactos
388 2767 506 2808 esse
553 2751 688 2815 rati,
716 2749 1008 2820 Evagrium
1059 2763 1171 2802 suae
1202 2747 1458 2802 factionis
1487 2747 1716 2818 presby-

179 2853 332 2903 terum
355 2847 676 2915 episcopum
697 2843 1083 2912 designarunt.
1107 2840 1208 2896 Cui
1237 2854 1432 2894 manus
1455 2839 1716 2910 imposuit

180 2939 484 3001 Eustathius,
515 2936 821 3006 episcopus
855 2933 1157 3005 aliquando
1181 2933 1585 2997 Antiochenus,
1619 2933 1714 3003 qui

180 3029 480 3084 aloviniano
501 3028 733 3098 quidem
762 3030 830 3082 ab
852 3025 1049 3082 exsilio
1068 3039 1177 3079 non
1201 3024 1274 3078 ita
1297 3024 1510 3093 pridem
1534 3023 1715 3081 fuerat

1816 1835 1877 1879 ut
1903 1825 2092 1880 Ariani
2143 1827 2591 1894 persecutionem
2638 1826 2906 1883 adVersus
2953 1838 3175 1886 nostros
3227 1846 3386 1884 reno—
3447 1846 3456 1849 ’

1815 1925 2033 1973 Varent.
2075 1917 2150 1973 Ea
2184 1933 2272 1973 res
2299 1931 2599 1988 postquam
2638 1927 2726 1975 est
2749 1920 2819 1974 ad
2849 1920 3157 1992 principem
3185 1923 3386 1987 delata,

1815 2010 2028 2065 veritus
2065 2008 2161 2065 ille
2207 2025 2277 2065 ne
2316 2009 2592 2064 seditione
2643 2020 2700 2067 et
2745 2013 2987 2066 tumultu
3044 2013 3238 2069 civitas
3273 2024 3391 2070 tur-

1817 2102 2070 2168 baretur,
2119 2102 2412 2158 militarem
2451 2119 2672 2158 manum
2712 2105 3035 2162 Nicomedia
3073 2107 3391 2164 Constanti-

1815 2195 2061 2264 nopolim
2094 2196 2266 2258 misit.
2302 2211 2427 2251 cum
2478 2197 2740 2253 mandato
2779 2185 3079 2268 ejusmodi,
3117 2211 3179 2256 ut
3217 2201 3387 2254 simul

1815 2297 1871 2342 et
1903 2287 2188 2343 ordinator
2211 2296 2267 2343 et
2292 2289 2583 2344 ordinatus
2606 2292 3196 2361 comprehenderetur,
3220 2304 3388 2363 atque

1817 2379 1960 2433 alius
1989 2379 2098 2434 alio
2130 2380 2446 2436 eXsulatum
2477 2382 2818 2437 mitteretur.
2858 2383 3186 2440 Eustathius
3215 2387 3388 2456 igitur

1817 2472 2039 2543 Bizyam
2081 2471 2187 2544 (5),
2219 2473 2366 2542 quod
2392 2473 2639 2530 Thraciae
2674 2475 2936 2546 oppidum
2974 2487 3084 2540 est,
3122 2479 3390 2549 Evagrius

1820 2567 1876 2619 in
1912 2567 2095 2621 locum
2145 2565 2315 2620 alium
2372 2567 2701 2637 deportatus
2741 2577 2845 2624 est.
2899 2568 3136 2625 Proinde
3175 2572 3387 2632 Ariani,

1819 2657 1964 2728 quod
1997 2657 2248 2728 plerique
2299 2673 2492 2714 omnes
2531 2659 2586 2713 in
2620 2661 2784 2716 rebus
2834 2663 3090 2717 secundis
3144 2664 3379 2730 faciunt,

1821 2753 1992 2821 magis
2015 2752 2297 2822 magisque
2324 2749 2567 2816 eﬁ‘erari,
2594 2753 2932 2809 orthodoxos
2969 2765 3025 2810 et
3075 2767 3220 2811 recte
3264 2774 3390 2813 sen-

1821 2844 2025 2898 tientes
2085 2843 2379 2898 admodum
2434 2859 2674 2907 vexare.
2725 2847 2975 2910 caedere,
3034 2849 3391 2903 contumeliis

1820 2932 2062 3000 adicere,
2093 2935 2150 2990 in
2177 2934 2396 2990 vincula
2429 2935 2730 3006 conjicere.
2787 2939 3034 3007 pecuniis
3063 2939 3231 2995 etiam
3261 2955 3392 3011 spo-

1819 3027 1985 3095 liare,
2019 3026 2367 3083 intoleranda
2393 3027 2578 3082 omnia
2611 3028 2878 3084 adversus
2899 3046 2997 3086 eos
3026 3030 3229 3088 facere.

1579 3183 1812 3248 CAPUT
1850 3188 1994 3245 XVI.

181 3305 420 3384 ileplnjc
441 3311 751 3384 ὡμῶτῃέος
813 3306 951 3384 τῶν-
1007 3305 1344 3384 Ἀρειανῶν,
1410 3307 1542 3384 θιαὶῇ
1577 3307 1653 3384 ᾡς
1720 3305 1964 3384 ρύάλης
2020 3307 2173 3384 me
2223 3309 2346 3384 tota
2391 3306 2766 3384 Ἀσςακηνᾷν
2822 3308 2931 3380 τῆς
2998 3313 3395 3384 Νικομηδείας

236 3376 451 3437 ἀόλπον
481 3376 892 3453 ’ὀγδοήκοντα
926 3377 1472 3446 ἐκκλησιαστικοὺς
1517 3377 1618 3431 ἐπὶ
1693 3377 1895 3446 μέσης
1927 3378 2250 3447 θαλάσσης
2277 3377 2402 3434 σὺν
2459 3376 2542 3444 τῷ
2564 3381 2758 3446 πλοίῳ
2827 3376 2969 3452 «opt
3035 3376 3394 3453 παραἰοάλωῖ

233 3467 351 3509 σεν.

181 3569 242 3624 De
294 3572 601 3627 crudelitate
639 3573 992 3633 Arianorum,
1067 3581 1117 3624 et
1177 3579 1236 3622 ut
1316 3551 1510 3622 Valens
1547 3569 1688 3622 circa
1751 3561 2425 3638 AstacenuntANicomedia
2459 3572 2670 3638 portum
2714 3566 2979 3638 octoginta
3012 3569 3392 3628 ecclesiasticos

853 3644 995 3698 uiros
1028 3657 1136 3695 una
1173 3657 1290 3694 cum
1321 3641 1532 3710 navigio
1579 3639 1635 3691 in
1681 3637 1850 3690 medio
1898 3635 2037 3688 mari
2073 3633 2184 3704 igni
2221 3633 2581 3688 combueerit.

239 3760 378 3830 131
422 3759 598 3815 Porro
627 3771 751 3814 cum
777 3756 982 3814 nostris
1008 3756 1145 3811 dura
1189 3757 1304 3810 haec
1331 3765 1388 3809 et
1416 3753 1599 3825 gravia
1627 3766 1718 3807 es-
1747 3755 1790 3814 c
1824 3758 1931 3810 ret,
1986 3763 2055 3802 ne
2111 3747 2310 3802 seditio
2361 3747 2420 3801 in
2471 3749 2636 3820 vulgo
2659 3749 2922 3816 oriretur,
2983 3755 3194 3811 veritus
3261 3768 3342 3813 est
3375 3780 3389 3814 ς

176 3859 302 3913 seut,
320 3849 384 3902 ad
407 3847 722 3919 principem
758 3856 1075 3918 precatores
1105 3845 1326 3911 misere,
1357 3845 1402 3900 si
1426 3859 1538 3914 quo
1557 3842 1721 3897 modo

181 3940 324 3993 linem
353 3952 614 3992 aerumnae
637 3938 756 4006 ejus
789 3935 1040 3991 obtinere
1063 3943 1310 4004 possent.
1342 3932 1614 3988 Caeterum
1642 3928 1720 3982 illi

179 4033 418 4103 upinione
442 4046 546 4086 sua
578 4027 874 4099 plurimum
904 4036 1032 4081 sunt
1059 4026 1204 4091 falsi,
1231 4035 1292 4079 ut
1321 4025 1415 4093 qui
1447 4022 1720 4092 justitiam

183 4142 231 4179 se
263 4125 325 4178 ab
358 4125 571 4195 injusto
609 4124 1008 4192 impetraturos
1034 4134 1154 4174 esse
1173 4119 1543 4188 speraverint.
1583 4116 1721 4171 Cum

178 4233 396 4286 namque
444 4214 638 4271 dilecti
673 4229 742 4267 ex
786 4210 1164 4265 ecclesiastico
1205 4209 1400 4262 ordine
1440 4207 1722 4275 octoginta

179 4311 286 4374 viri,
327 4308 528 4378 quibus
558 4303 780 4375 prmluit
821 4301 1088 4364 Urbasus,
1122 4298 1480 4360 Theodorus,
1521 4309 1578 4352 et
1608 4295 1722 4350 Me-

176 4405 443 4465 nedemus,
478 4397 861 4454 Nicomediam
901 4395 1203 4457 venissent,
1241 4406 1432 4462 preces
1481 4392 1724 4459 impera-

177 4495 270 4547 tori
310 4491 669 4556 obtulissent,
723 4499 782 4543 et
825 4488 894 4541 de
934 4490 986 4541 vi
1033 4495 1181 4541 tanta
1224 4485 1476 4555 quiritati
1511 4493 1720 4546 essent,

177 4587 478 4654 indignatus
509 4583 629 4646 ille,
654 4583 706 4636 in
739 4579 1032 4652 praesentia
1064 4579 1288 4648 quidem
1313 4579 1460 4632 iram
1485 4576 1721 4646 pressit:

176 4675 356 4728 deinde
382 4684 567 4728 autem
597 4672 738 4727 clam
780 4671 1028 4724 Modesto
1063 4669 1322 4738 praelecto
1354 4669 1634 4736 praecepit.
1666 4679 1726 4721 ut

175 4765 594 4833 comprehensos
626 4778 726 4818 eos
764 4771 1005 4815 necaret.
1039 4761 1305 4830 Supplicii
1335 4762 1456 4830 ejus
1503 4764 1723 4822 modus,

172 4856 288 4924 quia
334 4870 512 4910 novus
553 4864 612 4910 et
664 4853 909 4908 insolens
950 4866 1178 4921 prorsus
1211 4851 1338 4910 fuit.
1381 4851 1726 4920 posteritatis

174 4948 446 5002 memoria:
480 4955 568 5001 est
599 4945 910 5000 mandatus.
944 4942 1266 5008 Praefectus,
1307 4942 1355 5000 si
1400 4942 1552 4996 viros
1598 4942 1727 4996 reli-

171 5040 360 5106 giosos,
387 5039 484 5109 qui
514 5037 652 5091 nihil
689 5035 1117 5098 commisissent,
1149 5034 1436 5103 propalam
1475 5033 1722 5102 perime-

235 5245 304 5312 (l)
338 5247 559 5302 Sozom.
587 5249 687 5303 lib.
723 5263 797 5307 vi.
835 5262 956 5316 cap.
980 5245 1072 5299 2t.

170 5386 204 5439 C
233 5320 305 5436 (‘2)
338 5317 499 5398 Socr.
545 5321 706 5373 habet
752 5313 1018 5388 Catydnii.
1058 5315 1374 5386 Legendum
1419 5329 1490 5370 ex
1533 5313 1724 5379 Suida,

209 5406 233 5438 0
261 5405 374 5439 ιιαξι.

209 5398 374 5456 otyazt.

234 5455 304 5527 (3‘)
340 5457 554 5512 Socrat.
585 5457 680 5510 lib.
720 5471 794 5521 iv,
837 5471 957 5524 cap.
997 5456 1064 5527 M
1095 5464 1150 5509 et
1179 5455 1267 5510 l5.

233 5526 304 5591 (4)
333 5529 554 5582 Sozom.
589 5528 682 5580 lib.
716 5543 788 5589 vr,
827 5543 947 5594 cap.
990 5526 1075 5581 l5.

232 5600 306 5667 (5)
347 5597 512 5669 Bizya
563 5614 656 5652 arx
708 5612 896 5669 regum
936 5599 1203 5669 Thraci-.8,
1233 5596 1453 5669 arTerei
1505 5595 1722 5669 nefasto

167 5665 382 5722 crimine
420 5665 590 5722 invisa
621 5668 1028 5722 hirundinibus.
1064 5667 1208 5722 Plin.
1245 5667 1341 5721 lib.
1374 5684 1446 5732 tv,
1485 5683 1607 5734 cup.
1633 5665 1718 5718 li.

232 5739 304 5806 (6)
350 5738 826 5805 Constantinopoli
886 5750 1067 5790 autem
1116 5738 1304 5791 Ariani
1361 5738 1546 5806 plures
1602 5737 1720 5800 pios

167 5810 564 5876 catholicosque
611 5811 954 5878 presbyteros
1015 5809 1175 5871 navi,
1240 5808 1296 5861 in
1346 5823 1452 5876 qua
1504 5807 1714 5858 nullum

436 5903 702 5962 Persea.
735 5903 842 5962 Gn.
883 5902 1110 6005 CXLVI

1825 3850 2165 3912 quapropter
2210 3855 2306 3896 eos
2363 3855 2424 3896 se
2484 3841 2554 3895 in‘
2593 3842 2853 3899 exsilium
2911 3847 3210 3904 missurum
3264 3869 3387 3907 eam

1826 3932 2170 3987 assimulavit
2194 3931 2294 3999 (6).
2314 3931 2374 3986 in
2406 3947 2513 4001 qua
2544 3932 2622 3986 illi
2656 3937 2933 3994 sententia
2955 3943 3169 4011 magnis
3192 3945 3395 3998 animis

1825 4024 2173 4095 acquievere.
2224 4025 2320 4080 ille
2370 4027 2556 4081 navim
2602 4043 2720 4091 eos,
2778 4031 2950 4087 veluti
2995 4036 3171 4090 solum
3215 4041 3395 4093 exsilii

1825 4132 1990 4173 causa
2020 4132 2279 4174 versuros
2309 4121 2684 4176 conscendere
2705 4123 2891 4194 jussit,
2927 4136 2984 4181 et
3029 4131 3214 4183 nautis
3246 4147 3392 4200 pra--

1827 4211 1998 4282 cepit,
2042 4220 2104 4265 ut
2143 4211 2199 4265 in
2243 4211 2430 4267 medio
2476 4215 2613 4268 mari
2663 4230 2858 4270 navem
2902 4217 3289 4288 incenderent,
3336 4238 3395 4278 ut

1826 4319 1953 4359 cum
1981 4319 2048 4358 eo
2084 4305 2248 4358 modo
2292 4305 2368 4358 illi
2402 4303 2768 4371 interiissent,
2804 4312 3042 4379 sepulcri
3071 4329 3204 4368 cura
3240 4332 3397 4371 care-

1831 4405 1976 4450 rent.
2011 4396 2247 4451 Ventum
2296 4405 2382 4451 est
2421 4399 2474 4451 in
2524 4399 2709 4452 sinum
2739 4403 3006 4468 medium,
3039 4406 3132 4474 qui
3165 4409 3395 4463 AstaCe-

1831 4502 1938 4542 nus
1972 4496 2247 4542 vocatur:
2284 4489 2360 4542 ibi
2400 4498 2584 4544 nauta:
2634 4491 2900 4562 imperata
2945 4497 3218 4554 fecerunt.
3255 4502 3391 4556 Nam

1830 4581 1935 4650 ipsi
1983 4581 2212 4650 scapha,
2249 4597 2373 4652 quae
2425 4598 2620 4638 navem
2657 4588 3014 4656 sequebatur,
3073 4582 3395 4660 conscensa,

1832 4672 2114 4742 navigium
2147 4672 2226 4742 (7)
2250 4673 2303 4728 in
2330 4688 2443 4743 quo
2471 4676 2575 4730 viri
2606 4676 2686 4730 illi
2721 4679 3090 4748 vehebantur,
3128 4684 3395 4741 incende-

1838 4773 1989 4819 runt.
2032 4763 2430 4820 Vehementius
2465 4773 2579 4820 tum
2621 4768 2956 4829 subsolanus
2984 4786 3182 4831 ventus
3206 4777 3393 4841 ﬂabat.

1834 4863 1893 4910 et
1920 4855 2153 4924 proinde
2176 4857 2334 4911 navis
2370 4872 2438 4910 eo
2462 4859 2630 4914 citius
2658 4859 2931 4917 ﬂammam
2971 4869 3245 4938 concepit.
3285 4869 3396 4925 Du-

1835 4947 1981 5003 ravit
2024 4963 2088 5004 ea
2130 4963 2308 5018 usque
2337 4949 2404 5004 ad
2444 4951 2627 5006 locum
2656 4951 2948 5024 Bithyniae,
2973 4957 3068 5026 qui
3096 4958 3392 5015 Dacidizus

1830 5049 2207 5110 nuncupatur,
2242 5041 2430 5111 ibique
2463 5057 2572 5097 una
2620 5058 2746 5098 cum
2794 5045 2905 5115 piis
2933 5047 3042 5103 illis
3075 5049 3396 5106 hominibus

1760 5248 1804 5304 Ι)
1834 5253 1950 5320 erat
1973 5245 2405 5320 instrumentum
2429 5247 2729 5306 nauticum,
2746 5244 3145 5320 imposuerunt,
3162 5263 3393 5320 eamque

1835 5317 2247 5383 pelago,'ventis
2277 5315 2545 5384 undisque
2565 5325 2770 5370 temere
2799 5316 3076 5371 ferendam
3109 5315 3396 5376 commise-

1838 5397 1988 5438 runt.
2029 5387 2230 5439 Deinde
2284 5387 2575 5454 p0puiarcs
2617 5385 2884 5453 quosdam
2931 5399 3062 5440 suos
3085 5387 3142 5441 in
3172 5390 3394 5454 navigio

1835 5455 1946 5507 alio
1997 5456 2326 5526 submisere,
2385 5455 2477 5522 qui
2515 5457 2714 5526 ignem
2791 5455 2866 5508 illi
2951 5456 3254 5524 injicerent.
3303 5455 3396 5514 Sic

1821 5526 1996 5578 sancti
2053 5525 2128 5577 illi
2189 5525 2287 5576 viri
2334 5540 2458 5577 cum
2513 5525 2634 5593 igne
2685 5535 2740 5579 et
2793 5539 2931 5593 aqua
2992 5526 3390 5590 conﬂictantes.

1822 5603 2102 5660 postremo
2163 5594 2410 5668 in_mari_
2468 5596 3074 5668 submersi,_martyrii
3131 5613 3392 5652 coronam

1823 5674 2172 5736 receperunt.
2201 5663 2501 5731 (Tlteodor.
2545 5681 2753 5732 tv,cap.
2785 5666 2900 5736 ‘24.)

1891 5735 1968 5802 (7)
2003 5732 2256 5788 Socrates
2293 5736 2483 5788 navale
2513 5750 2636 5790 esse
2672 5737 2826 5792 dicit.

2885 5897 2958 5957 20
