3796 6534
420 386 541 449 ⁸619

1649 389 2074 450 NICEPHORI
2115 387 2456 448 CALLIST’I
3525 392 3603 455 620

436 501 489 553 in
528 500 714 553 littore
759 508 843 554 est
879 498 1189 569 absumpta.
1237 499 1496 556 St-denim
1527 501 1728 557 factum
1763 513 1868 556 tam
1897 513 2011 558 tru-
2041 513 2083 569 Α
2115 502 2310 558 incola:
2342 501 2581 572 patriam
2623 498 2696 568 (ι)
2736 497 3158 566 relinquerent,
3187 504 3239 549 et
3279 495 3607 560 Constantino-

424 592 716 645 -rulentum
779 592 1019 647 vindicta
1040 602 1125 646 est
1155 604 1465 661 prosecuta.
1511 594 1702 650 Fames
1728 595 2000 665 siquidem

259 751 262 754 _
435 693 666 754 repente
701 693 849 738 tanta
900 694 983 739 est
1029 683 1084 737 in
1141 683 1376 756 Phrygia
1409 697 1550 752 orta,
1584 697 1642 740 ut
1686 687 2003 742 necessario

2113 596 2280 664 polim
2313 603 2581 662 seditque
2617 590 2683 646 ad
2725 589 2862 646 alias
2897 588 3145 643 diversas
3191 592 3474 657 provincias
3507 611 3609 653 con-

2109 687 2342 742 ferrent.

1824 835 2053 892 CAPUT
2095 835 2260 891 XVII.

415 958 575 1026 -Περὶ
601 958 747 1022 βίου
789 957 885 1012 καὶ
925 958 1162 1026 ἀγωγῆς
1193 959 1290 1010 καὶ
1350 956 1624 1020 παιδείας
1653 955 1748 1026 καὶ
1780 952 2153 1026 qugd-vllae
2200 950 2306 1026 τρῦ
2361 949 2625 1026 μεγᾴζιου
2672 950 2994 1026 ῌτιᾳιλείου
3036 949 3132 1003 καὶ
3179 952 3479 1020 Γρηγορίου
3530 953 3611 1007 τοῦ

967 1019 1298 1096 ὸεὸλήὸγου·
1352 1028 1447 1081 καὶ
1491 1019 1650 1091 ὅπώς
1694 1024 1791 1077 ἐπὶ
1833 1019 1948 1089 τὴν·
1997 1019 2302 1090 tripartth
2341 1021 2642 1089 καθέδραν
2674 1019 3063 1089 ἀνήχθησαν.

442 1153 516 1206 De
545 1151 675 1212 vita,
705 1147 1050 1207 institutione,
1081 1145 1288 1208 studiis,
1328 1152 1375 1197 et
1397 1145 1586 1197 intima
1617 1141 1852 1262 amicit‘iia
1884 1139 2064 1260 maguli
2123 1136 2309 1219 Basilii
2331 1148 2378 1192 et
2417 1136 2668 1209 Gregorii:
2689 1137 2930 1207 Tlteologi
2955 1153 2974 1190 :
3045 1146 3094 1190 et
3118 1146 3174 1190 ιιι
3205 1139 3271 1191 ad
3292 1141 3612 1199 sacerdotalem

1740 1227 1795 1262 se
1837 1227 1916 1262 em
1944 1226 2024 1262 sm
2081 1218 2334 1262 mortem.

1740 1218 1916 1264 sedem
1944 1218 2048 1262 sint
2080 1218 2334 1274 provecti.

505 1340 643 1396 Cum
671 1349 804 1391 vero
839 1333 1007 1387 multa
1039 1331 1200 1387 nobis
1223 1332 1290 1388 de
1318 1330 1523 1386 Basilio
1546 1327 1743 1398 Magno
1787 1337 1843 1380 et
1867 1325 2003 1382 Gre-

437 1432 590 1502 gorio
619 1427 896 1497 'l‘heologo
921 1424 1154 1480 dicenda
1189 1426 1321 1489 sint,
1353 1438 1538 1493 opera:
1569 1422 1804 1491 pretium
1831 1418 2008 1472 factu-

436 1537 556 1578 rum
591 1533 677 1573 me
701 1533 823 1573 esse
861 1516 1072 1587 putavi.
1122 1516 1166 1570 si
1198 1528 1373 1584 pauca
1410 1511 1657 1582 quaadam
1699 1509 1767 1562 de
1813 1505 2007 1562 arctis-

436 1615 598 1678 sima,
650 1625 772 1681 quae
826 1608 997 1663 tantis
1052 1607 1188 1661 viris
1236 1607 1379 1659 inter
1431 1619 1488 1658 se
1528 1602 1632 1656 fuit
1666 1598 1907 1654 amicitia
1951 1606 2005 1651 et

437 1703 856 1776 conjunctione,
880 1699 1294 1770 pramitterem.
1315 1696 1471 1763 Quod
1493 1709 1626 1748 sane
1654 1707 1765 1748 non
1797 1689 2004 1745 rectius

2111 1325 2301 1379 datum
2357 1324 2610 1378 divinum
2644 1323 2898 1384 duceret.
2926 1330 2985 1376 et
3024 1322 3166 1377 alter
3207 1321 3428 1376 alterum
3457 1326 3513 1380 ad
3541 1330 3620 1382 vir-

2113 1427 2285 1472 tutem
2319 1428 2549 1473 acueret
2588 1429 2753 1486 atque
2791 1417 3080 1472 excitaret.
3115 1417 3182 1470 Et
3213 1417 3259 1470 si
3280 1433 3390 1472 non
3425 1421 3620 1476 insolens

2114 1511 2218 1566 hoc
2280 1512 2511 1564 verbum
2551 1519 2718 1578 esset,
2783 1510 3028 1580 regulam
3087 1521 3144 1564 et
3205 1513 3474 1578 amussim,
3529 1517 3622 1584 qui-

2115 1606 2219 1659 bus
2274 1621 2398 1675 qua:
2448 1614 2600 1666 recta
2637 1615 2790 1669 sunt,
2826 1619 3016 1672 quaeve
3059 1605 3264 1663 minus,
3297 1606 3621 1674 explorantur,

2113 1699 2347 1753 alterum
2389 1699 2545 1753 alteri
2581 1699 2752 1752 fuisse
2789 1697 3056 1752 dicerem.
3079 1697 3378 1752 ‘Sodalibus
3410 1715 3498 1753 nos
3518 1717 3622 1755 con-

435 1795 757 1862 certiusque
808 1791 1015 1856 fecero,
1049 1805 1212 1860 quam
1246 1787 1291 1842 si
1336 1786 1589 1856 Gregorii
1625 1783 1799 1854 ipsius
1837 1796 1900 1836 ea
1937 1779 2004 1834 de
2043 1835 2080 1890 Β
2106 1790 2394 1859 junsimus
2422 1806 2528 1844 non
2566 1788 3041 1858 impndicissimis,
3076 1788 3169 1842 sed
3215 1789 3622 1846 modestissimis:

435 1902 496 1941 re
535 1886 707 1941 verba
756 1883 1067 1954 protulero.
1129 1896 1254 1950 quin
1286 1871 1368 1932 .in
1426 1894 1489 1934 ea
1543 1875 1795 1930 oratione
1853 1881 2004 1935 sunt,

437 1995 602 2049 quam
647 1978 696 2032 is
731 1977 800 2031 de
847 1975 1051 2029 Basilio
1084 1971 1374 2026 funebrem
1408 1967 1759 2037 conscripsit.
1795 1984 1811 2016 ι
1850 1965 2008 2016 Tem-

439 2090 594 2144 pore,
629 2070 832 2142 inquit,
883 2067 1238 2138 procedente,
1269 2064 1360 2118 ubi
1392 2063 1533 2118 alter
1568 2060 1725 2115 alteri
1755 2067 2006 2113 mutuum

434 2180 678 2220 amorem
717 2162 944 2233 (factum
999 2159 1053 2214 id
1103 2157 1355 2221 Athenis,
1410 2155 1500 2209 ubi
1550 2153 1715 2208 simul
1773 2162 2008 2220 uterque

439 2259 640 2314 litteris
671 2273 896 2328 Operam
931 2255 1171 2324 navavit)
1221 2252 1510 2315 indicavit,
1545 2249 2008 2315 aﬂ‘eCtionemque

397 2383 404 2386 -
437 2365 560 2405 eam
608 2345 972 2418 philosophia:
1010 2345 1185 2415 gratia
1221 2351 1546 2412 conceptam
1589 2353 1711 2394 esse
1736 2337 2006 2396 constitit,

404 2475 406 2478 τ
442 2451 558 2496 tum
583 2441 726 2495 alter
757 2439 918 2494 alteri
947 2437 1124 2492 iactus
1146 2444 1231 2490 est
1256 2434 1466 2489 omnia.
1500 2432 1613 2487 Sub
1635 2447 1746 2485 uno
1771 2429 2010 2483 viximus

441 2541 589 2588 tecto
629 2529 1081 2592 contubernales,
1133 2537 1191 2582 et
1237 2535 1388 2578 arcta
1447 2525 1592 2578 inter
1635 2537 1735 2576 nos
1767 2519 2008 2574 devincti

407 2623 833 2698 conjunctione
879 2621 1024 2675 idem
1072 2619 1442 2688 spectavimus
1492 2635 1504 2669 :
1551 2626 1607 2669 et
1655 2615 1795 2668 alter
1847 2613 2008 2665 alteri

441 2716 684 2771 animum
718 2713 1040 2783 flagrantem
1081 2720 1138 2764 et
1163 2716 1508 2763 constantem
1563 2703 1842 2775 praestitit.
1876 2701 2012 2756 Cor-

441 2823 637 2879 porum
680 2821 917 2875 namque
967 2802 1341 2866 necessitudo,
1377 2801 1638 2870 quoniam
1689 2812 1870 2851 rerum
1911 2799 2011 2848 llu—

440 2912 634 2952 xarum
665 2906 769 2960 est,
802 2893 951 2948 haud
989 2894 1150 2948 aliter
1189 2907 1350 2961 quam
1384 2889 1539 2944 verni
1576 2887 1764 2949 flores,
1797 2887 2008 2939 interit.

444 2993 630 3062 Neque
666 2989 840 3054 enim,
866 2987 1096 3042 materia
1129 2985 1252 3055 igne
1276 2992 1626 3052 consumpta,
1662 2982 1876 3034 flamma
1913 2981 2012 3030 duo

425 3095 550 3147 «rat,
585 3083 682 3138 sed
742 3096 849 3136 una
891 3095 1014 3134 cum
1067 3095 1123 3132 re
1172 3087 1414 3130 cremata
1448 3073 1773 3129 evanescit:
1833 3087 2012 3140 neque

2113 1900 2220 1937 non
2275 1881 2819 1946 contentiosissimis,
2882 1881 2976 1936 sed
3029 1881 3278 1950 paciﬁcis
3317 1882 3546 1948 maxime,
3588 1900 3628 1939 ct

2111 1973 2442 2044 quibuscum
2486 1989 2606 2028 esse
2650 1973 3005 2027 utilissimum
3053 1984 3160 2039 est,
3189 1975 3336 2043 quod
3387 1977 3625 2043 sciremus,

2111 2071 2330 2127 facilius
2375 2071 2507 2124 vitia
2544 2071 2873 2138 contagione
2909 2070 3198 2134 contrahi,
3230 2085 3389 2137 quam
3416 2070 3626 2126 virtutem

2113 2178 2237 2217 cum
2276 2159 2400 2214 aliis
2432 2159 2854 2212 communicari.
2887 2157 3348 2226 Quandoquidem
3373 2169 3424 2213 et
3448 2159 3628 2214 morbus

2116 2255 2168 2307 in
2204 2254 2344 2307 alios
2394 2252 2581 2316 citius,
2615 2267 2779 2320 quam
2812 2251 3068 2304 valetudo
3129 2251 3474 2305 translerlur.
3497 2251 3632 2307 Disci-

2116 2348 2298 2416 plinas
2345 2362 2453 2401 non
2483 2345 2920 2412 iucundissimas
2962 2343 3135 2401 ntauis
3170 2359 3334 2413 quam
3364 2344 3632 2398 honestissio

2116 2457 2230 2493 nias
2263 2439 2566 2494 consectati
2599 2453 2811 2492 smnus.
2851 2437 2985 2491 Nam
3018 2451 3118 2506 per
3148 2452 3248 2492 eas
3281 2437 3364 2491 vel
3399 2436 3460 2490 ad
3497 2438 3636 2491 virtu-

2115 2543 2246 2592 tem,
2281 2531 2363 2584 vel
2413 2530 2480 2584 ad
2541 2531 2674 2584 vitia
2728 2527 3068 2598 eﬂinguntur
3119 2527 3510 2581 adolescentes.
3541 2530 3636 2582 Due

2107 2633 2296 2677 autem
2353 2622 2515 2677 nobis
2560 2629 2723 2675 erant
2757 2631 2902 2674 nota:
2932 2621 3033 2674 viae
3063 2637 3077 2673 :
3116 2620 3297 2673 altera
3332 2619 3472 2689 prior
3498 2628 3544 2673 et
3565 2621 3636 2672 bo-

2115 2716 2350 2779 nestior,
2373 2715 2544 2770 altera
2576 2715 2946 2784 posterior,et
2973 2729 3082 2769 non
3114 2713 3364 2784 ejusdem
3384 2714 3633 2768 momenti:

2118 2808 2212 2861 illa
2245 2807 2312 2862 ad
2347 2824 2503 2863 sacra
2541 2809 2766 2878 templa,
2815 2820 2869 2862 et
2899 2807 2994 2877 qui
3027 2807 3080 2861 in
3115 2810 3202 2862 eis
3250 2817 3380 2860 sunt
3409 2806 3635 2872 doctores,

2117 2900 2232 2954 lure
2279 2901 2346 2955 ad
2386 2900 2662 2969 .profanos
2709 2900 3004 2969 magistros
3033 2899 3270 2954 ducens.
3316 2900 3554 2968 Reliquas
3578 2903 3637 2953 in-

2105 2993 2315 3048 sistere
2368 2993 2450 3048 eis
2497 2993 2809 3047 volentibus
2860 2991 3211 3062 reliquimus,
3261 2992 3506 3048 videlicet
3549 2993 3637 3046 dies

2118 3085 2309 3146 festos,
2364 3084 2598 3150 theatra,
2639 3083 2980 3154 spectacula,
3045 3094 3362 3138 conventus
3414 3085 3638 3154 publicos,

443 3176 714 3241 Charitas,
775 3173 869 3228 ubi
913 3171 1123 3227 fomitis
1174 3168 1340 3222 ardor
1397 3165 1688 3240 emarcuit,
1742 3163 2013 3219 consistit.

2123 3177 2398 3232 convivia.
2453 3177 2598 3230 Nihil
2656 3177 2803 3230 enim
2835 3175 3226 3230 admirandum
3266 3187 3323 3230 et
3365 3177 3640 3246 pra'clarutu

417 3269 676 3326 .Divinus
719 3276 902 3322 autem
961 3275 1019 3320 et
1060 3263 1291 3334 pudicus
1339 3276 1518 3319 amor.
1563 3257 2010 3329 quandoquidem

445 3360 527 3415 rei
563 3358 736 3412 firma:
764 3365 820 3411 et
853 3354 1073 3410 stabilis
1103 3361 1206 3418 est,
1235 3360 1521 3420 prOpterea
1555 3349 1855 3404 solet-esse
1881 3363 2016 3401 con-

445 3450 708 3507 stantior.
741 3448 807 3502 Et
837 3455 1049 3516 quanto
1088 3446 1260 3514 magis
1287 3452 1536 3496 amantes
1572 3439 1650 3494 rei
1687 3439 2014 3494 desiderata:

425 3538 917 3613 .pulchritudinem
961 3535 1343 3599 considerant,
1377 3541 1532 3588 tanto
1582 3531 1726 3585 inter
1774 3545 1834 3586 se
1879 3545 2015 3586 con-

442 3635 748 3703 iunguntur
802 3627 1000 3698 magis.
1056 3624 1181 3678 Hec
1228 3620 1485 3677 amicitia:
1515 3629 1721 3675 nostra:
1753 3619 1837 3673 les
1870 3625 2014 3672 erat.

445 3731 628 3798 Atque
678 3739 804 3780 cum
845 3722 912 3777 ad
966 3720 1115 3776 hunc
1159 3717 1384 3773 modum
1434 3715 1578 3770 inter
1631 3727 1734 3769 nos
1786 3711 2014 3768 animati

445 3833 733 3884 essemus,
788 3827 844 3872 et
900 3813 1039 3870 tales
1092 3811 1578 3874 flrmotthalamo,
1629 3817 1690 3865 ut
1741 3807 2015 3862 Pindarus

451 3913 670 3983 inquit,
728 3922 927 3965 aureas
977 3905 1267 3961 columnas
1321 3901 1874 3962 substrusissemus.
1939 3898 2013 3952 ita

450 4006 712 4074 deinceps
737 3999 1131 4072 processimus,
1161 3995 1464 4051 Deo-simul
1493 4003 1548 4050 et
1587 3993 1860 4050 desiderio
1894 4007 2015 4046 mu-

440 4107 546 4154 :tuo
575 4091 1004 4165 opitulatoribus
1033 4088 1138 4142 usi.
1173 4086 1278 4144 Sed
1299 4085 1730 4156 quomodo-sine
1753 4083 2016 4155 lacrymis

428 4185 882 4246 .xnecessitudinis
917 4193 1080 4240 tanta:
1113 4178 1648 4236 recorder?.Eadem
1696 4189 1816 4232 erat
1851 4177 2012 4232 nobis

428 4285 531 4340 :rei
579 4277 1052 4344 invidiosissime,
1083 4273 1350 4330 doctrina:
1379 4271 1614 4336 scilicet,
1651 4284 1779 4340 spes
1808 4285 2006 4340 propo-

432 4376 578 4431 sita.
615 4372 724 4427 Sed
777 4369 985 4424 invidia
1028 4367 1202 4437 ,132
1258 4364 1456 4430 abfuit,
1496 4363 1773 4417 aemulatio
1824 4370 2012 4417 autem

451 4478 754 4535 utrumque
795 4461 1045 4517 exercuit
1071 4473 1090 4510 :
1129 4469 1184 4514 et
1209 4466 1487 4514 certamen
1519 4455 1682 4512 nobis
1710 4463 1850 4517 erat,
1899 4469 2009 4509 non

453 4567 578 4613 uter
614 4565 865 4610 nostrum
895 4551 1114 4621 primas
1133 4549 1324 4614 ferret,
1359 4564 1552 4603 verum
1583 4556 1705 4603 uter
1734 4547 1892 4601 alteri
1923 4562 2016 4600 eas

452 4644 982 4706 concederet.Alter
1010 4643 1160 4699 enim
1190 4641 1418 4696 alterius
1447 4640 1666 4695 laudem
1702 4650 1759 4695 et
1789 4637 2016 4710 gloriam

451 4758 555 4813 pro
579 4755 676 4795 sua
709 4738 968 4794 habebat.
996 4737 1062 4791 Et
1090 4736 1146 4790 in
1181 4744 1414 4802 utroque
1435 4735 1549 4788 visa
1576 4742 1660 4788 est
1687 4734 1868 4787 anima
1911 4748 2018 4786 una

450 4835 565 4893 duo
597 4830 960 4888 circumferre
989 4842 1247 4898 corpora.
1279 4825 1435 4893 Quod
1464 4827 1514 4880 si
1539 4826 1876 4880 credendum
1903 4841 2014 4879 non

450 4935 539 4983 est
577 4924 914 4985 dicentibus,
972 4918 1158 4976 omnia
1199 4919 1253 4974 in
1303 4918 1564 4972 omnibus
1608 4933 1730 4973 esse
1773 4919 1878 4973 sita
1911 4934 1927 4972 :
1964 4928 2019 4971 at

452 5019 615 5074 nobis
648 5018 704 5072 id
738 5014 932 5071 saltem
963 5013 1244 5077 credatur,
1271 5010 1502 5068 alterum
1545 5011 1599 5066 in
1644 5011 1822 5066 altero
1850 5010 2017 5066 situm

453 5111 652 5173 tuisse,
703 5117 761 5162 et
815 5105 1050 5160 alterum
1097 5103 1168 5157 ab
1206 5102 1380 5156 altero
1406 5102 1763 5170 pependisse.
1789 5102 2018 5172 Utrique

453 5216 596 5271 opus
640 5213 807 5252 unum
842 5193 1185 5267 propositum
1217 5191 1344 5259 fuit,
1372 5193 1542 5248 virtus
1589 5193 1731 5262 ipsa,
1763 5205 1818 5247 ct
1852 5204 1910 5246 ut
1937 5194 2020 5247 vi-

457 5303 566 5348 tam
622 5305 842 5346 omnem
891 5287 959 5343 ad
1011 5301 1163 5358 spem
1223 5285 1464 5338 futuram
1522 5284 1908 5354 dirigeremus.
1963 5295 2018 5340 et

457 5385 614 5453 prius
673 5383 800 5437 inde
851 5381 1039 5436 animo
1093 5376 1520 5432 transferremur
1569 5391 1729 5444 quam
1787 5391 2020 5446 corpore

457 5475 852 5531 excederemus
880 5493 893 5528 :
932 5472 1000 5528 ad
1034 5469 1181 5541 quod
1210 5479 1542 5541 spectantes,
1576 5469 1743 5524 vitam
1769 5481 1828 5528 et
1850 5471 2022 5525 actio-

459 5582 585 5621 nem
617 5580 837 5619 omnetn
871 5574 1113 5619 nostram
1149 5563 1221 5616 ita
1252 5562 1612 5622 instituimus,
1648 5571 1705 5615 ut
1733 5579 1834 5617 nos
1869 5578 2024 5616 tuan-

529 5680 603 5748 (l)
649 5678 1178 5746 ConstantinOpolim
1224 5676 1479 5748 Socrates
1527 5676 1723 5730 scribit
1767 5677 2024 5746 frequen-

462 5745 728 5804 tisSimam
796 5745 1201 5802 multitudinem
1266 5745 1449 5808 alere,
1514 5758 1805 5814 propterea
1876 5751 2021 5817 quod

460 5834 611 5875 mare
645 5823 694 5874 ei
734 5833 896 5873 aliine
944 5832 1116 5888 genus
1161 5826 1496 5872 commeatus
1545 5819 1857 5887 suppeditet
1909 5837 1922 5872 :
1968 5829 2023 5873 et

2122 3285 2244 3322 esse
2267 3267 2432 3331 duco,
2466 3267 2612 3337 quod
2631 3269 2696 3321 ad
2731 3268 2994 3321 virtutem
3027 3283 3136 3322 non
3165 3270 3477 3331 conducat,
3506 3284 3642 3337 neque

2121 3378 2217 3417 eos
2272 3363 2364 3427 qui
2413 3362 2598 3416 studio
2651 3362 2778 3430 ejus
2831 3371 3108 3425 tenentur,
3172 3362 3438 3416 meliores
3468 3363 3642 3417 reddat.

2123 3454 2300 3522 Atque
2335 3453 2460 3508 aliis
2490 3451 2713 3521 quidem
2745 3453 2850 3507 alia
2881 3461 3030 3515 sunt,
3065 3453 3149 3507 vel
3181 3468 3215 3507 a
3264 3463 3414 3521 patre
3444 3465 3644 3520 accepta.

2124 3547 2207 3600 vel
2236 3551 2398 3600 domo
2431 3533 2497 3600 ex
2541 3545 2886 3616 quotidianis
2919 3544 3132 3600 studiis
3159 3555 3223 3600 et
3253 3545 3552 3600 actionibus
3567 3562 3645 3599 ιτε-

2121 3650 2340 3711 portata
2371 3639 2699 3710 cognomina
2725 3655 2740 3693 :
2780 3637 2941 3693 nobis
2961 3653 3101 3692 vero
3127 3639 3325 3709 ingens
3354 3650 3643 3694 momentum

2124 3730 2314 3784 fuit-et
2352 3743 2578 3790 nomen,
2611 3736 2671 3781 ut
2693 3725 3010 3782 .Christiani
3045 3735 3101 3782 et
3131 3741 3386 3782 essemus
3426 3738 3479 3783 et
3505 3735 3644 3781 uomi-

2123 3837 2408 3878 naremur.
2476 3819 2706 3874 Athena:
2775 3817 3038 3888 equidem
3104 3818 3235 3874 aliis
3300 3835 3408 3874 non
3471 3835 3645 3890 parum,

2123 3917 2390 3979 quantum
2424 3908 2491 3962 ad
2521 3907 2736 3962 animos
2777 3908 3301 3977 pertinet,;nocent.
3335 3910 3467 3964 Nam
3491 3909 3534 3963 id
3563 3926 3646 3963 non

2123 4003 2329 4058 frustra
2359 4000 2434 4070 pii
2461 3999 2784 4068 opinantur,
2816 3997 2964 4067 quod
2998 3999 3120 4068 plus
3146 3999 3260 4053 illa:
3288 4016 3451 4070 quam
3471 4001 3648 4069 aliqua

2107 4092 2333 4149 Graecia
2389 4092 2554 4148 idolis
2606 4091 2921 4146 abundant.
2939 4092 3019 4146 ‘Et
3053 4093 3309 4162 profecto
3344 4095 3548 4150 difficile
3569 4110 3649 4150 est.

2114 4202 2233 4241 non
2268 4185 2452 4241 simul
2500 4185 2742 4254 aliquem
2789 4196 3173 4240 transversum
3205 4187 3330 4255 rapi
3377 4187 3444 4241 ab
3474 4188 3651 4242 illonnn

2121 4279 2505 4338 laudatoribus
2551 4288 2607 4333 et
2647 4279 2917 4347 patronis.
2954 4278 3129 4333 Nobis
3173 4294 3310 4333 vero
3350 4283 3442 4350 qui
3488 4283 3653 4336 animis

2120 4374 2296 4445 probe
2337 4372 2566 4427 munitis
2593 4382 2760 4439 atque
2789 4371 3043 4426 instructi
3075 4387 3354 4437 essemus,
3388 4374 3654 4428 nullumab

2124 4468 2234 4522 illis
2266 4465 2494 4520 obvenit
2536 4463 2956 4518 detrimentum.
2993 4464 3134 4528 Quin
3164 4480 3196 4519 e
3223 4466 3449 4522 diverso
3482 4468 3650 4536 potius,

2047 4529 2094 4588 D
2124 4558 2270 4630 quod
2303 4557 2528 4627 quidem
2561 4557 2714 4612 dictu
2761 4556 3016 4612 mirabile
3059 4567 3164 4623 est,
3219 4575 3289 4614 ea
3321 4576 3390 4616 ex
3420 4529 3651 4630 re-magis

2121 4653 2290 4707 etiam
2328 4651 2382 4704 in
2434 4649 2538 4704 ﬁde
2583 4664 2776 4704 sumus
2811 4649 3149 4712 confirmati,
3199 4662 3497 4722 propterea
3534 4653 3650 4721 quod

2119 4760 2367 4802 errorem
2397 4753 2454 4798 et
2478 4744 2850 4812 impuritatem
2880 4758 3077 4797 eorum
3105 4748 3562 4813 cognoverimus:
3597 4747 3652 4797 ibi

2120 4839 2399 4892 dmmones
2423 4836 2793 4905 despicientes
2826 4835 2923 4890 ubi
2953 4836 3232 4892 daemones
3265 4850 3398 4892 sunt
3427 4841 3479 4893 in
3507 4839 3653 4891 admi-

2121 4929 2354 4983 ratione.
2387 4927 2454 4980 Et
2499 4927 2546 4980 si
2577 4926 2704 4994 quis
2739 4935 2826 4981 est
2857 4935 2954 4980 aut
3000 4927 3253 4981 creditur
3287 4944 3417 4984 esse
3460 4929 3654 4991 fluvius,

2119 5019 2215 5092 qui
2273 5033 2372 5088 per
2423 5018 2761 5094 salsuginem
2807 5032 3051 5081 amaram
3097 5020 3270 5073 maris
3341 5019 3652 5074 dulcedinem

2121 5126 2275 5165 suam
2320 5109 2564 5163 retinens
2603 5108 2716 5162 fluit
2747 5126 2760 5162 :
2797 5119 2888 5163 aut
2921 5109 3179 5163 animans
3210 5109 3427 5179 aliqua,
3473 5125 3581 5180 qua
3613 5108 3656 5162 in

2123 5202 2266 5272 igne,
2294 5217 2323 5257 a
2370 5217 2480 5272 quo
2509 5202 2692 5256 omnia
2731 5211 3159 5266 consumuntur,
3189 5202 3425 5257 subsilit
3451 5221 3465 5256 :
3499 5202 3549 5255 id
3579 5215 3660 5254 nos

2123 5295 2266 5348 inter
2321 5293 2562 5364 aequales
2617 5308 2811 5348 omnes
2859 5292 3108 5362 profecto
3159 5293 3395 5350 fuimus.
3439 5293 3504 5348 Et
3538 5290 3658 5362 quod

2123 5385 2556 5456 pulcherrimum
2613 5397 2731 5450 est,
2789 5385 3052 5440 sodalitas
3094 5386 3351 5454 quaedam
3411 5386 3659 5439 nobiscum

2124 5492 2232 5530 non
2255 5477 2523 5546 ignobilis
2554 5476 2680 5542 fuit,
2715 5493 2836 5547 qua:
2867 5479 2936 5531 ab
2972 5478 3066 5533 illo
3120 5488 3386 5546 tanquam
3440 5477 3569 5532 duce
3597 5475 3661 5527 iu-

2125 5571 2459 5625 stituebatur
2517 5579 2682 5642 atque
2745 5571 3062 5641 regebatur,
3125 5571 3339 5626 eisdem
3404 5569 3656 5625 nobiscum

2124 5691 2389 5756 prmterea
2425 5697 2548 5736 cum
2584 5699 2721 5752 opus
2759 5683 2855 5746 sit,
2887 5681 3308 5756 Euxinol‘ottlo
3346 5679 3666 5756 iussas"?

2128 5750 2296 5806 menti
2331 5750 2485 5822 c'upia
2525 5768 2589 5808 cu
2624 5750 2983 5808 Subvehatur.
3021 5751 3162 5825 (litb.
3199 5769 3279 5822 tv,
3311 5750 3434 5824 cap'.
3471 5750 3574 5823 l6.)
