3912 6546
228 439 324 502 (331

1154 459 1749 530 senescimus
1788 448 2171 531 mst‘oum
2212 467 2356 527 LIB.
2398 464 2503 527 Xl.

3353 457 3458 518 632

230 563 431 620 studiis
467 563 734 636 gaudens.
772 567 1033 635 Quamvis
1061 577 1316 644 pedites,
1365 582 1518 648 juxta
1561 584 1788 656 Lydium
1821 600 1861 644 Α
1898 579 2052 653 133
2099 585 2286 652 Itaque
2345 591 2638 651 postquam
2694 577 2746 629 in
2807 573 3210 644 philosophicis
3255 572 3459 630 litteris

230 674 477 726 currum,
512 661 663 718 illius
706 665 918 720 scilicet
949 683 1166 724 cursum
1193 681 1252 726 et
1293 690 1502 730 morem
1529 693 1788 734 currere-

230 767 372 807 mus.
415 753 575 809 Unde
603 756 902 812 celebritas
931 761 1180 829 quaedam
1206 766 1367 821 nobis
1393 770 1622 839 contigit
1643 770 1788 840 apud

229 845 521 914 magistros
551 856 607 901 et
637 852 1048 908 commilitones
1078 865 1324 920 nostros,
1360 871 1625 928 prrcterea
1659 878 1788 918 vero

229 936 280 988 in
324 936 530 995 Graecia
564 941 738 1004 omni,
772 942 917 1010 apud
952 959 1049 998 eos
1081 948 1316 1004 maxime
1347 952 1441 1020 qui
1473 953 1530 1007 in
1556 969 1619 1007 ea
1648 970 1788 1023 pra!-

225 1031 388 1089 cipue
418 1031 549 1083 clari
588 1043 736 1086 sunt.
771 1033 915 1098 Quin
955 1037 1068 1106 jam
1111 1038 1251 1093 fama
1287 1058 1506 1112 quoque
1546 1047 1788 1104 nominis

231 1121 398 1173 nostri
448 1123 586 1176 ultra
632 1122 854 1180 Graeciae
910 1126 1068 1193 fines,
1125 1129 1284 1184 sicuti
1335 1133 1440 1187 hoc
1487 1135 1786 1191 multorum

227 1226 480 1266 sermone
550 1214 870 1279 ferebatur.
931 1223 1235 1288 processit.
1303 1224 1477 1280 Tanta
1547 1243 1788 1300 namque

227 1317 620 1372 praceptorum
667 1319 1008 1374 nostrorum,
1053 1323 1255 1381 quanta
1302 1316 1642 1373 Athenarum
1671 1360 1686 1384 ,
1732 1331 1788 1376 et

225 1403 374 1447 tanta
409 1408 618 1460 nostra,
647 1409 854 1467 quanta
885 1415 1280 1472 praeceptorum
1307 1407 1426 1461 laus
1460 1409 1581 1464 fuit.
1609 1414 1786 1482 Atque

225 1486 360 1538 adeo
394 1503 492 1555 per
524 1489 833 1544 amicorum
875 1493 1112 1563 insigne.
1145 1497 1305 1552 sicuti
1356 1501 1579 1563 fuimus,
1618 1502 1691 1556 ita
1731 1514 1788 1559 et

227 1576 398 1631 habiti
438 1596 666 1636 sumus:
710 1592 768 1636 ut
808 1585 945 1639 nihil
985 1587 1164 1642 simile
1200 1591 1342 1658 apud
1371 1589 1590 1648 Graecos
1615 1594 1785 1649 habe-

226 1678 346 1720 rent
391 1670 480 1723 vel
519 1670 745 1729 Orestes
788 1684 846 1729 et
885 1674 1138 1746 Pylades,
1186 1681 1270 1735 vel
1309 1681 1638 1749 Molionidae,
1676 1685 1785 1739 Ho-

223 1760 412 1815 merici
464 1764 722 1818 carminis
771 1766 1100 1823 miraculum
1130 1771 1230 1838 (l).
1268 1790 1286 1824 ι
1330 1772 1456 1828 Ηιοο
1491 1774 1784 1844 Gregorius

225 1851 289 1904 de
345 1867 454 1906 sua
515 1863 573 1908 et
620 1851 804 1910 Basilii
858 1859 1148 1928 disciplina
1189 1873 1244 1916 et
1292 1865 1556 1930 amicitia,
1619 1883 1782 1936 quam

225 1943 392 1996 etiam
448 1960 574 1999 eum
615 1948 817 2018 scripta
848 1949 1134 2022 pleraque,
1168 1963 1282 2008 tum
1315 1957 1561 2024 epistolae
1588 1973 1780 2014 eorum

223 2039 393 2104 magis
422 2039 723 2095 declarant.
766 2041 878 2096 llos
917 2059 1052 2098 sane
1090 2047 1242 2101 viros
1281 2049 1326 2102 si
1369 2050 1496 2117 quis
1545 2037 1784 2107 inter'se

221 2133 497 2195 conferre,
552 2134 854 2204 vitamque,
907 2153 1090 2194 mores
1147 2148 1204 2194 et
1267 2141 1526 2196 virtutem
1587 2158 1782 2198 eorum

224 2239 496 2293 exponere
517 2226 666 2291 velit,
689 2229 920 2283 alterum
945 2233 1103 2287 alteri
1129 2233 1387 2302 praeferre
1411 2233 1781 2291 addubitabit.

224 2315 343 2369 Fuit
373 2318 519 2370 enim
545 2321 692 2372 inter
715 2335 835 2386 eos,
864 2333 921 2375 et
956 2323 1081 2376 vita:
1105 2323 1421 2392 sanctioris,
1453 2334 1510 2380 et
1539 2329 1783 2395 profanae

213 2407 382 2461 'simul
422 2423 704 2478 sacraeque
737 2409 1006 2466 doctrinae
1053 2415 1416 2468 concertatio.
1465 2414 1599 2469 Nam
1645 2417 1782 2472 ado-

221 2500 492 2555 lescentes
540 2501 743 2566 adhuc,
767 2503 998 2558 Athenis
1042 2503 1271 2559 llimerii
1320 2516 1378 2560 et
1427 2507 1778 2575 Probaeresii,

220 2594 310 2662 qui
361 2602 477 2648 tum
518 2593 662 2649 inter
706 2593 981 2665 50phistas
1023 2598 1284 2667 praecipui
1353 2609 1535 2663 erant,
1585 2601 1784 2657 deinde

223 2685 386 2738 etiam
449 2684 752 2740 Antiochiae
810 2685 866 2739 in
916 2679 1074 2756 Syria
1124 2686 1338 2741 Libanii
1395 2689 1677 2746 auditores
1727 2702 1783 2748 et

223 2777 476 2846 discipuli
515 2785 685 2830 artem
721 2776 1050 2831 rhetoricam
1084 2793 1297 2833 summe
1339 2780 1780 2849 perdidicerunt.

223 2869 289 2924 Et
320 2885 468 2934 cum,
514 2869 660 2939 quod
699 2871 764 2924 ad
793 2870 1156 2940 philosophia:
1185 2871 1369 2927 studia
1415 2873 1574 2929 valde
1605 2891 1782 2946 appo-

221 2964 312 3018 siti
343 2971 548 3026 essent,
575 2963 801 3033 quidam
850 2979 948 3019 eos
995 2963 1063 3018 ad
1112 2964 1274 3020 ludos
1319 2967 1674 3037 aperiendus,
1725 2979 1782 3025 et

226 3054 581 3125 sophisticam
638 3054 808 3108 vitam
864 3055 1382 3124 complectendam,
1443 3059 1537 3114 alii
1591 3068 1778 3114 autem

223 3148 292 3201 ad
330 3162 524 3202 causas
574 3146 634 3200 in
669 3147 788 3201 foro
823 3147 1064 3219 agendas
1114 3148 1562 3216 cohortarentur,
1595 3151 1779 3207 studio

1895 678 2032 731 satis
2081 675 2285 730 versati
2333 683 2517 741 erant,
2546 686 2615 744 ex
2648 667 2904 738 Origenis
2933 676 2989 722 et
3040 665 3303 730 aliorum,
3358 665 3455 733 qui

1896 769 2052 823 illum
2112 767 2199 821 vel
2254 772 2675 834 praecesserant.
2727 762 2813 816 vel
2873 760 3156 815 consecuti
3211 758 3456 820 fuerant,

1889 859 2068 920 libris,
2122 872 2400 912 sacrarum
2440 855 2768 910 Litterarum
2798 852 3124 908 sententiam
3172 849 3457 904 addidice-

1891 959 2040 1005 runt.
2073 948 2261 1020 Magna
2305 951 2453 1002 enim
2499 958 2612 1001 tum
2655 948 2789 1001 orbe
2840 956 2956 1000 toto
2988 942 3242 1013 Origenis
3276 941 3451 1011 gloria

1888 1043 2016 1096 fuit.
2054 1041 2112 1096 in
2163 1044 2282 1112 ejus
2326 1041 2489 1096 libris
2529 1055 2653 1094 cum
2701 1055 2759 1094 se
2799 1038 3198 1098 exercuissent,
3234 1035 3453 1088 Arianis

1891 1141 2115 1187 strenue
2161 1133 2509 1188 restiterunt.
2563 1131 2629 1184 Et
2681 1129 2810 1200 quia
2857 1129 2934 1182 illi
2991 1126 3358 1181 auctoritates
3399 1134 3456 1177 et

1894 1226 2210 1280 testimonia
2254 1241 2320 1279 ex
2358 1223 2608 1294 Origenis
2645 1222 2868 1289 scriptis
2917 1221 2986 1274 ad
3043 1219 3239 1288 dogma
3295 1233 3453 1272 suum

1886 1314 2358 1383 comprobandum
2417 1315 2744 1378 alien-ebant,
2803 1314 2905 1382 ipsi
2955 1327 3053 1366 eos
3107 1309 3451 1366 refellerunt,

1889 1422 1998 1459 non
2063 1407 2198 1461 satis
2256 1406 2512 1476 Origenis
2577 1405 2910 1460 sententiam
2979 1414 3266 1456 assccutos
3330 1415 3453 1454 esse

1891 1497 2270 1552 ostendentes.
2329 1498 2487 1566 Apud
2538 1498 2743 1551 multos
2798 1495 3021 1565 quidem
3076 1504 3188 1546 tum
3237 1492 3452 1550 Ariani.

1889 1596 2054 1655 atque
2101 1585 2404 1640 Eunomius
2468 1593 2526 1639 et
2580 1584 2696 1654 ipse
2749 1583 3091 1647 Arianizans,
3149 1583 3204 1635 in
3257 1595 3454 1650 magno

1889 1677 2046 1732 fuere
2099 1677 2299 1747 pretio.
2353 1677 2424 1730 At
2489 1677 2566 1731 illi
2609 1685 2896 1745 postquam
2939 1689 3064 1729 cum
3090 1673 3357 1743 Gregorio
3400 1679 3455 1726 et

1885 1769 2087 1824 Basilio
2119 1769 2206 1823 vel
2258 1768 2480 1839 scriptis
2527 1769 2613 1823 vel
2641 1766 3112 1838 disputationibus
3143 1774 3276 1820 sunt
3313 1779 3451 1818 con-

1887 1862 2080 1932 gressi,
2103 1861 2309 1916 indocti
2340 1877 2568 1932 prorsus
2589 1875 2713 1917 esse
2738 1861 3004 1928 comperti
3035 1869 3184 1915 sunt.
3215 1859 3454 1914 Basilius

1893 1969 1923 2008 a
1977 1953 2194 2008 Mcletio
2248 1954 2552 2009 Antiochia:
2592 1954 2858 2023 episcopo
2891 1953 3160 2007 diaconus
3205 1961 3448 2016 creatus,

1890 2053 2081 2114 postea
2119 2044 2311 2115 patriae
2345 2061 2460 2101 suae
2504 2045 2767 2102 Caesareae
2791 2045 3178 2116 Cappadocum
3215 2045 3452 2099 antistes

1889 2136 2091 2204 factus,
2129 2153 2252 2192 cum
2283 2153 2418 2193 cura
2448 2147 2503 2194 et
2552 2138 2658 2193 fide
2693 2139 2944 2194 ecclesiis
2976 2138 3451 2208 praefuit.Ver~itus

1890 2232 2036 2284 enim
2069 2246 2137 2285 ne
2165 2246 2254 2286 res
2279 2232 2607 2286 Arianorum
2634 2247 2790 2286 novae
2839 2232 3000 2286 Ponti
3022 2232 3188 2287 etiam
3213 2230 3451 2285 ditiones

1893 2330 2264 2392 occuparent,
2317 2322 2574 2378 celeriter
2624 2324 2694 2380 ad
2752 2339 2846 2380 eas
2903 2335 3086 2393 partes
3139 2323 3450 2394 percurrit,

1877 2402 2057 2482 atque
2108 2413 2507 2469 monachorum
2557 2414 2632 2470 ibi
2699 2415 2966 2472 exercitia
3019 2416 3337 2477 instituens,
3391 2424 3452 2470 et

1890 2505 2184 2575 plerosque
2231 2521 2388 2561 sacra
2433 2506 2684 2563 doctrina
2719 2509 3006 2576 erudiens,
3041 2510 3096 2565 iu
3143 2510 3248 2565 fide
3281 2511 3447 2582 etiam

1890 2594 2218 2652 fluctuantes
2250 2599 2614 2654 confirmavit.
2657 2594 2922 2671 Gregorio
2953 2613 3158 2665 autem.
3198 2601 3293 2672 qui
3324 2601 3436 2655 Na-

1892 2687 2067 2741 zianzi
2102 2689 2367 2743 mediocri
2404 2689 2764 2759 Cappadociae
2811 2692 3035 2762 oppido,
3081 2695 3225 2759 patri
3259 2709 3360 2748 suo
3397 2697 3451 2750 in

1889 2780 2207 2849 episcopatu
2254 2783 2536 2845 successit,
2583 2782 2727 2837 idem
2774 2785 3015 2839 studium
3044 2786 3167 2841 fuit.
3195 2786 3449 2843 Circum-

1891 2873 2008 2925 iens
2070 2871 2216 2925 enim
2260 2881 2316 2926 et
2363 2873 2477 2941 ipse
2524 2875 2720 2942 oppida
2761 2877 3045 2946 pleraque,
3087 2893 3183 2932 eos
3217 2879 3311 2948 qui
3384 2881 3441 2934 in

1890 2962 2151 3032 religione
2193 2963 2445 3018 imbecilli
2475 2971 2657 3030 erant,
2690 2966 3045 3022 confortavit.
3085 2970 3441 3026 Potissimum

1889 3070 2021 3110 vero
2063 3054 2588 3126 Constantinopolim
2643 3058 2990 3128 frequentius
3040 3061 3249 3128 visens,
3306 3076 3436 3120 sen-

1891 3145 2072 3201 tentia
2100 3163 2212 3202 sua:
2242 3150 2636 3234 suifragatores
2667 3152 2719 3207 in
2749 3154 3000 3212 doctrina
3039 3161 3389 3219 confirmavit
3425 3186 3437 3217 :

232 3250 465 3311 utroque
495 3249 835 3313 contempto,
877 3240 1180 3297 solitariam
1209 3250 1341 3297 sunt
1371 3243 1540 3297 vitam
1579 3246 1779 3299 secuti.
1811 3275 1852 3332 ο
1884 3247 1942 3291 et
1975 3249 2160 3306 postea
2198 3241 2253 3316 in
2297 3238 2416 3296 eam
2450 3245 2639 3299 urbem
2669 3247 2908 3316 legitime
2951 3263 3234 3316 evocatus.
3267 3258 3444 3311 admi-

221 3423 462 3494 ὓστερον,
495 3423 768 3494 συνδρομῇ
798 3421 1009 3476 πολλῶν
1040 3423 1232 3494 ιερέων
1255 3422 1352 3494 τῆς
1387 3423 1570 3478 ἐκεῖσε
1589 3424 1785 3496 ἐκκλη-

226 3513 341 3575 σίας
373 3512 471 3582 τὴν
510 3513 815 3582 ἐπισκοπὴν
846 3513 1152 3584 ἐπετράπη.
1193 3511 1254 3566 Ei
1299 3513 1374 3584 μὴ
1408 3516 1516 3583 γὰρ
1551 3515 1713 3566 αὐτὸν
1748 3516 1781 3585 ή

225 3603 338 3656 θεία
384 3603 542 3674 χάρις
570 3604 747 3657 ἐκεῖσε
775 3602 1139 3673 παραόἀλλειν
1173 3604 1364 3669 ἐκίνει,
1399 3605 1524 3675 μήτ’
1557 3606 1784 3658 ἐπισκό-

224 3713 324 3748 που
354 3696 477 3765 μήτ’
509 3695 804 3764 ἐκκλησίας
842 3694 1030 3765 οὔσης,
1056 3695 1273 3748 πάντων
1302 3694 1346 3748 δ’
1384 3695 1782 3765 ἐλαυνομένων,

223 3789 521 3842 ἐκινδύνευε
545 3788 729 3858 σχεδὸν
748 3787 939 3858 μηκέτ’
961 3784 1099 3841 εἶναι
1125 3791 1189 3858 τῇ
1212 3789 1619 3841 Κωνσταντῐνου
1641 3787 1699 3840 τὸ
1715 3791 1779 3858 τῇ

225 3881 280 3931 ὲν
326 3878 523 3948 Nimia
570 3879 805 3939 πίστεως
842 3877 1037 3947 δόγμα.
1084 3877 1244 3930 Ἀλλὰ
1288 3879 1416 3948 περὶ
1457 3879 1557 3948 μὲν
1589 3877 1781 3930 τούτου

221 3973 315 4024 καὶ
343 3971 494 4035 αὖθις
541 3972 682 4024 κατὰ
713 3973 897 4042 χώραν
934 3971 1208 4042 ἐροῦμεν)
1244 3974 1302 4026 τὸ
1333 3972 1389 4026 δέ
1419 3989 1481 4040 γε
1529 3972 1622 4025 νῦν
1657 3973 1784 4042 περὶ

225 4064 492 4118 Βισιλείου
516 4063 768 4134 διέξειμι.

799 4179 1052 4234 ΚΕΦΛΛ.
1093 4177 1198 4233 ιη’.

237 4272 325 4338 Ὠς
355 4273 505 4340 μετὰ
529 4270 825 4327 Εὑσέὄιον
854 4273 1175 4337 Βασίλειος
1210 4271 1326 4340 τὴν
1358 4271 1784 4328 Καππαδοκῶν

288 4343 582 4410 ἐπετράπη
605 4359 632 4412 Ἀ
657 4340 760 4412 καὶ
790 4343 922 4410 περὶ
951 4341 1062 4410 τῆς
1107 4343 1260 4410 πρὸς
1291 4342 1600 4398 Οὐάλεντα
1627 4344 1783 4412 παῤ-

1317 4153 1348 4181 Ο

281 4413 502 4480 ῤηὶας
531 4411 742 4468 αὐτοῦ.
1661 4442 1671 4454 ’

176 4557 204 4582 »ο
289 4528 529 4599 Διαφορά
579 4543 664 4590 τις
718 4523 921 4596 συνέϐη
961 4524 1038 4596 τῷ
1071 4525 1178 4596 πρὸ
1225 4523 1323 4579 τοῦ
1353 4525 1636 4580 Βασιλείου
1677 4525 1782 4596 ἓῆς

1886 3329 2266 3386 uistrationem
2302 3332 2560 3390 Ecclesiae
2590 3335 2663 3391 ibi
2698 3341 2993 3395 multorum
3039 3346 3435 3416 episcoporum

1882 3434 2157 3477 concursu
2198 3434 2253 3478 et
2301 3425 2564 3498 suﬂ‘ragio
2595 3432 2858 3500 suscepit.
2903 3432 3059 3500 Quod
3113 3439 3218 3493 nisi
3254 3440 3442 3496 divina

1885 3515 2076 3580 gratia,
2116 3523 2175 3567 ut
2207 3515 2252 3570 is
2281 3532 2344 3571 eo
2371 3521 2608 3586 veniret,
2639 3537 3014 3592 procurasset,
3053 3529 3203 3598 quod
3235 3536 3434 3602 expul-

1885 3603 1962 3657 sis
2014 3605 2310 3670 omnibus,
2374 3626 2552 3680 neque
2619 3615 2913 3685 episcopus
2971 3635 3148 3689 neque
3206 3625 3440 3680 ecclesia

1885 3694 1961 3747 ibi
2011 3706 2192 3760 esset,
2224 3699 2529 3766 periculum
2565 3714 2718 3762 certe
2749 3717 2800 3761 et
2836 3718 3014 3764 tuetus
3049 3710 3166 3767 fere
3208 3713 3405 3770 fuisset
3434 3758 3449 3778 .

1886 3801 1956 3840 ne
2007 3787 2204 3845 deinde
2271 3791 2505 3848 Nicaenae
2578 3794 2699 3851 fidei
2750 3798 3014 3856 doctrina:
3060 3801 3453 3861 Constantino-

1885 3878 1994 3946 poli
2053 3879 2204 3934 locus
2254 3881 2492 3937 deesset.
2547 3885 2653 3940 Sed
2708 3888 2808 3943 hac
2858 3890 2926 3945 de
2988 3907 3046 3946 re
3099 3903 3288 3963 postea
3345 3912 3448 3952 suo

1884 3970 2005 4026 loco
2060 3971 2258 4028 dicam.
2319 3974 2376 4029 In
2432 3977 2721 4045 praesentia
2773 3981 3057 4037 historiam
3114 3984 3184 4040 de
3241 3987 3443 4044 Basilio

1883 4079 2209 4135 persequar.

2430 4180 2658 4237 CAPUT
2700 4182 2886 4239 XVIII.

1889 4270 1953 4325 Ut
1980 4250 2094 4340 post
2131 4270 2442 4349 _Eusebium_
2465 4273 2665 4349 Basilio
2684 4275 2923 4349 Ecclesia
2950 4276 3343 4349 Cappadocum
3373 4287 3442 4336 sit

1952 4343 2242 4417 commissa.
2266 4359 2284 4395 :
2325 4352 2376 4396 et
2409 4343 2471 4396 de
2505 4344 2696 4415 insigni
2727 4346 2842 4417 ejus
2887 4343 3135 4404 adversus
3172 4351 3444 4407 Valentem

1953 4412 2160 4464 dicendi
2185 4411 2442 4470 libertate.

1953 4526 2210 4592 Eusebio,
2242 4531 2332 4597 qui
2359 4540 2486 4584 ante
2512 4530 2770 4586 Basilium
2804 4534 3050 4591 ecclesia:
3080 4537 3445 4596 Cmsariensis

172 4603 179 4614 ⁸
237 4616 550 4685 Ἐκκλησίας
578 4613 916 4685 καθηγεμόνι
939 4615 1202 4686 Εὖσεόἰῳ,
1226 4614 1306 4668 ἑτι
1328 4617 1385 4668 ὲν
1405 4617 1676 4681 διακόνοις
1693 4635 1780 4670 τε·

1889 4621 2212 4688 gubernator
2245 4621 2369 4686 fuit,
2398 4623 2685 4680 dissidium
2740 4627 3012 4697 quoddam
3061 4646 3183 4685 cum
3243 4632 3446 4689 Basilio

228 4709 452 4772 λοῦντος.
483 4704 592 4761 Ἦν
623 4706 681 4761 δὲ
708 4709 737 4761 ὁ
766 4706 1021 4769 Εὐσέϐιος
1053 4707 1145 4759 καὶ
1170 4706 1337 4761 τᾶλλα
1367 4708 1466 4777 μὲν
1496 4709 1779 4773 ἐπαινετὸς

228 4803 253 4853 ὁ
289 4802 439 4871 ἀνὴρ,
473 4801 568 4853 καὶ
602 4802 710 4864 τοῖς
754 4799 894 4868 ὑπὲρ
916 4799 1195 4862 εὐσεϐείας
1233 4799 1498 4862 κινδύνοις
1546 4801 1780 4871 μάλιστα

229 4895 535 4965 διαπρέψας,
568 4893 643 4956 ὡς
678 4895 705 4946 ὀ
737 4891 859 4946 τότε
892 4891 1059 4955 ἔδειξε
1095 4891 1354 4961 διωγμὸς.
1393 4891 1501 4960 Τῆς
1541 4891 1631 4945 οὖν
1661 4893 1781 4945 δια-

229 4990 382 5058 φορᾶς
403 4987 723 5056 γενομένης,
751 4985 1028 5046 Βασίλειος
1061 4986 1158 5055 μὲν
1185 4986 1278 5038 ἐπὶ
1299 4983 1388 5038 τὸν
1419 4984 1618 5037 Πόντον
1647 4984 1785 5054 ἐχώ-

230 5097 325 5150 ρει,
358 5082 455 5133 καὶ
470 5081 580 5142 τοῖς
607 5080 783 5131 ὲκεῖσε
811 5076 1116 5146 φιλοσόφως
1147 5076 1281 5141 ζῶσι
1313 5078 1477 5146 συνῆν
1497 5091 1511 5106 ο
1539 5077 1567 5128 ὁ
1591 5077 1650 5130 δὲ
1670 5077 1780 5129 τῶν

231 5174 536 5244 Καισαρέων
551 5171 746 5242 δῆμος,
767 5172 863 5223 καὶ
887 5171 1088 5239 μᾶλλον
1113 5171 1227 5222 ὅσοι
1256 5168 1352 5220 τοῦ
1375 5169 1615 5239 πλήθους
1638 5165 1781 5240 ἦσαν

233 5265 550 5335 σοφώτεροι,
588 5262 660 5316 δι’
688 5262 942 5324 ὑπονοίας
971 5257 1118 5331 εἶχον
1142 5260 1428 5323 Εὐσέὸιον.
1459 5262 1554 5314 καὶ
1584 5263 1779 5314 ἀπολι-

232 5362 338 5411 πεῖν
365 5375 421 5410 τε
447 5357 608 5412 αὑτὸν
639 5353 1007 5417 ισουλεύοντο,
1044 5354 1137 5406 καὶ
1167 5352 1289 5406 κατ’
1324 5352 1461 5406 ἰδίαν
1487 5353 1784 5424 χωρισθέν-

230 5467 329 5514 τες,
355 5453 451 5513 τὰς
485 5449 810 5517 συναγωγὰς
843 5447 980 5517 δῆτα
1033 5445 1340 5509 ποιεῖσθαι,
1376 5447 1458 5499 ὅτι
1489 5446 1666 5516 φυγῆς
1694 5447 1782 5500 αῐ-

233 5559 329 5606 τιος
354 5540 594 5610 ἐγεγόνει
622 5540 779 5610 ἀνδρὶ
800 5538 1040 5608 τοσούτῳ
1059 5537 1158 5607 τὴν
1179 5538 1382 5608 ἀρετὴν
1403 5538 1492 5590 καὶ
1523 5537 1669 5607 βιοῦν
1691 5537 1785 5592 λᾶ-

233 5651 334 5699 γειν
361 5636 499 5705 ὑπὲρ
527 5637 772 5695 ἃπαντας
805 5631 1096 5701 εὐδοκιμῳ,
1130 5631 1222 5683 καὶ
1246 5628 1420 5682 ταῦτα
1453 5631 1673 5698 στίφους
1695 5645 1786 5682 το-

236 5727 420 5781 σούτων
447 5725 742 5799 αἰρετικῶν
759 5724 1127 5795 περιθέοντος.
1145 5722 1204 5774 '0
1241 5723 1339 5792 μὲν
1359 5716 1452 5776 οὖν
1477 5721 1782 5784 Βασίλειος.

303 5909 370 5978 (ι)
397 5908 611 5964 Sozom.
643 5906 770 5962 eod.
797 5922 920 5976 cap.
959 5907 1044 5961 l4.
1081 5904 1291 5958 Socrat.
1319 5901 1445 5956 eod.
1476 5916 1593 5971 cap.
1621 5899 1714 5955 26.

1881 4714 2180 4768 etiamnum
2199 4715 2430 4770 diacono
2451 4717 2782 4773 intercessit.
2802 4718 2928 4773 Fuit
2956 4731 3140 4776 autem
3171 4723 3445 4780 Eusebius

1877 4821 2008 4862 eum
2029 4806 2150 4860 aliis
2181 4807 2234 4861 in
2273 4810 2438 4862 rebus
2465 4809 2547 4862 vir
2599 4825 2848 4879 magnus,
2881 4822 2993 4865 tum
3049 4815 3447 4868 certaminibus

1878 4910 1936 4952 et
1957 4899 2216 4967 periculis
2242 4915 2342 4968 pro
2368 4901 2570 4969 pietate
2615 4901 2915 4956 subeundis
2946 4903 3182 4958 maxime
3236 4917 3451 4974 specta-

1881 5001 1991 5046 tus.
2023 4990 2080 5045 ω
2128 4993 2272 5061 quod
2301 4994 2420 5062 ejus
2456 4993 2722 5064 temporis
2777 4993 3093 5063 persecutio
3127 4995 3446 5051 declaravit.

1882 5083 2175 5137 Dissidium
2226 5094 2408 5139 autem
2442 5099 2563 5139 cum
2594 5088 2677 5140 eis
2728 5085 3169 5152 intercessisset,
3218 5085 3453 5140 Basilius

1883 5178 1938 5231 in
1972 5178 2204 5232 Pontum
2231 5177 2478 5242 secessit,
2512 5187 2678 5246 atque
2714 5177 2787 5232 ibi
2836 5193 2959 5232 cum
2985 5178 3271 5233 monachis
3330 5182 3422 5248 plii

1878 5268 2163 5336 losopltice
2215 5269 2525 5323 viventibus
2559 5269 2682 5324 fuit.
2725 5269 2886 5324 Plebs
2937 5277 3120 5324 autem
3149 5269 3452 5325 Ctesaricn-

1881 5363 1980 5426 sis,
2005 5370 2169 5429 atque
2191 5361 2246 5415 in
2277 5361 2472 5431 primis
2500 5361 2593 5430 qui
2622 5376 2686 5416 ea
2716 5370 2876 5417 erant
2903 5362 3267 5428 cordatiores,
3299 5365 3448 5433 quod

1885 5455 2182 5510 Eusebium
2214 5464 2530 5523 suspectum
2564 5454 2864 5520 habebant,
2897 5455 3054 5526 quasi
3100 5455 3240 5526 fugae
3286 5470 3453 5512 causa

1885 5555 2034 5601 esset
2052 5546 2152 5599 viri
2176 5546 2335 5610 tanti,
2359 5545 2454 5616 qui
2485 5545 2686 5601 virtute
2712 5555 2767 5601 et
2789 5547 3034 5602 moribus
3061 5557 3116 5602 et
3139 5547 3454 5616 eloquentia

1885 5638 2143 5692 omnibus
2173 5637 2293 5690 aliis
2321 5637 2522 5690 clarior
2551 5647 2716 5702 esset,
2773 5652 2840 5692 eo
2875 5639 3151 5709 praecipue
3211 5648 3458 5708 tempore

1884 5743 1996 5798 quo
2029 5729 2415 5785 haereticorum
2468 5728 2660 5799 ingens
2707 5731 3004 5787 multitudo
3059 5732 3449 5787 circumcursa-
