3912 6558
480 423 604 491 1‘23

1711 427 2130 490 NlCEPHORl
2175 431 2260 491 CA
2270 433 2519 493 leISTl

3610 436 3719 513 363$

470 553 611 610 τοι,
640 542 936 602 consilium
983 543 1104 612 eius
1155 542 1500 614 relinquendi
1552 553 1606 600 et
1658 545 1887 600 seorsim
1946 561 2049 600 ron

2173 547 2261 600 ἵνα
2327 548 2403 618 μὴ
2458 548 2518 600 τδ
2579 545 2662 616 ἐφ’
2716 544 2895 617 ἑαυτῷ
2945 545 3044 618 τὴν
3108 544 3410 617 ικκλησίαν
3455 546 3721 621 ἐπιτρέψῃ,

486 642 687 691 ventus
717 634 837 689 sibi
870 650 1003 690 suos
1036 635 1246 704 agendi
1311 649 1528 705 cepere.
1563 634 1721 707 134
1768 638 1947 706 Atque
1990 637 2065 692 ita

484 731 712 800 quidem
766 728 1036 793 Basilius,
1110 744 1212 794 ne,
1287 738 1551 798 quantum
1624 746 1681 784 in
1758 745 1824 784 eo
1896 729 2063 784 situm

482 831 626 886 erat,
687 820 991 877 Ecclesiam
1042 819 1291 890 plurimis
1342 820 1670 875 tumultibus
1726 819 1793 872 ab
1845 821 1925 874 eis
1968 822 2061 890 qui

484 913 665 969 aliena
737 913 1079 976 sentiebant,
1146 911 1532 967 conturbatum
1580 912 1816 983 amplius
1862 913 2065 983 afﬂige-

486 1012 615 1072 ret,
695 1005 937 1076 quietam
1002 1006 1056 1058 in
1140 1004 1386 1058 Ponticis
1459 1003 1809 1059 monasteriis
1866 1004 2063 1075 agebat

484 1100 676 1154 vitam.
738 1098 937 1153 Valens
989 1105 1197 1160 autem,
1247 1107 1305 1152 et
1335 1112 1455 1167 qua“:
1478 1113 1603 1153 cum
1643 1112 1710 1152 eo
1755 1106 1875 1153 erat
1906 1114 2060 1153 sacra

470 1192 688 1248 cohors
743 1190 983 1261 (sempvr
1031 1191 1177 1244 enim
1243 1189 1397 1244 illum
1457 1188 1751 1244 incitantes
1816 1188 2059 1259 epise0pi

478 1284 673 1340 Ariani
722 1282 1136 1353 sequebantur)
1186 1290 1556 1352 opportunum
1594 1297 1653 1337 se
1688 1290 1905 1350 tempus
1962 1297 2061 1336 na-

474 1384 603 1430 ctus
660 1388 782 1429 esse
837 1372 1108 1435 dicentes,
1166 1380 1227 1426 ut
1284 1371 1336 1425 in
1392 1370 1775 1441 Cappadocum
1808 1371 2054 1427 Caesarea

485 1466 631 1536 quod
691 1465 898 1521 vellent
956 1463 1327 1533 perlicerent,
1382 1475 1674 1534 propterea
1721 1461 1867 1531 quod
1914 1462 2059 1517 Basi-

483 1558 590 1611 lius
646 1555 982 1619 secessisset,
1041 1552 1377 1624 et‘populus
1415 1551 1640 1608 Eusebii
1673 1551 1802 1607 odio
1841 1552 1912 1607 ad
1943 1554 2058 1609 dis-

485 1648 796 1704 cessionem
822 1656 1128 1717 spectaret,
1151 1644 1466 1701 Nicomedia
1483 1643 1712 1715 profecti
1726 1644 2055 1707 Caesaream,

472 1753 744 1812 tanquam
797 1750 855 1796 et
899 1740 1046 1795 hanc
1067 1738 1342 1805 eversuri,
1368 1745 1679 1794 venerunt:
1746 1746 1914 1809 atque
1981 1738 2054 1794 ibi

464 1851 606 1905 ante
628 1835 773 1891 soliti
803 1834 1038 1899 fuerant,
1068 1846 1332 1903 peragere
1364 1840 1492 1889 sunt
1540 1831 1747 1900 conati,
1797 1831 2056 1889 videlicet

2174 639 2448 702 πλείστοις
2488 638 2739 709 θορύϐοις
2785 638 2935 708 παρὰ
2986 639 3097 692 τῶν
3129 638 3457 709 ἑτεροδόξων
3488 654 3726 707 κυμαινο-

2175 728 2362 799 μένην,
2389 731 2502 792 τοῖς
2536 730 2681 783 κατὰ
2711 730 2908 783 Πόντον
2936 730 3382 801 φροντιστηρίοις
3412 731 3659 785 ἐνέϐαλεν
3678 736 3726 804 ἡ-

2173 821 2308 889 συχῆ
2340 819 2561 885 διαζῶν,
2604 810 2818 891 Ούᾶλης
2837 821 2894 875 δέ
2920 823 3013 876 καὶ
3040 824 3067 875 ό
3090 824 3219 892 περὶ
3236 822 3399 876 αὑτὸν
3421 823 3563 891 ἱερὸς
3585 840 3727 892 στρα-

2171 913 2260 975 τὸς
2298 914 2407 983 (ἀεὶ
2438 914 2550 984 γὰρ
2607 915 2803 985 ἐκείνῳ
2841 915 3082 985 συνῆσαν
3112 915 3526 986 διερεθίζοντες)
3558 917 3727 986 καιρὸν

2170 1005 2312 1074 ἔχειν
2357 1005 2603 1068 εἰπόντες
2639 1006 2735 1060 καὶ
2781 1008 2840 1061 ἐν
2887 1010 2956 1077 τῇ
3008 1006 3396 1064 Καππαδοκῶν
3446 1008 3635 1061 ἁνύσαι
3675 1010 3728 1061 τό

2172 1096 2625 1167 σπουδαζόμενον,
2659 1097 2719 1150 τό
2746 1114 2806 1150 τε
2839 1098 3123 1168 ἀπόδημον
3152 1094 3292 1151 εἶναι
3320 1098 3618 1162 Βασίλειον,
3648 1101 3728 1159 καὶ

2168 1191 2229 1244 τὸ
2255 1191 2342 1244 διὰ
2376 1190 2566 1261 μίσους
2593 1190 2823 1256 ἄγεσθαι
2857 1189 2935 1261 τῷ
2969 1190 3083 1261 λαῷ
3114 1192 3205 1243 τὶν
3243 1190 3627 1247 Εὑσέϐιονκαὶ
3656 1194 3729 1257 είς

2171 1278 2326 1350 ῥῆξιν
2365 1280 2522 1350 όρᾷν,
2556 1281 2617 1332 ἐκ
2646 1281 2745 1347 τῆς
2773 1278 3142 1349 Νικομηδείας
3169 1279 3509 1353 ἀπάραντες,
3544 1282 3616 1340 ὡς
3643 1282 3730 1334 καὶ

2166 1372 2374 1440 ταύτην
2395 1370 2922 1441 καταστρεψόμενοι,
2944 1374 3010 1442 τῇ
3029 1372 3358 1439 Καισαρέων
3382 1372 3726 1441 προσέϐαλον,

2167 1464 2259 1517 καὶ
2300 1463 2370 1517 τὰ
2419 1463 2656 1518 εἰωθότα
2688 1465 2865 1516 ποιεῖν
2914 1462 3269 1533 ἐπεχείρουνο
3321 1463 3600 1516 ἐκϐάλλειν
3640 1465 3729 1534 μὲν

2165 1552 2272 1607 τῶν
2301 1551 2616 1622 ἐκκλησιῶν
2648 1553 2774 1626 τοὺς
2824 1550 3187 1622 ὸρθόφρονας,
3214 1554 3328 1615 τοῖς
3367 1551 3414 1605 δ’
3439 1552 3499 1616 ἐξ
3526 1553 3727 1625 ’Δριίου

2164 1644 2368 1708 ταύτας
2398 1645 2621 1701 διδόναι.
2651 1645 2893 1700 Ἦκιστα
2923 1645 2970 1700 δ’
3001 1647 3187 1708 αὐτοῖς
3222 1646 3363 1714 μετὰ
3400 1645 3599 1698 σκοπὸν
3635 1646 3730 1697 ἀπ-

2167 1737 2263 1807 έϐη
2314 1737 2375 1791 τὸ
2420 1736 2812 1809 βουλευόμενον
2836 1753 2852 1768 ⁸
2882 1736 3000 1809 ἅμα
3029 1737 3138 1806 γὰρ
3180 1736 3478 1809 ἠγγέλλετο
3521 1738 3729 1802 τούτους

2166 1826 2259 1878 ἐπὶ
2289 1816 2629 1897 καισαρείας
2660 1825 2933 1891 ἐλαύνειν,
2969 1830 3067 1880 καὶ
3097 1826 3375 1893 Βασίλειος
3403 1827 3497 1891 τὰς
3521 1830 3578 1880 ἐν
3606 1830 3728 1885 Πόν-

487 1937 548 1983 ιιι
611 1936 759 1983 recta
812 1926 1125 1981 sentientes
1195 1924 1445 1981 ecclesiis
1491 1924 1797 1995 exigerent,
1847 1938 2054 1992 easque

2159 1937 2234 1990 τῳ
2281 1918 2565 1988 διατριϐὰς
2619 1920 2835 1991 χαίρειν
2893 1918 3087 1985 εἰπὼν,
3142 1921 3236 1973 ἐπὶ
3265 1921 3367 1992 τὴν
3417 1922 3728 1992 Καισαρέων

489 2019 710 2074 Arianis
742 2018 1038 2073 traderent.
1068 2015 1339 2073 Caeterum
1387 2016 1675 2072 consilium
1742 2015 1795 2070 id
1853 2014 2061 2071 frustra.

484 2113 608 2164 fuit.
644 2107 1064 2178 Quamprimum
1090 2107 1238 2162 enim
1269 2106 1371 2162 hos
1395 2106 1699 2161 Caesaream
1729 2105 2052 2175 pervenisse

483 2201 797 2256 nuntiatum
815 2208 921 2264 est,
947 2196 1183 2254 Basilius
1210 2196 1526 2253 monasticis
1552 2196 1609 2251 in
1655 2195 1831 2253 Ponto
1853 2196 2058 2252 scholis

482 2293 603 2348 vale
656 2292 824 2357 dicto,
880 2290 1180 2348 Ca-saream
1227 2297 1285 2346 et
1342 2292 1459 2357 ipse
1503 2289 1664 2356 redit,
1708 2297 1767 2345 et
1816 2287 2057 2344 Eusebio

483 2383 946 2441 rebusomnibus
994 2382 1118 2438 aliis
1151 2380 1486 2453 posthabitis
1535 2380 1881 2437 conciliatur.
1936 2380 2057 2447 Quo

484 2479 708 2550 quidem
767 2478 910 2533 facto
955 2476 1123 2532 animi
1188 2474 1275 2530 sui
1324 2474 1762 2531 benevolentiam
1822 2475 2056 2529 maxime

484 2568 742 2624 ostendit.
770 2567 839 2622 Et
875 2565 1021 2637 quod
1054 2565 1107 2620 iu
1144 2578 1385 2634 tempore
1409 2578 1608 2635 magno
1633 2562 1844 2630 judicio
1871 2566 2052 2620 omnia
2079 2606 2091 2619 .

445 2686 461 2711 -η
483 2674 606 2715 cum
633 2657 846 2711 ratione
872 2656 1004 2726 egit,
1032 2653 1606 2723 disputationibusque
1639 2661 1949 2722 opportune
1971 2663 2055 2708 est

447 2776 459 2795 -η
486 2762 636 2810 usus.
668 2762 894 2802 attamen
924 2746 1309 2801 haereticorum
1376 2747 1569 2817 ingens
1600 2746 1820 2814 repulit,
1854 2753 1911 2799 et
1968 2759 2057 2798 ee-

481 2841 662 2897 clesian
726 2838 1069 2910 temporibus
1138 2838 1449 2894 durissimis
1532 2839 1759 2910 profuit.
1829 2838 2055 2900 Valens,

450 2982 463 2993 ,
483 2946 772 3006 postquam
800 2933 863 2988 rei
888 2944 1121 2987 conatus
1145 2946 1253 2986 non
1287 2931 1571 2995 successit,
1626 2947 1735 2986 una
1765 2946 1888 2988 cum
1940 2932 2056 3002 epi-

483 3026 666 3096 srppis
706 3024 822 3079 suis
851 3022 1204 3077 Antiochiam
1236 3021 1510 3077 concessit
1534 3020 1651 3090 (l):
1690 3031 1859 3091 atque
1921 3021 2055 3077 inde

480 3115 761 3185 aliquanto
786 3124 913 3183 post
939 3114 990 3167 in
1015 3110 1413 3184 Cappadociam
1461 3126 1740 3176 reversus,
1773 3112 2052 3177 Basiliam,

408 3254 413 3263 .
449 3248 463 3269 λ
480 3214 604 3273 post
628 3203 841 3258 Eusebii
868 3212 1100 3257 mortem
1121 3202 1382 3256 ecclesias
1399 3200 1869 3257 administrantem
1901 3202 2053 3258 inve-

430 3314 464 3347 η
482 3295 585 3350 nit:
614 3309 774 3364 quem
798 3308 922 3349 cum
939 3292 1157 3361 exigere
1174 3292 1356 3358 vellet,
1381 3292 1598 3348 cmlitus
1613 3308 1674 3348 ea
1696 3293 1751 3348 in
1767 3304 1929 3350 reest
1949 3294 2051 3349 im-

454 3386 720 3456 ..peditus.
766 3385 982 3440 Atcuim
1040 3382 1397 3439 nihilominus
1458 3384 1674 3440 leonem
1731 3386 1918 3441 statim
1991 3401 2052 3442 se

480 3478 631 3532 larva
664 3489 719 3532 et
757 3475 1206 3531 terriculamenta
1236 3476 1628 3530 exterriturum
1654 3492 1775 3532 esse
1799 3476 2049 3544 credens,

482 3569 549 3623 ad
590 3566 829 3637 praefeCti
866 3567 1109 3621 tribunal
1166 3581 1290 3621 eum
1324 3565 1466 3621 misit
1491 3566 1589 3636 (2).
1630 3567 1708 3621 lbi
1766 3568 2053 3637 pra:fectus

483 3662 749 3716 assistens
798 3656 1280 3730 eum'tnterrogat,
1325 3674 1557 3727 quanam
1614 3658 1682 3715 de
1707 3674 1872 3715 causa
1919 3661 2050 3717 reli-

482 3756 701 3823 gionem
750 3751 1106 3823 imperatoris
1167 3765 1275 3806 non
1344 3750 1823 3820 complecteretur.
1869 3752 2051 3823 Atque

484 3849 575 3902 ille
603 3866 627 3901 ι.
647 3846 801 3913 Quod
832 3846 936 3901 hoc
964 3845 1043 3901 sic
1072 3845 1218 3900 Deus
1246 3860 1352 3899 non
1408 3845 1684 3914 praecepit,
1724 3845 1932 3916 inquit.
1986 3846 2052 3901 Et

486 3944 709 4010 insuper
753 3937 1097 4010 imperatoris
1144 3952 1388 4004 errorem
1442 3937 1828 4006 reprehendit,
1887 3946 2049 4009 atque

481 4032 793 4099 όμοούσιον,
822 4029 1311 4096 consubstantiale,
1335 4029 1599 4085 defendit.
1630 4028 1733 4085 Ubi
1778 4046 1910 4086 vero
1958 4031 2050 4087 ille

416 4134 425 4155 υ
483 4131 715 4178 mortem
742 4121 793 4178 ei
824 4122 1063 4177 minatus
1085 4127 1194 4185 est,
1221 4120 1458 4175 Basilius
1483 4120 1715 4191 gratiam
1750 4136 1810 4177 se
1860 4122 1940 4177 illi
1983 4138 2052 4177 eo

464 4217 703 4273 nomine
740 4214 942 4269 habere
965 4212 1125 4279 dixit,
1151 4212 1351 4284 quippe
1375 4211 1467 4283 qui
1525 4212 1806 4269 discedere
1860 4229 1928 4269 ex
1958 4214 2050 4269 tali

462 4325 666 4365 rerum
699 4315 844 4362 statu
869 4321 976 4359 non
1006 4314 1223 4376 gravate
1248 4310 1490 4373 cuperet.
1514 4302 1584 4357 Et
1612 4319 1735 4357 eum
1762 4305 2051 4374 praefectus

482 4400 717 4468 amplius
776 4411 897 4451 eam
938 4410 1052 4450 rem
1107 4393 1414 4449 deliberare
1466 4392 1723 4464 iuberet,
1777 4394 2046 4462 Basilius,

476 4492 592 4563 Ego
614 4490 861 4560 quidem,
896 4486 1095 4557 inquit,
1127 4494 1181 4541 et
1205 4485 1368 4542 hodie
1391 4494 1447 4541 et
1473 4501 1595 4541 cras
1622 4486 1765 4542 idem
1828 4488 2051 4546 futurus

2157 2012 2281 2082 ἥκει
2302 2028 2316 2043 ·
2349 2014 2443 2066 καὶ
2474 2014 2652 2067 πάντα
2682 2013 2914 2083 θέμενος
2939 2014 2996 2067 ἐν
3018 2013 3283 2084 δευτέρῳ,
3317 2014 3606 2067 σπένδεται
3634 2015 3727 2073 Εὑ-

2161 2104 2352 2176 σεϐίῳ,
2410 2105 2507 2161 καὶ⁸
2539 2107 2595 2160 ἐν
2629 2107 2745 2169 τοῖς
2790 2105 3029 2175 μάλιστα
3070 2104 3131 2159 τὸ
3156 2106 3403 2164 εὐνοϊκὸν
3432 2106 3724 2169 ἐπεδείκνυ,

2160 2196 2304 2252 κατὰ
2331 2198 2523 2262 καιρὸν
2552 2199 2608 2251 ἐν
2653 2199 2836 2269 κρίσει
2864 2198 2997 2263 τοὺς
3029 2197 3225 2268 λόγους
3249 2198 3576 2266 οἰκονομῶν.
3619 2199 3726 2263 Ἐγ-

2159 2290 2369 2361 καίρως
2396 2290 2452 2344 δέ
2482 2292 2594 2353 τοῖς
2621 2289 2825 2359 λόγοις,
2858 2290 2920 2343 τὸ
2947 2289 3081 2345 πολὺ
3117 2289 3226 2343 τῶν
3275 2289 3570 2361 αἱρετικῶν
3600 2291 3725 2353 ἀει-,ε-

2158 2382 2433 2452 κρούσατο
2476 2382 2715 2450 σμῆνος·
2751 2381 2848 2435 καὶ
2905 2384 2971 2452 τῇ
3053 2381 3353 2455 Ἐκκλησία
3396 2384 3462 2435 τὰ
3508 2382 3724 2451 μέγιστα

2158 2472 2461 2542 τηνικαῦτα
2487 2472 3009 2541 ἐπήμυκιεν,οὑάλης
3038 2471 3095 2526 δὲ
3126 2472 3415 2542 ἀποτυχὼν
3440 2475 3541 2543 τῆς
3572 2490 3720 2525 σπου.

2156 2566 2276 2636 δῆς,
2312 2567 2410 2619 σὺν
2441 2569 2550 2629 τοῖς
2577 2564 2715 2635 ἀμφ’
2745 2566 2908 2618 αὑτὸν
2934 2564 3175 2634 ἱερεῦσιν
3209 2566 3303 2617 ἐπὶ
3336 2565 3438 2634 τῆς
3468 2565 3723 2635 Ἀντιόχου

2160 2658 2377 2728 ἐχώρει.
2411 2656 2565 2710 Μετὰ
2586 2656 2643 2710 δέ
2672 2673 2794 2713 τινα
2815 2656 3008 2728 χρόνον
3038 2655 3250 2709 ἐκεῖθεν
3283 2651 3439 2719 αὖθις
3470 2657 3550 2719 είς
3576 2658 3723 2710 Kan-

2161 2749 2427 2804 παδοκίαν
2455 2749 2783 2818 γενόμενος,
2822 2746 3137 2817 εὑρίσκεται
3166 2746 3447 2801 Βασίλειον
3479 2749 3614 2817 μετὰ
3630 2750 3722 2813 ,τὴν

2160 2842 2422 2897 Εὑσεϐίου
2453 2841 2711 2910 τελευτὴν
2735 2842 2832 2903 τΞις
2862 2840 3162 2908 ἐκκλησίας
3188 2840 3584 2910 ἐπιτραπέντα.
3624 2840 3722 2899 Καὶ

2156 2934 2220 3005 δὴ
2253 2932 2689 3005 βουλευσάμενος
2721 2931 2887 2985 αὑτὸν
2923 2931 3196 2996 ἐξελάσαι,
3227 2930 3436 2986 ἄνωθεν
3468 2932 3722 3001 ἀπέσχετο

2156 3026 2257 3095 τῆς
2310 3024 2632 3093 ἐπιϐουλῆς.
2663 3024 2857 3094 Ὅμως
2887 3021 2931 3075 δ’
2984 3022 3076 3077 οὖν
3106 3021 3272 3081 εὐθὺς
3318 3021 3721 3093 μορμολυκείοις

2156 3116 2246 3169 τὸν
2277 3115 2484 3169 Λέοντα
2511 3116 2758 3185 οίόμενος
2820 3112 3100 3181 ἐκφοϐεῖν,
3133 3115 3213 3176 είς
3250 3113 3314 3167 τὸ
3340 3113 3450 3166 τῶν
3480 3113 3721 3183 ὑπάρχων

2157 3209 2375 3277 ἔπεμπε
2405 3207 2779 3276 δικαστήριον.
2823 3206 2881 3260 ’0
2928 3205 2987 3260 δέ
3028 3204 3277 3276 ὕπαρχος
3302 3205 3720 3276 παραστησάμε-

2157 3317 2270 3365 νος,
2317 3300 2513 3353 πεῦσιν
2547 3299 2825 3369 προσῆγεν
2863 3299 2989 3352 ὅτου
3033 3298 3217 3369 χάριν.
3257 3296 3333 3369 μὴ
3364 3299 3433 3350 τὰ
3470 3297 3719 3368 βασιλέως

2155 3393 2487 3464 θρησκεύειν
2534 3391 2773 3460 αἱρεῖται
2797 3405 2813 3423 ·
2848 3390 2941 3443 τὸν
2981 3389 3027 3442 δ’
3064 3386 3492 3459 ἀποκρίνασθαι,
3542 3388 3718 3469 ὅτιπερ

2155 3485 2233 3557 μὴ
2280 3482 2525 3537 κελεύειν
2558 3480 2702 3535 οὕτω
2734 3480 2889 3537 Θεόν.
2920 3482 3033 3535 Καὶ
3077 3480 3323 3551 προσῆγε
3355 3480 3458 3543 τὰς
3486 3478 3718 3551 ,μέμψεις

2152 3578 2247 3630 καὶ⁵
2298 3576 2360 3628 τδ
2407 3574 2694 3645 όμσούσιον
2730 3573 3068 3643 συνεκρότει.
3109 3572 3202 3636 Ὠς
3230 3573 3287 3627 δὲ
3319 3572 3550 3627 θάνατον
3583 3570 3717 3638 αὐτῷ

2151 3666 2440 3736 διηπείλει,
2470 3668 2563 3720 καὶ
2604 3665 2766 3735 χάριν
2797 3665 2984 3733 ἔλεγεν
3016 3663 3163 3734 ἔχειν
3191 3664 3560 3720 ἀπαλλάττειν
3593 3666 3711 3736 θέρη.

2155 3761 2301 3828 μένῳ
2337 3759 2445 3813 τῶν
2472 3753 2596 3814 ὧδε.
2628 3758 2721 3820 Είς
2752 3754 2946 3825 σκέψιν
2975 3756 3034 3810 δέ
3054 3756 3148 3810 τοῦ
3178 3757 3426 3826 ὑπάρχου
3457 3759 3627 3811 θεῖναι
3641 3758 3717 3807 τὸν

2152 3852 2312 3918 λόγον
2344 3849 2819 3919 προτρεπομένου,
2840 3846 2931 3901 τὸν
2959 3848 3240 3902 Βασίλειον
3276 3849 3481 3918 φάναι·
3521 3868 3540 3900 ι
3590 3848 3715 3914 Ἐγὼ

2153 3944 2254 4013 μὲν
2285 3945 2378 3997 καὶ
2410 3943 2650 4013 σήμερον
2697 3942 2792 3993 καὶ
2824 3941 2890 4010 τῇ
2933 3937 3197 4010 ὑστεραίᾳ
3238 3940 3266 3990 ό
3296 3938 3459 4001 αὐτὸς
3494 3938 3712 4006 ἔσομαι·

2151 4034 2264 4088 εῖθε
2297 4034 2354 4087 δέ
2380 4032 2449 4087 σὺ
2481 4031 2676 4087 σαυτὸν
2714 4031 2790 4102 μὴ
2824 4031 3154 4101 ἐνήλλαττες
3177 4046 3191 4061 ·
3228 4030 3436 4099 κτίσμα
3481 4032 3586 4101 γὰρ
3614 4029 3712 4091 ὢν,

2150 4123 2250 4174 οὐκ
2280 4121 2346 4175 ἂν
2373 4120 2636 4189 κτίσματι
2663 4120 2992 4189 προσκυνεῖν
3031 4118 3262 4189 ἑλοίμην
3292 4121 3389 4173 καὶ
3430 4119 3562 4173 Θεὸν
3589 4115 3712 4173 εἶναι

2150 4213 2456 4281 ὁμολογεῖν.
2496 4211 2640 4264 Ἀλλ’
2665 4211 2776 4265 οὐδ’
2811 4211 2942 4281 ὑμῖν
2983 4214 3265 4266 κοινωνεῖν
3298 4210 3399 4280 τῆς
3428 4211 3712 4283 θρησκείας

2151 4304 2433 4374 ἀνέξομαι.
2463 4302 2524 4355 Et
2548 4304 2655 4374 γὰρ
2684 4305 2781 4356 καὶ
2805 4303 2917 4359 τῶν
2954 4303 3076 4357 λίαν
3103 4305 3397 4374 ἐπισήμων
3428 4303 3605 4374 ὑμεῖς,
3629 4304 3711 4355 καὶ

2151 4396 2250 4446 οὑκ
2289 4395 2576 4462 ἐλαχίστης
2626 4393 2848 4463 ἡγεῖσθε
2888 4394 3084 4466 μοίρας
3128 4397 3228 4466 τῆς
3276 4398 3377 4467 γῆς
3403 4437 3419 4463 ,
3469 4396 3581 4451 ἀλλ’
3627 4398 3710 4451 οὐκ

2153 4486 2344 4554 ἔμοιγε
2388 4484 2713 4555 χαρίζεσθαι
2755 4487 3031 4557 προσῆκον
3052 4487 3396 4561 ἀνθρώποις,
3433 4491 3533 4558 τῆς
3570 4491 3613 4543 δ’
3644 4491 3710 4549 εἰς

478 4580 862 4639 ειιιιι.;υιὶιιαιη
885 4592 1015 4634 vero
1034 4587 1086 4632 tu
1109 4577 1475 4663 teipsum‘non
1490 4586 1776 4636 mutasses.
1790 4580 1986 4636 Creatu
1996 4596 2053 4636 ra

2159 4578 2221 4629 τὸ
2266 4577 2417 4628 Θιῖον
2445 4565 2682 4640 πίστεως
2712 4577 2801 4632 διὰ
2847 4578 3020 4631 ταῦτα
3081 4579 3394 4651 ὀλιγωρεῖν⁸
3426 4583 3493 4653 ἣν
3518 4585 3611 4637 οὑκ
3656 4584 3710 4635 3v

478 4672 626 4727 enim
652 4685 776 4727 cum
800 4669 926 4731 sim,
952 4678 1254 4723 creaturam
1290 4666 1542 4727 adorare,
1605 4666 1886 4739 Deumque
1935 4684 2056 4725 esse

480 4764 748 4835 proﬁteri.
772 4764 826 4817 in
849 4761 1093 4816 animum
1110 4773 1217 4813 non
1238 4758 1491 4813 inducam
1515 4774 1723 4813 meum.
1741 4758 1846 4814 Sed
1880 4777 2059 4831 neque

478 4856 729 4929 religioni
754 4861 951 4911 vestrae
976 4865 1065 4927 me
1118 4852 1396 4922 aggregari
1463 4851 1765 4907 sustinebo.
1816 4851 2056 4909 Tametsi

475 4952 623 5006 enim
646 4962 742 5003 vos
759 4944 1113 5002 clarissimiet
1128 4957 1233 4997 non
1255 4940 1477 4996 minima
1494 4941 1641 4997 orbis
1658 4957 1780 5013 pars
1804 4958 1925 4999 esse
1947 4944 2061 5000 exi-

475 5038 796 5109 stimamini,
822 5040 977 5112 135
996 5055 1082 5094 me
1100 5046 1277 5093 tamen
1299 5037 1525 5091 minime
1559 5036 1715 5091 decet
1747 5037 2059 5094 [nominibus

474 5137 785 5208 gratificari,
811 5144 864 5189 et
880 5143 1167 5202 propterea
1190 5130 1347 5184 fidem
1370 5129 1424 5182 in
1442 5132 1607 5183 Deum
1627 5131 1779 5198 parvi
1796 5130 2056 5199 pendere:

476 5247 637 5299 quam
658 5244 758 5297 ego
792 5224 1173 5281 mediusfidius
1195 5222 1513 5292 proditurus
1534 5237 1641 5275 non
1666 5238 1806 5287 sum,
1837 5222 2053 5277 etiamsi
2106 5290 2109 5293 _
2138 5280 2143 5285 ,

484 5322 615 5374 mihi
667 5321 941 5374 bonorum
976 5315 1430 5386 publicationem,
1454 5322 1511 5368 et
1530 5314 1804 5379 exsilium,
1830 5326 1884 5368 et
1905 5316 2053 5369 aliud
2094 5360 2111 5375 .

475 5410 770 5481 quidquam
791 5409 1036 5478 gravium
1054 5420 1443 5464 aerumnarum.
1458 5412 1799 5474 mortemque
1819 5407 1955 5460 adeo
1974 5407 2056 5476 ip-

475 5517 589 5575 sam
613 5500 854 5555 mineris.
876 5498 1181 5566 Nihilenim
1200 5512 1380 5551 rerum
1402 5496 1588 5551 talium
1612 5511 1900 5551 mmrorem
1920 5497 2051 5552 mihi

420 5642 424 5646 .
474 5592 674 5647 afferre
708 5600 907 5661 potest.
933 5590 1088 5656 Quod
1108 5590 1153 5645 si
1183 5589 1470 5645 facultates
1489 5602 1636 5643 meas
1663 5589 1898 5669 expetis,
1919 5605 2053 5659 pan-

549 5728 624 5797 (l)
663 5725 740 5780 Ad
796 5727 1170 5795 episc0patum
1203 5741 1350 5789 enim,
1392 5726 1691 5779 multorum
1752 5726 2048 5797 episeOpo—

478 5796 596 5853 rum
630 5798 906 5866 sulfragiis
935 5806 1023 5851 est
1051 5807 1293 5853 evectus.
1337 5796 1602 5865 (Socrat.)

552 5868 630 5938 (‘2)
659 5865 934 5933 Socrates,
971 5865 1229 5921 Basilium
1288 5866 1356 5920 ab
1414 5865 1743 5935 imperatore
1800 5870 2043 5925 Czrsarea

2161 4671 2435 4737 προδοίην,
2468 4670 2569 4723 κᾶν
2597 4671 2879 4739 δήμευσιν,
2913 4672 3015 4724 κᾶν
3046 4673 3370 4743 ὑπερορίαν,
3393 4677 3499 4729 κᾶν
3528 4677 3646 4729 ἄλλο
3668 4693 3708 4725 τι

2159 4761 2266 4811 τῶν
2311 4760 2519 4824 δεινῶν,
2552 4761 2655 4814 κᾶν
2688 4762 2916 4817 θάνατον
2966 4764 3127 4817 αὑτὸν
3176 4765 3411 4835 ἁπειλῇς
3436 4785 3448 4799 ·
3479 4768 3622 4821 οὐδέν
3651 4785 3707 4834 με

2159 4853 2267 4921 γὰρ
2295 4870 2346 4905 τι
2372 4852 2574 4907 τούτων
2601 4856 2757 4924 ἀνιᾷν
2774 4854 2906 4924 ἔχει.
2931 4855 2991 4909 Ei
3023 4855 3080 4909 δὲ
3112 4858 3216 4927 τὴν
3246 4858 3384 4930 ἐμὴν
3418 4860 3708 4930 περιουσίαν

2148 4945 2359 5013 ζητεῖς,
2396 4947 2562 5013 ῥάκια
2600 4946 2773 5000 ταῦτα
2821 4947 3037 5017 τρίχινα
3083 4950 3175 5002 καὶ
3208 4948 3388 5019 βιϐλία
3422 4953 3592 5019 ὀλίγα,
3637 4945 3706 5009 οἷς

2158 5035 2269 5103 ἐγὼ
2292 5034 2731 5106 καλλωπίζομαι,
2765 5038 2815 5089 εἰ
2841 5038 3048 5092 τούτων
3080 5057 3162 5093 σοι
3194 5041 3355 5108 ἔρως,
3394 5042 3705 5095 ἁπόλαυε.Εί

2157 5128 2213 5179 δὲ
2238 5128 2333 5179 καὶ
2363 5129 2650 5199 ὑπερόριον
2682 5127 2862 5197 βούλει
2900 5133 3095 5203 ποιεῖν,
3123 5132 3365 5203 ἕτοιμος.
3398 5136 3513 5197 Πῶς
3537 5134 3578 5186 δ’
3599 5134 3704 5185 ἔσο-

2161 5238 2259 5290 μαι
2291 5220 2378 5272 ἀεὶ
2421 5221 2519 5291 τὴν
2569 5222 2672 5291 γῆν
2702 5223 3033 5293 παροδεύων,
3065 5227 3156 5277 καὶ
3184 5226 3320 5296 πρὸς
3350 5227 3514 5296 ἄλλην
3543 5226 3705 5296 χώραν

2158 5314 2401 5383 σφοδρῶς
2436 5316 2824 5385 ἐπειγόμενος;
2863 5315 2935 5369 Τὸ
2973 5316 3030 5368 δὲ
3065 5317 3224 5386 σῶμα
3260 5320 3400 5387 μετὰ
3433 5320 3527 5387 τὴν
3558 5317 3701 5387 πρώο

2153 5423 2253 5473 την
2302 5405 2536 5476 πληγὴν,
2589 5399 2898 5477 αἰσθήσεως
2947 5408 3284 5480 ἀμοιρῆσαν,
3338 5413 3430 5465 καὶ
3479 5394 3699 5481 βασάνων

2155 5502 2403 5567 κρεῖττον
2456 5501 2608 5553 ἔσται
2642 5503 2884 5554 πάντων.
2916 5520 2934 5553 ι
2968 5504 3154 5557 Ταῦτα.
3192 5506 3287 5558 καὶ
3328 5506 3700 5571 τοιαῦθ’ἕτερα

2152 5594 2674 5663 παρρησιασαμένου
2686 5634 2699 5656 ,
2717 5596 3087 5665 καταπλαγεὶς
3101 5600 3128 5650 ὁ
3141 5598 3390 5670 ὕπαρχος
3404 5600 3496 5675 τὴν
3510 5598 3698 5653 σύνεσιν

2152 5724 2493 5805 Antiochiam
2526 5741 2838 5805 evocatum,
2868 5733 2944 5788 ibi
2991 5737 3392 5805 comparuisse,
3418 5745 3472 5794 et
3496 5743 3689 5790 causam

2151 5799 2354 5854 dixisse
2388 5802 2603 5856 scribit.
2643 5802 2764 5858 Lib.
2802 5820 2877 5866 iv,
2909 5820 3028 5877 cap.
3062 5799 3144 5861 26.
