3912 6542
230 442 327 515 625

1134 452 1729 561 ECCLESIASTICE
1757 468 2147 535 lnsronms'
2177 436 2317 539 LIB.
2364 477 2470 541 XI.

3316 481 3445 546 me

223 566 304 629 τοῦ
326 571 528 644 ἀνδρὸς,
557 573 808 645 δρομαῖος
835 577 912 648 τῷ
943 570 1155 649 βασιλεῖ
1171 582 1411 653 προσιὼν
1441 586 1752 656 ἀνήγγειλεν

1861 610 1959 649 nos
1983 595 2147 651 hosce
2197 610 2252 651 et
2294 599 2496 665 cilicia,
2553 606 2716 670 atque
2763 594 2928 679 lib;os
2983 614 3187 669 paucos
3230 600 3323 671 qui
3368 602 3435 656 in»

221 666 285 726 ὼς
329 662 536 727 πειθοῦς
585 667 936 738 στερρότερος
980 672 1007 723 6
1042 673 1180 743 ἀνήρ
1206 689 1220 705 ·
1253 677 1345 727 καὶ
1395 676 1429 744 ἦ
1473 683 1757 747 προφανῇς

224 754 475 843 κολάζειν,
522 757 552 824 ἦ
587 758 847 830 μηδαμῶς
878 763 1087 817 οἴεσθαι
1120 769 1242 830 ταῖς
1284 768 1535 832 ἀπειλαῖς
1569 773 1761 843 πειθή-

222 858 320 893 νιον
365 842 522 910 σχεῖν.
578 844 636 896 ’0
670 847 724 898 δὲ
772 847 909 912 τέως
943 850 1141 920 ἠρέμει
1163 868 1178 883 ⁸
1212 854 1309 923 τῆς
1337 855 1383 907 δ’
1411 858 1625 928 ἡμέρας
1651 842 1762 912 τῶν

219 931 499 999 Θεοφανίων
544 934 898 1010 ἐνισταμένης
923 941 1017 994 σὺν
1037 946 1102 1014 τῇ
1135 946 1261 1013 περὶ
1290 947 1453 1001 αὐτὸν
1496 951 1761 1019 φαντασίᾳ.

219 1024 274 1092 τῇ
297 1023 544 1096 ἐκκλησίᾳ
568 1030 1027 1100 παραγενόμενος,
1044 1033 1263 1105 δῶράτε
1284 1040 1350 1108 τῇ
1379 1038 1498 1112 θείᾳ
1515 1043 1761 1115 τραπέζῃ

219 1115 564 1184 προσήνεγκε·
611 1120 707 1171 καὶ
736 1120 814 1191 τῷ
844 1121 1025 1194 πολλῷ
1052 1125 1151 1194 τῆς
1180 1126 1429 1193 εὐταξίας
1481 1133 1762 1187 καταπλα-

219 1208 339 1273 γεὶς,
388 1211 789 1280 παρατραπεὶς,
845 1215 1046 1284 μικροῦ
1091 1210 1156 1270 ἂν
1209 1220 1291 1282 είς
1319 1219 1589 1292 τοῦδαφος
1614 1223 1762 1296 Eppi-

219 1312 324 1358 πτο,
356 1299 402 1349 εἰ
441 1299 514 1370 μή
544 1312 631 1364 τις
660 1303 767 1355 τῶν
795 1305 859 1359 ἐκ
896 1306 992 1360 τοῦ
1026 1309 1270 1380 βήματος
1299 1312 1637 1384 δραξάμενος
1665 1317 1759 1369 τοῦ

217 1388 436 1456 χιτῶνος,
486 1389 576 1441 τὸν
616 1390 840 1461 βασιλέα
893 1402 1082 1451 πεσεῖν
1111 1401 1488 1472 ἐπειγόμενον,
1531 1403 1761 1474 ἀνεκτή-

221 1494 347 1530 σατο.
395 1478 543 1532 Ἐπεὶ
569 1480 628 1533 δὲ
657 1483 750 1536 καὶ
787 1485 867 1548 είς
896 1484 1086 1556 λόγους
1132 1484 1235 1562 ἧκε
1271 1492 1479 1560 τάνδρὶ,
1503 1495 1584 1546 ἐτι
1619 1494 1760 1562 μᾶλ-

218 1569 292 1619 λον
306 1567 573 1638 ἐθαύμασε
602 1571 706 1641 τῆς
722 1591 783 1626 τε
810 1577 1002 1642 σοφίας
1019 1580 1114 1633 καὶ
1139 1579 1233 1634 τοῦ
1271 1582 1399 1651 περὶ
1424 1583 1483 1635 τὸ
1512 1584 1758 1654 ἱερᾶσθαι

217 1660 295 1709 καὶ
332 1659 729 1729 ἐκκλησιάζειν,
766 1666 861 1718 καὶ
892 1667 1151 1733 εὐταξίας
1197 1671 1401 1742 κόσμον
1432 1674 1522 1726 τὸν
1557 1675 1756 1744 μέγαν.

217 1751 312 1801 03x
332 1751 405 1814 είς
436 1754 656 1824 μακρὰν
684 1754 741 1807 δὲ
765 1759 886 1821 ταῖς
911 1758 1022 1812 τῶν
1053 1761 1313 1816 ἐναντίων
1342 1763 1618 1828 διαὸολαῖς
1644 1766 1758 1819 ἐδό·

215 1857 286 1892 κει
316 1842 605 1911 ὑπερορίαν
635 1845 800 1899 αὐτὸν
816 1854 1117 1905 κατοικεῖν.
1162 1852 1318 1907 Ἐπεὶ
1332 1853 1390 1906 δὲ
1420 1856 1453 1923 ή
1489 1856 1586 1920 νὺξ
1616 1874 1759 1928 παρ-

1862 689 2064 743 mundo
2098 705 2215 743 meo
2247 702 2393 753 sunt.
2422 693 2469 761 si
2488 692 2605 755 hos,
2639 693 2880 762 inquam,
2900 694 3203 759 adamastly
3223 694 3439 763 recipe-

1863 777 1958 832 Sin
1983 789 2041 833 ut
2069 781 2246 835 exsilii
2278 796 2442 837 causa
2475 783 2653 837 solum
2710 793 2936 854 vertam,
2965 784 3159 849 mavis,
3205 796 3427 855 paratus

1861 869 1927 924 ad
1961 870 2012 925 id
2052 887 2194 929 sum.
2240 871 2400 928 Exsul
2432 889 2558 930 vero
2599 875 2872 944 quomodo
2899 891 3013 942 ero,
3063 876 3156 945 qui
3211 891 3428 944 semper

1863 970 2067 1017 terram
2093 965 2247 1033 quasi
2292 963 2616 1037 peregrinus
2646 980 2890 1034 pererro.
2942 974 2999 1020 et
3028 965 3092 1019 ad
3146 964 3424 1035 regionum
3474 994 3484 1002 -

1864 1052 2022 1107 aliam
2050 1055 2403 1114 vehementer
2430 1056 2656 1126 aspiro?
2708 1055 2920 1125 Corpus
2972 1071 3135 1125 porro
3185 1055 3309 1118 hoc,
3343 1056 3426 1110 vel
3467 1090 3479 1101 ι

1864 1154 1985 1214 post
2034 1146 2262 1217 primam
2313 1148 2546 1219 plagam,
2591 1163 2789 1205 sensus
2830 1147 3056 1202 omnino
3107 1162 3323 1218 expers,
3373 1157 3470 1200 eti

1866 1236 2202 1293 cruciatibus
2232 1238 2488 1308 superius
2547 1254 2773 1309 prorsus
2812 1239 3056 1297 futurum
3086 1249 3189 1293 est.
3219 1257 3236 1288 ι
3302 1237 3429 1292 Hmc

1864 1337 2029 1397 atque
2060 1328 2144 1383 bis
2196 1329 2393 1386 similia
2444 1331 2550 1386 alia
2584 1346 2711 1386 cum
2747 1331 3027 1410 liberrime
3056 1324 3291 1386 Basilius
3344 1331 3431 1386 di-

1865 1418 2055 1485 xisset,
2081 1429 2469 1477 consternatus
2496 1422 2564 1477 ad
2595 1423 2696 1476 viri
2728 1422 3072 1493 prudentiam
3115 1419 3429 1492 praefectus.

1862 1510 2118 1566 celeriter
2141 1512 2207 1567 ad
2229 1513 2614 1583 imperatorem
2632 1514 2873 1569 accurrit
2897 1552 2913 1579 ,
2933 1513 3244 1584 eidemque,
3272 1512 3428 1568 Basi-

1861 1600 1998 1656 lium
2022 1605 2452 1661 constantiorem
2481 1621 2625 1671 esse,
2656 1620 2822 1676 quam
2852 1614 2911 1661 ut
2947 1621 2979 1661 a
3009 1606 3287 1661 sententia
3328 1621 3427 1660 sua

1861 1697 2120 1753 suasione
2178 1697 2504 1763 deducatur,
2560 1700 2879 1754 renuntiat:
2953 1707 3287 1769 quapropter
3334 1710 3443 1753 aut,

1860 1785 2136 1855 propalam
2191 1787 2246 1841 in
2321 1803 2446 1844 eum
2501 1789 2975 1855 animadverteret,
3046 1797 3142 1843 aut
3201 1804 3427 1857 persua-

1861 1875 1978 1933 dcri
2043 1877 2205 1936 minis
2267 1879 2417 1934 illum
2497 1895 2677 1949 posse,
2734 1880 3045 1935 existimare
3132 1880 3426 1935 desineret.

215 1932 288 2000 ἦν,
319 1928 470 1987 καίὸ
497 1935 688 2037 δίφρος
732 1938 1086 2010 ηὐτρέπιστο,
1118 1941 1384 2041 ⁴ἐξαπίνης
1429 1947 1752 2018 προσϐάλλει

1861 1966 2163 2038 Imperator
2252 1978 2364 2025 tum
2448 1928 2670 2041 quidem
2754 1970 2982 2039 quievit.
3051 1970 3184 2026 Cum
3240 1979 3439 2025 autem;

213 2023 341 2082 νόσος
373 2022 444 2091 τῷ
470 2022 564 2076 τοῦ
597 2024 864 2093 βασιλέως
898 2030 1071 2098 παιδὶ,
1112 2025 1156 2099 ᾧ
1186 2033 1430 2105 Γαλάτης
1474 2033 1540 2107 ἦν
1563 2035 1753 2106 ὄνομα.

223 2110 329 2163 Ἐπὶ
353 2112 504 2166 τόσον
535 2114 580 2168 δ’
612 2111 685 2185 ἦν
719 2121 914 2191 ἰσχυρά
936 2138 997 2174 τε
1022 2124 1055 2193 ἡ
1082 2125 1236 2188 νόσος
1264 2127 1358 2180 καὶ
1394 2129 1756 2200 σφα).ερ5ι,ὡς

214 2205 548 2275 ἀπαγορεύειν
576 2209 775 2281 ἐκείνῳ
810 2213 873 2299 το
904 2210 1027 2285 ζῇν,
1060 2215 1109 2267 οἳ
1138 2215 1460 2285 θεραπεύειν
1485 2214 1626 2292 ἦσαν
1649 2221 1756 2292 μά-

213 2293 345 2348 λιστα
380 2296 614 2366 δόκιμοι.
659 2293 876 2375 Οὐάλης
910 2305 969 2359 δὲ
1024 2308 1300 2379 ἀφόρητον
1346 2312 1651 2382 ἡγούμενος
1695 2314 1759 2367 τὸ

216 2388 444 2457 πραχθὲν,
475 2392 615 2446 κατὰ
648 2395 740 2448 τοῦ
766 2398 1001 2466 ἐδάφους
1030 2401 1348 2471 ἐρῤίπτετο,
1379 2405 1486 2475 πρὸ
1512 2405 1604 2459 τοῦ
1633 2421 1759 2460 παι-

211 2477 282 2542 δὸς
295 2479 551 2551 ᾑρημένος
569 2484 776 2553 θανεῖν,
802 2491 896 2542 καὶ
927 2492 1202 2562 ἀνήκεστα
1220 2495 1434 2548 ἐπένθει
1459 2496 1549 2548 τὸν
1570 2496 1752 2550 παῖδα.

210 2573 420 2639 Δομνίκα
445 2573 500 2626 δὲ
532 2577 563 2646 η
598 2578 894 2646 βασίλισσα
918 2583 1012 2634 καὶ
1042 2582 1179 2656 αὐτὴ
1202 2585 1419 2656 χείρονα
1449 2587 1752 2657 πάσχουσα,

211 2661 428 2732 δείμασιν
472 2667 624 2736 ἔλεγε
680 2672 934 2743 φοϐεροῖς
979 2676 1172 2740 νυκτὸς
1223 2681 1485 2748 ἐμπεσεῖν
1523 2679 1619 2733 καὶ
1651 2682 1757 2733 πά-

212 2769 344 2820 σχειν
384 2759 550 2813 ταῦτα
578 2760 672 2815 διὰ
700 2763 800 2833 τὴν
832 2767 972 2834 πρὸς
1012 2769 1104 2820 τὸν
1137 2768 1439 2823 ἐπίσκοπον
1467 2770 1755 2825 διετείνετο

211 2844 365 2919 ὓϐριν.
395 2851 498 2904 Καὶ
532 2854 735 2909 αὐτίκα
764 2856 858 2910 τὸν
895 2856 1179 2913 Βασίλειον
1208 2863 1319 2925 τοῖς
1356 2864 1579 2927 οἰκείοις
1626 2865 1755 2918 ἐπέ-

209 2954 354 3008 τρεπε
384 2945 862 3013 μεταστέλλεσθαι,
900 2951 1001 3004 καὶ
1047 2952 1123 3024 τῷ
1159 2954 1400 3027 κειμένῳ
1433 2956 1535 3009 ὅσα
1564 2972 1627 3026 γε
1657 2955 1755 3009 δυ-

212 3033 327 3085 νατά
352 3033 558 3106 βοηθεῖν
582 3053 597 3067 ·
632 3044 934 3110 παρῃτεῖτο
958 3042 1065 3115 γὰρ
1092 3045 1255 3109 αὐτὸς
1279 3048 1407 3118 περὶ
1441 3047 1637 3102 τούτου
1661 3066 1754 3102 κε-

211 3123 365 3179 λεύειν
391 3128 615 3201 ἔναγχος
656 3134 1125 3209 περιυϐρισμένῳ.
1175 3138 1233 3193 Ὃ
1265 3140 1322 3192 δὲ
1356 3143 1561 3212 παρῆν,
1594 3144 1688 3196 καὶ
1724 3143 1753 3195 6

212 3217 319 3306 παῖς
339 3220 460 3289 ῥᾷον
488 3221 640 3293 ἔσχε.
673 3227 874 3298 Πεῖραν
893 3228 938 3282 δ’
965 3230 1102 3294 ὅλως
1126 3235 1383 3302 εἰσάγων,
1407 3237 1483 3288 διε
1493 3236 1747 3306 μηνύετο,

1864 2059 2291 2131 Epiphaniorum
2347 2060 2518 2117 festus
2567 2061 2686 2119 dies
2740 2061 2974 2127 adesset,
3001 2076 3127 2116 cum
3175 2061 3435 2116 universa?

1861 2164 2025 2220 quam
2135 2166 2322 2206 secum
2408 2151 2688 2215 habebat,
2782 2150 2933 2208 inani
3001 2161 3058 2206 et
3143 2151 3426 2222 splendida

1859 2256 2058 2313 pompa
2114 2241 2172 2296 in
2211 2241 2495 2297 ecclesiam
2555 2242 2745 2309 venit,
2802 2251 2854 2298 et
2904 2257 3106 2297 munus
3152 2257 3313 2298 suum
3349 2243 3429 2312 (3)

1860 2332 1926 2389 ad
1959 2348 2167 2390 sacram
2200 2349 2441 2390 mensam
2493 2334 2704 2390 attulit:
2742 2344 2908 2406 atque
2968 2335 3044 2389 ibi
3069 2335 3215 2405 quod
3243 2333 3428 2389 omnia

1864 2426 2004 2481 miro
2085 2428 2278 2483 ordine
2353 2436 2718 2499 gererentur,
2776 2429 2842 2482 ad
2914 2438 3195 2498 stuporem
3273 2426 3428 2482 dela-

1862 2532 1994 2585 psus
2031 2527 2087 2572 et
2137 2526 2284 2573 totus
2325 2528 2586 2584 mutatus,
2618 2519 2672 2573 in
2700 2521 2875 2574 solum
2939 2520 3291 2588 concidisset,
3321 2519 3427 2575 nisi

1861 2608 2086 2675 quidam
2150 2624 2216 2662 ex
2274 2610 2470 2664 ordine
2530 2611 2872 2675 sacerdotali,
2936 2614 3117 2671 tunica
3176 2622 3427 2682 correpta

1862 2695 2243 2766 imperatorem
2292 2700 2402 2770 jam
2470 2709 2715 2756 ruentem
2769 2702 3110 2779 retinuisset.
3150 2702 3252 2758 Ubi
3297 2718 3427 2757 vero

1860 2804 2166 2845 sermonem
2192 2808 2408 2863 quoque
2442 2809 2565 2848 cum
2598 2794 2715 2849 viro
2767 2796 3019 2857 contulit,
3072 2796 3243 2865 magis
3264 2796 3426 2851 etiam

1859 2881 2205 2951 sapientiam,
2269 2885 2553 2957 sacrisque
2622 2885 2895 2942 obeundis
2948 2896 3005 2942 et
3060 2887 3425 2944 concionibus

1859 2980 2023 3041 atque
2073 2975 2442 3031 conventibus
2496 2976 2820 3048 peragendis
2871 2976 3276 3045 dexteritatem,
3322 2994 3428 3034 nec

1861 3078 1966 3118 non
1993 3077 2176 3119 rerum
2209 3069 2455 3123 omnium
2481 3067 2733 3124 ordinem
2756 3068 3191 3138 pulcherrimum
3250 3071 3440 3125 admi-‘

1859 3163 2012 3211 ratus
2059 3166 2164 3211 est.
2224 3157 2482 3214 Sedcuim
2529 3168 2716 3230 postea
2771 3160 2923 3217 brevi
2980 3160 3427 3218 adversariorum

1859 3249 2147 3304 calumniis
2178 3261 2480 3320 permotus,
2514 3251 2570 3306 in
2599 3253 2853 3313 exsiliunt
2875 3268 3002 3309 eum
3033 3254 3249 3309 mittere
3287 3270 3422 3310 con-

213 3324 229 3355 ι
263 3305 317 3359 ΕΞ
340 3309 524 3381 ἀληθῆ,
552 3312 754 3383 λέγων,
788 3316 824 3370 ἃ
854 3320 919 3371 σὺ
954 3318 1204 3386 δοξάζεις
1232 3325 1361 3395 περὶ
1390 3305 1550 3389 Θεοῦ,
1583 3326 1751 3397 εὐχὴν

1857 3340 2055 3395 stituit.
2089 3342 2157 3397 Et
2177 3305 2287 3412 :iillll
2311 3357 2419 3397 nox
2450 3344 2658 3409 aderat,
2681 3354 2738 3401 et
2767 3359 2965 3402 currus
2990 3347 3423 3415 praaparabatur,

209 3400 407 3466 πρᾶττε,
437 3405 528 3456 καὶ
552 3404 623 3458 δυ
634 3405 801 3463 σώπει
824 3409 979 3477 Θεὸν,
999 3412 1090 3466 ῐνα
1113 3430 1200 3483 μοι
1231 3418 1258 3468 6
1286 3419 1412 3480 παῖς
1446 3417 1520 3488 μὴ
1548 3417 1747 3487 ἀπόλη-

208 3499 303 3544 ται.
337 3492 465 3547 Ἀλλ’
490 3498 537 3551 εί
575 3501 880 3570 πιστεύεις,
908 3502 1014 3573 ἔφη
1048 3504 1324 3571 Βασίλειος
1345 3548 1360 3572 ,
1395 3507 1583 3579 ὥσπερ
1611 3508 1746 3577 ἐγὼ,

210 3583 287 3636 καὶ
309 3585 398 3651 τὴν
422 3587 583 3642 νόσον
612 3591 721 3644 τῶν
742 3593 1049 3664 ἐκκλησιῶν
1070 3598 1381 3662 ἁποξὲσεις,
1402 3603 1620 3664 πάντως
1644 3617 1746 3654 που

210 3671 407 3743 ζήσεταί
439 3695 522 3732 σοι
550 3681 589 3733 ὀ
617 3684 771 3746 παῖς.
807 3701 829 3736 ι
875 3684 983 3738 Τοῦ
1011 3688 1069 3740 δὲ
1104 3690 1430 3759 συνθεμένου
1454 3693 1549 3745 καὶ
1577 3690 1748 3754 ἄλλως

214 3767 507 3839 πράξαντος,
535 3774 567 3826 6
602 3776 729 3837 παῖς
772 3774 864 3829 τοῦ
905 3776 1056 3847 βιοῦν
1082 3778 1480 3849 ἀπηλλάττετο.
1514 3781 1748 3851 ’ἰσχυρί-

210 3858 341 3918 ζοντο
383 3863 425 3915 δ’
456 3863 724 3932 ἅπαντες,
749 3866 828 3931 ὡς
881 3869 979 3922 οὐκ
1012 3870 1078 3924 ἂν
1107 3872 1405 3933 ἀπολώλει,
1435 3875 1483 3926 εἰ
1516 3874 1593 3942 μὴ
1624 3877 1749 3939 τοὺς

209 3948 513 4021 ἐτεροδόξοδς
528 3958 791 4026 καλέσας,
810 3961 1027 4033 σύναμα
1043 3962 1311 4035 Βασιλείῳ
1333 3962 1589 4028 εὔξασθαι
1610 3965 1750 4035 ὑπὲρ

207 4042 286 4094 τοῦ
306 4047 476 4110 παιδὸς
506 4051 815 4121 παρηγγύα
841 4066 853 4080 ·
882 4049 964 4116 οἷς
988 4058 1081 4106 καὶ
1113 4052 1398 4124 βαπτίζειν
1431 4056 1630 4126 μᾶλλον
1660 4058 1751 4111 τὸν

209 4131 351 4185 παῖδα
372 4138 765 4210 προύτρέπετο.
792 4140 1054 4206 Βασιλεὺς
1078 4143 1134 4196 δὲ
1160 4140 1250 4197 τὸν
1269 4144 1437 4215 ἄνδρα
1469 4144 1538 4197 δι’
1568 4144 1751 4209 αἰδοῦς

209 4218 353 4285 ἄγων,
378 4227 551 4294 χωρία
586 4226 652 4280 τά
683 4227 953 4283 κάλλιστα
982 4224 1057 4284 ὧν
1090 4227 1238 4300 εἶχεν
1265 4234 1475 4301 αὐτόθι,
1510 4237 1621 4299 τοῖς
1650 4239 1751 4290 αὐ-

208 4312 285 4363 τοῦ
306 4314 513 4379 ξενῶσιν
548 4320 916 4391 άπεχαρίζετο
940 4339 957 4354 ·
981 4324 1123 4377 ἀλλᾶ
1156 4326 1317 4379 πάλιν
1346 4326 1451 4379 ὑπὸ
1480 4328 1591 4379 τῶν
1626 4344 1750 4384 συν-

210 4405 331 4473 tam
354 4413 807 4483 πολιορκούμενος
828 4417 856 4469 6
872 4418 1108 4486 κρατῶν,
1137 4416 1292 4481 αὖθις
1318 4418 1411 4471 τὸν
1436 4420 1582 4473 ὅσιον
1616 4437 1749 4490 μετ-

211 4500 460 4556 εστέλλετο
480 4520 495 4534 ·
529 4509 627 4558 καὶ
665 4509 765 4577 τῆς
807 4508 918 4563 τῶν
942 4509 1202 4563 ἐναντίων
1250 4511 1464 4586 μερίδος
1495 4512 1749 4582 γενέσθαι

1850 3447 1975 3488 cum
2017 3433 2315 3505 derepente
2376 3436 2601 3492 morbus
2656 3436 3008 3506 imperatoris
3065 3437 3259 3505 lilium,
3306 3439 3427 3495 cui

1851 3524 2006 3582 Gallo
2038 3541 2238 3581 nomen
2284 3534 2424 3594 erat,
2456 3527 2690 3583 invadit.
2720 3528 2854 3583 Tam
2906 3530 3205 3585 vehemens
3235 3542 3422 3586 autem

1849 3624 1906 3670 et
1932 3616 2271 3686 periculosus
2335 3618 2385 3673 is
2433 3628 2575 3684 erat,
2617 3627 2677 3674 ut
2720 3620 2812 3689 qui
2876 3635 3107 3689 puerum
3161 3622 3427 3676 curabant

1850 3710 2051 3765 medici
2086 3710 2349 3782 insignes,
2379 3710 2450 3766 de
2498 3711 2607 3768 vita
2657 3712 2779 3783 ejus
2807 3712 3192 3784 desperarent.
3223 3712 3426 3771 Valens

1849 3815 2035 3856 casum
2049 3817 2175 3857 eum
2202 3801 2678 3872 impatientissime
2703 3803 2907 3872 terens,
2940 3806 2995 3859 in
3018 3806 3137 3860 solo
3161 3806 3421 3875 volvitur,

1853 3906 1953 3961 pro
1984 3892 2081 3947 lilii
2105 3892 2295 3947 salute
2316 3906 2547 3948 mortem
2577 3893 2682 3949 sibi
2712 3894 2817 3965 ipsi
2844 3904 3022 3965 optat,
3062 3906 3117 3953 et
3149 3897 3423 3954 insolabi-

1852 3983 1980 4038 liter
2026 3982 2199 4054 luget.
2231 3983 2513 4039 Dominica
2554 4001 2775 4056 quoque
2828 3986 3177 4057 imperatoris
3218 3990 3423 4059 coniux

1853 4076 2094 4146 graviter
2122 4075 2400 4147 aﬂligitur,
2449 4086 2507 4133 et
2538 4077 2832 4134 horrendis
2890 4089 3059 4135 noctu
3121 4083 3421 4150 pavoribus

1856 4168 2309 4239 territam,atque
2337 4168 2390 4223 id
2427 4179 2651 4240 propter
2678 4185 2799 4227 eam
2825 4186 2948 4242 qua:
2982 4172 3243 4241 episcopo
3273 4174 3421 4230 illata

1853 4270 2001 4317 esset
2034 4260 2312 4333 injuri-am,
2355 4277 2570 4332 passam
2621 4278 2682 4320 se
2714 4278 2839 4321 esse
2896 4264 3205 4322 conﬁrmat.
3260 4266 3422 4339 13B

1853 4342 2096 4408 Proinde
2118 4353 2371 4411 Basiliam
2398 4355 2707 4426 statimlper
2723 4371 2853 4413 suos
2879 4362 3421 4433 accersitzeumque,

1857 4451 1918 4498 ut
1941 4444 2210 4515 jacentem
2228 4461 2479 4515 puerum,
2498 4448 2640 4516 quod
2666 4451 3199 4521 posset,adjnvaret,
3233 4465 3409 4524 rogat.

1855 4535 1974 4604 Ipse
2012 4552 2248 4607 namque
2292 4537 2611 4608 imperator,
2651 4550 2877 4611 propter
2906 4553 3183 4600 recentem
3229 4547 3424 4601 etiam-

212 4596 435 4664 παρῄνει.
477 4597 563 4661 Ὡς
594 4599 653 4653 δὲ
691 4600 785 4653 τὸν
822 4602 1105 4671 ἀδάμαντα
1135 4603 1344 4657 πείθειν
1375 4604 1627 4675 οὐδαμῶς
1668 4598 1745 4657 εἷ-

211 4700 309 4753 χεν,
332 4690 409 4752 είς
433 4692 646 4764 ἐξορίαν
672 4693 910 4763 ἀπάγειν
941 4694 1180 4751 ἐκέλευε.
1222 4697 1329 4750 Καὶ
1357 4699 1385 4751 6
1407 4699 1506 4768 μὲν
1533 4700 1632 4769 τῆς
1659 4700 1747 4765 ἐξ·

209 4777 340 4843 ορίας
377 4783 577 4852 χάρτης
605 4785 913 4855 ἐγράφετο·
936 4789 1003 4859 τῇ
1053 4792 1197 4859 χειρὶ
1240 4792 1298 4843 δὲ
1328 4792 1517 4847 τοῦτον
1552 4812 1747 4865 πειρα-

1780 4654 1824 4708 D
1852 4642 1982 4681 num
2009 4628 2059 4682 ei
2088 4628 2284 4704 factam
2335 4629 2615 4700 iniuriam,
2671 4633 2968 4703 quidquam
3022 4635 3092 4690 ab
3117 4652 3186 4690 eo
3232 4647 3419 4707 petere

1852 4716 2163 4774 verebatur.
2207 4717 2444 4775 Basilius
2471 4719 2644 4786 adeSt,
2678 4731 2735 4775 et
2761 4736 2896 4791 puer
2939 4724 3264 4782 meliuscule
3315 4728 3419 4782 ba»

1849 4807 1965 4864 bet.
1989 4809 2293 4879 imperator
2312 4810 2669 4866 nihilominus
2692 4810 2999 4881 periculum
3030 4815 3299 4881 facturus,
3346 4819 3415 4872 ad

213 4866 310 4932 θεὶς
359 4872 671 4943 βεϐαιῶσαι,
704 4877 857 4931 οὐδὲν
894 4880 1007 4933 τῶν
1038 4885 1319 4952 στοιχείων
1347 4886 1559 4956 γράψαι
1593 4888 1746 4943 δεδύ-

1857 4899 1999 4954 illum
2027 4918 2042 4955 :
2121 4898 2177 4955 Si
2209 4916 2358 4966 vera,
2390 4901 2592 4971 inquit,
2622 4866 2755 4957 sunt
2789 4918 2911 4972 quae
2952 4905 3021 4960 de
3051 4905 3160 4966 Deo
3214 4906 3407 4969 doces.

210 4976 337 5029 νητο.
386 4966 442 5043 ξΟ
492 4969 600 5037 γάρ
651 4971 892 5040 κάλαμος
930 4973 1097 5037 εὐθὺς
1135 4978 1447 5048 συνετρίϐη.
1486 4978 1639 5033 Ἐπεὶ
1687 4982 1745 5034 δέ

1857 5006 2093 5059 precare,
2123 5000 2180 5046 et
2205 4992 2374 5047 Deum
2399 4966 2585 5059 exora,
2621 5009 2690 5048 ne
2715 4993 2850 5047 mihi
2877 4994 3019 5049 (ilius
3038 4996 3296 5052 intereat.
3319 4999 3420 5053 iAt

211 5058 290 5107 καὶ
316 5062 342 5112 6
365 5060 608 5134 δεύτερος
647 5067 741 5117 καὶ
766 5067 793 5119 ὀ
826 5066 1009 5135 τρίτος
1039 5068 1115 5130 ὡς
1142 5071 1205 5121 τὸ
1241 5071 1389 5134 εἰκὸς
1414 5071 1749 5142 εὐθυνούμεο

1857 5083 1940 5138 ille
1958 5099 2003 5137 ιι
2024 5082 2079 5138 Si
2096 5083 2238 5138 idem
2252 5084 2399 5154 quod
2418 5101 2519 5155 ego
2541 5086 2741 5155 credis,
2762 5088 3125 5157 morbumque
3147 5104 3406 5158 grassan-

210 5162 281 5211 vo;
317 5151 503 5226 ἐπίσης
526 5155 604 5226 τῷ
642 5156 844 5228 πρώτῳ
872 5158 1139 5231 ἔπασχον·
1172 5161 1253 5215 ἐτι
1294 5163 1352 5216 δὲ
1392 5166 1453 5217 τὸ
1480 5166 1743 5229 δυσσεϐὲς

213 5255 555 5319 γραμματεῖον
583 5254 761 5306 ἐκεῖνο
793 5253 1047 5322 βεϐαιοῦν
1086 5257 1370 5327 ἐπειρᾶτο,
1400 5258 1602 5312 σείεται
1643 5260 1745 5329 μὲν

210 5340 333 5411 αὐτῷ
364 5345 394 5413 ἡ
424 5347 539 5417 χεὶρ
585 5349 924 5418 παραδόξως.
977 5349 1189 5420 Τρόμος
1230 5351 1278 5403 δ’
1315 5350 1542 5422 ἄσχετος
1573 5353 1749 5425 αὐτὴν

1849 5185 1955 5231 tem
1980 5176 2049 5231 ab
2077 5175 2326 5233 ecclesiis
2365 5178 2653 5248 dispellere
2681 5178 2990 5241 constituis.
3020 5180 3248 5235 omnino
3276 5196 3414 5251 puer

1845 5270 2211 5326 convalescet.
2242 5288 2262 5322 ι
2287 5269 2555 5326 Czeterum
2574 5285 2700 5326 cum
2728 5268 2930 5327 Valens
2963 5270 3020 5325 id
3050 5287 3110 5327 se
3138 5261 3415 5330 facturum

1847 5361 2135 5430 reciperet,
2170 5369 2226 5415 et
2256 5359 2417 5414 aliter
2450 5370 2628 5414 tamen
2661 5359 2884 5427 faceret,
2912 5375 3054 5432 puer
3082 5378 3115 5418 e
3163 5363 3274 5418 vita
3316 5379 3413 5418 ex-

209 5427 463 5504 διεδέχετο.
500 5439 780 5494 Ἐντεῦθεν
808 5441 864 5493 δὲ
884 5441 1263 5506 κατασεισθεὶς
1292 5444 1395 5515 τὴν
1422 5444 1623 5514 ψυχὴν,
1648 5444 1744 5498 καὶ

1857 5427 2029 5506 :essit.
2059 5450 2263 5507 Omnes
2295 5458 2476 5506 autem
2499 5463 2908 5519 asseverarunt,
2959 5468 3071 5509 non
3101 5454 3410 5526 periturum

269 5629 335 5713 (1)
365 5633 551 5713 Munus
605 5636 953 5713 olfertorium
992 5655 1011 5694 :
1047 5640 1195 5713 quod
1253 5641 1582 5713 αὐτουργὸς,
1635 5644 1743 5702 hoc

210 5709 415 5782 esthua
444 5706 556 5775 ipse
587 5721 750 5762 manu
784 5710 1005 5782 obtulit.
1040 5706 1222 5781 (ϐεδε.
1254 5711 1412 5782 Naz.)

268 5770 513 5855 (ili-Curi:
550 5790 733 5832 autem
788 5779 843 5855 id
894 5795 1004 5855 nou
1047 5770 1335 5855 'annueret
1380 5770 1741 5855 imperator:

214 5835 434 5983 ῗὲιδέῗηε,
473 5844 551 5900 De
590 5863 775 5918 puero,
828 5850 1028 5921 inquit,
1072 5835 1315 5908 voluntas
1366 5835 1743 5924 [λοιῖιῦιῖἶὶει.

1917 5650 1992 5718 (5)
2022 5649 2194 5731 Αῄίΐιιξι
2246 5652 2337 5731 isti
2382 5653 3108 5731 colloquio_Demosthenes
3162 5660 3413 5731 quidam,

1832 5721 2196 5788 imperatoris
2250 5721 2569 5786 Obsonator.
2604 5727 2698 5794 qui
2741 5728 2893 5782 orbis
2937 5721 3195 5784 universi'
3224 5721 3414 5785 docto;

1848 5805 2290 5866 rent__carpens_.
2341 5794 2573 5866 barbare
2641 5796 2994 5866 loquebatur.
3056 5802 3126 5854 At
3180 5798 3415 5855 Basilius

1847 5860 2163 5938 subridens,
2201 5860 2882 5938 Ἐθεασάμεθαηίιιὶιιιὶι,
2944 5870 3035 5921 καὶ
3092 5868 3417 5938 Δημοσθένη

1849 5931 2238 6003 ἀίράμματον.
2296 5939 2397 5995 hoc
2443 5931 2553 6004 est,
2613 5936 2696 5992 En
2743 5931 3427 6011 Demosthenem"quoque
