  <div class='ocr_page' id='page_1' title='image "/cluster/home/n/w/nwhite01/storage/ocr_20150623/146/hvd.32044019208347/325.png"; bbox 0 0 3796 6568; ppageno 0'>
   <div class='ocr_carea' id='block_1_1' title="bbox 369 396 3592 475">
    <p class='ocr_par' dir='ltr' id='par_1_1' title="bbox 369 396 3592 475">
     <span class='ocr_line' id='line_1_1' title="bbox 369 396 3592 475; baseline 0.007 -23"><span class='ocrx_word' id='word_1_1' title='bbox 369 396 480 457; x_wconf 76' lang='grc'><strong>635</strong></span> <span class='ocrx_word' id='word_1_2' title='bbox 1601 407 2018 469; x_wconf 78' lang='lat' dir='ltr'><strong>NICEPIIORI</strong></span> <span class='ocrx_word' id='word_1_3' title='bbox 2059 407 2402 470; x_wconf 78' lang='lat' dir='ltr'><strong>CALLISTI</strong></span> 
     </span>
    </p>
   </div>
   <div class='ocr_carea' id='block_1_2' title="bbox 373 509 1872 586">
    <p class='ocr_par' dir='ltr' id='par_1_2' title="bbox 373 509 1872 586">
     <span class='ocr_line' id='line_1_2' title="bbox 373 509 1872 586; baseline 0.006 -24"><span class='ocrx_word' id='word_1_4' title='bbox 373 509 512 565; x_wconf 89' lang='lat' dir='ltr'><strong>resis</strong></span> <span class='ocrx_word' id='word_1_5' title='bbox 555 512 895 568; x_wconf 72' lang='lat' dir='ltr'><strong>contraxisse</strong></span> <span class='ocrx_word' id='word_1_6' title='bbox 943 513 1359 579; x_wconf 79' lang='lat' dir='ltr'><strong>existimantes,</strong></span> <span class='ocrx_word' id='word_1_7' title='bbox 1405 531 1504 586; x_wconf 86' lang='lat' dir='ltr'><strong>per</strong></span> <span class='ocrx_word' id='word_1_8' title='bbox 1537 517 1872 571; x_wconf 76' lang='lat' dir='ltr'><strong>cuniculose</strong></span> 
     </span>
    </p>
   </div>
   <div class='ocr_carea' id='block_1_3' title="bbox 2093 509 3592 586">
    <p class='ocr_par' dir='ltr' id='par_1_3' title="bbox 2093 509 3592 582">
     <span class='ocr_line' id='line_1_3' title="bbox 2093 509 3592 582; baseline -0.003 -15"><span class='ocrx_word' id='word_1_9' title='bbox 2093 515 2271 576; x_wconf 69' lang='grc' dir='ltr'>οῦντες</span> <span class='ocrx_word' id='word_1_10' title='bbox 2297 514 2356 566; x_wconf 74' lang='grc' dir='ltr'><strong>τὸ</strong></span> <span class='ocrx_word' id='word_1_11' title='bbox 2388 513 2568 582; x_wconf 83' lang='grc' dir='ltr'>δόγμα</span> <span class='ocrx_word' id='word_1_12' title='bbox 2590 512 2688 582; x_wconf 79' lang='grc' dir='ltr'>τῆς</span> <span class='ocrx_word' id='word_1_13' title='bbox 2716 511 2974 574; x_wconf 74' lang='grc' dir='ltr'>πίστεως.</span> <span class='ocrx_word' id='word_1_14' title='bbox 3013 509 3156 563; x_wconf 80' lang='grc' dir='ltr'>Ἀλλ’</span> <span class='ocrx_word' id='word_1_15' title='bbox 3184 509 3336 572; x_wconf 65' lang='grc' dir='ltr'>ὅπως</span> <span class='ocrx_word' id='word_1_16' title='bbox 3379 512 3592 570; x_wconf 74' lang='grc' dir='ltr'>καὶτοῦ.</span> 
     </span>
    </p>
   </div>
   <div class='ocr_carea' id='block_1_4' title="bbox 371 600 1870 675">
    <p class='ocr_par' dir='ltr' id='par_1_4' title="bbox 371 603 1870 674">
     <span class='ocr_line' id='line_1_4' title="bbox 371 603 1870 674; baseline 0.004 -18"><span class='ocrx_word' id='word_1_17' title='bbox 371 603 698 666; x_wconf 80' lang='lat' dir='ltr'><strong>emiserunt.</strong></span> <span class='ocrx_word' id='word_1_18' title='bbox 731 615 895 674; x_wconf 82' lang='lat' dir='ltr'><strong>atque</strong></span> <span class='ocrx_word' id='word_1_19' title='bbox 927 608 1053 662; x_wconf 91' lang='lat' dir='ltr'><strong>aliis</strong></span> <span class='ocrx_word' id='word_1_20' title='bbox 1099 609 1361 662; x_wconf 84' lang='lat' dir='ltr'><strong>immissis</strong></span> <span class='ocrx_word' id='word_1_21' title='bbox 1399 608 1673 662; x_wconf 80' lang='lat' dir='ltr'><strong>lavarunt.</strong></span> <span class='ocrx_word' id='word_1_22' title='bbox 1717 609 1774 663; x_wconf 91' lang='lat' dir='ltr'><strong>ld</strong></span> <span class='ocrx_word' id='word_1_23' title='bbox 1813 624 1870 662; x_wconf 84' lang='lat' dir='ltr'><strong>vc</strong></span> 
     </span>
    </p>
   </div>
   <div class='ocr_carea' id='block_1_5' title="bbox 2085 600 3584 675">
    <p class='ocr_par' dir='ltr' id='par_1_5' title="bbox 2085 600 3584 675">
     <span class='ocr_line' id='line_1_5' title="bbox 2085 600 3584 675; baseline -0.001 -15"><span class='ocrx_word' id='word_1_24' title='bbox 2085 606 2263 660; x_wconf 52' lang='grc' dir='ltr'>πον·διὰ</span> <span class='ocrx_word' id='word_1_25' title='bbox 2315 606 2509 675; x_wconf 89' lang='grc' dir='ltr'>μίσους</span> <span class='ocrx_word' id='word_1_26' title='bbox 2566 600 2733 674; x_wconf 75' lang='grc' dir='ltr'>εἶχον,</span> <span class='ocrx_word' id='word_1_27' title='bbox 2783 602 3032 657; x_wconf 78' lang='grc' dir='ltr'>ἐντεῦθεν</span> <span class='ocrx_word' id='word_1_28' title='bbox 3083 603 3240 656; x_wconf 74' lang='grc' dir='ltr'>ἔσται</span> <span class='ocrx_word' id='word_1_29' title='bbox 3297 603 3584 672; x_wconf 81' lang='grc' dir='ltr'>κατάδηλον,</span> 
     </span>
    </p>
   </div>
   <div class='ocr_carea' id='block_1_6' title="bbox 373 694 1872 769">
    <p class='ocr_par' dir='ltr' id='par_1_6' title="bbox 373 695 1872 769">
     <span class='ocr_line' id='line_1_6' title="bbox 373 695 1872 769; baseline 0.004 -26"><span class='ocrx_word' id='word_1_30' title='bbox 373 705 665 762; x_wconf 75' lang='lat' dir='ltr'><strong>postquam</strong></span> <span class='ocrx_word' id='word_1_31' title='bbox 700 695 1004 754; x_wconf 88' lang='lat' dir='ltr'><strong>Eunomius</strong></span> <span class='ocrx_word' id='word_1_32' title='bbox 1035 703 1312 769; x_wconf 88' lang='lat' dir='ltr'><strong>cognovit.</strong></span> <span class='ocrx_word' id='word_1_33' title='bbox 1349 701 1534 755; x_wconf 90' lang='lat' dir='ltr'><strong>statim</strong></span> <span class='ocrx_word' id='word_1_34' title='bbox 1569 700 1702 754; x_wconf 83' lang='lat' dir='ltr'><strong>urbe</strong></span> <span class='ocrx_word' id='word_1_35' title='bbox 1731 699 1872 762; x_wconf 64' lang='lat' dir='ltr'><strong>relict</strong></span> 
     </span>
    </p>
   </div>
   <div class='ocr_carea' id='block_1_7' title="bbox 2094 694 3593 769">
    <p class='ocr_par' dir='ltr' id='par_1_7' title="bbox 2094 694 3593 768">
     <span class='ocr_line' id='line_1_7' title="bbox 2094 694 3593 768; baseline 0.001 -17"><span class='ocrx_word' id='word_1_36' title='bbox 2094 699 2326 768; x_wconf 81' lang='grc' dir='ltr'>[είρακές</span> <span class='ocrx_word' id='word_1_37' title='bbox 2357 715 2506 760; x_wconf 90' lang='grc' dir='ltr'>τινες</span> <span class='ocrx_word' id='word_1_38' title='bbox 2537 697 2641 750; x_wconf 79' lang='grc' dir='ltr'>ἀνὰ</span> <span class='ocrx_word' id='word_1_39' title='bbox 2667 696 2767 768; x_wconf 83' lang='grc' dir='ltr'>τὴν</span> <span class='ocrx_word' id='word_1_40' title='bbox 2808 695 3018 764; x_wconf 71' lang='grc' dir='ltr'>ἀγορὰν</span> <span class='ocrx_word' id='word_1_41' title='bbox 3055 694 3365 759; x_wconf 79' lang='grc' dir='ltr'>παίζοντες,</span> <span class='ocrx_word' id='word_1_42' title='bbox 3394 699 3593 768; x_wconf 79' lang='grc' dir='ltr'>σφαῖραν</span> 
     </span>
    </p>
   </div>
   <div class='ocr_carea' id='block_1_8' title="bbox 375 785 1874 860">
    <p class='ocr_par' dir='ltr' id='par_1_8' title="bbox 375 785 1874 856">
     <span class='ocr_line' id='line_1_8' title="bbox 375 785 1874 856; baseline 0.004 -17"><span class='ocrx_word' id='word_1_43' title='bbox 375 785 600 840; x_wconf 90' lang='lat' dir='ltr'><strong>domum</strong></span> <span class='ocrx_word' id='word_1_44' title='bbox 625 799 709 842; x_wconf 82' lang='lat' dir='ltr'><strong>est</strong></span> <span class='ocrx_word' id='word_1_45' title='bbox 736 804 991 844; x_wconf 83' lang='lat' dir='ltr'><strong>reversus</strong></span> <span class='ocrx_word' id='word_1_46' title='bbox 1023 807 1036 844; x_wconf 89' lang='lat'><strong>:</strong></span> <span class='ocrx_word' id='word_1_47' title='bbox 1065 794 1290 846; x_wconf 89' lang='lat' dir='ltr'><strong>stultum</strong></span> <span class='ocrx_word' id='word_1_48' title='bbox 1318 807 1438 847; x_wconf 90' lang='lat' dir='ltr'><strong>esse</strong></span> <span class='ocrx_word' id='word_1_49' title='bbox 1467 802 1636 856; x_wconf 85' lang='lat' dir='ltr'><strong>ratus,</strong></span> <span class='ocrx_word' id='word_1_50' title='bbox 1667 793 1719 846; x_wconf 95' lang='lat' dir='ltr'><strong>in</strong></span> <span class='ocrx_word' id='word_1_51' title='bbox 1748 807 1874 846; x_wconf 80' lang='lat' dir='ltr'><strong>ean</strong></span> 
     </span>
    </p>
   </div>
   <div class='ocr_carea' id='block_1_9' title="bbox 2095 785 3594 860">
    <p class='ocr_par' dir='ltr' id='par_1_9' title="bbox 2095 787 3594 860">
     <span class='ocr_line' id='line_1_9' title="bbox 2095 787 3594 860; baseline 0 -18"><span class='ocrx_word' id='word_1_52' title='bbox 2095 790 2300 860; x_wconf 74' lang='grc' dir='ltr'>λλήλοις</span> <span class='ocrx_word' id='word_1_53' title='bbox 2351 789 2741 859; x_wconf 74' lang='grc' dir='ltr'><strong>ἀντέπεμπον·</strong></span> <span class='ocrx_word' id='word_1_54' title='bbox 2787 788 2882 840; x_wconf 85' lang='grc' dir='ltr'><strong>τοῦ</strong></span> <span class='ocrx_word' id='word_1_55' title='bbox 2937 787 2994 840; x_wconf 72' lang='grc' dir='ltr'>δὲ</span> <span class='ocrx_word' id='word_1_56' title='bbox 3028 787 3263 841; x_wconf 82' lang='grc' dir='ltr'><strong>Λουκίου</strong></span> <span class='ocrx_word' id='word_1_57' title='bbox 3319 788 3594 856; x_wconf 76' lang='grc' dir='ltr'><strong>παριόντος,</strong></span> 
     </span>
    </p>
   </div>
   <div class='ocr_carea' id='block_1_10' title="bbox 377 877 1876 952">
    <p class='ocr_par' dir='ltr' id='par_1_10' title="bbox 377 879 1876 950">
     <span class='ocr_line' id='line_1_10' title="bbox 377 879 1876 950; baseline 0.005 -22"><span class='ocrx_word' id='word_1_58' title='bbox 377 892 508 931; x_wconf 90' lang='lat' dir='ltr'><strong>nere</strong></span> <span class='ocrx_word' id='word_1_59' title='bbox 553 879 707 941; x_wconf 89' lang='lat' dir='ltr'><strong>urbe,</strong></span> <span class='ocrx_word' id='word_1_60' title='bbox 753 897 876 950; x_wconf 71' lang='lat' dir='ltr'><strong>quae</strong></span> <span class='ocrx_word' id='word_1_61' title='bbox 924 883 1146 950; x_wconf 83' lang='lat' dir='ltr'><strong>publico</strong></span> <span class='ocrx_word' id='word_1_62' title='bbox 1177 893 1234 937; x_wconf 90' lang='lat' dir='ltr'><strong>et</strong></span> <span class='ocrx_word' id='word_1_63' title='bbox 1263 883 1546 937; x_wconf 89' lang='lat' dir='ltr'><strong>communi</strong></span> <span class='ocrx_word' id='word_1_64' title='bbox 1590 884 1643 936; x_wconf 90' lang='lat' dir='ltr'><strong>in</strong></span> <span class='ocrx_word' id='word_1_65' title='bbox 1687 898 1812 936; x_wconf 91' lang='lat' dir='ltr'><strong>eum</strong></span> <span class='ocrx_word' id='word_1_66' title='bbox 1851 881 1876 935; x_wconf 87' lang='lat' dir='ltr'><strong>ﬂ</strong></span> 
     </span>
    </p>
   </div>
   <div class='ocr_carea' id='block_1_11' title="bbox 2094 877 3593 952">
    <p class='ocr_par' dir='ltr' id='par_1_11' title="bbox 2094 877 3593 952">
     <span class='ocr_line' id='line_1_11' title="bbox 2094 877 3593 952; baseline -0.005 -18"><span class='ocrx_word' id='word_1_67' title='bbox 2094 880 2252 952; x_wconf 82' lang='grc' dir='ltr'>υνέϐη</span> <span class='ocrx_word' id='word_1_68' title='bbox 2284 880 2384 951; x_wconf 79' lang='grc' dir='ltr'>τὴν</span> <span class='ocrx_word' id='word_1_69' title='bbox 2413 883 2652 948; x_wconf 72' lang='grc' dir='ltr'>σφαῖραν</span> <span class='ocrx_word' id='word_1_70' title='bbox 2677 880 2786 932; x_wconf 83' lang='grc' dir='ltr'>τῶν</span> <span class='ocrx_word' id='word_1_71' title='bbox 2845 895 2990 939; x_wconf 86' lang='grc' dir='ltr'>τινος</span> <span class='ocrx_word' id='word_1_72' title='bbox 3042 877 3248 930; x_wconf 78' lang='grc' dir='ltr'>παίδων</span> <span class='ocrx_word' id='word_1_73' title='bbox 3295 878 3396 946; x_wconf 80' lang='grc' dir='ltr'>τῆς</span> <span class='ocrx_word' id='word_1_74' title='bbox 3446 882 3593 947; x_wconf 66' lang='grc' dir='ltr'>χειρὶς</span> 
     </span>
    </p>
   </div>
   <div class='ocr_carea' id='block_1_12' title="bbox 377 967 1876 1044">
    <p class='ocr_par' dir='ltr' id='par_1_12' title="bbox 377 972 1876 1044">
     <span class='ocr_line' id='line_1_12' title="bbox 377 972 1876 1044; baseline 0.004 -24"><span class='ocrx_word' id='word_1_75' title='bbox 377 978 563 1033; x_wconf 73' lang='lat' dir='ltr'><strong>graret</strong></span> <span class='ocrx_word' id='word_1_76' title='bbox 611 972 761 1026; x_wconf 90' lang='lat' dir='ltr'><strong>odio.</strong></span> <span class='ocrx_word' id='word_1_77' title='bbox 814 973 993 1043; x_wconf 83' lang='lat' dir='ltr'><strong>Atque</strong></span> <span class='ocrx_word' id='word_1_78' title='bbox 1049 975 1123 1028; x_wconf 89' lang='lat' dir='ltr'><strong>ita</strong></span> <span class='ocrx_word' id='word_1_79' title='bbox 1183 975 1273 1029; x_wconf 88' lang='lat' dir='ltr'><strong>ille</strong></span> <span class='ocrx_word' id='word_1_80' title='bbox 1328 975 1548 1044; x_wconf 84' lang='lat' dir='ltr'><strong>quidem</strong></span> <span class='ocrx_word' id='word_1_81' title='bbox 1602 989 1700 1028; x_wconf 89' lang='lat' dir='ltr'><strong>sua</strong></span> <span class='ocrx_word' id='word_1_82' title='bbox 1753 988 1876 1044; x_wconf 76' lang='lat' dir='ltr'><strong>spor</strong></span> 
     </span>
    </p>
   </div>
   <div class='ocr_carea' id='block_1_13' title="bbox 2096 967 3595 1044">
    <p class='ocr_par' dir='ltr' id='par_1_13' title="bbox 2096 967 3595 1038">
     <span class='ocr_line' id='line_1_13' title="bbox 2096 967 3595 1038; baseline -0.001 -14"><span class='ocrx_word' id='word_1_83' title='bbox 2096 971 2431 1034; x_wconf 83' lang='grc' dir='ltr'>κπεσοῦσαν,</span> <span class='ocrx_word' id='word_1_84' title='bbox 2462 971 2550 1024; x_wconf 77' lang='grc' dir='ltr'>διὰ</span> <span class='ocrx_word' id='word_1_85' title='bbox 2596 970 2706 1024; x_wconf 86' lang='grc' dir='ltr'><strong>τῶν</strong></span> <span class='ocrx_word' id='word_1_86' title='bbox 2752 971 2853 1037; x_wconf 71' lang='grc' dir='ltr'>τῆς</span> <span class='ocrx_word' id='word_1_87' title='bbox 2907 970 3132 1038; x_wconf 70' lang='grc' dir='ltr'>ἡμιόνου</span> <span class='ocrx_word' id='word_1_88' title='bbox 3179 967 3352 1020; x_wconf 81' lang='grc' dir='ltr'>ποδῶν</span> <span class='ocrx_word' id='word_1_89' title='bbox 3382 967 3595 1038; x_wconf 76' lang='grc' dir='ltr'>διελθεῖν,</span> 
     </span>
    </p>
   </div>
   <div class='ocr_carea' id='block_1_14' title="bbox 380 1053 1879 1135">
    <p class='ocr_par' dir='ltr' id='par_1_14' title="bbox 380 1061 1879 1120">
     <span class='ocr_line' id='line_1_14' title="bbox 380 1061 1879 1120; baseline 0.003 -8"><span class='ocrx_word' id='word_1_90' title='bbox 380 1061 684 1117; x_wconf 84' lang='lat' dir='ltr'><strong>Samosatis</strong></span> <span class='ocrx_word' id='word_1_91' title='bbox 712 1063 986 1120; x_wconf 86' lang='lat' dir='ltr'><strong>discessit.</strong></span> <span class='ocrx_word' id='word_1_92' title='bbox 1013 1064 1200 1120; x_wconf 85' lang='lat' dir='ltr'><strong>Ariani</strong></span> <span class='ocrx_word' id='word_1_93' title='bbox 1226 1074 1408 1120; x_wconf 88' lang='lat' dir='ltr'><strong>autem</strong></span> <span class='ocrx_word' id='word_1_94' title='bbox 1435 1067 1605 1120; x_wconf 88' lang='lat' dir='ltr'><strong>alium</strong></span> <span class='ocrx_word' id='word_1_95' title='bbox 1635 1079 1701 1120; x_wconf 88' lang='lat' dir='ltr'><strong>eo</strong></span> <span class='ocrx_word' id='word_1_96' title='bbox 1725 1066 1879 1119; x_wconf 75' lang='lat' dir='ltr'><strong>miser</strong></span> 
     </span>
    </p>
   </div>
   <div class='ocr_carea' id='block_1_15' title="bbox 2098 1053 3597 1135">
    <p class='ocr_par' dir='ltr' id='par_1_15' title="bbox 2118 1053 3597 1133">
     <span class='ocr_line' id='line_1_15' title="bbox 2118 1053 3597 1133; baseline 0.001 -19"><span class='ocrx_word' id='word_1_97' title='bbox 2118 1062 2314 1133; x_wconf 76' lang='grc' dir='ltr'>ἔποχος</span> <span class='ocrx_word' id='word_1_98' title='bbox 2369 1057 2438 1133; x_wconf 77' lang='grc' dir='ltr'>ἦν</span> <span class='ocrx_word' id='word_1_99' title='bbox 2501 1061 2758 1124; x_wconf 82' lang='grc' dir='ltr'>Λούκιος.</span> <span class='ocrx_word' id='word_1_100' title='bbox 2813 1062 2876 1116; x_wconf 89' lang='grc' dir='ltr'><strong>Οἱ</strong></span> <span class='ocrx_word' id='word_1_101' title='bbox 2927 1059 2974 1114; x_wconf 85' lang='grc' dir='ltr'>δ’</span> <span class='ocrx_word' id='word_1_102' title='bbox 3025 1059 3391 1125; x_wconf 79' lang='grc' dir='ltr'><strong>ἀνωλόλυξαν,</strong></span> <span class='ocrx_word' id='word_1_103' title='bbox 3443 1053 3597 1129; x_wconf 61' lang='lat' dir='ltr'><strong>piatis;</strong></span> 
     </span>
    </p>
   </div>
   <div class='ocr_carea' id='block_1_16' title="bbox 378 1152 1877 1226">
    <p class='ocr_par' dir='ltr' id='par_1_16' title="bbox 378 1152 1877 1226">
     <span class='ocr_line' id='line_1_16' title="bbox 378 1152 1877 1226; baseline -0.001 -20"><span class='ocrx_word' id='word_1_104' title='bbox 378 1152 613 1209; x_wconf 83' lang='lat' dir='ltr'><strong>Lucium</strong></span> <span class='ocrx_word' id='word_1_105' title='bbox 664 1157 924 1220; x_wconf 80' lang='lat' dir='ltr'><strong>nomine,</strong></span> <span class='ocrx_word' id='word_1_106' title='bbox 965 1156 1154 1225; x_wconf 90' lang='lat' dir='ltr'><strong>lupum</strong></span> <span class='ocrx_word' id='word_1_107' title='bbox 1205 1173 1439 1223; x_wconf 83' lang='lat' dir='ltr'><strong>revera,</strong></span> <span class='ocrx_word' id='word_1_108' title='bbox 1483 1173 1592 1212; x_wconf 90' lang='lat' dir='ltr'><strong>non</strong></span> <span class='ocrx_word' id='word_1_109' title='bbox 1646 1166 1877 1226; x_wconf 81' lang='lat' dir='ltr'><strong>pastore:</strong></span> 
     </span>
    </p>
   </div>
   <div class='ocr_carea' id='block_1_17' title="bbox 2099 1152 3598 1226">
    <p class='ocr_par' dir='ltr' id='par_1_17' title="bbox 2099 1153 3598 1225">
     <span class='ocr_line' id='line_1_17' title="bbox 2099 1153 3598 1225; baseline -0.001 -17"><span class='ocrx_word' id='word_1_110' title='bbox 2099 1154 2276 1209; x_wconf 74' lang='grc' dir='ltr'>ιπλεω</span> <span class='ocrx_word' id='word_1_111' title='bbox 2325 1157 2666 1222; x_wconf 82' lang='grc' dir='ltr'>καταστῆναι</span> <span class='ocrx_word' id='word_1_112' title='bbox 2716 1154 2814 1225; x_wconf 80' lang='grc' dir='ltr'>τὴν</span> <span class='ocrx_word' id='word_1_113' title='bbox 2877 1154 3122 1224; x_wconf 81' lang='grc' dir='ltr'>σφαῖραν</span> <span class='ocrx_word' id='word_1_114' title='bbox 3170 1153 3505 1222; x_wconf 87' lang='grc' dir='ltr'>νομίσαντες.</span> <span class='ocrx_word' id='word_1_115' title='bbox 3551 1153 3598 1206; x_wconf 86' lang='lat'><strong>&#39;0</strong></span> 
     </span>
    </p>
   </div>
   <div class='ocr_carea' id='block_1_18' title="bbox 381 1243 1880 1318">
    <p class='ocr_par' dir='ltr' id='par_1_18' title="bbox 381 1247 1880 1318">
     <span class='ocr_line' id='line_1_18' title="bbox 381 1247 1880 1318; baseline 0.001 -20"><span class='ocrx_word' id='word_1_116' title='bbox 381 1247 452 1298; x_wconf 87' lang='lat' dir='ltr'><strong>At</strong></span> <span class='ocrx_word' id='word_1_117' title='bbox 502 1260 635 1300; x_wconf 90' lang='lat' dir='ltr'><strong>oves</strong></span> <span class='ocrx_word' id='word_1_118' title='bbox 687 1248 903 1302; x_wconf 82' lang='lat' dir='ltr'><strong>tametsi</strong></span> <span class='ocrx_word' id='word_1_119' title='bbox 963 1257 1240 1317; x_wconf 80' lang='lat' dir='ltr'><strong>pastorem</strong></span> <span class='ocrx_word' id='word_1_120' title='bbox 1300 1266 1407 1303; x_wconf 90' lang='lat' dir='ltr'><strong>non</strong></span> <span class='ocrx_word' id='word_1_121' title='bbox 1475 1250 1776 1312; x_wconf 80' lang='lat' dir='ltr'><strong>haberent;</strong></span> <span class='ocrx_word' id='word_1_122' title='bbox 1829 1265 1880 1318; x_wconf 79' lang='grc' dir='ltr'><strong>(ιι</strong></span> 
     </span>
    </p>
   </div>
   <div class='ocr_carea' id='block_1_19' title="bbox 2099 1243 3598 1318">
    <p class='ocr_par' dir='ltr' id='par_1_19' title="bbox 2099 1243 3598 1318">
     <span class='ocr_line' id='line_1_19' title="bbox 2099 1243 3598 1318; baseline -0.003 -18"><span class='ocrx_word' id='word_1_123' title='bbox 2099 1265 2106 1299; x_wconf 83' lang='lat'>:</span> <span class='ocrx_word' id='word_1_124' title='bbox 2135 1247 2234 1318; x_wconf 73' lang='grc' dir='ltr'>τὴν</span> <span class='ocrx_word' id='word_1_125' title='bbox 2262 1246 2391 1318; x_wconf 78' lang='grc' dir='ltr'>βοὴν</span> <span class='ocrx_word' id='word_1_126' title='bbox 2409 1246 2640 1316; x_wconf 78' lang='grc' dir='ltr'>ἀγνοῶν,</span> <span class='ocrx_word' id='word_1_127' title='bbox 2663 1246 2744 1300; x_wconf 78' lang='grc' dir='ltr'><strong>ἑνὶ</strong></span> <span class='ocrx_word' id='word_1_128' title='bbox 2781 1244 2891 1298; x_wconf 85' lang='grc' dir='ltr'><strong>τῶν</strong></span> <span class='ocrx_word' id='word_1_129' title='bbox 2926 1243 3244 1297; x_wconf 78' lang='grc' dir='ltr'>ἀκολούθων</span> <span class='ocrx_word' id='word_1_130' title='bbox 3294 1243 3598 1313; x_wconf 78' lang='grc' dir='ltr'>προσέταττε</span> 
     </span>
    </p>
   </div>
   <div class='ocr_carea' id='block_1_20' title="bbox 387 1332 1886 1412">
    <p class='ocr_par' dir='ltr' id='par_1_20' title="bbox 387 1341 1886 1412">
     <span class='ocr_line' id='line_1_20' title="bbox 387 1341 1886 1412; baseline 0.002 -22"><span class='ocrx_word' id='word_1_131' title='bbox 387 1350 573 1394; x_wconf 84' lang='lat' dir='ltr'><strong>tamen</strong></span> <span class='ocrx_word' id='word_1_132' title='bbox 610 1349 890 1408; x_wconf 85' lang='lat' dir='ltr'><strong>pastorum</strong></span> <span class='ocrx_word' id='word_1_133' title='bbox 922 1351 1071 1405; x_wconf 86' lang='lat' dir='ltr'><strong>sunt,</strong></span> <span class='ocrx_word' id='word_1_134' title='bbox 1103 1341 1232 1396; x_wconf 81' lang='lat' dir='ltr'><strong>ﬁdei</strong></span> <span class='ocrx_word' id='word_1_135' title='bbox 1269 1342 1468 1412; x_wconf 81' lang='lat' dir='ltr'><strong>dogma</strong></span> <span class='ocrx_word' id='word_1_136' title='bbox 1501 1351 1712 1396; x_wconf 80' lang='lat' dir='ltr'><strong>sartum</strong></span> <span class='ocrx_word' id='word_1_137' title='bbox 1745 1350 1886 1395; x_wconf 91' lang='lat' dir='ltr'><strong>tectu</strong></span> 
     </span>
    </p>
   </div>
   <div class='ocr_carea' id='block_1_21' title="bbox 2099 1332 3598 1412">
    <p class='ocr_par' dir='ltr' id='par_1_21' title="bbox 2101 1332 3598 1410">
     <span class='ocr_line' id='line_1_21' title="bbox 2101 1332 3598 1410; baseline -0.001 -19"><span class='ocrx_word' id='word_1_138' title='bbox 2101 1340 2254 1408; x_wconf 69' lang='grc' dir='ltr'>ικρδν</span> <span class='ocrx_word' id='word_1_139' title='bbox 2317 1341 2655 1410; x_wconf 87' lang='grc' dir='ltr'>παραμεῖναι</span> <span class='ocrx_word' id='word_1_140' title='bbox 2708 1340 2802 1392; x_wconf 70' lang='grc' dir='ltr'>καὶ</span> <span class='ocrx_word' id='word_1_141' title='bbox 2867 1335 3163 1406; x_wconf 84' lang='grc' dir='ltr'>διαγνῶναι</span> <span class='ocrx_word' id='word_1_142' title='bbox 3220 1335 3282 1387; x_wconf 81' lang='grc' dir='ltr'>τὸ</span> <span class='ocrx_word' id='word_1_143' title='bbox 3333 1332 3598 1402; x_wconf 82' lang='grc' dir='ltr'>δρώμενον.</span> 
     </span>
    </p>
   </div>
   <div class='ocr_carea' id='block_1_22' title="bbox 385 1424 1884 1504">
    <p class='ocr_par' dir='ltr' id='par_1_22' title="bbox 385 1432 1884 1504">
     <span class='ocr_line' id='line_1_22' title="bbox 385 1432 1884 1504; baseline 0.001 -20"><span class='ocrx_word' id='word_1_144' title='bbox 385 1440 816 1494; x_wconf 86' lang='lat' dir='ltr'><strong>conservantes,</strong></span> <span class='ocrx_word' id='word_1_145' title='bbox 860 1432 1058 1487; x_wconf 77' lang='lat' dir='ltr'><strong>fecere.</strong></span> <span class='ocrx_word' id='word_1_146' title='bbox 1107 1435 1281 1488; x_wconf 87' lang='lat' dir='ltr'><strong>Porro</strong></span> <span class='ocrx_word' id='word_1_147' title='bbox 1324 1443 1593 1504; x_wconf 88' lang='lat' dir='ltr'><strong>quantum</strong></span> <span class='ocrx_word' id='word_1_148' title='bbox 1639 1433 1884 1489; x_wconf 88' lang='lat' dir='ltr'><strong>Samosat</strong></span> 
     </span>
    </p>
   </div>
   <div class='ocr_carea' id='block_1_23' title="bbox 2101 1424 3600 1504">
    <p class='ocr_par' dir='ltr' id='par_1_23' title="bbox 2102 1424 3600 1500">
     <span class='ocr_line' id='line_1_23' title="bbox 2102 1424 3600 1500; baseline -0.003 -18"><span class='ocrx_word' id='word_1_149' title='bbox 2102 1431 2200 1484; x_wconf 77' lang='grc' dir='ltr'>ίδὲ</span> <span class='ocrx_word' id='word_1_150' title='bbox 2249 1430 2441 1492; x_wconf 77' lang='grc' dir='ltr'>παῖδες</span> <span class='ocrx_word' id='word_1_151' title='bbox 2496 1430 2607 1500; x_wconf 84' lang='grc' dir='ltr'><strong>πῦρ</strong></span> <span class='ocrx_word' id='word_1_152' title='bbox 2659 1428 2990 1498; x_wconf 81' lang='grc' dir='ltr'>ἀνάψαντες.</span> <span class='ocrx_word' id='word_1_153' title='bbox 3047 1426 3147 1497; x_wconf 76' lang='grc' dir='ltr'>τὴν</span> <span class='ocrx_word' id='word_1_154' title='bbox 3204 1426 3446 1494; x_wconf 77' lang='grc' dir='ltr'>σφαῖραν</span> <span class='ocrx_word' id='word_1_155' title='bbox 3487 1424 3600 1477; x_wconf 77' lang='grc' dir='ltr'>ἔνδον</span> 
     </span>
    </p>
   </div>
   <div class='ocr_carea' id='block_1_24' title="bbox 385 1515 1884 1594">
    <p class='ocr_par' dir='ltr' id='par_1_24' title="bbox 385 1523 1881 1594">
     <span class='ocr_line' id='line_1_24' title="bbox 385 1523 1881 1594; baseline 0.002 -19"><span class='ocrx_word' id='word_1_156' title='bbox 385 1536 583 1575; x_wconf 86' lang='lat' dir='ltr'><strong>norum</strong></span> <span class='ocrx_word' id='word_1_157' title='bbox 635 1531 690 1576; x_wconf 89' lang='lat' dir='ltr'><strong>ct</strong></span> <span class='ocrx_word' id='word_1_158' title='bbox 742 1523 796 1577; x_wconf 93' lang='lat' dir='ltr'><strong>in</strong></span> <span class='ocrx_word' id='word_1_159' title='bbox 832 1524 982 1579; x_wconf 91' lang='lat' dir='ltr'><strong>hunc</strong></span> <span class='ocrx_word' id='word_1_160' title='bbox 1031 1525 1222 1579; x_wconf 89' lang='lat' dir='ltr'><strong>odium</strong></span> <span class='ocrx_word' id='word_1_161' title='bbox 1270 1525 1470 1590; x_wconf 72' lang='lat' dir='ltr'><strong>fuerit,</strong></span> <span class='ocrx_word' id='word_1_162' title='bbox 1520 1525 1647 1579; x_wconf 86' lang='lat' dir='ltr'><strong>inde</strong></span> <span class='ocrx_word' id='word_1_163' title='bbox 1696 1524 1881 1594; x_wconf 91' lang='lat' dir='ltr'><strong>liqueb</strong></span> 
     </span>
    </p>
   </div>
   <div class='ocr_carea' id='block_1_25' title="bbox 2101 1515 3600 1594">
    <p class='ocr_par' dir='ltr' id='par_1_25' title="bbox 2101 1515 3600 1592">
     <span class='ocr_line' id='line_1_25' title="bbox 2101 1515 3600 1592; baseline -0.002 -19"><span class='ocrx_word' id='word_1_164' title='bbox 2101 1520 2363 1586; x_wconf 73' lang='grc' dir='ltr'>κόντιζον,</span> <span class='ocrx_word' id='word_1_165' title='bbox 2416 1522 2703 1592; x_wconf 86' lang='grc' dir='ltr'>καθαίρειν</span> <span class='ocrx_word' id='word_1_166' title='bbox 2754 1520 2898 1574; x_wconf 84' lang='grc' dir='ltr'>οὓτω</span> <span class='ocrx_word' id='word_1_167' title='bbox 2929 1519 3026 1573; x_wconf 81' lang='grc' dir='ltr'><strong>τοῦ</strong></span> <span class='ocrx_word' id='word_1_168' title='bbox 3070 1519 3238 1586; x_wconf 77' lang='grc' dir='ltr'>ἄγους</span> <span class='ocrx_word' id='word_1_169' title='bbox 3291 1515 3600 1586; x_wconf 81' lang='grc' dir='ltr'>βουλόμενοι.</span> 
     </span>
    </p>
   </div>
   <div class='ocr_carea' id='block_1_26' title="bbox 384 1607 1883 1685">
    <p class='ocr_par' dir='ltr' id='par_1_26' title="bbox 384 1611 1883 1685">
     <span class='ocr_line' id='line_1_26' title="bbox 384 1611 1883 1685; baseline 0.001 -18"><span class='ocrx_word' id='word_1_170' title='bbox 384 1615 545 1668; x_wconf 88' lang='lat' dir='ltr'><strong>Pueri</strong></span> <span class='ocrx_word' id='word_1_171' title='bbox 589 1615 809 1683; x_wconf 90' lang='lat' dir='ltr'><strong>quidam</strong></span> <span class='ocrx_word' id='word_1_172' title='bbox 847 1611 1012 1685; x_wconf 85' lang='lat' dir='ltr'><strong>pilam</strong></span> <span class='ocrx_word' id='word_1_173' title='bbox 1056 1619 1201 1671; x_wconf 89' lang='lat' dir='ltr'><strong>inter</strong></span> <span class='ocrx_word' id='word_1_174' title='bbox 1237 1633 1296 1670; x_wconf 85' lang='lat' dir='ltr'><strong>se</strong></span> <span class='ocrx_word' id='word_1_175' title='bbox 1339 1618 1689 1685; x_wconf 80' lang='lat' dir='ltr'><strong>impellentes</strong></span> <span class='ocrx_word' id='word_1_176' title='bbox 1728 1617 1782 1669; x_wconf 92' lang='lat' dir='ltr'><strong>iu</strong></span> <span class='ocrx_word' id='word_1_177' title='bbox 1831 1616 1883 1668; x_wconf 73' lang='lat' dir='ltr'><strong>to</strong></span> 
     </span>
    </p>
   </div>
   <div class='ocr_carea' id='block_1_27' title="bbox 2104 1607 3603 1685">
    <p class='ocr_par' dir='ltr' id='par_1_27' title="bbox 2107 1607 3603 1684">
     <span class='ocr_line' id='line_1_27' title="bbox 2107 1607 3603 1684; baseline -0.003 -18"><span class='ocrx_word' id='word_1_178' title='bbox 2107 1613 2164 1666; x_wconf 80' lang='grc' dir='ltr'>αὶ</span> <span class='ocrx_word' id='word_1_179' title='bbox 2185 1614 2551 1684; x_wconf 81' lang='grc' dir='ltr'>μειρακιῶδες</span> <span class='ocrx_word' id='word_1_180' title='bbox 2587 1615 2687 1683; x_wconf 76' lang='grc' dir='ltr'>μὲν</span> <span class='ocrx_word' id='word_1_181' title='bbox 2718 1614 2847 1676; x_wconf 68' lang='grc' dir='ltr'>ἴσως</span> <span class='ocrx_word' id='word_1_182' title='bbox 2863 1612 3023 1666; x_wconf 75' lang='grc' dir='ltr'>τοῦτο</span> <span class='ocrx_word' id='word_1_183' title='bbox 3052 1625 3067 1642; x_wconf 85' lang='grc'>⁶</span> <span class='ocrx_word' id='word_1_184' title='bbox 3101 1611 3249 1681; x_wconf 79' lang='grc' dir='ltr'>ὅμως</span> <span class='ocrx_word' id='word_1_185' title='bbox 3293 1607 3479 1662; x_wconf 83' lang='grc' dir='ltr'>ίκανόν</span> <span class='ocrx_word' id='word_1_186' title='bbox 3511 1609 3603 1662; x_wconf 65' lang='grc' dir='ltr'>ἐστι</span> 
     </span>
    </p>
   </div>
   <div class='ocr_carea' id='block_1_28' title="bbox 371 1690 1870 1777">
    <p class='ocr_par' dir='ltr' id='par_1_28' title="bbox 371 1690 1854 1777">
     <span class='ocr_line' id='line_1_28' title="bbox 371 1690 1854 1777; baseline 0.001 -19"><span class='ocrx_word' id='word_1_187' title='bbox 371 1690 666 1766; x_wconf 65' lang='lat' dir='ltr'><strong>indebant.</strong></span> <span class='ocrx_word' id='word_1_188' title='bbox 696 1715 755 1760; x_wconf 89' lang='lat' dir='ltr'><strong>et</strong></span> <span class='ocrx_word' id='word_1_189' title='bbox 786 1707 990 1762; x_wconf 82' lang='lat' dir='ltr'><strong>Lucius</strong></span> <span class='ocrx_word' id='word_1_190' title='bbox 1032 1709 1368 1777; x_wconf 68' lang='lat' dir='ltr'><strong>praeteribat.</strong></span> <span class='ocrx_word' id='word_1_191' title='bbox 1399 1708 1615 1763; x_wconf 82' lang='lat' dir='ltr'><strong>Accidit</strong></span> <span class='ocrx_word' id='word_1_192' title='bbox 1647 1723 1854 1771; x_wconf 87' lang='lat' dir='ltr'><strong>autem,</strong></span> 
     </span>
    </p>
   </div>
   <div class='ocr_carea' id='block_1_29' title="bbox 2106 1690 3605 1777">
    <p class='ocr_par' dir='ltr' id='par_1_29' title="bbox 2106 1699 3605 1776">
     <span class='ocr_line' id='line_1_29' title="bbox 2106 1699 3605 1776; baseline -0.005 -18"><span class='ocrx_word' id='word_1_193' title='bbox 2106 1705 2226 1772; x_wconf 59' lang='lat' dir='ltr'><strong>Iesu.</strong></span> <span class='ocrx_word' id='word_1_194' title='bbox 2254 1706 2382 1758; x_wconf 84' lang='grc' dir='ltr'>ὅσον</span> <span class='ocrx_word' id='word_1_195' title='bbox 2424 1706 2457 1776; x_wconf 75' lang='grc' dir='ltr'>ἡ</span> <span class='ocrx_word' id='word_1_196' title='bbox 2509 1705 2664 1767; x_wconf 86' lang='grc' dir='ltr'>πόλις</span> <span class='ocrx_word' id='word_1_197' title='bbox 2721 1703 2860 1774; x_wconf 85' lang='grc' dir='ltr'>αὐτη</span> <span class='ocrx_word' id='word_1_198' title='bbox 2907 1705 3167 1776; x_wconf 70' lang='grc' dir='ltr'>ἔντροφον</span> <span class='ocrx_word' id='word_1_199' title='bbox 3208 1699 3321 1772; x_wconf 72' lang='grc' dir='ltr'>εἶχε</span> <span class='ocrx_word' id='word_1_200' title='bbox 3361 1700 3422 1752; x_wconf 72' lang='grc' dir='ltr'>τὸ</span> <span class='ocrx_word' id='word_1_201' title='bbox 3481 1703 3605 1768; x_wconf 67' lang='grc' dir='ltr'>μῖσος</span> 
     </span>
    </p>
   </div>
   <div class='ocr_carea' id='block_1_30' title="bbox 385 1793 1884 1868">
    <p class='ocr_par' dir='ltr' id='par_1_30' title="bbox 385 1797 1882 1868">
     <span class='ocr_line' id='line_1_30' title="bbox 385 1797 1882 1868; baseline 0.005 -24"><span class='ocrx_word' id='word_1_202' title='bbox 385 1797 486 1860; x_wconf 74' lang='lat' dir='ltr'><strong>pila</strong></span> <span class='ocrx_word' id='word_1_203' title='bbox 503 1812 568 1851; x_wconf 81' lang='lat' dir='ltr'><strong>ex</strong></span> <span class='ocrx_word' id='word_1_204' title='bbox 588 1797 869 1866; x_wconf 73' lang='lat' dir='ltr'><strong>cujusdam</strong></span> <span class='ocrx_word' id='word_1_205' title='bbox 901 1800 1056 1867; x_wconf 88' lang='lat' dir='ltr'><strong>pueri</strong></span> <span class='ocrx_word' id='word_1_206' title='bbox 1083 1800 1335 1853; x_wconf 89' lang='lat' dir='ltr'><strong>manibus</strong></span> <span class='ocrx_word' id='word_1_207' title='bbox 1362 1798 1653 1862; x_wconf 89' lang='lat' dir='ltr'><strong>excidens,</strong></span> <span class='ocrx_word' id='word_1_208' title='bbox 1673 1814 1772 1868; x_wconf 83' lang='lat' dir='ltr'><strong>per</strong></span> <span class='ocrx_word' id='word_1_209' title='bbox 1794 1816 1882 1852; x_wconf 87' lang='lat' dir='ltr'><strong>mu</strong></span> 
     </span>
    </p>
   </div>
   <div class='ocr_carea' id='block_1_31' title="bbox 2107 1793 3606 1868">
    <p class='ocr_par' dir='ltr' id='par_1_31' title="bbox 2107 1793 3606 1867">
     <span class='ocr_line' id='line_1_31' title="bbox 2107 1793 3606 1867; baseline -0.005 -18"><span class='ocrx_word' id='word_1_210' title='bbox 2107 1797 2194 1866; x_wconf 81' lang='grc' dir='ltr'>ρὸς</span> <span class='ocrx_word' id='word_1_211' title='bbox 2225 1797 2352 1860; x_wconf 82' lang='grc' dir='ltr'><strong>τούς</strong></span> <span class='ocrx_word' id='word_1_212' title='bbox 2380 1797 2443 1850; x_wconf 76' lang='grc' dir='ltr'>τὸ</span> <span class='ocrx_word' id='word_1_213' title='bbox 2467 1797 2644 1867; x_wconf 80' lang='grc' dir='ltr'>δόγμα</span> <span class='ocrx_word' id='word_1_214' title='bbox 2673 1796 2773 1866; x_wconf 84' lang='grc' dir='ltr'>τῆς</span> <span class='ocrx_word' id='word_1_215' title='bbox 2799 1796 3037 1859; x_wconf 82' lang='grc' dir='ltr'>πίστεως</span> <span class='ocrx_word' id='word_1_216' title='bbox 3070 1793 3387 1866; x_wconf 74' lang='grc' dir='ltr'>ᾑρημένους</span> <span class='ocrx_word' id='word_1_217' title='bbox 3456 1806 3606 1860; x_wconf 79' lang='grc' dir='ltr'>παρα-</span> 
     </span>
    </p>
   </div>
   <div class='ocr_carea' id='block_1_32' title="bbox 379 1859 1878 1958">
    <p class='ocr_par' dir='ltr' id='par_1_32' title="bbox 379 1887 1878 1958">
     <span class='ocr_line' id='line_1_32' title="bbox 379 1887 1878 1958; baseline 0.003 -20"><span class='ocrx_word' id='word_1_218' title='bbox 379 1889 499 1954; x_wconf 77' lang='lat' dir='ltr'><strong>cjus</strong></span> <span class='ocrx_word' id='word_1_219' title='bbox 552 1903 658 1956; x_wconf 84' lang='lat' dir='ltr'><strong>qua</strong></span> <span class='ocrx_word' id='word_1_220' title='bbox 715 1887 918 1942; x_wconf 84' lang='lat' dir='ltr'><strong>Lucius</strong></span> <span class='ocrx_word' id='word_1_221' title='bbox 987 1887 1328 1953; x_wconf 84' lang='lat' dir='ltr'><strong>vehebatur,</strong></span> <span class='ocrx_word' id='word_1_222' title='bbox 1390 1889 1560 1958; x_wconf 85' lang='lat' dir='ltr'><strong>pedes</strong></span> <span class='ocrx_word' id='word_1_223' title='bbox 1613 1889 1878 1942; x_wconf 84' lang='lat' dir='ltr'><strong>volverett</strong></span> 
     </span>
    </p>
   </div>
   <div class='ocr_carea' id='block_1_33' title="bbox 2100 1859 3599 1958">
    <p class='ocr_par' dir='ltr' id='par_1_33' title="bbox 2100 1859 3599 1955">
     <span class='ocr_line' id='line_1_33' title="bbox 2100 1859 3599 1955; baseline -0.004 -17"><span class='ocrx_word' id='word_1_224' title='bbox 2100 1859 2374 1955; x_wconf 79' lang='grc' dir='ltr'>αράττειν.</span> <span class='ocrx_word' id='word_1_225' title='bbox 2413 1886 2474 1939; x_wconf 87' lang='lat'><strong>&#39;0</strong></span> <span class='ocrx_word' id='word_1_226' title='bbox 2638 1859 2867 1948; x_wconf 85' lang='grc' dir='ltr'>Δούκιος</span> <span class='ocrx_word' id='word_1_227' title='bbox 2915 1885 2976 1938; x_wconf 87' lang='grc' dir='ltr'><strong>οὐ</strong></span> <span class='ocrx_word' id='word_1_228' title='bbox 3010 1859 3298 1938; x_wconf 24' lang='grc' dir='ltr'>κατα-*τὸν</span> <span class='ocrx_word' id='word_1_229' title='bbox 3360 1859 3599 1950; x_wconf 80' lang='grc' dir='ltr'>Εὐνόμιον</span> 
     </span>
    </p>
   </div>
   <div class='ocr_carea' id='block_1_34' title="bbox 381 1967 1880 2050">
    <p class='ocr_par' dir='ltr' id='par_1_34' title="bbox 381 1967 1880 2050">
     <span class='ocr_line' id='line_1_34' title="bbox 381 1967 1880 2050; baseline 0.002 -19"><span class='ocrx_word' id='word_1_230' title='bbox 381 1967 562 2046; x_wconf 63' lang='lat' dir='ltr'><strong>Atque</strong></span> <span class='ocrx_word' id='word_1_231' title='bbox 616 1978 692 2030; x_wconf 87' lang='lat' dir='ltr'><strong>illi</strong></span> <span class='ocrx_word' id='word_1_232' title='bbox 747 1979 1012 2034; x_wconf 82' lang='lat' dir='ltr'><strong>ululatum</strong></span> <span class='ocrx_word' id='word_1_233' title='bbox 1075 1980 1353 2050; x_wconf 81' lang='lat' dir='ltr'><strong>ingentem</strong></span> <span class='ocrx_word' id='word_1_234' title='bbox 1416 1979 1680 2045; x_wconf 88' lang='lat' dir='ltr'><strong>edidere,</strong></span> <span class='ocrx_word' id='word_1_235' title='bbox 1735 1980 1880 2048; x_wconf 72' lang='lat' dir='ltr'><strong>piam</strong></span> 
     </span>
    </p>
   </div>
   <div class='ocr_carea' id='block_1_35' title="bbox 2109 1967 3608 2050">
    <p class='ocr_par' dir='ltr' id='par_1_35' title="bbox 2112 1972 3608 2048">
     <span class='ocr_line' id='line_1_35' title="bbox 2112 1972 3608 2048; baseline -0.003 -19"><span class='ocrx_word' id='word_1_236' title='bbox 2112 1979 2318 2031; x_wconf 81' lang='grc' dir='ltr'>ετίθετο</span> <span class='ocrx_word' id='word_1_237' title='bbox 2340 2020 2356 2044; x_wconf 92' lang='grc'><strong>,</strong></span> <span class='ocrx_word' id='word_1_238' title='bbox 2385 1978 2523 2034; x_wconf 80' lang='grc' dir='ltr'>ἀλλὰ</span> <span class='ocrx_word' id='word_1_239' title='bbox 2541 1977 2771 2042; x_wconf 74' lang='grc' dir='ltr'>πολλοὺς</span> <span class='ocrx_word' id='word_1_240' title='bbox 2811 1977 2913 2048; x_wconf 71' lang='grc' dir='ltr'>μὲν</span> <span class='ocrx_word' id='word_1_241' title='bbox 2941 1978 3050 2031; x_wconf 86' lang='grc' dir='ltr'>τῶν</span> <span class='ocrx_word' id='word_1_242' title='bbox 3109 1974 3426 2047; x_wconf 79' lang='grc' dir='ltr'>ἱερωμένων</span> <span class='ocrx_word' id='word_1_243' title='bbox 3477 1972 3608 2038; x_wconf 73' lang='grc' dir='ltr'>ἐξέω-</span> 
     </span>
    </p>
   </div>
   <div class='ocr_carea' id='block_1_36' title="bbox 386 2064 1885 2144">
    <p class='ocr_par' dir='ltr' id='par_1_36' title="bbox 386 2072 1885 2144">
     <span class='ocr_line' id='line_1_36' title="bbox 386 2072 1885 2144; baseline 0.002 -18"><span class='ocrx_word' id='word_1_244' title='bbox 386 2072 554 2142; x_wconf 81' lang='lat' dir='ltr'><strong>pilam</strong></span> <span class='ocrx_word' id='word_1_245' title='bbox 605 2074 870 2142; x_wconf 84' lang='lat' dir='ltr'><strong>repletam</strong></span> <span class='ocrx_word' id='word_1_246' title='bbox 929 2089 1050 2129; x_wconf 84' lang='lat' dir='ltr'><strong>esse</strong></span> <span class='ocrx_word' id='word_1_247' title='bbox 1105 2075 1333 2144; x_wconf 87' lang='lat' dir='ltr'><strong>opinati.</strong></span> <span class='ocrx_word' id='word_1_248' title='bbox 1389 2073 1593 2128; x_wconf 87' lang='lat' dir='ltr'><strong>Lucius</strong></span> <span class='ocrx_word' id='word_1_249' title='bbox 1652 2078 1885 2129; x_wconf 76' lang='lat' dir='ltr'><strong>clamore</strong></span> 
     </span>
    </p>
   </div>
   <div class='ocr_carea' id='block_1_37' title="bbox 2110 2064 3609 2144">
    <p class='ocr_par' dir='ltr' id='par_1_37' title="bbox 2110 2064 3609 2141">
     <span class='ocr_line' id='line_1_37' title="bbox 2110 2064 3609 2141; baseline -0.003 -20"><span class='ocrx_word' id='word_1_250' title='bbox 2110 2090 2148 2134; x_wconf 81' lang='grc' dir='ltr'><strong>ε,</strong></span> <span class='ocrx_word' id='word_1_251' title='bbox 2205 2071 2332 2134; x_wconf 85' lang='grc' dir='ltr'><strong>τούς</strong></span> <span class='ocrx_word' id='word_1_252' title='bbox 2389 2069 2653 2141; x_wconf 73' lang='grc' dir='ltr'>ἄρχοντας</span> <span class='ocrx_word' id='word_1_253' title='bbox 2702 2067 3052 2130; x_wconf 84' lang='grc' dir='ltr'>ἀναπεισθείς</span> <span class='ocrx_word' id='word_1_254' title='bbox 3085 2107 3100 2132; x_wconf 88' lang='grc'><strong>,</strong></span> <span class='ocrx_word' id='word_1_255' title='bbox 3145 2068 3275 2129; x_wconf 77' lang='grc' dir='ltr'>τοὺς</span> <span class='ocrx_word' id='word_1_256' title='bbox 3328 2065 3386 2118; x_wconf 77' lang='grc' dir='ltr'>δὲ</span> <span class='ocrx_word' id='word_1_257' title='bbox 3433 2064 3609 2136; x_wconf 74' lang='grc' dir='ltr'>σφόδρα</span> 
     </span>
    </p>
   </div>
   <div class='ocr_carea' id='block_1_38' title="bbox 383 2157 1882 2234">
    <p class='ocr_par' dir='ltr' id='par_1_38' title="bbox 383 2163 1878 2234">
     <span class='ocr_line' id='line_1_38' title="bbox 383 2163 1878 2234; baseline 0.003 -20"><span class='ocrx_word' id='word_1_258' title='bbox 383 2168 512 2215; x_wconf 76' lang='lat' dir='ltr'><strong>eum</strong></span> <span class='ocrx_word' id='word_1_259' title='bbox 546 2178 654 2215; x_wconf 90' lang='lat' dir='ltr'><strong>nou</strong></span> <span class='ocrx_word' id='word_1_260' title='bbox 685 2163 1017 2232; x_wconf 80' lang='lat' dir='ltr'><strong>intelligens,</strong></span> <span class='ocrx_word' id='word_1_261' title='bbox 1046 2174 1112 2218; x_wconf 81' lang='lat' dir='ltr'><strong>ex</strong></span> <span class='ocrx_word' id='word_1_262' title='bbox 1139 2163 1432 2218; x_wconf 84' lang='lat' dir='ltr'><strong>comitibus</strong></span> <span class='ocrx_word' id='word_1_263' title='bbox 1456 2163 1748 2226; x_wconf 86' lang='lat' dir='ltr'><strong>quemdam</strong></span> <span class='ocrx_word' id='word_1_264' title='bbox 1778 2181 1878 2234; x_wconf 89' lang='lat' dir='ltr'><strong>pau</strong></span> 
     </span>
    </p>
   </div>
   <div class='ocr_carea' id='block_1_39' title="bbox 2110 2157 3609 2234">
    <p class='ocr_par' dir='ltr' id='par_1_39' title="bbox 2110 2157 3609 2233">
     <span class='ocr_line' id='line_1_39' title="bbox 2110 2157 3609 2233; baseline -0.005 -17"><span class='ocrx_word' id='word_1_265' title='bbox 2110 2163 2460 2233; x_wconf 74' lang='grc' dir='ltr'>ντεχομένους</span> <span class='ocrx_word' id='word_1_266' title='bbox 2512 2165 2607 2218; x_wconf 76' lang='grc' dir='ltr'>καὶ</span> <span class='ocrx_word' id='word_1_267' title='bbox 2681 2162 2900 2233; x_wconf 81' lang='grc' dir='ltr'>μακρὰν</span> <span class='ocrx_word' id='word_1_268' title='bbox 2956 2161 3176 2232; x_wconf 71' lang='grc' dir='ltr'>ἧλασεν.</span> <span class='ocrx_word' id='word_1_269' title='bbox 3222 2157 3480 2210; x_wconf 83' lang='grc' dir='ltr'>Εὐόλκιον</span> <span class='ocrx_word' id='word_1_270' title='bbox 3521 2159 3609 2227; x_wconf 75' lang='grc' dir='ltr'><strong>γὰρ</strong></span> 
     </span>
    </p>
   </div>
   <div class='ocr_carea' id='block_1_40' title="bbox 383 2248 1882 2326">
    <p class='ocr_par' dir='ltr' id='par_1_40' title="bbox 383 2252 1882 2326">
     <span class='ocr_line' id='line_1_40' title="bbox 383 2252 1882 2326; baseline 0.002 -20"><span class='ocrx_word' id='word_1_271' title='bbox 383 2259 513 2322; x_wconf 79' lang='lat' dir='ltr'><strong>sper</strong></span> <span class='ocrx_word' id='word_1_272' title='bbox 539 2252 612 2308; x_wconf 90' lang='lat' dir='ltr'><strong>ibi</strong></span> <span class='ocrx_word' id='word_1_273' title='bbox 642 2261 888 2318; x_wconf 82' lang='lat' dir='ltr'><strong>manere,</strong></span> <span class='ocrx_word' id='word_1_274' title='bbox 907 2257 963 2309; x_wconf 85' lang='lat' dir='ltr'><strong>et</strong></span> <span class='ocrx_word' id='word_1_275' title='bbox 989 2270 1102 2308; x_wconf 90' lang='lat' dir='ltr'><strong>rem</strong></span> <span class='ocrx_word' id='word_1_276' title='bbox 1127 2256 1296 2324; x_wconf 83' lang='lat' dir='ltr'><strong>ipsam</strong></span> <span class='ocrx_word' id='word_1_277' title='bbox 1317 2257 1629 2326; x_wconf 88' lang='lat' dir='ltr'><strong>perspicere</strong></span> <span class='ocrx_word' id='word_1_278' title='bbox 1654 2256 1818 2326; x_wconf 82' lang='lat' dir='ltr'><strong>jussit</strong></span> <span class='ocrx_word' id='word_1_279' title='bbox 1845 2257 1882 2326; x_wconf 84' lang='lat' dir='ltr'><strong>(l</strong></span> 
     </span>
    </p>
   </div>
   <div class='ocr_carea' id='block_1_41' title="bbox 2111 2248 3610 2326">
    <p class='ocr_par' dir='ltr' id='par_1_41' title="bbox 2111 2248 3610 2324">
     <span class='ocr_line' id='line_1_41' title="bbox 2111 2248 3610 2324; baseline -0.005 -16"><span class='ocrx_word' id='word_1_280' title='bbox 2111 2259 2274 2316; x_wconf 73' lang='grc' dir='ltr'>ιείνον</span> <span class='ocrx_word' id='word_1_281' title='bbox 2311 2254 2591 2317; x_wconf 79' lang='grc' dir='ltr'>διακονίας</span> <span class='ocrx_word' id='word_1_282' title='bbox 2621 2254 2945 2324; x_wconf 76' lang='grc' dir='ltr'>ἠξιωμένον,</span> <span class='ocrx_word' id='word_1_283' title='bbox 2996 2255 3078 2315; x_wconf 75' lang='grc' dir='ltr'><strong>τίς</strong></span> <span class='ocrx_word' id='word_1_284' title='bbox 3111 2253 3307 2305; x_wconf 86' lang='grc' dir='ltr'>Ὄασιν</span> <span class='ocrx_word' id='word_1_285' title='bbox 3345 2248 3610 2302; x_wconf 77' lang='grc' dir='ltr'>κατεδίκα-</span> 
     </span>
    </p>
   </div>
   <div class='ocr_carea' id='block_1_42' title="bbox 389 2337 1888 2417">
    <p class='ocr_par' dir='ltr' id='par_1_42' title="bbox 389 2337 1888 2417">
     <span class='ocr_line' id='line_1_42' title="bbox 389 2337 1888 2417; baseline 0.003 -19"><span class='ocrx_word' id='word_1_286' title='bbox 389 2337 455 2398; x_wconf 77' lang='lat' dir='ltr'><strong>Et</strong></span> <span class='ocrx_word' id='word_1_287' title='bbox 487 2349 617 2400; x_wconf 74' lang='lat' dir='ltr'><strong>ecce</strong></span> <span class='ocrx_word' id='word_1_288' title='bbox 665 2347 819 2414; x_wconf 80' lang='lat' dir='ltr'><strong>piterl</strong></span> <span class='ocrx_word' id='word_1_289' title='bbox 869 2362 964 2415; x_wconf 86' lang='lat' dir='ltr'><strong>per</strong></span> <span class='ocrx_word' id='word_1_290' title='bbox 1008 2362 1300 2401; x_wconf 90' lang='lat' dir='ltr'><strong>accensum</strong></span> <span class='ocrx_word' id='word_1_291' title='bbox 1347 2349 1560 2417; x_wconf 85' lang='lat' dir='ltr'><strong>ignem,</strong></span> <span class='ocrx_word' id='word_1_292' title='bbox 1606 2349 1842 2404; x_wconf 90' lang='lat' dir='ltr'><strong>lustrare</strong></span> <span class='ocrx_word' id='word_1_293' title='bbox 1882 2350 1888 2402; x_wconf 93' lang='lat' dir='ltr'><strong>i</strong></span> 
     </span>
    </p>
   </div>
   <div class='ocr_carea' id='block_1_43' title="bbox 2112 2337 3611 2417">
    <p class='ocr_par' dir='ltr' id='par_1_43' title="bbox 2112 2343 3611 2416">
     <span class='ocr_line' id='line_1_43' title="bbox 2112 2343 3611 2416; baseline -0.003 -19"><span class='ocrx_word' id='word_1_294' title='bbox 2112 2367 2179 2402; x_wconf 81' lang='grc' dir='ltr'>εν.</span> <span class='ocrx_word' id='word_1_295' title='bbox 2215 2346 2490 2415; x_wconf 83' lang='grc' dir='ltr'>Ἀντίοχον</span> <span class='ocrx_word' id='word_1_296' title='bbox 2523 2346 2579 2399; x_wconf 66' lang='grc' dir='ltr'>δὲ</span> <span class='ocrx_word' id='word_1_297' title='bbox 2633 2345 3011 2416; x_wconf 78' lang='grc' dir='ltr'>πρεσϐυτέρου</span> <span class='ocrx_word' id='word_1_298' title='bbox 3062 2343 3334 2410; x_wconf 85' lang='grc' dir='ltr'>καθέδρας</span> <span class='ocrx_word' id='word_1_299' title='bbox 3372 2357 3611 2410; x_wconf 80' lang='grc' dir='ltr'>μετεσχη-</span> 
     </span>
    </p>
   </div>
   <div class='ocr_carea' id='block_1_44' title="bbox 381 2432 1880 2510">
    <p class='ocr_par' dir='ltr' id='par_1_44' title="bbox 381 2436 1880 2510">
     <span class='ocr_line' id='line_1_44' title="bbox 381 2436 1880 2510; baseline 0.004 -22"><span class='ocrx_word' id='word_1_300' title='bbox 381 2436 663 2504; x_wconf 67' lang='lat' dir='ltr'><strong>piil&#39;culum</strong></span> <span class='ocrx_word' id='word_1_301' title='bbox 713 2439 993 2501; x_wconf 81' lang='lat' dir='ltr'><strong>volentes,</strong></span> <span class='ocrx_word' id='word_1_302' title='bbox 1047 2439 1210 2508; x_wconf 88' lang='lat' dir='ltr'><strong>pilam</strong></span> <span class='ocrx_word' id='word_1_303' title='bbox 1254 2441 1530 2510; x_wconf 82' lang='lat' dir='ltr'><strong>jccerunt.</strong></span> <span class='ocrx_word' id='word_1_304' title='bbox 1585 2440 1800 2495; x_wconf 86' lang='lat' dir='ltr'><strong>Puerile</strong></span> <span class='ocrx_word' id='word_1_305' title='bbox 1849 2440 1880 2494; x_wconf 89' lang='lat' dir='ltr'><strong>b</strong></span> 
     </span>
    </p>
   </div>
   <div class='ocr_carea' id='block_1_45' title="bbox 2113 2432 3612 2510">
    <p class='ocr_par' dir='ltr' id='par_1_45' title="bbox 2113 2432 3612 2507">
     <span class='ocr_line' id='line_1_45' title="bbox 2113 2432 3612 2507; baseline -0.004 -17"><span class='ocrx_word' id='word_1_306' title='bbox 2113 2439 2216 2502; x_wconf 70' lang='lat' dir='ltr'><strong>ita,</strong></span> <span class='ocrx_word' id='word_1_307' title='bbox 2240 2439 2334 2491; x_wconf 75' lang='grc' dir='ltr'>καὶ</span> <span class='ocrx_word' id='word_1_308' title='bbox 2363 2439 2658 2507; x_wconf 79' lang='grc' dir='ltr'>συγγενείᾳ</span> <span class='ocrx_word' id='word_1_309' title='bbox 2686 2435 2780 2489; x_wconf 79' lang='grc' dir='ltr'>τοῦ</span> <span class='ocrx_word' id='word_1_310' title='bbox 2809 2436 3050 2505; x_wconf 86' lang='grc' dir='ltr'>μεγάλου</span> <span class='ocrx_word' id='word_1_311' title='bbox 3108 2433 3375 2487; x_wconf 85' lang='grc' dir='ltr'>Εὐσεϐίου</span> <span class='ocrx_word' id='word_1_312' title='bbox 3407 2432 3612 2499; x_wconf 83' lang='grc' dir='ltr'>κοσμού-</span> 
     </span>
    </p>
   </div>
   <div class='ocr_carea' id='block_1_46' title="bbox 383 2524 1882 2602">
    <p class='ocr_par' dir='ltr' id='par_1_46' title="bbox 383 2527 1882 2602">
     <span class='ocr_line' id='line_1_46' title="bbox 383 2527 1882 2602; baseline 0.005 -24"><span class='ocrx_word' id='word_1_313' title='bbox 383 2527 606 2595; x_wconf 80' lang='lat' dir='ltr'><strong>quidem</strong></span> <span class='ocrx_word' id='word_1_314' title='bbox 655 2528 893 2583; x_wconf 78' lang='lat' dir='ltr'><strong>fortasse</strong></span> <span class='ocrx_word' id='word_1_315' title='bbox 915 2571 930 2596; x_wconf 86' lang='lat'><strong>,</strong></span> <span class='ocrx_word' id='word_1_316' title='bbox 957 2531 1091 2583; x_wconf 80' lang='lat' dir='ltr'><strong>satis</strong></span> <span class='ocrx_word' id='word_1_317' title='bbox 1123 2539 1305 2585; x_wconf 87' lang='lat' dir='ltr'><strong>tamen</strong></span> <span class='ocrx_word' id='word_1_318' title='bbox 1339 2532 1598 2586; x_wconf 88' lang='lat' dir='ltr'><strong>idoneum</strong></span> <span class='ocrx_word' id='word_1_319' title='bbox 1619 2572 1634 2594; x_wconf 90' lang='lat'><strong>,</strong></span> <span class='ocrx_word' id='word_1_320' title='bbox 1677 2533 1824 2602; x_wconf 91' lang='lat' dir='ltr'><strong>quod</strong></span> <span class='ocrx_word' id='word_1_321' title='bbox 1854 2532 1882 2586; x_wconf 92' lang='lat' dir='ltr'><strong>d</strong></span> 
     </span>
    </p>
   </div>
   <div class='ocr_carea' id='block_1_47' title="bbox 2113 2524 3612 2602">
    <p class='ocr_par' dir='ltr' id='par_1_47' title="bbox 2113 2524 3612 2600">
     <span class='ocr_line' id='line_1_47' title="bbox 2113 2524 3612 2600; baseline 0.001 -22"><span class='ocrx_word' id='word_1_322' title='bbox 2113 2547 2226 2582; x_wconf 81' lang='grc' dir='ltr'>ενον</span> <span class='ocrx_word' id='word_1_323' title='bbox 2253 2528 2592 2598; x_wconf 67' lang='grc' dir='ltr'>(ἀδελφιδοῦς</span> <span class='ocrx_word' id='word_1_324' title='bbox 2626 2529 2737 2599; x_wconf 72' lang='grc' dir='ltr'><strong>γὰρ</strong></span> <span class='ocrx_word' id='word_1_325' title='bbox 2791 2525 2859 2600; x_wconf 81' lang='grc' dir='ltr'>ἦν</span> <span class='ocrx_word' id='word_1_326' title='bbox 2891 2528 3124 2593; x_wconf 72' lang='grc' dir='ltr'>ἐκείνου,</span> <span class='ocrx_word' id='word_1_327' title='bbox 3159 2527 3378 2588; x_wconf 80' lang='grc' dir='ltr'>πολλοῖς</span> <span class='ocrx_word' id='word_1_328' title='bbox 3420 2524 3612 2593; x_wconf 65' lang='grc' dir='ltr'>διαλάμ-</span> 
     </span>
    </p>
   </div>
   <div class='ocr_carea' id='block_1_48' title="bbox 385 2615 1884 2695">
    <p class='ocr_par' dir='ltr' id='par_1_48' title="bbox 385 2624 1884 2689">
     <span class='ocr_line' id='line_1_48' title="bbox 385 2624 1884 2689; baseline 0.004 -17"><span class='ocrx_word' id='word_1_329' title='bbox 385 2631 692 2683; x_wconf 78' lang='lat' dir='ltr'><strong>tuonStret,</strong></span> <span class='ocrx_word' id='word_1_330' title='bbox 742 2637 904 2689; x_wconf 88' lang='lat' dir='ltr'><strong>quam</strong></span> <span class='ocrx_word' id='word_1_331' title='bbox 938 2632 1198 2676; x_wconf 81' lang='lat' dir='ltr'><strong>constans</strong></span> <span class='ocrx_word' id='word_1_332' title='bbox 1243 2624 1436 2678; x_wconf 83' lang='lat' dir='ltr'><strong>civitas</strong></span> <span class='ocrx_word' id='word_1_333' title='bbox 1483 2640 1548 2678; x_wconf 86' lang='lat' dir='ltr'><strong>ea</strong></span> <span class='ocrx_word' id='word_1_334' title='bbox 1595 2625 1782 2678; x_wconf 90' lang='lat' dir='ltr'><strong>odium</strong></span> <span class='ocrx_word' id='word_1_335' title='bbox 1827 2641 1884 2680; x_wconf 85' lang='lat' dir='ltr'><strong>er</strong></span> 
     </span>
    </p>
   </div>
   <div class='ocr_carea' id='block_1_49' title="bbox 2114 2615 3613 2695">
    <p class='ocr_par' dir='ltr' id='par_1_49' title="bbox 2114 2615 3613 2690">
     <span class='ocr_line' id='line_1_49' title="bbox 2114 2615 3613 2690; baseline -0.005 -19"><span class='ocrx_word' id='word_1_336' title='bbox 2114 2638 2178 2672; x_wconf 72' lang='grc' dir='ltr'><strong>ιον</strong></span> <span class='ocrx_word' id='word_1_337' title='bbox 2204 2623 2315 2682; x_wconf 81' lang='grc' dir='ltr'>τοῖς</span> <span class='ocrx_word' id='word_1_338' title='bbox 2348 2618 2815 2690; x_wconf 72' lang='grc' dir='ltr'>προτερήμασιν),</span> <span class='ocrx_word' id='word_1_339' title='bbox 2848 2618 2927 2682; x_wconf 81' lang='grc' dir='ltr'>εἷς</span> <span class='ocrx_word' id='word_1_340' title='bbox 2993 2634 3116 2670; x_wconf 80' lang='grc' dir='ltr'>τινα</span> <span class='ocrx_word' id='word_1_341' title='bbox 3172 2617 3270 2684; x_wconf 83' lang='grc' dir='ltr'>τῆς</span> <span class='ocrx_word' id='word_1_342' title='bbox 3341 2615 3613 2684; x_wconf 79' lang='grc' dir='ltr'>’Δρμενίας</span> 
     </span>
    </p>
   </div>
   <div class='ocr_carea' id='block_1_50' title="bbox 382 2705 1881 2784">
    <p class='ocr_par' dir='ltr' id='par_1_50' title="bbox 382 2711 1881 2784">
     <span class='ocr_line' id='line_1_50' title="bbox 382 2711 1881 2784; baseline 0.005 -24"><span class='ocrx_word' id='word_1_343' title='bbox 382 2726 478 2762; x_wconf 70' lang='grc' dir='ltr'>νος</span> <span class='ocrx_word' id='word_1_344' title='bbox 513 2711 806 2772; x_wconf 85' lang='lat' dir='ltr'><strong>habuerit,</strong></span> <span class='ocrx_word' id='word_1_345' title='bbox 844 2713 937 2781; x_wconf 88' lang='lat' dir='ltr'><strong>qui</strong></span> <span class='ocrx_word' id='word_1_346' title='bbox 980 2712 1103 2766; x_wconf 65' lang='lat' dir='ltr'><strong>lii-lei</strong></span> <span class='ocrx_word' id='word_1_347' title='bbox 1139 2713 1448 2766; x_wconf 85' lang='lat' dir='ltr'><strong>doctrinam</strong></span> <span class='ocrx_word' id='word_1_348' title='bbox 1496 2713 1796 2784; x_wconf 83' lang='lat' dir='ltr'><strong>depravare</strong></span> <span class='ocrx_word' id='word_1_349' title='bbox 1831 2730 1881 2768; x_wconf 87' lang='lat' dir='ltr'><strong>at</strong></span> 
     </span>
    </p>
   </div>
   <div class='ocr_carea' id='block_1_51' title="bbox 2113 2705 3612 2784">
    <p class='ocr_par' dir='ltr' id='par_1_51' title="bbox 2113 2705 3612 2781">
     <span class='ocr_line' id='line_1_51' title="bbox 2113 2705 3612 2781; baseline -0.003 -19"><span class='ocrx_word' id='word_1_350' title='bbox 2113 2715 2319 2781; x_wconf 66' lang='grc' dir='ltr'>εχατιαν</span> <span class='ocrx_word' id='word_1_351' title='bbox 2351 2712 2728 2776; x_wconf 77' lang='grc' dir='ltr'>κατεδίκαζεν.</span> <span class='ocrx_word' id='word_1_352' title='bbox 2800 2713 2889 2774; x_wconf 83' lang='grc' dir='ltr'>Ὠς</span> <span class='ocrx_word' id='word_1_353' title='bbox 2957 2711 3014 2764; x_wconf 88' lang='grc' dir='ltr'>δὲ</span> <span class='ocrx_word' id='word_1_354' title='bbox 3067 2711 3096 2762; x_wconf 82' lang='grc' dir='ltr'>ὁ</span> <span class='ocrx_word' id='word_1_355' title='bbox 3172 2709 3316 2772; x_wconf 85' lang='grc' dir='ltr'><strong>Οείος</strong></span> <span class='ocrx_word' id='word_1_356' title='bbox 3383 2705 3612 2768; x_wconf 80' lang='grc' dir='ltr'>Εὐσέϐιος</span> 
     </span>
    </p>
   </div>
   <div class='ocr_carea' id='block_1_52' title="bbox 385 2800 1884 2878">
    <p class='ocr_par' dir='ltr' id='par_1_52' title="bbox 385 2803 1884 2876">
     <span class='ocr_line' id='line_1_52' title="bbox 385 2803 1884 2876; baseline 0.004 -22"><span class='ocrx_word' id='word_1_357' title='bbox 385 2806 637 2860; x_wconf 83' lang='lat' dir='ltr'><strong>Inisseut.</strong></span> <span class='ocrx_word' id='word_1_358' title='bbox 677 2803 834 2873; x_wconf 66' lang='grc'><strong>142</strong></span> <span class='ocrx_word' id='word_1_359' title='bbox 876 2803 1133 2858; x_wconf 82' lang='lat' dir='ltr'><strong>Sedenim</strong></span> <span class='ocrx_word' id='word_1_360' title='bbox 1179 2804 1388 2859; x_wconf 85' lang='lat' dir='ltr'><strong>Lucius</strong></span> <span class='ocrx_word' id='word_1_361' title='bbox 1436 2821 1545 2858; x_wconf 91' lang='lat' dir='ltr'><strong>non</strong></span> <span class='ocrx_word' id='word_1_362' title='bbox 1581 2822 1647 2860; x_wconf 80' lang='lat' dir='ltr'><strong>eo</strong></span> <span class='ocrx_word' id='word_1_363' title='bbox 1701 2821 1811 2876; x_wconf 90' lang='lat' dir='ltr'><strong>quo</strong></span> <span class='ocrx_word' id='word_1_364' title='bbox 1847 2806 1884 2859; x_wconf 85' lang='lat' dir='ltr'>E</span> 
     </span>
    </p>
   </div>
   <div class='ocr_carea' id='block_1_53' title="bbox 2139 2800 3638 2878">
    <p class='ocr_par' dir='ltr' id='par_1_53' title="bbox 2140 2800 3638 2876">
     <span class='ocr_line' id='line_1_53' title="bbox 2140 2800 3638 2876; baseline -0.005 -18"><span class='ocrx_word' id='word_1_365' title='bbox 2140 2810 2204 2858; x_wconf 73' lang='grc' dir='ltr'>τὰ</span> <span class='ocrx_word' id='word_1_366' title='bbox 2233 2805 2463 2869; x_wconf 81' lang='grc' dir='ltr'>πολλοὺς</span> <span class='ocrx_word' id='word_1_367' title='bbox 2503 2807 2630 2869; x_wconf 79' lang='grc' dir='ltr'>τοὺς</span> <span class='ocrx_word' id='word_1_368' title='bbox 2667 2805 2811 2876; x_wconf 79' lang='grc' dir='ltr'>ὑπὲρ</span> <span class='ocrx_word' id='word_1_369' title='bbox 2853 2805 3140 2866; x_wconf 82' lang='grc' dir='ltr'>εὐσεϐείας</span> <span class='ocrx_word' id='word_1_370' title='bbox 3184 2802 3426 2871; x_wconf 83' lang='grc' dir='ltr'>ἀγῶνας,</span> <span class='ocrx_word' id='word_1_371' title='bbox 3485 2800 3638 2858; x_wconf 75' lang='grc' dir='ltr'>τέλος</span> 
     </span>
    </p>
   </div>
   <div class='ocr_carea' id='block_1_54' title="bbox 392 2892 1891 2968">
    <p class='ocr_par' dir='ltr' id='par_1_54' title="bbox 392 2896 1891 2968">
     <span class='ocr_line' id='line_1_54' title="bbox 392 2896 1891 2968; baseline 0.002 -21"><span class='ocrx_word' id='word_1_372' title='bbox 392 2896 626 2960; x_wconf 86' lang='lat' dir='ltr'><strong>uomins,</strong></span> <span class='ocrx_word' id='word_1_373' title='bbox 661 2897 766 2950; x_wconf 81' lang='lat' dir='ltr'><strong>fuit</strong></span> <span class='ocrx_word' id='word_1_374' title='bbox 795 2899 1001 2951; x_wconf 83' lang='lat' dir='ltr'><strong>animo.</strong></span> <span class='ocrx_word' id='word_1_375' title='bbox 1046 2898 1244 2952; x_wconf 75' lang='lat' dir='ltr'><strong>Verum</strong></span> <span class='ocrx_word' id='word_1_376' title='bbox 1279 2899 1631 2952; x_wconf 81' lang='lat' dir='ltr'><strong>suasionibus</strong></span> <span class='ocrx_word' id='word_1_377' title='bbox 1665 2901 1780 2954; x_wconf 83' lang='lat' dir='ltr'><strong>suis</strong></span> <span class='ocrx_word' id='word_1_378' title='bbox 1810 2915 1891 2968; x_wconf 78' lang='lat' dir='ltr'><strong>apt</strong></span> 
     </span>
    </p>
   </div>
   <div class='ocr_carea' id='block_1_55' title="bbox 2113 2892 3612 2968">
    <p class='ocr_par' dir='ltr' id='par_1_55' title="bbox 2113 2892 3612 2967">
     <span class='ocr_line' id='line_1_55' title="bbox 2113 2892 3612 2967; baseline -0.006 -17"><span class='ocrx_word' id='word_1_379' title='bbox 2113 2902 2154 2950; x_wconf 76' lang='grc' dir='ltr'>ιὶ</span> <span class='ocrx_word' id='word_1_380' title='bbox 2185 2899 2274 2951; x_wconf 60' lang='grc' dir='ltr'><strong>τὸν</strong></span> <span class='ocrx_word' id='word_1_381' title='bbox 2307 2897 2404 2950; x_wconf 75' lang='grc' dir='ltr'>τοῦ</span> <span class='ocrx_word' id='word_1_382' title='bbox 2467 2897 2778 2967; x_wconf 87' lang='grc' dir='ltr'>μαρτυρίου</span> <span class='ocrx_word' id='word_1_383' title='bbox 2837 2895 3188 2964; x_wconf 84' lang='grc' dir='ltr'>ἀνελάμϐανε</span> <span class='ocrx_word' id='word_1_384' title='bbox 3231 2893 3510 2962; x_wconf 68' lang='grc' dir='ltr'>στέφανον,</span> <span class='ocrx_word' id='word_1_385' title='bbox 3549 2892 3612 2950; x_wconf 80' lang='grc' dir='ltr'><strong>εἰς</strong></span> 
     </span>
    </p>
   </div>
   <div class='ocr_carea' id='block_1_56' title="bbox 393 2984 1892 3060">
    <p class='ocr_par' dir='ltr' id='par_1_56' title="bbox 393 2989 1892 3060">
     <span class='ocr_line' id='line_1_56' title="bbox 393 2989 1892 3060; baseline 0.001 -18"><span class='ocrx_word' id='word_1_386' title='bbox 393 2990 743 3060; x_wconf 79' lang='lat' dir='ltr'><strong>magistratus</strong></span> <span class='ocrx_word' id='word_1_387' title='bbox 779 3000 987 3044; x_wconf 87' lang='lat' dir='ltr'><strong>tantum</strong></span> <span class='ocrx_word' id='word_1_388' title='bbox 1019 2989 1218 3055; x_wconf 70' lang='lat' dir='ltr'><strong>ellecit,</strong></span> <span class='ocrx_word' id='word_1_389' title='bbox 1249 3001 1308 3044; x_wconf 88' lang='lat' dir='ltr'><strong>ut</strong></span> <span class='ocrx_word' id='word_1_390' title='bbox 1342 3008 1370 3045; x_wconf 87' lang='lat' dir='ltr'><strong>e</strong></span> <span class='ocrx_word' id='word_1_391' title='bbox 1403 3007 1560 3046; x_wconf 87' lang='lat' dir='ltr'><strong>sacro</strong></span> <span class='ocrx_word' id='word_1_392' title='bbox 1595 2992 1786 3046; x_wconf 91' lang='lat' dir='ltr'><strong>ordine</strong></span> <span class='ocrx_word' id='word_1_393' title='bbox 1819 3007 1892 3044; x_wconf 86' lang='lat' dir='ltr'><strong>nn</strong></span> 
     </span>
    </p>
   </div>
   <div class='ocr_carea' id='block_1_57' title="bbox 2110 2984 3609 3060">
    <p class='ocr_par' dir='ltr' id='par_1_57' title="bbox 2110 2984 3609 3058">
     <span class='ocr_line' id='line_1_57' title="bbox 2110 2984 3609 3058; baseline -0.005 -18"><span class='ocrx_word' id='word_1_394' title='bbox 2110 2990 2226 3041; x_wconf 78' lang='grc' dir='ltr'>ιυτὸ</span> <span class='ocrx_word' id='word_1_395' title='bbox 2259 2993 2292 3058; x_wconf 80' lang='grc' dir='ltr'>ὴ</span> <span class='ocrx_word' id='word_1_396' title='bbox 2327 2989 2420 3042; x_wconf 79' lang='grc' dir='ltr'>τοῦ</span> <span class='ocrx_word' id='word_1_397' title='bbox 2449 2987 2636 3052; x_wconf 72' lang='grc' dir='ltr'>ἔθνους</span> <span class='ocrx_word' id='word_1_398' title='bbox 2673 2987 2893 3049; x_wconf 83' lang='grc' dir='ltr'>σύνοδος</span> <span class='ocrx_word' id='word_1_399' title='bbox 2963 2984 3322 3048; x_wconf 75' lang='grc' dir='ltr'>συνελθοῦσα,</span> <span class='ocrx_word' id='word_1_400' title='bbox 3377 2984 3609 3052; x_wconf 74' lang='grc' dir='ltr'>παρόντος</span> 
     </span>
    </p>
   </div>
   <div class='ocr_carea' id='block_1_58' title="bbox 391 3071 1890 3154">
    <p class='ocr_par' dir='ltr' id='par_1_58' title="bbox 391 3077 1885 3154">
     <span class='ocr_line' id='line_1_58' title="bbox 391 3077 1885 3154; baseline 0.004 -22"><span class='ocrx_word' id='word_1_401' title='bbox 391 3091 476 3134; x_wconf 77' lang='lat' dir='ltr'><strong>tos</strong></span> <span class='ocrx_word' id='word_1_402' title='bbox 504 3083 728 3149; x_wconf 84' lang='lat' dir='ltr'><strong>quidem</strong></span> <span class='ocrx_word' id='word_1_403' title='bbox 763 3083 897 3136; x_wconf 89' lang='lat' dir='ltr'><strong>urbe</strong></span> <span class='ocrx_word' id='word_1_404' title='bbox 922 3084 1205 3154; x_wconf 76' lang='lat' dir='ltr'><strong>exigerent</strong></span> <span class='ocrx_word' id='word_1_405' title='bbox 1237 3103 1250 3138; x_wconf 87' lang='lat'>:</span> <span class='ocrx_word' id='word_1_406' title='bbox 1287 3084 1380 3153; x_wconf 85' lang='lat' dir='ltr'><strong>qui</strong></span> <span class='ocrx_word' id='word_1_407' title='bbox 1416 3099 1547 3138; x_wconf 81' lang='lat' dir='ltr'><strong>vero</strong></span> <span class='ocrx_word' id='word_1_408' title='bbox 1576 3083 1628 3138; x_wconf 88' lang='lat' dir='ltr'><strong>ei</strong></span> <span class='ocrx_word' id='word_1_409' title='bbox 1659 3077 1885 3138; x_wconf 84' lang='lat' dir='ltr'><strong>veheme</strong></span> 
     </span>
    </p>
   </div>
   <div class='ocr_carea' id='block_1_59' title="bbox 2112 3071 3611 3154">
    <p class='ocr_par' dir='ltr' id='par_1_59' title="bbox 2112 3071 3611 3150">
     <span class='ocr_line' id='line_1_59' title="bbox 2112 3071 3611 3150; baseline -0.005 -17"><span class='ocrx_word' id='word_1_410' title='bbox 2112 3084 2155 3134; x_wconf 69' lang='lat' dir='ltr'><strong>1i.</strong></span> <span class='ocrx_word' id='word_1_411' title='bbox 2183 3082 2440 3135; x_wconf 83' lang='grc' dir='ltr'>Ἰοϐιανού</span> <span class='ocrx_word' id='word_1_412' title='bbox 2477 3098 2490 3111; x_wconf 77' lang='grc'><strong>’</strong></span> <span class='ocrx_word' id='word_1_413' title='bbox 2517 3080 2734 3150; x_wconf 74' lang='grc' dir='ltr'>Πέργης</span> <span class='ocrx_word' id='word_1_414' title='bbox 2765 3079 2811 3131; x_wconf 83' lang='grc' dir='ltr'>δ’</span> <span class='ocrx_word' id='word_1_415' title='bbox 2870 3073 3025 3141; x_wconf 75' lang='grc' dir='ltr'>οὗτος</span> <span class='ocrx_word' id='word_1_416' title='bbox 3080 3079 3384 3140; x_wconf 76' lang='grc' dir='ltr'>ἐπίσκοπος</span> <span class='ocrx_word' id='word_1_417' title='bbox 3428 3071 3512 3146; x_wconf 78' lang='grc' dir='ltr'>ἦν,</span> <span class='ocrx_word' id='word_1_418' title='bbox 3564 3074 3611 3135; x_wconf 77' lang='grc' dir='ltr'>ὃς</span> 
     </span>
    </p>
   </div>
   <div class='ocr_carea' id='block_1_60' title="bbox 395 3167 1894 3272">
    <p class='ocr_par' dir='ltr' id='par_1_60' title="bbox 395 3174 1894 3246">
     <span class='ocr_line' id='line_1_60' title="bbox 395 3174 1894 3246; baseline 0.003 -20"><span class='ocrx_word' id='word_1_419' title='bbox 395 3175 502 3226; x_wconf 89' lang='lat' dir='ltr'><strong>tius</strong></span> <span class='ocrx_word' id='word_1_420' title='bbox 529 3191 552 3226; x_wconf 87' lang='lat' dir='ltr'><strong>r</strong></span> <span class='ocrx_word' id='word_1_421' title='bbox 588 3174 870 3239; x_wconf 80' lang='lat' dir='ltr'><strong>sisterent,</strong></span> <span class='ocrx_word' id='word_1_422' title='bbox 897 3175 1117 3245; x_wconf 85' lang='lat' dir='ltr'><strong>longius</strong></span> <span class='ocrx_word' id='word_1_423' title='bbox 1139 3178 1303 3230; x_wconf 91' lang='lat' dir='ltr'><strong>etiam</strong></span> <span class='ocrx_word' id='word_1_424' title='bbox 1336 3175 1644 3246; x_wconf 77' lang='lat' dir='ltr'><strong>abige&#39;rent.</strong></span> <span class='ocrx_word' id='word_1_425' title='bbox 1678 3176 1769 3232; x_wconf 86' lang='lat' dir='ltr'><strong>Sic</strong></span> <span class='ocrx_word' id='word_1_426' title='bbox 1797 3176 1894 3230; x_wconf 83' lang='grc' dir='ltr'><strong>Ενι</strong></span> 
     </span>
    </p>
   </div>
   <div class='ocr_carea' id='block_1_61' title="bbox 2109 3167 3608 3272">
    <p class='ocr_par' dir='ltr' id='par_1_61' title="bbox 2109 3167 3608 3246">
     <span class='ocr_line' id='line_1_61' title="bbox 2109 3167 3608 3246; baseline -0.007 -17"><span class='ocrx_word' id='word_1_427' title='bbox 2109 3175 2152 3229; x_wconf 67' lang='grc' dir='ltr'>τ’</span> <span class='ocrx_word' id='word_1_428' title='bbox 2209 3175 2390 3243; x_wconf 79' lang='grc' dir='ltr'>ὀλίγον</span> <span class='ocrx_word' id='word_1_429' title='bbox 2435 3176 2532 3246; x_wconf 87' lang='grc' dir='ltr'><strong>τῆς</strong></span> <span class='ocrx_word' id='word_1_430' title='bbox 2595 3174 2948 3245; x_wconf 80' lang='grc' dir='ltr'>Ἀρειανικῆς</span> <span class='ocrx_word' id='word_1_431' title='bbox 2999 3171 3234 3241; x_wconf 81' lang='grc' dir='ltr'>μετέσχε</span> <span class='ocrx_word' id='word_1_432' title='bbox 3297 3167 3608 3241; x_wconf 84' lang='grc' dir='ltr'>θρησκείας·</span> 
     </span>
    </p>
   </div>
   <div class='ocr_carea' id='block_1_62' title="bbox 386 3259 1885 3337">
    <p class='ocr_par' dir='ltr' id='par_1_62' title="bbox 386 3267 1885 3337">
     <span class='ocr_line' id='line_1_62' title="bbox 386 3267 1885 3337; baseline 0.003 -20"><span class='ocrx_word' id='word_1_433' title='bbox 386 3270 505 3320; x_wconf 80' lang='lat' dir='ltr'><strong>cius</strong></span> <span class='ocrx_word' id='word_1_434' title='bbox 551 3267 642 3320; x_wconf 88' lang='lat' dir='ltr'><strong>ille</strong></span> <span class='ocrx_word' id='word_1_435' title='bbox 686 3268 955 3322; x_wconf 87' lang='lat' dir='ltr'><strong>diaconus</strong></span> <span class='ocrx_word' id='word_1_436' title='bbox 1002 3267 1189 3323; x_wconf 88' lang='lat' dir='ltr'><strong>Oasim</strong></span> <span class='ocrx_word' id='word_1_437' title='bbox 1243 3268 1607 3337; x_wconf 87' lang='lat' dir='ltr'><strong>deportatus:</strong></span> <span class='ocrx_word' id='word_1_438' title='bbox 1655 3269 1885 3322; x_wconf 80' lang='lat' dir='ltr'><strong>Antioch</strong></span> 
     </span>
    </p>
   </div>
   <div class='ocr_carea' id='block_1_63' title="bbox 2112 3259 3611 3337">
    <p class='ocr_par' dir='ltr' id='par_1_63' title="bbox 2112 3259 3611 3337">
     <span class='ocr_line' id='line_1_63' title="bbox 2112 3259 3611 3337; baseline -0.008 -15"><span class='ocrx_word' id='word_1_439' title='bbox 2112 3271 2150 3322; x_wconf 74' lang='lat' dir='ltr'><strong>ti</strong></span> <span class='ocrx_word' id='word_1_440' title='bbox 2182 3268 2273 3322; x_wconf 77' lang='grc' dir='ltr'><strong>τὸν</strong></span> <span class='ocrx_word' id='word_1_441' title='bbox 2314 3267 2589 3337; x_wconf 80' lang='grc' dir='ltr'>Ἀντίοχον</span> <span class='ocrx_word' id='word_1_442' title='bbox 2620 3265 3017 3336; x_wconf 78' lang='grc' dir='ltr'>ψηφιζομένων</span> <span class='ocrx_word' id='word_1_443' title='bbox 3067 3265 3148 3327; x_wconf 87' lang='grc' dir='ltr'><strong>είς</strong></span> <span class='ocrx_word' id='word_1_444' title='bbox 3173 3262 3274 3334; x_wconf 79' lang='grc' dir='ltr'>τὴν</span> <span class='ocrx_word' id='word_1_445' title='bbox 3340 3259 3431 3313; x_wconf 81' lang='grc' dir='ltr'>τοῦ</span> <span class='ocrx_word' id='word_1_446' title='bbox 3488 3259 3611 3312; x_wconf 78' lang='grc' dir='ltr'>θείου</span> 
     </span>
    </p>
   </div>
   <div class='ocr_carea' id='block_1_64' title="bbox 386 3351 1885 3433">
    <p class='ocr_par' dir='ltr' id='par_1_64' title="bbox 386 3359 1885 3430">
     <span class='ocr_line' id='line_1_64' title="bbox 386 3359 1885 3430; baseline 0.003 -20"><span class='ocrx_word' id='word_1_447' title='bbox 386 3368 568 3412; x_wconf 61' lang='lat' dir='ltr'><strong>alitem</strong></span> <span class='ocrx_word' id='word_1_448' title='bbox 625 3360 954 3428; x_wconf 86' lang='lat' dir='ltr'><strong>presbyter,</strong></span> <span class='ocrx_word' id='word_1_449' title='bbox 1005 3369 1061 3413; x_wconf 85' lang='lat' dir='ltr'><strong>et</strong></span> <span class='ocrx_word' id='word_1_450' title='bbox 1118 3359 1299 3430; x_wconf 85' lang='lat' dir='ltr'><strong>magni</strong></span> <span class='ocrx_word' id='word_1_451' title='bbox 1355 3359 1573 3414; x_wconf 85' lang='lat' dir='ltr'><strong>Eusebii</strong></span> <span class='ocrx_word' id='word_1_452' title='bbox 1631 3360 1885 3430; x_wconf 81' lang='lat' dir='ltr'><strong>cognatio</strong></span> 
     </span>
    </p>
   </div>
   <div class='ocr_carea' id='block_1_65' title="bbox 2112 3351 3611 3433">
    <p class='ocr_par' dir='ltr' id='par_1_65' title="bbox 2113 3351 3611 3433">
     <span class='ocr_line' id='line_1_65' title="bbox 2113 3351 3611 3433; baseline -0.007 -18"><span class='ocrx_word' id='word_1_453' title='bbox 2113 3362 2330 3433; x_wconf 80' lang='grc' dir='ltr'>αδοχὴν,</span> <span class='ocrx_word' id='word_1_454' title='bbox 2359 3363 2480 3414; x_wconf 67' lang='grc' dir='ltr'>ἐπεὶ</span> <span class='ocrx_word' id='word_1_455' title='bbox 2507 3362 2574 3432; x_wconf 74' lang='grc' dir='ltr'>τῇ</span> <span class='ocrx_word' id='word_1_456' title='bbox 2630 3361 2750 3431; x_wconf 79' lang='grc' dir='ltr'>ἱερᾷ</span> <span class='ocrx_word' id='word_1_457' title='bbox 2787 3359 3038 3429; x_wconf 76' lang='grc' dir='ltr'>τραπέζῃ</span> <span class='ocrx_word' id='word_1_458' title='bbox 3087 3357 3342 3428; x_wconf 75' lang='grc' dir='ltr'>προσῄει,</span> <span class='ocrx_word' id='word_1_459' title='bbox 3373 3356 3460 3408; x_wconf 80' lang='grc' dir='ltr'>καὶ</span> <span class='ocrx_word' id='word_1_460' title='bbox 3516 3351 3611 3405; x_wconf 67' lang='lat' dir='ltr'><strong>xit!-</strong></span> 
     </span>
    </p>
   </div>
   <div class='ocr_carea' id='block_1_66' title="bbox 387 3447 1886 3522">
    <p class='ocr_par' dir='ltr' id='par_1_66' title="bbox 387 3451 1886 3522">
     <span class='ocr_line' id='line_1_66' title="bbox 387 3451 1886 3522; baseline 0.004 -22"><span class='ocrx_word' id='word_1_461' title='bbox 387 3452 572 3504; x_wconf 72' lang='lat' dir='ltr'><strong>clarus</strong></span> <span class='ocrx_word' id='word_1_462' title='bbox 622 3452 852 3521; x_wconf 87' lang='lat' dir='ltr'><strong>(sororis</strong></span> <span class='ocrx_word' id='word_1_463' title='bbox 903 3451 1052 3504; x_wconf 87' lang='lat' dir='ltr'><strong>enim</strong></span> <span class='ocrx_word' id='word_1_464' title='bbox 1103 3453 1224 3521; x_wconf 89' lang='lat' dir='ltr'><strong>ejus</strong></span> <span class='ocrx_word' id='word_1_465' title='bbox 1271 3451 1416 3505; x_wconf 76' lang='lat' dir='ltr'><strong>(ilius</strong></span> <span class='ocrx_word' id='word_1_466' title='bbox 1473 3451 1620 3520; x_wconf 83' lang='lat' dir='ltr'><strong>fuit),</strong></span> <span class='ocrx_word' id='word_1_467' title='bbox 1673 3453 1886 3522; x_wconf 90' lang='lat' dir='ltr'><strong>permul</strong></span> 
     </span>
    </p>
   </div>
   <div class='ocr_carea' id='block_1_67' title="bbox 2111 3447 3610 3522">
    <p class='ocr_par' dir='ltr' id='par_1_67' title="bbox 2111 3447 3610 3522">
     <span class='ocr_line' id='line_1_67' title="bbox 2111 3447 3610 3522; baseline 0 -16"><span class='ocrx_word' id='word_1_468' title='bbox 2111 3473 2164 3506; x_wconf 84' lang='grc' dir='ltr'><strong>υν</strong></span> <span class='ocrx_word' id='word_1_469' title='bbox 2186 3454 2306 3508; x_wconf 82' lang='grc' dir='ltr'>κατ’</span> <span class='ocrx_word' id='word_1_470' title='bbox 2342 3454 2463 3517; x_wconf 74' lang='grc' dir='ltr'>ἔθος</span> <span class='ocrx_word' id='word_1_471' title='bbox 2491 3453 2556 3508; x_wconf 70' lang='grc' dir='ltr'><strong>τὰ</strong></span> <span class='ocrx_word' id='word_1_472' title='bbox 2586 3453 2788 3522; x_wconf 81' lang='grc' dir='ltr'>γόνατα</span> <span class='ocrx_word' id='word_1_473' title='bbox 2817 3516 2822 3521; x_wconf 24' lang='grc' dir='ltr'>η</span> <span class='ocrx_word' id='word_1_474' title='bbox 2849 3452 2948 3505; x_wconf 81' lang='grc' dir='ltr'>σὺν</span> <span class='ocrx_word' id='word_1_475' title='bbox 2996 3451 3168 3521; x_wconf 84' lang='grc' dir='ltr'>πολλῇ</span> <span class='ocrx_word' id='word_1_476' title='bbox 3223 3451 3335 3520; x_wconf 80' lang='grc' dir='ltr'>βίᾳ,</span> <span class='ocrx_word' id='word_1_477' title='bbox 3381 3447 3610 3518; x_wconf 75' lang='grc' dir='ltr'>στραφεὶς</span> 
     </span>
    </p>
   </div>
   <div class='ocr_carea' id='block_1_68' title="bbox 401 3539 1900 3616">
    <p class='ocr_par' dir='ltr' id='par_1_68' title="bbox 401 3542 1898 3612">
     <span class='ocr_line' id='line_1_68' title="bbox 401 3542 1898 3612; baseline 0 -17"><span class='ocrx_word' id='word_1_478' title='bbox 401 3543 682 3610; x_wconf 65' lang='lat' dir='ltr'><strong>primariis</strong></span> <span class='ocrx_word' id='word_1_479' title='bbox 727 3543 1026 3598; x_wconf 83' lang='lat' dir='ltr'><strong>virtutibus</strong></span> <span class='ocrx_word' id='word_1_480' title='bbox 1053 3543 1298 3612; x_wconf 86' lang='lat' dir='ltr'><strong>pollens,</strong></span> <span class='ocrx_word' id='word_1_481' title='bbox 1345 3542 1413 3597; x_wconf 86' lang='lat' dir='ltr'><strong>ad</strong></span> <span class='ocrx_word' id='word_1_482' title='bbox 1447 3543 1709 3612; x_wconf 85' lang='lat' dir='ltr'><strong>quasdam</strong></span> <span class='ocrx_word' id='word_1_483' title='bbox 1744 3543 1898 3598; x_wconf 91' lang='lat' dir='ltr'><strong>ultim</strong></span> 
     </span>
    </p>
   </div>
   <div class='ocr_carea' id='block_1_69' title="bbox 2112 3539 3611 3616">
    <p class='ocr_par' dir='ltr' id='par_1_69' title="bbox 2112 3539 3611 3616">
     <span class='ocr_line' id='line_1_69' title="bbox 2112 3539 3611 3616; baseline -0.007 -16"><span class='ocrx_word' id='word_1_484' title='bbox 2112 3550 2158 3600; x_wconf 74' lang='grc' dir='ltr'>τὶ</span> <span class='ocrx_word' id='word_1_485' title='bbox 2196 3547 2456 3601; x_wconf 78' lang='grc' dir='ltr'>Ἰοϐιανὸν</span> <span class='ocrx_word' id='word_1_486' title='bbox 2495 3546 2642 3615; x_wconf 79' lang='grc' dir='ltr'>ἑώρα</span> <span class='ocrx_word' id='word_1_487' title='bbox 2680 3544 2779 3614; x_wconf 78' lang='grc' dir='ltr'>τὴν</span> <span class='ocrx_word' id='word_1_488' title='bbox 2802 3543 2984 3608; x_wconf 75' lang='grc' dir='ltr'>δεξιὰν</span> <span class='ocrx_word' id='word_1_489' title='bbox 3017 3545 3084 3616; x_wconf 75' lang='grc' dir='ltr'>τῇ</span> <span class='ocrx_word' id='word_1_490' title='bbox 3117 3543 3326 3612; x_wconf 76' lang='grc' dir='ltr'>κεφαλῇ</span> <span class='ocrx_word' id='word_1_491' title='bbox 3385 3539 3611 3607; x_wconf 70' lang='grc' dir='ltr'>ἐπιθέμε-</span> 
     </span>
    </p>
   </div>
   <div class='ocr_carea' id='block_1_70' title="bbox 394 3633 1893 3709">
    <p class='ocr_par' dir='ltr' id='par_1_70' title="bbox 394 3633 1893 3690">
     <span class='ocr_line' id='line_1_70' title="bbox 394 3633 1893 3690; baseline 0.002 -4"><span class='ocrx_word' id='word_1_492' title='bbox 394 3634 666 3688; x_wconf 72' lang='lat' dir='ltr'><strong>Armenia:</strong></span> <span class='ocrx_word' id='word_1_493' title='bbox 713 3649 838 3687; x_wconf 88' lang='lat' dir='ltr'><strong>oras</strong></span> <span class='ocrx_word' id='word_1_494' title='bbox 875 3633 932 3687; x_wconf 92' lang='lat' dir='ltr'><strong>in</strong></span> <span class='ocrx_word' id='word_1_495' title='bbox 981 3633 1232 3688; x_wconf 81' lang='lat' dir='ltr'><strong>exsilium</strong></span> <span class='ocrx_word' id='word_1_496' title='bbox 1281 3633 1480 3688; x_wconf 90' lang='lat' dir='ltr'><strong>missus</strong></span> <span class='ocrx_word' id='word_1_497' title='bbox 1522 3643 1624 3689; x_wconf 88' lang='lat' dir='ltr'><strong>est.</strong></span> <span class='ocrx_word' id='word_1_498' title='bbox 1677 3635 1776 3690; x_wconf 88' lang='lat' dir='ltr'><strong>Ubi</strong></span> <span class='ocrx_word' id='word_1_499' title='bbox 1831 3649 1893 3689; x_wconf 88' lang='lat' dir='ltr'><strong>ve</strong></span> 
     </span>
    </p>
   </div>
   <div class='ocr_carea' id='block_1_71' title="bbox 2111 3633 3610 3709">
    <p class='ocr_par' dir='ltr' id='par_1_71' title="bbox 2111 3634 3610 3709">
     <span class='ocr_line' id='line_1_71' title="bbox 2111 3634 3610 3709; baseline -0.007 -17"><span class='ocrx_word' id='word_1_500' title='bbox 2111 3657 2177 3705; x_wconf 70' lang='grc' dir='ltr'><strong>ν),</strong></span> <span class='ocrx_word' id='word_1_501' title='bbox 2200 3638 2530 3693; x_wconf 81' lang='grc' dir='ltr'>ἀπεσείσατο</span> <span class='ocrx_word' id='word_1_502' title='bbox 2563 3638 2662 3709; x_wconf 76' lang='grc' dir='ltr'>τὴν</span> <span class='ocrx_word' id='word_1_503' title='bbox 2694 3637 3052 3708; x_wconf 83' lang='grc' dir='ltr'>χειροτονίαν,</span> <span class='ocrx_word' id='word_1_504' title='bbox 3103 3636 3198 3689; x_wconf 80' lang='grc' dir='ltr'>καὶ</span> <span class='ocrx_word' id='word_1_505' title='bbox 3243 3634 3354 3687; x_wconf 80' lang='grc' dir='ltr'><strong>τῶν</strong></span> <span class='ocrx_word' id='word_1_506' title='bbox 3403 3647 3610 3703; x_wconf 83' lang='grc' dir='ltr'>χειροτο-</span> 
     </span>
    </p>
   </div>
   <div class='ocr_carea' id='block_1_72' title="bbox 390 3720 1889 3798">
    <p class='ocr_par' dir='ltr' id='par_1_72' title="bbox 390 3725 1889 3796">
     <span class='ocr_line' id='line_1_72' title="bbox 390 3725 1889 3796; baseline 0.003 -20"><span class='ocrx_word' id='word_1_507' title='bbox 390 3726 614 3779; x_wconf 88' lang='lat' dir='ltr'><strong>divinus</strong></span> <span class='ocrx_word' id='word_1_508' title='bbox 668 3725 972 3789; x_wconf 88' lang='lat' dir='ltr'><strong>Eusebius,</strong></span> <span class='ocrx_word' id='word_1_509' title='bbox 1029 3735 1152 3794; x_wconf 89' lang='lat' dir='ltr'><strong>post</strong></span> <span class='ocrx_word' id='word_1_510' title='bbox 1209 3726 1380 3779; x_wconf 89' lang='lat' dir='ltr'><strong>multa</strong></span> <span class='ocrx_word' id='word_1_511' title='bbox 1428 3741 1529 3794; x_wconf 89' lang='lat' dir='ltr'><strong>pro</strong></span> <span class='ocrx_word' id='word_1_512' title='bbox 1581 3741 1708 3780; x_wconf 88' lang='lat' dir='ltr'><strong>vera</strong></span> <span class='ocrx_word' id='word_1_513' title='bbox 1759 3727 1889 3796; x_wconf 76' lang='lat' dir='ltr'><strong>piett</strong></span> 
     </span>
    </p>
   </div>
   <div class='ocr_carea' id='block_1_73' title="bbox 2109 3720 3608 3798">
    <p class='ocr_par' dir='ltr' id='par_1_73' title="bbox 2109 3720 3608 3798">
     <span class='ocr_line' id='line_1_73' title="bbox 2109 3720 3608 3798; baseline -0.007 -14"><span class='ocrx_word' id='word_1_514' title='bbox 2109 3731 2306 3784; x_wconf 85' lang='grc' dir='ltr'>οὐντων</span> <span class='ocrx_word' id='word_1_515' title='bbox 2366 3730 2630 3796; x_wconf 86' lang='grc' dir='ltr'>διίστατο,</span> <span class='ocrx_word' id='word_1_516' title='bbox 2697 3729 2893 3793; x_wconf 80' lang='grc' dir='ltr'>εἰπὼν,</span> <span class='ocrx_word' id='word_1_517' title='bbox 2949 3720 2978 3779; x_wconf 77' lang='grc' dir='ltr'><strong>ι</strong></span> <span class='ocrx_word' id='word_1_518' title='bbox 3028 3725 3298 3798; x_wconf 81' lang='grc' dir='ltr'>μηδαμῶς</span> <span class='ocrx_word' id='word_1_519' title='bbox 3355 3723 3608 3790; x_wconf 77' lang='grc' dir='ltr'>ἀνέξεσθαι</span> 
     </span>
    </p>
   </div>
   <div class='ocr_carea' id='block_1_74' title="bbox 398 3814 1897 3894">
    <p class='ocr_par' dir='ltr' id='par_1_74' title="bbox 398 3817 1897 3890">
     <span class='ocr_line' id='line_1_74' title="bbox 398 3817 1897 3890; baseline 0.004 -21"><span class='ocrx_word' id='word_1_520' title='bbox 398 3819 548 3871; x_wconf 83' lang='lat' dir='ltr'><strong>obita</strong></span> <span class='ocrx_word' id='word_1_521' title='bbox 587 3817 922 3881; x_wconf 84' lang='lat' dir='ltr'><strong>certamina,</strong></span> <span class='ocrx_word' id='word_1_522' title='bbox 960 3827 1236 3888; x_wconf 90' lang='lat' dir='ltr'><strong>postremo</strong></span> <span class='ocrx_word' id='word_1_523' title='bbox 1269 3819 1436 3874; x_wconf 88' lang='lat' dir='ltr'><strong>etiam</strong></span> <span class='ocrx_word' id='word_1_524' title='bbox 1473 3819 1721 3890; x_wconf 80' lang='lat' dir='ltr'><strong>martyrii</strong></span> <span class='ocrx_word' id='word_1_525' title='bbox 1759 3834 1897 3888; x_wconf 77' lang='lat' dir='ltr'><strong>recc]</strong></span> 
     </span>
    </p>
   </div>
   <div class='ocr_carea' id='block_1_75' title="bbox 2108 3814 3607 3894">
    <p class='ocr_par' dir='ltr' id='par_1_75' title="bbox 2108 3814 3607 3894">
     <span class='ocr_line' id='line_1_75' title="bbox 2108 3814 3607 3894; baseline -0.007 -18"><span class='ocrx_word' id='word_1_526' title='bbox 2108 3822 2405 3894; x_wconf 87' lang='grc' dir='ltr'>ειροτονίας</span> <span class='ocrx_word' id='word_1_527' title='bbox 2429 3821 2524 3875; x_wconf 72' lang='grc' dir='ltr'>καὶ</span> <span class='ocrx_word' id='word_1_528' title='bbox 2573 3821 2775 3888; x_wconf 79' lang='grc' dir='ltr'>δεξιᾶς,</span> <span class='ocrx_word' id='word_1_529' title='bbox 2805 3823 2839 3890; x_wconf 77' lang='grc' dir='ltr'>ἢ</span> <span class='ocrx_word' id='word_1_530' title='bbox 2895 3821 2984 3874; x_wconf 80' lang='grc' dir='ltr'><strong>διὰ</strong></span> <span class='ocrx_word' id='word_1_531' title='bbox 3018 3818 3364 3891; x_wconf 79' lang='grc' dir='ltr'>βλασφημίας</span> <span class='ocrx_word' id='word_1_532' title='bbox 3410 3817 3470 3870; x_wconf 69' lang='grc' dir='ltr'><strong>τὰ</strong></span> <span class='ocrx_word' id='word_1_533' title='bbox 3509 3814 3607 3868; x_wconf 76' lang='grc' dir='ltr'>θεῖα</span> 
     </span>
    </p>
   </div>
   <div class='ocr_carea' id='block_1_76' title="bbox 392 3907 1891 3986">
    <p class='ocr_par' dir='ltr' id='par_1_76' title="bbox 392 3911 1891 3979">
     <span class='ocr_line' id='line_1_76' title="bbox 392 3911 1891 3979; baseline 0.004 -19"><span class='ocrx_word' id='word_1_534' title='bbox 392 3925 655 3962; x_wconf 71' lang='lat' dir='ltr'><strong>coronam</strong></span> <span class='ocrx_word' id='word_1_535' title='bbox 686 3927 699 3963; x_wconf 87' lang='lat'>:</span> <span class='ocrx_word' id='word_1_536' title='bbox 731 3911 1408 3979; x_wconf 78' lang='lat' dir='ltr'><strong>provinciales,conventu</strong></span> <span class='ocrx_word' id='word_1_537' title='bbox 1434 3922 1646 3976; x_wconf 89' lang='lat' dir='ltr'><strong>coacto,</strong></span> <span class='ocrx_word' id='word_1_538' title='bbox 1672 3912 1763 3968; x_wconf 85' lang='lat' dir='ltr'><strong>cui</strong></span> <span class='ocrx_word' id='word_1_539' title='bbox 1793 3913 1891 3966; x_wconf 80' lang='lat' dir='ltr'><strong>etia</strong></span> 
     </span>
    </p>
   </div>
   <div class='ocr_carea' id='block_1_77' title="bbox 2105 3907 3604 3986">
    <p class='ocr_par' dir='ltr' id='par_1_77' title="bbox 2105 3907 3604 3986">
     <span class='ocr_line' id='line_1_77' title="bbox 2105 3907 3604 3986; baseline -0.007 -18"><span class='ocrx_word' id='word_1_540' title='bbox 2105 3914 2376 3986; x_wconf 65' lang='grc' dir='ltr'>,υστήρια</span> <span class='ocrx_word' id='word_1_541' title='bbox 2413 3914 2770 3984; x_wconf 77' lang='grc' dir='ltr'>παρεδέξατο.</span> <span class='ocrx_word' id='word_1_542' title='bbox 2802 3911 2988 3968; x_wconf 79' lang='grc' dir='ltr'>Ταῦτα</span> <span class='ocrx_word' id='word_1_543' title='bbox 3038 3913 3138 3983; x_wconf 71' lang='grc' dir='ltr'>μὲν</span> <span class='ocrx_word' id='word_1_544' title='bbox 3197 3911 3378 3981; x_wconf 87' lang='grc' dir='ltr'>πολλῷ</span> <span class='ocrx_word' id='word_1_545' title='bbox 3409 3907 3604 3978; x_wconf 76' lang='grc' dir='ltr'>ὕστερον</span> 
     </span>
    </p>
   </div>
   <div class='ocr_carea' id='block_1_78' title="bbox 395 4001 1894 4076">
    <p class='ocr_par' dir='ltr' id='par_1_78' title="bbox 395 4001 1894 4073">
     <span class='ocr_line' id='line_1_78' title="bbox 395 4001 1894 4073; baseline 0.002 -19"><span class='ocrx_word' id='word_1_546' title='bbox 395 4001 681 4065; x_wconf 79' lang='lat' dir='ltr'><strong>Jovianus.</strong></span> <span class='ocrx_word' id='word_1_547' title='bbox 715 4002 808 4070; x_wconf 91' lang='lat' dir='ltr'><strong>qui</strong></span> <span class='ocrx_word' id='word_1_548' title='bbox 844 4003 1135 4072; x_wconf 82' lang='lat' dir='ltr'><strong>Pergensis</strong></span> <span class='ocrx_word' id='word_1_549' title='bbox 1169 4004 1484 4073; x_wconf 86' lang='lat' dir='ltr'><strong>episcopus,</strong></span> <span class='ocrx_word' id='word_1_550' title='bbox 1522 4004 1680 4058; x_wconf 82' lang='lat' dir='ltr'><strong>brevi</strong></span> <span class='ocrx_word' id='word_1_551' title='bbox 1714 4011 1894 4072; x_wconf 90' lang='lat' dir='ltr'><strong>tempo</strong></span> 
     </span>
    </p>
   </div>
   <div class='ocr_carea' id='block_1_79' title="bbox 2106 4001 3605 4076">
    <p class='ocr_par' dir='ltr' id='par_1_79' title="bbox 2106 4001 3605 4076">
     <span class='ocr_line' id='line_1_79' title="bbox 2106 4001 3605 4076; baseline -0.007 -15"><span class='ocrx_word' id='word_1_552' title='bbox 2106 4008 2316 4076; x_wconf 83' lang='grc' dir='ltr'>γεγόνει</span> <span class='ocrx_word' id='word_1_553' title='bbox 2347 4021 2363 4038; x_wconf 84' lang='grc'>⁶</span> <span class='ocrx_word' id='word_1_554' title='bbox 2395 4008 2520 4060; x_wconf 81' lang='grc' dir='ltr'>τότε</span> <span class='ocrx_word' id='word_1_555' title='bbox 2585 4008 2663 4073; x_wconf 83' lang='grc' dir='ltr'>δὲ,</span> <span class='ocrx_word' id='word_1_556' title='bbox 2717 4007 2797 4069; x_wconf 83' lang='grc' dir='ltr'><strong>είς</strong></span> <span class='ocrx_word' id='word_1_557' title='bbox 2847 4005 2946 4072; x_wconf 78' lang='grc' dir='ltr'><strong>τὴν</strong></span> <span class='ocrx_word' id='word_1_558' title='bbox 3007 4005 3288 4076; x_wconf 84' lang='grc' dir='ltr'>ὲνδοτέραν</span> <span class='ocrx_word' id='word_1_559' title='bbox 3350 4001 3605 4072; x_wconf 76' lang='grc' dir='ltr'>Ἀρμενίαν</span> 
     </span>
    </p>
   </div>
   <div class='ocr_carea' id='block_1_80' title="bbox 383 4093 1882 4174">
    <p class='ocr_par' dir='ltr' id='par_1_80' title="bbox 383 4093 1882 4167">
     <span class='ocr_line' id='line_1_80' title="bbox 383 4093 1882 4167; baseline 0.005 -23"><span class='ocrx_word' id='word_1_560' title='bbox 383 4101 438 4154; x_wconf 54' lang='grc' dir='ltr'>,Α</span> <span class='ocrx_word' id='word_1_561' title='bbox 454 4093 658 4148; x_wconf 83' lang='lat' dir='ltr'><strong>riauam</strong></span> <span class='ocrx_word' id='word_1_562' title='bbox 695 4103 915 4150; x_wconf 82' lang='lat' dir='ltr'><strong>secutus</strong></span> <span class='ocrx_word' id='word_1_563' title='bbox 945 4096 1126 4150; x_wconf 81' lang='lat' dir='ltr'><strong>fuerat</strong></span> <span class='ocrx_word' id='word_1_564' title='bbox 1159 4097 1505 4167; x_wconf 81' lang='lat' dir='ltr'><strong>religionem,</strong></span> <span class='ocrx_word' id='word_1_565' title='bbox 1539 4095 1812 4159; x_wconf 79' lang='lat' dir='ltr'><strong>interfuit,</strong></span> <span class='ocrx_word' id='word_1_566' title='bbox 1841 4097 1882 4151; x_wconf 87' lang='lat' dir='ltr'><strong>A</strong></span> 
     </span>
    </p>
   </div>
   <div class='ocr_carea' id='block_1_81' title="bbox 2106 4093 3605 4174">
    <p class='ocr_par' dir='ltr' id='par_1_81' title="bbox 2106 4095 3605 4174">
     <span class='ocr_line' id='line_1_81' title="bbox 2106 4095 3605 4174; baseline -0.006 -23"><span class='ocrx_word' id='word_1_567' title='bbox 2106 4101 2368 4154; x_wconf 82' lang='grc' dir='ltr'>ιέϐαινεν.</span> <span class='ocrx_word' id='word_1_568' title='bbox 2407 4100 2464 4153; x_wconf 87' lang='grc' dir='ltr'>Ὀ</span> <span class='ocrx_word' id='word_1_569' title='bbox 2497 4100 2554 4154; x_wconf 83' lang='grc' dir='ltr'><strong>δέ</strong></span> <span class='ocrx_word' id='word_1_570' title='bbox 2571 4117 2643 4174; x_wconf 18' lang='grc' dir='ltr'>«γε</span> <span class='ocrx_word' id='word_1_571' title='bbox 2679 4100 2822 4163; x_wconf 83' lang='grc' dir='ltr'>θεῖος</span> <span class='ocrx_word' id='word_1_572' title='bbox 2848 4097 3107 4162; x_wconf 80' lang='grc' dir='ltr'>Εὐσέϐιος</span> <span class='ocrx_word' id='word_1_573' title='bbox 3133 4097 3284 4170; x_wconf 84' lang='grc' dir='ltr'>παρὰ</span> <span class='ocrx_word' id='word_1_574' title='bbox 3317 4096 3402 4149; x_wconf 81' lang='grc' dir='ltr'>τὸν</span> <span class='ocrx_word' id='word_1_575' title='bbox 3425 4095 3605 4164; x_wconf 80' lang='grc' dir='ltr'>Ἴστρον</span> 
     </span>
    </p>
   </div>
   <div class='ocr_carea' id='block_1_82' title="bbox 394 4185 1893 4264">
    <p class='ocr_par' dir='ltr' id='par_1_82' title="bbox 394 4185 1892 4260">
     <span class='ocr_line' id='line_1_82' title="bbox 394 4185 1892 4260; baseline 0.004 -23"><span class='ocrx_word' id='word_1_576' title='bbox 394 4185 639 4240; x_wconf 80' lang='lat' dir='ltr'><strong>tiochum</strong></span> <span class='ocrx_word' id='word_1_577' title='bbox 673 4187 726 4239; x_wconf 91' lang='lat' dir='ltr'><strong>in</strong></span> <span class='ocrx_word' id='word_1_578' title='bbox 757 4187 934 4242; x_wconf 89' lang='lat' dir='ltr'><strong>locum</strong></span> <span class='ocrx_word' id='word_1_579' title='bbox 957 4189 1210 4243; x_wconf 84' lang='lat' dir='ltr'><strong>avunculi</strong></span> <span class='ocrx_word' id='word_1_580' title='bbox 1268 4189 1661 4244; x_wconf 89' lang='lat' dir='ltr'><strong>communibus</strong></span> <span class='ocrx_word' id='word_1_581' title='bbox 1687 4189 1892 4260; x_wconf 80' lang='lat' dir='ltr'><strong>suﬂrag</strong></span> 
     </span>
    </p>
   </div>
   <div class='ocr_carea' id='block_1_83' title="bbox 2106 4185 3605 4264">
    <p class='ocr_par' dir='ltr' id='par_1_83' title="bbox 2106 4189 3605 4264">
     <span class='ocr_line' id='line_1_83' title="bbox 2106 4189 3605 4264; baseline -0.017 -2"><span class='ocrx_word' id='word_1_582' title='bbox 2106 4193 2246 4261; x_wconf 78' lang='grc' dir='ltr'>ιῆγε,</span> <span class='ocrx_word' id='word_1_583' title='bbox 2313 4189 2618 4262; x_wconf 78' lang='grc' dir='ltr'>τηνικαῦτα</span> <span class='ocrx_word' id='word_1_584' title='bbox 2673 4193 2774 4261; x_wconf 79' lang='grc' dir='ltr'>τὴν</span> <span class='ocrx_word' id='word_1_585' title='bbox 2824 4191 3047 4264; x_wconf 79' lang='grc' dir='ltr'>Θρᾴκην</span> <span class='ocrx_word' id='word_1_586' title='bbox 3116 4189 3329 4242; x_wconf 79' lang='grc' dir='ltr'>Γότοων</span> <span class='ocrx_word' id='word_1_587' title='bbox 3381 4202 3605 4254; x_wconf 84' lang='grc' dir='ltr'>κατατρε-</span> 
     </span>
    </p>
   </div>
   <div class='ocr_carea' id='block_1_84' title="bbox 400 4276 1899 4354">
    <p class='ocr_par' dir='ltr' id='par_1_84' title="bbox 400 4279 1899 4349">
     <span class='ocr_line' id='line_1_84' title="bbox 400 4279 1899 4349; baseline 0.004 -20"><span class='ocrx_word' id='word_1_588' title='bbox 400 4279 794 4347; x_wconf 86' lang='lat' dir='ltr'><strong>subrogarunt.</strong></span> <span class='ocrx_word' id='word_1_589' title='bbox 853 4281 1034 4349; x_wconf 87' lang='lat' dir='ltr'><strong>Atque</strong></span> <span class='ocrx_word' id='word_1_590' title='bbox 1090 4281 1136 4335; x_wconf 90' lang='lat' dir='ltr'><strong>is</strong></span> <span class='ocrx_word' id='word_1_591' title='bbox 1193 4281 1284 4336; x_wconf 87' lang='lat' dir='ltr'><strong>ubi</strong></span> <span class='ocrx_word' id='word_1_592' title='bbox 1331 4281 1399 4335; x_wconf 89' lang='lat' dir='ltr'><strong>ad</strong></span> <span class='ocrx_word' id='word_1_593' title='bbox 1448 4296 1661 4337; x_wconf 88' lang='lat' dir='ltr'><strong>sacram</strong></span> <span class='ocrx_word' id='word_1_594' title='bbox 1718 4297 1899 4338; x_wconf 84' lang='lat' dir='ltr'><strong>mensa</strong></span> 
     </span>
    </p>
   </div>
   <div class='ocr_carea' id='block_1_85' title="bbox 2103 4276 3602 4354">
    <p class='ocr_par' dir='ltr' id='par_1_85' title="bbox 2105 4276 3602 4353">
     <span class='ocr_line' id='line_1_85' title="bbox 2105 4276 3602 4353; baseline -0.001 -15"><span class='ocrx_word' id='word_1_595' title='bbox 2105 4285 2300 4349; x_wconf 88' lang='grc' dir='ltr'>όντων,</span> <span class='ocrx_word' id='word_1_596' title='bbox 2370 4287 2467 4339; x_wconf 74' lang='grc' dir='ltr'>καὶ</span> <span class='ocrx_word' id='word_1_597' title='bbox 2515 4285 2615 4348; x_wconf 84' lang='grc' dir='ltr'><strong>τὰς</strong></span> <span class='ocrx_word' id='word_1_598' title='bbox 2670 4285 2869 4348; x_wconf 72' lang='grc' dir='ltr'><strong>¹ξεκείσε</strong></span> <span class='ocrx_word' id='word_1_599' title='bbox 2929 4283 3114 4346; x_wconf 88' lang='grc' dir='ltr'>πόλεις</span> <span class='ocrx_word' id='word_1_600' title='bbox 3158 4281 3501 4353; x_wconf 80' lang='grc' dir='ltr'>ληϊζομένων,</span> <span class='ocrx_word' id='word_1_601' title='bbox 3543 4276 3602 4336; x_wconf 77' lang='grc' dir='ltr'><strong>ὡς</strong></span> 
     </span>
    </p>
   </div>
   <div class='ocr_carea' id='block_1_86' title="bbox 397 4371 1896 4446">
    <p class='ocr_par' dir='ltr' id='par_1_86' title="bbox 397 4371 1892 4446">
     <span class='ocr_line' id='line_1_86' title="bbox 397 4371 1892 4446; baseline 0.007 -26"><span class='ocrx_word' id='word_1_602' title='bbox 397 4374 649 4439; x_wconf 58' lang='lat' dir='ltr'><strong>accessit,</strong></span> <span class='ocrx_word' id='word_1_603' title='bbox 678 4384 756 4436; x_wconf 89' lang='lat' dir='ltr'><strong>et,</strong></span> <span class='ocrx_word' id='word_1_604' title='bbox 787 4385 844 4428; x_wconf 88' lang='grc' dir='ltr'><strong>ιιι</strong></span> <span class='ocrx_word' id='word_1_605' title='bbox 864 4389 984 4430; x_wconf 85' lang='lat' dir='ltr'><strong>mos</strong></span> <span class='ocrx_word' id='word_1_606' title='bbox 1011 4385 1116 4441; x_wconf 91' lang='lat' dir='ltr'><strong>est,</strong></span> <span class='ocrx_word' id='word_1_607' title='bbox 1147 4375 1446 4430; x_wconf 88' lang='lat' dir='ltr'><strong>inclinatus</strong></span> <span class='ocrx_word' id='word_1_608' title='bbox 1477 4377 1532 4430; x_wconf 92' lang='lat' dir='ltr'><strong>iu</strong></span> <span class='ocrx_word' id='word_1_609' title='bbox 1559 4390 1736 4446; x_wconf 86' lang='lat' dir='ltr'><strong>genua</strong></span> <span class='ocrx_word' id='word_1_610' title='bbox 1769 4371 1892 4446; x_wconf 85' lang='lat' dir='ltr'><strong>mag</strong></span> 
     </span>
    </p>
   </div>
   <div class='ocr_carea' id='block_1_87' title="bbox 1798 4371 3297 4446">
    <p class='ocr_par' dir='ltr' id='par_1_87' title="bbox 1798 4371 3297 4446">
     <span class='ocr_line' id='line_1_87' title="bbox 1798 4371 3297 4446; baseline -0.001 -18"><span class='ocrx_word' id='word_1_611' title='bbox 1798 4371 1964 4446; x_wconf 74' lang='lat' dir='ltr'><strong>nagna</strong></span> <span class='ocrx_word' id='word_1_612' title='bbox 2063 4376 2227 4439; x_wconf 76' lang='grc' dir='ltr'>αὐτὸς</span> <span class='ocrx_word' id='word_1_613' title='bbox 2269 4375 2385 4444; x_wconf 73' lang='grc' dir='ltr'>ἰδίῳ</span> <span class='ocrx_word' id='word_1_614' title='bbox 2431 4376 2829 4446; x_wconf 84' lang='grc' dir='ltr'>συγγράμματι</span> <span class='ocrx_word' id='word_1_615' title='bbox 2878 4373 3297 4442; x_wconf 83' lang='grc' dir='ltr'>καθιστόρησεν.</span> 
     </span>
    </p>
   </div>
   <div class='ocr_carea' id='block_1_88' title="bbox 399 4462 3601 4540">
    <p class='ocr_par' dir='ltr' id='par_1_88' title="bbox 399 4462 3601 4540">
     <span class='ocr_line' id='line_1_88' title="bbox 399 4462 3601 4540; baseline -0.001 -25"><span class='ocrx_word' id='word_1_616' title='bbox 399 4482 447 4515; x_wconf 75' lang='grc' dir='ltr'><strong>ιι</strong></span> <span class='ocrx_word' id='word_1_617' title='bbox 473 4467 730 4534; x_wconf 87' lang='lat' dir='ltr'><strong>procidit,</strong></span> <span class='ocrx_word' id='word_1_618' title='bbox 757 4484 1079 4533; x_wconf 86' lang='lat' dir='ltr'><strong>conversus,</strong></span> <span class='ocrx_word' id='word_1_619' title='bbox 1109 4469 1370 4538; x_wconf 90' lang='lat' dir='ltr'><strong>quoniam</strong></span> <span class='ocrx_word' id='word_1_620' title='bbox 1399 4468 1686 4524; x_wconf 70' lang='lat' dir='ltr'><strong>Iovianum</strong></span> <span class='ocrx_word' id='word_1_621' title='bbox 1718 4469 1966 4524; x_wconf 83' lang='lat' dir='ltr'><strong>dextram</strong></span> <span class='ocrx_word' id='word_1_622' title='bbox 2004 4470 2170 4540; x_wconf 89' lang='lat' dir='ltr'><strong>capiti</strong></span> <span class='ocrx_word' id='word_1_623' title='bbox 2238 4485 2339 4524; x_wconf 87' lang='lat' dir='ltr'><strong>suo</strong></span> <span class='ocrx_word' id='word_1_624' title='bbox 2409 4468 2780 4538; x_wconf 82' lang='lat' dir='ltr'><strong>imponentcm</strong></span> <span class='ocrx_word' id='word_1_625' title='bbox 2810 4467 3113 4537; x_wconf 84' lang='lat' dir='ltr'><strong>conspexit,</strong></span> <span class='ocrx_word' id='word_1_626' title='bbox 3147 4463 3454 4534; x_wconf 68' lang='lat' dir='ltr'><strong>suﬂ‘ragium</strong></span> <span class='ocrx_word' id='word_1_627' title='bbox 3483 4462 3601 4516; x_wconf 85' lang='lat' dir='ltr'><strong>illius</strong></span> 
     </span>
    </p>
   </div>
   <div class='ocr_carea' id='block_1_89' title="bbox 389 4560 3600 4642">
    <p class='ocr_par' dir='ltr' id='par_1_89' title="bbox 389 4560 3600 4642">
     <span class='ocr_line' id='line_1_89' title="bbox 389 4560 3600 4642; baseline -0.001 -28"><span class='ocrx_word' id='word_1_628' title='bbox 389 4574 418 4614; x_wconf 82' lang='grc' dir='ltr'>ι·</span> <span class='ocrx_word' id='word_1_629' title='bbox 455 4563 606 4631; x_wconf 83' lang='lat' dir='ltr'><strong>jecit,</strong></span> <span class='ocrx_word' id='word_1_630' title='bbox 639 4573 694 4617; x_wconf 91' lang='lat' dir='ltr'><strong>et</strong></span> <span class='ocrx_word' id='word_1_631' title='bbox 729 4564 954 4632; x_wconf 74' lang='lat' dir='ltr'><strong>reliquis</strong></span> <span class='ocrx_word' id='word_1_632' title='bbox 981 4580 1198 4635; x_wconf 90' lang='lat' dir='ltr'><strong>quoque</strong></span> <span class='ocrx_word' id='word_1_633' title='bbox 1225 4565 1562 4621; x_wconf 89' lang='lat' dir='ltr'><strong>electoribus</strong></span> <span class='ocrx_word' id='word_1_634' title='bbox 1623 4567 1739 4621; x_wconf 86' lang='lat' dir='ltr'><strong>suis</strong></span> <span class='ocrx_word' id='word_1_635' title='bbox 1802 4566 2025 4642; x_wconf 71' lang='lat' dir='ltr'><strong>restitit,</strong></span> <span class='ocrx_word' id='word_1_636' title='bbox 2068 4567 2279 4631; x_wconf 87' lang='lat' dir='ltr'><strong>dicens,</strong></span> <span class='ocrx_word' id='word_1_637' title='bbox 2351 4581 2695 4636; x_wconf 85' lang='lat' dir='ltr'><strong>nequaquam</strong></span> <span class='ocrx_word' id='word_1_638' title='bbox 2739 4579 2798 4620; x_wconf 91' lang='lat' dir='ltr'><strong>se</strong></span> <span class='ocrx_word' id='word_1_639' title='bbox 2847 4565 2968 4634; x_wconf 87' lang='lat' dir='ltr'><strong>ejus</strong></span> <span class='ocrx_word' id='word_1_640' title='bbox 3011 4564 3219 4619; x_wconf 67' lang='lat' dir='ltr'><strong>dextrae</strong></span> <span class='ocrx_word' id='word_1_641' title='bbox 3269 4560 3600 4618; x_wconf 85' lang='lat' dir='ltr'><strong>consecratio-</strong></span> 
     </span>
    </p>
   </div>
   <div class='ocr_carea' id='block_1_90' title="bbox 389 4649 3595 4731">
    <p class='ocr_par' dir='ltr' id='par_1_90' title="bbox 389 4649 3595 4731">
     <span class='ocr_line' id='line_1_90' title="bbox 389 4649 3595 4731; baseline 0.001 -23"><span class='ocrx_word' id='word_1_642' title='bbox 389 4671 517 4708; x_wconf 74' lang='lat' dir='ltr'><strong>neut</strong></span> <span class='ocrx_word' id='word_1_643' title='bbox 571 4671 672 4710; x_wconf 90' lang='lat' dir='ltr'><strong>seu</strong></span> <span class='ocrx_word' id='word_1_644' title='bbox 719 4656 1122 4712; x_wconf 89' lang='lat' dir='ltr'><strong>ordinationem</strong></span> <span class='ocrx_word' id='word_1_645' title='bbox 1184 4668 1617 4728; x_wconf 88' lang='lat' dir='ltr'><strong>suscepturum,</strong></span> <span class='ocrx_word' id='word_1_646' title='bbox 1676 4674 1798 4729; x_wconf 73' lang='lat' dir='ltr'><strong>qua:</strong></span> <span class='ocrx_word' id='word_1_647' title='bbox 1857 4660 2365 4731; x_wconf 84' lang='lat' dir='ltr'><strong>perblasphemias</strong></span> <span class='ocrx_word' id='word_1_648' title='bbox 2423 4659 2609 4713; x_wconf 83' lang='lat' dir='ltr'><strong>divina</strong></span> <span class='ocrx_word' id='word_1_649' title='bbox 2699 4658 3037 4728; x_wconf 86' lang='lat' dir='ltr'><strong>suscepisset</strong></span> <span class='ocrx_word' id='word_1_650' title='bbox 3087 4657 3368 4728; x_wconf 88' lang='lat' dir='ltr'><strong>mysteria.</strong></span> <span class='ocrx_word' id='word_1_651' title='bbox 3424 4674 3440 4706; x_wconf 81' lang='grc' dir='ltr'><strong>ι</strong></span> <span class='ocrx_word' id='word_1_652' title='bbox 3515 4649 3595 4705; x_wconf 78' lang='lat' dir='ltr'><strong>Sed</strong></span> 
     </span>
    </p>
   </div>
   <div class='ocr_carea' id='block_1_91' title="bbox 390 4747 3596 4821">
    <p class='ocr_par' dir='ltr' id='par_1_91' title="bbox 390 4747 3596 4821">
     <span class='ocr_line' id='line_1_91' title="bbox 390 4747 3596 4821; baseline -0.001 -21"><span class='ocrx_word' id='word_1_653' title='bbox 390 4750 511 4803; x_wconf 74' lang='lat' dir='ltr'><strong>haec</strong></span> <span class='ocrx_word' id='word_1_654' title='bbox 547 4748 708 4818; x_wconf 82' lang='lat' dir='ltr'><strong>longe</strong></span> <span class='ocrx_word' id='word_1_655' title='bbox 755 4757 878 4818; x_wconf 75' lang='lat' dir='ltr'><strong>post</strong></span> <span class='ocrx_word' id='word_1_656' title='bbox 928 4760 1058 4805; x_wconf 88' lang='lat' dir='ltr'><strong>sunt</strong></span> <span class='ocrx_word' id='word_1_657' title='bbox 1102 4751 1266 4808; x_wconf 81' lang='lat' dir='ltr'><strong>facta.</strong></span> <span class='ocrx_word' id='word_1_658' title='bbox 1313 4753 1392 4808; x_wconf 88' lang='lat' dir='ltr'><strong>Eo</strong></span> <span class='ocrx_word' id='word_1_659' title='bbox 1437 4767 1570 4808; x_wconf 86' lang='lat' dir='ltr'><strong>vero</strong></span> <span class='ocrx_word' id='word_1_660' title='bbox 1614 4763 1858 4821; x_wconf 88' lang='lat' dir='ltr'><strong>tempore</strong></span> <span class='ocrx_word' id='word_1_661' title='bbox 1907 4754 1961 4808; x_wconf 91' lang='lat' dir='ltr'><strong>in</strong></span> <span class='ocrx_word' id='word_1_662' title='bbox 2003 4753 2318 4808; x_wconf 88' lang='lat' dir='ltr'><strong>interiorem</strong></span> <span class='ocrx_word' id='word_1_663' title='bbox 2393 4752 2706 4808; x_wconf 84' lang='lat' dir='ltr'><strong>Armeniam</strong></span> <span class='ocrx_word' id='word_1_664' title='bbox 2738 4753 3030 4808; x_wconf 86' lang='lat' dir='ltr'><strong>concessit.</strong></span> <span class='ocrx_word' id='word_1_665' title='bbox 3075 4751 3244 4806; x_wconf 91' lang='lat' dir='ltr'><strong>Divus</strong></span> <span class='ocrx_word' id='word_1_666' title='bbox 3278 4759 3453 4803; x_wconf 90' lang='lat' dir='ltr'><strong>autem</strong></span> <span class='ocrx_word' id='word_1_667' title='bbox 3513 4747 3596 4800; x_wconf 85' lang='lat' dir='ltr'><strong>Eu-</strong></span> 
     </span>
    </p>
   </div>
   <div class='ocr_carea' id='block_1_92' title="bbox 387 4843 3594 4918">
    <p class='ocr_par' dir='ltr' id='par_1_92' title="bbox 387 4843 3594 4918">
     <span class='ocr_line' id='line_1_92' title="bbox 387 4843 3594 4918; baseline 0 -24"><span class='ocrx_word' id='word_1_668' title='bbox 387 4843 578 4897; x_wconf 69' lang='lat' dir='ltr'><strong>sebius</strong></span> <span class='ocrx_word' id='word_1_669' title='bbox 605 4843 672 4897; x_wconf 91' lang='lat' dir='ltr'><strong>ad</strong></span> <span class='ocrx_word' id='word_1_670' title='bbox 705 4843 902 4898; x_wconf 89' lang='lat' dir='ltr'><strong>Istrum</strong></span> <span class='ocrx_word' id='word_1_671' title='bbox 935 4845 1098 4899; x_wconf 87' lang='lat' dir='ltr'><strong>vitam</strong></span> <span class='ocrx_word' id='word_1_672' title='bbox 1122 4846 1252 4916; x_wconf 89' lang='lat' dir='ltr'><strong>egit,</strong></span> <span class='ocrx_word' id='word_1_673' title='bbox 1274 4845 1493 4902; x_wconf 87' lang='lat' dir='ltr'><strong>Gotthis</strong></span> <span class='ocrx_word' id='word_1_674' title='bbox 1518 4855 1632 4902; x_wconf 89' lang='lat' dir='ltr'><strong>tum</strong></span> <span class='ocrx_word' id='word_1_675' title='bbox 1662 4845 1951 4902; x_wconf 88' lang='lat' dir='ltr'><strong>Thraciam</strong></span> <span class='ocrx_word' id='word_1_676' title='bbox 1993 4848 2466 4916; x_wconf 87' lang='lat' dir='ltr'><strong>percurrentibus,</strong></span> <span class='ocrx_word' id='word_1_677' title='bbox 2502 4856 2559 4901; x_wconf 91' lang='lat' dir='ltr'><strong>et</strong></span> <span class='ocrx_word' id='word_1_678' title='bbox 2602 4847 2767 4902; x_wconf 87' lang='lat' dir='ltr'><strong>urbes</strong></span> <span class='ocrx_word' id='word_1_679' title='bbox 2799 4847 2918 4918; x_wconf 82' lang='lat' dir='ltr'><strong>ejus</strong></span> <span class='ocrx_word' id='word_1_680' title='bbox 2949 4844 3344 4916; x_wconf 83' lang='lat' dir='ltr'><strong>populantibus</strong></span> <span class='ocrx_word' id='word_1_681' title='bbox 3377 4860 3390 4898; x_wconf 87' lang='lat'><strong>;</strong></span> <span class='ocrx_word' id='word_1_682' title='bbox 3430 4853 3594 4912; x_wconf 88' lang='lat' dir='ltr'><strong>quem-</strong></span> 
     </span>
    </p>
   </div>
   <div class='ocr_carea' id='block_1_93' title="bbox 380 4938 2083 5010">
    <p class='ocr_par' dir='ltr' id='par_1_93' title="bbox 380 4938 2083 5010">
     <span class='ocr_line' id='line_1_93' title="bbox 380 4938 2083 5010; baseline 0.002 -19"><span class='ocrx_word' id='word_1_683' title='bbox 380 4938 681 4992; x_wconf 68' lang='lat' dir='ltr'><strong>nlznolum</strong></span> <span class='ocrx_word' id='word_1_684' title='bbox 762 4939 878 5009; x_wconf 86' lang='lat' dir='ltr'><strong>ipse</strong></span> <span class='ocrx_word' id='word_1_685' title='bbox 943 4941 1148 5010; x_wconf 84' lang='lat' dir='ltr'><strong>scripto</strong></span> <span class='ocrx_word' id='word_1_686' title='bbox 1212 4942 1449 5010; x_wconf 86' lang='lat' dir='ltr'><strong>qualam</strong></span> <span class='ocrx_word' id='word_1_687' title='bbox 1533 4957 1633 4996; x_wconf 88' lang='lat' dir='ltr'><strong>suo</strong></span> <span class='ocrx_word' id='word_1_688' title='bbox 1714 4946 1942 4996; x_wconf 78' lang='lat' dir='ltr'><strong>testatus</strong></span> <span class='ocrx_word' id='word_1_689' title='bbox 1980 4952 2083 4998; x_wconf 83' lang='lat' dir='ltr'><strong>est.</strong></span> 
     </span>
    </p>
   </div>
   <div class='ocr_carea' id='block_1_94' title="bbox 963 5063 2462 5129">
    <p class='ocr_par' dir='ltr' id='par_1_94' title="bbox 963 5063 2049 5129">
     <span class='ocr_line' id='line_1_94' title="bbox 963 5063 2049 5129; baseline 0.01 -11"><span class='ocrx_word' id='word_1_690' title='bbox 963 5063 1190 5120; x_wconf 79' lang='lat' dir='ltr'><strong>CAPUT</strong></span> <span class='ocrx_word' id='word_1_691' title='bbox 1232 5063 1402 5119; x_wconf 79' lang='lat' dir='ltr'><strong>XXII.</strong></span> <span class='ocrx_word' id='word_1_692' title='bbox 2002 5073 2049 5129; x_wconf 84' lang='lat' dir='ltr'><strong>D</strong></span> 
     </span>
    </p>
   </div>
   <div class='ocr_carea' id='block_1_95' title="bbox 1574 5063 3073 5129">
    <p class='ocr_par' dir='ltr' id='par_1_95' title="bbox 2002 5063 3073 5129">
     <span class='ocr_line' id='line_1_95' title="bbox 2002 5063 3073 5129; baseline 0 -11"><span class='ocrx_word' id='word_1_693' title='bbox 2002 5073 2049 5129; x_wconf 73' lang='grc' dir='ltr'>υ</span> <span class='ocrx_word' id='word_1_694' title='bbox 2637 5063 2886 5119; x_wconf 74' lang='grc' dir='ltr'><strong>ΚΕΦΑΛ.</strong></span> <span class='ocrx_word' id='word_1_695' title='bbox 2946 5063 3073 5118; x_wconf 73' lang='grc' dir='ltr'>κον.</span> 
     </span>
    </p>
   </div>
   <div class='ocr_carea' id='block_1_96' title="bbox 396 5146 1895 5228">
    <p class='ocr_par' dir='ltr' id='par_1_96' title="bbox 396 5146 1895 5228">
     <span class='ocr_line' id='line_1_96' title="bbox 396 5146 1895 5228; baseline 0.003 -24"><span class='ocrx_word' id='word_1_696' title='bbox 396 5146 781 5228; x_wconf 39' lang='lat' dir='ltr'><strong>Dia-Barac,”</strong></span> <span class='ocrx_word' id='word_1_697' title='bbox 817 5155 1100 5226; x_wconf 78' lang='lat' dir='ltr'><strong>tyrannide</strong></span> <span class='ocrx_word' id='word_1_698' title='bbox 1141 5172 1201 5209; x_wconf 84' lang='lat' dir='ltr'><strong>ea</strong></span> <span class='ocrx_word' id='word_1_699' title='bbox 1237 5172 1394 5228; x_wconf 84' lang='lat' dir='ltr'><strong>quam</strong></span> <span class='ocrx_word' id='word_1_700' title='bbox 1430 5156 1483 5210; x_wconf 82' lang='lat' dir='ltr'><strong>in</strong></span> <span class='ocrx_word' id='word_1_701' title='bbox 1514 5155 1724 5228; x_wconf 78' lang='lat' dir='ltr'><strong>civit_ate</strong></span> <span class='ocrx_word' id='word_1_702' title='bbox 1768 5153 1895 5209; x_wconf 80' lang='lat' dir='ltr'><strong>Edet</strong></span> 
     </span>
    </p>
   </div>
   <div class='ocr_carea' id='block_1_97' title="bbox 2094 5146 3593 5228">
    <p class='ocr_par' dir='ltr' id='par_1_97' title="bbox 2094 5154 3593 5228">
     <span class='ocr_line' id='line_1_97' title="bbox 2094 5154 3593 5228; baseline -0.006 -16"><span class='ocrx_word' id='word_1_703' title='bbox 2094 5158 2212 5227; x_wconf 71' lang='grc' dir='ltr'>Περὶ</span> <span class='ocrx_word' id='word_1_704' title='bbox 2243 5158 2502 5228; x_wconf 81' lang='grc' dir='ltr'>Βάρσου,</span> <span class='ocrx_word' id='word_1_705' title='bbox 2537 5157 2636 5213; x_wconf 74' lang='grc' dir='ltr'><strong>καί</strong></span> <span class='ocrx_word' id='word_1_706' title='bbox 2669 5157 2804 5223; x_wconf 77' lang='grc' dir='ltr'>περὶ</span> <span class='ocrx_word' id='word_1_707' title='bbox 2833 5155 2950 5210; x_wconf 77' lang='grc' dir='ltr'>τῶν</span> <span class='ocrx_word' id='word_1_708' title='bbox 2980 5157 3052 5210; x_wconf 81' lang='grc' dir='ltr'><strong>ἐν</strong></span> <span class='ocrx_word' id='word_1_709' title='bbox 3075 5154 3341 5228; x_wconf 63' lang='grc' dir='ltr'><strong>Ἐδέᾳσῃ</strong></span> <span class='ocrx_word' id='word_1_710' title='bbox 3375 5166 3593 5228; x_wconf 70' lang='grc' dir='ltr'>πεπραγ-</span> 
     </span>
    </p>
   </div>
   <div class='ocr_carea' id='block_1_98' title="bbox 477 5221 1976 5297">
    <p class='ocr_par' dir='ltr' id='par_1_98' title="bbox 477 5221 1969 5297">
     <span class='ocr_line' id='line_1_98' title="bbox 477 5221 1969 5297; baseline 0.004 -24"><span class='ocrx_word' id='word_1_711' title='bbox 477 5221 664 5276; x_wconf 80' lang='lat' dir='ltr'><strong>Valens</strong></span> <span class='ocrx_word' id='word_1_712' title='bbox 698 5227 756 5278; x_wconf 78' lang='lat' dir='ltr'><strong>in</strong></span> <span class='ocrx_word' id='word_1_713' title='bbox 789 5221 1043 5296; x_wconf 65' lang='lat' dir='ltr'><strong>martyrio</strong></span> <span class='ocrx_word' id='word_1_714' title='bbox 1072 5242 1164 5279; x_wconf 78' lang='lat' dir='ltr'><strong>seu</strong></span> <span class='ocrx_word' id='word_1_715' title='bbox 1198 5221 1390 5296; x_wconf 69' lang='lat' dir='ltr'><strong>templo</strong></span> <span class='ocrx_word' id='word_1_716' title='bbox 1419 5228 1590 5281; x_wconf 77' lang='lat' dir='ltr'><strong>sancti</strong></span> <span class='ocrx_word' id='word_1_717' title='bbox 1615 5225 1824 5280; x_wconf 72' lang='lat' dir='ltr'><strong>Thema:</strong></span> <span class='ocrx_word' id='word_1_718' title='bbox 1847 5243 1969 5297; x_wconf 62' lang='lat' dir='ltr'><strong>pera</strong></span> 
     </span>
    </p>
   </div>
   <div class='ocr_carea' id='block_1_99' title="bbox 2125 5221 3624 5297">
    <p class='ocr_par' dir='ltr' id='par_1_99' title="bbox 2140 5221 3596 5297">
     <span class='ocr_line' id='line_1_99' title="bbox 2140 5221 3596 5297; baseline -0.006 -14"><span class='ocrx_word' id='word_1_719' title='bbox 2140 5221 2343 5297; x_wconf 69' lang='grc' dir='ltr'>,ἱιένωιῖ-</span> <span class='ocrx_word' id='word_1_720' title='bbox 2360 5221 2562 5296; x_wconf 61' lang='grc' dir='ltr'><strong>Οῠάλῃ</strong></span> <span class='ocrx_word' id='word_1_721' title='bbox 2596 5229 2666 5282; x_wconf 81' lang='grc' dir='ltr'><strong>ἐν</strong></span> <span class='ocrx_word' id='word_1_722' title='bbox 2717 5221 2798 5294; x_wconf 59' lang='grc' dir='ltr'>τῷ</span> <span class='ocrx_word' id='word_1_723' title='bbox 2838 5227 3143 5296; x_wconf 82' lang='grc' dir='ltr'>μαρτυρίῳ</span> <span class='ocrx_word' id='word_1_724' title='bbox 3165 5227 3272 5280; x_wconf 89' lang='grc' dir='ltr'>τοῦ</span> <span class='ocrx_word' id='word_1_725' title='bbox 3295 5221 3457 5296; x_wconf 74' lang='grc' dir='ltr'>ἁγίου</span> <span class='ocrx_word' id='word_1_726' title='bbox 3478 5223 3596 5277; x_wconf 76' lang='grc' dir='ltr'>ἀπο·</span> 
     </span>
    </p>
   </div>
   <div class='ocr_carea' id='block_1_100' title="bbox 468 5297 1967 5368">
    <p class='ocr_par' dir='ltr' id='par_1_100' title="bbox 468 5297 713 5360">
     <span class='ocr_line' id='line_1_100' title="bbox 468 5297 713 5360; baseline 0.012 -16"><span class='ocrx_word' id='word_1_727' title='bbox 468 5297 713 5360; x_wconf 73' lang='lat' dir='ltr'><strong>patravit.</strong></span> 
     </span>
    </p>
   </div>
   <div class='ocr_carea' id='block_1_101' title="bbox 1103 5297 2602 5368">
    <p class='ocr_par' dir='ltr' id='par_1_101' title="bbox 2145 5297 2602 5368">
     <span class='ocr_line' id='line_1_101' title="bbox 2145 5297 2602 5368; baseline 0.002 -16"><span class='ocrx_word' id='word_1_728' title='bbox 2145 5302 2377 5354; x_wconf 75' lang='grc' dir='ltr'>στόλου</span> <span class='ocrx_word' id='word_1_729' title='bbox 2409 5297 2602 5368; x_wconf 85' lang='grc' dir='ltr'>Θωμᾶ.</span> 
     </span>
    </p>
   </div>
   <div class='ocr_carea' id='block_1_102' title="bbox 466 5405 1965 5483">
    <p class='ocr_par' dir='ltr' id='par_1_102' title="bbox 466 5406 1965 5483">
     <span class='ocr_line' id='line_1_102' title="bbox 466 5406 1965 5483; baseline 0.006 -25"><span class='ocrx_word' id='word_1_730' title='bbox 466 5406 636 5461; x_wconf 83' lang='lat' dir='ltr'><strong>Porro</strong></span> <span class='ocrx_word' id='word_1_731' title='bbox 677 5409 882 5464; x_wconf 87' lang='lat' dir='ltr'><strong>Barsen</strong></span> <span class='ocrx_word' id='word_1_732' title='bbox 933 5408 1340 5466; x_wconf 84' lang='lat' dir='ltr'><strong>Edessenorum</strong></span> <span class='ocrx_word' id='word_1_733' title='bbox 1390 5412 1751 5483; x_wconf 84' lang='lat' dir='ltr'><strong>episcopum,</strong></span> <span class='ocrx_word' id='word_1_734' title='bbox 1807 5413 1965 5483; x_wconf 90' lang='lat' dir='ltr'><strong>cujus</strong></span> 
     </span>
    </p>
   </div>
   <div class='ocr_carea' id='block_1_103' title="bbox 2097 5405 3596 5483">
    <p class='ocr_par' dir='ltr' id='par_1_103' title="bbox 2146 5405 3596 5483">
     <span class='ocr_line' id='line_1_103' title="bbox 2146 5405 3596 5483; baseline -0.008 -16"><span class='ocrx_word' id='word_1_735' title='bbox 2146 5413 2255 5467; x_wconf 74' lang='grc' dir='ltr'><strong>Καὶ</strong></span> <span class='ocrx_word' id='word_1_736' title='bbox 2282 5413 2502 5483; x_wconf 77' lang='grc' dir='ltr'>Βᾶρσην</span> <span class='ocrx_word' id='word_1_737' title='bbox 2530 5410 2609 5476; x_wconf 72' lang='grc' dir='ltr'>δὲ,</span> <span class='ocrx_word' id='word_1_738' title='bbox 2634 5410 2690 5473; x_wconf 82' lang='grc' dir='ltr'>ὃς</span> <span class='ocrx_word' id='word_1_739' title='bbox 2715 5409 2815 5482; x_wconf 78' lang='grc' dir='ltr'>τὴν</span> <span class='ocrx_word' id='word_1_740' title='bbox 2855 5410 3196 5482; x_wconf 81' lang='grc' dir='ltr'>Ἐδεσσηνῶν</span> <span class='ocrx_word' id='word_1_741' title='bbox 3259 5409 3410 5464; x_wconf 82' lang='grc' dir='ltr'>πόλιν</span> <span class='ocrx_word' id='word_1_742' title='bbox 3455 5405 3596 5462; x_wconf 87' lang='grc' dir='ltr'><strong>διίθυ⁶</strong></span> 
     </span>
    </p>
   </div>
   <div class='ocr_carea' id='block_1_104' title="bbox 393 5494 1892 5576">
    <p class='ocr_par' dir='ltr' id='par_1_104' title="bbox 393 5494 1892 5576">
     <span class='ocr_line' id='line_1_104' title="bbox 393 5494 1892 5576; baseline 0.004 -25"><span class='ocrx_word' id='word_1_743' title='bbox 393 5494 593 5565; x_wconf 82' lang='lat' dir='ltr'><strong>ingens</strong></span> <span class='ocrx_word' id='word_1_744' title='bbox 639 5506 722 5553; x_wconf 85' lang='lat' dir='ltr'><strong>est</strong></span> <span class='ocrx_word' id='word_1_745' title='bbox 767 5501 940 5570; x_wconf 86' lang='lat' dir='ltr'><strong>gloria</strong></span> <span class='ocrx_word' id='word_1_746' title='bbox 992 5502 1047 5556; x_wconf 92' lang='lat' dir='ltr'><strong>in</strong></span> <span class='ocrx_word' id='word_1_747' title='bbox 1093 5503 1414 5568; x_wconf 66' lang='lat' dir='ltr'><strong>Phoenicia,</strong></span> <span class='ocrx_word' id='word_1_748' title='bbox 1457 5503 1690 5576; x_wconf 60' lang='grc' dir='ltr'>λεπριο</span> <span class='ocrx_word' id='word_1_749' title='bbox 1719 5513 1774 5560; x_wconf 88' lang='lat' dir='ltr'><strong>et</strong></span> <span class='ocrx_word' id='word_1_750' title='bbox 1821 5503 1892 5558; x_wconf 81' lang='lat' dir='ltr'><strong>Th</strong></span> 
     </span>
    </p>
   </div>
   <div class='ocr_carea' id='block_1_105' title="bbox 2096 5494 3595 5576">
    <p class='ocr_par' dir='ltr' id='par_1_105' title="bbox 2096 5494 3595 5576">
     <span class='ocr_line' id='line_1_105' title="bbox 2096 5494 3595 5576; baseline -0.006 -18"><span class='ocrx_word' id='word_1_751' title='bbox 2096 5522 2186 5565; x_wconf 63' lang='grc' dir='ltr'>μεν.</span> <span class='ocrx_word' id='word_1_752' title='bbox 2217 5499 2279 5559; x_wconf 76' lang='grc' dir='ltr'>οὗ</span> <span class='ocrx_word' id='word_1_753' title='bbox 2309 5505 2447 5558; x_wconf 80' lang='grc' dir='ltr'>πολὺ</span> <span class='ocrx_word' id='word_1_754' title='bbox 2495 5506 2652 5569; x_wconf 84' lang='grc' dir='ltr'>κλέος</span> <span class='ocrx_word' id='word_1_755' title='bbox 2722 5509 2782 5558; x_wconf 81' lang='grc' dir='ltr'>ὲν</span> <span class='ocrx_word' id='word_1_756' title='bbox 2833 5504 3058 5576; x_wconf 76' lang='grc' dir='ltr'>Φοινίκῃ</span> <span class='ocrx_word' id='word_1_757' title='bbox 3101 5506 3196 5558; x_wconf 80' lang='grc' dir='ltr'>καὶ</span> <span class='ocrx_word' id='word_1_758' title='bbox 3236 5504 3482 5573; x_wconf 77' lang='grc' dir='ltr'>Αἰγύπτῳ</span> <span class='ocrx_word' id='word_1_759' title='bbox 3525 5494 3595 5550; x_wconf 74' lang='grc' dir='ltr'>καὶ</span> 
     </span>
    </p>
   </div>
   <div class='ocr_carea' id='block_1_106' title="bbox 393 5587 1892 5671">
    <p class='ocr_par' dir='ltr' id='par_1_106' title="bbox 393 5587 1892 5666">
     <span class='ocr_line' id='line_1_106' title="bbox 393 5587 1892 5666; baseline 0.005 -22"><span class='ocrx_word' id='word_1_760' title='bbox 393 5587 578 5656; x_wconf 85' lang='lat' dir='ltr'><strong>baide,</strong></span> <span class='ocrx_word' id='word_1_761' title='bbox 611 5591 882 5660; x_wconf 77' lang='lat' dir='ltr'><strong>siquidem</strong></span> <span class='ocrx_word' id='word_1_762' title='bbox 917 5595 1015 5650; x_wconf 86' lang='lat' dir='ltr'><strong>has</strong></span> <span class='ocrx_word' id='word_1_763' title='bbox 1046 5611 1343 5666; x_wconf 88' lang='lat' dir='ltr'><strong>peragrans</strong></span> <span class='ocrx_word' id='word_1_764' title='bbox 1372 5597 1592 5652; x_wconf 85' lang='lat' dir='ltr'><strong>virtutis</strong></span> <span class='ocrx_word' id='word_1_765' title='bbox 1646 5611 1756 5652; x_wconf 66' lang='lat' dir='ltr'><strong>suae</strong></span> <span class='ocrx_word' id='word_1_766' title='bbox 1783 5596 1892 5665; x_wconf 81' lang='lat' dir='ltr'><strong>sple</strong></span> 
     </span>
    </p>
   </div>
   <div class='ocr_carea' id='block_1_107' title="bbox 2094 5587 3593 5671">
    <p class='ocr_par' dir='ltr' id='par_1_107' title="bbox 2094 5587 3593 5671">
     <span class='ocr_line' id='line_1_107' title="bbox 2094 5587 3593 5671; baseline -0.001 -20"><span class='ocrx_word' id='word_1_767' title='bbox 2094 5596 2305 5668; x_wconf 63' lang='grc' dir='ltr'>ἓηϐαἲδι</span> <span class='ocrx_word' id='word_1_768' title='bbox 2337 5614 2351 5629; x_wconf 88' lang='grc'><strong>·</strong></span> <span class='ocrx_word' id='word_1_769' title='bbox 2384 5598 2478 5652; x_wconf 74' lang='grc' dir='ltr'>καὶ</span> <span class='ocrx_word' id='word_1_770' title='bbox 2515 5599 2624 5671; x_wconf 81' lang='grc' dir='ltr'><strong>γὰρ</strong></span> <span class='ocrx_word' id='word_1_771' title='bbox 2664 5598 2846 5660; x_wconf 82' lang='grc' dir='ltr'>αὐτοῖς</span> <span class='ocrx_word' id='word_1_772' title='bbox 2897 5597 3070 5652; x_wconf 75' lang='grc' dir='ltr'>ἅπασι</span> <span class='ocrx_word' id='word_1_773' title='bbox 3126 5597 3477 5668; x_wconf 84' lang='grc' dir='ltr'>διερχόμενος,</span> <span class='ocrx_word' id='word_1_774' title='bbox 3521 5587 3593 5649; x_wconf 79' lang='grc' dir='ltr'>τὰς</span> 
     </span>
    </p>
   </div>
   <div class='ocr_carea' id='block_1_108' title="bbox 392 5680 1891 5765">
    <p class='ocr_par' dir='ltr' id='par_1_108' title="bbox 392 5680 1890 5753">
     <span class='ocr_line' id='line_1_108' title="bbox 392 5680 1890 5753; baseline 0.006 -19"><span class='ocrx_word' id='word_1_775' title='bbox 392 5680 534 5736; x_wconf 86' lang='lat' dir='ltr'><strong>dore</strong></span> <span class='ocrx_word' id='word_1_776' title='bbox 592 5682 930 5753; x_wconf 85' lang='lat' dir='ltr'><strong>illustravit,</strong></span> <span class='ocrx_word' id='word_1_777' title='bbox 985 5695 1045 5743; x_wconf 89' lang='lat' dir='ltr'><strong>ut</strong></span> <span class='ocrx_word' id='word_1_778' title='bbox 1098 5689 1332 5744; x_wconf 87' lang='lat' dir='ltr'><strong>insulam</strong></span> <span class='ocrx_word' id='word_1_779' title='bbox 1387 5690 1626 5746; x_wconf 84' lang='lat' dir='ltr'><strong>Aradum</strong></span> <span class='ocrx_word' id='word_1_780' title='bbox 1677 5688 1890 5745; x_wconf 88' lang='lat' dir='ltr'><strong>incoler</strong></span> 
     </span>
    </p>
   </div>
   <div class='ocr_carea' id='block_1_109' title="bbox 2093 5680 3592 5765">
    <p class='ocr_par' dir='ltr' id='par_1_109' title="bbox 2093 5681 3592 5765">
     <span class='ocr_line' id='line_1_109' title="bbox 2093 5681 3592 5765; baseline -0.003 -20"><span class='ocrx_word' id='word_1_781' title='bbox 2093 5692 2177 5764; x_wconf 67' lang='grc' dir='ltr'>τῆς</span> <span class='ocrx_word' id='word_1_782' title='bbox 2208 5691 2410 5763; x_wconf 69' lang='grc' dir='ltr'>ἀρετῆς</span> <span class='ocrx_word' id='word_1_783' title='bbox 2436 5693 2802 5765; x_wconf 76' lang='grc' dir='ltr'>ἀπήστραπτε</span> <span class='ocrx_word' id='word_1_784' title='bbox 2835 5692 3211 5762; x_wconf 70' lang='grc' dir='ltr'>λαμπηδόνας,</span> <span class='ocrx_word' id='word_1_785' title='bbox 3253 5690 3428 5745; x_wconf 83' lang='grc' dir='ltr'>τοῦτον</span> <span class='ocrx_word' id='word_1_786' title='bbox 3452 5687 3501 5740; x_wconf 83' lang='grc' dir='ltr'>δὲ</span> <span class='ocrx_word' id='word_1_787' title='bbox 3532 5681 3592 5740; x_wconf 66' lang='grc' dir='ltr'><strong>είς</strong></span> 
     </span>
    </p>
   </div>
   <div class='ocr_carea' id='block_1_110' title="bbox 470 5825 1153 5894">
    <p class='ocr_par' dir='ltr' id='par_1_110' title="bbox 470 5825 1153 5894">
     <span class='ocr_line' id='line_1_110' title="bbox 470 5825 1153 5894; baseline 0.012 -17"><span class='ocrx_word' id='word_1_788' title='bbox 470 5825 548 5894; x_wconf 80' lang='grc' dir='ltr'><strong>(Ι)</strong></span> <span class='ocrx_word' id='word_1_789' title='bbox 580 5825 790 5882; x_wconf 89' lang='lat' dir='ltr'><strong>Thcod.</strong></span> <span class='ocrx_word' id='word_1_790' title='bbox 818 5826 944 5884; x_wconf 88' lang='lat' dir='ltr'><strong>cod.</strong></span> <span class='ocrx_word' id='word_1_791' title='bbox 980 5845 1029 5884; x_wconf 93' lang='lat' dir='ltr'><strong>c.</strong></span> <span class='ocrx_word' id='word_1_792' title='bbox 1067 5830 1153 5885; x_wconf 81' lang='grc'><strong>15.</strong></span> 
     </span>
    </p>
   </div>
  </div>
