3912 6596
408 436 513 497 bii!)
1592 439 1641 500 N
1655 442 1771 500 HIE
1781 440 1930 501 PHO
1940 444 1983 501 ll

2090 440 2401 505 iALLlSTI
3542 438 3642 508 610

405 549 757 616 ctlmducls?
788 551 854 605 Et
887 565 1104 604 rursum
1137 549 1229 605 illa
1263 567 1279 605 :
1315 550 1383 607 Ut
1416 558 1469 605 et
1504 551 1654 622 ipse,
1692 554 1766 607 ait
1789 593 1804 613 .
1840 564 1967 623 pust

2090 558 2393 627 υπέστρεφε
2424 574 2439 589 ·
2466 556 2558 611 καὶ
2588 558 2991 627 κοινωσάμενος
3025 556 3174 627 αὐτῷ
3202 555 3439 627 βασιλεῖ,
3467 556 3644 609 ἔπειθε

403 640 751 696 atllictionem
786 651 844 696 et
878 656 1180 697 arumnam
1219 642 1504 697 toleratam
1528 683 1543 705 .
1587 645 1812 700 honoris
1849 646 1970 716 ejus

2090 646 2155 717 ui)
2195 648 2278 709 είς
2304 648 2475 716 πέρας
2517 648 2672 715 ἄγειν
2702 648 2768 701 τὰ
2824 647 3052 711 δόξαντα
3083 662 3099 678 ’
3150 646 3491 717 αἰσχρότητα
3543 645 3647 714 γὰρ

401 734 678 803 particeps
713 734 824 787 ﬁat.
862 734 956 789 Ille
988 734 1174 788 animo
1208 734 1274 788 ad
1316 746 1423 789 tam
1461 750 1781 805 generosam
1814 737 1972 792 forti-

2090 732 2218 791 εἶναι
2247 739 2310 791 ἑκ
2339 738 2433 791 τοῦ
2466 740 2750 809 δρωμένου
2798 739 2893 791 καὶ
2927 737 3214 792 δύσκλειαν
3247 753 3261 767 ·
3300 736 3538 799 ἐκείνοις
3570 737 3646 801 δὲ,

401 826 646 880 tudinem
684 826 935 880 mulieris
968 833 1391 891 consternatus,
1426 826 1517 881 ubi
1554 843 1621 883 ex
1654 831 1773 900 ejus
1805 830 1970 886 unius

2090 830 2149 898 ιὴ
2181 830 2399 899 ἐφικτὸν
2426 824 2586 896 εἶναι,
2622 830 2815 883 σσέσαι
2851 827 2950 900 τὴν
2998 827 3329 898 προθυμίαν.
3368 826 3414 878 Τ
3418 825 3539 878 αὖτ’
3575 826 3649 878 εί-

403 916 632 970 aliorum
664 917 912 970 omnium
945 917 1276 987 conjecisset
1305 916 1668 983 alacritatem,
1696 920 1762 974 ad
1796 920 1969 987 impe-

2090 918 2213 983 τὼν,
2239 922 2301 974 τὸ
2322 920 2524 990 πλῆθος
2578 921 2873 990 ἀπείρατον
2926 919 3185 988 διετήρει.
3219 914 3641 986 [λοιδορησάμε-

403 1007 592 1062 rialem
639 1005 864 1063 domum
911 1021 1167 1063 reversus
1192 1048 1206 1072 ,
1238 1008 1556 1076 imperatori
1594 1024 1709 1064 rem
1745 1022 1966 1064 onmem

2090 1027 2165 1073 νος
2198 1012 2243 1064 δ’
2269 1012 2473 1075 ἐκεῖνος
2496 1012 2586 1065 τὸν
2608 1010 2853 1081 ὕπαρχον
2882 1012 2978 1065 καὶ
3035 1010 3142 1074 πὺξ
3164 1009 3398 1073 παίσας,
3435 1009 3572 1063 ἀλλά
3590 1025 3649 1076 γε

405 1096 691 1162 indicavit,
722 1108 775 1151 et
806 1106 867 1151 ut
895 1111 925 1151 a
958 1097 1192 1153 consilio
1226 1108 1516 1167 cmptoque
1545 1115 1648 1154 suo
1678 1099 1970 1154 desisteret

2090 1101 2206 1165 τοὺς
2233 1103 2573 1172 ἡγουμένους
2629 1102 2721 1156 τοῦ
2776 1103 3018 1173 πλήθους
3070 1103 3411 1173 προσέταττε
3465 1101 3653 1175 συλλη-

404 1187 576 1241 ειυείι
612 1206 624 1241 :
676 1197 887 1257 turpem
925 1198 982 1243 et
1024 1188 1311 1243 adversam
1358 1190 1552 1245 dicens
1585 1206 1653 1245 ex
1691 1191 1783 1245 tali
1825 1192 1970 1246 facto

2090 1192 2397 1265 ρθέντας,ἢ
2441 1196 2518 1264 τῷ
2566 1195 2755 1267 Λύκῳ,
2804 1199 2900 1251 καὶ
2945 1195 3005 1248 οὐ
3062 1195 3314 1263 ποιμένι,
3369 1197 3650 1246 κοινωνεῖν

405 1289 826 1333 consecuturum
873 1279 1093 1341 famam,
1139 1289 1306 1349 atque
1353 1278 1752 1335 Edessenorum
1798 1282 1970 1336 nihilo

2090 1285 2317 1351 ἑλέσθαι,
2348 1286 2382 1358 ἦ
2416 1286 2609 1342 θᾶττον
2638 1288 2737 1358 τῆς
2765 1288 2971 1352 πόλεως
2993 1287 3220 1360 ἀπελᾷν,
3261 1286 3363 1340 καὶ
3387 1286 3483 1339 ἐπί
3506 1304 3650 1351 τινας

405 1369 579 1440 magis
635 1370 973 1426 alacritatem
1026 1374 1363 1427 exstinctum
1417 1374 1507 1427 iri.
1564 1374 1763 1429 Verbis
1816 1374 1969 1430 hisce

2090 1376 2335 1445 ἐσχατιὰς
2365 1378 2465 1446 γῆς
2495 1380 2906 1449 παραπέμπειν.
3192 1368 3213 1383 ‘

406 1466 749 1521 innumeram
804 1467 1216 1523 multitudinem
1263 1469 1556 1539 praefectus
1596 1472 1964 1525 conservavit.
2007 1470 2077 1525 At
2146 1472 2449 1539 imperator
2480 1475 2569 1529 ubi
2636 1474 2791 1528 illum
2822 1474 3239 1529 contumeliosis
3265 1473 3505 1527 vocibus
3532 1486 3651 1542 pro-

405 1561 603 1627 scidit,
637 1577 819 1632 pugno
858 1563 1023 1618 etiam
1066 1564 1310 1619 cecidit:
1380 1565 1752 1620 multitudinis
1829 1566 2194 1624 nihilominus
2240 1568 2410 1623 duces
2490 1571 2914 1638 COIIIpl‘ehellSOS
2946 1569 3064 1639 cogi
3102 1569 3391 1639 praecepit,
3434 1578 3493 1621 ut
3564 1582 3655 1635 per

407 1658 682 1726 cptionem
715 1659 800 1713 vel
833 1674 956 1713 cum
992 1659 1136 1730 Lyco
1166 1675 1262 1715 seu
1298 1660 1426 1731 lupo
1449 1705 1461 1726 ,
1497 1671 1552 1716 et
1620 1678 1726 1715 non
1758 1672 2001 1731 pastore,
2041 1665 2516 1749 cpunuunicarent
2548 1705 2564 1731 ,
2612 1666 2697 1720 vel
2787 1666 2923 1720 citra
2978 1680 3183 1719 moram
3241 1664 3383 1719 urbe
3431 1662 3656 1716 excede-

410 1762 558 1820 rent,
594 1763 758 1825 atque
783 1755 850 1811 ad
885 1756 1107 1812 ultimas
1136 1771 1263 1813 oras
1294 1758 1601 1813 exsulatum
1631 1759 1797 1814 irent.

959 1867 1183 1926 CAPUT
1221 1867 1413 1924 XXIII.
2005 1880 2047 1934 Β

413 1959 487 2013 De
519 1958 737 2032 Eulogio
769 1970 818 2013 et
841 1959 1155 2031 Protogene,
1173 1970 1229 2016 ut
1251 1961 1530 2032 magniﬁce
1547 1978 1640 2030 pro
1670 1962 1774 2029 ﬁde
1801 1964 1979 2017 decer-

2638 1869 2888 1923 ΚΕΦΛΛ.
2944 1868 3071 1922 Kl“.

2081 1959 2219 2025 napi
2260 1958 2555 2025 Εὐλογίου
2603 1959 2701 2011 καί
2758 1957 3199 2025 Πρωτογένους,
3251 1955 3335 2018 ὡς
3368 1956 3521 2022 ὑπὲρ
3547 1955 3651 2019 τῆς

480 2031 746 2084 laverint:
800 2039 849 2084 et
908 2039 965 2084 ut
1015 2042 1129 2097 post
1179 2031 1406 2085 reditum
1457 2034 1520 2086 ab
1561 2033 1785 2095 exsilio,
1841 2034 1979 2087 alter

478 2099 715 2238 ἷίάεεδιῗ,
739 2100 876 2154 alter
906 2110 1083 2156 autem
1109 2101 1290 2157 Curris
1313 2101 1559 2156 Ecclesia’
1590 2104 1817 2173 episcopi
1834 2120 1975 2174 pra:-

507 2185 654 2223 uerm
690 2211 700 2223 .

507 2185 700 2223 uernat.

481 2280 653 2335 Porro
691 2282 785 2337 ubi
821 2275 1111 2353 praefectus
1166 2286 1289 2341 illos
1342 2300 1536 2343 omnes
1563 2298 1974 2359 congregasset,

411 2372 764 2441 imperatoris
808 2373 1064 2429 mandata
1101 2375 1154 2429 in
1210 2377 1454 2431 medium
1486 2378 1734 2447 protulit,
1767 2380 1979 2434 lenibus

415 2472 576 2517 utens
612 2465 813 2525 verbis.
880 2466 1255 2537 stolidumque
1314 2481 1437 2523 esse
1466 2468 1693 2534 dicens,
1734 2484 1830 2523 eos
1870 2479 1978 2525 tam

414 2569 620 2623 paucos
646 2565 703 2610 et
741 2555 1044 2631 imbecilles
1077 2559 1329 2615 homines
1366 2568 1559 2615 contra
1590 2561 1977 2631 imperatorem

413 2656 646 2711 tantum,
673 2657 730 2701 et
759 2656 840 2702 tot
869 2650 1086 2719 populis
1122 2652 1483 2721 imperantem
1531 2654 1652 2709 niti.
1678 2653 1758 2707 llli
1792 2663 1976 2708 autem

418 2739 568 2792 taciti
601 2755 793 2796 omnes
822 2743 1140 2809 constitere,
1188 2746 1245 2800 in
1277 2745 1475 2801 ducem
1507 2761 1665 2800 suum
1696 2745 1981 2816 (Eulogius

416 2830 465 2885 is
490 2840 630 2896 erat,
675 2833 759 2886 vir
785 2832 896 2886 vita
931 2834 1094 2889 simul
1124 2843 1181 2889 et
1214 2835 1461 2891 doctrina
1506 2835 1830 2909 condignam
1864 2838 1976 2891 lau-

414 2925 538 2979 dem
565 2926 910 2999 consecutus)
942 2937 1348 2997 respectantes.
1376 2930 1457 2986 Ad
1488 2930 1637 2985 hunc
1671 2931 1840 2994 igitur
1870 2930 1984 2986 Mo-

414 3014 601 3070 destus
631 3032 955 3072 conversus:
978 3019 1121 3084 Quid
1149 3020 1223 3075 ita
1250 3021 1491 3082 tandem,
1516 3022 1715 3091 inquit,
1738 3038 1771 3076 ο
1792 3037 1981 3087 senex,

416 3121 524 3159 non
583 3108 924 3178 respondes?
974 3112 1161 3180 Atqui,
1220 3112 1506 3183 respondit
1554 3113 1668 3181 ille,
1713 3128 1982 3184 responso

2084 2068 2085 2071 η
2151 2031 2409 2092 πίστεως
2432 2028 2842 2096 ἠγωνίσαντο·
2877 2028 2976 2081 καὶ
3016 2027 3162 2093 μετὰ
3202 2025 3323 2096 τὴν
3356 2025 3652 2096 ἀπιὶζοόον

2150 2103 2182 2152 ό
2210 2099 2326 2166 μὲν
2357 2092 2907 2164 τῆξῈόεσσηνῶν,
2950 2092 3339 2163 Πρωτογένης
3360 2094 3429 2146 δὲ
3449 2092 3559 2161 τῆς
3589 2097 3652 2145 ἐν

2150 2166 2410 2236 Κιιῤῥαῖς
2431 2168 2774 2234 ἐκκλησίας
2810 2167 3225 2234 προέστησαν.

2162 2283 2317 2336 Ἐπεὶ
2337 2282 2393 2335 δὲ
2423 2283 2627 2344 πάντας
2648 2280 2911 2349 ἀθροίσας
2935 2276 3004 2331 τὰ
3036 2277 3113 2347 τῷ
3133 2276 3355 2345 βασιλεῖ
3388 2291 3649 2344 προστατο

2078 2376 2280 2445 τόμενα
2307 2377 2386 2438 είς
2417 2377 2581 2445 μέσον
2605 2373 2792 2437 ἐτίθει,
2825 2372 3012 2442 ὴπίοις
3040 2372 3113 2425 τὰ
3153 2371 3354 2440 πρῶτα
3375 2371 3650 2440 χρώμενος

2080 2469 2261 2537 λύγοις
2291 2485 2306 2499 ο
2341 2467 2552 2538 ἠλίθιον
2610 2468 2719 2535 γὰρ
2765 2460 2903 2519 εἶναι
2953 2464 3106 2532 ἔλεγε
3155 2462 3374 2533 βασιλεῖ
3421 2460 3647 2530 τοσούτῳ

2082 2565 2178 2617 καὶ
2210 2560 2484 2615 τοσούτων
2524 2560 2876 2629 κατάρχοντι,
2911 2556 3270 2627 βραχυτάτοις
3299 2552 3476 2616 οὓτως
3515 2554 3649 2604 ἀκτι-

2080 2656 2280 2710 τείνειν
2305 2651 2643 2721 ἀνθρώποις·
2670 2652 2747 2712 ὡς
2770 2650 2815 2703 δ’
2843 2648 3077 2710 ἅπαντες
3097 2648 3158 2700 ὲν
3190 2648 3319 2715 σιγῇ
3347 2641 3506 2716 ἦσαν,
3521 2645 3646 2708 πρὸς

2082 2749 2175 2801 τὸν
2226 2747 2432 2800 τούτων
2486 2743 2787 2814 ήγούμενον
2835 2741 3148 2811 ἀφορῶντες
3186 2738 3473 2809 (Εύλύγιος
3497 2735 3647 2797 οὗτος

2082 2833 2172 2907 ἦν,
2190 2837 2329 2905 ἀνὴρ
2343 2835 2442 2906 βὲῳ
2458 2836 2550 2886 καὶ
2567 2832 2713 2903 λόγῳ
2735 2831 2795 2884 τὸ
2823 2831 3135 2897 ἀξιέπαινον
3147 2826 3314 2904 ἔχων)
3328 2842 3340 2855 ·
3362 2830 3389 2879 ὁ
3410 2825 3643 2894 ὕπαρχος

2084 2928 2219 2995 πρὸς
2237 2930 2441 2980 ἐκεῖνον
2460 2924 2740 2995 στραφεὶς,
2756 2921 2897 2990 Τίδή
2918 2935 3067 2986 ποτε,
3083 2918 3211 2989 ἔφη,
3231 2916 3538 2986 πρεσϐύτα,
3554 2916 3646 2967 οὐκ

2083 3021 2389 3091 ἀποκρίνῃς
2427 3018 2486 3071 ’0
2556 3016 2636 3082 δὲ,
2675 3015 2789 3068 Οὐκ
2843 3013 3027 3083 οἴομαι
3081 3011 3201 3065 δέον
3257 3005 3431 3074 εἶναι,
3490 3005 3645 3077 μηδὲν

2084 3110 2458 3183 ἐρωτώμενος,
2487 3107 2906 3179 ἀποκρίνεσθαι.
2942 3106 3057 3158 Καὶ
3108 3103 3217 3175 μὴν
3258 3104 3494 3165 ἐκεῖνος,
3522 3099 3645 3152 Πολ-

415 3198 553 3252 nihil
580 3216 721 3269 opus
768 3217 912 3270 esse,
943 3204 1039 3274 qui
1084 3206 1455 3275 interrogatus
1499 3222 1609 3261 non
1644 3221 1848 3273 essem,
1882 3222 1981 3276 pu-

2090 3203 2229 3267 λοὺς,
2262 3202 2414 3271 φησὶ,
2446 3200 2796 3269 διεξελήλυθα
2819 3198 3037 3265 λόγους,
3066 3196 3136 3249 τὰ
3175 3193 3496 3248 συνοίσοντα
3524 3192 3645 3259 ὑμῖν

414 3291 547 3344 tari.
580 3292 819 3347 Rursum
843 3295 1136 3365 praefectus
1173 3314 1188 3351 :
1221 3296 1387 3352 Multa
1429 3308 1577 3354 certe
1611 3299 1676 3353 ad
1714 3296 1832 3366 νὸς,
1861 3298 2029 3369 quae"

419 3383 572 3435 utilia
617 3384 776 3439 vobis
818 3395 1024 3453 essent,
1079 3402 1399 3459 exponens,
1461 3390 1631 3445 verba
1671 3390 1795 3445 feci.
1845 3390 1984 3445 Tum

416 3472 682 3543 EuIOgius
715 3494 728 3529 :
767 3473 863 3530 Ilia
891 3477 1114 3545 quidem
1173 3479 1237 3533 ad
1296 3483 1585 3536 universos
1634 3494 1763 3537 sunt
1817 3481 1984 3537 dicta.

418 3563 531 3633 Ego
554 3575 734 3620 alitem
768 3567 1011 3637 ineptum
1043 3582 1164 3624 esse
1201 3572 1529 3636 existimavi,
1567 3576 1610 3627 si
1648 3572 1830 3628 multis
1852 3574 1996 3644 reje-

417 3658 542 3720 ctis,
574 3657 689 3726 ipse
720 3661 1321 3737 responderemulas
1376 3664 1533 3730 Quod
1571 3666 1615 3719 si
1675 3680 1763 3720 me
1805 3666 1988 3721 solum

419 3758 807 3813 percunclatus
840 3749 1029 3815 fueris,
1073 3752 1223 3806 illico
1262 3752 1360 3807 tibi
1422 3756 1754 3809 sententiam
1810 3770 1986 3809 meam

418 3851 710 3905 exponam.
744 3840 823 3894 lbi
852 3832 1143 3911 praefectus
1175 3861 1192 3898 :
1227 3845 1369 3915 Ergo
1402 3854 1462 3898 ut
1499 3860 1625 3900 cum
1659 3846 1990 3915 imperatore

425 3927 524 3980 tibi
591 3933 908 3985 communio
959 3931 1050 3996 sit.
1103 3932 1290 3989 facito.
1334 3952 1355 3986 ι
1387 3933 1648 4005 Eulogius
1699 3948 1829 3990 vero
1873 3948 1991 3989 ma-

422 4033 684 4091 gna_eum
716 4024 887 4091 gratia
919 4022 1099 4080 facete
1123 4024 1420 4081 admodum
1462 4025 1753 4082 arridens:
1777 4023 1991 4080 «Odert

420 4089 592 4178 eniin,
652 4115 852 4186 inquit,
883 4127 939 4172 et
998 4132 1106 4173 una
1144 4133 1274 4174 eum
1329 4119 1565 4189 imperio
1619 4118 2011 4176 sacerdotium’

420 4220 642 4277 quoque
688 4210 917 4265 sortitus
958 4219 1047 4267 est
1085 4212 1183 4283 (ηε
1220 4232 1241 4264 ι
1271 4208 1477 4267 Verum
1511 4211 1601 4267 ille
1634 4210 1903 4267 ironicum
1933 4219 1992 4266 et

419 4302 822 4357 amarulentum
861 4303 1066 4359 dictum
1097 4305 1367 4369 sentiens,
1401 4305 1641 4375 graviter
1658 4304 1711 4359 id
1747 4304 1909 4368 tulit,
1933 4311 1992 4358 et

415 4394 579 4464 jac-tis
611 4397 660 4448 iu
693 4411 881 4451 senem
911 4397 1204 4466 conviciis,
1249 4399 1315 4453 ad
1349 4399 1455 4452 alia
1487 4398 1603 4452 haec
1636 4397 1861 4467 insuper
1892 4395 1992 4451 ad-

419 4486 608 4544 didit:
674 4504 695 4539 ι
736 4488 854 4542 Non
904 4489 1009 4543 hoc
1064 4489 1201 4554 dixi,
1253 4489 1485 4544 attonite
1528 4497 1584 4544 et
1641 4488 1833 4555 stulte,
1889 4486 1988 4542 sed

2086 3297 2495 3365 εἰσηγούμενος.
2533 3295 2591 3349 '0
2635 3292 2680 3345 δ’
2712 3291 2992 3358 Εὒλόγιος,
3019 3289 3238 3342 Ἐκεῖνα
3266 3287 3373 3357 μὲν
3420 3289 3553 3356 προς
3581 3283 3639 3338 ἀ-

2088 3402 2296 3447 παντας
2316 3385 2564 3455 εἴρηταν
2596 3383 2690 3436 καί
2723 3398 2789 3450 γε
2817 3380 3019 3435 ἄτοπον
3051 3377 3235 3450 ᾤμην,
3262 3380 3398 3442 τοὺς
3425 3375 3641 3438 πολλοὺς

2087 3479 2528 3547 παρωσάμενος,
2573 3476 2738 3529 αὐτὸν
2814 3472 3273 3543 ἀποκρίνασθαι·
3325 3473 3375 3525 εί
3446 3470 3492 3523 δ’
3555 3469 3644 3538 ἐμὲ

2092 3569 2252 3637 μόνον
2296 3557 2465 3638 ἔροιο,
2496 3568 2556 3620 τὸ
2606 3565 2802 3619 δοκοῦν
2832 3564 2994 3627 εύούς
3049 3579 3133 3616 σοι
3169 3561 3423 3633 δηλώσω.
3467 3560 3573 3613 Καὶ
3616 3559 3642 3610 ὁ

2088 3659 2354 3730 ὕπαρχος,
2387 3658 2596 3730 Τοιγάρ
2621 3675 2705 3712 τοι
2740 3656 2954 3728 βασιλεί
2977 3655 3312 3724 κοινωνῆσαι
3341 3652 3487 3714 ἑλοῦ,
3510 3654 3537 3705 δ
3567 3650 3638 3716 δὲ,

2087 3752 2319 3812 ἀστείως
2352 3750 2495 3820 μάλα
2536 3749 2632 3802 καὶ
2662 3748 2909 3819 χαρίεντι
2935 3746 3011 3815 τῷ
3037 3746 3160 3819 ήοει
3191 3743 3638 3817 προσμειδιάσας.

2087 3843 2396 3913 Προσφέρει
2450 3842 2586 3910 γὰρ,
2632 3839 2765 3909 ἔφη,
2798 3841 2894 3893 καὶ
2929 3839 3069 3910 μετὰ
3104 3837 3206 3909 τῆς
3249 3836 3520 3908 βασιλείας
3556 3832 3641 3885 καὶ

2083 3934 2147 3987 se
2183 3933 2432 4003 ἱερᾶσθαι
2484 3931 2859 4003 κεκλήρωται.
2903 3948 2923 3982 ι
2969 3930 3036 3984 ’0
3086 3929 3148 3984 εδ
3203 3928 3461 4000 χαλεπῶς
3489 3927 3640 3994 εἰρω-

2085 4023 2235 4085 νείας
2282 4020 2700 4093 ἐπῃσθημένος,
2757 4018 3215 4091 λοιδορησάμενος
3256 4019 3318 4072 δὲ
3356 4016 3434 4088 τῷ
3482 4030 3638 4083 πρεσ-

2087 4113 2252 4185 ϐύτῃ.
2287 4113 2427 4184 πρὸς
2449 4113 2563 4174 τοῖς
2592 4111 2780 4175 ἄλλοις
2825 4112 2921 4164 καὶ
2969 4108 3146 4164 ταῦτα
3169 4109 3488 4181 ἕπήγαγενυ
3517 4124 3537 4157 ι
3571 4104 3638 4159 οὗ

2084 4202 2251 4258 τοῦτο
2289 4199 2469 4269 εἷπον,
2507 4201 2871 4273 ιμσρόντητε,
2895 4201 3034 4255 ἀλλά
3055 4201 3385 4271 κοινωνῆσαι
3415 4192 3493 4261 οἷς
3517 4194 3641 4250 ἐκεῖ·

2088 4311 2177 4357 νος
2201 4292 2524 4357 ἐπισκόποις
2583 4291 2823 4345 κελεύει.
2849 4290 2993 4343 Ἀλλ’
3030 4288 3163 4359 ἐγὼ,
3193 4292 3364 4360 φησιν
3401 4291 3427 4341 ὁ
3485 4300 3638 4355 πρεσ-

2088 4386 2279 4456 ϐύτης,
2335 4384 2431 4438 καὶ
2464 4382 2722 4453 ποιμένος
2775 4382 2877 4451 οὐκ
2907 4381 3144 4451 ἄμοιρος
3168 4397 3201 4431 ο.
3221 4375 3284 4434 οὗ
3339 4381 3437 4449 τῆς
3469 4378 3635 4445 φωνῆς

2088 4476 2163 4539 ὡς
2204 4475 2436 4544 γνησίας
2470 4471 2876 4544 ὲπῃσθημένος,
2908 4473 3004 4525 καὶ
3036 4474 3153 4536 τοϊς
3188 4472 3400 4525 ἐκείνου
3449 4470 3639 4536 δόγμα-

422 4581 830 4634 ςςίιηιιιιιιιίοιιιο
860 4587 911 4634 te
942 4579 1144 4635 debere
1168 4620 1183 4644 ,
1216 4595 1341 4635 cum
1365 4579 1563 4649 quibus
1591 4580 1681 4634 ille
1715 4580 1986 4650 praecipit,

2092 4585 2179 4621 σιν
2201 4567 2445 4637 ἓπομαι’
2476 4566 2572 4619 καὶ
2602 4565 2664 4618 οὐ
2694 4565 2801 4635 χρή
2838 4580 2928 4633 μοι
2960 4567 3060 4631 τῆς
3109 4562 3372 4645 τοιαύτης
3422 4558 3633 4650 νοτερᾶς

421 4673 720 4740 episcopis.
759 4671 827 4725 At
857 4686 981 4741 ego,
1000 4671 1202 4741 inquit,
1231 4681 1288 4726 et
1310 4687 1476 4728 senex
1505 4688 1648 4739 sum,
1678 4681 1734 4728 et
1756 4674 1989 4743 pastoris

422 4777 532 4817 non
571 4772 765 4831 expers
799 4779 815 4817 :
845 4764 1001 4832 cujus
1028 4778 1219 4819 vocem
1264 4772 1329 4818 ut
1374 4779 1688 4834 germanam
1717 4764 1989 4835 intelligo,

420 4865 477 4909 et
499 4853 805 4909 doctrinam
832 4866 1056 4925 sequor,
1087 4869 1267 4925 neque
1296 4855 1430 4910 mihi
1467 4865 1573 4909 tam
1602 4855 1910 4925 perniciosa
1931 4864 1991 4911 et

420 4946 683 5018 pestifera
722 4947 895 5002 herba
918 4961 1055 5018 Opus
1079 4959 1185 5002 est.
1227 4966 1246 5000 ι
1276 4948 1440 5003 Hisce
1469 4947 1654 5002 verbis
1695 4947 1879 5002 furore
1906 4948 1990 5001 in-

416 5052 641 5103 census,
669 5037 923 5092 celeriter
945 5037 1219 5108 octoginta
1244 5034 1323 5092 ex
1361 5039 1443 5093 eis
1484 5037 1577 5105 qui
1613 5036 1983 5090 multitudinis

418 5140 607 5185 essent
626 5130 777 5185 velut
802 5131 1071 5186 columna:
1097 5171 1113 5196 ,
1146 5131 1576 5201 comprehensos
1614 5130 1670 5184 in
1692 5128 1982 5182 Thraciam

422 5225 704 5294 relegavit.
740 5226 920 5295 Atque
964 5224 1041 5279 illi
1093 5226 1260 5283 vincti
1291 5225 1716 5287 circumeuntes,
1758 5221 1987 5292 benigne

417 5332 452 5370 a
487 5317 673 5371 multis
694 5325 822 5371 sunt
844 5317 1043 5371 curati.
1073 5315 1188 5370 Vici
1222 5316 1370 5370 enim
1407 5323 1464 5369 et
1506 5314 1757 5369 civitates
1780 5312 1864 5367 eis
1890 5312 1992 5367 ob-

421 5406 569 5460 viam
606 5406 1042 5475 progredientes,
1066 5416 1324 5476 tanquam
1359 5420 1506 5460 verae
1547 5403 1772 5474 pietatis
1794 5402 1991 5457 defen-

425 5498 647 5554 soribus
699 5498 945 5554 debitum
1013 5499 1390 5568 praestiterunt
1464 5497 1753 5551 honorem.
1819 5495 1993 5549 Porro

422 5586 633 5648 invidia
679 5601 958 5656 nunquam
990 5603 1101 5643 non
1139 5588 1311 5643 aciem
1336 5587 1633 5653 instruens,
1651 5585 1719 5641 ad
1757 5585 1997 5655 impera-

2094 4656 2230 4718 πόας
2257 4655 2352 4709 καὶ
2383 4653 2705 4724 θανασίμου.
2757 4672 2777 4703 ι
2825 4652 3052 4715 Τούτοις
3086 4653 3413 4724 ἀναφλεγεὶς
3443 4651 3518 4710 είς
3548 4647 3633 4698 θυ-

2097 4750 2220 4820 μδν,
2255 4747 2452 4801 θᾶττον
2481 4746 2819 4817 ὀγδοήκοντα
2844 4744 3054 4798 τούτων
3089 4744 3388 4809 συλλαϐὼν,
3419 4743 3529 4795 ὅσοι
3547 4735 3631 4790 τοῦ

2092 4842 2335 4913 πλήθους
2382 4836 2526 4912 ἦσαν
2570 4838 2763 4908 ὥσπερ
2797 4837 3167 4907 στηρίγματα,
3229 4837 3366 4906 πρὸς
3423 4832 3628 4904 Θρᾴκην

2091 4934 2426 5003 ιξέπεμπεν.
2489 4932 2557 4986 Oi
2615 4931 2674 4985 δὲ
2721 4931 2932 5000 δέσμιοι
2979 4930 3230 5016 διιόντες,
3278 4927 3475 5016 πολλῆς
3502 4936 3629 5016 τινος

2087 5027 2370 5098 ἀπήλαυον
2395 5026 2497 5095 τῆς
2540 5022 2872 5094 κηδεμονίας
2891 5037 2907 5053 ο
2935 5023 3030 5077 καὶ
3058 5014 3245 5092 κῶμαι
3273 5013 3384 5092 γάρ
3432 5018 3521 5072 καὶ
3545 5013 3627 5067 πό-

2088 5120 2200 5182 λεις
2228 5117 2472 5183 ιξιοῦσαι
2508 5117 2932 5186 προσυπήντων,
2991 5115 3067 5179 ὡς
3107 5115 3391 5175 εὐσεϐείας
3430 5105 3626 5180 προμά-

2090 5228 2208 5283 χοις
2231 5212 2292 5263 τὸ
2325 5211 2471 5273 είκὸς
2498 5210 2893 5278 ἀφοσιούμεναι
2927 5209 3117 5279 γέρας.
3162 5208 3221 5260 '0
3252 5208 3308 5261 δὲ
3340 5205 3520 5275 φθόνος
3550 5198 3627 5251 ἀεὶ

2091 5304 2433 5373 στρατεύων,
2464 5304 2546 5365 είς
2570 5302 2797 5372 βασιλέα
2827 5302 3022 5355 θᾶττον
3046 5301 3319 5370 ἀπέτρεχε
3341 5315 3354 5330 ο
3384 5297 3471 5349 καὶ
3500 5306 3627 5359 παμ-

2094 5396 2320 5463 πόλλης,
2351 5395 2528 5462 ἔλεγε,
2554 5394 2815 5465 πρόξενος
2840 5394 3010 5463 τιμῆς
3032 5393 3273 5461 ἐγεγόνει
3303 5392 3335 5460 ή
3367 5385 3488 5455 παρ’
3514 5382 3624 5449 ὑμῖν

2093 5486 2418 5556 νομισθεῖσα
2473 5486 2661 5558 ὲξορία
2692 5489 2809 5551 τοῖς
2863 5486 3202 5549 καταδίκαις.
3237 5486 3307 5535 '0
3359 5481 3421 5549 δή
3457 5472 3624 5545 μαθὼν

2095 5581 2328 5646 ἐκεῖνος,
2387 5580 2531 5633 κατὰ
2581 5579 2674 5633 δύο
2737 5578 3077 5649 διαιρεθῆναι
3135 5574 3494 5646 προστάττει·
3541 5560 3622 5613 καὶ

513 5771 589 5867 φ)
613 5770 774 5867 lApud
805 5769 1139 5867 Theodo‘rgt.
1167 5771 1372 5828 dictum
1422 5770 1527 5827 hoc
1558 5786 1657 5841 per
1701 5768 2186 5841 interrogationem
2210 5766 2480 5851 ell‘ertur:
2541 5764 2625 5818 An
2651 5778 2772 5819 cum
2829 5762 3053 5834 imperio
3086 5758 3431 5832 episcopatum
3482 5746 3622 5803 etiam

342 5892 353 5907 ,
420 5840 732 5907 iuiit?Lib.
763 5856 838 5910 tv,
872 5856 989 5912 cap.
1024 5840 1113 5894 18.
