3796 6552
205 413 295 478 641

201 624 378 686 οίκεῖν,
409 620 504 675 καὶ
531 618 727 681 ἄλλους
750 615 988 686 ἀλλαχοῦ
1020 616 1392 686 διασπαρῆναι
1425 617 1537 677 τοῖς
1561 613 1751 683 πολιχ-

201 715 345 774 νίοις.
382 712 442 764 Εἰ
473 710 529 764 δέ
564 727 667 763 που
683 709 776 761 καὶ
807 708 1028 776 ἀδελφοὶ
1067 708 1348 778 παρῆσαν,
1384 705 1478 758 ἀπ’
1506 704 1751 775 ἀλλήλων

199 805 383 857 δ;ίστα.
414 801 672 867 Εὐλόγιον
705 801 890 869 μέντοι
923 798 1019 851 καὶ
1040 798 1405 868 Πρωτογένην
1432 798 1501 849 τὰ
1520 795 1751 866 δεύτερα

200 896 315 965 μετ’
350 894 561 946 ἐκεῖνον
585 891 800 961 ἔχοντα,
836 891 916 953 εἰς
947 889 1172 943 ’Λντινὼ
1209 891 1308 958 τὴν
1333 888 1589 958 Θηϐαίων
1617 887 1749 951 ἐξώ-

197 986 358 1057 ριζεν.
384 982 531 1053 Ὄση
559 982 603 1034 δ’
625 980 853 1035 ἐκείνων
885 982 918 1049 ἡ
949 980 1142 1049 ἀρετὴ,
1174 977 1424 1032 ἐντεῦθεν
1465 977 1750 1047 δειχθήσε-

194 1093 296 1128 ται.
350 1073 504 1128 Ἐπεὶ
560 1074 670 1142 γὰρ
736 1070 1021 1141 σύμφρονὰ
1067 1087 1190 1123 τινα
1242 1070 1544 1124 ἐπίσκοπον
1592 1061 1751 1139 εὗρον

192 1169 384 1228 ἐκεῖσε.
419 1167 699 1220 κοινωνεῖν
735 1164 965 1228 εἴλοντο,
996 1164 1092 1216 καὶ
1121 1162 1229 1216 τῶν
1277 1162 1751 1232 ἐκκλησιαστικῶν

194 1261 437 1331 μετεῖχον
468 1260 766 1327 συλλόγων.
798 1258 1031 1325 Ὀλίγων
1061 1258 1121 1311 δὲ
1178 1256 1385 1328 σφόδρα
1425 1255 1752 1325 ἀθροιζομέ-

191 1369 310 1415 νων,
344 1351 425 1412 ὠς
454 1351 702 1419 ἔγνωσαν
732 1349 834 1419 τὴν
878 1350 1083 1412 αἰτίαν,
1116 1348 1387 1417 Ἕλληνας
1421 1342 1563 1400 εἶναι
1602 1345 1751 1398 ἐποί-

188 1460 308 1506 κους
336 1443 442 1512 τῆς
471 1443 699 1506 πόλεως,
730 1443 800 1496 τὰ
831 1442 1018 1495 είκότα
1055 1441 1154 1510 τῆς
1199 1440 1409 1507 πλάνης
1439 1438 1751 1509 θρηνήσαν-

187 1552 291 1599 τες,
314 1536 377 1588 οὐ
415 1536 527 1590 δεῖν
557 1536 821 1605 ἐνόμισαν
849 1533 1013 1605 μέχρι
1033 1531 1128 1587 τοῦ
1157 1531 1430 1601 κόψασοαι
1459 1531 1747 1586 ἴστασθαιο

190 1628 303 1681 ἀλλ’
328 1628 410 1691 ὡς
452 1628 620 1690 εἰκὸς.
651 1626 749 1679 καὶ
793 1628 894 1694 τῆς
937 1624 1160 1679 ἐκείνων
1197 1624 1443 1695 ἰατρείας
1487 1623 1750 1693 φροντίδα

187 1718 424 1773 ἐποίουν.
458 1719 568 1773 Καὶ
606 1718 865 1785 Εὐλόγιος
898 1716 999 1788 μὲν
1044 1717 1256 1789 οἰκιδίῳ
1285 1718 1481 1771 ἐαυτὸν
1526 1715 1749 1787 καθείρ‹

186 1808 295 1873 ξας,
357 1811 538 1879 ἠσυχῆ
598 1808 867 1878 καθῆστο,
924 1806 1016 1862 τὸν
1066 1808 1175 1862 τῶν
1224 1809 1366 1863 ὅλων
1409 1807 1746 1862 ἐκδυσωπῶν

1116 402 1721 466 ECCLESIASTICIE
1764 400 2155 463 IIISTORUE
2198 400 2344 462 LIB.
2378 398 2480 463 XI.

208 537 323 595 τοὺς
376 528 473 599 μὲν
520 526 764 597 Θρᾴκην,
816 523 944 587 τοὺς
992 522 1038 576 δ’
1063 521 1324 594 ’Δραϐίαν
1362 523 1456 575 καὶ
1516 521 1743 588 Θηϐαΐδα

1865 528 2036 574 torem
2068 533 2194 572 mox
2223 515 2517 587 procurrit,
2554 521 2609 568 et
2640 512 2939 567 multorum
2973 511 3245 567 bonorum
3286 526 3421 567 catt.
3526 520 3529 523 '

2208 316 2247 324 ~—

3314 393 3420 457 642

1856 625 1971 665 sam
2010 625 2134 665 esse
2182 608 2340 675 dixit,
2385 606 2530 677 quod
2579 603 2955 660 condemnatis
2998 597 3267 658 exsilium
3298 603 3419 656 fore

1853 707 2158 769 putaretur.
2196 696 2494 766 Imperator
2522 710 2581 749 re
2619 695 2859 764 cognita,
2889 692 3186 762 disgregari
3217 707 3335 758 eos,
3362 702 3418 746 ct

1854 790 2015 849 binos
2066 790 2262 859 partim
2324 788 2377 842 in
2427 787 2739 848 Thraciam,
2787 785 2984 854 partim
3038 784 3091 837 itt
3134 784 3414 845 Arabiam,

1853 879 2117 948 quosdam
2150 879 2205 933 in
2237 876 2595 940 Thebaidem,
2637 885 2796 944 atque
2829 874 2965 928 alios
2998 873 3105 926 alio
3137 874 3190 926 in
3218 872 3415 940 oppida

1853 969 2088 1041 dispergi
2117 969 2275 1040 iussit
2309 970 2411 1036 (1).
2467 967 2522 1022 Si
2555 967 2648 1036 qui
2686 967 2852 1021 etiam
2902 965 3046 1019 inter
3071 978 3168 1019 eos
3220 962 3419 1017 fratres

1852 1070 2057 1126 essent,
2086 1062 2322 1133 disjungi
2356 1062 2571 1116 curavit
2600 1059 2699 1129 (2).
2732 1057 2993 1125 Eulogius
3028 1070 3182 1119 sane,
3210 1065 3266 1110 et
3286 1055 3420 1111 Pro-

1852 1160 2100 1223 togenes.
2120 1153 2212 1222 qui
2245 1152 2513 1208 secundas
2541 1152 2608 1206 ab
2641 1152 2735 1206 illo
2767 1150 2999 1214 ferebat,
3023 1148 3299 1202 Antinoen
3333 1148 3409 1215 ('5)

1826 1242 2214 1301 .Thebzeorun't
2297 1244 2553 1313 oppidum
2631 1241 2900 1311 deportati
2970 1250 3118 1295 sunt.
3204 1239 3416 1306 Quanta

1852 1343 2035 1387 autem
2086 1334 2303 1390 illorum
2336 1334 2511 1388 virtus
2565 1333 2750 1396 fuerit,
2796 1331 2929 1387 illttd
2964 1331 3245 1386 indicabit.
3277 1329 3415 1384 Cum

1853 1440 2091 1496 namque
2127 1428 2414 1483 sententiae
2433 1441 2544 1481 sua:
2581 1426 2896 1495 episcOpum
2928 1424 3004 1487 ibi
3058 1425 3412 1493 reperissent.

1851 1518 2258 1575 communicare
2286 1528 2604 1589 coeperunt,
2650 1528 2705 1572 et
2735 1516 3141 1572 ecclesiasticos
3171 1531 3411 1570 conven-

1850 1621 1939 1668 tus
1976 1621 2225 1682 egerunt.
2252 1613 2424 1668 Porro
2457 1628 2583 1666 cum
2616 1611 2773 1680 pauci
2805 1609 2963 1664 valde
2996 1610 3063 1664 ad
3090 1624 3196 1664 eos
3219 1624 3418 1663 convc-

1848 1700 2053 1764 nirent,
2084 1709 2140 1756 et
2158 1714 2378 1755 causam
2421 1702 2540 1772 ejus
2563 1700 2651 1754 rei
2677 1716 2800 1756 esse
2845 1699 3414 1771 comperirent.‘quo-I

1848 1787 2051 1846 Graecae
2077 1790 2485 1862 superstitionis
2513 1789 2744 1846 studiosi
2778 1789 3037 1861 oppidani
3069 1798 3253 1846 essent
3288 1790 3414 1844 :uhi

184 1900 333 1955 Θεόν.
377 1900 442 1954 ’0
472 1900 528 1954 δέ
558 1902 947 1971 Πρωτογένης,
982 1901 1051 1953 τὰ
1075 1900 1202 1971 ιερὰ
1242 1902 1550 1971 γράμματα
1582 1901 1743 1954 ἐκπε-

1852 1897 1951 1954 pro
1994 1898 2061 1939 eo
2097 1894 2260 1954 atque
2288 1882 2729 1948 decet,errorem
2759 1897 2886 1938 eum
2934 1882 3255 1964 eluxissent,
3305 1898 3413 1937 non

184 1991 567 2063 παιδευμὲνος,
597 1994 691 2046 καὶ
737 1993 976 2063 γράφειν
1024 1992 1173 2061 μάλα
1224 1992 1623 2063 ἐξησκημένος,
1667 1992 1749 2046 δι-

183 2081 501 2139 δασκαλείου
530 2081 835 2153 μειρακίων
883 2083 1202 2152 προῖστατο,
1230 2083 1398 2137 τόπον
1432 2083 1517 2147 εἰς
1550 2083 1749 2138 παιδα-

183 2173 415 2240 γωγεῖον
448 2170 757 2241 ἐπιτήδειον
787 2170 1062 2242 εὑρηκώς.
1095 2169 1320 2241 ⁹Δμέλει
1356 2173 1454 2226 καὶ
1506 2173 1746 2243 γράφειν

166 2264 260 2327 εἰς
282 2280 342 2317 τε
376 2262 574 2327 κάλλος
602 2263 698 2318 καὶ
742 2262 928 2333 τάχος,
981 2264 1082 2318 καὶ
1150 2263 1221 2317 τὰ
1264 2263 1389 2335 ίερὰ
1429 2263 1745 2330 ἐξεπαίδευε

182 2354 364 2422 λόγια’
403 2355 557 2409 τάιτε
603 2354 867 2408 Δαυῖδικὰ
899 2355 1035 2426 μέλη
1067 2356 1163 2409 καὶ⁵
1204 2355 1274 2410 τὰ
1323 2357 1614 2428 πρόσφορα
1646 2358 1747 2428 τῆς

183 2446 551 2516 ἁποστολικῆς
597 2444 942 2509 διδασκαλίας
976 2445 1343 2516 ἐκμανθάνειν
1395 2449 1745 2519 παρεσκευᾶ-

184 2537 322 2603 ζετο.
370 2536 531 2592 Ἐπεὶ
581 2538 639 2592 δὲ
670 2538 780 2592 τῶν
834 2537 1136 2611 μειρακίων
1167 2538 1231 2593 ἓν
1278 2539 1418 2612 νόσῳ
1450 2556 1746 2611 κατειργα-

188 2629 382 2700 σμένον
407 2628 589 2685 θανεῖν
610 2630 975 2703 προσδόκιμον
993 2627 1084 2703 ἦν,
1100 2634 1191 2685 ἐπὶ
1216 2631 1316 2701 τῆς
1338 2634 1514 2697 οἰκίας
1536 2634 1566 2687 ὁ
1592 2635 1748 2703 Πρω-

182 2723 411 2793 τογένης
467 2722 642 2793 ἥκων,
671 2724 763 2778 καὶ
811 2725 882 2795 τῇ
930 2727 1030 2794 τῆς
1078 2726 1260 2796 χειρὸς
1291 2726 1401 2797 ἀφῇ
1438 2727 1500 2781 τὸ
1539 2710 1746 2781 λυποῦν

182 2817 354 2867 ποιεῖν
381 2815 767 2886 ἐδραπέτευεν,
796 2816 847 2868 οἰ
874 2815 981 2869 τῶν
1018 2815 1196 2871 ἄλλων
1226 2819 1463 2887 πατέρες
1502 2818 1746 2888 διαγνόν-

183 2922 292 2970 τες,
326 2905 422 2958 ἐπὶ
453 2905 551 2975 τῆς
581 2905 761 2970 οἰκίας
790 2906 882 2960 τὸν
912 2906 1229 2978 πρεσϐύτην
1261 2908 1465 2980 ἀνῆγον
1489 2910 1744 2973 ἕκαστος,

182 2980 277 3048 καὶ
301 2998 420 3059 τοῖς
443 2995 791 3068 ἀρρωστοῦσι
809 2997 917 3051 τῶν
945 2997 1155 3052 παίδων
1177 3000 1496 3071 ἐπικουρεῖν
1526 3002 1744 3073 ἠντιϐό-

181 3086 321 3141 λουν.
361 3086 421 3140 ’0
454 3087 512 3141 δέ
571 3087 649 3159 μὴ
706 3087 969 3155 δύνασθαι
1020 3089 1239 3160 βοηθεῖν
1290 3090 1500 3161 ελεγον,
1554 3094 1606 3147 εἰ
1669 3095 1745 3165 μὴ

1849 1976 2174 2032 cessandum
2227 1976 2330 2032 sibi
2365 1991 2508 2042 esse,
2553 1990 2728 2046 usque
2755 1973 2884 2030 dum
2918 1975 3018 2046 ipsi
3054 1983 3271 2046 pectora
3316 1991 3415 2030 sua

1846 2067 2191 2138 plangerent,
2221 2066 2523 2133 duxerunt,
2585 2066 2678 2123 sed
2708 2066 2780 2122 ita
2819 2074 2880 2121 ut
2909 2081 3006 2137 par
3026 2075 3163 2127 erat.
3198 2065 3415 2120 illorum

1847 2173 2067 2230 quoque
2103 2158 2391 2215 medicina:
2418 2167 2476 2214 et
2526 2157 2720 2214 salutis
2760 2173 2948 2213 curam
2981 2164 3287 2228 gesserunt.
3348 2157 3415 2211 Et

1846 2249 2109 2322 Eulogius
2158 2249 2380 2321 quidem
2450 2250 2505 2304 in
2556 2247 2948 2304 domunculam
3008 2249 3298 2319 quamdam
3355 2263 3415 2302 se

1846 2340 2025 2413 ipsum
2056 2339 2287 2407 abdidit,
2323 2340 2510 2412 ibique
2542 2343 2742 2396 tacitus
2776 2341 2908 2395 vixit
2933 2379 2948 2402 ,
2980 2355 3163 2395 rerum
3199 2339 3417 2394 univer-

1844 2448 2029 2489 sarum
2059 2432 2231 2489 Deum
2270 2432 2527 2504 precibus
2575 2447 2830 2488 exorans.
2868 2431 3201 2501 Protogenes
3230 2442 3412 2487 autem

1844 2539 2025 2582 sacras
2067 2524 2298 2582 Litteras
2322 2525 2576 2592 edoctus,
2616 2532 2673 2580 et
2724 2524 2777 2579 in
2801 2523 3080 2579 scribendi
3109 2532 3223 2577 arte
3255 2522 3414 2576 valde

1843 2616 2180 2671 exercitatus
2203 2656 2220 2682 ,
2266 2614 2452 2670 ludum
2481 2614 2809 2670 litterarium
2835 2613 3054 2683 aperuit
3083 2653 3098 2678 ,
3127 2615 3415 2667 commqu

1844 2708 2046 2763 scholas
2065 2708 2293 2779 puerilis
2316 2707 2436 2763 loco
2468 2707 2712 2762 invento.
2750 2705 2910 2777 146
2934 2705 2990 2759 1η
3009 2720 3072 2760 ea
3093 2716 3149 2759 et
3186 2705 3414 2774 pulchre

1844 2806 1901 2852 et
1924 2797 2179 2852 celeriter
2208 2796 2646 2853 adolescentulos
2676 2796 2940 2860 scribere,
2968 2805 3023 2851 et
3047 2810 3200 2850 sacra
3226 2795 3414 2850 docuit

1845 2890 2088 2957 oracula,
2120 2889 2192 2945 ita
2224 2901 2283 2944 ut
2313 2889 2391 2944 illi
2420 2889 2673 2946 Davidica
2708 2889 2946 2944 carmina
2972 2929 2986 2956 ,
3021 2896 3077 2945 et
3124 2889 3229 2943 alia
3281 2904 3413 2958 apo-

1844 2969 2050 3037 stolica:
2080 2981 2343 3038 doctrinae
2368 2997 2607 3040 consona
2652 2982 3021 3038 addiscerem.
3055 2981 3191 3036 Cum
3227 2991 3409 3035 autem

1844 3089 1912 3130 ex
1963 3073 2148 3145 pueris
2188 3088 2330 3128 unus
2365 3074 2560 3130 morbo
2590 3074 2899 3139 confectus,
2926 3074 2979 3129 itt
3008 3072 3413 3143 exspectatione

182 3173 450 3245 πρότερον
498 3175 527 3227 δ
580 3176 752 3229 νοσῶν
783 3177 845 3229 τὸ
878 3176 1020 3231 θεῖον
1043 3175 1270 3232 ὺπίλθοι
1312 3177 1563 3250 λουτρόν.
1596 3163 1743 3235 otat

1848 3169 2041 3221 mortis
2066 3176 2229 3232 esset,
2260 3163 2596 3236 Protogenes
2642 3166 2694 3220 in
2727 3166 2948 3221 domum
2985 3166 3074 3220 ubi
3103 3165 3147 3217 is
3173 3165 3411 3235 aneltat,

183 3230 265 3332 τίῇ
297 3230 452 3337 πόθῳ
478 3266 578 3337 τῆς
605 3254 927 3337 ἀπαλλαγῆς
977 3230 1329 3339 ἠπειγμίνοι,

1850 3260 2025 3321 venit,
2055 3268 2111 3315 et
2143 3273 2340 3313 manus
2383 3257 2816 3312 contrectatione
2846 3256 3224 3327 aegritudinem
3259 3255 3414 3324 luga-

184 3358 372 3423 θοντο,.
391 3360 489 3412 καὶ
520 3358 611 3412 διὰ
630 3359 733 3429 τῆς
778 3363 1098 3431 σωματικῆς
1126 3362 1286 3415 νόσου
1318 3362 1413 3416 καὶ
1451 3362 1552 3432 τὴν
1582 3363 1743 3433 ψυχι-

1845 3350 2107 3417 vit.Qttod
2127 3351 2218 3405 ubi
2245 3351 2476 3405 aliorum
2506 3358 2762 3418 parentes
2787 3355 3184 3420 cognoverunt,
3213 3347 3265 3401 in
3284 3362 3412 3401 suas

182 3448 282 3519 κὴν
312 3449 502 3517 ὑγείαν
526 3449 839 3520 ἐδρὲποντο.
871 3450 1014 3504 Εἰδὲ
1038 3468 1126 3512 τις
1151 3452 1250 3506 καὶ
1277 3452 1387 3505 τῶν
1413 3452 1743 3524 ἐρρωμένων

1845 3440 2078 3511 quisque
2124 3439 2270 3495 aedes
2320 3455 2507 3496 senem
2546 3439 2934 3506 adduxerunt,
2966 3447 3020 3495 et
3052 3448 3110 3493 ut
3159 3438 3415 3495 invalidis

181 3540 426 3604 πεισθεὶς
451 3541 555 3611 τῆς
586 3541 738 3605 Θείας
785 3542 1009 3613 χάριτος
1055 3546 1345 3614 μετασχεῖν
1378 3545 1561 3616 ἡθελε,
1591 3546 1743 3615 παρὰ

1845 3546 2030 3587 eorum
2081 3529 2267 3585 liberis
2310 3544 2468 3600 opem
2506 3528 2707 3592 ferret,
2734 3534 3018 3598 rogarunt.
3048 3525 3185 3580 Tum
3217 3526 3304 3580 ille
3354 3541 3413 3578 se

178 3632 268 3683 τὸν
302 3621 558 3700 Εῠλόῖιον
589 3632 708 3695 ἰὼν.
740 3635 838 3687 καὶ
875 3634 979 3704 τὴν
1017 3634 1190 3706 θύραν
1223 3636 1546 3699 πατάσσων.
1588 3637 1742 3691 ἀνοί-

1845 3622 2045 3676 ουτὶἰίο
2072 3621 2152 3676 eis
2186 3635 2296 3675 non
2330 3621 2483 3691 prius
2514 3634 2634 3674 esse
2676 3634 2836 3690 posse
2877 3618 3045 3683 dixit,
3093 3632 3254 3687 quam
3284 3618 3411 3688 αιςτί

178 3741 297 3789 γξιν
340 3724 526 3779 ἔπειθε
550 3743 566 3756 ’
597 3727 690 3780 καὶ
718 3726 797 3796 τῷ
850 3726 1131 3799 θηράματι
1166 3728 1260 3783 καὶ
1303 3729 1405 3800 τὴν
1430 3729 1489 3782 ἐν
1519 3728 1742 3801 Χριστῷ

1845 3714 2086 3769 divinum
2112 3713 2360 3767 subirent
2391 3713 2691 3777 lavacrum,
2721 3711 2790 3768 Et
2826 3711 2929 3773 illi,
2960 3710 3103 3781 quod
3137 3726 3232 3765 eos
3261 3709 3410 3764 desi-

186 3817 499 3871 ὲπιὸἀλλειν
525 3820 828 3890 παρεκάλει
857 3820 1125 3890 σφραγῖδα
1150 3834 1164 3848 ·
1202 3820 1277 3885 ὡς
1306 3819 1351 3873 δ’
1380 3823 1589 3885 ἐκεῖνος
1617 3823 1743 3891 ἐχα-

1845 3804 2052 3860 deriutu
2113 3803 2507 3874 recuperandae
2560 3806 2675 3858 suis
2705 3802 3034 3857 valetudinis
3092 3801 3407 3872 adurgerct,

178 3907 450 3976 λέπαινεν,
502 3909 603 3963 au
632 3909 1069 3982 διακοπτομίνης
1129 3911 1301 3966 αὑτοῦ
1345 3911 1446 3982 τῆς
1491 3912 1679 3982 εὐχῆς,
1712 3914 1742 3966 ό

1845 3893 2022 3951 Iiatim
2050 3894 2197 3951 dicto
2225 3895 2512 3950 audientes
2534 3894 2710 3960 fuere,
2741 3904 2906 3965 atque
2936 3894 3008 3948 ita
3044 3910 3140 3964 per
3166 3893 3410 3963 corporis

182 3999 555 4070 Πρωτογένης,
587 4020 607 4054 ε
643 4000 783 4055 Ἀλλ’
814 4002 1218 4072 ἀναγκαιοτέρα
1251 4001 1494 4071 πάντως,
1529 4003 1739 4072 ἔλεγεν,

1845 3988 2116 4075 morbum,
2168 3989 2363 4045 animae
2411 4002 2631 4058 quoque
2680 3988 2913 4043 salutem
2951 3997 3080 4042 sunt
3108 3987 3407 4043 consecuti.

180 4093 213 4163 η
249 4090 351 4144 τῶν
388 4093 759 4165 πλανωμένων
778 4094 1085 4166 ἐπιστροφὴ
1113 4093 1250 4165 πρὸς
1286 4093 1545 4164 Χριστόν.
1571 4111 1592 4146 ι
1630 4094 1741 4149 Καὶ

1845 4077 1899 4135 Si
1924 4079 2051 4150 quis
2103 4090 2285 4134 autem
2314 4079 2612 4133 valentium
2661 4093 2882 4148 quoque
2926 4077 2994 4131 ab
3020 4093 3085 4134 eo
3117 4093 3412 4147 persuasus

177 4185 267 4238 διὰ
295 4185 570 4255 θαύματος
588 4181 656 4258 ἦν
678 4187 737 4240 τὸ
762 4186 1139 4257 πραττόμενον
1161 4202 1175 4217 ο
1209 4185 1325 4250 πῶς
1354 4186 1738 4257 Πρωτογένης,

1845 4168 2081 4224 divinam
2119 4169 2345 4240 gratiam
2372 4169 2641 4235 ambiret,
2681 4171 2748 4223 ad
2785 4166 3071 4238 Eulogium
3095 4167 3319 4231 vadens,
3356 4179 3409 4220 et

177 4277 413 4332 τοσαῦτα
441 4279 903 4350 θαυματουργῶν,
928 4279 1024 4333 καί
1054 4277 1193 4348 πρὸς
1240 4278 1301 4331 τὸ
1329 4281 1430 4350 τῆς
1479 4278 1740 4348 ἀληθείας

1845 4260 1986 4317 fores
2038 4261 2284 4332 pulsans,
2328 4270 2388 4316 ut
2434 4261 2524 4316 ille
2571 4275 2667 4316 cas
2720 4260 3022 4330 apperiret,
3048 4268 3104 4313 et
3139 4259 3187 4313 ei
3242 4274 3407 4328 quem

180 4368 295 4436 φῶς
343 4369 583 4426 τοσαῦτα
635 4370 888 4441 Μδηγῶν
918 4378 919 4383 ‘
951 4370 1159 4441 πλήθη,
1221 4370 1571 4441 παραχωρῶν
1628 4370 1737 4425 τῶν

1845 4364 2069 4411 venatus
2093 4364 2260 4415 esset.
2292 4354 2530 4421 sigillum
2559 4353 2614 4408 in
2645 4352 2866 4408 Christo
2897 4353 3227 4423 imponeret,
3255 4367 3410 4435 rogas

180 4463 459 4531 πρωτείων
494 4461 742 4533 Εὑλογίῳ
792 4463 1003 4533 ἐωρᾶτο
1025 4478 1041 4495 ·
1094 4463 1190 4515 καί
1220 4461 1275 4531 γ’
1305 4462 1591 4533 ἐνομίζετο
1644 4462 1739 4515 ἐπὶ

1845 4449 1947 4503 bat.
1980 4448 2157 4517 Atque
2181 4446 2273 4501 ubi
2304 4445 2560 4513 Eulogius
2604 4459 2727 4499 eam
2755 4459 2893 4510 rem,
2926 4445 3071 4514 quod
3113 4445 3169 4498 in
3220 4458 3410 4513 preca-

180 4550 311 4604 πολὺ
363 4550 591 4604 πλείονα
640 4545 783 4603 εἶναι
818 4549 1204 4622 Πρωτογένους
1253 4550 1350 4622 τὴν
1385 4549 1607 4622 ἀρετὴν,
1639 4551 1736 4605 καὶ

1845 4542 1986 4594 tione
2056 4537 2353 4592 identidem
2413 4536 2900 4606 interpellaretur,
2964 4535 3186 4606 gravius
3240 4535 3408 4603 tulit,

179 4641 583 4712 ὑπερτεροῦσαν
621 4645 722 4713 τῆς
748 4642 1013 4711 Εὐλογίου
1051 4642 1126 4707 ὡς
1157 4643 1418 4715 μάλιστα.
1456 4641 1545 4706 Ὠς
1578 4643 1635 4696 δὲ
1665 4643 1736 4698 τὰ

1845 4634 2214 4703 Protogenes:
2239 4651 2256 4683 ι
2280 4628 2443 4700 Διηυὶ
2466 4628 2689 4699 (inquit)
2717 4628 2878 4700 longe
2902 4632 3209 4684 necessaria
3241 4628 3410 4696 magis
3522 4675 3527 4679 .

178 4733 271 4797 τοῦ
299 4736 563 4798 κλύδωνος
594 4735 781 4806 ἔληγε,
805 4735 901 4788 καὶ
943 4735 1084 4805 μετὰ
1112 4734 1223 4787 τῶν
1261 4733 1436 4788 ἄλλων
1470 4735 1563 4788 καί
1589 4727 1733 4787 οὗτοι

179 4827 508 4897 ἀνήχθησαν,
564 4827 959 4898 δεδακρυμένοι
1015 4825 1380 4896 προῦπεμπον
1409 4824 1636 4888 τούτους
1680 4827 1731 4878 οἰ

179 4917 455 4988 ἐπιχώριοι
481 4935 495 4949 ·
532 4922 628 4971 καὶ
655 4918 896 4988 μάλιστα
920 4916 949 4970 ό
969 4917 1271 4976 ἐπίσκοπος
1304 4914 1573 4985 τοσαύτης
1597 4916 1734 4985 συμ-

182 5008 375 5077 μαχίας
408 5008 795 5079 ἐστερημένος.
842 5006 902 5060 '0
939 5007 1040 5076 μὲν
1084 5001 1177 5059 οὖν
1222 5005 1481 5075 Εὐλόγιος
1517 4992 1730 5074 Βᾶρσου

178 5097 267 5149 τοῦ
310 5098 450 5152 θείου
501 5098 644 5152 τέλει
692 5100 1044 5168 χρησαμένου
1073 5096 1169 5149 τοῦ
1200 5097 1342 5164 βίου,
1368 5096 1471 5166 τῆς
1517 5096 1727 5149 ἐκείνου

177 5185 457 5255 ἐκκλησίας
483 5186 609 5250 τοὺς
639 5187 833 5251 οῑακας
874 5186 1266 5257 ἐγχειρίζεται.
1304 5187 1375 5238 .'U
1422 5186 1479 5238 δὲ
1516 5184 1728 5253 θαυμα-

180 5275 296 5339 at”;
324 5279 696 5349 Πρωτογένης,
730 5281 830 5351 τὴν
861 5278 1260 5347 ὴκανθωμένην
1289 5277 1443 5330 πόλιν
1468 5278 1731 5348 ἐΞΈλλη-

177 5369 323 5430 νικῆς
342 5369 627 5439 τερθρείας
656 5370 859 5441 Καρῶν
889 5370 1154 5439 γεωργεῖν
1186 5366 1480 5436 ἐπιστεύθη
1507 5383 1521 5397 ⁸
1552 5369 1617 5436 ἣν
1638 5367 1730 5420 καὶ

178 5457 462 5523 φιλοπόνως
499 5460 962 5532 ἐξεργασάμενος,
991 5457 1259 5523 τὸν,θεῖον
1290 5462 1389 5527 τῆς
1442 5457 1729 5519 εὐσεϐείας

178 5551 376 5617 καρπὸν
410 5552 695 5623 ἐδρέψατο.
726 5550 890 5604 Ἀλλὰ
919 5548 1077 5604 τοῦτο
1114 5549 1213 5620 μὲν
1238 5547 1494 5617 ὕστερον.

1839 4734 1922 4781 est
1973 4724 2277 4779 errantium
2323 4723 2390 4778 ad
2425 4719 2705 4777 Christum
2742 4723 3053 4778 conversio.
3095 4741 3113 4774 ε
3166 4721 3223 4775 id
3276 4736 3408 4776 vero

1838 4816 2040 4870 factum
2070 4816 2416 4871 admirationi
2449 4826 2566 4871 erat
2593 4815 2849 4893 omnibus
2879 4854 2893 4876 ,
2930 4813 3289 4882 Protogenem
3325 4813 3409 4866 vi-

1838 4908 2058 4973 delicet,
2090 4909 2182 4978 qtti
2212 4916 2360 4963 tanta
2396 4908 2585 4964 ederet
2623 4907 2887 4962 miracula
2913 4947 2927 4969 ,
2954 4913 3007 4958 et
3042 4914 3245 4959 tantam
3271 4906 3407 4958 utul-

1840 5000 2128 5054 titudinem
2179 4999 2246 5053 ad
2297 5001 2545 5053 veritatis
2590 4998 2766 5054 lucem
2825 4997 3172 5066 produceret,
3223 5007 3405 5066 partes

1836 5092 2041 5161 primas
2094 5090 2323 5161 Eulogio
2349 5091 2667 5145 concedere.
2704 5090 2769 5143 Et
2812 5103 3003 5142 omnes
3048 5088 3208 5158 longe
3262 5103 3401 5156 prae-

1836 5184 2159 5237 SIautiorem
2228 5183 2675 5252 superioremque
2749 5180 3069 5249 Protogenis
3139 5181 3399 5233 virtutem

1832 5274 2004 5346 ipsius
2036 5275 2246 5345 Eulogii
2305 5276 2412 5329 vita
2468 5291 2587 5329 esse
2632 5272 3070 5327 exsistituahaut.
3130 5273 3398 5327 Caeterum

1828 5378 2115 5437 postquam
2144 5368 2539 5437 persecutionis
2563 5366 2796 5435 procella
2818 5365 3009 5419 szevire
3029 5364 3214 5428 desiit,
3236 5372 3402 5433 atque

1830 5476 1936 5515 una
1968 5476 2091 5515 eum
2119 5460 2240 5514 aliis
2269 5472 2324 5513 et
2346 5460 2433 5514 isti
2462 5461 2528 5514 ab
2562 5460 2758 5514 exsilio.
2781 5459 2991 5512 reducti
3029 5469 3180 5523 sunt,
3208 5459 3400 5513 incolae

1825 5554 1948 5623 ejus
1982 5554 2219 5621 regionis
2250 5554 2616 5623 lacrymautes
2645 5568 2739 5607 eos
2765 5551 3145 5622 produxerunt
3177 5570 3192 5606 :
3230 5551 3404 5622 potis-
3492 5544 3507 5551 ’

178 5638 360 5698 simum
391 5644 1003 5717 veroepiscopusipse,
1041 5644 1137 5714 qui
1169 5642 1372 5697 auxilio
1440 5650 1591 5697 tanto
1657 5642 1973 5700 orbabatur.
2026 5647 2091 5700 Et
2147 5646 2406 5715 Eulogius
2434 5647 2655 5716 quidem
2731 5646 2859 5701 divo
2912 5644 3089 5701 Darsa:
3144 5645 3254 5701 vita
3308 5646 3404 5698 de-

246 5761 313 5836 (ξ)
343 5763 579 5836 Τήρανι.
615 5766 712 5822 lib.
741 5782 838 5831 vn,
873 5763 992 5836 cap.
1033 5765 1122 5819 33.

248 5834 316 5897 ('2)
341 5834 479 5891 Infra
508 5838 601 5892 lib.
632 5852 726 5902 ιιι,
760 5854 880 5903 cap.

1896 5768 1971 5838 (5)
2006 5769 2085 5823 ΑΙ.
2116 5770 2424 5825 Antinoum.
