3796 6526
362 389 474 452 ϐω

365 504 556 558 functo
581 541 596 567 ,

1556 379 1976 441 NlCEPllORI
2015 379 2361 438 CALLISTI

683 499 930 554 ecclesia:
1019 498 1187 567 ipsius
1253 495 1622 568 gubernacula
1675 491 1938 560 suscepit.
1980 491 2319 545 Admirando
2383 501 2566 546 autem
2635 490 3155 563 Protogeni,Carr:e
3182 496 3357 554 civitas
3378 503 3553 563 (ἔναιρε-

3448 394 3539 456 ειι

368 614 489 652 rum
519 594 912 666 praestigiarum
941 593 1116 663 spinis
1157 595 1352 653 obsita,
1378 591 1676 647 excolenda
1721 587 1934 642 credita
1974 598 2102 642 est:
2167 603 2275 657 qua
2324 587 2510 642 labore
2576 590 2750 646 multo
2795 601 3106 660 repurgata,
3133 594 3391 652 caelestem
3441 618 3557 660 vene

367 692 588 763 pietatis
622 689 856 745 fructum
901 687 1168 757 percepit.
1199 687 1303 742 Sed
1333 687 1400 739 de
1433 685 1520 739 his
1545 694 1752 754 postea.

839 787 994 876 11.7
1023 803 1244 858 CAPUT
1280 802 1472 858 xxw.

371 921 450 974 De
468 929 650 974 sancto
683 919 929 973 Flaviano
955 929 1001 970 et
1036 918 1284 975 Diodoro.
1313 917 1483 986 utipsi
1505 876 1711 986 gregein
1742 915 1936 968 Meletii

442 993 694 1054 rexerint,
748 1007 864 1042 cum
917 993 1147 1042 nondum
1222 986 1566 1058 episcopalem
1621 987 1936 1056 dignitatem

443 1062 813 1130 suscepissent.

444 1169 644 1224 Valens
694 1169 900 1222 diutius
929 1167 1232 1221 Antiochia:
1260 1174 1630 1220 commoratus
1652 1205 1668 1231 ,
1735 1165 1939 1222 Euzoio

373 1263 446 1318 ibi
493 1263 754 1316 ecclesias
797 1271 1034 1329 regente,
1075 1259 1297 1320 Judzeis.
1348 1270 1404 1314 et
1437 1257 1672 1313 ethnicis
1715 1257 1935 1322 Grmcis,

370 1365 533 1422 atque
560 1355 722 1405 etiam
751 1353 844 1420 qui
873 1351 1315 1404 Christianorum
1365 1351 1587 1403 nomine
1618 1359 1935 1414 censentur,

349 1455 425 1498 .et
456 1445 669 1496 diversa
701 1443 768 1496 ab
803 1442 1122 1510 EVangelica
1145 1441 1390 1494 doctrina
1419 1441 1668 1510 dogmata
1697 1440 1934 1509 comple-

370 1543 668 1595 cterentur,
702 1533 958 1586 omnibus
996 1548 1117 1602 quae
1163 1533 1359 1586 animis
1385 1547 1575 1586 eorum
1615 1531 1809 1601 placita
1855 1546 1939 1584 es-

371 1637 518 1687 sent,
564 1638 620 1681 ut
667 1627 840 1680 libere
867 1639 1213 1696 peragerent,
1255 1625 1523 1696 permisit.
1549 1626 1681 1680 Nam
1741 1626 1939 1694 impius

369 1737 526 1776 error
553 1722 654 1775 sub
704 1717 996 1773 Joviniano
1023 1719 1245 1787 quidem
1294 1719 1624 1781 exstinctus,
1661 1734 1687 1771 a
1721 1718 1939 1772 Juliano

372 1823 552 1865 autem
609 1813 919 1874 excitatus,
986 1811 1244 1879 paulatim
1298 1807 1684 1863 rcﬂorescebat
1735 1807 1831 1873 (Ι),
1885 1817 1942 1861 et

375 1903 565 1964 Dialia,
601 1901 850 1971 Dionysia
883 1910 939 1955 et
997 1899 1216 1956 Cereris
1251 1916 1426 1960 sacra,
1467 1897 1655 1952 nonin
1703 1897 1936 1966 angulis,

373 1993 700 2061 imperatore
723 1992 888 2045 veluti
917 1999 1190 2059 prmeunte
1215 2033 1230 2056 ,
1273 1990 1669 2058 peragebantur
1700 2008 1727 2056 ε,
1765 1998 1817 2042 et
1847 1989 1940 2041 hn-

372 2086 549 2136 mines
587 2085 640 2136 in
669 2083 848 2135 medio
876 2083 1012 2144 foro,
1050 2084 1266 2135 nemine
1298 2081 1631 2141 obsistente,
1671 2081 1941 2134 bacchan-

373 2174 535 2237 tium,
562 2173 654 2240 qui
709 2176 934 2227 numine
973 2172 1246 2234 aﬂlantur,
1302 2186 1476 2234 more,
1532 2171 1938 2224 discurrebant.

373 2267 577 2320 Eurum
610 2283 740 2319 vero
783 2275 1014 2325 tantum,
1059 2265 1150 2334 qui
1195 2264 1476 2318 catholicae
1508 2262 1768 2317 Ecclesia:
1810 2262 1941 2317 doc-

376 2359 574 2413 trinam
610 2359 1003 2428 sequebantur,
1064 2357 1424 2427 implacabilis
1473 2356 1648 2409 hoslis
1699 2364 1834 2409 erat.
1877 2355 1941 2409 Et

375 2454 616 2523 primum
668 2451 891 2520 quidem
943 2465 1132 2504 recens
1201 2457 1568 2502 constructam
1630 2448 1940 2511 ecclesiam,

377 2557 539 2612 quam
573 2541 681 2596 illis
711 2541 1032 2598 Iovinianus
1054 2540 1300 2606 dederat,
1328 2540 1563 2605 ademit;
1593 2540 1790 2596 deinde
1817 2557 1944 2593 vero

376 2651 440 2688 ex
464 2635 583 2688 aliis
608 2648 824 2703 quoque
851 2648 944 2687 eos
968 2632 1138 2686 sacris
1185 2632 1390 2688 :rdibus
1415 2633 1616 2703 exegit.
1643 2632 1820 2702 Atque
1848 2632 1943 2685 ubi

380 2727 457 2780 illi
485 2727 586 2779 sub
622 2725 712 2778 dio
737 2733 978 2792 agentes,
1015 2723 1082 2776 ad
1118 2726 1318 2778 montis
1356 2724 1569 2778 radices
1596 2725 1765 2780 Deum
1813 2740 1945 2779 con-

381 2817 671 2871 suetudine
701 2833 797 2870 sua
850 2817 1068 2886 hymnis
1109 2825 1166 2869 et
1202 2815 1458 2870 laudibus
1500 2819 1860 2884 celebrarent,
1893 2828 1950 2871 et

380 2907 560 2960 varias
605 2904 933 2974 easdemque
987 2905 1243 2978 adversas
1295 2903 1436 2958 aeris
1466 2905 1816 2968 mutationes,
1851 2908 1952 2961 ali-

379 2997 600 3065 quando
648 2997 866 3066 quidem
896 3012 1020 3052 cum
1066 2996 1266 3065 pluviis
1316 3008 1371 3050 et
1429 2997 1552 3050 nive
1585 3008 1642 3052 et
1687 2998 1950 3053 immenso

377 3088 579 3158 frigore
623 3088 940 3151 conﬂictati,
975 3089 1270 3157 aliquando
1299 3085 1479 3142 autem
1527 3100 1664 3144 testu
1696 3093 1824 3146 solis
1853 3093 1952 3145 ad-

383 3180 601 3232 modum
658 3179 836 3234 adusti
870 3180 1195 3249 perferrent,
1249 3197 1314 3235 ne
1349 3196 1414 3233 eo
1450 3183 1668 3250 quidem
1719 3184 1839 3238 loco
1895 3192 1956 3238 ut

379 3284 763 3343 permanerent
800 3274 996 3337 voluit,
1057 3282 1113 3328 et
1163 3275 1420 3329 immissis
1461 3275 1513 3328 in
1541 3291 1637 3329 eos
1669 3276 1951 3340 militibus,

380 3379 750 3420 terniunosum
780 3365 886 3420 hoc
911 3365 1034 3418 vite
1069 3365 1288 3436 agendae
1319 3366 1626 3421 institutum
1647 3368 1954 3437 dissipavit.

381 3456 676 3511 Flavianus
725 3466 907 3512 autem
958 3465 1015 3512 et
1071 3455 1341 3513 Diodorus
1382 3460 1635 3529 generosi
1706 3463 1955 3517 veritatis

383 3546 601 3600 athleta:
648 3555 760 3600 tum
833 3546 1103 3602 ﬂorebant
1158 3565 1174 3604 :
1246 3549 1338 3617 qui
1395 3550 1744 3604 imminentes
1807 3553 1956 3623 gregi

385 3637 590 3692 Christi
651 3636 868 3701 ﬂuctus,
917 3639 1086 3693 veluti
1137 3639 1345 3708 sc0puli
1376 3639 1617 3707 quidam,
1676 3643 1958 3710 quampri-

385 3745 533 3784 mum
569 3729 624 3782 in
660 3745 908 3798 spumam
947 3729 1296 3800 redegerunt.
1333 3731 1410 3784 Illi
1446 3731 1592 3784 enim
1642 3742 1763 3800 post
1796 3732 1961 3787 Mele-

387 3819 526 3873 tium
557 3818 611 3871 in
643 3817 895 3873 exsilium
934 3821 1186 3890 ejectum,
1217 3836 1313 3889 pro
1339 3837 1499 3890 grege
1529 3820 1733 3877 Christi
1762 3823 1958 3878 decer-

388 3910 732 3972 tabant,cum
764 3911 1058 3982 lupisipsis
1097 3911 1310 3966 fortiter
1335 3913 1554 3967 obviam
1607 3913 1814 3978 eundo,
1841 3925 1953 3968 tum

387 4001 590 4057 Christi
609 4002 800 4056 ovibus
818 4004 1230 4059 convenientem
1251 4005 1552 4058 doctrinam
1575 4005 1955 4074 proponendo.

387 4097 566 4162 Atque
591 4093 683 4147 ubi
713 4109 778 4147 ex
807 4094 940 4149 locis
963 4093 1031 4148 ad
1069 4093 1280 4149 radices
1303 4095 1504 4150 montis
1540 4097 1660 4150 sitis
1679 4097 1958 4153 deturbati

388 4195 538 4246 sunt,
568 4185 634 4240 ad
669 4186 900 4254 proximi
926 4184 1168 4240 ﬂuminis
1193 4187 1343 4255 ripas
1361 4201 1495 4241 oves
1521 4198 1821 4254 paverunt:
1847 4204 1954 4242 non

388 4277 619 4338 frustra,
659 4276 885 4346 perinde
910 4285 1074 4346 atque
1120 4277 1198 4330 illi
1228 4277 1284 4330 in
1333 4276 1606 4347 Babylone
1635 4279 1857 4348 captivi,
1887 4278 1955 4332 ad

389 4369 586 4424 saliees
615 4369 916 4422 carminum
946 4384 1148 4439 organa
1179 4368 1574 4438 suspendentes
1604 4384 1621 4422 :
1653 4372 1746 4424 sed
1785 4369 1960 4440 libere

391 4461 586 4526 Deum,
619 4463 772 4532 juxta
802 4461 1047 4516 divinum
1100 4461 1380 4525 Davidem,
1412 4463 1466 4517 in
1510 4462 1658 4516 omni
1697 4463 1818 4518 loco
1859 4464 1959 4518 du-

392 4551 711 4606 minationis
738 4553 860 4620 ejus
893 4552 1199 4608 laudantes.
1249 4552 1452 4608 Verum
1495 4569 1564 4608 ne
1592 4554 1698 4610 hoc
1731 4556 1955 4626 quidem

391 4641 446 4695 in
501 4640 622 4694 loco
672 4641 767 4694 diu
827 4655 925 4695 eos
974 4642 1196 4706 durare,
1244 4641 1676 4698 orthodoxorum
1704 4655 1760 4700 et
1809 4656 1958 4704 recte

393 4731 748 4786 sentientium
800 4731 975 4786 hostis
1029 4747 1216 4800 passus
1265 4741 1399 4789 est:
1455 4734 1616 4808 148
1647 4737 1742 4790 sed
1780 4738 1956 4806 primo

1969 799 2022 857 Α

2631 795 2882 847 ΚΕΦΑΛ.
2917 794 3041 848 KA'.

2042 886 2181 953 Περὶ
2212 883 2328 963 ’τοῦ
2353 885 2899 963 ἄγξουῄφθαὸιανρῦ
2923 889 3018 963 καὶ
3053 889 3352 963 ᾼιοδὼρου,
3380 895 3450 960 ὠς
3474 899 3564 963 τὴν

2115 958 2385 1034 ποίμγην
2424 957 2721 1034 91.31“qu
2759 958 2938 1034 »αὐτοὶ
2970 957 3224 1022 διεῖπον,
3245 957 3566 1034 naiadum.

2114 1025 2282 1077 τικυῦ
2309 1025 2625 1089 ἐπιϐάντες
2644 1027 2904 1092 βαθμοῦ.

2115 1143 2377 1194 Πλεῖστον
2409 1141 2456 1194 δ’
2496 1145 2579 1196 ὅτι
2624 1146 2819 1214 χρόνον
2873 1145 2931 1195 ἐν
2959 1143 3264 1218 Ἀντιοχείᾳ
3319 1150 3568 1224 διατρίψας

2043 1236 2279 1304 Οὐάλης,
2332 1235 2574 1297 Εῦζωτου
2621 1237 2733 1290 τῶν
2781 1238 3091 1306 ἐκκλησιῶν
3126 1241 3437 1311 ἡγουμένου,
3462 1247 3568 1300 Ἰον-

2041 1328 2212 1389 δαίοις
2241 1329 2339 1396 μὲν
2378 1330 2473 1381 καὶ
2503 1329 2728 1398 Ἕλλησι
2781 1330 2878 1382 καὶ
2908 1331 3043 1382 πᾶσι
3071 1331 3400 1400 Χριστιανῶν
3431 1336 3571 1404 ὄνομα

2043 1421 2471 1490 περικειμένοις.
2539 1422 2800 1475 τάναντία
2845 1422 2901 1474 δὲ
2926 1423 3022 1491 τῆς
3058 1423 3411 1495 εὐαγγελικῆς
3452 1429 3572 1482 Mtt-

2041 1512 2232 1574 καλίας
2269 1513 2704 1582 ἀσπαζομένοις,
2756 1514 2825 1568 τὰ
2864 1514 3089 1585 θυμήρη
3143 1519 3395 1585 πράττειν
3433 1520 3572 1584 ἀδεῶς

2041 1605 2241 1658 εἴασεν.
2279 1606 2502 1673 Ἀμέλει
2549 1607 2642 1659 καὶ
2676 1609 2706 1674 ἡ
2740 1608 2833 1658 ἐπὶ
2879 1607 3145 1661 Ἰοὸιανοῦ
3186 1611 3284 1676 μὲν
3323 1611 3572 1665 σϐεσθείοκ

2045 1695 2246 1763 πλάνη,
2294 1695 2404 1748 ἀπὸ
2453 1695 2750 1750 Ἰουλιανοῦ
2784 1697 2839 1750 δὲ
2874 1696 3192 1766 ὲξαφθεῐσα,
3238 1699 3373 1752 κατᾶ
3413 1705 3574 1770 μικρὸν

2043 1789 2205 1840 πάλιν
2252 1787 2404 1857 ἧνθει
2435 1805 2448 1818 ο
2481 1790 2577 1842 καὶ
2623 1789 2692 1843 τὰ
2746 1791 2946 1842 Διάσια
2999 1791 3094 1844 καὶ
3149 1792 3416 1853 Διονύσια,
3446 1795 3506 1846 τά
3530 1814 3576 1846 τε

2043 1881 2331 1950 Δήμητρος
2354 1880 2516 1951 ῐργα,
2549 1884 2650 1935 οὐκ
2677 1885 2736 1934 ὲν
2765 1884 3067 1953 γωνίᾳ,ἆτε
3096 1883 3160 1951 δὴ
3198 1883 3447 1952 βασιλέως
3469 1901 3576 1937 κιτ-

2046 1972 2326 2042 ἀρχοντος,
2359 1974 2639 2028 ἐτελοῦντο
2659 1990 2674 2005 ο
2711 1975 2806 2027 καὶ
2838 1974 3198 2044 βακχεύοντες
3225 1975 3406 2045 ἄνδρες
3453 1975 3577 2029 ἔθεον

2044 2065 2181 2118 κατά
2211 2066 2381 2134 μέσης
2413 2066 2515 2135 τῆς
2539 2068 2766 2136 ἀγορᾶς,
2798 2067 3016 2128 οὐδενὸς
3048 2067 3303 2137 ἐμποδὼν
3335 2069 3581 2122 καθεστῶ-

1974 2134 2016 2192 B
2048 2176 2159 2222 τος.
2193 2160 2394 2221 Movet;
2423 2134 2478 2211 δέ
2498 2134 2691 2228 ἑχορδς
2720 2160 2991 2223 ἄσπονδος
3113 2163 3226 2222 τοῖς
3262 2159 3502 2229 φρονοῦσι
3525 2162 3578 2211 τὰ

2049 2251 2146 2320 τῆς
2175 2248 2403 2303 καθόλου
2426 2250 2725 2320 ικκλησίας
2765 2251 3095 2319 διδάγματα.
3134 2254 3247 2305 Καὶ
3293 2252 3356 2320 δὴ
3401 2252 3582 2319 πρῶτον

2051 2341 2442 2413 ἀφῄρειαύτῶν
2465 2342 2562 2411 τὴν
2579 2343 2874 2414 νεόδμητον
2892 2343 3247 2410 Ἐκκλησίαν,
3276 2346 3341 2415 ἢν
3361 2344 3582 2404 Ἰοὸιανδς

2053 2432 2200 2486 ἕδοτο
2218 2448 2234 2464 ⁸
2279 2435 2376 2486 καὶ
2402 2432 2511 2488 τῶν
2540 2433 2720 2486 ἄλλων
2768 2435 2930 2506 ιερῶν
2956 2437 3264 2505 περιὸόλων
3307 2437 3580 2506 ἐξήλαυνεν.

2064 2523 2151 2587 Ὠς
2173 2525 2220 2577 δ’
2248 2526 2448 2578 ἐκείνοι
2467 2527 2524 2578 ὲν
2555 2526 2812 2597 ὑπαίθρῳ
2842 2527 3126 2595 διάγοντες
3153 2530 3310 2598 παρὰ
3342 2531 3436 2589 τάς
3463 2529 3586 2581 ὑπω-

2058 2617 2210 2686 ρείας
2243 2617 2338 2671 τοῦ
2379 2619 2540 2686 ὅρους
2581 2619 2788 2690 ὕμνουν
2816 2621 2936 2688 μὲν,
2973 2623 3046 2683 ὡς
3083 2621 3225 2684 ἔθος,
3255 2620 3405 2686 Θεὸν,
3432 2622 3526 2673 τῶν
3553 2623 3586 2672 δ’

2056 2711 2316 2763 ἐναντίων
2346 2710 2440 2764 τοῦ
2471 2711 2632 2780 ἀέρος
2675 2715 2931 2782 μετεῖχον
2973 2713 3312 2778 μεταϐολῶν,
3350 2714 3476 2766 ποτὲ
3508 2717 3590 2782 μὲν

2058 2805 2234 2866 ὑετοῖς
2289 2807 2387 2859 καὶ
2417 2807 2660 2874 νιφετοῖς
2707 2807 2804 2860 καὶ
2843 2811 3077 2876 κρυμοῖς
3132 2806 3588 2877 προσπαλαίοντες,

2065 2897 2255 2951 ἄλλοτε
2329 2897 2386 2950 δὲ
2444 2897 2709 2966 φλυγμοῖς
2768 2897 3014 2965 ὴλιακείς
3077 2899 3285 2968 σφόδρα
3335 2900 3592 2950 κατακαιο-

2059 3004 2231 3058 μενοι,
2267 2987 2392 3040 οὐδ’
2449 2989 2509 3040 ὲν
2547 2989 2774 3052 ταύταις
2808 2991 2902 3059 ιᾷν
2966 2990 3165 3049 αὐτοὺς
3230 2989 3424 3060 ἤθελεο
3451 3004 3591 3058 στρα·

2061 3080 2264 3143 τιὼτας
2283 3081 2340 3132 δὲ
2371 3079 2629 3150 πέμπων,
2657 3083 2753 3134 καὶ
2778 3085 2878 3151 τὴν
2910 3085 3167 3136 ἐπίπονον
3194 3081 3402 3148 ταύτην
3431 3080 3597 3145 διαγω-

2061 3171 2166 3242 γὴν
2229 3173 2598 3237 διεσκέδαζεν.
2656 3173 2953 3236 Φλαὸιανὸς
2999 3174 3054 3226 δὲ
3112 3173 3208 3225 καὶ
3259 3173 3510 3241 Διόδωρος
3557 3171 3594 3222 οἱ

2062 3267 2297 3333 γενναῖοι
2332 3266 2431 3332 τῆς
2461 3264 2720 3334 ἀληθείας
2747 3267 3049 3333 ἀγωνισταὶ
3071 3264 3377 3336 τηνικαῦτα
3405 3263 3598 3330 διέλαμ-

2063 3373 2164 3409 πον
2186 3373 2202 3388 ·
2241 3357 2336 3408 καὶ
2362 3361 2430 3408 τά
2463 3356 2878 3426 προσϐάλλοντα
2915 3357 3142 3426 κύματα
3169 3359 3238 3427 τῇ
3272 3357 3468 3428 ποίμνη
3485 3356 3596 3423 X9:-

2065 3444 2214 3510 στοῦ,
2241 3442 2332 3499 οἷά
2353 3463 2496 3508 τινες
2523 3447 2802 3514 πρόσολοι,
2833 3448 2968 3516 πρὸς
3009 3450 3181 3518 ἀφρδν
3226 3450 3303 3511 ὡς
3333 3449 3485 3517 τάχος
3506 3446 3599 3499 διὲ·

2065 3538 2211 3592 λυον.
2249 3537 2414 3591 Αὐτοὶ
2463 3538 2572 3608 γάρ
2608 3539 2747 3609 μετά
2785 3529 3047 3592 Μελέτιον
3099 3540 3396 3616 γενόμενον
3431 3540 3601 3608 ὑπερό-

2067 3646 2184 3698 ριον
2214 3631 2316 3697 τῆς
2350 3629 2588 3700 ποίμνης
2640 3629 3032 3684 ἀντεποιοῦντο
3057 3633 3302 3700 Χριστοῦ
3325 3647 3340 3661 '
3390 3635 3494 3694 τοῖς
3522 3633 3602 3700 μὲν

2062 3719 2248 3781 λύκοις
2277 3720 2539 3788 ἀνδρείως
2591 3721 3066 3792 ἀντιταττόμενοι,
3096 3727 3211 3782 τοῖς
3241 3742 3309 3793 γε
3357 3725 3459 3796 μὴν
3494 3723 3606 3792 Χρι-

2067 3811 2195 3864 στοῦ
2229 3812 2513 3883 θρέμμασι
2539 3811 2637 3884 τὴν
2668 3815 3058 3884 προσήκουσαν
3093 3817 3446 3872 διδασκαλίαν
3469 3835 3607 3888 προτ-

2062 3905 2346 3974 φέρυντες.
2387 3903 2476 3966 Ὦς
2530 3905 2586 3958 δὲ
2647 3907 2756 3959 κάκ
2816 3907 2917 3976 τῆς
2972 3908 3260 3980 ὑπωρείας
3313 3911 3601 3982 ἠλαύνοντο,

2063 3996 2218 4065 παρά
2241 3995 2339 4060 τὰς
2369 3996 2540 4066 δχθας
2564 3997 2660 4050 τοῦ
2689 3997 2934 4066 γείτονος
2985 4001 3234 4068 ποταμοῦ
3266 4003 3335 4056 τά
3387 4002 3604 4072 πρόϐατα

2062 4089 2280 4158 ἔνεμον,
2307 4089 2405 4142 οὒκ
2436 4090 2582 4160 εἰκῆ,
2607 4091 2752 4145 κατὰ
2797 4092 2923 4155 τοῦς
2952 4093 3009 4144 ὲν
3048 4093 3332 4149 Βαϐυλῶνι
3355 4095 3606 4166 αίχμαλὼ-

2061 4197 2211 4244 τους,
2233 4181 2384 4252 παρά
2403 4182 2500 4245 τὰς
2523 4182 2668 4248 ίτέας
2684 4185 3000 4254 κρεμῶντες
3023 4185 3092 4240 τά
3108 4186 3220 4239 τῶν
3233 4185 3392 4256 ᾠδῶν
3408 4189 3606 4258 δργανα,

2060 4273 2178 4327 ἀλλ’
2204 4274 2377 4334 ἀδεῶς
2425 4273 2631 4346 ὕμνουν
2675 4275 2829 4342 Θεὸν,
2859 4279 3001 4331 κατά
3029 4278 3119 4331 τὸν
3173 4280 3323 4333 θεῖον
3351 4278 3528 4344 Δαυῒδ,
3562 4280 3609 4329 tv

2064 4365 2231 4418 παντὶ
2260 4367 2414 4436 τόπῳ
2467 4366 2571 4436 τῆς
2619 4367 2939 4430 δεσποτείας
2993 4369 3180 4424 αὐτοῦ.
3214 4369 3364 4426 Ἀλλ’
3416 4371 3519 4424 οὐδ’
3564 4371 3611 4422 ὲν

2063 4459 2264 4528 δκείνῳ
2293 4459 2371 4527 τῷ
2401 4461 2565 4529 χώρῳ
2612 4459 2845 4515 ἐπιπολὺ
2879 4459 3178 4532 διατρίϐειν
3232 4463 3422 4516 είασεν
3449 4462 3478 4514 δ
3519 4460 3611 4512 τῶν

2061 4549 2359 4620 ὀρθοδόξων
2395 4551 2574 4620 μόνων
2607 4552 2870 4623 πολέμιος
2893 4569 2908 4584 ·
2940 4551 3058 4606 ἀλλ’
3085 4553 3160 4616 ὡς
3191 4554 3356 4624 τάχος
3381 4551 3611 4607 κάκεῖθεν

2061 4642 2289 4710 ἀφίστα,
2323 4641 2420 4694 καὶ
2448 4641 2548 4712 τὴν
2601 4647 2928 4712 συναγωγὴν
2957 4643 3196 4715 διασπᾷν
3238 4646 3517 4715 ἐπειρᾶτο.
3555 4638 3606 4692 'ﬂ

2063 4733 2184 4787 θεία
2205 4733 2314 4787 τῶν
2341 4735 2726 4804 ὑποποιμένων
2749 4735 2982 4788 τουτωνὶ
3002 4735 3258 4807 ξυνωρὶς,
3285 4753 3356 4801 γυ
3365 4735 3613 4804 μνάζουσα

391 4838 611 4892 quoque
648 4832 894 4891 tempore
925 4823 1052 4878 inde
1081 4824 1248 4878 etiam
1291 4826 1549 4880 secedere
1582 4829 1793 4898 coegit,
1823 4844 1951 4884 con-

2067 4826 2166 4894 μὶν
2197 4821 2264 4895 ἦν
2293 4824 2354 4876 τὸ
2386 4825 2759 4894 πνευματικὸν
2793 4825 2955 4878 τοῦτο
2987 4828 3243 4895 ποίμνιον
3281 4829 3419 4896 πρὸς
3451 4825 3538 4893 τὴν
3567 4824 3614 4872 ὲν

395 4925 730 4984 ventumque
755 4929 879 4968 cum
919 4915 1134 4970 solvere
1165 4926 1326 4986 atque
1375 4916 1642 4987 dissipare
1666 4929 1750 4973 est
1795 4935 1963 4976 cona-

398 5014 508 5062 tus.
550 5005 808 5060 Sedenim
866 5005 1108 5062 divinum
1142 5006 1375 5062 duorum
1429 5011 1660 5064 istorum
1693 5011 1962 5078 virorum,

398 5097 491 5164 qui
524 5113 623 5164 pro
655 5095 966 5166 pastoribus
988 5113 1103 5151 rem
1141 5097 1420 5168 gerebant,
1452 5113 1552 5167 par
1573 5137 1588 5161 ,
1624 5099 1966 5168 spiritualem

398 5203 635 5258 gregem,
657 5188 724 5241 ad
755 5188 805 5241 id
841 5189 985 5258 quod
1013 5189 1066 5243 in
1083 5188 1304 5244 Christo
1333 5199 1416 5242 est
1437 5189 1661 5253 bellum,
1693 5190 1967 5258 exercuit,

401 5290 565 5347 atque
607 5280 696 5332 ubi
729 5280 1096 5348 pabulandum
1128 5287 1293 5341 esset,
1329 5280 1672 5335 monstravit.
1704 5281 1773 5336 Et
1798 5297 1967 5352 gene-

401 5386 564 5424 rosus
595 5371 818 5440 quidem
845 5372 1136 5431 Diodorus,
1175 5371 1400 5439 perinde
1425 5379 1588 5440 atque
1629 5372 1887 5440 praraltus
1916 5383 1974 5427 et

404 5461 710 5532 pellucidus
734 5463 933 5526 amnis,
965 5461 1152 5516 divino
1187 5463 1411 5516 ﬂumine
1438 5477 1568 5516 suos
1599 5463 1828 5530 potavit.
1855 5463 1972 5519 Ad-

404 5569 598 5609 versus
627 5554 838 5609 alienos
884 5567 1066 5610 autem
1129 5555 1510 5609 vehementius
1573 5571 1696 5611 cum
1763 5556 1972 5626 impetu

408 5661 598 5712 ruens,
653 5646 937 5717 illegititna
972 5645 1224 5716 dogmata
1250 5647 1412 5701 diluit
1455 5657 1510 5703 ct
1543 5646 1786 5704 abolevit
1814 5664 1831 5704 :
1861 5663 1972 5704 non

481 5819 559 5889 (ι)
589 5821 800 5879 Theod.
834 5819 961 5876 eod.
996 5835 1118 5887 cap.
1146 5819 1238 5884 «ιι.
1269 5821 1358 5879 23.

2065 4914 2288 4985 Χριστῷ
2322 4915 2526 4984 μάχην,
2553 4915 2646 4968 καὶ
2732 4915 2796 4986 δὴ
2818 4915 3100 4985 νέμεσθαι,
3129 4916 3498 4969 ἐπεδείκνυον.
3526 4911 3616 4966 Καὶ

2067 5009 2096 5060 ὁ
2135 5009 2234 5076 μὲν
2267 5009 2512 5075 γενναῖος
2543 5009 2826 5078 Διόδωρος,
2863 5003 2952 5061 οἷά
3001 5026 3088 5071 τις
3132 5009 3382 5076 ποταμὸς
3418 5005 3616 5078 βαθυδίτ

2073 5115 2176 5166 νης
2205 5099 2302 5152 καὶ
2349 5098 2732 5163 διειδέστατος,
2767 5100 2828 5152 τὸ
2860 5099 2999 5152 Θείον
3027 5101 3177 5168 νᾶμα
3211 5103 3326 5162 τοῖς
3363 5098 3620 5166 σφετέροις

2072 5189 2323 5260 ιπήγαγε
2350 5204 2365 5220 ⁶
2398 5188 2656 5258 ῥαγδαῖος
2686 5190 2744 5242 δὲ
2799 5192 2915 5252 τοῖς
2949 5189 3256 5260 ἀλλοτρίοις
3308 5187 3531 5250 κατιὼν,
3567 5185 3623 5237 τὰ

2073 5281 2206 5334 νόθα
2242 5281 2350 5333 τῶν
2373 5281 2661 5348 δογμάτων
2696 5281 2964 5345 ἐπέκλυζε
3019 5284 3116 5335 καὶ
3165 5281 3423 5350 ἠφάνιζε,
3481 5279 3550 5348 μὴ
3571 5275 3622 5326 τὸ

2073 5372 2172 5427 τοῦ
2207 5373 2397 5441 γένους
2425 5372 2726 5441 περιφανὲς
2758 5373 3010 5442 οὐδαμῶς
3052 5375 3112 5425 ὲν
3145 5375 3289 5443 λόγῳ
3341 5373 3620 5440 τιθέμενος.

2077 5465 2260 5534 φέρων
2287 5463 2333 5515 δ’
2379 5457 2439 5514 εὗ
2482 5463 2628 5531 μάλα
2682 5463 2742 5515 τὸ
2777 5463 3008 5532 πάσχειν
3048 5464 3189 5534 ὑπὲρ
3236 5465 3334 5534 τῆς
3387 5463 3621 5516 πίστεως.

2075 5555 2373 5618 Φλασιανὺς
2417 5556 2474 5608 δὲ
2507 5558 2602 5609 καὶ
2639 5556 2802 5620 αὐτὸς
2831 5557 2939 5608 τῶν
2992 5554 3055 5610 εὖ
3101 5554 3406 5625 γεγονότων
3449 5552 3536 5615 ῶν,
3577 5548 3626 5597 τὸ

2082 5649 2302 5712 εὐσεϐὲς
2365 5647 2466 5718 τῆς
2520 5647 2799 5716 εὐγενείας
2859 5647 3178 5716 προύτίθειο
3226 5648 3319 5702 καὶ
3388 5642 3526 5698 καθά
3555 5656 3624 5701 τι,
