3912 6584
234 693 268 733 ὶ

398 332 530 447 eti
1556 377 1573 385 ‘
1616 374 2037 443 NIcEpnont
2069 370 2422 444 CALLISTI
3516 378 3613 457 stt

405 597 616 646 stanter
666 588 876 643 fueram
901 626 917 650 .
948 588 992 642 si
1045 603 1149 657 pax
1194 585 1401 642 Christi
1434 584 1630 641 ovibus
1667 591 1830 639 esset.
1867 582 1974 638 Sed

406 697 533 737 cum
560 680 730 737 multa
756 679 1263 751 quaedam'insaniae
1296 679 1470 747 caligo
1506 677 1626 731 loca
1654 675 1838 730 omnia
1877 691 1973 731 oc-

410 773 646 842 cuparit,
698 782 754 827 et
799 772 1071 826 maximus
1119 770 1344 836 insuper
1363 769 1622 838 subrepat
1669 768 1856 830 timor,
1907 781 1975 821 ne

410 864 651 934 plurimo
683 863 1006 917 imminente
1030 859 1295 930 periculo,
1332 874 1362 913 a
1390 858 1519 913 feris
1540 873 1672 913 oves
1703 857 1979 912 dilanicn-

412 961 526 1013 tur,
576 951 875 1006 necessitas
904 950 1036 1004 mihi
1062 963 1280 1018 quoque
1318 947 1614 1014 incumbit,
1639 952 1698 1002 ut
1733 948 1974 1019 vigilem,

412 1048 748 1111 ont‘uemque
779 1044 963 1098 funem
1006 1054 1289 1111 moveant,
1326 1055 1394 1094 ne
1422 1040 1565 1109 quod
1599 1056 1729 1109 grex
1771 1041 1977 1097 Christi

410 1136 596 1204 capiat
655 1135 1066 1190 detrimentum.
1115 1137 1225 1202 Age
1254 1132 1440 1197 enim,
1477 1148 1510 1188 ο
1556 1132 1873 1202 imperator,
1929 1131 1975 1188 si

417 1231 598 1299 puella
627 1243 804 1284 essem
854 1227 1000 1282 domi
1035 1228 1089 1280 in
1133 1226 1379 1282 conclavi
1411 1226 1618 1287 abdita.
1665 1226 1815 1281 fusos
1862 1242 1977 1280 ma-

411 1324 577 1380 nibus
605 1331 865 1384 tractans,
887 1328 939 1373 et
980 1319 1278 1373 laniﬁcium
1317 1334 1496 1372 meum
1540 1332 1742 1372 curans
1771 1358 1786 1381 ,
1813 1328 1978 1388 atque

410 1414 666 1471 alicunde
693 1412 876 1467 subito
906 1410 1279 1479 conspicerem
1317 1404 1590 1464 llatumam
1624 1418 1891 1472 exortam.
1923 1416 1981 1465 et

414 1507 565 1562 omni
606 1515 847 1575 exparte
880 1510 1118 1573 paterna:
1160 1501 1346 1556 domui
1380 1501 1788 1569 circumfusam.
1832 1500 1981 1558 {mdo

412 1598 670 1656 incendio
722 1611 843 1652 eam
887 1595 1109 1665 jamjam
1165 1603 1638 1663 consumpturam,
1697 1593 1829 1663 quid
1892 1609 1979 1648 me

412 1690 597 1746 facere
625 1685 947 1758 oporteret?
976 1685 1097 1747 die,
1128 1693 1180 1740 te
1237 1700 1337 1755 per
1359 1683 1528 1739 Deum
1569 1698 1689 1740 oro.
1717 1683 1982 1740 Utrumne

414 1796 502 1837 me
549 1779 629 1836 sic
688 1776 904 1837 sedere.
959 1784 1015 1831 et
1051 1783 1275 1845 penates
1323 1773 1533 1844 patrios
1581 1771 1981 1842 conﬂagrantes

304 512 320 531 ο
404 495 485 551 eis
508 509 595 550 me
624 492 678 549 id
709 490 889 550 facere
910 491 1114 549 debere
1145 502 1160 548 ‘:
1185 488 1541 562 {acturusque
1583 489 1635 544 id
1677 490 1815 545 adeo
1841 504 1974 545 con-

2086 509 2210 557 των,
2239 493 2296 545 ὲν
2328 491 2521 562 εἰρήνη
2558 487 2668 543 τῶν
2698 486 2936 558 Χριστοῦ
2969 488 3305 565 θρεμμάτων
3350 497 3614 564 μενόντων.

2090 584 2241 636 Ἐπεὶ
2269 584 2327 636 δὲ
2354 581 2527 653 πολλή
2558 599 2646 647 τις
2676 583 2736 635 τὸ
2763 583 2872 636 πᾶν
2915 583 3135 654 κατέχει
3168 581 3513 654 σκοτόμαινα,
3537 598 3620 647 καὶ⁵

2076 677 2195 741 δέος
2222 680 2458 750 ὑφέρπει
2493 677 2769 742 πλεῖστον,
2810 675 2888 746 μὴ
2919 674 3235 748 θηριάλωτα
3274 680 3513 750 γένηται,
3537 702 3623 753 με.

2077 770 2266 837 γίστου
2299 770 2689 840 ἐπηρτημένου
2722 768 2994 835 κινδύνου,
3028 768 3243 840 ἀνάγκη
3267 770 3410 841 κάμὲ
3443 776 3624 843 γρηγο-

2080 865 2216 931 ρεῖν,
2247 864 2343 918 καὶ
2377 863 2555 918 πάντα
2599 863 2781 919 κάλων
2813 856 3011 927 κινεῖν,
3051 861 3334 933 ἀλώϐητον
3379 864 3625 921 διασῶσαι

2078 954 2176 1026 τὴν
2210 955 2447 1026 ποίμνην
2493 950 2760 1027 Χριστοῦ.
2788 946 2935 1025 ’Ᾱρα
2967 956 3101 1029 γὰρ,
3150 949 3197 1009 ὦ
3253 955 3492 1026 βασιλεῦ,
3523 958 3626 1027 εἴγε

2085 1049 2225 1117 κόρη
2258 1065 2342 1112 τις
2366 1048 2665 1119 ἐτύγχανον
2693 1048 2791 1116 ὢν,
2825 1050 2966 1103 οίκοι
2998 1065 3055 1102 τε
3090 1049 3183 1101 κοιλ⁵
3214 1049 3350 1116 πρὸς
3403 1047 3627 1118 θάλαμον

2079 1140 2463 1210 κεκρυμμένη,
2498 1140 2589 1193 καὶ
2627 1138 2763 1210 πρὸς
2797 1141 3068 1211 ἄτρακτον
3109 1134 3395 1211 ιρείδουσα
3435 1143 3628 1211 χεῖρας,

2079 1222 2295 1301 καὶτῆς
2319 1220 2526 1294 οίκείας
2555 1231 2819 1294 ταλασίας
2843 1216 3162 1285 καθεστῶσα
3188 1233 3269 1294 είς
3291 1230 3627 1299 ἐπιμέλειαν·

2079 1309 2203 1377 εἷτά
2247 1323 2416 1376 ποθεν
2446 1311 2713 1392 ἐξαπίνης
2754 1318 2929 1391 φλόγα
2981 1318 3404 1392 προσπεσοῦσαν
3439 1318 3629 1389 ἐώρων,

2079 1410 2178 1482 τὴν
2226 1410 2491 1483 πατρῴαν
2539 1413 2719 1465 οἰκίαν
2764 1410 3080 1482 ἁπανταχοῦ
3130 1407 3511 1479 περιθέουσαν,
3550 1411 3633 1462 καὶ

2081 1506 2553 1576 κατεπειγομίνην
2606 1506 2982 1576 ἀπηνέστερον
3022 1492 3292 1574 δαπανᾷν,
3322 1504 3376 1557 τί
3417 1510 3486 1573 με
3512 1502 3632 1573 δρᾷν

2081 1588 2209 1664 ἔδει,
2259 1598 2385 1653 sint
2436 1598 2574 1668 πρὸς
2603 1597 2742 1652 Θεοῦ
2767 1612 2784 1663 ;
2809 1588 2939 1668 'Ap'
2960 1584 3126 1669 ἐχρῆν
3152 1590 3327 1667 ἡσυχῆ
3353 1582 3633 1664 καθῆσθαι,

2081 1690 2177 1745 καὶ
2201 1689 2303 1769 τὴν
2341 1692 2620 1762 πατρικὴν
2651 1691 2841 1745 ἑστίαν
2878 1689 3054 1755 οὕτως
3082 1689 3512 1760 ἐμπιπραμένην
3545 1706 3636 1769 πε·

2085 1768 2297 1851 ριορᾷν,
2333 1778 2431 1833 καὶ
2454 1779 2518 1833 τὸ
2547 1779 2661 1851 πῦρ
2688 1770 2860 1851 ἕρπον
2901 1779 3236 1850 προσμένειν
3257 1795 3271 1809 ·
3301 1778 3333 1847 ἢ
3360 1778 3454 1831 τὸν
3486 1768 3636 1830 Odia-

417 1873 722 1943 despicere,
755 1841 1490 1941 ignemque-proserpentem
1522 1868 1877 1937 exspectare;
1909 1881 1978 1921 an

2086 1841 2187 1939 ξιοᾷ
2215 1841 2482 1923 λιποῦσαν
2510 1841 2697 1938 εὐθύς,
2723 1841 2841 1926 ἀνω
2884 1841 2982 1924 καὶι
3038 1841 3192 1925 κάτω
3242 1841 3469 1940 χωρεῖν,
3508 1867 3638 1935 ὐδωρ

417 1965 662 2022 conclavi
687 1964 868 2019 statim
898 1962 1108 2026 relicto,
1136 1973 1354 2015 sursum
1379 1960 1437 2012 et
1455 1952 1710 2012 deorsum
1734 1970 1982 2022 currere,

414 2072 612 2129 aquam
672 2057 728 2110 in
781 2052 1039 2109 manibus
1108 2050 1342 2115 habere,
1388 2058 1447 2105 ’et
1494 2048 1673 2104 modis
1726 2046 1984 2102 omnibus

414 2151 687 2205 ﬂammam
716 2146 1059 2216 exstinguere
1120 2140 1305 2199 conari
1344 2138 1669 2210 oporteret?
1701 2136 1861 2209 150
1881 2138 1982 2195 Sao

416 2242 489 2296 tis
517 2253 650 2294 sane
680 2238 816 2303 scio,
865 2236 1146 2290 dicturum
1178 2241 1253 2297 te,
1286 2230 1594 2286 faciendum
1648 2230 1780 2299 mihi
1836 2244 1981 2293 esse.

413 2331 562 2403 quod
589 2339 648 2385 et
682 2328 887 2399 sagacis
915 2339 1170 2397 sameque
1226 2323 1428 2379 mentis
1459 2323 1640 2394 puella
1678 2322 1902 2378 faceret.
1925 2320 1982 2377 ιιι

419 2426 597 2495 ipsum
652 2438 784 2478 vero
838 2434 985 2474 nunc
1031 2430 1254 2489 quoque
1320 2417 1439 2472 ﬁeri
1468 2415 1673 2472 debere
1703 2416 1981 2472 existimo.

415 2516 629 2573 Cumtu
654 2514 800 2570 enim
826 2511 981 2582 quasi
1022 2510 1230 2565 fulmen
1273 2508 1548 2580 quoddam
1600 2509 1658 2564 in
1700 2517 1982 2580 paternam

418 2611 645 2665 domum
692 2615 936 2661 nostram
999 2602 1259 2658 incideris
1285 2642 1301 2668 ,
1334 2613 1392 2658 et
1419 2602 1692 2658 veriorem
1723 2602 1982 2671 pietatem

417 2717 635 2758 omnem
668 2701 792 2773 igne
818 2707 999 2753 vastes
1019 2740 1035 2766 ,
1075 2696 1429 2767 undiquaque
1457 2695 1981 2760 circnmcursamus,

414 2798 685 2851 ﬂammam
711 2793 1033 2865 gliscentem
1055 2791 1404 2858 exstinguere
1445 2796 1780 2857 satagentcs.
1815 2808 1833 2841 ι
1857 2785 1985 2843 [huc

415 2888 636 2959 quidem
672 2887 764 2942 ille
792 2884 953 2941 dixit.
975 2884 1279 2954 Imperator
1302 2892 1484 2937 autem
1514 2877 1578 2937 ad
1602 2883 1777 2937 minas
1810 2897 1985 2953 usque

415 2995 756 3064 progressus,
801 2979 964 3034 silere
995 2992 1120 3032 eum
1146 2976 1344 3048 coegit.
1378 2974 1453 3029 Ex
1480 2975 1835 3030 cubiculariis
1875 2993 1977 3031 au-

417 3083 524 3129 tem
554 3072 900 3151 imperatoris
937 3067 1180 3139 quidam,
1215 3067 1311 3137 qui
1339 3076 1587 3122 sanctum
1627 3067 1832 3122 virum.
1854 3084 1983 3138 pro-

2060 1963 2242 2031 ιμεταυ
2258 1963 2446 2032 χεῖρας
2487 1960 2739 2033 ἔχουσαν,
2790 1962 2889 2018 καὶ
2934 1962 3099 2017 παντὶ
3142 1962 3333 2044 τρόπῳ
3375 1955 3640 2044 σϐεννύειν

2082 2052 2377 2123 πειρᾶσθαι
2399 2053 2502 2125 τὴν
2523 2054 2699 2126 φλόγα
2726 2060 2741 2122 ξ
2775 2050 2913 2111 Οἶδα
2956 2040 3216 2119 πάντως,
3237 2055 3399 2108 τοῦτο
3432 2054 3590 2123 ἐρεῖς,
3616 2040 3653 2106 όι

2083 2146 2179 2199 καὶ
2212 2146 2375 2217 κόρη,
2399 2148 2683 2218 ἀγχίνους,
2718 2150 2817 2203 καὶ
2867 2149 3068 2221 φρενὸς
3118 2148 3311 2219 ὑγιοῦς
3339 2151 3642 2227 ἀντιποιου-

2088 2238 2252 2308 μένη,
2274 2239 2502 2310 ἔδρασεν
2530 2241 2596 2294 άν
2616 2258 2632 2275 ·
2659 2232 2688 2294 ὃ
2710 2240 2866 2308 κάγὼ
2893 2239 3100 2310 νομίζω
3125 2241 3250 2311 ἀρτι
3280 2240 3484 2310 χρῆναι
3498 2239 3640 2309 δρᾷν.

2084 2330 2204 2407 Σοῦ.
2222 2333 2332 2403 γὰρ
2361 2326 2452 2388 οἷά
2478 2351 2627 2397 τινος
2656 2333 2926 2403 κεραυνοῦ
2958 2334 3049 2387 ἐπὶ
3074 2335 3174 2403 τὴν
3204 2334 3468 2406 πατρῴαν
3499 2335 3644 2405 ἡμῶν

2085 2424 2265 2482 οίκίαν
2287 2420 2770 2496 κατασκήψαντος,
2808 2424 2990 2480 καὶτὸ
3042 2427 3266 2497 σύμπαν
3318 2426 3642 2497 πυρπολοῦνο

2084 2537 2176 2584 τος
2208 2519 2309 2589 τῆς
2361 2518 2668 2584 εὐσεϐείας,
2716 2518 3038 2589 ἁπανταχοῦ
3083 2519 3414 2589 περιθέομεν
3443 2520 3510 2572 τδ
3554 2506 3644 2584 τῆς

2086 2606 2283 2681 φλογὸς
2310 2609 2560 2681 ἀκμάζον
2586 2603 2777 2665 σϐέσαι
2817 2610 3171 2681 πειρώμενοι.
3215 2629 3234 2663 ι
3269 2611 3457 2666 Ταῦτα
3492 2610 3521 2662 ὁ
3557 2611 3645 2678 μὲν

2085 2700 2276 2757 εἶπεν·
2326 2702 2358 2754 ό
2402 2701 2460 2755 δὲ
2517 2699 2712 2773 μέχρις
2757 2694 2990 2770 ἀπειλῆς
3040 2702 3433 2772 προχωρήσας,
3498 2702 3645 2770 σιγᾷν

2084 2788 2452 2866 ἠναγκάζετο.
2486 2793 2608 2849 Τῶν
2638 2812 2723 2858 τις
2751 2790 2808 2847 δὲ
2836 2794 2962 2863 περὶ
2992 2793 3083 2846 τὸν
3106 2792 3389 2863 βασιλικὸν
3418 2793 3644 2845 κοιτῶνα

2087 2885 2427 2958 θρασύτερον
2460 2884 2539 2955 τῷ
2572 2883 2706 2957 ὁσίῳ
2764 2884 3059 2950 διατεθεὶς,
3089 2887 3216 2956 περὶ
3270 2884 3329 2940 τὸ
3376 2886 3645 2955 βαλανεῖον

2085 2975 2245 3039 εὐθὺς
2278 2975 2484 3043 εἰσιὼν,
2518 2971 2651 3029 ὥστ’
2697 2975 2832 3031 αὐτὸ
2865 2975 3079 3046 βασιλεῖ
3107 2976 3449 3046 εὐτρεπίσαι,
3477 2978 3538 3028 τὸ
3565 2977 3644 3027 λο-

2085 3068 2333 3136 γιστικὸν
2349 3068 2667 3140 ὲκτραπεὶς,
2696 3070 2777 3131 είς
2796 3069 2894 3137 τὴν
2920 3069 3266 3140 θερμορῤὁην
3288 3060 3644 3140 διολισθήσας.

413 3177 536 3238 pter
561 3165 727 3221 animi
758 3164 1119 3219 temeritatem
1151 3159 1370 3230 gravius
1402 3168 1756 3225 tractaverat.
1781 3160 1836 3215 in
1868 3161 1982 3215 bal-

2088 3161 2180 3231 ηαὶ
2208 3158 2449 3230 ἀκράτου
2494 3158 2785 3229 μετασχὼν
2812 3154 2910 3211 τοῦ
2951 3158 3179 3229 θερμοῦ,
3214 3156 3310 3211 τὸν
3361 3160 3475 3230 βίον
3522 3154 3639 3213 ἀπέι

414 3276 575 3316 neum
602 3257 889 3314 cenicstim
930 3255 1231 3325 ingressus,
1269 3263 1332 3308 ut
1376 3251 1610 3322 principi
1647 3252 1977 3310 lavationem

416 3357 773 3421 prapararet,
809 3355 990 3402 mente
1011 3353 1225 3415 captus,
1267 3352 1323 3400 et
1345 3345 1399 3399 in
1420 3345 1626 3403 calidas
1650 3360 1819 3416 aquas
1834 3344 1983 3399 dela-

414 3446 572 3514 psus,
604 3442 681 3497 ibi
721 3440 887 3495 vitam
930 3439 1126 3493 ﬁnivit.
1190 3438 1492 3509 Imperator
1531 3439 1852 3509 aliquandiu
1891 3453 1983 3508 ex-

415 3542 690 3604 spectans,
715 3540 771 3587 et
798 3529 1010 3586 extrahi
1037 3546 1101 3585 ea
1138 3544 1291 3593 mora
1324 3539 1542 3600 tempus
1567 3545 1830 3600 querens,
1861 3530 1984 3585 aliis

413 3638 637 3678 causam
668 3623 787 3695 ejus
825 3622 905 3676 rei
945 3620 1257 3690 inquisitam
1295 3620 1400 3675 sibi
1433 3620 1749 3675 renuntiare
1778 3635 1985 3691 praece-

418 3715 515 3784 pit.
551 3698 653 3780 Qui
685 3728 807 3768 cum
833 3727 900 3766 eo
927 3711 1229 3777 venissent,
1262 3720 1318 3766 et
1347 3712 1528 3766 omnia
1561 3714 1984 3783 circumspexis-

415 3813 560 3870 sent,
574 3804 723 3857 illum
747 3802 801 3856 in
820 3800 1014 3856 calidis
1031 3800 1194 3854 undis
1213 3810 1385 3857 morte
1409 3801 1601 3872 frigida
1638 3815 1979 3874 peremptum

417 3904 759 3965 repererunt.
809 3896 965 3962 Quod
1023 3896 1116 3952 ubi
1163 3895 1463 3966 imperator
1521 3896 1801 3965 cegnovit,
1844 3912 1984 3966 opus

417 3987 471 4041 id
504 3987 725 4057 quidem
758 3989 1077 4059 petulantis,
1119 3989 1409 4059 Aphraatae
1430 3998 1620 4044 sancto
1646 3989 1811 4046 illata:
1838 3990 1984 4061 inju-

415 4084 514 4137 riae
563 4092 620 4139 et
657 4083 1009 4139 contumeliae.
1049 4098 1193 4149 esse,
1225 4094 1374 4139 recte
1404 4082 1703 4153 arbitratus
1728 4090 1854 4137 est:
1914 4082 1984 4138 de

414 4176 582 4248 impio
633 4187 815 4231 autem
881 4176 1134 4248 dogmate
1195 4177 1491 4243 eumdem,
1543 4179 1697 4248 juxta
1743 4176 1983 4232 indurati

412 4270 597 4325 cordis
655 4270 1018 4334 Pharaonem,
1063 4269 1294 4324 retinuit
1349 4269 1617 4323 animum.
1641 4268 1710 4325 Et
1760 4269 1983 4341 perinde

412 4370 578 4431 atque
618 4360 847 4417 fulmine
876 4361 1090 4416 aﬂlatus
1118 4369 1174 4416 et
1210 4361 1480 4417 attonitus
1519 4361 1817 4431 imperator
1838 4402 1853 4427 ,
1879 4360 1984 4416 mi-

413 4452 601 4506 raculo
650 4468 717 4507 eo
764 4452 938 4523 magis
959 4453 1126 4508 etiam
1166 4462 1250 4509 est
1278 4462 1469 4509 contra
1501 4468 1688 4509 veram
1720 4454 1980 4525 pietatem

2087 3250 2269 3306 λιπεν.
2328 3250 2480 3304 Ἐπεὶ
2508 3250 2554 3305 δ’
2598 3250 2627 3303 ό
2668 3251 2924 3321 βασιλεὺς
2967 3249 3200 3304 ἐπιπολὺ
3250 3251 3543 3322 διατρίϐων
3591 3246 3644 3304 τὸ

2090 3342 2260 3414 βραδὺ
2289 3344 2595 3416 κατῃτιᾶτο
2626 3338 2721 3397 τοῦ
2757 3342 2975 3415 χρόνρυ,
3006 3344 3215 3412 ἑτέροις
3245 3344 3513 3415 ἐπέτρεπε
3553 3353 3643 3413 μη-

2091 3435 2245 3489 νύειν
2275 3436 2338 3490 τὺ
2362 3436 2554 3490 αἴτιον.
2593 3435 2681 3499 Ὠς
2718 3433 2765 3487 δ’
2791 3430 2926 3507 ἧκον
2960 3435 3137 3490 πάντα
3176 3436 3644 3505 περισκοποῦντες1

2088 3528 2292 3600 δρῶσιν
2325 3529 2539 3582 ἐκεῖνον
2569 3525 2719 3581 ἔνδον
2748 3526 2842 3580 τοῦ
2869 3526 3112 3597 ἀκράτου
3144 3526 3373 3596 θερμοῦ,
3401 3521 3480 3598 τῷ
3498 3527 3644 3597 ψύχει

2089 3617 2443 3688 διαλυόμενον
2478 3618 2578 3688 τῆς
2607 3615 2953 3687 νεκρώσεως.
2993 3616 3060 3670 '0
3088 3614 3152 3685 δὴ
3182 3617 3232 3669 οί
3272 3616 3404 3687 περὶ
3435 3618 3525 3671 τὸν
3559 3616 3641 3688 βα-

2092 3708 2246 3762 σιλέα
2284 3709 2568 3779 μαθόντες,
2605 3709 2766 3780 ἔργον
2795 3707 2898 3780 μὲν
2925 3703 3066 3763 εἶναι
3098 3708 3200 3780 τῆς
3227 3710 3285 3773 ὲς
3317 3708 3644 3780 ’Δφραάτην¹

2093 3803 2189 3857 τὸν
2240 3802 2409 3869 ὅσιον,
2463 3801 2753 3873 παροινίας
2798 3801 2978 3865 καλῶς
3033 3799 3385 3870 ἑλογίσαντο·
3428 3803 3558 3873 πρός
3589 3812 3644 3871 γε

2094 3893 2203 3966 μὴν
2236 3896 2300 3949 τὸ
2356 3894 2618 3960 δυσσεϐὲς
2674 3895 2852 3967 δόγμα
2901 3894 3046 3951 κατά
3095 3896 3188 3951 τδν
3233 3895 3644 3970 σκληροκάρδιον

2089 3989 2355 4044 διέκειντο
2399 3988 2618 4061 Φαραώ.
2653 3988 2718 4044 ⁸0
2760 3988 2816 4043 δὲ
2866 3988 3236 4061 ἐμϐρόντητος
3291 3988 3543 4060 βασιλεὺς
3589 3991 3644 4059 τῇ

2091 4082 2511 4156 θαυματουργία
2534 4083 2738 4155 μᾶλλον
2762 4083 2905 4137 κατὰ
2926 4084 3029 4153 τῆς
3062 4083 3345 4148 εὐσεϐείας
3371 4084 3643 4146 ὡπλίζετο.

2091 4176 2231 4230 Κατ’
2283 4175 2460 4230 ἱκεῐνο
2486 4177 2544 4229 δὲ
2575 4175 2773 4246 καιροῦ
2828 4176 2899 4230 τὰ
2934 4175 3023 4229 ίσα
3057 4175 3134 4246 τῷ
3172 4175 3458 4247 Ἀφραάτῃ
3512 4174 3597 4227 καὶ
3625 4174 3643 4223 ί

2092 4264 2471 4338 πολυύμνητος
2498 4266 2786 4330 Ἰουλιανὸς
2810 4266 3048 4336 ἔπραττε
3075 4283 3089 4297 ·
3126 4267 3225 4330 τάς
3265 4265 3373 4338 γὰρ
3394 4266 3455 4320 ἑν
3479 4265 3643 4336 ἐρήμῳ

2089 4360 2372 4431 διατριϐὰς
2402 4360 2497 4413 καὶ
2529 4355 2683 4424 οὗτος
2712 4359 3051 4425 καταλιπὼν,
3078 4359 3179 4432 τὴν
3210 4360 3493 4431 Ἀντιόχου
3529 4371 3642 4412 κατ-

2091 4453 2305 4508 έλαϐεν.
2334 4448 2490 4507 Ἐπεὶ
2548 4454 2657 4523 γάρ
2707 4455 2757 4507 oi
2801 4452 2896 4507 τοῦ
2936 4452 3166 4523 ψεύδους
3210 4454 3462 4524 ιργάται,
3498 4452 3543 4505 οἱ
3586 4448 3643 4502 τό

415 4545 740 4599 concitatus.
774 4544 978 4598 Eadem
1027 4553 1351 4613 tempestate
1381 4546 1527 4601 idem
1558 4545 1705 4615 quod
1738 4545 1982 4616 Aphraaa

2098 4544 2309 4616 Ἀρείου
2353 4544 2499 4613 λέγω
2548 4545 2906 4617 φρονοῦντες,
2954 4548 3311 4615 συκοφαντεῖν
3353 4542 3643 4615 ἐπειρῶντο

416 4645 516 4701 tes,
551 4636 845 4705 plurimum
874 4635 1130 4690 laudatus
1158 4637 1249 4691 ille
1281 4636 1533 4692 Julianus
1554 4636 1701 4692 fecit.
1729 4637 1863 4693 Nam
1894 4637 1989 4693 hic

412 4738 632 4794 quoque
663 4722 962 4778 solitudine
999 4723 1189 4797 relicta
1211 4766 1228 4793 ,
1259 4725 1609 4781 Antiochiam
1645 4727 1813 4782 venit.
1845 4726 1983 4784 Cum

413 4817 558 4872 enim
587 4814 857 4871 mendacii
889 4815 1150 4880 artiﬁces,
1185 4817 1371 4872 Ariani
1404 4817 1653 4890 inquam,
1686 4835 1783 4890 per
1827 4834 1985 4892 syco-

404 4908 695 4980 phantiam
750 4907 930 4963 virum
979 4920 1231 4963 sanctum
1290 4909 1577 4965 traducere
1628 4921 1983 4973 conarentur,

414 5001 580 5054 veluti
632 4998 890 5055 factionis
932 5015 1123 5054 eorum
1176 5012 1345 5065 esset,
1393 5011 1448 5057 et
1492 5001 1729 5071 dogmati
1782 5001 1986 5057 Ariano

412 5094 751 5148 consentiret
785 5110 799 5146 :
842 5092 1171 5158 Flavianus,
1206 5092 1479 5147 Diodorus
1504 5133 1520 5156 ,
1558 5104 1612 5146 et
1656 5094 1989 5163 Aphraatcs,

411 5185 659 5257 veritatis
716 5184 947 5251 lumina,
992 5187 1248 5239 Acacium
1296 5184 1450 5239 illum
1486 5185 1580 5254 qni
1625 5195 1809 5255 postea
1860 5184 1992 5238 Ber-

412 5290 680 5330 rtcensem
725 5274 1002 5329 civitatem
1047 5291 1325 5329 sacrorum
1371 5275 1601 5328 antistes
1650 5275 1855 5344 Optime
1893 5275 1989 5329 ad-

412 5364 759 5428 ministravit,
801 5362 869 5417 ad
908 5365 1181 5419 celebrem
1222 5365 1374 5419 illum
1409 5367 1589 5419 virum
1639 5381 1763 5418 cum
1795 5366 1985 5435 hujus-

413 5455 556 5508 modi
607 5456 895 5523 postulatis
936 5457 1173 5523 misere,
1209 5467 1263 5512 nt
1299 5458 1598 5513 multorum
1642 5457 1721 5527 (1)
1752 5457 1983 5510 millium

412 5546 695 5600 hominum
731 5548 981 5602 misertus
1007 5552 1239 5616 veniret,
1271 5560 1325 5606 et
1380 5548 1503 5606 cum
1550 5549 1986 5604 adversariorum

409 5635 764 5703 redargueret
779 5639 1144 5704 mendacium,
1159 5650 1272 5694 tum
1296 5621 1579 5697 veritatem
1604 5638 1775 5692 libere
1795 5653 1894 5691 con
1905 5640 1992 5690 tir-

485 5818 562 5888 (ι)
592 5816 805 5876 Theod.
836 5836 956 5890 cap.
989 5821 1080 5876 27.

2090 4638 2183 4692 τὸν
2210 4640 2382 4701 ὅσιον,
2412 4637 2487 4701 ὡς
2510 4641 2610 4709 τῆς
2645 4638 2825 4693 αὐτῶν
2848 4639 2933 4708 εῐη
2972 4640 3226 4709 φατρίας,
3256 4640 3351 4692 καὶ
3384 4641 3494 4699 τοῖς
3518 4635 3645 4689 Exsi-

2091 4746 2198 4781 νων
2245 4731 2453 4799 στοιχεῐ
2489 4729 2726 4799 δόγμασι
2748 4744 2768 4762 ⁶
2792 4728 3096 4791 Φλσϐιανδς
3127 4730 3223 4784 καὶ
3268 4730 3526 4799 Διόδωρος
3559 4727 3644 4781 καὶ

2102 4820 2421 4890 Ἀφραάτης
2451 4812 2631 4884 οὗτος.
2668 4821 2719 4874 οἱ
2743 4821 2840 4889 τῆς
2868 4820 3128 4892 ἀληθείας
3163 4820 3474 4891 φωστῆρες,
3498 4817 3644 4872 Ἀκά-

2090 4929 2208 4966 κιον
2239 4912 2473 4976 ἐκεῖνον,
2521 4912 2580 4975 ὃς
2632 4912 2734 4983 τὴν
2786 4910 3124 4984 Βερῤοιαίων
3161 4911 3320 4966 πόλιν
3379 4914 3642 4966 εἰσέπειτα

2088 5001 2323 5057 διίθυνεν
2352 5003 2577 5074 ἄριστα,
2617 5003 2756 5070 πρὸς
2807 5001 2899 5056 τὸν
2933 5003 3299 5073 πανεύφημον
3330 5003 3531 5056 ἐκεῖνον
3556 5002 3642 5054 ἄν·

2086 5093 2191 5164 δρα
2223 5093 2613 5162 προσάγοντες,
2670 5091 2855 5164 δέησιν
2888 5094 3163 5161 ἔπεμπον,
3209 5094 3419 5146 πολλῶν
3448 5090 3639 5159 ἀνθρώ·

2089 5197 2209 5234 πων
2242 5182 2508 5251 μυριάδας
2549 5185 2818 5253 οἰκτεῖραι
2842 5200 2855 5214 ο
2919 5183 3050 5236 ὥστ’
3079 5184 3248 5246 ίόντα,
3297 5185 3358 5236 τὸ
3408 5184 3503 5253 μὲν
3545 5179 3637 5233 τῶν

2094 5274 2359 5327 ἐναντίων
2390 5274 2666 5343 διελέγξαι
2720 5276 2939 5345 ψεῦδος,
2991 5276 3091 5345 τὴν
3128 5275 3174 5328 δ’
3234 5276 3488 5348 ἀλήθειαν
3518 5274 3616 5342 παῤ

2096 5365 2383 5435 ρητιάσαι,
2414 5366 2508 5417 καὶ
2544 5368 2607 5418 τὸ
2637 5369 2736 5435 τῆς
2772 5367 3006 5431 πίστεως
3045 5370 3222 5438 δόγμα
3260 5369 3510 5439 κηρύξαι.
3541 5366 3633 5417 Καὶ

2096 5454 2132 5510 ἃ
2158 5450 2258 5526 μὲν
2289 5453 2444 5522 οὗτος
2478 5460 2571 5511 καὶ
2602 5458 2749 5536 ἅπαξ
2797 5460 2887 5512 καὶ
2916 5460 3170 5531 δεύτερον
3201 5461 3387 5514 είσιὼν
3417 5459 3508 5527 τὴν
3533 5458 3631 5509 Ἀν·

2096 5550 2280 5619 τιόχου
2338 5550 2617 5619 παράδοξα
2670 5553 3024 5623 διεπράξατο,
3085 5556 3116 5624 ἡ
3169 5554 3415 5622 φιλόθεος
3444 5550 3630 5612 ἱστορία

2096 5641 2298 5707 διδάξει
2329 5646 2439 5706 τοῖς
2464 5643 2810 5715 βουλομένοις
2834 5663 2847 5677 ’
2882 5647 2963 5699 ὅτι
2994 5646 3047 5699 δὲ
3076 5647 3134 5699 τὸ
3158 5646 3254 5715 τῆς
3296 5646 3496 5707 πόλεως
3521 5642 3615 5707 σύμ
