3796 6534
405 373 515 436 τοι

1632 362 2052 428 NICEPHORI
2088 367 2438 461 CALLlSTl
3525 383 3606 448 θῖᾶ

413 491 710 561 palaestras,
742 486 977 540 maxime
1003 484 1109 538 huc
1131 490 1387 555 egerunt,
1424 493 1482 539 ut
1509 481 1709 540 l'etrus
1738 484 1792 539 in
1825 484 1976 538 illius

2096 485 2230 537 rflat.
2278 486 2365 548 Ὡς
2399 487 2456 538 δὲ
2481 488 2592 549 τοῖς
2643 486 2808 557 ἱεροῖς
2840 487 3088 555 ὲνίδρυτο
3134 489 3358 551 θώκοις,
3412 495 3543 561 εὐθὺς
3586 509 3606 555 ὸ

411 585 592 638 locum
626 579 1080 633 substitueretur.
1120 575 1414 647 Postquam
1447 586 1632 630 autem
1677 577 1724 632 is
1766 591 1976 630 sacram

410 673 618 742 recepit
649 671 860 736 sedem,
897 670 1046 724 nulla
1077 670 1406 738 interposita
1443 683 1619 729 mora.
1650 669 1831 738 gentis
1854 669 1980 738 'ejus

412 765 725 836 praefectus,
779 772 1062 817 contracta
1104 775 1170 816 ex
1213 761 1418 816 ludatis
1449 769 1504 814 et
1541 760 1746 815 Gra‘cis
1791 775 1977 823 manu,

409 856 696 912 ecclesiam
745 852 1222 916 circumvallavit,
1256 862 1311 906 et
1353 852 1573 906 Petrum
1615 851 1768 906 exire
1795 849 1979 920 jussit.

410 950 564 1017 Quod
586 950 690 1003 nisi
719 949 942 1010 faceret,
969 962 1029 1000 se
1061 947 1212 1000 illum
1247 946 1328 1000 vel
1365 945 1594 1000 invitum
1621 944 1748 998 inde
1771 944 1980 1015 ejectuo

413 1057 534 1096 rum
579 1049 724 1104 esse,
775 1035 1014 1094 minatus
1059 1046 1144 1092 est
1174 1054 1188 1091 :
1224 1037 1369 1104 quod
1416 1037 1639 1105 quidem
1692 1037 1784 1091 ille
1830 1034 1979 1098 fecit,

409 1149 535 1188 cum
573 1143 631 1188 ut
665 1133 932 1188 voluntati
975 1131 1326 1201 imperatoris
1361 1145 1570 1184 morem
1601 1139 1836 1199 gereret,
1867 1140 1980 1182 tum

411 1228 646 1283 maxime
675 1226 938 1294 impietati
973 1226 1087 1295 ipse
1115 1239 1228 1278 sua:
1255 1223 1621 1278 satisfaceret.
1645 1223 1798 1289 Quod
1828 1237 1976 1276 nam-

410 1337 518 1392 que
559 1336 623 1375 ex
671 1319 942 1372 idolorum
993 1316 1204 1370 nefaria
1251 1319 1644 1385 superstitione
1697 1315 1979 1385 penderet,

368 1451 373 1456 -
410 1411 696 1484 splendide
732 1424 791 1464 se
843 1408 1043 1463 festum
1093 1408 1239 1463 diem
1288 1420 1534 1463 acturum
1569 1421 1690 1460 esse
1734 1405 1979 1474 putabat,

407 1507 456 1560 si
489 1520 630 1558 Vera:
661 1503 884 1572 pietatis
912 1515 1104 1554 navem
1141 1501 1193 1553 in
1241 1509 1622 1568 tempestatem
1661 1496 1979 1566 conjiceret.

410 1601 488 1652 Ac
519 1596 756 1667 primmu
803 1593 1022 1662 quidem
1068 1593 1266 1665 Pctrgs
1309 1591 1360 1644 iu
1411 1604 1690 1644 carcerem
1735 1587 1982 1642 inclusus

406 1703 498 1746 est
528 1709 542 1744 :
574 1699 758 1758 postea
799 1679 984 1741 autem
1017 1685 1354 1755 profugiens,
1389 1698 1512 1737 cum
1544 1683 1802 1749 scapham
1833 1693 1983 1732 cont-

415 1785 575 1838 mode
610 1793 804 1836 nactus
837 1789 1003 1838 esset.
1038 1779 1264 1832 Romam
1298 1778 1362 1830 ad
1399 1776 1836 1832 consentientem
1877 1771 1980 1826 sibi

2083 578 2175 630 τοῦ
2211 577 2397 642 ἔθνους
2425 578 2672 648 ἡγεμὼν,
2710 579 2801 633 τὸν
2831 579 2890 644 ἐξ
2939 579 3211 634 Ἰουδαίων
3232 586 3326 636 καὶ
3385 582 3608 659 Ἑλλήνων

2084 669 2476 738 περιαθροίσας
2500 671 2709 741 ὅμιλον,
2771 673 2872 740 τὴν
2927 673 3229 743 ἐκκλησίαν
3270 679 3607 746 περιεκύκλου.

2083 763 2176 814 καὶ
2203 761 2405 824 ἐξιέναι
2430 764 2523 815 τδν
2553 763 2755 834 Πέτρον
2803 764 3056 817 ἐκέλευεν
3089 782 3104 797 ι
3171 767 3219 818 εί
3263 766 3312 820 δ’
3370 765 3473 834 οἷν,
3521 775 3611 828 ἀλλ’

2084 855 2243 916 αὑτός
2269 871 2330 921 γε
2363 855 2460 908 καὶ
2505 855 2710 910 ἄκοντα
2738 857 2925 908 τοῦτον
2973 857 3251 921 ἐξελάσειν
3310 861 3524 927 ἠπείλει,
3559 871 3611 920 τὰ

2083 944 2310 1015 Βυμήρη
2338 946 2502 1015 δῆθεν
2539 946 2800 1016 πράττων
2826 947 2906 1015 τῷ
2940 946 3148 1016 βασιλεῖ
3185 965 3200 978 ·
3228 949 3288 1003 τὸ
3339 951 3386 1004 δ’
3435 955 3611 1024 ἀληθὲς,

2085 1042 2149 1107 τῇ
2195 1024 2438 1110 σιρετέρᾳ
2489 1038 2780 1110 δυσσεὸείᾳ
2810 1041 3212 1110 ἀφοσιούμενος
3236 1044 3299 1095 τὸ
3333 1045 3492 1109 εἰκός.
3527 1051 3613 1118 Τῆς

2085 1131 2193 1199 γὰρ
2225 1130 2335 1182 τῶν
2396 1131 2630 1184 εἰδώλων
2671 1131 2992 1194 δυσσεϐείας
3058 1133 3452 1206 ἐξηρτημένος.
3494 1141 3616 1208 ἄγειν

2085 1220 2220 1292 ᾤετο
2248 1221 2510 1289 λαμπρὰν
2542 1222 2756 1292 ἑορτὴν,
2783 1223 2834 1276 εί
2871 1225 2929 1276 ὲν
2957 1223 3094 1296 ζάλῃ
3125 1227 3224 1293 τὴν
3254 1229 3354 1295 τῆς
3378 1229 3616 1296 εὐσεϐείας

2084 1314 2282 1367 ὁλκάδα
2309 1315 2588 1383 ἐμϐάλλει.
2622 1317 2731 1369 Καὶ
2766 1318 2956 1388 πρῶτα
2994 1318 3094 1386 μὲν
3119 1319 3147 1371 ό
3180 1319 3386 1391 Πέτρος
3433 1324 3618 1393 καθείρ-

2085 1408 2294 1475 γνυτοο
2345 1408 2534 1462 ἔπειτα
2605 1409 2829 1481 διαδρὰς
2882 1411 2978 1464 καὶ
3031 1413 3269 1482 σκάφους
3329 1413 3618 1485 εὐτυχήσας,

2087 1503 2166 1561 είς
2210 1502 2429 1570 Ῥώμην
2457 1504 2722 1556 divin/sev
2776 1504 2850 1567 ὡς
2909 1506 3048 1571 πρὸς
3090 1506 3350 1578 ὁμόδοξον
3406 1509 3622 1576 Δάμασον

2087 1595 2175 1646 τὸν
2218 1594 2436 1663 Ῥώμης
2474 1596 2793 1649 ἐπίσκοπον.
2833 1598 2907 1649 Οὐ
2959 1597 3137 1666 πολλῷ
3164 1598 3219 1650 δὲ
3279 1598 3514 1670 ὕστερον,
3542 1602 3621 1656 Εὐ·

2089 1685 2249 1748 ζώῖος
2284 1689 2309 1738 ὁ
2339 1690 2394 1738 ἐν
2437 1688 2738 1758 Ἀντιοχείᾳ
2789 1688 2887 1755 τῆς
2965 1688 3314 1758 ’Δρειανικῆς
3385 1694 3624 1762 προεστὼς

2089 1775 2429 1845 θρησκείας,
2481 1775 2574 1826 τὸν
2655 1777 2846 1844 καιρὸν
2928 1777 3220 1844 ἁρπάσας,
3289 1781 3625 1851 συνέρραπτευ

403 1878 534 1947 ejus
571 1875 720 1927 urbis
747 1872 1066 1941 episcOpttm
1113 1869 1403 1924 Damasum
1453 1867 1686 1936 trajecit.
1732 1865 1798 1918 Et.
1827 1862 1979 1924 brevi

2096 1867 2249 1928 αὐτὸς
2281 1867 2360 1926 είς
2400 1866 2812 1936 Ἀλεξάνδρειαν
2850 1869 3159 1934 κατελθεῖν,
3220 1872 3315 1924 ἐπὶ
3353 1873 3433 1943 τῷ
3485 1893 3625 1946 παρα-

416 1974 540 2037 post
591 1964 849 2026 Enzoius,
889 1962 980 2031 qui
1029 1960 1333 2013 Antiochia:
1373 1959 1591 2012 Arianae
1632 1958 1809 2025 praeiit
1855 1955 1985 2008 reli-

408 2057 585 2127 gioni,
634 2065 851 2122 tempus
895 2062 1268 2121 opportunum
1316 2061 1532 2111 nactus,
1571 2047 1859 2100 consilium
1906 2047 1987 2098 itt-

417 2148 590 2215 venit,
631 2158 691 2201 ut
739 2145 1122 2200 Alexandriam
1171 2144 1288 2211 ipse
1327 2143 1466 2203 iret,
1505 2151 1558 2192 et
1601 2140 1864 2193 ecclesias
1912 2137 1983 2190 ibi

419 2244 590 2298 Lucio
619 2237 1114 2295 Arianestraderet.
1143 2235 1299 2301 Quod
1334 2251 1461 2287 cum
1496 2231 1814 2303 imperatori
1843 2247 1982 2299 quo-

413 2351 526 2406 que
555 2333 760 2403 placuit
788 2332 995 2392 (adhuc
1022 2329 1172 2384 enim
1220 2328 1264 2381 is
1314 2326 1616 2380 Antiochia:
1652 2333 1818 2384 erat),
1860 2337 1984 2376 cum

419 2428 680 2484 satellitio
713 2427 910 2486 multo,
955 2433 1012 2478 et.
1052 2421 1277 2474 militari
1311 2436 1430 2488 qua:
1477 2433 1603 2473 eum
1653 2417 1988 2486 sequebatur

423 2534 584 2573 mauu
609 2532 739 2572 sane
770 2531 931 2585 quatn
961 2511 1232 2581 frequenti
1261 2511 1538 2579 profectus
1564 2518 1666 2568 est.
1691 2519 1853 2576 atque
1883 2523 1988 2561 una

358 2631 366 2638 '
421 2629 546 2669 cum
577 2628 644 2666 eo
675 2624 907 2680 magnus
953 2609 1297 2676 imperatoris
1342 2615 1600 2670 qttmslor.
1634 2603 1915 2658 llabebaut
1953 2603 1988 2657 ii

420 2708 490 2760 ab
519 2706 850 2772 imperatore
879 2699 946 2753 ad
983 2699 1299 2768 praefectmn
1331 2697 1630 2766 provincia:
1665 2695 1985 2757 Palladium,

423 2794 760 2855 mandatum,
792 2797 853 2843 ut
883 2788 929 2842 is
963 2802 1288 2857 quacunque
1321 2787 1372 2839 in
1419 2801 1474 2838 re
1513 2799 1653 2852 opus
1677 2793 1843 2845 esset,
1879 2783 1989 2836 Lu-

419 2888 508 2942 cio
564 2893 620 2938 et
667 2882 870 2937 Eusoio
921 2895 1034 2934 non
1079 2879 1320 2934 deesset.
1373 2877 1440 2931 Et
1498 2875 1694 2931 Petrus
1742 2874 1988 2944 quidem,

421 2977 584 3032 sicuti
609 2975 815 3030 dictum
845 2981 950 3036 est,
977 2969 1033 3025 in
1059 2985 1280 3024 carcere
1309 2974 1622 3021 asservatus
1641 2978 1724 3020 εει
1759 2981 1772 3019 :
1804 2972 1992 3032 postea

421 3072 586 3126 etiam
637 3069 866 3125 [lentam
920 3064 1216 3133 navigavit.
1268 3065 1336 3114 At
1394 3060 1598 3112 Lucius
1637 3057 1877 3112 Ariatttts
1937 3058 1990 3110 iu

2086 1956 2269 2010 δοῦναι
2306 1959 2629 2029 Λουκίῳ-τῷ
2671 1959 2932 2030 Ἀρειακίῷ
2961 1963 3058 2024 τὰς
3089 1961 3275 2017 ἐνθάδε
3347 1965 3626 2036 ἐκκλησίαςδ

2090 2053 2205 2104 Καὶ
2247 2053 2370 2103 ἐπεὶ
2394 2053 2488 2104 καὶ
2517 2053 2728 2122 βασιλεῖ
2754 2053 2950 2116 ἐδόκει,
2977 2053 3058 2108 ἔτι
3080 2054 3188 2126 γὰρ
3212 2059 3344 2128 περὶ
3390 2058 3486 2126 τὴν
3538 2059 3627 2112 Ἀν-

2085 2143 2267 2212 τιόχου
2330 2143 2507 2210 διῆγε,
2574 2144 2672 2196 σὺν
2720 2145 3017 2216 δορυφορίᾳ
3085 2147 3279 2219 κατῄει
3335 2149 3524 2220 πολλῇ,
3560 2154 3630 2208 καὶ

2089 2238 2489 2307 στρατιωτικῆς
2552 2238 2813 2308 πλείστης
2874 2241 3217 2307 ἐφεπομένης
3276 2244 3509 2313 χειρός·
3557 2249 3629 2299 σὺν

2089 2325 2240 2394 αὑτῷ
2263 2325 2319 2378 δὲ
2347 2326 2443 2381 καὶ
2476 2327 2701 2396 Μάγνος
2730 2329 2759 2382 ό
2802 2329 2910 2382 τῶν
2961 2330 3261 2398 βασιλικῶν
3294 2335 3498 2402 ταμίας
3523 2353 3628 2406 χρη-

2077 2417 2298 2484 μάτων.
2339 2421 2446 2472 Καὶ
2473 2419 2808 2490 πρόσταγμᾶ
2837 2421 2893 2474 δὲ
2926 2422 3193 2490 βασιλέως
3219 2425 3300 2493 τῷ
3336 2425 3436 2479 τοῦ
3483 2428 3630 2489 ἔθνους

2089 2511 2321 2577 ἡγεμόνι
2366 2512 2652 2584 Παλλαδίῳ
2693 2515 2995 2582 ἐπέμπετο,
3029 2517 3055 2567 ὃ
3104 2533 3157 2568 τι
3203 2517 3270 2569 ἂν
3325 2517 3420 2588 δέῃ
3459 2521 3632 2589 Λευκίῳ

2092 2605 2183 2656 καλ
2211 2605 2431 2675 Εὑζωῖῳ
2459 2606 2884 2676 καθυπουργεῖν.
2927 2610 3034 2661 Καὶ
3070 2611 3273 2678 ΙΙέτρος
3308 2611 3411 2680 μὲν
3457 2611 3632 2683 καθείρ-

2093 2713 2213 2757 κτο,
2255 2697 2330 2759 ὡς
2386 2697 2599 2768 εἴρηται
2636 2715 2651 2730 ⁸
2701 2699 2892 2752 ἔπειτα
2944 2700 3001 2752 δὲ
3041 2701 3135 2754 καὶ
3167 2703 3248 2765 εἰς
3293 2701 3508 2774 Ῥώμην
3531 2707 3636 2758 ἁπέ-

2095 2787 2238 2841 πλει.
2264 2778 2510 2850 Λούκιος
2531 2789 2588 2842 δὲ
2619 2789 2647 2843 ό
2690 2789 2969 2860 Ἀρειανὸς
3003 2794 3115 2855 τοῖς
3143 2795 3311 2864 ἱεροῖς
3348 2795 3636 2849 Ἀθανασίοο

2094 2879 2292 2944 Θώκοις
2325 2881 2589 2950 ὲνίδρυτο.
2635 2881 2917 2935 Ἐντεῦθεν
2949 2883 3003 2936 δὲ
3052 2885 3180 2954 περὶ
3209 2886 3340 2948 τοὺς
3408 2887 3635 2958 ἀλλαχόσε

2097 2971 2378 3023 συνέὅαινε
2411 2969 2591 3040 πολλῷ
2625 2971 3006 3041 χαλεπώτερον
3055 2973 3374 3040 διατεθῆναι
3433 2980 3547 3042 τοὺς
3594 2981 3637 3030 ἐν

2098 3062 2356 3131 Αἰγύπτῳ
2389 3079 2402 3092 ·
2439 3062 2553 3130 ἅμα
2606 3064 2713 3134 γὰρ
2764 3065 3054 3131 εἰσπεσὼν,
3104 3068 3382 3139 ἐπεχείρει
3429 3072 3640 3140 κατέχειν

427 3177 640 3218 sacram
699 3155 983 3214 Athanasii
1043 3154 1228 3208 sedem
1280 3162 1366 3205 est
1427 3151 1750 3204 collocatus.
1806 3148 1991 3216 Itaque

2099 3155 2194 3215 τὰς
2219 3155 2539 3222 ἐκκλησίας.
2576 3156 2729 3208 Ἐπεὶ
2759 3156 2803 3208 δ’
2835 3158 3091 3211 ἀντίπνει
3147 3159 3208 3212 τὺ
3245 3161 3471 3229 πλῆθος.
3507 3165 3633 3216 ἐπλί-

425 3251 665 3324 Ᾱῐεγριίί
699 3252 860 3318 longe
892 3247 1172 3317 graviores
1211 3245 1265 3298 in
1296 3253 1514 3298 exteros
1553 3243 1766 3295 animos
1794 3254 1993 3293 conce—

428 3361 582 3416 pere.
622 3342 798 3399 Sitnul
833 3350 998 3410 atque
1029 3339 1176 3394 enim
1224 3337 1520 3406 improviso
1559 3335 1858 3388 advenerat
1891 3335 1997 3387 Lu-

424 3440 566 3504 cius,
615 3436 799 3490 statim
847 3432 1110 3488 ecclesias
1157 3443 1426 3498 occupare
1468 3428 1773 3484 contendit.
1818 3429 1996 3496 Atque

427 3533 516 3587 ubi
545 3530 700 3601 plebs
729 3537 920 3582 contra
953 3525 1054 3578 niti
1085 3523 1286 3591 coepit,
1338 3522 1535 3575 bellum
1585 3521 1850 3575 adversus
1891 3519 2000 3574 cle-

428 3627 575 3680 ricos
615 3631 671 3677 et
713 3633 900 3675 sacras
941 3616 1183 3686 virgines
1223 3624 1306 3669 est
1346 3615 1675 3667 institutum.
1728 3612 1882 3682 153
1929 3611 1998 3666 Et

428 3717 550 3770 alite
579 3729 748 3782 super
785 3711 918 3766 alias
950 3709 1114 3763 illatae
1149 3705 1486 3760 chlamitates
1526 3705 1776 3758 Ecclesia:
1808 3705 1998 3759 catho-

428 3811 547 3864 lica:
595 3815 896 3862 sectatores
951 3803 1283 3857 afﬂixerunt.
1343 3800 1580 3854 l’ertude
1635 3801 1782 3852 enim
1834 3809 1998 3868 atque

427 3905 554 3958 ferae
608 3908 854 3970 agrestes
911 3897 1058 3968 gregi
1117 3893 1324 3948 Christi
1378 3892 1566 3946 Ariani
1621 3892 1996 3957 imminentes,

429 3993 628 4064 partim
657 3993 709 4046 in
742 3988 996 4046 exsilium
1033 4001 1214 4057 egere,
1242 3985 1440 4056 partim
1472 3994 1658 4053 captos
1694 3983 1748 4037 in
1781 3983 1996 4036 vincula

429 4086 716 4156 conjecere
765 4099 778 4135 :
821 4095 960 4150 quos
1018 4093 1238 4131 rursum
1287 4093 1350 4130 ex
1403 4075 1632 4129 vinculis
1677 4074 1995 4144 productus,

429 4177 596 4230 variis
633 4173 931 4230 subdidere
977 4169 1288 4240 suppliciis.
1323 4168 1554 4234 Quidam
1585 4167 1733 4221 enim
1783 4167 2002 4235 ungulis

430 4279 487 4324 et
522 4267 704 4338 ﬂagris
746 4265 969 4321 bubulis
997 4264 1146 4327 caesi,
1175 4261 1399 4331 quidam
1430 4259 1757 4313 ardentibus
1788 4258 2002 4312 facibus

433 4362 635 4424 adusti,
681 4367 846 4428 atque
869 4351 964 4410 alii
999 4355 1159 4409 bonis
1190 4354 1426 4422 primum
1455 4349 1698 4421 spoliati,
1725 4350 1850 4404 aliis
1877 4366 2000 4404 mox

434 4463 563 4508 sunt
592 4451 778 4506 affecti
809 4447 1173 4504 cruciatibus.
1209 4443 1528 4499 Tormentis
1559 4457 1691 4496 vero
1721 4449 1827 4495 tam
1861 4440 2001 4494 varii

2097 3264 2224 3325 κετο
2263 3250 2366 3316 μὲν
2400 3250 2431 3319 ή
2469 3249 2656 3310 στάσις
2691 3252 2804 3312 τοὶς
2847 3251 3128 3320 κληρικοῐς
3171 3256 3269 3307 καὶ
3324 3257 3445 3319 ταῖς
3500 3258 3640 3327 ἱεραῖς

2098 3341 2434 3411 παρθένοις·
2477 3343 2570 3395 καὶ
2604 3344 2882 3411 συμφοραὶ
2918 3345 3202 3413 συμφορὰς
3245 3349 3373 3412 τοὺς
3419 3349 3522 3403 ἀπὸ
3565 3351 3638 3415 τῆς

2098 3431 2330 3485 καθόλου
2382 3432 2711 3518 Ἐκκλησὲας
2760 3435 3144 3506 διαδεχόμεναι
3193 3438 3475 3504 ἑξεπίεζον
3508 3456 3522 3472 '
3573 3437 3641 3494 οἷα

2099 3533 2210 3601 γάρ
2228 3547 2371 3594 τινες
2400 3533 2568 3604 θῆρες
2590 3535 2801 3602 ἀγρίως
2852 3539 2918 3607 τῇ
2953 3540 3156 3611 ποίμνῃ
3203 3536 3444 3606 Χριστοῦ
3491 3534 3643 3588 ἐπιθέ-

2104 3640 2280 3692 μενοι,
2308 3625 2433 3687 τοὺς
2467 3626 2564 3693 μὲν
2603 3628 2679 3686 εἰς
2711 3628 2888 3696 φυγὴν
2923 3631 3171 3697 ἔτρεπον,
3237 3632 3282 3681 οἱ
3311 3630 3367 3681 δὲ
3395 3628 3639 3694 δεσμῶται

2099 3712 2241 3787 ἦσαν
2276 3715 2778 3786 συλλαμϐανόμενοι
2809 3733 2822 3746 ·
2870 3715 3028 3781 αὖθις
3075 3719 3118 3771 δ’
3176 3722 3241 3773 ἐκ
3305 3720 3412 3774 τῶν
3457 3719 3642 3786 δεσμῶν

2101 3808 2492 3878 προαγόμενοι,
2561 3809 2832 3872 ποικίλαις
2895 3810 3260 3864 ὑπεϐάλλοντο
3317 3813 3586 3881 τιμωρίαις
3631 3827 3640 3836 ·

2101 3899 2252 3966 ὄνυξι
2301 3900 2414 3970 γὰρ
2452 3901 2544 3953 καὶ
2596 3900 2800 3971 βοείαις
2847 3904 3118 3972 ᾐκίζοντο.
3175 3903 3357 3958 Ἦσαν
3387 3907 3440 3958 δὲ
3475 3906 3521 3957 οἳ
3572 3908 3645 3954 καὶ

2104 3993 2353 4061 λαμπάσι
2395 3993 2560 4062 πυρὸς
2606 3993 2961 4061 ἁνεφλέγοντο
2996 4009 3010 4022 ’
3044 3998 3137 4047 καὶ
3171 3996 3508 4056 παντοδαπὰς
3535 3993 3648 4060 ὑφί-

2107 4100 2301 4136 σταντο
2345 4084 2653 4153 τιμωρίας,
2714 4085 2782 4138 τὰ
2841 4087 2978 4140 οἴκοι
3043 4087 3260 4158 πρῶτον
3311 4087 3646 4154 διαρπαζόμε-

2104 4189 2209 4227 νοι.
2264 4173 2585 4230 Ἐπισιῶναι
2608 4177 2665 4229 δὲ
2699 4176 2778 4246 τῷ
2826 4177 3054 4248 ποικίλῳ
3111 4179 3220 4231 τῶν
3272 4178 3530 4249 βασάνων,
3567 4193 3648 4227 πα-

2110 4264 2332 4335 ράδοξον
2359 4263 2654 4332 ἐλογίζετο.
2692 4268 2765 4318 Τὸ
2794 4268 2849 4320 δέ
2879 4284 2942 4336 γε
2972 4269 3078 4337 πρὸ
3128 4268 3225 4320 τοῦ
3280 4273 3471 4340 πεῖραν
3525 4268 3650 4336 σχεῖν

2107 4357 2217 4409 τῶν
2246 4355 2434 4408 δεινῶν
2458 4358 2834 4428 ἀπαλλαγῆναι
2869 4360 2963 4412 τοῦ
3001 4360 3128 4429 ζῇν.
3169 4362 3200 4429 ἦ
3233 4361 3293 4413 τὸ
3333 4378 3396 4426 γε
3450 4373 3647 4427 μετρεωο

2109 4465 2291 4518 τερον,
2327 4449 2506 4517 φυγὴν
2540 4450 3004 4520 καταδικασθῆναι
3045 4454 3320 4520 μακάριόν
3351 4470 3406 4504 τε
3436 4448 3522 4498 καὶ
3570 4444 3647 4508 ζη-

431 4541 650 4613 generis
682 4553 997 4610 superesse,
1027 4534 1352 4592 admirabile
1385 4543 1472 4589 est
1509 4532 1712 4588 visum.
1754 4531 1910 4596 Quod
1959 4548 1991 4584 s;

2114 4540 2284 4592 λωτὸν
2321 4537 2624 4606 ἐνομίζετο.
2661 4539 2768 4592 Καὶ
2795 4543 2906 4603 πῶς
2937 4543 3002 4596 ἄν
3030 4559 3111 4604 τις
3145 4539 3541 4607 ἐκδιηγήσαντο).
3567 4535 3648 4586 531

435 4637 562 4704 quis
595 4635 750 4704 prius
786 4633 897 4686 vita
944 4629 1295 4692 excessisset,
1329 4641 1493 4698 quam
1537 4635 1688 4681 tanta
1736 4625 1875 4678 mala
1907 4639 2003 4676 ex-

438 4738 650 4796 pertus,
699 4734 792 4778 aut
837 4726 878 4778 si
929 4725 995 4777 ad
1047 4723 1387 4778 tolerabilius
1413 4720 1666 4774 exsiliunt
1713 4718 2006 4772 damnatus

434 4827 604 4884 esset,
635 4817 974 4871 fortunatum
999 4815 1076 4882 id,
1098 4826 1153 4870 et
1178 4813 1323 4885 quod
1350 4812 1514 4866 alicui
1541 4811 1775 4864 invideri
1799 4819 2003 4878 posset,

437 4911 685 4965 habitum
718 4918 820 4964 est.
853 4909 958 4964 Sed
1007 4908 1130 4977 quis
1170 4921 1442 4976 exponere
1473 4904 1664 4973 possit,
1698 4919 1819 4971 qua:
1864 4901 2001 4956 mala

436 5005 488 5057 iu
523 5002 679 5057 Lucii
715 5003 943 5056 introitu
977 4999 1326 5055 acciderint?
1371 4996 1612 5062 Quorum
1649 4993 1870 5064 quidem
1908 4995 2004 5046 Sa-

437 5100 619 5162 binus,
653 5099 746 5169 qui
801 5114 887 5153 res
923 5094 1325 5151 ecclesiasticas
1374 5091 1727 5160 conscripsit,
1779 5089 2005 5143 minime

440 5190 710 5255 meminit,
743 5189 887 5258 quod
923 5188 1225 5242 amicorum
1251 5185 1354 5239 sibi
1383 5183 1708 5238 Arianorum
1732 5181 2004 5236 dedecora

442 5297 690 5351 premere
714 5280 996 5335 maluerit.
1020 5277 1237 5347 Optime
1265 5283 1444 5330 autem
1469 5291 1532 5329 ea
1563 5275 1756 5328 beatus
1785 5274 2003 5336 Petrus,

439 5385 723 5444 postquam
775 5389 804 5426 e
853 5386 1073 5425 carcere
1109 5369 1382 5439 profugit,
1433 5368 1484 5421 in
1523 5371 1731 5438 scripto
1765 5369 2002 5437 quodam

2113 4633 2262 4684 κακὰ
2286 4631 2375 4682 ἐπὶ
2398 4633 2463 4698 τῇ
2497 4630 2687 4697 εἰσόδῳ
2725 4633 2957 4685 Λουκίου
2988 4634 3281 4700 γεγένηντο
3317 4650 3330 4694 ;
3392 4625 3480 4681 Ὧν
3511 4627 3648 4679 Σαῦἰ·

2109 4740 2200 4785 νος
2238 4723 2337 4793 μὲν
2367 4723 2394 4774 ό
2424 4722 2492 4774 τὰ
2512 4723 2943 4790 ὲκκλησιαστικὰ
2978 4721 3433 4790 συγγραψάμενος
3472 4719 3649 4787 ἥκιστα

2115 4817 2406 4887 μέμνηται,
2455 4820 2524 4872 τὰ
2571 4818 2680 4869 τῶν
2736 4811 2908 4884 φίλων
2975 4816 3272 4885 Ἀρειανῶν
3325 4810 3651 4878 ἐλαττώματα

2116 4907 2542 4974 συγκαλύπτειν
2569 4907 2894 4978 αἱρούμενος
2927 4925 2942 4938 ο
2991 4910 3212 4977 ἄμεινον
3246 4906 3294 4959 δ’
3326 4905 3452 4958 αὑτᾶ
3477 4905 3506 4954 ό
3561 4916 3651 4968 μα·

2112 4999 2306 5068 κὰριος
2341 5002 2543 5070 Πέτρος
2576 5005 2632 5053 ὲν
2671 5002 2784 5071 ἰδίῳ
2835 5002 3229 5071 συγγράμματι
3281 4998 3504 5068 ἀρίστως
3558 4992 3651 5056 ἐξε-

2111 5092 2575 5161 τραγιξ›δησε,καὶ
2621 5096 2741 5154 ταῖς
2801 5091 3117 5159 ἅπανταχοῦ
3175 5091 3478 5159 ἐκκλησίαις
3531 5087 3653 5154 μετὰ

2113 5184 2212 5253 τὴν
2237 5187 2302 5236 ὲκ
2362 5185 2741 5254 δεσμωτηρίου
2797 5186 2977 5254 φυγὴν
3026 5183 3380 5252 διεπέμψατο.
3428 5180 3482 5230 ’0
3512 5177 3651 5244 δῆτα,

2114 5278 2253 5345 μετὰ
2275 5278 2529 5348 διήγησιν
2565 5280 2694 5346 μιᾶς
2727 5278 3110 5345 ἀνοσιουργίας
3139 5274 3369 5328 Λουκίου
3402 5269 3483 5322 τοῦ
3540 5268 3652 5320 ἀσε-

2113 5369 2262 5432 ϐοῦς,
2297 5369 2376 5440 τῷ
2413 5371 2638 5437 παρόντι
2675 5371 2882 5440 ἐνθήσω
2916 5348 3330 5440 συγγράμματι.

437 5484 536 5520 suo
585 5475 842 5536 tanquam
895 5463 1214 5532 tragcediam
1260 5463 1539 5530 exposuit,
1589 5470 1644 5516 et
1700 5462 1767 5516 ad
1818 5479 2009 5516 omnes
2051 5463 2255 5532 ubique
2326 5462 2794 5518 ecclesias-misit.
2865 5461 3023 5528 Quod
3059 5460 3480 5530 scriptum,cum
3517 5451 3664 5523 prius

441 5576 610 5614 umttu
654 5561 845 5614 saltent
882 5558 1151 5613 nefarium
1189 5557 1340 5628 itnpii
1391 5555 1540 5612 Lucii
1583 5554 1844 5626 flagitium
1893 5543 2296 5619 memoravero,
2327 5553 2594 5611 volumini
2625 5555 2752 5610 huic
2781 5555 3041 5611 inseram.
