3796 6522
328 354 333 357 ~
360 324 518 391 esss

1621 336 2042 402 NlCEPIIOlll
2090 332 2423 406 GALLISTT

3541 356 3634 419 67.6

417 448 596 501 lorum
660 444 1079 500 eon‘rulsionem
1129 444 1270 503 adeo
1322 445 1690 519 laborantem,
1760 466 1820 509 ut
1877 455 1984 511 illis

2095 460 2153 529 δὴ
2179 461 2371 513 τοῦτον
2402 461 2566 532 ἐλαίῳ
2606 445 2914 530 χρίσαντες,
2966 459 3401 533 παρεκελεύοντο
3445 471 3531 522 ἐπὶ
3570 477 3641 541 τῷ

416 537 675 591 insistere
712 552 819 591 non
872 547 1083 608 posset,
1119 539 1216 595 sed
1268 539 1612 610 scipionibus
1652 544 1985 614 quibusdam

415 630 869 686 illorum"vicem
914 641 974 688 et
1022 645 1184 687 usum
1230 634 1499 704 expleret.
1540 633 1698 692 Hunc
1742 637 1822 692 illi
1867 638 1989 696 oleo

419 732 644 778 unctum
672 723 725 777 in
761 724 982 778 nomine
1008 722 1238 789 Christi,
1264 740 1428 795 quem
1456 724 1658 781 Lucius
1683 744 1987 799 perseque-

419 823 612 876 retur,
658 830 887 884 surgere
936 823 991 869 et
1035 813 1257 870 domum
1313 814 1392 869 ire
1427 816 1725 886 jusserunt.
1778 822 1847 873 At
1899 819 1990 874 ille

417 908 705 973 exsiliens,
749 907 932 962 statim
962 906 1070 965 iter
1099 906 1348 976 perfecit,
1373 906 1566 962 eadem
1600 926 1828 979 prorsus
1861 926 1988 966 cum

418 1000 710 1056 monachis
764 999 883 1054 istis
936 997 1167 1054 colenda
1220 1013 1344 1053 esse
1401 1000 1744 1069 praedicans,
1787 1003 1992 1073 quibus

390 1093 598 1158 VJDeus,
650 1091 881 1147 Lucium
934 1088 1012 1160 (l)
1061 1090 1494 1157 accusantibus,
1544 1094 1775 1163 gratiam
1833 1110 1991 1150 suam

404 1182 774 1246 concederet,
806 1191 859 1236 et
888 1196 1076 1236 aurem
1112 1193 1218 1236 tam
1248 1180 1483 1253 benigne
1515 1183 1807 1254 praeberet,
1844 1196 1904 1240 ut
1936 1201 1994 1243 se

420 1285 530 1330 tam
577 1273 840 1327 diuturno
892 1269 1087 1325 morbo
1135 1270 1446 1326 liberarint.
1485 1271 1641 1342 155
1678 1270 1880 1328 Verum
1923 1289 1993 1330 ne

419 1368 488 1421 iis
512 1364 735 1436 quidem
778 1364 914 1434 ipsis
962 1363 1130 1417 rebus
1174 1364 1256 1419 eis
1307 1358 1525 1418 consilii
1578 1369 1857 1436 emptique
1906 1367 1993 1423 sui

418 1457 746 1528 paenitentia
801 1455 1050 1510 incessit.
1101 1455 1277 1510 Noctu
1334 1458 1483 1510 enim
1542 1456 1643 1511 bos
1697 1473 1996 1529 oppressos

418 1557 583 1619 atque
611 1547 1053 1618 comprehensos
1085 1549 1143 1603 in
1173 1547 1411 1603 insulam
1444 1553 1737 1619 quamdam
1761 1550 1992 1605 circum-

416 1640 565 1696 circa
610 1640 732 1694 lacu
784 1638 996 1710 ingenti
1049 1638 1450 1693 circumdatam
1503 1639 1798 1705 miserunt,
1831 1655 1995 1711 quam

324 1754 329 1759 ·
416 1731 725 1801 antiquitus
761 1728 1016 1785 homines
1049 1731 1463 1800 superstitionis
1494 1731 1871 1799 dmmoniacm,
1898 1735 1991 1805 qui

2090 549 2330 625 Χριστοῦ
2376 555 2623 624 ὀνόματι,
2680 555 2741 609 ὃν
2799 555 3026 619 Λούκιος
3069 556 3278 626 διώκει,
3318 559 3636 623 ἀνίσταςθοι,
3724 612 3728 618 .

2089 644 2183 696 καὶ
2213 645 2395 699 οἴκαδε
2424 646 2657 699 ἐπιέναι.
2702 647 2762 698 ’0
2796 646 2841 699 δ’
2872 645 3038 711 εὐθὺς
3071 648 3390 718 ἀλλόμενος,
3422 650 3515 720 τὴν
3539 653 3645 706 ὁδὸν

2089 732 2272 807 ἦνυεν,
2309 736 2477 809 ἄρδην
2509 740 2794 809 κηρύττων
2823 737 2895 801 ὡς
2953 740 3021 793 τὰ
3073 740 3162 793 ῐσα
3221 741 3434 805 τούτοις
3486 747 3645 814 χρεὼν

2093 829 2292 891 σέϐειν,
2322 824 2405 889 οἷς
2461 831 2559 883 καὶ
2585 831 2717 894 Θεὸς
2774 834 2874 901 τὴν
2931 832 3095 902 χάριν
3148 833 3555 902 ἐπιψηφίζηται,
3584 841 3639 906 τῇ

2090 921 2396 992 κατηγορίᾳ
2422 921 2657 977 Λουκίου
2698 939 2712 953 ·
2740 917 2823 987 οἷς
2850 925 2944 977 καὶ
2975 924 3070 984 οὖς
3112 926 3383 994 παρέσχεν
3416 927 3640 995 εῧῆκθονυ
3700 930 3728 1005 ξ’
3794 908 3796 963 Ξ

2090 1014 2182 1067 τὸν
2220 1015 2498 1083 κάμνοντα
2523 1014 2617 1069 τοῦ
2654 1013 2885 1070 παλαιοῦ
2945 1008 3528 1082 ἀπαλλάξαςπάθους.
3578 1018 3647 1072 Οὐ
3719 1029 3722 1032 ’

2096 1107 2203 1177 μὴν
2229 1106 2322 1161 καὶ
2345 1106 2547 1161 τούτων
2571 1109 2901 1176 γενομένων,
2941 1109 3245 1178 μετάμελος
3285 1109 3514 1170 ἐκείνοις
3544 1111 3639 1165 slo-

2090 1193 2178 1270 ῄει
2220 1198 2631 1254 ἐπιϐουλεύουσι
2655 1216 2670 1232 ο
2705 1199 2920 1271 νύκτωρ
2985 1204 3080 1255 καὶ
3114 1202 3224 1272 γάρ
3247 1203 3520 1268 ἐπιόντες,
3566 1206 3648 1256 καὶ

2093 1289 2312 1352 τούτους
2335 1292 2811 1361 ἀναρπασᾶμενοι,
2838 1295 2930 1346 ἐπί
2960 1311 3079 1347 τινα
3131 1296 3293 1361 νῆσον
3349 1295 3665 1364 ἀπήγαγον..

2093 1384 2279 1451 κύκλῳ
2345 1384 2547 1454 λίμνην
2612 1386 3084 1457 περιϐεϐλημένην
3167 1386 3369 1456 πολλὴν
3408 1425 3423 1447 .
3474 1387 3538 1457 ἢν
3598 1388 3647 1452 ἐξ

2094 1477 2325 1547 ἀρχαίου
2349 1477 2539 1547 ἄνδρες
2563 1464 2742 1548 ᾧκουν
2777 1478 3171 1550 δεισιδαιμονίᾳ
3204 1477 3348 1548 μάλα
3376 1477 3647 1543 συζῶντες,

2094 1568 2189 1620 καὶ
2217 1566 2310 1621 τοῦ
2339 1568 2456 1622 καθ’
2479 1569 2624 1638 ἡμᾶς
2653 1568 2920 1638 δόγματος
2945 1569 3178 1638 πάμπαν
3208 1569 3455 1637 ἀνήκοοι.
3480 1563 3586 1619 Ἦν
3608 1568 3649 1619 δ’

2096 1661 2283 1722 αὐτοῖς
2333 1661 2513 1717 ἐκεῖσε
2578 1658 2673 1713 καὶ
2724 1660 3054 1714 παλαίτατον
3100 1658 3325 1729 τέμενος
3374 1658 3652 1728 ἀλάστορος

2096 1749 2369 1821 δαίμονος,
2404 1747 2465 1806 οὗ
2495 1752 2626 1806 πολὺ
2655 1750 2716 1804 τὸ
2752 1752 2915 1814 σέϐας
2965 1750 3097 1822 παρ’
3148 1752 3333 1814 αὐτοῖς
3383 1750 3649 1822 ἐντετηκὸς

416 1825 726 1880 doctrinam
761 1832 1006 1879 nostram
1038 1837 1403 1892 prorsusnon
1435 1823 1746 1891 audissent,
1782 1825 1991 1882 incole-

2095 1811 2438 1913 μάλιστα-ἧν.
2481 1844 2632 1896 Ἐπεὶ
2655 1844 2710 1897 δὲ
2733 1843 2832 1911 τῆς
2877 1811 3057 1907 νήσου.
3102 1811 3407 1905 ἐπέϐαινον,
3454 1811 3649 1912 δαίμονι

417 1917 569 1972 bant.
614 1915 748 1970 Erat
772 1912 956 1969 autem
988 1915 1173 1969 adhuc
1209 1916 1282 1970 ibi
1322 1915 1625 1985 perniciosi
1658 1928 1712 1973 et
1743 1919 1990 1989 pestiferi

417 2006 688 2063 daemonis
737 2004 1185 2076 antiquissimum
1241 2006 1532 2062 delubrum
1564 2048 1579 2075 ,
1629 2009 1789 2081 cujus
1840 2010 1991 2066 cultu

418 2102 718 2157 etiamnum
768 2099 1004 2155 maxime
1059 2099 1410 2155 tenebantur.
1461 2101 1756 2171 Postquam
1806 2111 1990 2163 autem

420 2192 658 2248 insulam
686 2190 1011 2264 attigerunt,
1041 2190 1345 2246 sacerdotis
1374 2191 1505 2254 ﬁlia,
1536 2207 1566 2247 a
1597 2192 1846 2251 daemone
1876 2194 1993 2265 agi-

411 2293 554 2351 tata,
605 2282 676 2338 ad
727 2298 824 2338 eos
870 2282 1043 2337 venit.
1095 2281 1227 2349 Quae
1280 2283 1375 2339 ubi
1427 2300 1595 2339 cursu
1646 2294 1702 2341 et
1751 2285 1993 2342 clamore

420 2371 697 2429 indecenti
722 2371 790 2428 ad
824 2386 921 2427 eos
953 2371 1339 2439 contenderet,
1364 2373 1556 2429 insulae
1591 2364 1807 2440 ineolze,
1839 2376 1995 2430 novi-

419 2475 535 2523 tate
562 2464 681 2535 ejus
699 2465 779 2520 rei
803 2465 1168 2528 consternati,
1191 2480 1311 2521 eam
1336 2475 1470 2521 sunt
1496 2467 1695 2521 secuti.
1728 2466 1833 2522 Ubi
1860 2484 1993 2523 vero

420 2558 488 2615 ad
522 2572 739 2623 navem,
772 2571 880 2628 qua
923 2557 1096 2612 divini
1144 2558 1225 2612 illi
1262 2572 1422 2613 senes
1469 2558 1536 2613 ad
1572 2558 1728 2614 littus
1770 2560 1997 2630 appule-

416 2660 570 2715 rant.
607 2651 865 2716 accessit,
914 2649 1248 2705 daemonium
1294 2650 1440 2705 illam
1489 2651 1804 2706 convellens
1840 2651 1993 2705 humi

420 2743 680 2815 projecit,
717 2751 774 2798 et
813 2756 1013 2813 magno
1044 2757 1143 2813 per
1176 2742 1322 2796 illam
1370 2743 1615 2797 clamore
1656 2742 1806 2797 edito
1835 2744 1995 2797 obse-

421 2830 634 2898 cravit,
683 2852 701 2885 ι
750 2832 1062 2900 Quidnam,
1118 2832 1405 2903 inquiens,
1462 2833 1531 2887 ad
1585 2848 1686 2889 nos
1741 2836 1994 2903 venistis,

424 2927 610 2997 magni
654 2925 749 2982 Dei
783 2926 1067 2982 ministri?
1107 2926 1348 2991 Insulam
1386 2914 1625 2997 namque
1661 2926 1823 2983 istam
1855 2930 1995 3000 jam-

422 3018 629 3074 dudum
675 3033 776 3074 nos
821 3018 1030 3089 absque
1068 3018 1322 3072 molestia
1369 3026 1426 3072 et
1464 3019 1618 3072 turba
1656 3004 1806 3072 omni
1846 3030 1997 3072 tene-

424 3126 566 3175 mus.
602 3120 655 3165 et
684 3110 945 3165 omnibus
986 3125 1157 3182 prepe
1190 3108 1511 3164 hominibus
1538 3109 1731 3180 ignoti,
1763 3121 1819 3164 et
1845 3109 1996 3164 lacu-

426 3188 532 3261 bus
586 3206 706 3261 istis
775 3201 1178 3259 circumvallati
1259 3200 1348 3255 hic
1403 3202 1658 3255 latemus.
1740 3199 1895 3267 Quod
1947 3200 1992 3255 si

424 3280 688 3366 deinceps
724 3295 881 3355 vobis
915 3294 1057 3348 hanc
1092 3293 1372 3363 regionem
1411 3278 1652 3348 incolere
1683 3293 1861 3348 visum
1887 3302 1991 3359 est,

427 3390 666 3445 libenter
717 3387 1073 3443 decedemus.
1113 3403 1133 3438 ι
1187 3385 1338 3440 Talia
1371 3385 1583 3440 daemon
1612 3401 1711 3456 per
1756 3387 1995 3456 puellam

426 3480 859 3535 vociferabatur.
892 3479 999 3545 Qui
1051 3478 1386 3548 simulatque
1422 3478 1491 3532 ab
1534 3478 1644 3532 illis
1687 3477 1996 3548 increpitus

427 3573 590 3628 silere
625 3572 816 3642 jussus
844 3580 951 3638 est,
992 3570 1177 3641 puella
1216 3586 1247 3625 e
1283 3569 1516 3640 vestigio
1548 3585 1672 3625 cum
1698 3570 1911 3640 pudore
1940 3580 1997 3626 et

429 3665 695 3717 modestia
727 3666 796 3716 ad
846 3662 1082 3732 seipsam
1127 3660 1317 3716 rediit.
1358 3659 1421 3714 Et
1467 3647 1624 3730 pater
1665 3661 1785 3731 ejus
1829 3671 1995 3730 atque

428 3756 607 3810 insula
631 3756 811 3810 omnis
834 3769 956 3808 cum
990 3752 1188 3808 incolis
1213 3752 1488 3807 universis
1515 3750 1995 3807 Christianismum

426 3847 667 3916 suscepit
701 3864 714 3901 :
743 3845 1118 3915 templumque
1147 3843 1294 3914 quod
1326 3843 1401 3898 ibi
1437 3852 1578 3909 erat,
1607 3854 1989 3914 repurgatum,

428 3948 597 4013 atque
641 3928 697 3994 in
729 3937 1020 3994 ecclesiam
1070 3935 1546 4001 transformatum,
1587 3935 1808 3994 Christo
1843 3936 1999 3992 dedi—

428 4030 588 4088 cavit.
639 4029 715 4085 Ea
758 4014 853 4085 res
897 4028 1304 4099 quamprimum
1353 4027 1742 4083 Alexandriam
1789 4043 1997 4083 renun—

430 4126 561 4179 tiata
605 4108 775 4178 Lucio
810 4137 922 4176 non
967 4135 1163 4190 parum
1219 4119 1408 4174 attulit
1443 4119 1721 4176 maeroris.
1772 4119 1997 4175 Factum

427 4214 574 4268 enim
624 4200 751 4267 inde
799 4220 903 4275 est,
948 4222 1006 4264 ut
1049 4224 1155 4265 non
1206 4209 1385 4265 solum
1434 4210 1764 4271 alienorum,
1803 4225 1995 4265 verum

428 4307 594 4362 etiam
668 4305 1016 4380 popularium
1084 4317 1313 4381 suorum
1386 4303 1574 4356 odium
1639 4302 1991 4368 incurreret;

428 4396 657 4468 perinde
688 4406 853 4464 atque
882 4399 928 4450 is
961 4396 1054 4465 qui
1085 4410 1195 4449 non
1213 4410 1339 4450 eum
1372 4395 1716 4463 hominibus,
1745 4395 1839 4450 sed
1871 4411 1995 4450 cum

2093 1935 2425 2003 κατάσχετον
2455 1937 2753 2003 γενομένην
2778 1934 2874 2003 τὴν
2903 1933 2993 1986 τοῦ
3016 1933 3209 2002 ἱερέως
3238 1933 3510 2003 θυγατέρι
3532 1933 3649 2003 παρ’

2090 2022 2334 2085 ἐκείνους
2372 2023 2551 2093 ἥκειν.
2593 2022 2685 2083 Ὧς
2723 2021 2781 2075 δὲ
2816 2021 3003 2091 δρόμῳ
3039 2019 3237 2073 θέουσα
3297 2020 3396 2091 βοῇ
3439 2021 3647 2088 ἀκόσμῳ

2090 2113 2186 2170 τοῦ
2214 2113 2401 2184 πρόσω
2434 2113 2628 2183 ετχετο,
2659 2115 2706 2166 oi
2747 2113 2853 2178 τὴν
2886 2110 3048 2179 νῆσον
3087 2109 3388 2175 οἰκοῦντες,
3418 2109 3494 2180 τῷ
3526 2110 3647 2182 ξένῳ

2091 2204 2183 2258 τοῦ
2200 2188 2521 2274 πράγματος
2541 2202 2834 2274 ἔκπληκτοι
2851 2201 3152 2288 γεγολθότες,
3168 2200 3404 2253 κατόπιν
3421 2199 3647 2260 ἐδίωκον,

2105 2296 2255 2350 Ἐπεὶ
2280 2295 2326 2351 δ’
2358 2298 2451 2350 ἐπὶ
2476 2298 2575 2365 τὴν
2598 2293 2730 2349 ναῦν
2760 2294 2934 2365 ἢτοῦς
2966 2293 3141 2357 θείους
3193 2292 3503 2362 πρεσϐύτας
3529 2293 3646 2346 καθ-

2091 2388 2356 2460 ώρμιζεν,
2425 2388 2695 2457 ἐγεγόνει,
2728 2386 3016 2457 σπαράξαν
3071 2384 3241 2453 αὐτὴν
3265 2384 3326 2439 τὺ
3369 2385 3647 2455 δαιμόνιον,

2091 2482 2171 2543 είς
2198 2481 2301 2550 γῆν
2326 2480 2550 2551 ἔρριπτε
2578 2495 2592 2510 ο
2631 2478 2775 2550 μέγα
2811 2478 2869 2532 δὲ
2901 2479 3102 2551 κράξον
3136 2476 3206 2532 δι’
3254 2478 3493 2546 ἐκείνης,
3535 2480 3646 2531 ἐπι-

2092 2573 2295 2634 τνιᾶτο.
2324 2590 2343 2625 ι
2382 2571 2497 2626 Ἵνα
2521 2572 2592 2637 τί,
2619 2571 2814 2640 λέγων,
2848 2572 2981 2641 πρὸς
3008 2572 3153 2642 ἡμᾶς
3173 2570 3362 2641 ἥκετε,
3402 2567 3531 2627 Θεοῦ
3553 2587 3647 2639 με·

2093 2664 2255 2732 γάλου
2274 2663 2600 2734 θεράποντες
2626 2681 2640 2730 ;
2698 2662 2856 2735 τήνδε
2888 2663 2996 2735 γάρ
3025 2663 3187 2734 ἡμεῖς
3221 2662 3322 2733 τὴν
3386 2662 3543 2731 νῆσον
3592 2662 3645 2715 ἐκ

2095 2755 2292 2809 πολλοῦ
2366 2755 2751 2825 κατοικοῦμεν,
2806 2756 2983 2810 οὐδενὶ
3038 2754 3106 2809 δι’
3150 2755 3311 2824 ὄχλου
3370 2755 3645 2824 γινόμενοι,

2094 2850 2227 2902 πᾶσι
2257 2843 2302 2901 δ’
2333 2844 2639 2919 ἀνθρώποις
2665 2848 2851 2919 σχεδὸν
2878 2847 3123 2917 ἀγνῶτες
3152 2846 3304 2911 ὄντες
3332 2862 3346 2876 ⁸
3396 2846 3488 2902 καὶ
3537 2864 3646 2901 ταυ-

2094 2941 2247 2992 ταισὶ
2302 2942 2423 3000 ταῖς
2481 2938 2702 3008 λίμναις
2752 2938 3263 3009 περιπεφραγμένοι
3309 2936 3646 3006 λανθάνομενι

2096 3028 2159 3080 Εἰ
2188 3028 2244 3081 δὲ
2269 3027 2360 3080 τοῦ
2391 3028 2577 3081 λο;ποῦ
2612 3029 2765 3097 φίλον
2793 3027 2920 3097 ὑμῖν
2947 3027 3023 3096 τῷ
3066 3029 3226 3097 χώρῳ
3255 3027 3431 3095 τούτῳ
3465 3027 3645 3079 ἐνδιαι-

2097 3119 2314 3183 τᾶσθαι,
2351 3120 2566 3184 ἑκόντες
2614 3120 3064 3190 ἀναχωρήσομεν.
3092 3137 3110 3170 ι
3146 3120 3251 3172 Καὶ
3281 3120 3504 3171 τοιαῦτα
3564 3112 3647 3185 μιν

2097 3213 2123 3264 ὁ
2148 3212 2357 3282 δαίμων
2382 3211 2469 3264 διὰ
2497 3210 2595 3279 τῆς
2627 3212 2795 3281 κόρης
2825 3209 3151 3278 ἐφθέγγετο.
3214 3207 3371 3261 Ἐπεὶ
3401 3208 3447 3261 δ’
3484 3210 3645 3260 ἐπετιδ

2099 3305 2240 3372 μᾶτο
2273 3302 2403 3374 παρ’
2424 3303 2648 3355 ἐκείνων
2685 3302 2926 3373 σιγᾷν,ὴ
2962 3302 3062 3371 μὲν
3123 3302 3251 3363 παῖς
3306 3300 3504 3353 αὐτίκα
3556 3294 3646 3350 σώ-

2097 3411 2250 3465 φρων
2277 3391 2345 3467 ἦν
2373 3413 2387 3425 ·
2408 3397 2436 3449 ἀ
2470 3394 2524 3447 δὲ
2547 3396 2645 3462 τῆς
2670 3393 2836 3465 κόρης
2861 3395 3040 3463 πατὴρ
3070 3392 3163 3445 καὶ
3192 3392 3224 3460 ἡ
3272 3390 3433 3461 νῆσος
3479 3388 3644 3443 άπασα

2098 3485 2371 3555 πανδημεὶ
2418 3483 2487 3536 τὸ.
2536 3481 2879 3553 Χριστιανῶν
2937 3476 3321 3550 κατησπάζετο
3353 3496 3368 3510 ⁸
3425 3479 3517 3532 καὶ
3567 3479 3647 3532 τὸν

2096 3578 2276 3631 ἐκεῖσε
2307 3574 2441 3630 νεὼν
2471 3574 3036 3643 μετασκευασάμενοι,
3067 3575 3145 3635 εἰς
3163 3570 3460 3642 ἐκκλησίαν
3504 3570 3645 3623 καθί-

2098 3684 2240 3721 στων
2263 3666 2522 3740 Χριστοῦ.
2566 3666 2741 3737 Τάχος
2794 3665 2849 3717 δὲ
2897 3662 3071 3717 ταῦτα
3114 3669 3215 3731 τὴν
3263 3662 3647 3732 Ἀλεξάνδρειαν

2096 3758 2296 3830 ἔφθανε
2327 3775 2342 3791 ο
2380 3759 2474 3812 καὶ
2498 3759 2558 3811 ού
2586 3758 2782 3829 μέτρια
2815 3755 3003 3810 ἐλύπει
3031 3757 3120 3809 τὸν
3142 3755 3392 3809 Λούκιον.
3416 3753 3647 3807 Συνέσαι-

2098 3869 2156 3907 νε
2185 3851 2295 3923 γὰρ
2328 3851 2602 3917 ἐντεῦθεν,
2636 3850 2719 3922 μὴ
2774 3850 2924 3919 παρά
2952 3848 3060 3902 τῶν
3123 3848 3418 3918 ἀλλοτρίων
3484 3849 3654 3919 μόνον,

2098 3944 2236 3998 ἀλλὰ
2258 3944 2355 3998 καὶ
2370 3941 2525 4012 παρὰ
2559 3942 2668 3995 τῶν
2688 3941 2906 4017 οἱκείῳν
2942 3942 2998 3994 ὲν
3034 3941 3182 4011 μίσει
3235 3936 3400 4004 εἶναι,
3460 3940 3552 3994 ἆτε
3594 3938 3649 4005 δὴ

2102 4034 2178 4106 μὴ
2209 4034 2540 4104 ἀνθρώποις,
2572 4032 2685 4085 ἀλλ’
2712 4032 2976 4102 ἀντικρὺς
3018 4033 3141 4104 θεῷ
3172 4032 3260 4086 διὰ
3328 4032 3504 4103 μάχης
3549 4030 3651 4083 ίών.

2100 4125 2212 4180 Καὶ
2232 4125 2432 4178 αὐτίκα
2464 4124 2640 4195 λάθρα
2671 4127 2795 4188 τοὺς
2821 4124 2967 4194 ἀμφὶ
2990 4124 3279 4194 Μακάριον
3325 4125 3420 4177 ἐπὶ
3467 4123 3533 4175 τά
3577 4122 3648 4173 oi-

2098 4217 2222 4269 κεῖα
2271 4215 2377 4285 ἤθη
2417 4215 2511 4268 καὶ
2552 4214 2649 4282 τὴν
2698 4213 2905 4286 ἔρημον
2948 4215 3231 4268 ἐπανιέναι
3284 4212 3651 4284 προσέταττεν.

2109 4307 2294 4362 Ἰκανά
2330 4306 2429 4377 μὲν
2458 4303 2552 4360 οὖν
2581 4309 2676 4360 καὶ
2717 4306 2889 4359 ταῦτα
2932 4304 3027 4358 τοῦ
3072 4306 3309 4360 Λουκίου
3351 4304 3519 4369 δεῖξαι
3562 4302 3655 4369 τὴν

2097 4398 2196 4469 τῆς
2226 4399 2483 4460 ἀσεϐείας
2508 4398 2767 4469 ὠμότητα
2809 4398 3171 4469 ’λεπτότερον
3212 4397 3275 4451 δὲ
3324 4393 3472 4466 οἶμαι
3518 4393 3648 4446 διδά-

429 4490 547 4560 ipso
581 4503 806 4558 prorsus
856 4488 967 4542 Deo
1015 4487 1217 4541 bellum
1257 4496 1495 4556 gereret.
1544 4486 1734 4556 Itaque
1777 4488 1991 4542 occulte

2099 4488 2210 4553 ξειν
2243 4489 2336 4541 τοῦ
2397 4488 2690 4542 θεσπεσίου
2741 4490 2948 4557 Πέτρου
3002 4487 3070 4540 τὰ
3114 4486 3422 4557 γράμματα
3464 4481 3526 4534 τὸ
3560 4481 3651 4546 ἐἰς

427 4580 636 4647 statim,
672 4588 732 4633 ut
761 4578 982 4657 Macarii
1014 4579 1081 4633 ad
1122 4578 1305 4633 studia
1334 4593 1431 4632 sua
1459 4587 1515 4632 et
1547 4578 1603 4631 in
1636 4578 1989 4634 solitudinem

431 4672 718 4748 redirent,
760 4672 1037 4743 praecepit.
1088 4670 1235 4726 Satis
1279 4669 1499 4739 quidem
1549 4668 1666 4724 hate
1716 4669 1993 4723 crudelem

429 4765 584 4821 Lucii
632 4765 967 4835 impietatem
1001 4763 1267 4819 indicant.
1310 4762 1569 4817 Exaetius
1613 4769 1796 4815 tamen
1828 4761 1994 4815 animi

410 4859 552 4930 .cjus
580 4859 1039 4914 inhumanitatem
1067 4857 1237 4910 divini
1274 4854 1422 4909 Petri
1450 4854 1645 4908 littera:
1669 4855 1951 4910 declarant
1979 4873 1993 4907 :

2103 4579 2326 4650 γνώμης
2344 4579 2738 4650 ἀπάνθρωπον.
2782 4578 2924 4647 Ἐγὼ
2953 4578 3009 4631 δὲ
3036 4578 3094 4631 τὸ
3126 4577 3305 4648 μῆκος
3337 4575 3428 4645 τῆς
3450 4575 3653 4625 satiate.

2103 4673 2203 4742 λῆς
2232 4672 2470 4742 φεύῒων,
2507 4673 2607 4726 ὅσα
2666 4672 2952 4743 πρόσφορα
2982 4675 3047 4742 τῇ
3088 4671 3227 4738 μετὰ
3255 4670 3434 4739 χεῖρας
3466 4665 3648 4720 ὑποθέ-

2103 4780 2206 4827 σει,
2229 4765 2438 4817 ὲκείθεν
2468 4764 2887 4834 ὲρκνισάμενος,
2916 4767 2981 4833 τῇ
3023 4764 3315 4832 συγγραφῇ
3344 4756 3651 4829 περιθήσω.

2103 4856 2310 4924 Γράφει
2356 4854 2414 4908 δὲ
2442 4854 2582 4909 οὕτω
2609 4871 2623 4884 ·

428 4970 665 5025 quarum
702 4970 807 5025 ego
833 4953 1205 5024 prolixitatem
1250 4949 1491 5019 fugiens,
1544 4965 1667 5020 quae
1721 4950 1845 5006 loco
1884 4951 2013 5008 huic
2052 4951 2466 5008 accommodata
2496 4960 2663 5018 sunt,
2723 4966 2789 5007 ex
2833 4949 2917 5005 eis
2960 4950 3273 5020 decerpam,
3317 4957 3373 5003 et
3418 4944 3653 5000 historia:

428 5047 701 5118 adjiciam.
730 5046 937 5104 Scribit
969 5056 1153 5101 autem
1180 5043 1247 5098 ad
1280 5045 1428 5098 hunc
1459 5042 1685 5096 modum
1719 5061 1732 5095 :

498 5189 783 5283 (lumbis
838 5201 1221 5262 Theodoretus
1268 5199 1438 5256 fuisse
1484 5196 1673 5258 scribit
1712 5197 1850 5253 dues
1904 5186 2285 5264 Macariosﬁet
2331 5197 2622 5264 lsidorum,
2674 5198 2772 5252 lib.
2825 5212 2901 5263 tv,
2930 5213 3053 5268 cap.
3089 5197 3181 5251 2t.
3216 5193 3495 5283 'theodc
3533 5189 3645 5247 cod.

426 5272 695 5345 (κινέει.)
