3912 6576
470 533 572 592 ί5)

1684 542 2101 604 NICEPlIOliI
2146 545 2489 607 CALLiSTl

3608 550 3704 613 660

470 664 590 702 rum
617 649 773 702 altari
801 661 1129 720 peregerunt
1159 652 1333 724 impii.
1367 653 1501 709 Nam
1534 655 1697 711 velati
1731 657 1785 710 in
1815 668 2033 726 ptose‘e-

2146 662 2457 727 γυναικείαν
2507 644 2843 732 ποθήσαντα,
2879 664 3105 733 στίμμει
3140 662 3280 718 κατὰ
3306 664 3367 717 τὸ
3396 667 3701 735 γεγραμμέ-

468 738 559 790 nio
592 738 851 793 ludorum
870 739 1290 806 dissolutorum,
1324 753 1384 798 ut
1409 761 1547 815 puer
1568 760 1760 801 sexum
1802 747 2032 803 masculi

467 832 786 902 abiungens,
837 842 894 887 et
951 834 1204 892 mulieris
1261 848 1564 908 expetens,
1619 840 1788 895 stibio
1840 842 2034 911 (sicuti

469 925 736 994 scriptum
766 927 874 994 est)
898 929 1075 983 oculis
1104 931 1411 998 perunctis,
1444 941 1499 985 et
1530 931 1656 987 fuco
1684 931 1825 986 facie
1857 921 2051 986 rubri-'

467 1026 607 1079 cata,
651 1020 1115 1086 quemadmodum
1160 1037 1283 1091 qua:
1329 1022 1474 1092 apud
1509 1040 1605 1078 eos
1642 1033 1770 1079 sunt
1805 1026 2036 1081 simula-

463 1125 580 1174 cra,
612 1110 800 1185 habitu
831 1113 1113 1177 muliebri,
1152 1117 1205 1169 in
1248 1116 1366 1186 ipso
1405 1118 1681 1172 sanctiore
1721 1118 1902 1177 altari.
1940 1118 2032 1173 tibi

465 1198 788 1254 descensum
826 1202 1064 1272 Spiritus
1091 1206 1266 1260 sancti
1303 1205 1644 1267 invocamus.
1674 1207 2035 1279 conversione

464 1293 603 1346 scite
649 1291 704 1345 in
756 1293 946 1347 orbem
999 1296 1178 1359 facta,
1232 1296 1342 1352 huc
1393 1308 1557 1368 atque
1603 1298 1732 1353 illuc
1781 1278 2036 1368 manibus

469 1384 802 1452 gesticulans
849 1386 1096 1454 saltaret,
1130 1387 1434 1449 fecerunt:
1483 1393 1688 1461 prolixe
1739 1392 2034 1447 admodum

466 1475 735 1539 ridentes,
769 1486 936 1548 atque
979 1480 1223 1534 nefarias
1267 1496 1433 1537 voces
1467 1483 1752 1538 addentes.
1788 1484 1894 1539 Alii
1940 1499 2037 1537 au-

463 1578 573 1620 tem
612 1577 664 1621 et
711 1568 816 1624 hoc
859 1570 1038 1639 ipsum
1086 1572 1288 1626 faetum
1328 1590 1438 1628 non
1471 1577 1605 1627 satis
1638 1576 1702 1630 ad
1743 1576 2035 1629 obscenam

460 1661 828 1716 temeritatem
881 1679 1003 1719 esse
1057 1676 1336 1736 putantes,
1389 1678 1445 1722 et
1499 1684 1621 1739 qua:
1666 1669 1774 1738 jam
1825 1677 2036 1737 patrata

461 1749 705 1819 fuerant,
735 1752 933 1809 decora
962 1756 1151 1827 potius
1172 1774 1336 1828 quam
1370 1759 1605 1814 nefanda
1633 1759 2033 1821 existimantes.

459 1858 528 1897 ex
578 1842 713 1914 ipsis
754 1849 1051 1916 quemdam
1094 1852 1334 1906 obscena
1376 1851 1623 1906 foeditate
1658 1851 2034 1916 notissimum,

460 1944 610 1990 veste
645 1935 915 2004 detracta,
953 1951 1009 1995 et
1040 1942 1298 2013 pudenda
1344 1944 1510 1998 etiam
1561 1945 1813 2013 corporis
1855 1954 2033 2014 parte,

460 2040 627 2096 prout
662 2041 875 2087 naturae
902 2033 1008 2087 fert
1043 2036 1281 2100 habitus,
1306 2039 1532 2104 nudata,
1558 2039 1805 2092 ecclesia:
1838 2038 2037 2092 throno
2073 2033 2083 2075 ³

459 2125 869 2195 imposuerunt,
906 2141 962 2186 et
1014 2131 1220 2186 findqu
1266 2143 1455 2186 contra
1495 2130 1775 2186 Christum
1812 2131 2037 2186 concio-

461 2226 710 2274 naturem
747 2223 1136 2291 appellarunt:
1168 2241 1291 2278 nam
1326 2240 1426 2295 pro
1457 2224 1660 2279 divinis
1690 2224 1878 2280 verbis
1913 2233 2034 2278 tur-

460 2309 765 2375 pitudinem
809 2315 1062 2383 protulit,
1102 2332 1199 2385 pro
1237 2317 1494 2370 oratione
1542 2317 1691 2384 gravi
1740 2325 1797 2370 et
1845 2323 2037 2370 sancta

2143 770 2235 806 vov
2285 755 2413 819 τοὺς
2448 756 2771 827 ὀφθαλμοὺς
2810 757 3258 827 διαχρισάμενον,
3296 757 3390 810 καὶ
3430 756 3595 823 φύκει
3619 760 3703 819 τὰς

2141 845 2293 916 δψεις
2342 846 2701 918 ἐρυθήναντα,
2732 848 2809 909 ὼς
2840 847 2910 901 τὰ
2940 846 3071 918 παρ’
3100 848 3287 913 αὐτοῖς
3328 849 3521 902 εἴδωλα
3559 849 3704 918 θηλυο

2146 939 2339 1008 μόρφῳ
2365 938 2443 1009 τῷ
2469 940 2709 1009 σχήματι
2738 940 2827 993 ἐπ’
2849 939 3016 994 αὑτοῦ
3045 940 3136 994 τοῦ
3160 939 3573 1009 θυσιαστηρίου,
3595 940 3708 993 ἔνθα

2142 1032 2370 1086 κάθοδον
2402 1031 2496 1086 τοῦ
2549 1033 2707 1101 ἁγίου
2743 1034 3060 1103 Πνεύματος
3098 1033 3528 1103 ἐπικαλούμεθα,
3565 1034 3709 1085 εὐκύ-

2140 1123 2252 1194 κλῳ
2278 1126 2344 1195 τῇ
2388 1128 2592 1197 στροφῇ
2623 1118 2724 1179 ὧδε
2759 1126 2982 1179 κάκεῖσε
3010 1124 3085 1178 τὼ
3110 1126 3260 1196 χεῖρε
3302 1124 3708 1195 σχηματιζόμε-

2140 1236 2251 1283 νον,
2287 1218 2572 1289 ὀρχεῖσθαι
2607 1217 3029 1290 παρεσκεύασαν
3054 1234 3068 1249 ³
3097 1218 3271 1271 πλατὺ
3308 1219 3407 1286 μέν
3432 1217 3711 1284 γελῶντες,

2139 1311 2416 1380 ἀθέσμους
2449 1311 2508 1365 δέ
2558 1311 2883 1380 ἐπαφιέντες
2935 1310 3141 1377 φωνάς.
3174 1309 3241 1362 Οἱ
3294 1309 3351 1362 δέ
3410 1309 3576 1362 πάλιν
3627 1310 3709 1360 καὶ

2138 1403 2297 1457 τοῦτο
2311 1403 2448 1473 πρὸς
2480 1401 2704 1467 ἀταξίαν
2733 1403 3095 1474 ἡγησάμενοι,
3130 1402 3224 1455 καὶ
3245 1403 3311 1454 τά
3347 1399 3711 1469 παρῳχηκότα

2139 1495 2389 1565 εὐπρεπῆ
2423 1493 2624 1564 μᾶλλον
2645 1494 2789 1565 ἤπερ
2821 1493 3036 1563 ἄθεσμα
3061 1491 3430 1561 λογισάμενοι,
3453 1490 3509 1555 ἐξ
3543 1488 3713 1541 αὐτῶν

2139 1587 2239 1640 ενα
2274 1584 2702 1656 γνωριμώτατον
2731 1587 2787 1638 ὲν
2825 1586 3171 1656 αἰσχρότητι,
3218 1581 3355 1653 ὁμοῦ
3389 1584 3489 1649 τὴν
3516 1581 3713 1650 ἐσθῆτα

2140 1682 2233 1731 καὶ
2263 1678 2363 1747 τὴν
2392 1675 2526 1731 αίδὼ
2556 1678 3013 1747 γυμνωσάμενολ,
3041 1676 3116 1738 ὡς
3164 1675 3194 1746 ἡ
3237 1672 3399 1744 φύσις
3434 1673 3550 1741 ἔχει
3589 1672 3713 1743 σχή-

2141 1785 2332 1838 ματος,
2358 1767 2438 1839 τῷ
2469 1767 2569 1838 τῆς
2611 1768 2913 1837 ἐκκλησίας
2948 1766 3368 1827 ἐπιδισάσαντες
3402 1764 3601 1834 θρόνῳ,
3632 1762 3715 1830 δηο

2142 1861 2386 1937 μηγόρον
2408 1859 2634 1930 αἰσχρδν
2678 1861 2826 1913 κατά
2864 1856 3104 1928 Χριστοῦ
3150 1853 3711 1926 προσαγορεύσαντες.

2152 1952 2299 2006 ’Δντὶ
2327 1951 2438 2021 γὰρ
2460 1950 2621 2004 θείων
2656 1938 2919 2021 ῥημάτων
2949 1949 3288 2017 αἰσχρότητα
3320 1943 3710 2014 προύϐάλλετο,

2140 2044 2262 2097 ἀντὶ
2310 2043 2525 2112 σεμνῶν
2564 2042 2742 2110 λόγων
2782 2041 3094 2109 ἀσέλγειαν,
3128 2037 3246 2092 ἀντ’
3274 2035 3563 2098 εὐσεϐείας
3591 2036 3714 2088 dai-

2139 2136 2314 2199 σειαν,
2345 2136 2465 2188 ἀντὶ
2510 2133 2836 2202 ἐγκρατείας
2868 2133 3147 2202 πορνείαν.
3188 2129 3455 2201 μοιχείαν,
3491 2128 3712 2195 ἀρσενοο

2139 2223 2370 2288 κοιτίαν,
2409 2224 2641 2294 κλοπὴν,
2666 2222 2825 2275 πόσιν
2849 2222 2939 2276 καὶ
2970 2221 3175 2293 βρῶσιν
3202 2219 3282 2290 τῷ
3312 2218 3412 2288 βίῳ
3441 2215 3578 2286 πρὸς
3613 2216 3714 2276 τοῖς

2137 2315 2321 2380 ἀλλοις
2357 2316 2749 2387 είσηγούμενος
2780 2310 2923 2368 εἶναι
2952 2314 3219 2385 χρήσιμα.

462 2407 796 2476 impudicam
842 2410 1148 2477 lasciviam,
1188 2428 1289 2484 pro
1335 2413 1540 2482 pietate
1579 2414 1941 2483 impietatem,
2014 2429 2078 2467 ac
2118 2416 2483 2485 temperantia
2566 2411 3013 2476 fornicationem,
3053 2408 3410 2473 adulterium,
3453 2404 3715 2460 masculo-

463 2518 584 2556 rum
634 2506 1015 2574 concubitum,
1056 2508 1290 2574 furtum,
1334 2511 1516 2565 cibum
1570 2521 1625 2566 et
1679 2523 1867 2581 potum
1922 2526 2031 2565 una
2072 2526 2198 2566 cum
2276 2512 2402 2567 aliis
2450 2509 2725 2583 ejusmodi
2778 2508 2847 2564 ad
2885 2509 3055 2563 vitam
3102 2505 3256 2562 utilia
3332 2516 3390 2560 et
3435 2500 3714 2559 commoda

459 2609 582 2649 esse
618 2597 847 2654 docens.

537 2707 557 2739 ι
595 2687 729 2743 Cum
765 2691 881 2752 haec
911 2693 984 2749 ita
1018 2710 1077 2751 se
1126 2696 1411 2763 haberent,
1447 2707 1503 2752 et
1543 2713 1645 2769 ego
1688 2715 1753 2754 ex
1795 2698 2028 2755 ecclesia

462 2781 800 2851 secederem,
830 2786 1133 2858 (quomodo
1173 2792 1320 2845 enim
1359 2792 1409 2847 id
1456 2810 1562 2847 non
1613 2794 1873 2859 facerem,
1904 2811 2029 2848 cum

463 2875 534 2929 ibi
573 2877 825 2935 militaris
860 2881 1014 2937 furor
1051 2883 1361 2949 obtineret,
1401 2885 1567 2956 158
1608 2901 1733 2940 cum
1771 2887 1926 2957 plebs
1960 2886 2028 2940 ad

342 3036 355 3047 δ
461 2969 787 3027 dissolutam
848 2974 1128 3034 licentiam
1195 2979 1449 3041 venalis,
1514 2994 1640 3033 cum
1709 2980 2034 3049 largitiones

462 3065 839 3135 pecuniarum,
875 3083 1000 3122 cum
1038 3069 1391 3127 ethnicorum
1438 3086 1536 3128 seu
1587 3071 1874 3141 gentilium
1922 3086 2036 3124 ma-

2215 2720 2235 2752 ι
2272 2700 2489 2753 Τούτων
2517 2698 2573 2752 δὲ
2598 2697 2771 2762 οὔτως
2793 2697 3052 2769 ἐχόντων,
3078 2692 3263 2763 κάμοῦ
3293 2695 3391 2764 τῆς
3423 2690 3713 2763 ἐκκλησίας

2139 2792 2683 2862 ὑπαναχωρήσαντος
2713 2790 2854 2861 (πῶς
2887 2788 2997 2861 γὰρ
3025 2789 3170 2858 οὐχὶ,
3202 2788 3337 2840 ὅπου
3376 2782 3712 2855 στρατιωτῶν

2139 2883 2317 2953 ἔφοδοι
2336 2922 2352 2947 ,
2376 2883 2510 2935 ὅπου
2533 2881 2704 2952 δῆμος
2733 2880 2864 2952 πρὸς
2884 2878 3111 2946 ἀταξίαν
3134 2877 3525 2948 ἀργυρώνητος
3543 2916 3561 2942 ,
3585 2876 3710 2929 ὅπου

2139 2974 2448 3049 φιλοτιμίαι
2484 2976 2787 3045 χρημάτων
2836 2973 2933 3027 καὶ
2976 2971 3208 3026 ἐθνικῶν
3238 2969 3420 3040 πλήθη
3450 2968 3592 3038 μετὰ
3625 2982 3712 3037 μευ

2132 3069 2337 3138 γίστων
2374 3068 2722 3137 ὑποσχέσεων
2738 3065 2781 3137 ;)
2818 3065 3094 3137 ἡμέτερος
3129 3063 3292 3133 δῆθεν
3325 3059 3709 3116 ἀποστέλλεται

463 3170 567 3212 nus
597 3157 849 3219 maximis
888 3159 1028 3216 nixae
1083 3163 1578 3230 pollicitationibus
1638 3162 1981 3233 regnarent?
2013 3160 2033 3232 )

2146 3164 2401 3234 Βιάδοχος,
2433 3161 2662 3233 χρυσίου
2696 3160 2798 3230 τὴν
2829 3158 3140 3228 ἐπισκοπὴν
3167 3157 3243 3221 ὡς
3274 3154 3492 3223 ἀξίωμα
3524 3167 3709 3222 κοσμιο

462 3263 750 3304 successor
792 3267 950 3308 meus
994 3254 1047 3308 in
1083 3270 1202 3309 eam
1239 3265 1325 3309 est
1365 3256 1588 3325 missus,
1620 3255 1714 3325 qui
1744 3255 2034 3325 episeOpa-

464 3351 577 3394 tum
630 3342 802 3398 veluti
859 3344 1148 3414 profanam
1200 3346 1529 3421 dignitatem
1583 3362 1721 3401 auro
1776 3338 2032 3409 redemit,

463 3431 668 3490 Lucius
712 3436 958 3506 quidam,
993 3439 1106 3509 lupi
1132 3438 1739 3512 (hixou)improbitatis
1782 3451 1837 3495 et
1867 3441 2038 3494 actio-

465 3543 596 3585 num
647 3528 953 3597 studiosus,
995 3546 1104 3587 non
1152 3541 1301 3591 recte
1342 3534 1702 3589 sentientium
1748 3534 2035 3604 episcopo-

469 3635 591 3676 rum
609 3621 871 3687 concilio,
889 3639 997 3678 non
1014 3625 1389 3697 legitimorum
1409 3641 1779 3695 verarumque
1809 3627 2013 3681 clerico

467 3730 589 3769 rum
622 3716 868 3782 calculis,
902 3734 1013 3773 non
1054 3720 1244 3790 populi
1273 3702 1636 3793 flagitatione,
1667 3721 1830 3776 sicuti
1863 3720 2042 3775 eccle-

466 3808 703 3863 siasticae
752 3809 998 3879 produnt
1041 3814 1378 3878 sanctiones,
1413 3813 1611 3869 lectus.
1651 3812 1898 3868 Aderant
1943 3827 2042 3866 au-

467 3909 575 3954 tem
614 3899 668 3955 ei
714 3899 981 3973 (simplici,
1019 3919 1259 3973 namque
1297 3912 1354 3959 et
1392 3905 1539 3961 facili
1574 3907 1803 3961 introitu
1843 3904 2037 3958 urbem

469 3992 675 4061 ingredi
712 4009 823 4050 non
855 3996 1051 4063 potuit)
1086 4011 1197 4051 non
1230 3998 1471 4067 episcopi
1513 3997 1723 4068 aliqui,
1767 4013 1877 4051 non
1911 4010 2039 4065 pre-

463 4082 695 4154 sbyteri,
734 4100 845 4140 non
893 4085 1139 4152 diaconi,
1185 4103 1295 4142 non
1348 4086 1536 4159 populi
1588 4097 1821 4142 catervae
1861 4106 1877 4143 :
1927 4101 2037 4139 non

462 4194 587 4237 cum
620 4179 874 4233 monachi
906 4179 1136 4253 bymuos
1166 4188 1222 4235 et
1252 4180 1444 4235 laudes
1473 4196 1540 4234 ex
1571 4178 1875 4249 Scripturis
1906 4193 2040 4230 con-

464 4269 712 4326 cincntes
761 4272 1105 4342 produxere;
1146 4273 1241 4326 sed
1280 4272 1525 4329 Euzoius
1572 4271 1751 4337 aﬂuit,
1788 4272 1879 4341 qui
1931 4270 2037 4324 du-

463 4363 757 4430 dum,eum
780 4366 1049 4421 diaconus
1072 4375 1273 4421 nostra:
1296 4366 1463 4437 hujus
1491 4365 1836 4421 Alexandria:
1865 4376 2035 4427 esset,

465 4443 569 4512 una
604 4474 729 4512 cum
760 4458 895 4514 Ario
936 4457 992 4513 in
1021 4468 1213 4515 sancta
1254 4470 1312 4515 et
1346 4474 1539 4530 magna
1569 4459 1779 4531 synodo
1818 4459 2034 4525 Nicaeae,

464 4550 660 4604 ordine
696 4562 899 4614 motus,
938 4552 1287 4619 praesidentia
1319 4569 1420 4607 sua
1453 4566 1601 4607 nunc
1632 4551 2034 4608 Atttiocbena'n

466 4642 1022 4715 vastat‘ecclesiam;
1074 4653 1130 4698 et
1183 4645 1629 4701 comitatensium
1684 4645 2035 4715 largitionum

465 4747 672 4796 eomes,
715 4733 810 4803 qui
856 4749 1045 4790 secum
1087 4734 1413 4791 immensam
1459 4736 1694 4791 militum
1724 4737 2036 4791 multitudi-
2068 4756 2114 4814 ο

468 4842 592 4882 nem
628 4827 881 4893 adduxit,
912 4831 1065 4883 omni
1096 4843 1300 4901 genere
1333 4830 1631 4900 impietatis
1673 4845 1890 4892 semper
1926 4831 2040 4884 cla—

468 4934 600 4984 rus,
652 4918 876 4974 nomine
937 4920 1166 4987 Magnus
1205 4937 1220 4975 :
1262 4936 1386 4975 nam
1444 4920 1648 4976 Juliani
1703 4921 2044 4990 temporibus

466 5012 752 5066 ecclesiam
787 5012 992 5083 Beryti,
1024 5029 1145 5084 quae
1182 5013 1478 5068 Phoenicia:
1511 5013 1741 5084 insignis
1769 5014 1901 5069 urbs
1932 5022 2041 5076 est,

469 5106 750 5170 incendit,
810 5121 974 5176 quam
1034 5107 1139 5162 sub
1186 5105 1479 5162 Joviniatto
1536 5106 1709 5160 beata:
1762 5105 2046 5160 memoriae

470 5202 720 5273 principe
745 5203 1030 5273 impendio
1063 5203 1182 5274 ipse
1213 5219 1315 5258 suo
1348 5198 1645 5257 restituere
1692 5211 1780 5260 est
1844 5212 2102 5268 coactus;

470 5297 618 5352 tibus
648 5296 949 5366 imperator
976 5296 1416 5353 humanissimus
1443 5297 1492 5352 ei
1526 5296 1885 5367 pepercisset.

548 5411 568 5443 ‹
604 5391 878 5447 Convenit
923 5408 1055 5463 ergo
1098 5408 1165 5449 ex
1212 5395 1319 5449 isto
1368 5401 1612 5448 vestrum
1660 5392 1882 5463 pietatis
1929 5400 2048 5447 stu-

471 5488 645 5549 dium,
678 5487 824 5556 quod
858 5488 924 5543 ad
954 5488 1557 5545 vindictam'factorum
1591 5488 1817 5543 excitari
1849 5485 2040 5552 velim,

470 5581 810 5641 existimare,
842 5582 1028 5650 qualia
1067 5591 1126 5636 ct
1161 5591 1367 5650 quanta
1398 5582 1453 5635 in
1474 5580 1685 5636 Christi
1715 5580 2041 5645 Ecclesiam,

467 5688 536 5729 co
569 5673 693 5741 ipso
735 5687 899 5742 quem
943 5673 1188 5727 diximus
1230 5683 1461 5744 tyranno
1494 5673 1657 5728 nobis
1694 5674 2043 5739 imminente,

468 5766 763 5819 commissa
813 5765 926 5819 sint
966 5764 1193 5836 ﬂagitia.
1252 5767 1596 5835 Simulatque
1643 5766 1815 5827 enim.
1870 5765 1965 5836 qui
2014 5780 2043 5819 a

467 5860 676 5928 pietate
719 5866 905 5913 vestra
950 5866 1007 5924 et
1045 5869 1197 5914 recte
1240 5859 1447 5928 ubique
1483 5858 1852 5914 sentientibus
1886 5858 2047 5912 Chri-

461 5950 666 6007 stianis
694 5961 863 6022 atque
897 5948 1173 6024 episcopis
1223 5952 1425 6020 sacpius
1455 5961 1541 6007 est
1584 5951 2042 6015 damnatus,’Lu-

471 6043 591 6101 cius
623 6043 679 6099 in
712 6044 906 6104 urbem
949 6045 1115 6113 iustis
1160 6046 1228 6101 de
1260 6044 1453 6115 causis
1487 6043 1593 6100 sibi
1626 6042 1877 6100 infestam
1919 6058 2043 6111 pcr-

2132 3257 2229 3312 κδν
2272 3257 2643 3341 ήγησάριενος,
2677 3251 2909 3316 Δούκιός
2958 3269 3062 3318 τις,
3092 3249 3262 3303 λύκου
3297 3248 3397 3320 τὴν
3445 3244 3709 3341 πονηρίαν

2140 3350 2239 3403 καὶ
2271 3350 2371 3411 τὰς
2402 3339 2631 3419 πράξεις
2673 3346 2819 3415 ἔχειν
2852 3341 3227 3408 ἐσπουδακὼς,
3265 3341 3366 3395 οὐκ
3402 3339 3708 3392 ἐπισκόπων

2142 3442 2442 3516 ὁρθοδόξοιν
2468 3440 2694 3512 συνόδῳ,
2717 3439 2778 3492 ού
2799 3438 2966 3509 ψήφῳ
2989 3436 3269 3507 κληρικῶν
3299 3433 3597 3504 ἀληθινῶν,
3618 3431 3708 3488 οὐκ

2142 3536 2360 3605 αἰτήσει
2399 3531 2564 3595 λαῶν,
2602 3530 2677 3593 ὡς
2714 3530 2763 3583 οί
2810 3528 2911 3598 τῆς
2955 3527 3282 3596 Ἐκκλησίας
3335 3522 3709 3593 διαγορεύουσι

2144 3628 2357 3697 θεσμοί.
2408 3625 2502 3696 Τῷ
2548 3623 2613 3694 δὴ
2639 3620 2867 3692 τοιούτῳ
2900 3620 3138 3689 συνῆσαν
3168 3618 3336 3690 (ἁπλῇ
3366 3618 3473 3686 γαρ
3526 3611 3707 3681 είσόδῳ

2141 3719 2241 3790 τῆς
2273 3717 2481 3781 πόλεως
2507 3713 2815 3769 ἐπιϐαίνειν
2840 3714 2941 3766 ούκ
2973 3710 3231 3782 ἠδύνατο)
3262 3710 3364 3763 οὐκ
3402 3706 3705 3761 ἐπισκόπων

2140 3811 2308 3874 τινὲς.
2330 3811 2390 3865 οὐ
2420 3796 2835 3881 πρεσϐυτέρων,
2853 3806 2914 3858 ού
2943 3804 3233 3866 διακόνων,
3258 3802 3317 3856 οὐ
3342 3800 3489 3853 λαῶν
3513 3796 3702 3866 πλήθη,

2140 3906 2200 3958 ού
2236 3907 2481 3975 προῆγον
2525 3900 2714 3955 τοῦτον
2768 3898 3094 3972 μονάζοντες
3131 3897 3338 3967 ὕμνους
3376 3895 3441 3949 ἐκ
3484 3890 3707 3962 Γραφῶν

2142 3999 2565 4068 ἀναπέμποντες
2592 4011 2606 4025 ο
2642 3992 2759 4048 ἀλλ’
2808 3991 3046 4055 Εύζώῖος
3078 3984 3165 4061 ἦν,
3199 3990 3228 4041 ὁ
3258 3987 3449 4059 πρώην
3489 3983 3583 4053 μὲν
3611 3981 3707 4033 σὺν

2153 4090 2350 4163 ’Δρείῳ
2407 4088 2778 4159 παθαιρεθεὶς,
2837 4085 3086 4145 διάκονος
3130 4082 3206 4136 ῶν
3256 4081 3357 4150 τῆς
3400 4077 3525 4133 καθ’
3565 4075 3706 4143 ἡμεῖς

2150 4181 2566 4254 ’Δλεξανδρείας
2599 4181 2658 4234 ἐν
2686 4181 2754 4250 τῇ
2783 4177 2926 4231 κατά
2952 4176 3186 4230 Νίκαιαν
3219 4174 3353 4245 ἁγίᾳ
3380 4172 3475 4225 καὶ
3504 4166 3702 4240 μεγάλῃ

2143 4280 2369 4347 συνόδῳ,
2402 4277 2532 4345 ἀρτι
2578 4274 2637 4328 δὲ
2675 4271 2983 4345 προστασίᾳ
3021 4270 3119 4342 τὴν
3149 4265 3472 4335 Ἀντιοχέων
3516 4262 3702 4329 λυμαι-

2142 4373 2364 4440 νόμενος
2389 4386 2405 4401 ο
2449 4368 2544 4421 καὶ
2573 4367 2600 4420 ὁ
2631 4366 2742 4421 τῶν
2773 4367 3200 4436 κομητατησίων
3230 4361 3288 4414 δὲ
3345 4352 3701 4429 λαργιτιὼνων

2141 4466 2341 4532 κόμης,
2373 4458 2729 4531 στρατιωτῶν
2758 4456 3101 4525 ἐπαγόμενος
3138 4452 3351 4523 πληθὺν
3381 4451 3642 4520 ἄμετρον,
3672 4443 3702 4493 ὁ

2140 4553 2198 4607 ἐν
2230 4553 2378 4624 πάσῃ
2406 4548 2632 4620 ἀσεϐείᾳ
2651 4549 2738 4602 ἀεὶ⁵
2752 4544 3177 4615 γνωριζόμενος,
3206 4543 3428 4610 Μάγνος
3451 4536 3697 4602 τούνομα’

2140 4645 2195 4705 ὃς
2243 4644 2303 4694 ἐν
2365 4636 2652 4695 Ἰουλιανοῦ
2688 4639 2902 4707 καιροῖς
2948 4635 3046 4706 τὴν
3087 4632 3371 4703 Βηρυτίων
3421 4624 3698 4696 ἐκκλησίαν

2142 4734 2459 4804 ἐμπρήσας,
2489 4730 2753 4784 Φοινίκων
2775 4728 2817 4781 δ’
2841 4726 2982 4797 αὕτη
3017 4724 3170 4787 πόλις
3198 4724 3493 4807 ἐπιφανὴς,
3521 4721 3577 4771 ἐν
3596 4715 3699 4807 τοῖς

2148 4826 2240 4880 ἐπὶ
2273 4823 2368 4877 τοῦ
2394 4823 2492 4893 τῆς
2528 4820 2806 4893 μακαρίας
2847 4819 3067 4889 μνήμης
3098 4804 3363 4870 ἰοσιανού
3409 4812 3612 4884 χρόνοις
3647 4804 3700 4868 ἐξ

2149 4915 2369 4970 οἰκείων
2409 4914 2721 4986 ἀνορθῶσαι
2776 4912 2983 4982 ταύτην
3034 4907 3487 4980 κατηναγκάσθη.
3538 4902 3701 4961 ὀλίγον

2150 5012 2247 5065 καὶ
2277 5010 2377 5081 τὴν
2427 5009 2670 5080 κεφαλὴν
2705 5006 2958 5078 τμηθεὶς.
2996 5008 3045 5058 εί
3094 5004 3169 5074 μὴ
3201 5000 3603 5071 φιλανθρωπίις
3643 4994 3699 5041 ἐκ

2152 5105 2353 5175 πολλῆς
2391 5103 2734 5174 περιδρομῆς
2769 5101 2927 5171 ἔτυχε
2961 5095 3268 5168 βασιλικῆς.

2143 5202 2327 5273 capite
2384 5201 2551 5259 etiam
2594 5214 2763 5273 prope
2802 5197 3019 5269 plexus,
3052 5194 3155 5249 nisi
3198 5188 3386 5247 multis
3418 5188 3696 5256 deprecan-

2228 5406 2247 5441 ι
2292 5384 2746 5450 Ἀναλογίσασθαι
2772 5379 2953 5433 τοίνυν
2992 5378 3055 5430 ἐκ
3095 5375 3288 5430 τούτου
3338 5374 3428 5425 τὸν
3458 5371 3696 5440 ὑμέτερον

2150 5481 2311 5550 ζῆλον
2352 5478 2642 5550 προσήκει,
2680 5475 2739 5530 ὃν
2792 5472 3132 5543 διεγερθῆναι
3179 5468 3316 5539 πρὸς
3345 5464 3573 5521 ἐκδικίαν
3600 5457 3695 5511 τῶν

2151 5574 2460 5644 γενομένων
2489 5566 2825 5640 παρακαλῶ,
2864 5560 2953 5617 οἷα
2979 5565 3071 5616 καὶ
3100 5561 3266 5632 ἡλίκα
3300 5562 3367 5614 τὰ
3407 5554 3693 5624 πλημμελη-

2150 5668 2310 5722 θέντα
2339 5664 2481 5718 κατὰ
2515 5662 2613 5731 τῆς
2667 5657 2907 5731 Χριστοῦ
2954 5654 3302 5720 Ἐκκλησίις,
3353 5648 3583 5704 τοιούτου
3608 5661 3693 5694 τυ-

2153 5762 2349 5831 ράννου
2387 5758 2481 5812 τοῦ
2516 5755 2920 5827 προειρημένου
2952 5748 3074 5805 καθ’
3106 5748 3267 5820 ήμῶν
3296 5746 3687 5800 ἐπαναστάντος.

2150 5856 2307 5923 Ἅμα
2336 5854 2445 5923 γὰρ
2480 5855 2508 5906 ὁ
2540 5853 2689 5921 παρὰ
2718 5850 2815 5917 τῆς
2849 5847 3118 5916 ὑμετέρας
3150 5838 3454 5902 θεοσεϐείας
3488 5835 3687 5888 καὶτῶν

2149 5947 2466 6018 ἁπανταχοῦ
2503 5946 2801 6018 ὀρθοδόξων
2830 5944 2926 5996 καὶ
2958 5942 3066 5993 τῶν
3113 5937 3427 5991 ἐπισκόπων
3455 5926 3685 6018 «etiam;

2150 6015 2552 6108 ἀπαγορ-ευοεὶς
2580 6039 2830 6103 Λούκιος,
2855 6038 2955 6101 τῆς
2984 6038 3119 6100 πρὸς
3145 6032 3306 6087 αὑτὸν
3333 6021 3565 6092 ἀπεχθῶς
3580 6015 3681 6070 δια·
