3912 6578
228 449 330 504 Nil

1167 434 1773 499 ECCLESIASTICIE
1811 431 2200 515 ntsronw
2238 431 2387 492 LlB.
2430 399 2562 495 x1.

3400 420 3507 482 6“?

230 563 528 628 ιΞιξΙ.έ’.-η;,
559 551 646 604 ἐπ’
681 550 927 620 εὐλόγοις
956 553 1074 614 ταῖς
1116 551 1460 618 προφάσεσιν
1489 548 1696 617 ἐπέστη
1732 549 1830 601 πό-

1945 548 2112 602 venit.
2146 546 2264 602 Non
2298 547 2444 600 enim
2477 547 2676 610 solum,
2707 552 2764 596 ut
2799 539 3019 595 infamis
3045 536 3135 593 ille
3175 533 3230 588 in
3273 531 3509 587 Psalmis

228 667 369 713 ιεως
393 665 410 679 ⁶
470 650 529 703 οὐ
561 649 670 719 γὰρ
693 646 768 716 (l)
804 647 987 717 μόνον,
1017 645 1090 708 ὡς
1123 646 1150 696 6
1182 643 1472 714 δύσφημος
1507 645 1566 697 ἐν
1583 642 1835 714 Ψαλμοῖς

230 743 643 813 Ξιὶ-ρρωνλέγει,
704 741 818 794 Οὐκ
852 739 969 792 ἐστι
1002 739 1135 802 Θεὸς
1182 738 1439 807 ἀληθινὸς
1489 739 1517 792 6
1557 737 1796 808 Χριστὸς
1820 775 1835 800 ,

232 834 382 885 ἀλλὰ
420 833 516 886 καὶ
539 835 650 894 τοῖς
685 830 1088 901 ἐπιτηδεύμασι
1112 829 1375 900 διεφθάρη
1393 847 1406 860 ο
1429 827 1523 882 καὶ
1543 828 1837 897 διέφθειρε,

234 923 457 993 χαίρων
480 925 570 976 ἐπὶ
595 925 715 986 ταῖς
733 922 1108 992 βλασφημίαις
1134 924 1253 985 ταῖς
1292 920 1434 974 κατά
1467 920 1561 974 τοῦ
1585 919 1838 990 Σωτῆρος

233 1015 640 1084 πεμπομέναις
684 1015 838 1086 παρά
855 1015 964 1068 τῶν
984 1018 1051 1086 τῇ
1078 1016 1255 1068 κτίσει
1279 1014 1653 1084 λατρευόντων
1685 1014 1837 1085 παρά

228 1110 324 1159 τὸν
356 1111 632 1162 κτίσαντα
653 1127 668 1140 ·
701 1106 818 1172 πῶς
850 1109 958 1180 γὰρ
989 1107 1129 1176 οὐχὶ,
1175 1107 1310 1160 ὅπου
1362 1123 1426 1175 γε
1454 1105 1838 1176 παραπλήσιον

235 1201 516 1270 Ἕλλησιν
546 1201 688 1270 έχων
720 1203 782 1253 τὸ
812 1202 1091 1270 φρόνημα,
1119 1200 1420 1268 προσφάτῳ
1453 1198 1629 1270 τολμᾷ
1669 1199 1696 1251 6
1719 1197 1837 1251 ἁλι-

232 1294 442 1363 τήριος
491 1293 680 1347 σέϐειν
721 1293 874 1363 Θεῷς
918 1292 1036 1346 Ἐπ’
1066 1292 1224 1362 ὄψεσι
1261 1295 1370 1362 γὰρ
1412 1290 1579 1346 αὐτοῦ
1611 1290 1840 1353 τούτους

233 1389 369 1449 τοὺς
426 1387 686 1448 ἐπαίνους
724 1385 1006 1455 ἔπεμπον·
1055 1386 1250 1448 Καλῶς
1299 1381 1486 1455 ἦλθες,
1537 1386 1836 1450 ἐπίσκοπε,

232 1479 370 1534 Υἰὲιν
403 1481 482 1550 μὴ
521 1481 716 1548 λέγων.
765 1483 823 1534 '0
857 1480 1104 1543 Σαοᾶπις
1132 1495 1190 1533 σε
1222 1480 1392 1549 φιλῶν
1425 1481 1732 1547 εἰσήνεγκε,
1781 1479 1840 1532 τὸ

235 1575 484 1643 πάτριον
532 1575 749 1627 εἴδωλον
805 1572 1018 1626 ἑαυτῶν
1063 1571 1445 1643 ὀνομάζοντες.
1479 1571 1688 1623 Αὐτίκα
1727 1569 1840 1642 ,γὰρ

237 1667 428 1734 ῥοπῆς
441 1667 700 1734 οὐδεμιᾶς
719 1664 1119 1736 παρελθούσης,
1137 1667 1164 1718 6
1184 1665 1578 1734 προειρημένος
1592 1663 1838 1746 Μάγνος,

236 1762 264 1810 6
290 1759 397 1828 τῆς
425 1757 687 1821 ἀσεϐείας
722 1757 874 1826 αὐτῷ
902 1757 1158 1819 κοιπωνδς
1190 1756 1524 1826 ἀδιαίρετος,
1565 1757 1658 1808 καὶ
1687 1756 1842 1827 δορυ-

237 1853 412 1918 φόρος
443 1851 645 1915 πικρὸς
685 1852 774 1903 καὶ
816 1850 1107 1919 σατράπης
1136 1847 1444 1918 ὠμότατος,
1479 1847 1842 1917 συναθροίσας

241 1942 344 1994 καὶ
361 1941 435 1992 τά
454 1942 563 1994 ὐπὸ
585 1943 685 2010 τὴν
717 1941 911 1995 ἑαυτοῦ
941 1939 1198 2010 φροντίδα
1215 1938 1620 2009 ὲπανακείμενα
1637 1938 1841 2006 πλήθη,

239 2030 666 2098 πρεσϐυτέρους
712 2032 808 2084 καὶ
860 2031 1139 2092 διακόνους
1183 2028 1274 2084 τὸν
1295 2029 1530 2100 ἀριθμὸν
1560 2029 1844 2083 ἐννεακαί-

236 2117 376 2170 δεκα
423 2118 833 2188 συλλαϐόμενος
863 2159 876 2176 .
909 2110 983 2171 ὢν
1013 2135 1160 2182 τινες
1189 2118 1248 2171 τὸ
1285 2118 1640 2189 ὀγδοηκοστὸν
1675 2119 1846 2190 ὑπερ-

241 2207 558 2278 ϐεϐήκασιν
615 2209 758 2275 ἔτος,
810 2209 885 2269 ὡς
932 2209 1163 2274 ἁλόντας
1197 2210 1290 2264 ἐπὶ
1329 2210 1564 2282 μυσαρῷ
1599 2228 1702 2265 τινι
1750 2213 1846 2266 καὶ

243 2299 397 2365 νόμῳ
472 2298 766 2365 Ῥωμαίων
821 2299 1020 2370 ἐχθρῷ.
1075 2300 1334 2372 δημόσιον
1397 2302 1588 2370 ὁρίσας
1646 2305 1844 2374 κριτῇ-

245 2407 363 2458 ριον
395 2392 821 2463 κατηνάγκαζεν
849 2393 972 2460 (οὐκ
999 2393 1154 2456 είδὼς
1181 2394 1308 2456 τούς
1330 2394 1472 2466 ὑπὲρ
1501 2396 1601 2464 τῆς
1641 2397 1844 2466 ἀρετῆς

242 2479 605 2547 Χριστιανῶν
636 2481 858 2551 νόμους)
884 2482 983 2551 τὴν
1011 2483 1268 2553 πατρῴαν
1298 2485 1448 2555 παρά
1472 2483 1578 2537 τῶν
1608 2487 1843 2539 ἀποστό-

251 2571 362 2622 λων
402 2571 498 2624 διά
528 2573 636 2625 τῶν
675 2573 933 2643 Πατέρων
964 2573 1330 2629 ἀποδοθεῖσαν
1362 2578 1494 2648 ἡμῖν
1528 2579 1842 2646 προδιδόναι

244 2659 437 2714 πίστιν
460 2676 478 2694 ο
518 2663 782 2732 ἡδόμενον
813 2664 906 2716 ἐπὶ
937 2664 1112 2734 τούτῳ
1148 2668 1353 2719 καὶτὸν
1385 2668 1843 2739 φιλανθρωπότα-

245 2768 340 2803 τον
366 2750 688 2822 Δύγουστον
710 2755 988 2810 Οὐάλεντα
1025 2758 1525 2827 διισχυριζόμενος·
1551 2762 1843 2832 Πείσθητε,

243 2843 508 2910 τάλανες,
541 2846 719 2915 λέγων
753 2848 969 2919 μεγάλῃ
998 2851 1062 2919 τῇ
1096 2852 1273 2918 φωνῇ,
1299 2849 1378 2918 τῷ
1412 2851 1519 2904 τῶν
1547 2851 1844 2922 Ἀρειανῶν

246 2944 595 3009 φρονήματι,
633 2941 928 3010 πείσθητε·
972 2944 1426 3014 συγγνωμονὴσει
1461 2945 1570 3014 γὰρ
1626 2948 1752 3016 ὑμῖν
1785 2949 1844 3000 τὸ

241 3029 433 3094 Θεῖον,
467 3031 573 3084 κᾶν
601 3033 774 3104 ἀληθῆ
800 3033 994 3104 σέϐητε
1024 3033 1346 3103 θρησκείαν,
1380 3037 1477 3088 οὐκ
1505 3037 1846 3110 αὐθαιρέτως

245 3122 386 3175 ἀλλὰ
448 3124 588 3193 πρὸς
642 3125 891 3195 ἀνάγκην
935 3124 1092 3178 τοῦτο
1145 3124 1403 3196 πράξασι.
1459 3129 1536 3199 Τῇ
1597 3131 1695 3201 μὲν
1737 3132 1842 3203 γὰρ

1940 637 2231 710 insipiens,
2263 639 2398 694 dicit
2427 658 2440 694 :
2470 639 2588 694 Non
2621 646 2705 692 est
2738 635 2882 690 Deus
2913 647 3079 688 verus
3107 628 3384 689 Christus,
3413 624 3508 679 sed

1939 732 2105 785 etiam
2148 731 2348 787 studiis
2392 733 2509 786 suis
2548 739 2604 786 et
2640 730 2756 801 ipse
2801 735 3096 795 corruptus
3137 731 3243 788 est,
3273 727 3332 776 et
3377 716 3516 772 alios

1941 822 2226 891 corrupit;
2280 820 2636 892 blasphemiis
2670 836 2791 889 qua:
2843 813 2899 871 in
2947 816 3297 871 Servatorent
3330 807 3399 862 ab
3431 804 3514 861 eis

1941 913 2324 978 effunduntur,
2387 914 2480 984 qui
2544 925 2855 968 creaturam
2924 906 3205 980 przeterito
3254 902 3515 968 Creatore

1941 1006 2153 1069 colunt,
2185 1004 2454 1074 gaudens.
2489 1004 2691 1071 Quidni
2742 1012 2925 1057 autent
2975 999 3081 1053 hoc
3121 997 3349 1056 faceret,
3389 1008 3516 1046 eum

1943 1095 2292 1150 cousitnifetn
2328 1111 2451 1148 cum
2484 1093 2690 1150 Graecis
2726 1093 2984 1148 obtinens
3025 1095 3275 1147 sensum.
3307 1083 3517 1139 cultum

1941 1183 2144 1253 audeat
2197 1185 2462 1239 exhibere
2515 1199 2710 1239 recens
2756 1181 3106 1253 promulgata
3153 1179 3298 1242 Deo,
3353 1176 3520 1230 homo

1942 1241 2480 1345 pestilentissitnus?
2513 1277 2648 1330 Nam
2682 1277 2734 1330 in
2767 1277 2943 1346 ipsius
2970 1279 3269 1342 conspectu
3303 1269 3520 1339 eiusce-

1943 1367 2090 1422 modi
2138 1367 2444 1424 decantata
2473 1377 2601 1423 sunt
2630 1367 2821 1422 laudes
2855 1383 2869 1421 :
2903 1364 3064 1436 159
3093 1363 3391 1432 Auspicato
3419 1358 3520 1412 ad-

1943 1458 2169 1524 venisti,
2204 1462 2484 1530 episc0pc,
2515 1461 2607 1530 qui
2633 1459 2827 1513 Filium
2849 1473 2957 1512 non
2987 1457 3160 1512 dicas.
3190 1453 3414 1522 Serapis
3443 1461 3519 1514 te,

1943 1551 2033 1604 cui
2083 1550 2285 1604 charus
2338 1567 2420 1616 es,
2458 1551 2742 1606 adduxit:
2780 1551 2961 1621 patrio
3006 1552 3085 1603 sic
3132 1562 3324 1600 eorum
3374 1544 3522 1598 idolo

1945 1643 2254 1698 nominato.
2287 1642 2588 1699 Confestim
2625 1652 2909 1698 momento
2943 1641 3093 1696 nullo
3126 1638 3519 1710 praetermisso,

1943 1734 1992 1789 is
2018 1749 2182 1804 quem
2216 1734 2461 1791 diximus
2493 1735 2743 1806 Magnus,
2776 1733 3266 1806 conjunctissintus
3303 1731 3381 1786 illi
3415 1731 3520 1784 im-

1943 1825 2168 1894 pietatis
2224 1828 2446 1894 socius,
2497 1840 2552 1883 et
2599 1827 2821 1883 satelles
2869 1827 3297 1890 acerbissimos,
3351 1833 3526 1879 satra-

1947 1933 2156 1989 pesque
2190 1919 2634 1986 crudelissimus,
2667 1921 2920 1977 collectis
2953 1935 3073 1991 quae
3109 1921 3211 1974 sub
3244 1919 3364 1990 ejus
3392 1929 3523 1972 cura

1947 2019 2078 2065 sunt
2126 2010 2476 2077 cohortibus,
2516 2011 2871 2084 presbyteros
2919 2021 2974 2067 et
3021 2010 3286 2066 diaconos
3330 2009 3521 2062 decem

1947 2109 2001 2155 et
2047 2115 2246 2156 novem
2299 2103 2745 2173 comprehendit,
2785 2119 3018 2172 quorum
3071 2101 3320 2156 nonnulli
3345 2109 3526 2155 “octo-

1947 2191 2219 2263 gesimum
2260 2208 2551 2256 excessere
2591 2210 2824 2248 annum.
2875 2195 3055 2264 Atque
3093 2207 3188 2248 eos
3223 2205 3333 2245 non
3365 2190 3527 2244 aliter

1947 2293 2111 2351 atque
2144 2283 2195 2336 in
2226 2283 2598 2339 abominando
2639 2285 2896 2354 quottiam
2929 2295 2985 2340 et
3014 2282 3229 2353 legibus
3260 2278 3528 2336 Romanis

1950 2376 2188 2430 adverso
2231 2375 2444 2431 scelere
2488 2385 2706 2446 captos,
2750 2376 2972 2447 publico
3013 2376 3266 2430 instituto
3291 2372 3526 2445 judicio,

1946 2480 2146 2536 cogere
2173 2467 2636 2538 (Christianorum
2683 2469 2910 2523 virtutis
2943 2469 3093 2540 leges
3128 2467 3432 2539 ignorans),
3471 2474 3531 2519 ut

1946 2559 2180 2630 patriam
2231 2560 2302 2615 ab
2343 2561 2611 2631 apostolis
2654 2577 2752 2631 per
2797 2563 3021 2628 Patrum
3067 2561 3395 2616 traditiones
3440 2575 3531 2612 ac-

1947 2659 2164 2722 ceptam
2218 2653 2382 2708 ﬁdem
2434 2657 2754 2723 proderent.
2797 2665 3032 2710 conatus
3069 2661 3178 2709 est.
3235 2654 3420 2723 anue
3470 2668 3529 2706 re

1947 2746 2280 2802 delectatum
2317 2745 2385 2801 iri
2417 2747 2879 2802 humanissimum
2909 2748 3193 2804 Valentem
3221 2748 3526 2817 Augustum

1947 2837 2299 2892 confirmavit
2349 2857 2363 2894 :
2410 2837 2752 2909 Sequimini,
2799 2857 2832 2894 θ
2883 2840 3106 2904 miseri,
3157 2855 3347 2910 magna
3397 2853 3530 2893 voce

1947 2932 2163 2994 dicens,
2202 2933 2536 2988 Arianorum
2590 2933 2965 2991 sententiam:
3016 2933 3337 3004 sequimini,
3373 2942 3428 2986 et
3473 2931 3530 2987 id

1948 3024 2272 3094 persuaderi
2321 3025 2480 3080 vobis
2535 3025 2815 3096 patimini.
2867 3025 3119 3096 Ignoscet
3172 3025 3320 3079 enim
3369 3025 3531 3079 vobis

1947 3118 2114 3183 Deus,
2151 3117 2370 3172 etiamsi
2423 3132 2606 3172 veram
2661 3117 2845 3173 colitis
2897 3117 3244 3187 religionem,
3281 3117 3375 3186 qui
3414 3132 3529 3170 non

245 3214 473 3286 ἀνάγκῃ
527 3215 793 3283 ἀπολογία
845 3215 1262 3286 περιλείπεται·
1294 3218 1372 3288 τῷ
1426 3217 1484 3272 δὲ
1532 3220 1841 3293 αὐθαιρέτῳ

1946 3209 2182 3263 arbitrio
2211 3209 2266 3263 id
2301 3218 2507 3273 vestro,
2537 3209 2634 3264 sed
2667 3206 2998 3265 ncce‘ssitate
3029 3209 3254 3264 adducti
3290 3207 3527 3264 faciatis.

245 3307 548 3359 ἀκολσυθεῖ
595 3308 900 3378 κατηγορία
924 3323 938 3338 °
982 3308 1060 3361 διδ
1091 3307 1364 3372 τοιούτους
1398 3310 1694 3382 λογισμοὺς
1733 3314 1840 3386 πρὸ

242 3398 550 3468 ὀφθαλμῶν
609 3400 907 3469 τιθέμενοι,
967 3401 1136 3471 ἥκετε
1190 3400 1465 3472 πρόθυμοι
1530 3405 1840 3476 μελλησμδν

244 3493 589 3562 ἀποθέμενοι
607 3493 808 3554 πάκτι,
830 3494 1137 3565 τῷἈρείου
1160 3496 1569 3566 ὑπογράφοντες
1585 3499 1835 3570 δόγματι,

245 3579 274 3632 δ
310 3582 415 3634 νῦν
445 3581 706 3652 κηρύττει
737 3581 998 3652 ὀνομαστὶ
1028 3583 1256 3636 Λούκιος
1289 3585 1466 3653 λέγων
1494 3603 1508 3616 ’
1544 3585 1602 3642 εὖ
1637 3589 1839 3654 ειδότες

245 3673 320 3735 ὡς
370 3674 852 3745 πειθαρχοῦντες,
886 3676 1148 3746 χρήματα
1180 3678 1274 3729 καὶ
1304 3676 1504 3748 πόρους
1539 3680 1634 3732 καὶ
1671 3680 1841 3750 γέρας

246 3765 409 3836 παρὰ
441 3766 706 3835 βασιλέως
727 3767 900 3832 ἒξετεο
925 3767 1351 3837 ἀπαναινόμενοι
1380 3768 1458 3833 δὲ,
1485 3769 1718 3842 εἱρκτῆς
1747 3773 1841 3825 καὶ

248 3859 576 3930 στρεϐῑῶν,
616 3863 708 3913 καὶ
743 3861 1014 3931 βασάπιων,
1066 3868 1160 3916 καὶ
1209 3863 1514 3932 μαστίγων,
1545 3867 1640 3918 καὶ
1671 3864 1843 3935 δαμα-

248 3953 502 4023 στηρίων
532 3956 730 4023 πεῖραν
758 3953 998 4024 λήψεσθε
1022 3969 1036 3985 ·
1072 3957 1378 4023 χρημάτων
1418 3955 1556 4024 ὁμοῦ
1579 3956 1673 4009 καὶ
1705 3975 1842 4028 κτη-

250 4047 446 4114 μάτων
469 4045 843 4116 στερηθέντες,
863 4048 958 4099 καὶ
979 4047 1079 4115 τῆς
1099 4047 1357 4117 πατρίδος
1382 4049 1840 4116 μεταναστάντες,

248 4140 325 4199 ei;
353 4135 636 4208 χαλεποὺς
675 4136 894 4204 οἰκῆσαι
933 4135 1132 4200 τόπους
1158 4136 1661 4208 κατακριθήσεσθε.
1699 4138 1844 4193 Ἀλλ’

249 4223 406 4294 οὗτος
444 4231 546 4300 μὲν
576 4232 601 4281 6
634 4231 902 4296 γενναῖος,
936 4228 1127 4302 ἀγάπῃ
1169 4229 1266 4300 τὴν
1299 4230 1533 4300 ἀπειλὴν
1561 4233 1806 4302 κεράσας
1826 4275 1840 4296 ,

253 4323 678 4388 μεταναστῆσαι
722 4313 819 4389 fit;
851 4319 1110 4382 εὐσεϐοῦς
1151 4320 1280 4384 τοὺς
1319 4322 1526 4386 πάντας
1557 4323 1649 4376 καί
1678 4325 1846 4392 πρού-

249 4415 488 4480 τρέπετο
511 4413 606 4466 καὶ
635 4412 1027 4480 κατηνάγκαζε
1066 4411 1294 4482 γνώμης
1315 4430 1330 4443 ⁸
1363 4412 1412 4465 οἱ
1434 4413 1488 4466 δὲ
1521 4415 1845 4483 πικρότερον
1876 4405 1887 4417 ’

251 4507 497 4577 βασάνου
529 4505 708 4569 πάσης
748 4505 846 4572 τὴν
876 4506 953 4567 εἰς
989 4504 1276 4558 εὐσέϐειαν
1301 4506 1598 4573 προδοσίαν
1629 4508 1842 4576 ἡγησά-

255 4613 410 4664 μενοι
449 4595 587 4666 (ἔχει
625 4596 734 4664 γάρ
762 4594 952 4662 οὕτω),
991 4595 1222 4648 τοιοῖσδε
1247 4597 1386 4666 πρὸς
1407 4595 1572 4648 αὐτὸν
1599 4599 1842 4664 ἀναγκα-
1876 4585 1918 4636 ο

250 4686 482 4755 ζιίμενοι
506 4687 834 4758 ἀπήντησαν
857 4689 1120 4758 ῥήμασιν,
1151 4687 1320 4757 ἀρετῇ
1344 4688 1440 4740 καὶ
1461 4689 1694 4758 γενναίῳ
1716 4705 1846 4761 φρο-

251 4779 460 4845 νήματι
489 4777 625 4845 ὁμοῦ
655 4778 754 4848 τὴν
783 4778 1000 4846 ἀπάτην
1039 4781 1131 4830 καὶ
1156 4779 1256 4842 τάς
1287 4778 1516 4842 ἀπειλὰς
1543 4781 1844 4844 ὑποτάξαν-

250 4883 378 4928 τες.
415 4866 675 4920 Πέπαυσο
727 4865 938 4928 λοιπὸν,
993 4866 1244 4918 πέπαυσο
1291 4867 1499 4928 τούτοις
1547 4868 1691 4938 ἡμᾶς
1756 4871 1846 4922 ἐκ·

255 4956 440 5023 φοϐῶν
471 4959 584 5017 τοῖς
607 4956 874 5026 ῥήμασιν·
907 4954 1070 5024 ἔπεχε
1100 4956 1283 5007 εἰκαῖα
1313 4957 1612 5024 προφέρειν
1641 4959 1846 5025 ἐπιχει-

259 5053 506 5120 ρήματα.
552 5048 742 5120 Ἡμεῖς
785 5049 894 5120 γάρ
936 5047 1062 5100 οὔτε
1109 5047 1310 5115 νέηλυν
1361 5047 1484 5100 οὐτε
1527 5049 1846 5119 πρόσφατον

258 5145 511 5206 σέϐοντες
546 5143 700 5208 Θεὸν,
746 5141 850 5196 κᾶν
901 5141 1210 5212 ὲπαφρίζῃς
1272 5141 1556 5211 κυμαίνων
1595 5142 1720 5210 είκῆ
1750 5142 1847 5196 καὶ

257 5238 618 5308 προσρήσσῃς
665 5235 742 5299 ὡς
767 5234 944 5304 βίαιος
976 5234 1197 5303 ἄνεμος,
1239 5234 1335 5301 τῆς
1378 5233 1661 5296 εὐσεϐείας
1717 5235 1844 5303 ἄχρι

259 5331 494 5384 θανάτου
538 5327 1011 5399 ὲμπολιτευόμεθα
1042 5328 1307 5396 δόγμασιν
1338 5343 1351 5356 ·
1388 5325 1488 5378 οὐκ
1523 5325 1800 5395 ἀδύναμον
1822 5368 1838 5393 ,

261 5426 358 5476 οὐκ
390 5426 615 5491 ἄσοφον,
642 5423 704 5475 οὐ
736 5422 906 5492 χωρὶς
927 5420 1188 5491 ἀληθείας
1220 5418 1440 5472 πώποτε
1467 5420 1840 5487 φρονήσαντες

255 5520 387 5572 θεὸν
413 5535 424 5550 ·
471 5518 532 5570 οὐ
585 5516 714 5569 ποτὲ
749 5517 849 5586 μὲν
899 5514 1029 5569 ὅντα
1061 5515 1301 5585 Πατέρα,
1332 5514 1459 5567 ποτὲ
1489 5514 1544 5567 δὲ
1583 5513 1656 5584 μὴ
1687 5514 1837 5580 ὄντα,

263 5608 401 5660 κατὰ
423 5607 514 5660 τὸν
542 5605 780 5675 δυσσεϐῆ
801 5603 992 5658 τοῦτον
1013 5603 1200 5675 Ἀρεια
1215 5605 1309 5667 ιδ),
1340 5603 1591 5674 χρονικὸν
1616 5603 1648 5673 ἢ
1671 5605 1840 5671 πρόσ-

263 5716 451 5769 καιρον
511 5696 830 5761 δοξάζοντες
881 5696 972 5748 τὸν
1008 5695 1155 5749 Υίόν.
1189 5697 1250 5748 Εἰ
1281 5696 1387 5765 γὰρ
1437 5694 1645 5766 κτίσμα
1695 5697 1840 5749 κατά

264 5795 384 5852 τοὺς
442 5788 892 5861 Λρειομανίταςὸ
929 5788 1080 5856 Υίὸς,
1117 5789 1215 5858 οὐχ
1247 5789 1510 5859 ὑπάρχων
1538 5788 1714 5858 Πατρὶ
1759 5789 1839 5853 είς

263 5886 318 5936 τι
369 5879 501 5938 εἶναι
545 5883 912 5947 συστήσεται,
946 5882 1038 5936 καὶ
1074 5881 1104 5936 6
1158 5881 1346 5952 Πατὴρ
1380 5873 1479 5953 οὐχ
1525 5881 1838 5952 ὑφεστῶτος

1942 3302 2270 3358 Necessitati
2322 3318 2562 3372 namque
2594 3318 2692 3358 sua
2731 3301 2942 3372 reliqua
2979 3310 3065 3358 est
3097 3302 3350 3358 defensio
3381 3319 3395 3357 :
3432 3316 3530 3356 vos

1942 3395 2154 3450 luntate
2195 3404 2381 3450 autem
2423 3411 2520 3451 sua
2564 3394 2821 3449 consulto
2870 3395 3174 3466 quidquam
3226 3394 3521 3450 facientem

1943 3489 2157 3542 crimen
2196 3496 2256 3544 et
2301 3489 2582 3544 accusatio
2621 3491 3004 3559 consequitur.
3051 3489 3398 3558 Quapropter
3435 3503 3523 3542 ra-

1943 3579 2121 3637 tione:
2135 3580 2403 3653 ejusmodi
2422 3581 2493 3635 ob
2510 3581 2698 3636 oculos
2716 3580 2871 3635 vobis
2890 3589 3178 3651 ponentes,
3201 3581 3346 3634 nulla
3368 3594 3522 3634 mora

1944 3672 2291 3743 interposita,
2321 3673 2618 3744 propensis
2647 3674 2848 3730 animis
2878 3673 2946 3728 ad
2979 3681 3165 3744 partes
3200 3672 3364 3728 hasce
3394 3687 3526 3727 con-

1943 3771 2142 3836 cedite,
2175 3777 2230 3825 et
2264 3770 2470 3826 Ariaao
2503 3770 2746 3842 dogmati
2783 3770 3140 3836 subscribite,
3184 3771 3332 3840 quod
3376 3784 3527 3824 nunc

1945 3858 2278 3916 nominatim
2313 3861 2522 3917 Lucius
2556 3861 2819 3931 prmdicat
2851 3879 2866 3916 :
2901 3861 3036 3916 illud
3071 3876 3390 3931 persuasum
3424 3859 3527 3914 ha-

1945 3952 2163 4018 bentes,
2193 3955 2239 4009 si
2275 3954 2426 4009 dicto
2461 3956 2731 4026 principis
2767 3955 3060 4010 audientes
3086 3953 3323 4016 fueritis.
3361 3968 3527 4022 pecu-

1945 4045 2088 4104 nias.
2122 4060 2256 4115 Opes
2285 4055 2341 4100 et
2375 4046 2615 4100 honores
2650 4048 2964 4116 accipietis;
3003 4048 3087 4100 sin
3143 4059 3334 4101 Contra
3377 4050 3523 4100 nite-

1946 4136 2122 4201 mini,
2170 4150 2482 4201 carcerem,
2539 4135 2820 4199 ﬁdiculas,
2868 4145 3178 4203 tormenta,
3226 4135 3426 4205 flagra,
3469 4146 3526 4191 et

1944 4227 2294 4282 coercionem
2331 4227 2732 4298 experiemini;
2779 4235 2836 4282 et
2880 4242 3007 4283 cum
3055 4228 3310 4298 pecuniis
3357 4228 3524 4282 simul

1944 4329 1998 4371 et
2052 4319 2500 4387 possessionibus
2548 4319 2791 4382 multati,
2837 4329 2950 4374 tum
2999 4320 3177 4390 patria
3226 4319 3412 4391 ejecti,
3454 4321 3522 4376 ad

1948 4409 2064 4464 loca
2116 4411 2254 4465 dura
2309 4419 2366 4465 et
2415 4411 2603 4480 gravia
2657 4410 2949 4466 incolenda
2998 4413 3525 4470 condemnabimini.

1948 4503 2028 4557 Ita
2073 4504 2296 4572 quidem
2335 4519 2636 4574 generosus
2670 4505 2741 4574 (si
2791 4506 2906 4561 Deo
2940 4505 3139 4576 placet)
3189 4505 3306 4571 vir,
3347 4506 3528 4561 minas

1949 4596 2219 4651 charitalc
2261 4604 2595 4666 temperans,
2627 4597 3015 4653 cohortatione
3053 4598 3219 4652 simul
3253 4607 3309 4654 et
3338 4612 3529 4654 neces-

1949 4690 2128 4754 sitate,
2171 4705 2202 4744 a
2259 4690 2345 4760 pia
2399 4691 2674 4745 sententia
2722 4706 2916 4745 omnes
2965 4691 3239 4748 abducere
3285 4693 3525 4758 volebat.

1948 4785 2017 4838 At
2067 4784 2141 4837 illi
2188 4784 2524 4839 cruciatibus
2575 4785 2836 4839 omnibus
2883 4786 3116 4855 pietatis.
3150 4785 3522 4856 proditionem

1949 4877 2296 4931 acerbiorem
2345 4893 2468 4931 esse
2521 4886 2797 4946 putantes.
2840 4886 2898 4932 et
2950 4887 3099 4932 recte
3152 4879 3374 4947 quidem
3422 4878 3526 4945 (sic

1949 4965 2098 5018 enim
2129 4981 2218 5019 res
2245 4966 2458 5030 habet),
2487 4965 2866 5035 Itujuscmnodi
2895 4967 2950 5021 ei
2973 4967 3153 5021 venhis
3183 4967 3519 5031 necessario,

1950 5057 2156 5110 virtute
2186 5064 2241 5108 et
2275 5055 2462 5109 animo
2494 5056 2775 5125 praesenti,
2811 5054 3041 5110 insidias
3069 5055 3238 5110 simul
3260 5065 3316 5110 et
3345 5055 3522 5109 tninas

1946 5147 2068 5216 ejus
2119 5146 2470 5212 retellentes,
2523 5145 2746 5200 obviam
2801 5146 2969 5201 iere:
3010 5146 3210 5202 Desine
3261 5147 3517 5212 tandem,

1947 5239 2136 5292 desine
2169 5238 2368 5293 talibus
2399 5253 2501 5293 nos
2533 5245 2744 5293 terrere
2774 5237 2997 5292 verbis:
3044 5238 3348 5293 intermitte
3379 5255 3520 5296 vana

1943 5332 2142 5388 all'erre
2163 5332 2567 5401 epiclteremata
2591 5341 2648 5388 et
2671 5330 3079 5401 aggressiones.
3107 5331 3216 5386 Nos
3243 5331 3518 5402 siquidem

1945 5441 2124 5494 neque
2177 5437 2450 5492 nuperum
2500 5436 2682 5490 neque
2727 5421 2998 5478 novitium
3035 5424 3283 5479 colentes
3320 5425 3518 5492 Deum,

1944 5517 2199 5586 quamvis
2235 5513 2498 5568 ﬂuctibus
2532 5513 2736 5570 frustra
2773 5523 3089 5572 tumescens
3121 5516 3438 5587 despumes,
3465 5526 3522 5573 et

1946 5619 2205 5676 tanquam
2244 5606 2523 5671 violentus
2563 5616 2766 5662 ventus
2797 5607 3110 5672 incumbas,
3148 5609 3309 5681 160
3338 5619 3517 5662 tamen

1942 5701 2009 5754 ad
2067 5709 2298 5752 mortem
2354 5712 2529 5767 usque
2583 5697 2641 5753 in
2689 5713 2833 5754 verte
2885 5699 3111 5768 pietatis
3165 5699 3520 5770 dogmatibus

1943 5790 2374 5862 perdurabimus
2411 5806 2426 5844 :
2463 5805 2575 5844 non
2623 5789 2951 5858 invalidum,
2993 5807 3102 5846 non
3142 5790 3516 5862 insipientem,

1946 5898 2054 5936 non
2086 5899 2113 5934 a
2146 5880 2378 5935 veritate
2410 5879 2722 5952 seiunctum
2752 5881 3044 5940 credentes
3079 5890 3243 5952 atque
3271 5881 3516 5936 colentes
