3796 6532
382 425 487 483 663

1589 431 2010 494 NICEPIIORI
2046 439 2389 499 CALLIS'N
2900 392 2907 399 .
3507 456 3594 518 ιιι

386 545 592 601 Seum;
643 554 823 609 neque
872 541 968 611 qui
1022 541 1321 612 aliquando
1368 546 1592 616 quidem
1642 546 1809 603 fuerit
1852 547 1940 605 Pa-

2060 553 2150 606 τοῦ
2207 551 2356 618 Υίοῦ,
2405 555 2503 607 οὑκ
2543 554 2618 608 ῶν
2651 571 2780 609 ποτε
2816 558 2937 613 κατ’
2988 557 3186 623 αὐτοὺς
3233 560 3427 632 Πατήρ.
3464 564 3517 620 Εἰ
3544 571 3591 623 δὲ

383 645 518 688 trem
555 630 656 703 (l),
690 632 989 703 aliquando
1038 648 1221 690 autem
1266 653 1373 691 non
1422 638 1793 708 fuerit,juxta
1844 641 1949 695 im-

378 725 529 794 pium
584 725 733 781 hunc
779 726 1069 792 Arianum,
1109 731 1463 799 temporalem
1502 740 1598 786 aut
1642 744 1950 787 momenta-

379 833 541 872 neum
574 822 865 888 epinantes
896 819 1116 875 Filium.
1142 821 1275 874 Nam
1308 821 1375 887 si,
1402 831 1461 877 ut
1488 822 1736 880 furentes
1760 824 1949 880 Ariani

379 910 592 972 volunt,
639 920 897 965 creatura
948 921 1031 966 est
1085 913 1281 977 Filius,
1328 930 1436 968 non
1483 916 1753 970 exsistens
1803 916 1949 972 Patri

376 1003 1214 1070 optandam,consubstantialis,
1240 1023 1307 1061 eo
1336 1008 1503 1063 etiam
1535 1019 1593 1063 ut
1626 1024 1732 1063 non
1758 1011 1948 1077 fuerit,

378 1095 722 1164 redigeretur
772 1096 954 1161 Pater,
990 1114 1098 1152 non
1144 1099 1481 1156 subsistente
1523 1102 1736 1158 scilicet
1786 1103 1948 1166 Filio,

376 1202 484 1239 non
536 1189 805 1243 assistens
848 1189 1165 1258 aliquando,
1203 1193 1506 1247 secundum
1554 1193 1726 1263 ipsos,
1762 1195 1947 1249 Pater.

375 1277 469 1329 Sin
502 1293 719 1348 semper
752 1272 914 1332 Pater
958 1290 1065 1345 est,
1096 1282 1433 1338 subsistente
1466 1283 1725 1339 videlicet
1753 1284 1947 1354 qni°ex

372 1385 439 1447 ut
472 1379 553 1421 est
589 1383 716 1422 vero
746 1369 953 1437 (Ftlto),
984 1382 1041 1425 et
1078 1374 1303 1439 quidem
1341 1388 1450 1427 non
1479 1373 1633 1443 juxta
1671 1372 1947 1427 deﬂexum

373 1462 637 1529 germinis
686 1462 1071 1531 (perpessioui
1120 1465 1266 1519 enim
1323 1465 1465 1520 Deus
1516 1467 1787 1522 obnoxius
1839 1483 1946 1521 non

368 1552 513 1624 est);
568 1556 850 1623 quomodo
902 1571 1008 1611 non
1058 1572 1251 1611 amens
1306 1566 1363 1612 et
1413 1557 1641 1612 insanus
1683 1567 1800 1622 est,
1852 1559 1945 1628 qui

370 1646 540 1701 fuisse
572 1647 873 1718 aliquando
905 1650 1184 1719 opinatur,
1217 1666 1341 1705 cum
1381 1667 1490 1706 non
1532 1652 1696 1706 fuerit
1732 1650 1902 1707 Filius
1929 1671 1942 1708 :

369 1754 467 1808 per
507 1747 677 1810 quem
725 1741 908 1796 omnia
963 1752 1021 1796 ut
1071 1750 1293 1807 essent,
1337 1743 1640 1799 secundum
1686 1746 1943 1816 gratiam,

2057 646 2146 699 dei
2196 646 2387 717 Πατήρ
2437 648 2605 714 ἔστιν,
2641 649 2951 717 ὑφεστῶτος
2978 648 3222 720 δηλονότι
3253 649 3345 704 τοῦ
3373 653 3429 719 ἐξ
3451 658 3592 713 αὑτοῦ

2055 736 2337 807 ἀληθινοῦ,
2379 738 2473 791 καὶ
2505 739 2564 793 οὑ
2603 740 2725 795 κατ’
2760 742 3062 814 ἀπόρροιαν
3091 741 3425 811 γεννήματος
3456 748 3595 817 (ἀπα.

2054 832 2155 901 θῆς
2183 834 2290 902 γὰρ
2324 833 2353 886 6
2384 833 2553 900 Θεός)
2579 851 2594 865 ⁸
2626 834 2743 898 πῶς
2772 836 2871 889 οὑκ
2902 837 3092 904 ἄφρων
3122 837 3219 889 καὶ
3252 839 3528 909 μανιώδης,
3552 848 3594 905 ὁ,

2054 922 2161 978 Ἦν
2201 926 2286 977 ὅτε
2319 926 2417 978 οὑκ
2465 922 2555 998 ἦν,
2589 928 2801 996 φρονῶν
2844 928 2936 981 τδν
2969 929 3114 995 Υίὸν,
3145 928 3212 982 δι’
3252 922 3314 982 οὗ
3346 913 3410 984 {in
3446 934 3595 988 πάντα

2054 1018 2135 1080 είς
2163 1017 2223 1069 τὸ
2252 1015 2392 1070 εἶναι
2422 1019 2563 1072 κατὰ
2592 1019 2754 1089 χάριν
2789 1022 3065 1092 cavsam;
3099 1022 3163 1074 0i
3208 1022 3338 1088 γοῦν
3369 1022 3597 1093 ἡμέτεροι

2052 1110 2195 1163 κατὰ
2229 1111 2407 1163 πᾶσαν
2429 1111 2526 1182 τὴν
2555 1113 2883 1182 οἰκουμένην
2910 1113 3177 1183 Πατέρες,
3200 1106 3275 1166 ὧν
3300 1116 3596 1180 ἐκπεσόντες

2052 1192 2197 1256 οὗτοι
2227 1205 2451 1267 εἰκότως
2484 1206 2762 1278 ἀπάτορες
2810 1207 3128 1275 γεγόνασιν,
3166 1211 3224 1260 ἐν
3252 1206 3451 1277 Νικαίᾳ
3490 1226 3595 1260 συν-

2051 1296 2323 1363 ελθόντες,
2364 1298 2862 1369 ἁναθεματίσαντες
2891 1301 2991 1372 τὴν
3028 1302 3246 1371 Ἀρείου
3283 1301 3598 1365 κακοδοξίαν,

2049 1384 2117 1459 ἦς
2136 1389 2163 1440 6
2195 1389 2459 1458 νεώτερος
2476 1384 2629 1451 οὗτος
2652 1390 2745 1443 νῦν
2768 1392 3115 1459 προΐσταται,
3139 1391 3235 1461 οὐχ
3267 1393 3596 1457 έτεροοὺσιον,

2051 1480 2079 1532 ὃ
2109 1480 2203 1533 νῦν
2230 1482 2377 1549 ἡμᾶς
2408 1483 2585 1534 εἰπεῖν
2606 1483 3067 1549 καταναγκάζεις,
3096 1485 3187 1537 τὸν
3218 1485 3346 1538 Υίὸν
3372 1486 3600 1555 εἰρήκασι

2050 1566 2145 1620 τοῦ
2178 1567 2413 1639 Πατρδς,
2440 1570 2556 1623 ἀλλ’
2581 1571 2645 1623 ὲκ
2670 1573 2770 1640 τῆς
2798 1572 2965 1625 αὐτοῦ
2991 1572 3179 1635 οὐσίας
3200 1586 3215 1602 ο
3240 1573 3268 1625 δ
3297 1572 3476 1635 καλῶς
3502 1574 3602 1642 μετ’

2053 1657 2312 1723 εὑσεδοῦς
2358 1659 2599 1724 διανοίας
2626 1663 2943 1732 νοήσαντες,
2989 1665 3054 1717 ἐκ
3089 1662 3292 1734 πολλῆς
3325 1666 3437 1716 τῶν
3465 1662 3603 1717 θείων

2056 1750 2320 1819 ῥημάτων
2352 1752 2620 1822 συλλογῆς
2646 1755 2935 1824 όμοοὺσιον
2958 1755 3344 1827 ὡμολόγησαν.

368 1838 710 1893 roustitere?
748 1838 935 1894 Nostri
971 1840 1139 1911 igitur
1173 1858 1240 1896 ex
1271 1843 1404 1897 orbe
1440 1843 1703 1899 universo
1768 1845 1980 1910 Patres,
2021 1861 2052 1902 a
2117 1847 2321 1917 quibus
2352 1850 2675 1906 excidentes
2706 1851 2795 1907 isti
2831 1855 3027 1908 merito
3057 1854 3357 1925 ἀπάτορες,
3388 1853 3491 1907 hoc
3514 1863 3603 1914 est,

366 1931 489 1986 sine
536 1940 715 2001 patre,
758 1932 890 1987 lacti
938 1944 1091 1997 sunt,
1133 1934 1331 1991 Nicaraa
1377 1937 1578 2001 coacti,
1652 1952 1820 2007 prava
1868 1936 1983 1992 Arii
2025 1939 2308 2009 opinione,
2349 1958 2513 2012 quam
2571 1944 2760 2015 junior
2789 1946 2890 2000 iste
2920 1962 3068 2001 nunc
3099 1947 3369 2012 defendit,
3398 1946 3604 2001 anathe-

364 2020 513 2081 inate
552 2029 826 2099 jugulum,
867 2045 974 2084 non
1026 2031 1392 2101 ἑτεροούσιον,
1461 2033 1564 2088 hoc
1598 2044 1704 2097 est,
1784 2036 2013 2091 alterius
2052 2037 2401 2107 substantiae,
2444 2040 2591 2111 quod
2640 2059 2784 2098 nunc
2829 2058 2933 2099 nos
2975 2042 3161 2100 dicere
3204 2058 3404 2116 cogere
3441 2044 3605 2106 vultis,

370 2118 566 2176 Filium
602 2137 630 2175 a
673 2122 834 2177 Patre
874 2123 1155 2191 dixerunt,
1191 2141 1381 2179 Vrl‘uut
1449 2142 1519 2181 ex
1561 2128 1682 2199 ejus
1726 2128 2055 2186 substantia.
2120 2130 2277 2198 Quod
2346 2135 2426 2191 sic
2467 2147 2565 2204 per
2603 2135 2748 2205 piam
2781 2135 3113 2192 sententiam
3184 2138 3290 2191 rite
3324 2135 3609 2206 intelligen-

366 2227 483 2279 tes,
533 2234 598 2273 ex
645 2220 836 2275 multis
885 2221 1200 2275 divinorum
1254 2224 1548 2278 verborum
1599 2227 1939 2293 argumentis
1976 2227 2283 2295 ὁμοοὺσιον,
2317 2231 2809 2297 consubstantiale,
2845 2242 2975 2287 sunt
3008 2233 3262 2304 professi.

443 2316 625 2370 «Talia
653 2329 817 2386 atque
842 2318 927 2371 his
948 2319 1150 2372 similia
1179 2336 1302 2374 cum
1329 2320 1620 2387 dixissent,
1645 2323 1697 2376 in
1723 2337 1940 2378 carcere

2118 2327 2197 2379 Τὰ
2226 2326 2288 2393 δὴ
2319 2328 2545 2381 τοιαῦτα
2573 2329 2669 2381 καὶ
2717 2333 2782 2382 τὲ
2816 2331 3024 2394 τούτοις
3055 2331 3419 2402 παραπλήσια
3451 2330 3609 2396 λέγονο

364 2424 463 2463 eos
494 2410 694 2466 diebus
728 2411 914 2466 multis
949 2412 1169 2477 habuit,
1203 2415 1454 2468 futurum
1499 2424 1674 2479 ratus,
1707 2427 1765 2469 ut
1794 2432 1823 2470 a
1855 2418 1940 2485 pia

2046 2435 2147 2481 τας
2194 2419 2479 2490 καθείρΞεν
2508 2423 2734 2493 ἡμερῶν
2772 2423 3003 2489 πολλῶν,
3057 2424 3307 2493 οἰόμενος
3333 2424 3435 2491 τῆς
3478 2422 3607 2474 εὑσεσ

367 2502 677 2557 dimoveret
724 2505 1018 2559 sententia.
1075 2505 1154 2571 l_lli
1205 2518 1425 2572 autem,
1477 2506 1940 2576 quemadmodum

2049 2511 2177 2575 σοῦς
2208 2514 2595 2583 μετακινήσειν
2627 2513 2876 2584 γνώμης.
2909 2514 2976 2567 ΟΞ
3000 2514 3057 2568 δὲ
3084 2514 3313 2586 μᾶλλον,
3347 2511 3535 2580 ῶσπερ
3559 2514 3608 2563 ἐν

364 2596 778 2665 generosissimi
832 2598 1040 2668 quique
1087 2599 1351 2664 athletze,
1402 2600 1457 2653 iu
1506 2600 1682 2654 stadio
1733 2614 1940 2654 metum

2052 2604 2252 2674 σταδίῳ
2278 2606 2385 2657 τῶν
2417 2604 2666 2673 ἀθλητῶν
2698 2606 2751 2659 οί
2778 2607 3180 2675 γενναιότατοι,
3209 2604 3422 2659 δειλίαν
3447 2607 3611 2658 πᾶσιν

364 2705 586 2745 omnem
627 2692 1067 2763 exstingueutes,
1104 2703 1161 2748 et
1204 2694 1416 2762 seipsos
1461 2708 1559 2763 per
1611 2694 1816 2749 livinas
1854 2710 1946 2749 co-

363 2784 664 2861 gitationes
692 2786 931 2842 fortibus
961 2788 1186 2842 Patrum
1227 2786 1387 2841 factis
1427 2786 1789 2851 instruentes,
1824 2788 1944 2841 ﬁdi-

364 2876 517 2931 culas
563 2877 731 2931 etiam
781 2878 929 2947 ipsas
982 2888 1037 2933 et
1085 2887 1361 2933 tormenta
1412 2895 1510 2948 pro
1555 2879 1840 2948 syniuasio
1885 2891 1943 2933 et

362 2970 633 3025 exercitio
683 2970 908 3026 virtutis
961 2972 1250 3036 habentes,
1298 2972 1654 3027 fortissimam
1701 2972 1771 3027 de
1813 2988 1940 3027 vera

364 3064 571 3133 pietate
595 3065 892 3121 obtinuere
924 3078 1189 3123 mentem.
1218 3067 1398 3138 Atque
1424 3070 1507 3124 eis
1533 3069 1627 3138 qui
1662 3067 1937 3121 theatrmn

362 3166 420 3212 et
463 3159 863 3227 spectaculum,
915 3169 977 3214 ut
1026 3160 1223 3216 beatus
1275 3161 1575 3230 Apostolus
1625 3159 1839 3225 scribit,
1885 3167 1941 3212 et

2049 2696 2475 2761 ἀποσδέσαντες,
2507 2697 2897 2765 ἐπαλείφοντες
2926 2700 3152 2760 ἑαυτοὺς
3180 2700 3294 2761 τοῖς
3318 2697 3426 2750 τῶν
3458 2697 3609 2749 flat-€-

2049 2807 2158 2859 ριυν
2187 2790 2274 2846 διὰ
2304 2791 2465 2845 θείων
2490 2790 2766 2861 λογισμῶν
2796 2773 3279 2860 ἀνδραγαθήμασι,
3312 2790 3610 2859 γενναιότα-

2048 2898 2140 2933 τον
2166 2876 2312 2950 εἶχον
2334 2882 2463 2952 περὶ
2492 2882 2591 2953 τὴν
2617 2882 2901 2936 εὑσέὸειαν
2923 2884 2984 2936 τὸ
3013 2885 3294 2954 φρόνημα,
3323 2884 3610 2950 γυμνάσιον

2049 2976 2249 3044 ἀρετῆς
2271 2976 2370 3037 τὰς
2398 2977 2662 3046 στρέϐλας
2688 2976 3006 3047 ἡγούμενοι.
3026 2975 3185 3032 Οὕτω
3214 2977 3398 3030 τοίνυν
3423 2977 3609 3042 ἀγωνι-

2050 3068 2315 3137 ζομένων.
2369 3070 2462 3123 καὶ
2507 3069 2768 3140 θέατρον,
2797 3069 2874 3133 ὡς
2915 3073 2944 3123 6
2998 3069 3269 3140 μακάριος
3303 3068 3609 3129 ’Δπόστολος

2048 3163 2274 3229 γράφει,
2302 3161 2612 3230 γενομένων
2645 3159 2739 3212 καὶ
2763 3160 3015 3227 ἀγγέλοις
3040 3160 3133 3212 καὶ
3162 3155 3498 3227 ἀνθρώποις,
3530 3156 3609 3206 ξπ-

364 3251 576 3319 angelis
620 3261 677 3306 et
716 3250 1035 3309 hominibus
1083 3255 1212 3307 facti
1254 3263 1457 3311 essent.
1493 3254 1574 3308 sic
1607 3253 1937 3308 decertanti-

2049 3254 2269 3323 έτρεχεν
2295 3256 2329 3323 η
2356 3253 2510 3316 πόλις
2530 3253 2743 3316 ἅπασα,
2768 3253 3007 3322 ἀθλητὰς
3036 3251 3345 3321 θεασομένη
3362 3247 3608 3320 Χριστοῦ,

364 3344 471 3397 bus
529 3346 774 3398 accurrit
828 3346 1024 3401 civitas
1083 3347 1380 3410 universa,
1436 3346 1643 3401 Christi
1707 3346 1944 3399 athletas

363 3448 704 3508 spectatura,
757 3441 851 3509 qui
905 3443 1237 3507 constantia,
1275 3442 1587 3512 torquentis
1632 3442 1944 3511 quaesitoris

363 3529 661 3585 vincebant
708 3533 895 3601 ﬂagra.
929 3543 984 3588 et
1016 3549 1115 3603 per
1147 3535 1464 3604 [nitientiam
1497 3545 1701 3604 tropma
1747 3544 1941 3590 contra

364 3622 705 3691 impietatem
749 3626 1087 3689 statuebant,
1128 3626 1579 3697 triumphumque
1622 3627 1690 3681 de
1728 3628 1942 3682 Arianis

362 3716 703 3771 exhibebant
737 3736 750 3772 :
788 3733 912 3772 eum
953 3720 1178 3788 quidem
1225 3721 1459 3775 acerbus
1508 3722 1611 3774 iste
1658 3720 1940 3781 inimicus,

363 3820 460 3860 eos
490 3820 588 3875 per
617 3808 793 3862 minas
828 3812 886 3861 ct
926 3809 1154 3864 insidias
1182 3811 1285 3865 sibi
1320 3812 1622 3879 subjectos,
1654 3827 1713 3866 se
1741 3812 1822 3866 eis
1845 3810 1940 3879 qui

366 3900 422 3953 in
465 3898 747 3953 Christum
804 3901 958 3970 impii
1010 3910 1161 3967 sunt,
1211 3903 1526 3957 dediturum
1575 3904 1939 3959 existimaret.

365 3993 623 4049 Sedenim
683 4004 1088 4049 tormentorum
1137 3996 1188 4048 vi
1237 4006 1294 4050 et
1345 3997 1549 4066 impr-lu
1599 4013 1697 4067 per
1748 4013 1945 4069 graves

364 4086 789 4143 adinventiones
835 4088 945 4157 jam
989 4088 1260 4150 defessus,
1301 4091 1500 4158 populo
1552 4091 1702 4144 omni
1759 4091 1944 4144 multi-

364 4179 557 4234 fariam
599 4180 814 4250 ploratu
863 4181 1015 4234 vario
1045 4182 1370 4249 quiritante,
1400 4186 1631 4236 acerbus
1664 4183 1755 4237 ille
1787 4191 1844 4236 et
1874 4182 1944 4235 ab

365 4273 512 4327 omni
560 4273 904 4329 humanitate
938 4275 1155 4328 alienus
1184 4276 1466 4342 quaesitor,
1511 4275 1663 4345 16]
1714 4276 1943 4329 collecta

365 4360 589 4419 rursuni
623 4365 690 4418 ad
725 4366 1048 4421 dissolutam
1082 4367 1464 4421 confusionem
1500 4383 1664 4421 manu
1697 4367 1786 4420 illa
1820 4383 1939 4431 sua,

363 4458 431 4511 ad
484 4456 759 4525 judicium
804 4455 951 4520 illos,
984 4470 1079 4510 seu
1129 4460 1313 4525 potius
1354 4456 1419 4509 ad
1467 4457 1753 4525 pristinam
1800 4472 1940 4526 pra:-

2048 3346 2313 3415 καρτερίᾳ
2364 3342 2455 3396 τοῦ
2499 3344 2886 3414 βασανίζοντος
2926 3343 3181 3398 δικαστοῦ
3219 3343 3485 3405 νικῶντας
3523 3340 3609 3400 τὰς

2047 3438 2350 3507 μάστιγας,
2415 3437 2509 3490 καὶ
2561 3439 2800 3506 τρόπαια
2858 3435 2927 3490 δι’
2995 3437 3279 3505 ὑπομονῆς
3328 3434 3465 3487 κατὰ
3492 3434 3607 3486 ἀσε-

2045 3526 2198 3587 ϐείας
2243 3524 2593 3593 ἐπαίροντας,
2628 3527 2722 3578 καί
2778 3523 3083 3595 θριάμϐους
3133 3526 3273 3578 κατὰ
3329 3520 3608 3590 Ἀρειανῶν

2045 3617 2523 3688 ἐπιδεικνυμένους
2544 3633 2557 3647 ’
2598 3615 2692 3679 οὒς
2726 3615 2999 3681 ὑποτάξας
3030 3619 3058 3669 6
3106 3615 3305 3685 πικρὸς
3344 3609 3492 3677 οὗτος
3520 3629 3607 3664 πο-

2043 3714 2231 3782 λέμιος
2249 3713 2316 3765 δι’
2342 3711 2585 3765 ἀπειλῶν
2617 3714 2709 3764 καί
2737 3712 2979 3780 ἀπάτης,
3006 3714 3115 3771 τοῖς
3134 3712 3215 3772 είς
3241 3707 3473 3779 Χριστὸν
3494 3706 3609 3758 ἀσε-

2044 3803 2233 3856 6οῦσιν
2284 3800 2544 3856 ἐκδώσειν
2574 3804 2847 3871 ἐνόμιζεν.
2898 3801 3286 3869 Ἀποκακὴσας
3335 3797 3604 3868 τοιγαροῦι

2042 3899 2161 3959 ταῖς
2190 3894 2300 3948 τῶν
2335 3894 2587 3969 βασάνων
2616 3893 2684 3946 δι’
2719 3895 2964 3957 ἐπινοίας
2994 3893 3238 3963 χαλεπῆς
3272 3891 3601 3961 προσδολαίς,

2045 3992 2302 4044 ἁπάντων
2333 3990 2443 4044 τῶν
2470 3990 2615 4043 λαῶν
2653 3989 3000 4057 ὀδυρομένων
3047 3987 3308 4051 ποικίλως
3335 3988 3425 4041 διὰ
3449 3985 3602 4040 πολλὰ

2043 4083 2121 4151 τῷ
2167 4083 2370 4152 θρήνῳ,
2400 4081 2431 4134 6
2468 4081 2662 4150 πικρὸς
2691 4080 2784 4132 καὶ
2819 4079 3000 4150 πάσης
3040 4079 3288 4134 ἀποδέων
3321 4076 3601 4149 φιλανθρωε

2047 4178 2197 4241 πίας,
2246 4177 2316 4229 τὰ
2352 4175 2571 4246 συνήθη
2597 4175 2761 4228 πάλιν
2794 4175 2933 4245 πρὸς
2983 4174 3214 4239 ἀταξίαν
3263 4170 3599 4242 συναθροίσας

2046 4271 2252 4342 πλήθη,
2301 4272 2395 4323 ἐπὶ
2427 4271 2610 4341 κρίσιν
2644 4270 2867 4332 αὐτοὺς,
2903 4270 3105 4337 μᾶλλον
3154 4268 3208 4320 δὲ
3239 4267 3409 4320 ἕωλον
3454 4265 3595 4315 κατά·

2011 4366 2019 4373 ’
2047 4381 2253 4433 κρισιν,
2281 4362 2437 4416 καλεῖ
2463 4362 2599 4434 πρὸς
2628 4361 2707 4430 τῷ
2737 4362 2837 4431 τῆς
2865 4361 3144 4432 θαλάσσης
3175 4360 3384 4430 λιμένι,
3412 4356 3594 4410 πολυω-

2047 4458 2109 4525 νὴ
2123 4474 2223 4508 των
2264 4454 2523 4532 συνήθως,
2557 4456 2681 4508 κατ’
2714 4455 2893 4509 αὑτῶν
2939 4454 3326 4524 ἑπαφιεμένων
3346 4451 3452 4505 τῶν
3479 4447 3595 4519 βοῶν

361 4550 782 4619 judicatamqne
827 4550 1376 4611 condemnationem,
1414 4552 1469 4603 in
1511 4559 1726 4617 portum
1775 4549 1940 4602 maris

2048 4553 2200 4619 παρὰ
2230 4549 2338 4601 τῶν
2369 4548 2778 4617 είδωλολατρῶν
2804 4549 2899 4601 καὶ
2927 4548 3037 4601 τῶν
3089 4545 3363 4601 Ἰουδαίων
3381 4562 3396 4577 ⁶
3428 4544 3510 4599 καὶ
3535 4541 3595 4610 μὴ

364 4651 545 4704 vocat,
579 4656 705 4696 cum
734 4642 956 4711 quidem
992 4658 1142 4696 more
1177 4659 1275 4695 sna.
1306 4644 1726 4696 simulacrorum
1761 4643 1940 4696 cuito-

363 4747 453 4787 res
480 4742 537 4788 et
565 4732 738 4787 Judaei
770 4742 961 4788 contra
993 4747 1091 4787 eos
1123 4748 1323 4803 magno
1370 4734 1687 4801 redemptos
1728 4733 1936 4785 emitte-

365 4838 488 4881 rent
524 4827 817 4882 clamores.
862 4826 931 4880 Et
972 4826 1100 4896 quia
1139 4827 1215 4880 illi
1253 4828 1306 4879 in
1344 4837 1591 4895 apertam
1632 4824 1936 4878 l'nrcntmm

359 4920 687 4972 Arianorum
736 4918 1073 4988 impietatem
1115 4918 1350 4987 pedibus
1390 4919 1469 4971 ire
1512 4918 1743 4977 nollent,
1782 4917 1940 4985 plebe

359 5019 556 5063 cuncta
602 5024 703 5078 pro
743 5008 1007 5063 tribunali
1043 5009 1354 5079 plangente,
1388 5009 1661 5063 sententia
1710 4989 1937 5063 fertur:

357 5104 689 5157 Alexandria
733 5119 830 5158 eos
864 5104 1095 5173 eiectos,
1130 5102 1459 5171 Heliopolim
1504 5101 1799 5156 l’hmnicize
1851 5103 1932 5154 in.

357 5198 538 5251 colere
568 5197 791 5262 debere,
827 5197 918 5250 ubi
973 5211 1040 5251 es
1094 5178 1507 5250 habitatoribus
1539 5194 1798 5248 omnibus
1838 5195 1909 5247 ali

350 5290 483 5357 quis
529 5289 736 5345 Christi
770 5305 998 5361 nomen
1054 5288 1517 5360 (simulacrorum
1570 5289 1716 5342 enim
1765 5289 1936 5343 cultui

359 5381 533 5439 dediti
566 5392 699 5437 sunt
737 5397 964 5450 omnes)
999 5398 1067 5436 ne
1099 5381 1292 5437 audire
1324 5382 1546 5452 quidem
1579 5381 1835 5436 sustinet.
1875 5382 1938 5435 Et

356 5492 385 5529 ο
439 5475 676 5545 vestigio
731 5476 816 5530 eis
871 5476 1129 5544 scapham
1187 5475 1565 5530 conscendere
1613 5474 1818 5545 ins-sis,
1880 5475 1935 5528 in

361 5578 525 5629 ,lOI'Ul
572 5567 690 5635 ipse
741 5581 894 5623 stans
934 5570 1014 5638 (in
1064 5570 1378 5640 propinquo
1415 5569 1586 5633 enim,
1627 5570 1681 5621 in
1720 5570 1938 5621 lavacro

359 5659 600 5728 publico,
641 5661 1121 5716 cundcnmationis
1157 5661 1426 5716 adversus
1463 5675 1562 5715 eos
1600 5661 1933 5715 sententiam

428 5820 505 5888 (1)
535 5818 669 5875 Mihi
701 5819 919 5876 videtur
949 5820 1055 5874 hoc
1103 5821 1225 5876 loco
1253 5836 1353 5874 vox
1386 5820 1509 5886 ista,
1542 5819 1780 5882 Putrem,
1811 5837 1933 5875 esse

359 5892 587 5948 .iclcnda
620 5910 634 5948 :
670 5893 759 5949 sin
797 5900 980 5946 autem
1027 5902 1111 5953 est
1152 5892 1460 5958 retinenda,
1491 5891 1652 5947 sicuti
1702 5892 1928 5946 retineri

2047 4642 2393 4712 θελησάντων
2418 4637 2559 4706 εἶξαι
2580 4645 2647 4711 τῇ
2674 4642 2943 4711 προφανεῖ
2968 4639 3257 4710 δυσσεϐεία
3276 4639 3385 4691 τῶν
3418 4638 3597 4707 ’Δρειο-

2048 4735 2288 4805 μανιτῶν
2309 4777 2324 4799 ,
2362 4736 2746 4800 ἀποφαίνεται,
2784 4732 2892 4787 τῶν
2922 4732 3067 4786 λαῶν
3097 4732 3204 4802 πρὸ
3236 4731 3335 4784 τοῦ
3365 4731 3599 4795 δικαστη-

2045 4830 2166 4899 ρίου
2208 4829 2427 4881 πάντων
2472 4827 2836 4896 ὀδυρομένων,
2865 4828 2964 4895 τῆς
3005 4824 3414 4895 Ἀλεξανδρείας
3458 4838 3601 4892 μετα·

2043 4921 2368 4983 ναστάντας,
2402 4922 2501 4990 τὴν
2542 4920 2888 4974 Ἡλιούπολιν
2937 4921 3038 4989 τῆς
3087 4921 3345 4988 Φοινίκης
3374 4917 3597 4985 οίκῆσαι.

2046 5012 2215 5065 Ἔνθα
2259 5014 2367 5065 τῶν
2408 5014 2761 5066 ἐνοικούντων
2800 5012 2994 5077 οὐδεὶς,
3028 5014 3133 5067 κΞιν
3168 5013 3399 5067 ἀκοῦσαι
3428 5010 3481 5061 τὸ
3517 5005 3599 5058 τοῦ

2039 5104 2279 5173 Χριστοῦ
2315 5106 2573 5175 ,ὶνέχηται
2613 5105 2807 5174 ὄνομα,
2838 5104 3107 5158 είὲωλικοὶ
3154 5107 3262 5171 γάρ
3297 5103 3345 5154 οί
3396 5101 3595 5160 πάντες,

2041 5199 2176 5269 παρ’
2230 5199 2369 5251 αὐτὰ
2434 5200 2678 5267 σκάφους
2735 5199 2990 5267 ἐπιϐῆναι
3060 5198 3397 5265 προστάξας,
3457 5192 3597 5250 αὐτὸς

2039 5290 2291 5361 ἑστηκὼς
2319 5293 2412 5343 ἐπὶ
2457 5290 2551 5343 τοῦ
2596 5291 2813 5360 λιμένος
2836 5307 2848 5322 ·
2889 5290 3119 5361 πλησίον
3151 5290 3260 5357 γὰρ
3288 5290 3346 5343 ὲν
3375 5288 3597 5357 δημοσίῳ

2037 5384 2249 5455 λουτρῷ
2288 5382 2387 5453 τὴν
2431 5385 2757 5453 κατάκρισιν
2800 5384 2921 5437 κατ’
2956 5384 3139 5437 αὐτῶν
3176 5382 3367 5452 ὥρισε,
3412 5378 3595 5449 γυμνὸν

2038 5476 2488 5543 ἐπιδεικνύμενος
2527 5477 2586 5530 τὸ
2640 5476 2814 5545 ξίφος,
2845 5478 3074 5547 νομίσας
3108 5479 3173 5528 ἐκ
3203 5476 3393 5529 τούτου
3432 5471 3593 5540 ςοὸεἰν

2036 5569 2163 5633 τοὺς
2208 5573 2274 5639 τῇ
2307 5570 2547 5641 διστόμῳ
2597 5571 2845 5642 μαχαίρᾳ
2874 5573 2999 5633 τοὺς
3033 5571 3329 5638 πολεμίους
3355 5566 3592 5635 δαίμονας

2039 5662 2300 5727 πολλάκις
2322 5663 2809 5732 κατατρώσαντας.
2839 5663 2996 5718 οὕτω
3016 5662 3079 5732 δὴ
3109 5659 3203 5718 οὖν
3230 5660 3483 5716 ἀποπλεῖν
3508 5655 3594 5708 αὑ-

2058 5831 2239 5881 iotest.
2272 5822 2433 5890 paulo
2490 5832 2612 5890 post
2664 5823 2980 5892 conjunclio
3013 5831 3061 5875 et
3100 5820 3351 5877 addenda
3380 5818 3475 5875 erit
3501 5829 3516 5869 :
3542 5821 3592 5868 et

2034 5839 2352 5947 ient-mlum.
2390 5904 2434 5943 rt
2470 5893 2818 5947 trmmmlcm
2861 5904 2974 5947 aut.
3007 5904 3116 5947 etc.

2060 5893 2352 5960 (Ἧιίλιίυιιι,
2390 5904 2434 5943 t'l
2470 5893 2818 5960 trmpcrulcm
2861 5904 2974 5958 aut,
3007 5904 3116 5948 etc.
