3912 6530
213 462 311 524 εδ)

1116 466 1722 527 Εςειεςῐιιετιωῖ
1762 450 2154 530 IIISTORLE
2189 473 2336 533 Lm.
2384 475 2485 536 x1.

3359 449 3475 538 (θεῖ’

214 580 333 639 τοὺς
364 575 599 641 κελεύει,
636 578 737 631 οὐκ
768 578 1215 650 ἐμϐαλλομένους
1246 583 1556 654 ἐπιτήδεια,
1579 585 1641 638 οὐ
1677 601 1765 637 πα

1892 588 2067 661 tulit),
2103 598 2160 645 et
2208 592 2463 646 strictum
2490 599 2778 646 ostentans
2805 590 3073 661 gladium,
3106 592 3248 662 quod
3293 580 3362 646 eo
3400 609 3460 647 se

220 667 480 737 ρσμύθιόν
503 685 554 720 τι
578 669 640 722 τὸ
677 669 899 723 σύνολον
923 672 1024 742 τῆς
1053 672 1268 742 ἔξορίας
1301 674 1524 743 ἔχοντας
1551 690 1565 705 ⁶
1601 677 1694 728 καὶ
1724 677 1784 730 τὸ

215 762 519 832 θαυμαστὸν
539 759 632 815 καὶ
655 762 905 826 ἄπιστον,
927 765 1027 833 τῆς
1050 764 1327 836 θαλάσσης
1346 766 1727 837 ἐπαφριζούση
1744 786 1780 832 ι,

218 853 303 908 καὶ
333 854 608 923 δυσχερῶς
632 849 786 924 οἶμαι
821 854 889 908 δι’
921 856 1048 910 αὐτὸ
1071 857 1226 909 τοῦτο
1257 858 1549 928 φερούσης.
1582 862 1675 912 καὶ
1710 861 1785 930 μὴ

218 944 561 1016 βουλομένης,
588 945 658 1000 ἶν’
680 947 852 1009 οὕτως
872 948 1030 1009 εἴπω,
1055 950 1122 1001 δι’
1149 950 1419 1019 ὑποδοχῆς
1436 952 1544 1003 τῶν
1575 953 1784 1021 ἀνδρῶν

214 1034 374 1103 ὢδίκῳ
400 1038 728 1107 κοινωνῆσαι
761 1038 1119 1109 κελεύσματι·
1161 1043 1388 1112 ἐνέφηνε
1416 1047 1525 1112 γὰρ
1551 1046 1644 1096 καὶ
1672 1046 1785 1109 τοῖς

215 1128 460 1196 ἀγνοοῦσι
499 1131 599 1199 τὴν
642 1130 921 1202 βάρϐαρον
959 1134 1053 1186 τοῦ
1105 1137 1389 1206 κρίναντος
1440 1136 1779 1206 προαίρεσιν.

216 1222 361 1275 Ἐστι
413 1220 550 1290 γοῦν
596 1222 816 1292 άληθῶς
862 1226 1073 1292 εἰπεῖν,
1116 1226 1343 1298 Ἰίῖξέστη
1403 1229 1631 1299 οὐρανὸς
1691 1229 1813 1282 ἑπὶ⁶

210 1311 376 1380 τούτῳ
401 1328 418 1346 ο
454 1313 709 1380 ἐστέναξε
748 1316 859 1385 γάρ
884 1318 917 1386 ή
950 1304 1356 1383 πόλιςᾰπασα,
1395 1320 1490 1373 καὶ
1529 1323 1688 1392 μέχρι
1724 1321 1781 1374 δὲ

211 1401 297 1456 νῦν
324 1404 535 1474 θρηνεῖ.
570 1408 679 1460 Καὶ
707 1409 753 1460 οἱ
788 1406 888 1475 μὲν
925 1407 1040 1462 ἄλλ’
1082 1410 1172 1462 ἐπ’
1196 1409 1333 1483 ἄλλῃ
1363 1414 1429 1483 τῇ
1476 1414 1620 1483 χειρὶ
1649 1413 1781 1466 κτύ-

212 1508 303 1545 πον
328 1493 392 1544 ὲκ
415 1492 632 1562 στηθῶν
660 1495 873 1566 μακρόν
901 1497 1240 1568 ἀπέπεμπον
1259 1514 1273 1530 ·
1306 1498 1358 1553 oi
1383 1500 1442 1554 δὲ
1462 1502 1566 1563 τάς
1594 1503 1784 1572 χεῖρας

209 1580 339 1653 όμοῦ
372 1585 468 1637 καὶ
503 1586 631 1650 τοὺς
656 1586 972 1658 ὀφθαλμοὺς
999 1591 1080 1653 είς
1109 1590 1339 1660 ούρανδν
1367 1592 1661 1661 ἀνέτεινον,
1684 1593 1784 1664 τὴν

211 1673 324 1743 βίαν
344 1677 886 1750 διαμαρτυρούμενα
908 1698 923 1713 ·
951 1686 1234 1755 μονονουχὶ
1262 1683 1531 1754 λέγοντες,
1558 1686 1783 1751 Ἄκουε,

206 1768 415 1838 ούρανὲ,
440 1770 539 1822 καὶ
560 1771 841 1839 ὲνωτίζου,
860 1772 955 1841 γῆ,
972 1774 1057 1828 ὅτι
1079 1776 1371 1845 παράνομα
1389 1775 1458 1829 τά
1483 1777 1746 1847 γινόμενα
1766 1793 1780 1808 ·

1887 679 2282 735 exterriturum
2328 681 2580 751 putabat,
2621 681 2716 751 qui
2765 680 2989 749 ancipiti
3048 695 3310 736 tmtcrone
3355 679 3465 733 dte.

1889 785 2078 825 mones
2120 772 2470 828 adversarios
2516 787 2898 849 saepenumero
2944 772 3461 833 corn'ulnerasseut.

1888 861 1972 936 sic
2008 859 2230 914 demum
2272 862 2452 916 soluta
2485 861 2608 916 navi
2646 862 2799 917 abire
2817 861 2977 932 jubet
3007 878 3022 917 :
3051 878 3177 916 cum
3209 860 3348 915 nihil
3380 878 3466 917 re-

1887 967 2008 1005 rum
2062 955 2497 1008 necessariarum
2545 954 2599 1007 in
2648 953 2831 1008 navim
2875 962 3334 1023 comportasseut,
3366 967 3465 1006 ne-

1882 1059 1992 1112 que
2045 1043 2266 1113 aliquod
2319 1060 2547 1114 prorsus
2593 1045 2781 1100 exsilii
2836 1044 3081 1100 solamen
3131 1044 3402 1099 haberent
3445 1060 3460 1098 :

1885 1133 2004 1201 ipso
2035 1134 2201 1189 etiam
2235 1136 2371 1190 mari
2403 1136 2469 1190 ad
2502 1146 2611 1191 tam
2656 1136 3035 1192 admirandam
3075 1146 3128 1192 et
3160 1135 3465 1192 incredibi-

1882 1222 1991 1278 lem
2040 1225 2424 1296 indignitatem
2475 1226 2687 1296 spumis
2736 1228 2854 1284 suis
2900 1227 3361 1291 excandescente,
3406 1236 3466 1280 et

1885 1316 1967 1385 (ut
2000 1316 2156 1385 puto)
2189 1316 2391 1373 factum
2423 1318 2528 1372 hoc
2556 1319 2802 1388 graviter
2836 1319 3072 1385 ferente,
3105 1330 3270 1389 atque
3300 1319 3462 1381 adeo,

1885 1422 1945 1465 ut
1973 1410 2045 1463 ita
2078 1411 2280 1474 dicam,
2317 1426 2417 1481 per
2450 1412 2697 1466 virorum
2737 1427 2928 1466 eorum
2966 1412 3372 1479 susceptionem
3406 1426 3465 1464 se

1887 1514 1992 1556 tam
2028 1503 2221 1574 iniquo
2251 1504 2509 1559 mandato
2538 1504 2785 1575 polluere
2818 1504 3061 1559 nolente.
3093 1503 3272 1570 Quare
3304 1502 3464 1572 igno-

1888 1596 2142 1650 rantibus
2188 1610 2410 1667 quoque
2448 1596 2735 1650 barbaram
2777 1611 3006 1666 prorsus
3038 1594 3242 1666 judicia
3281 1594 3462 1648 mani-

1885 1689 2028 1744 festo
2060 1688 2327 1744 indicavit
2361 1690 2718 1744 sententiam.
2752 1690 2890 1745 Vere
2918 1690 3088 1760 igitur
3117 1687 3224 1742 dici
3258 1697 3461 1756 potest,

1885 1783 2082 1836 omium
2115 1780 2183 1834 ad
2209 1780 2318 1837 hoc
2338 1764 2726 1852 obstupuisse;
2761 1781 3026 1850 ingemuit
3055 1794 3296 1849 namque
3330 1778 3463 1832 urbs

207 1859 293 1911 καὶ
322 1859 443 1912 ὅλον
466 1861 723 1931 οἰμωγῆς
748 1862 810 1915 τὸ
834 1865 944 1918 πᾶν
972 1864 1338 1936 ἐπεπλήρωτο
1356 1880 1371 1897 ’
1401 1866 1500 1921 καὶ
1526 1866 1665 1937 μέλη
1689 1868 1765 1920 κα

1888 1882 2021 1938 tota,
2059 1882 2224 1942 atque
2256 1873 2423 1928 etiam
2461 1889 2611 1928 nunc
2649 1872 2877 1942 plangit.
2913 1872 2981 1925 Et
3029 1871 3064 1925 ii
3110 1871 3330 1940 quidem
3374 1869 3458 1923 al-

204 1951 391 2021 θρῆνος
420 1947 490 2023 ἦν
542 1954 601 2007 ἐν
629 1955 782 2024 πάσῃ
832 1957 898 2026 τῇ
929 1956 1088 2010 πόλει
1116 1957 1383 2029 χορεύων,
1407 1960 1503 2013 καὶ
1532 1961 1765 2029 ποταμὸς

1886 1964 2058 2018 ternis
2092 1962 2348 2018 manibus
2384 1975 2604 2031 pectora
2644 1941 2951 2034 pulsantes,
2993 1963 3270 2030 ingentem
3311 1959 3464 2014 soni-

203 2044 261 2094 lx
282 2042 540 2114 δακρύων
568 2048 753 2118 σχεδὸν
781 2049 1075 2104 καλύπτων
1096 2051 1430 2123 πλημμῦραι
1454 2053 1555 2123 την
1577 2053 1780 2107 θάλασ-

204 2149 312 2199 σαν,
342 2139 456 2199 τοῖς
491 2137 703 2192 ἅπασιν
731 2141 886 2210 ἄφνω
934 2142 1314 2212 προσεγίνετο.
1351 2145 1484 2199 Ὅτε
1518 2145 1702 2199 τοίνυν
1748 2146 1778 2198 ό

203 2231 594 2299 προειρημένος
633 2233 728 2285 ἐπὶ
771 2232 869 2287 τοῦ
897 2235 1117 2306 λιμένος
1154 2236 1348 2308 παρὼν
1372 2240 1485 2302 τοῖς
1517 2238 1774 2308 ἐρέσσου-

204 2336 280 2371 σιν
305 2320 474 2389 ὑψοῦν
513 2325 581 2377 τά
616 2325 765 2378 ἱστία
789 2327 1143 2395 προσέταττε,
1189 2330 1310 2383 τότε
1346 2332 1659 2401 σύμμικτος
1689 2332 1771 2385 ol-

202 2416 351 2486 μωγὴ
396 2417 695 2488 παρθένων
746 2423 841 2474 καὶ
894 2423 1197 2489 γυναικῶν,
1233 2424 1626 2495 πρεσϐυτέρων
1675 2424 1771 2478 καὶ

200 2507 343 2573 νέων,
371 2508 466 2561 καὶ
492 2508 689 2580 θρῆνοι
718 2514 1240 2584 προσπεπλεγμένοι
1268 2514 1532 2585 δάκρυσιν
1559 2514 1765 2581 ὀξέσιν,

198 2600 250 2650 el
286 2598 389 2652 τῶν
422 2600 692 2656 ἁπάντων
725 2604 866 2669 βοαὶ,
893 2605 995 2673 τῆς
1034 2605 1455 2676 ἑπαφριζούσης
1490 2607 1769 2675 Θαλάσσης

196 2691 278 2743 τὸν
316 2695 807 2766 προσρησσόμενον
837 2698 1014 2768 σωρὸν
1042 2698 1120 2771 τῷ
1154 2700 1358 2772 κύματι
1402 2700 1610 2755 κτύπον
1640 2703 1769 2755 ἐκά-

195 2780 402 2837 λυπτον.

1887 2064 2000 2109 tum
2029 2053 2277 2108 edidere.
2302 2055 2408 2109 Alii
2438 2065 2622 2109 autem
2656 2068 2854 2108 manus
2883 2052 3049 2106 simul
3075 2061 3241 2121 atque
3268 2050 3462 2106 oculos

1880 2146 1937 2201 in
1981 2146 2182 2201 coelum
2231 2146 2541 2212 tendentes,
2582 2146 2649 2201 de
2690 2154 2839 2199 tanta
2884 2145 2936 2199 vi
2977 2153 3107 2199 sunt
3144 2144 3458 2213 protestati,

1880 2237 2262 2293 tantummodo
2304 2253 2413 2292 non
2443 2237 2734 2293 dicentes:
2767 2236 2994 2300 Audite,
3030 2236 3179 2295 coeli.
3213 2244 3274 2291 et
3306 2235 3456 2289 auri-

1877 2331 1984 2387 bus
2020 2332 2265 2402 percipe,
2303 2341 2470 2396 terra,
2511 2330 2775 2401 quoniam
2814 2346 2939 2401 quae
2974 2329 3135 2390 ﬁunt.
3167 2328 3352 2398 iniqua
3402 2336 3458 2381 et

1877 2434 2069 2479 contra
2112 2422 2260 2494 leges
2296 2432 2427 2478 sunt
2452 2440 2469 2479 :
2497 2437 2556 2479 et
2583 2423 2767 2479 omnis
2800 2423 2917 2478 haec
2957 2420 3291 2477 universitas
3319 2419 3451 2473 ﬂetu

1876 2516 2080 2585 repleta
2118 2527 2223 2581 est,
2263 2525 2320 2571 et
2367 2516 2660 2571 cantilenae
2709 2515 3056 2573 misarabiles
3100 2523 3160 2569 et
3200 2513 3459 2583 planctus

1879 2616 2046 2663 totam
2078 2609 2269 2661 urbem
2299 2616 2430 2662 sunt
2460 2608 2766 2677 pervagati.
2797 2608 2877 2663 Ac
2904 2606 3205 2679 derepente
3233 2604 3454 2674 ploran-

1878 2697 2025 2753 tibus
2066 2697 2346 2760 omnibus,
2388 2698 2754 2769 lacrymarum
2781 2697 3005 2762 ﬂuvius,
3054 2697 3168 2753 fere
3209 2694 3456 2750 eXunda-

1875 2790 2027 2843 tione
2068 2804 2167 2843 sua
2214 2804 2362 2844 mare
2397 2790 2661 2855 obrueus,
2692 2798 2781 2846 est
2813 2789 3065 2844 obortus.
3096 2789 3289 2857 itaque
3327 2800 3454 2841 cum

197 2878 240 2933 is
262 2895 415 2951 quem
455 2884 705 2942 diximus
746 2890 799 2942 in
834 2898 995 2958 portu
1031 2900 1237 2957 astans,
1296 2891 1535 2961 remiges
1583 2888 1784 2944 tollere
1821 2897 1881 2942 et
1954 2885 2196 2956 pandere
2231 2885 2350 2940 vela
2380 2886 2546 2956 jussit
2580 2902 2594 2938 :
2640 2893 2752 2941 tum
2802 2886 3131 2940 commistus
3178 2883 3452 2951 virginum

194 2985 245 3029 ει
299 2974 676 3046 feminarum,
736 2997 928 3036 senum
984 2994 1040 3038 et
1093 2985 1357 3055 iuvenum
1412 2983 1661 3053 ploratus
1709 2989 1765 3037 et
1804 2980 2083 3049 planctus,
2166 2978 2420 3048 lacrymis
2464 2976 2687 3033 acribus
2736 2972 3061 3045 implicitus,
3131 2975 3455 3042 clamorque

196 3066 611 3137 universorum,
661 3075 897 3144 strepitu
948 3092 1049 3130 suo
1101 3076 1270 3131 maris
1318 3074 1631 3145 spumantis
1682 3071 1948 3129 infractos
1978 3071 2244 3126 ﬂuctuum
2273 3085 2505 3126 acervos
2530 3069 2866 3139 suppressit.

269 3182 286 3214 ε
307 3163 443 3217 Ἀλλ’
482 3164 634 3218 οὕτω
662 3166 772 3221 τῶν
804 3169 1225 3239 προειρημένων
1264 3168 1653 3223 ἀποπλεόντων
1680 3169 1760 3229 είς

1942 3182 1960 3215 ι
1994 3163 2109 3219 Hoc
2142 3164 2308 3219 modo
2333 3179 2458 3218 cum
2502 3164 2603 3229 illi,
2634 3178 2775 3233 quos
2800 3161 3063 3226 diximus,
3094 3161 3449 3231 Heliopolim,

196 3254 285 3325 τὴν
312 3256 681 3325 Ἡλιούπολιν,
708 3260 837 3314 ἔνθα
854 3261 1199 3330 δεισιδαίμων
1226 3263 1356 3325 πᾶς,
1385 3261 1513 3314 ἔνθα
1534 3259 1626 3313 τοῦ
1648 3260 1762 3314 δια-

1872 3256 2028 3327 ι62
2064 3256 2159 3310 ubi
2211 3255 2506 3310 simulacra
2555 3254 2946 3325 superstitiose
2993 3255 3188 3309 colunt
3227 3269 3446 3316 omnes,

193 3349 338 3405 δόλου
373 3352 442 3407 τά
474 3352 618 3423 πρὸς
666 3353 863 3424 ἡδονὴν
910 3353 1343 3425 ἐπιτηδεύματα,
1386 3353 1515 3407 ἔνθα
1560 3353 1768 3424 θηρίων

194 3445 404 3515 ιφὲστια
426 3447 643 3520 φοδερά
671 3448 930 3519 (δρηγάρ
961 3450 1147 3520 κύκλῳ
1175 3447 1518 3519 πανταχόθεν
1548 3447 1767 3527 οὐρανῷ

195 3538 627 3606 προσπελάζοντα
648 3539 668 3611 )
689 3557 703 3572 ’
732 3542 784 3593 oi
819 3544 1024 3604 πάντες
1054 3540 1245 3594 λοιπὸν
1304 3540 1447 3615 μέσῃ
1477 3542 1544 3611 τῇ
1571 3540 1761 3605 πόλει,

193 3631 334 3701 κοινῇ
355 3630 697 3694 καὶῑκαστος
730 3632 838 3703 ἰδίᾳ
863 3630 1284 3702 ὀλοφυρόμενοι,
1320 3631 1416 3684 καὶ
1446 3630 1765 3702 στεναγμῶν

191 3722 596 3793 ἐπιπέμποντες
646 3724 890 3794 ῥήματα,
933 3724 1055 3777 οὐδὲ
1086 3723 1348 3795 δακρύειν
1397 3724 1766 3794 ἑπετρέποντο

190 3813 419 3895 κελεύσει
453 3814 558 3868 τοῦ
584 3815 686 3887 τῆς
715 3815 925 3879 πόλεως
954 3817 1200 3887 ἐπάρχου
1232 3816 1558 3883 Παλλαδίου,
1590 3818 1762 3871 δεισι-

189 3905 607 3975 δαιμονεστάτου
641 3910 738 3962 καὶ
782 3909 948 3961 αὐτοῦ
980 3909 1364 3979 τυγχάνοντος.
1419 3909 1615 3962 Πολλοὶ
1653 3911 1763 3978 γάρ

188 3995 285 4054 τῶν
309 4000 613 4054 κλαιόντων
635 4001 1009 4072 ἁρπαζόμενοι
1022 3993 1131 4057 ’καὶ
1172 4002 1601 4072 φυλακιζόμενοι
1627 4002 1763 4072 πρό-

189 4105 349 4161 τερον,
370 4088 492 4148 εἶτα
521 4093 886 4163 αἰκιζόμενοι,
922 4094 1187 4164 ξεόμενοι,
1216 4094 1631 4164 βασανιζόμενοι
1651 4096 1762 4158 τοῖς

189 4183 481 4255 Φεννησίοις
507 4187 601 4239 καὶ
618 4187 1047 4257 Προκοννησίοις
1076 4187 1427 4257 παρεδίδοντο
1452 4187 1756 4258 μετάλλοις1

189 4275 450 4346 ἄνθρωποι
480 4277 589 4346 τῆς
621 4276 954 4348 Ἐκκλησίας
987 4277 1054 4330 δι’
1092 4277 1276 4330 ἔνθεον
1307 4261 1469 4348 ζῆλον
1504 4280 1758 4350 ύπέρμα-

1870 3349 1963 3403 ubi
1999 3347 2208 3402 diaboli
2241 3347 2589 3417 voluptuaria
2626 3347 2810 3417 vigent
2844 3347 3048 3411 studia,
3077 3346 3173 3400 ubi
3203 3346 3444 3401 ferarum

1869 3450 2000 3497 sunt
2049 3440 2327 3496 horrenda
2376 3440 2658 3496 domicilia
2701 3442 2942 3510 (montes
2987 3440 3134 3494 enim
3179 3455 3246 3493 ex
3296 3439 3449 3493 omni

1866 3543 2028 3603 parte
2061 3533 2130 3589 ad
2160 3533 2363 3588 caelum
2413 3549 2589 3604 usque
2635 3533 3018 3603 prominentes
3055 3547 3176 3587 eam
3213 3532 3452 3587 circum-

1868 3624 2063 3695 dant),
2112 3627 2237 3679 navi
2291 3627 2472 3681 soluta
2523 3625 2869 3696 navigarent,
2908 3624 2967 3679 in
3018 3623 3199 3678 media
3244 3624 3450 3679 deinde

1868 3719 2005 3774 urbe
2040 3733 2236 3774 omnes
2267 3719 2320 3772 in
2355 3720 2675 3773 universum
2707 3725 2764 3772 et
2794 3732 2894 3786 pro
2925 3732 2984 3772 se
3012 3719 3246 3788 quisque
3279 3715 3445 3771 mise-

1866 3811 2115 3866 rabiliter
2162 3809 2542 3876 vociferando,
2591 3819 2648 3864 et
2695 3810 2861 3865 verba
2910 3809 3160 3863 luctuosa
3213 3808 3447 3877 ingemi-

1865 3914 2081 3959 scentes
2109 3904 2348 3967 edendo,
2382 3904 2690 3975 lacrymare
2726 3913 2951 3972 quoque
2978 3901 3164 3957 edicto
3196 3900 3444 3971 prmiscti

1866 3997 2043 4061 urbis,
2093 3996 2349 4059 Palladii,
2380 4006 2511 4050 sunt
2558 3995 2845 4065 prohibiti,
2892 3996 2989 4064 qui
3032 4003 3093 4048 et
3132 3993 3250 4063 ipse
3295 4008 3448 4047 sum-

1866 4108 2093 4159 mopere
2124 4092 2286 4146 idolis
2316 4091 2574 4145 addictus
2601 4101 2739 4144 crat.
2774 4088 3041 4145 Permulti
3072 4101 3313 4156 namque
3347 4086 3443 4156 qui

1863 4184 2179 4256 plorabant,
2205 4182 2594 4253 comprehensi
2624 4191 2679 4236 et
2709 4181 2947 4252 primum
2982 4181 3037 4234 in
3067 4178 3288 4233 vincula
3312 4191 3443 4232 con-

1857 4277 2027 4347 jecti,
2084 4274 2287 4331 deinde
2337 4273 2711 4340 diverberati,
2763 4273 2893 4328 caesi
2944 4282 3000 4327 et
3053 4269 3325 4333 cruciati,
3370 4268 3439 4322 ad

189 4383 279 4435 χοι.
307 4366 369 4421 οι
402 4367 747 4438 πλείουςγάρ
771 4364 912 4439 ἦσαν
947 4368 1293 4439 μονάζοντες,
1325 4370 1532 4441 ἔρημον
1549 4369 1760 4424 οίκοῦνο

1872 4368 2174 4423 Pbennesia
2215 4375 2272 4422 et
2320 4367 2692 4422 Proconnesia
2735 4364 2957 4420 metalla
2996 4371 3129 4419 sunt
3166 4361 3435 4422 danmati.

188 4475 267 4523 τες
291 4459 356 4513 δι’
381 4462 625 4530 ἄσκησιν
645 4478 657 4491 ’
695 4462 816 4533 μεθ’
838 4456 932 4527 ὧν,
955 4464 1126 4518 εἰκοσι
1147 4464 1240 4516 καὶ
1266 4465 1435 4534 τριῶν
1460 4468 1757 4535 τυγχανόν-

1872 4460 2116 4515 homines
2159 4470 2384 4529 propter
2420 4458 2668 4512 divinum
2708 4458 2887 4512 zelum
2932 4455 3139 4527 egregii
3164 4451 3431 4508 Ecclesia:

188 4566 317 4618 των,
392 4553 598 4624 μικρὸν
654 4551 882 4624 ὕστερον
941 4555 970 4606 ό
1039 4555 1287 4616 διάκονος
1349 4557 1378 4608 ὁ
1449 4555 1602 4625 παρὰ
1658 4554 1755 4607 τοῦ

1872 4562 2309 4624 propugnatores
2341 4570 2355 4607 :
2382 4566 2731 4621 quorumque
2757 4550 2943 4620 plures
2968 4547 3222 4603 monachi
3256 4553 3436 4611 erant,

190 4645 456 4715 ἀγαπητοῦ
481 4645 641 4716 ἡμῶν
670 4647 925 4716 Δαμάσου
949 4645 1042 4700 τοῦ
1065 4648 1164 4718 τῆς
1200 4647 1419 4719 Ῥώμης
1449 4648 1752 4703 ἐπισκόπου

1872 4646 2007 4699 solos
2057 4645 2211 4699 locos
2250 4659 2349 4714 per
2376 4643 2597 4699 virtutis
2638 4653 2690 4697 et
2732 4641 2953 4713 pietatis
2988 4638 3311 4696 exercitium
3348 4641 3434 4691 in-

190 4733 403 4800 κομίσας
460 4735 598 4804 ήμίν
651 4733 790 4805 ὁμοῦ
852 4735 1241 4809 παρακλητικὰ
1303 4744 1398 4791 καὶ
1460 4739 1753 4792 κοινωνικὰ

1872 4741 2122 4796 :olentes.
2153 4739 2291 4796 Cum
2322 4741 2526 4810 quibus
2555 4740 2736 4809 (erant
2768 4748 2950 4794 autem
2989 4738 3183 4808 viginti
3215 4744 3270 4791 et
3303 4733 3436 4803 tres)

189 4825 503 4894 γράμματα,
542 4828 720 4881 όπίσω
760 4825 837 4880 τὼ
866 4829 1016 4898 χεῖρε
1062 4827 1236 4893 δεθεὶς
1269 4828 1371 4881 ὑπὸ
1393 4829 1622 4899 δημίων,
1653 4830 1747 4899 δη-

194 4916 341 4988 μοσία
371 4919 537 4989 ἦγετο
562 4918 752 4991 ῶσπερ
770 4936 853 4984 τις
879 4921 988 4973 τῶν
1018 4921 1344 4992 κακούργων
1382 4921 1708 4992 περιϐόητος
1733 4939 1748 4953 ·

192 5007 240 5069 ὃς
268 5012 468 5076 φονέων
498 5011 754 5082 βασάνοις
788 5015 1045 5068 ἐπέκεινα
1077 5015 1432 5084 κοινωνήσας,
1463 5014 1633 5077 λίθοις
1655 5017 1751 5069 καὶ

192 5097 436 5163 μολιϐδίσι
482 5104 605 5158 κατ’
644 5104 825 5158 αὐτῶν
849 5104 959 5158 τῶν
995 5106 1240 5175 αὐχένων
1273 5107 1508 5161 ἐπιπολὺ
1551 5124 1750 5178 μαστι-

191 5194 415 5261 ζόμενος,
449 5196 707 5250 ἐπέϐαινε
739 5196 986 5266 σκάφους
1010 5200 1104 5251 επὶ
1134 5199 1429 5269 θαλάττης,
1458 5200 1749 5268 παραπλη-

192 5280 304 5345 σίως
334 5285 447 5348 τοῖς
470 5285 675 5353 ἄλλοις,
704 5288 797 5339 τοῦ
829 5286 975 5341 θείου
1004 5290 1240 5361 σταυροῦ
1272 5291 1364 5343 ἐπὶ
1399 5292 1655 5360 μετώπου
1686 5291 1749 5345 τὸ

193 5378 398 5442 σημεῖον
423 5381 861 5451 χαρακτηρίσας,
908 5381 970 5434 οὐ
1017 5381 1334 5452 τημελείας,
1362 5384 1423 5436 οὐ
1452 5385 1746 5453 θεραπείας

189 5468 368 5535 τυχὼν,
394 5473 505 5534 τοῖς
535 5474 677 5527 κατὰ
705 5474 973 5544 Φέννησον
1007 5476 1405 5549 παρεκδοθῆναι
1432 5479 1740 5547 μετάλλοις.

195 5557 333 5613 Ἐστι
355 5559 411 5614 δὲ
437 5562 610 5617 ταῦτα
637 5565 732 5617 τοῦ
764 5566 989 5637 χαλκοῦ.
1029 5569 1152 5621 Ἔτι
1180 5568 1315 5638 γοῦν
1358 5569 1744 5640 βασανίζοντος

189 5647 272 5702 τοῦ
310 5651 567 5709 δικαστοῦ
602 5658 787 5712 ἁπαλά
817 5659 1121 5729 παιδαρίων
1150 5662 1407 5730 σώματα,
1435 5665 1582 5723 τινὲς
1609 5663 1740 5735 παρ’

190 5737 312 5791 αὑτά
347 5746 745 5814 μεμενήκασιν,
773 5747 880 5800 οὐδ’
909 5751 1061 5813 ὁσίας
1085 5750 1259 5819 ταφῆς
1284 5752 1737 5822 κοινωνήσαντες,

189 5829 375 5915 γονέων
410 5835 507 5887 καὶ
558 5835 803 5905 ἀδελφῶν
834 5841 930 5894 καὶ
972 5842 1270 5910 συγγενῶν,
1308 5844 1403 5896 καὶ
1430 5846 1631 5915 πάσης,
1663 5847 1738 5913 ὡς

189 5914 303 5983 ἔπος
340 5922 531 5995 εἰπεῖν,
561 5928 657 5997 τῆς
694 5930 919 5998 πόλεως,
953 5934 1081 6000 μίαν
1118 5933 1266 6002 αὐτῷ
1320 5936 1616 5992 αἰτούντων
1656 5938 1738 5992 δο-

1857 4836 2022 4905 paulo
2068 4843 2195 4903 post
2242 4835 2513 4890 diaconus
2554 4834 2800 4901 quidam,
2836 4834 2929 4903 qui
2966 4849 2995 4887 a
3031 4833 3231 4888 dilecto
3267 4830 3436 4884 fratre

1853 4933 2044 4980 nostro
2092 4924 2321 4980 Damaso
2376 4925 2640 4980 Romanae
2670 4922 2851 4978 -urbis
2901 4921 3184 4991 episcopo,
3219 4918 3285 4971 ad
3331 4932 3433 4970 nos

1854 5018 2258 5073 consolatorias
2311 5017 2477 5072 simul
2528 5025 2585 5072 et
2640 5013 3166 5071 communicatorias
3215 5010 3441 5071 litteras,

1852 5108 2134 5174 attulerat,
2170 5108 2433 5164 revinctis
2480 5107 2537 5162 in
2581 5118 2796 5176 tergum
2838 5102 3095 5157 manibus
3129 5114 3239 5154 non
3269 5096 3433 5151 aliter

1852 5218 2017 5271 quam
2068 5200 2303 5271 insignis
2353 5199 2645 5270 quisquam
2701 5212 2765 5251 ex
2818 5191 3080 5248 maleﬁcis
3127 5190 3291 5252 latro,
3332 5203 3433 5256 pu-
3542 5258 3548 5263 .

1852 5295 1994 5348 blice
2023 5310 2052 5348 a
2078 5294 2433 5348 carnificibus
2456 5302 2542 5345 est
2567 5292 2788 5344 ductus.
2818 5288 2996 5355 Atque
3022 5284 3115 5339 ubi
3144 5281 3430 5338 crudelius
3452 5280 3483 5311 ‘

1849 5390 2016 5443 etiam
2071 5404 2233 5457 quam
2290 5384 2586 5440 homicidae
2637 5381 2850 5445 solent,
2906 5387 2993 5433 est
3047 5374 3427 5438 excruciatus,

1850 5479 2110 5547 saxisque
2159 5486 2216 5532 et
2266 5476 2542 5548 plumbeis
2590 5473 2751 5528 uncis
2790 5473 2843 5526 in
2884 5470 3198 5526 cervicibus
3232 5468 3426 5522 admo-

1847 5572 1977 5624 dum
2012 5569 2340 5639 flagcllatus,
2378 5567 2583 5637 scapha
2626 5566 2681 5621 in
2722 5580 2876 5620 mare
2917 5562 3224 5627 descendit,
3258 5567 3427 5630 atque
3468 5620 3485 5627 χ

1848 5662 2039 5716 itidem
2077 5670 2137 5714 ut
2168 5660 2259 5715 alii
2297 5661 2513 5732 signum
2549 5659 2749 5713 divina:
2785 5657 2967 5713 cruris
3000 5656 3055 5710 in
3089 5654 3275 5709 fronte
3320 5652 3424 5706 im-

1846 5771 2096 5824 pressum
2132 5754 2363 5817 habens,
2395 5769 2543 5809 cura:
2576 5765 2740 5823 a'que
2773 5751 2953 5805 solatii
2991 5747 3172 5804 omnis
3201 5757 3419 5814 expers.

1844 5849 2196 5904 Pliennesum
2232 5846 2286 5901 in
2318 5847 2560 5910 metalla,
2593 5863 2717 5916 qure
2746 5845 2871 5902 teris
2898 5852 3046 5906 sunt,
3079 5840 3281 5894 missus
3311 5846 3417 5891 est.

1843 5940 2073 6005 insuper
2108 5954 2232 5995 cum
2267 5940 2528 6005 quwsitor
2567 5948 2756 5996 tenera
2802 5950 3097 5998 puerorum
3133 5927 3397 5988 excarnifi
