3796 6536
453 467 554 534 667

1640 445 2056 517 NICEPHORI
2102 441 2434 504 CALLlSTl
3535 439 3614 503 εει
3681 416 3688 423 ’

453 595 604 638 caret
638 595 892 652 corpora,
929 581 1181 637 nonnulli
1218 580 1361 653 apud
1387 596 1450 636 ea
1480 588 1834 651 permansere
1862 570 2013 626 cada-

2124 563 2286 630 θῆναι
2347 553 2446 628 τήν
2497 559 2732 626 ὑστάτην
2782 555 2988 625 ταύτην
3044 553 3394 623 παράκλησιν.
3435 559 3548 611 Ἀλλ’
3583 564 3618 616 ὼ

454 691 576 729 vera
602 676 748 745 justa
793 674 1078 743 sepultura
1110 673 1427 728 frautlantes
1456 689 1471 726 :
1499 687 1622 726 cum
1661 667 1881 738 quidem
1918 679 2014 734 pa-

453 776 636 820 rentes
665 773 720 820 et
748 765 944 820 fratres
976 773 1034 819 et
1073 767 1312 836 cognati,
1350 764 1483 818 urbs
1516 763 1755 830 denique
1793 761 2019 828 (prope-

454 857 726 923 modum)
773 866 904 923 tota,
953 872 1122 911 unum
1173 856 1279 910 hoc
1324 870 1458 909 suos
1500 851 1798 922 sepeliendi
1839 858 2018 905 extre-

454 965 602 1003 mum
639 950 893 1004 solatium
940 949 1042 1002 sibi
1093 949 1321 1002 concedi
1365 953 1637 1016 peterent.
1673 944 1801 1008 Sed,
1842 957 1874 994 ο
1917 942 2022 996 imo

454 1057 696 1096 mensam
734 1039 981 1107 praetoris
1013 1049 1068 1093 et
1097 1039 1318 1104 judicis,
1352 1054 1415 1093 ac
1456 1038 1644 1107 potius
1682 1035 2010 1090 condemna-

456 1131 589 1187 toris
617 1129 1108 1186 inlmmanitateml
1150 1129 1242 1198 qui
1277 1146 1375 1198 pro
1410 1129 1615 1198 pietate
1642 1127 2015 1189 decertarunt,

455 1236 521 1276 ne
555 1220 849 1275 homicidia
875 1219 1119 1289 quidem.
1156 1220 1481 1289 corporibus
1513 1233 1704 1272 eorum
1737 1217 2017 1285 sepultura

453 1311 806 1372 carentibus,
869 1309 1263 1374 conferuntur;
1327 1311 1419 1378 qui
1485 1307 1688 1361 bonum
1756 1319 2017 1374 peregere

453 1408 755 1458 certamen,
803 1397 934 1451 feris
979 1407 1035 1452 et
1086 1397 1401 1450 volucribus
1449 1409 1572 1450 esr-a
1604 1393 2012 1463 projiciuntur;

451 1490 540 1558 qui
575 1489 826 1558 patribus
857 1498 1082 1558 propter
1133 1489 1529 1542 conscientiam
1571 1503 1669 1556 pro
1710 1486 2019 1540 misericor-

451 1580 554 1634 dia:
591 1579 791 1634 aﬂectu
832 1579 1235 1635 condolendum
1287 1579 1392 1634 sibi
1429 1593 1550 1634 esse
1595 1586 1858 1640 statuere,
1895 1591 2016 1644 per-

453 1672 579 1726 inde
617 1683 781 1741 atque
819 1673 1080 1740 injustum
1115 1671 1245 1742 quid
1283 1682 1338 1726 et
1377 1672 1604 1738 impium
1640 1669 2016 1732 admisissent,

451 1765 630 1832 capite
665 1766 1002 1834 plectuntur.
1041 1764 1298 1830 Quaenam
1349 1752 1720 1817 Romanorum
1757 1761 1863 1821 lex,
1895 1774 2016 1828 quae

454 1857 813 1909 barbarorum
863 1855 1161 1916 sententia,
1207 1855 1260 1908 in
1315 1871 1411 1910 eos
1461 1855 1555 1922 qui
1612 1867 1708 1920 per
1755 1851 2010 1919 pietatem

2119 655 2319 723 πολλῆς
2344 651 2740 721 ἀπανθρωπίας
2783 649 2880 702 τοῦ
2909 645 3243 711 δικάζοντος,
3275 647 3452 716 μᾶλλον
3474 650 3521 703 δι
3546 655 3616 706 τοῦ

2117 748 2537 816 κατακρίνοντος
2561 746 2574 796 l
2607 745 2656 796 οί
2675 744 2741 797 δι’
2776 741 3056 795 εὐσέϐειαν
3073 740 3392 808 ἀθλήσαντες
3419 745 3620 808 φονεῦσιν

2117 841 2176 893 οὐ
2234 837 2632 905 συνεκρίνοντο,
2667 835 2867 902 ἄταφοι
2920 832 3174 903 μένοντες
3206 830 3272 884 τὰ
3319 831 3549 901 σώματαο
3584 840 3619 889 si

2121 931 2298 990 καλῶς
2322 928 2716 996 ἀγωνιζόμενοι
2744 927 2954 996 θηρίοις
2976 927 3068 978 καὶ
3093 925 3310 994 πτηνοῖς
3340 925 3462 993 πρὸς
3491 927 3621 998 βορὰν

2119 1020 2504 1091 ὲῤῥιπτοῦντο·
2535 1021 2586 1072 οἱ
2612 1018 2970 1086 συμπαθῆσαι
3003 1013 3402 1085 βεϐουλευμένοι
3427 1021 3622 1086 πατράσι

2117 1114 2204 1168 διά
2227 1117 2323 1178 τὴν
2353 1114 2678 1183 συνείδησιν,
2733 1113 2830 1178 τὴν
2857 1109 3100 1180 κεφαλὴν
3142 1108 3218 1172 ὡς
3246 1107 3510 1178 παράνομα
3526 1109 3623 1178 aps.

2119 1223 2308 1267 σαντες
2337 1188 2725 1271 ἀπετέμνοντο.
2759 1204 2915 1266 Ποῖος
2948 1202 3116 1271 νόμος
3149 1199 3443 1268 Ῥωμαίων,
3461 1199 3569 1252 ποία
3584 1201 3627 1254 δὲ

2116 1298 2312 1368 γνώμη
2349 1296 2645 1366 βαρϐάρων
2673 1295 2788 1358 τοῖς
2816 1294 3058 1363 πατράσι
3092 1289 3496 1359 συμπαθοῦντας
3515 1292 3625 1358 ἠμύ-

2119 1407 2282 1455 νατο;
2308 1391 2414 1442 Ποῦ
2436 1406 2519 1450 τις
2533 1388 2643 1441 τῶν
2668 1387 2918 1440 παλαιῶν
2959 1402 3092 1438 ποτε
3117 1385 3310 1454 ἔδρασε
3353 1384 3561 1436 τοιοῦτόν
3591 1402 3630 1436 τι

2121 1480 2437 1548 παράνομον
2459 1478 2774 1543 ςἙκέλευσέ
2804 1495 2932 1529 ποτε
2957 1473 3159 1544 Φαραὼ
3180 1514 3195 1537 ,
3224 1473 3533 1542 ἀναιρεῖσθαι
3552 1474 3632 1526 τῶν

2144 1572 2410 1642 Ἐϐραίων
2443 1573 2510 1624 τά
2540 1572 2744 1642 ἀρρενα
2763 1585 2778 1602 σ
2809 1569 2943 1622 ἀλλὰ
2972 1567 3164 1636 φθόνος
3198 1567 3294 1619 καὶ
3316 1566 3426 1627 δέος
3446 1565 3634 1618 ὑπέϐαλε

2117 1663 2275 1717 τοῦτο
2297 1667 2353 1717 τὸ
2372 1661 2882 1733 πρόσταγμαᾘόσῳ
2900 1659 2968 1713 τὰ
2995 1658 3116 1712 τότε
3133 1657 3246 1711 τῶν
3269 1656 3360 1708 νῦν
3381 1656 3635 1724 φιλανθρωο

2120 1757 2348 1828 πότερις
2375 1757 2525 1824 πόσῳ
2545 1755 2771 1807 ποθεινὰ
2797 1753 2930 1822 πρὸς
2951 1753 3160 1821 αἵρεσιν
3177 1749 3500 1818 ἀδικήματα;
3523 1748 3638 1817 πόσῳ

2125 1848 2372 1918 βελτίονα
2402 1848 2536 1917 πρὸς
2578 1847 2863 1916 σύγκρισιν
2894 1845 3263 1912 άνομήματας
3300 1839 3410 1893 Κάν
3439 1839 3637 1901 ἀλλήλων

451 1947 699 2014 patribus
749 1947 1126 2009 eondolerent,
1150 1915 1587 2001 animadvertit?
1615 1915 1721 2000 VUbi
1757 1915 2010 1996 veterum

2122 1915 2176 1994 αἱ
2202 1941 2389 1992 κακίαι
2429 1915 2502 2008 μὴ
2531 1915 2894 2008 χωρίζωνται,
2925 1935 3120 1989 ἄπεστι
3141 1933 3210 1985 τά
3232 1931 3486 2001 λεγόμενα
3505 1931 3640 1983 ἀπάν-

449 2037 738 2106 quisquam
785 2053 1024 2106 unquam
1059 2047 1165 2091 tam
1199 2037 1539 2106 illegitimnm
1579 2044 1634 2088 et
1670 2033 1898 2102 impium
1930 2033 2008 2086 fa-

2117 2032 2311 2098 θρωπα
2327 2031 2424 2084 καὶ
2440 2029 2610 2089 δεινὰ,
2625 2029 2752 2098 ὼμά
2771 2029 2865 2081 καὶ
2882 2026 3153 2096 βάρϐαρα,
3172 2024 3371 2092 ἀνηλεῆ
3387 2024 3472 2075 καὶ
3486 2027 3638 2092 πικρά.

449 2133 607 2188 ciuus
653 2134 822 2188 fecit?
857 2136 1032 2189 Jussit
1083 2135 1358 2204 quondam
1409 2132 1624 2186 Pharao
1671 2132 2022 2186 Hebraeorum
2064 2129 2243 2183 occidi
2311 2130 2609 2183 masculos.
2647 2126 2802 2198 163
2865 2127 2932 2178 At
2961 2122 3166 2178 invidia
3192 2129 3252 2176 et
3277 2129 3449 2175 metus
3472 2120 3562 2174 hoc
3585 2121 3641 2174 illi

449 2227 686 2298 subjecit
719 2229 984 2282 edit-tum.
1019 2228 1217 2282 Verum
1247 2235 1452 2296 quanto
1487 2227 1577 2280 illa
1611 2235 1812 2288 vetera,
1853 2240 2014 2293 quam
2053 2221 2342 2292 praesentia
2377 2221 2514 2280 haec.
2551 2218 2912 2274 humaniora‘l
2937 2224 3146 2286 quanto
3176 2214 3245 2268 ad
3281 2214 3540 2284 optionem
3581 2213 3642 2266 in-

452 2324 610 2393 iurire
644 2324 1138 2379 desiderabiliora?
1168 2335 1371 2393 quanto
1401 2323 1467 2376 ad
1503 2322 1848 2376 collationem
1883 2319 2188 2388 iniquitatis
2224 2318 2485 2372 meliora?
2518 2315 2777 2383 Quamvis
2808 2315 3138 2370 vitiositates
3173 2327 3201 2366 a
3245 2311 3434 2380 scipsis
3461 2310 3642 2364 interse

451 2432 559 2474 non
597 2418 1005 2488 disgregentur;
1039 2434 1101 2474 ea
1135 2435 1253 2488 qua:
1283 2419 1428 2472 dicta
1460 2428 1608 2481 sunt,
1641 2417 1830 2483 inﬁda,
1873 2417 2194 2472 inhumana.
2224 2416 2430 2482 gravia,
2477 2415 2612 2477 fera,
2644 2412 2900 2476 barbara,
2946 2410 3189 2465 crudelia
3227 2419 3287 2463 et
3319 2409 3498 2462 acerba
3525 2418 3642 2460 sunt.

525 2528 545 2562 ι
574 2515 748 2580 Atque
777 2513 929 2566 hisce
957 2515 1142 2574 rebus,
1173 2513 1263 2581 qui
1294 2511 1547 2564 Arianam
1581 2511 1853 2565 insaniam
1878 2525 2013 2563 con-

450 2605 802 2658 sectabantur
836 2604 1232 2674 gloriabantur.
1267 2603 1484 2658 Etcum
1519 2602 1715 2657 civitas
1743 2603 1924 2655 omnis
1957 2602 2012 2655 in

451 2692 602 2746 luctu
651 2701 798 2746 esset
854 2695 982 2763 (non
1032 2692 1178 2748 enim
1216 2701 1336 2747 erat
1391 2692 1501 2747 ulla
1554 2692 1776 2755 domus,
1814 2693 2014 2761 inqua

452 2801 560 2839 non
596 2795 742 2840 esset
775 2795 1044 2849 mortuus,
1079 2785 1242 2840 sicuti
1279 2785 1331 2838 in
1365 2785 1555 2839 Exodo
1587 2786 1851 2854 scriptum
1882 2784 2011 2849 est),

451 2892 558 2930 non
595 2878 926 2946 quieverunt
961 2889 1168 2940 tamen,
1194 2878 1286 2947 qui
1316 2877 1679 2932 insatiabilem
1714 2877 1816 2930 sibi
1851 2891 2013 2930 exer-
2046 2918 2090 2978 ϐ

449 2970 583 3022 citio
636 2969 703 3023 ad
758 2971 1104 3040 iniquitatem
1163 2971 1408 3024 habitum
1454 2977 1865 3038 compararunt.
1906 2968 2015 3022 Vo-

451 3059 664 3114 luntate
716 3064 864 3115 enim
921 3071 977 3114 et
1026 3061 1258 3115 arbitrio
1297 3077 1397 3115 suo
1450 3061 1516 3114 ad
1576 3075 1664 3114 res
1709 3059 2017 3115 deteriores

449 3151 776 3212 assuefacto,
805 3152 1279 3222 improbitatisque
1313 3167 1526 3206 veneno
1555 3152 1621 3204 ad
1654 3151 2017 3220 provinciales

447 3245 741 3314 episcopos
768 3262 938 3315 usque
961 3254 1202 3309 extento,
1235 3246 1591 3316 largitionum
1621 3245 1823 3299 comite
1850 3258 2013 3314 quem

450 3332 693 3386 diximus
731 3332 922 3403 Magno
963 3335 1196 3388 satellite
1225 3335 1392 3388 etiam
1433 3333 1500 3388 ad
1551 3333 1875 3403 injustitiam
1912 3333 2016 3392 usi.

451 3425 666 3492 aliquos
716 3424 937 3494 quidem
987 3425 1426 3494 cnrizejudicum
1479 3424 1866 3486 tradiderunt,
1913 3425 2016 3477 ali-

445 3515 654 3584 quibus
688 3526 870 3571 autcm
904 3517 1107 3586 quibus
1146 3517 1372 3571 voluere
1394 3515 1818 3570 mortisinsidias
1849 3525 2020 3570 teten-

449 3605 672 3669 derunt,
716 3607 864 3661 omni
919 3623 986 3661 ex
1035 3616 1190 3677 parte
1241 3622 1458 3671 onmes,
1499 3607 1636 3660 nihil
1688 3607 2016 3660 intentatum

452 3695 836 3764 relinquendo,
884 3698 950 3750 ad
983 3697 1323 3766 impietatem
1373 3698 1528 3766 quasi
1580 3697 1770 3751 venari
1807 3707 1862 3751 et
1895 3713 2018 3766 per—

449 3787 670 3842 trahere
720 3789 987 3842 volentes.
1050 3789 1306 3843 Sedenim
1379 3788 1564 3842 omnia
1616 3788 2016 3842 circumeundo

443 3878 600 3947 juxta
651 3881 872 3934 hazresis
912 3897 1024 3934 sua!
1078 3890 1288 3950 patrem
1339 3879 1645 3944 diabolum,
1706 3890 2018 3949 qttmrcntes

447 3986 613 4040 quem
637 3971 929 4033 devorent,
963 3973 1110 4042 quod
1147 3973 1214 4027 de
1251 3989 1466 4027 summa
1521 3989 1702 4027 rerum
1754 3973 2016 4042 despera-

448 4074 594 4124 rent,
630 4063 882 4119 undecim
928 4080 994 4118 ex
1031 4064 1261 4136 Egypto
1308 4067 1617 4134 episcopos,
1648 4065 1799 4120 viros
1846 4066 1937 4134 qui
1987 4081 2016 4119 a

446 4167 635 4220 pueris
677 4153 744 4207 ad
797 4166 1138 4209 senectutem
1193 4171 1368 4224 usque
1419 4157 1642 4208 virtutis
1692 4166 1749 4209 ct
1799 4155 2018 4224 pietatis

444 4246 768 4300 exercendae
813 4248 987 4315 gratia
1029 4247 1388 4302 solitudinem
1424 4247 1727 4312 incoluere,
1763 4247 2014 4302 doctrina

446 4349 502 4390 et
532 4335 690 4390 factis
742 4338 1054 4406 voluptates
1094 4339 1482 4409 subjugaverc,
1519 4339 1748 4392 verioris
1796 4340 2016 4407 pictatis

450 4429 608 4482 [idem
661 4430 1032 4498 deprazdicare
1067 4446 1174 4484 non
1207 4431 1504 4494 erubuere,
1551 4429 1772 4500 pictatis
1822 4429 2016 4498 dogma

448 4536 556 4574 una
592 4537 718 4574 cum
749 4523 889 4576 lacte
921 4521 1208 4585 imbibere,
1241 4521 1522 4574 victoriam
1559 4536 1701 4588 saepe
1747 4535 1775 4572 ει
1815 4520 2018 4572 daemo-

2201 2509 2342 2560 Ἀλλ’
2375 2511 2433 2560 ὲν
2469 2507 2682 2570 τούτοις
2713 2505 2991 2574 ὲγαυρίων
3021 2506 3070 2558 οί
3105 2504 3204 2572 τῆς
3253 2501 3460 2568 Ἀρείου
3492 2501 3647 2568 μανίας

2103 2597 2353 2668 ¹ὑπήκοοι
2384 2597 2726 2670 χορεύοντες.
2754 2597 2864 2665 Τῆς
2893 2596 2949 2648 δὲ
2984 2594 3193 2656 πόλεως
3227 2591 3408 2656 πάσης
3431 2591 3646 2659 ὀλοᾳυρο-

2121 2692 2290 2761 μένης
2314 2691 2436 2760 (οὑκ
2465 2685 2534 2760 ἦν
2566 2691 2675 2758 γὰρ
2693 2689 2842 2742 οίκία
2861 2690 2917 2739 ἓν
3006 2687 3106 2738 οὐκ
3122 2681 3190 2756 ἦν
3209 2682 3502 2752 τεθνηκὼς,
3529 2682 3589 2744 ὼς
3606 2684 3648 2733 ὲν

2120 2787 2185 2853 τῇ
2241 2784 2436 2853 Ἐξόδῳ
2461 2781 2822 2852 γέγραπται),
2843 2781 2944 2833 οὐκ
2959 2779 3253 2850 ἠρέμησαν
3284 2777 3460 2837 πάλιν,
3497 2775 3540 2826 oi
3573 2773 3649 2842 τὴν

2119 2874 2235 2940 ἕξιν
2267 2877 2568 2944 ἀκόρεστον
2604 2876 2738 2944 πρὸς
2774 2871 3124 2941 παρανομίαν
3175 2870 3538 2938 ἀσκήσαντες·
3582 2867 3650 2919 ἐπὶ

2125 2968 2235 3037 γὰρ
2264 2969 2330 3019 τὰ
2360 2969 2528 3035 χείρω
2576 2967 2676 3035 τὴν
2709 2965 3032 3036 προαίρεσιν
3076 2962 3471 3033 γυμνάζοντες,
3523 2959 3650 3026 μέχρι

2121 3055 2232 3107 τῶν
2261 3055 2362 3121 τῆς
2422 3057 2689 3125 ἐπαρχίας
2721 3053 3040 3106 ἐπισκόπων
3069 3053 3161 3106 τὸν
3196 3053 3334 3105 ίδιον
3368 3051 3460 3118 τῆς
3500 3052 3651 3110 κακίας

2125 3147 2202 3202 ίδν
2231 3149 2662 3208 ἐπεκτείνοντες,
2695 3147 2984 3216 δορυφόρῳ
3030 3148 3168 3216 πρὸς
3220 3144 3437 3198 ἀδικίαν
3466 3142 3535 3212 τῷ
3570 3143 3650 3194 τῶν

2122 3243 2486 3312 λαργιτιόνων
2541 3245 2818 3312 χρώμενοι
2873 3242 3118 3312 κόμητι,
3182 3240 3266 3309 τῷ
3315 3238 3650 3310 προειρημένῳ

2121 3334 2353 3405 Μάγνῳ,
2387 3334 2514 3396 τοὺς
2563 3334 2663 3404 μὲν
2705 3332 3084 3404 βουλευτηρίῳ
3117 3331 3450 3404 παρέδοσαν.
3495 3334 3600 3389 τοὺς
3621 3328 3651 3380 δ’

2121 3425 2318 3488 ἀλλους
2343 3426 2402 3478 δν
2434 3425 2723 3479 ἐϐούλοντο
2761 3425 2963 3494 τρόπον
3009 3423 3333 3493 ἐνήδρευον,
3364 3421 3654 3491 πανταχόθεν

2123 3517 2262 3587 πρὸς
2292 3517 2549 3572 ἀσέϐειαν
2591 3518 2720 3580 τοὺς
2771 3517 2982 3580 πάντας
3027 3516 3300 3584 θηρεῦσαι
3359 3514 3653 3587 βουλόμενοι,

2121 3611 2274 3664 οὐδὲν
2325 3611 2556 3678 ἀφέντες
2608 3609 2917 3680 ἀτόλμητον
2951 3625 2964 3640 ·
3027 3611 3162 3662 ἀλλά
3210 3610 3327 3678 γὰρ
3381 3608 3472 3664 καὶ
3516 3607 3655 3662 πάντα

2121 3701 2560 3772 περιερχόμενοι.
2591 3701 2734 3755 κατά
2772 3702 2865 3754 τ“.ν
2887 3701 3020 3753 ίδιον
3047 3700 3148 3768 τῆς
3179 3700 3457 3768 αίρέσεως
3483 3699 3656 3767 πατέρι

2119 3793 2389 3853 διάϐολον,
2427 3792 2722 3864 ζητοῦντές
2768 3810 2891 3846 τινα
2940 3794 3261 3847 καταπιεῖν.
3299 3791 3534 3846 Καθόλου
3571 3790 3657 3844 τοί-

2121 3903 2220 3939 νυν
2251 3886 2404 3956 παρὰ
2458 3887 2675 3940 πάντων
2719 3887 3114 3957 ἀπορούμενοι,
3160 3886 3224 3938 ὲν
3271 3885 3406 3939 δέκα
3451 3883 3550 3938 τῶν
3577 3881 3657 3935 ἀπὸ

2119 3978 2222 4046 τῆς
2261 3976 2537 4046 Αίγύπτου
2590 3977 2684 4032 τὸν
2743 3977 2980 4048 ἀριθμὸν
3019 3978 3370 4040 ἐπισκόπων,
3402 3975 3584 4044 ἄνδρας
3612 3974 3658 4024 ἐκ

2122 4073 2340 4124 παιδίου
2394 4072 2558 4142 μέχρι
2605 4071 2794 4142 γήρως
2823 4070 2922 4142 τὴν
2972 4071 3181 4141 ἔρημον
3214 4072 3505 4140 ἀσκήσεως
3533 4068 3660 4138 χάριν

2120 4167 2474 4234 οἰκήσαντας,
2506 4165 2603 4218 καὶ
2623 4163 2768 4233 λόγῳ
2791 4163 2886 4218 καὶ
2917 4163 3114 4236 πράξει
3141 4167 3244 4227 τὰς
3276 4163 3469 4233 ἡδονὰς
3496 4158 3660 4216 emt.

2125 4255 2344 4321 ξαντας,
2378 4256 2473 4308 καὶ
2505 4256 2604 4324 τὴν
2651 4255 2852 4313 εὐσεϐῆ
2886 4255 3075 4308 πίστιν
3106 4254 3556 4324 ἀνεπαισχύντως
3581 4267 3660 4317 κη-

2124 4343 2435 4414 ρύττοντας,
2493 4345 2588 4396 καὶ
2639 4346 2708 4398 τά
2771 4345 2875 4413 τῆς
2922 4343 3209 4406 εὐσεϐείας
3257 4340 3660 4412 γαλουχηθέντας

2119 4435 2394 4502 δόγματα,
2427 4433 2523 4486 καὶ
2569 4432 2726 4502 νίκην
2759 4433 3022 4498 πολλάκις
3064 4434 3204 4486 κατά
3262 4433 3535 4502 δαιμόνων
3556 4427 3662 4480 ἐπά-

2125 4541 2348 4596 ραντας,
2373 4525 2546 4596 ἀρετῇ
2573 4523 2966 4588 δυσωποῦντας
2995 4526 3088 4578 τὸν
3120 4525 3448 4587 ἀντίπαλον,
3481 4523 3562 4574 καὶ
3585 4519 3660 4586 τὴν

447 4612 612 4666 nibus
673 4613 932 4677 retulere,
985 4614 1184 4666 virtute
1232 4612 1610 4666 adversarium
1670 4610 1904 4679 fregere,
1957 4619 2013 4664 ct

2131 4618 2420 4687 Ἀρειανὴν
2453 4616 2754 4686 σοφωτάτῳ
2787 4615 2931 4686 λόγῳ
2971 4613 3397 4685 στηλιτεύοντσς
3446 4614 3660 4683 αἵρεσινο

402 4731 407 4735 -
447 4704 700 4758 Arianam
749 4714 952 4758 sectam
992 4705 1241 4757 oratione
1290 4703 1690 4772 sapientissimo
1739 4702 1910 4756 veluti
1954 4703 2008 4754 in

444 4798 755 4850 columnam
794 4798 1020 4851 incisam
1061 4795 1374 4861 traduxerc,
1407 4796 1834 4849 instrumentum
1877 4793 2010 4847 feri-

447 4887 572 4939 tatis
602 4903 727 4940 eum
749 4903 911 4955 quem
941 4904 1079 4955 satpe
1103 4887 1342 4940 diximus
1369 4886 1663 4949 habentes,
1692 4886 2008 4939 exsulatum

447 4979 499 5030 in
536 4979 672 5032 orbe
723 4988 912 5032 nostro
951 4979 1093 5046 apud
1130 4977 1343 5032 Domini
1389 4994 1743 5047 percuswres
1791 4977 2011 5032 Jndmos

445 5070 498 5122 in
536 5072 815 5125 civitatem
876 5070 1269 5123 Diocwsareatn
1329 5071 1551 5124 misere.
1595 5069 2010 5134 Verumtamen,

443 5164 604 5216 sicuti
641 5164 814 5217 Orcus
851 5177 946 5216 seu
982 5162 1251 5228 infernus,
1288 5164 1519 5215 fratrum
1551 5176 1728 5215 morte
1761 5164 2002 5216 nondum

442 5253 670 5322 expleti,
703 5253 905 5320 ubique
930 5262 1201 5307 terrarum
1231 5253 1517 5307 dementes
1539 5262 1595 5306 et
1625 5253 1830 5320 stupidi
1863 5269 2014 5305 mor-

446 5345 580 5398 tales
613 5343 832 5398 szevitize
864 5360 976 5399 sua:
1003 5355 1418 5400 monumentum
1449 5345 1671 5413 aliquod
1699 5346 2008 5414 relinquere

444 5445 571 5489 sunt
599 5437 743 5501 ausi,
780 5439 1125 5494 nobilitatem
1176 5455 1244 5494 ex
1286 5439 1592 5493 malefaCtis
1648 5450 2006 5507 aucupantes.
2054 5468 2060 5475 -

444 5531 584 5584 l-chc
641 5531 788 5585 enim
840 5547 1060 5586 rursum
1117 5533 1380 5587 Ecclesiae
1432 5531 1719 5586 catholicae
1778 5531 2012 5586 clericos

444 5623 748 5678 AtttiOChitB
785 5624 1072 5692 degentes,
1102 5638 1208 5677 una
1241 5638 1365 5678 cum
1409 5622 1664 5692 probatis
1701 5623 2004 5687 monachis,

441 5717 532 5784 qui
564 5732 754 5771 eorum
794 5717 1091 5772 insolentes
1115 5717 1365 5772 actiones
1394 5715 1715 5770 testimonio
1741 5732 1841 5770 suo
1871 5731 2007 5769 con-

445 5818 749 5868 ﬁrmarent.
809 5810 899 5863 ubi
950 5809 1265 5878 imperiales
1325 5825 1490 5863 aures
1525 5809 1764 5878 querelis
1816 5817 2008 5862 contra

445 5915 544 5956 lms
600 5903 867 5956 institutis
917 5899 1301 5965 obtuderunt,
1357 5901 1771 5955 Neocaesaream
1845 5902 2005 5955 l’outi

2123 4707 2359 4777 ὄργανον
2389 4705 2673 4776 ὠμότητος
2698 4704 2793 4758 τοῦ
2821 4705 3228 4776 προειρημένου
3256 4705 3488 4771 ἔχοντες,
3522 4701 3658 4768 ὑπερο

2123 4799 2311 4869 ορίους
2365 4800 2732 4866 πεποιήκασιν
2763 4798 2821 4850 ὲν
2854 4797 3150 4867 οἰκουμένῃ
3188 4797 3344 4866 παρα
3373 4798 3477 4848 τῶν
3509 4810 3661 4862 κυριο-

2123 4891 2329 4945 κτόνων
2363 4889 2638 4943 Ἰουδαίων
2665 4890 2819 4942 πόλει
2856 4887 3101 4954 τοῦνομα
3125 4888 3532 4956 Διοκαισαρείᾳ.
3574 4883 3659 4936 Καὶ

2122 4984 2270 5051 ὅμως
2312 4983 2386 5045 ὡς
2415 4983 2442 5034 ὁ
2472 4980 2604 5052 ᾅδης
2639 4980 2730 5032 ἐπὶ⁵
2765 4979 2984 5051 θανάτῳ
3025 4982 3134 5032 τῶν
3162 4980 3418 5048 ἀδελφῶν
3464 4980 3555 5031 οὐκ
3589 4980 3662 5043 ἑμ-

2123 5073 2477 5141 πιπλάμενοι,
2513 5072 2830 5143 ἁπανταχοῦ
2863 5073 2969 5141 γῆς
2996 5072 3305 5142 ἐτόλμησαν
3334 5075 3383 5125 οἱ
3408 5072 3659 5138 παράφρο-

2121 5182 2208 5228 νες
2250 5165 2344 5218 καὶ
2377 5163 2662 5232 ἀϐέλτεροι
2695 5167 2792 5233 τῆς
2817 5163 3026 5226 οἰκείας
3052 5164 3343 5234 ὠμότητος
3375 5159 3660 5228 καταλεῖψσι

2127 5259 2494 5328 μνημόσυνον,
2533 5259 2599 5310 ἑκ
2627 5257 2814 5310 κακῶν
2837 5258 2981 5325 ἔχειν
3025 5257 3084 5310 τὸ
3112 5256 3409 5327 γνώρισμα
3435 5251 3660 5324 βουλόμε-

2119 5366 2220 5402 νοι.
2257 5349 2390 5402 Ἰδοὺ
2424 5349 2534 5418 γὰρ
2583 5348 2749 5401 πάλιν
2784 5347 3083 5418 κληρικοὺς
3113 5347 3214 5417 τῆς
3242 5345 3538 5414 καθολικῆς
3569 5343 3664 5396 Ἐκο

2122 5442 2378 5510 κλησίας,
2402 5444 2460 5495 ἐν
2489 5442 2795 5513 Ἀντιοχείᾳ
2821 5443 3201 5511 διατρίϐοντας
3233 5443 3356 5511 ἅμα
3384 5437 3660 5494 σπουδαίοις

2129 5532 2422 5602 μονάζουσι
2446 5533 2516 5586 τὰ
2554 5532 2652 5600 τῆς
2683 5532 3134 5608 δραματουργίας
3165 5533 3348 5586 αὐτῶν
3396 5527 3664 5601 διαμαρτύ-

2125 5625 2324 5694 ρασθαι
2351 5623 2750 5694 πρόθεμένους,
2789 5623 3074 5692 βασιλικὰς
3107 5625 3417 5694 ὴχὴσαντες
3446 5622 3558 5675 κατ’
3584 5619 3662 5672 σὺν

2121 5716 2232 5768 τῶν
2267 5717 2460 5780 ἀκοάς,
2507 5716 2606 5786 τὴν
2651 5715 3089 5786 Νεοκαισάρειαν
3139 5715 3231 5770 τοῦ
3268 5717 3477 5770 Πόντου
3521 5712 3660 5764 οἰκεῖν

2122 5808 2586 5877 παρεσκεύασαν·
2619 5809 2667 5861 οἳ
2718 5808 2855 5876 τάχα
2907 5810 3000 5861 καὶ
3040 5809 3134 5860 τοῦ
3166 5810 3264 5878 ζῇν
3314 5805 3659 5877 ἐστερήθησαν

2115 5900 2201 5952 διὰ
2237 5900 2334 5970 τὴν
2374 5900 2479 5951 τῶν
2530 5899 2708 5954 τόπων
2747 5900 3070 5970 ἀγριότητα.
3125 5901 3399 5962 Τοιαύτας
3441 5903 3466 5951 ὁ
3497 5895 3660 5952 nam“
