3912 6548
332 295 363 313 κ

301 516 399 580 θῦν

1220 501 1816 568 ECCLESIASTICIE
1850 500 2236 562 HISTORIA?
2274 500 2420 561 ΠΒ.
2467 500 2569 562 Χῖ.

3419 498 3534 560 ίέῗθ

301 633 494 689 ἐκεῖνος
522 627 744 693 ἐδέξατο
768 625 1100 697 τραγῳδίας,
1130 624 1291 690 σιγῆς
1318 622 1417 692 μὲν
1451 614 1544 674 οὖν
1572 618 1667 671 καὶ
1685 615 1858 687 λήθης

1963 614 2233 686 proscribi
2265 625 2551 670 curarunt.
2584 611 2744 685 16.5.
2765 612 2869 681 Qui
2901 612 3053 668 brevi
3079 612 3267 675 etiam,
3291 625 3524 682 propter

297 721 469 787 ἀξίας.
500 720 562 771 ἐν
620 718 1025 789 συγγράμμασι
1049 716 1108 771 δὲ
1158 713 1452 783 τιθεμένας
1507 712 1588 772 εἰς
1637 709 1861 777 ἔλεγχον

299 812 398 865 τῶν
420 810 562 864 κατὰ
591 809 686 864 τοῦ
705 808 1050 879 Μονογενοῦς
1064 805 1408 877 κινησάντων
1437 802 1538 865 τὰς
1566 798 1823 868 γλώσσας
1841 813 1858 830 ⁸

299 906 345 959 ’λ
387 905 490 974 τὴν
542 906 647 974 τῆς
700 904 1053 976 βλασφημίας
1108 901 1489 967 εἰσδεξάμενοι
1537 896 1762 958 λύτταν,
1798 892 1860 945 ού

303 998 454 1065 μόνον
485 998 579 1051 τὸν
606 998 719 1052 τῶν
766 999 907 1053 ὅλων
961 997 1244 1062 Δεσπότην
1273 991 1514 1059 τοξεύειν
1546 984 1861 1056 ἐπιχειροῦ-

300 1106 398 1153 σιν,
430 1089 569 1142 ἀλλὰ
597 1093 692 1146 καὶ
719 1096 863 1144 κατὰ
894 1090 1004 1144 τῶν
1034 1086 1276 1143 εὐσεϐῶν
1304 1085 1471 1138 αὐτοῦ
1503 1078 1857 1149 θεραπόντων

297 1184 384 1235 τὸν
414 1183 681 1238 ἄσπονδον
705 1183 1026 1249 ἀνεδέξαντο
1054 1182 1315 1250 πόλεμον.
1346 1195 1367 1230 ι
1414 1173 1655 1229 Τοιαῦτα
1700 1169 1800 1239 μὲν
1829 1166 1858 1219 ό

300 1277 437 1339 θεῖος
489 1277 695 1347 Πέτρος
742 1279 872 1348 περὶ
916 1276 1028 1329 τῶν
1077 1274 1199 1327 τότε
1255 1270 1502 1338 διέξεισι,
1553 1263 1648 1317 καὶ
1684 1263 1713 1315 ὁ
1758 1260 1861 1330 μὲν

298 1368 522 1432 Λούκιος
555 1366 727 1431 οὕτως
755 1370 924 1423 ἐδόνει
951 1367 1053 1436 τὴν
1079 1365 1378 1433 Αἴγυπτον.

1962 708 2206 762 locorum
2236 708 2511 762 feritatem
2542 723 2640 761 seu
2664 706 2950 772 duritiem,
2972 706 3086 760 vita
3108 714 3237 759 sunt
3254 703 3529 758 defuncti.

1962 798 2286 868 llujusmodi
2329 808 2546 868 tempus
2573 797 2707 851 illud
2756 796 2976 867 excepit
3007 796 3325 866 tragoedias,
3357 796 3532 850 silen-

1965 891 2043 944 tio
2097 891 2319 958 quidem
2349 890 2473 945 illas
2517 900 2574 945 et
2620 889 2900 944 oblivione
2931 889 3150 959 dignas,
3177 884 3273 943 s’ed
3304 903 3424 956 qua:
3476 887 3532 940 in

1963 982 2173 1051 scripto
2201 981 2303 1036 hoc
2336 984 2555 1037 insertae
2585 996 2680 1035 eos
2724 979 3145 1046 redarguerem,
3189 978 3284 1046 qui
3315 978 3534 1047 linguas

1963 1082 2154 1129 contra
2198 1071 2569 1145 linigenitum,
2590 1078 2881 1125 moverunt
2909 1087 2923 1123 :
2964 1078 3020 1125 et
3051 1070 3145 1138 qui
3179 1067 3532 1136 blasphemia:

1964 1164 2202 1234 correpti
2257 1165 2433 1228 rabie,
2486 1180 2596 1217 non
2648 1164 2826 1217 solum
2878 1161 3081 1231 jaculis
3115 1170 3304 1230 petere
3342 1173 3530 1213 rerum

1967 1256 2345 1310 universarum
2372 1256 2659 1310 Dominum
2682 1256 3041 1320 contendunt,
3063 1255 3158 1310 sed
3184 1264 3241 1308 et
3262 1252 3531 1307 adversus

1965 1348 2089 1418 pios
2140 1350 2261 1416 ejus
2314 1345 2598 1401 ministros
2649 1347 2910 1401 infestum
2955 1357 3010 1401 et
3062 1342 3532 1400 irreconeiliabile

298 1474 661 1533 susceperunt
689 1464 914 1518 bellum.
951 1482 969 1514 ι
1002 1462 1129 1517 Ητιιο
1157 1458 1380 1528 quidem
1449 1454 1672 1510 divinus
1732 1449 1927 1504 Petrus
1959 1443 2028 1498 de
2055 1444 2174 1513 ejus
2220 1442 2484 1512 temporis
2515 1441 2680 1497 rebus
2730 1441 2922 1505 refert,
2953 1449 3009 1495 et
3038 1441 3158 1512 ipsc
3197 1439 3405 1496 Lucius
3460 1438 3528 1492 ad

297 1557 440 1611 hunc
469 1555 691 1612 modum
725 1555 1011 1628 Egyptum
1040 1552 1306 1608 turbavit.

854 1696 1101 1750 ΚΕΦᾹΛ.
1151 1693 1279 1749 KG'.

306 1788 398 1855 Ὧς
424 1789 522 1843 διὰ
561 1790 677 1853 τὴν
712 1787 1225 1854 ὑπερόἀίλουσαν
1275 1788 1500 1849 ἀρετὴν
1522 1780 1654 1855 τῶη
1689 1792 1855 1841 tunc

362 1850 551 1914 καῦτα
578 1850 929 1913 ἐπισκόπων
956 1861 989 1911 ὀ
1026 1857 1136 1923 τῆς
1166 1857 1450 1922 αἱρέσεως
1490 1853 1601 1923 οὐξι
1632 1850 1857 1923 (σχγςε

360 1911 642 2013 acidam-9;
662 1911 781 1982 καί
800 1911 977 1997 prela
997 1911 1441 1997 Βρεταγῖγίωνοςῖ
1476 1919 1582 1976 τοῦ
1610 1911 1857 1973 Σκυθῶν
1888 1956 1931 2013 Β

360 2002 724 2055 ἐπισκόπου.

365 2117 600 2185 Διδύμου
628 2115 687 2168 δὲ
715 2112 812 2166 τοῦ
859 2112 1152 2182 φιλοσόφου
1188 2109 1489 2181 τηνικαῦτα
1538 2108 1648 2168 τοῖς
1688 2100 1858 2155 ἐκεῖσ⁹

291 2210 701 2280 ἐνακμάξοντος
731 2207 943 2275 μέρεσι,
976 2205 1071 2257 καὶ
1096 2203 1271 2258 ἄλλων
1298 2199 1600 2267 ἐλλογίμων
1624 2193 1856 2264 ἀνδρῶν,

291 2302 390 2354 καὶ
418 2300 652 2370 μάλιστα
690 2298 801 2350 τῶν
835 2298 1019 2350 ἐκεῖσε
1061 2292 1337 2365 μοναχῶν,
1368 2292 1418 2346 οῖ
1459 2289 1645 2344 πολλοί
1674 2306 1733 2343 τε
1762 2286 1859 2340 καὶ

291 2391 489 2460 ἀγαθοὶ
530 2385 675 2460 ἦσαν
716 2387 854 2458 πρὸς
879 2388 980 2457 τὴν
1004 2385 1111 2438 τῶν
1148 2378 1705 2453 ἁγγέλωνπολιτείαν
1739 2376 1859 2429 δια-

293 2484 648 2552 μιλλὼμενοι,
677 2480 912 2542 Λούκιος
936 2479 1089 2533 οὐδὲν
1114 2477 1348 2547 ἠδύνατο
1388 2476 1673 2541 πράττειν.
1717 2469 1859 2524 Καί-

295 2591 402 2644 περ
472 2573 582 2641 γὰρ
624 2570 931 2639 διωκομένη
984 2570 1018 2640 ἡ
1071 2570 1192 2622 κατ’
1240 2567 1515 2635 Αἴγυπτον
1556 2561 1859 2626 Ἐκκλησία

290 2665 475 2734 πολλῷ
494 2667 606 2728 τοῖς
634 2664 898 2734 πλήθεσιν
921 2663 1248 2733 ὕπερέφερε,
1275 2661 1375 2724 τὰς
1399 2658 1460 2724 ἒξ
1477 2658 1691 2726 Ἀρείου
1712 2673 1858 2727 παρ’

288 2758 692 2829 ιυδοκιμοῦσαο
737 2756 775 2811 δ
798 2758 861 2828 δὴ
907 2761 1003 2811 καὶ
1046 2756 1197 2826 παρὰ
1252 2757 1367 2817 τοῖς
1414 2751 1513 2821 τὴν
1559 2749 1862 2821 Ὄσροηνὴν

289 2852 463 2903 οίκεῖν
519 2849 781 2920 λαχοῦσιν
835 2847 1173 2901 συνέϐαινεν.
1227 2844 1393 2898 Ἀλλὰ
1443 2842 1508 2912 δὴ
1559 2841 1654 2893 καὶ
1710 2838 1862 2908 παρὰ

290 2941 699 3005 Καππαδόκαις
726 2958 740 2972 °
794 2942 827 3011 ἡ
878 2940 989 3010 γὰρ
1020 2940 1140 2993 θεία
1189 2938 1308 2992 ἐκεῖ
1338 2935 1570 3005 ξυνωρὶς
1615 2933 1715 2997 τὰς
1750 2932 1860 2985 τῶν

290 3035 561 3088 ἐναντίων
606 3033 914 3104 προσϐολὰς
950 3030 1329 3102 ἀπεκρούετοο
1365 3027 1662 3089 Βασίλειος,
1695 3024 1856 3093 φημὶ,

292 3130 391 3181 καὶ
424 3127 745 3198 Γρηγόριος.
776 3127 928 3194 Μόνη
955 3125 1000 3179 δ’
1021 3126 1078 3180 ἐν
1108 3124 1306 3196 ἀταξίᾳ
1337 3122 1567 3193 πλείστῃ
1594 3116 1662 3199 ἦν
1693 3117 1862 3189 Συρία

285 3233 344 3269 τε
379 3216 493 3286 ἅμα
512 3218 607 3269 καὶ
638 3215 939 3285 Ἀντιόχεια
960 3229 973 3243 ⁸
1003 3214 1064 3266 ἐν
1097 3212 1304 3265 πλείονι
1331 3211 1442 3282 γὰρ
1474 3212 1524 3263 οἱ
1555 3211 1611 3275 ἐξ
1637 3207 1859 3278 Ἀρείου

287 3305 457 3379 ἦσαν,
487 3309 583 3360 καὶ
624 3307 723 3370 τὰς
764 3305 1059 3374 ἐκκλησίας
1103 3305 1387 3372 κατεῖχον·
1434 3302 1488 3355 ἐ).

294 3402 396 3470 τῆς
425 3382 662 3454 καθόλου
694 3396 1060 3467 Ἐκκλησίαςο
1104 3392 1194 3454 οὓς
1220 3394 1271 3446 οἱ
1307 3393 1405 3463 μὲν
1438 3390 1858 3454 Εὐσταθιανοῦς,

290 3493 338 3546 οἰ
368 3492 429 3545 δὲ
459 3490 853 3551 Παυλινιανοὺς
883 3485 1270 3556 κατωνόμαζον
1291 3502 1305 3517 ’
1337 3478 1411 3537 ὧν
1454 3484 1560 3552 ῖδίᾳ
1596 3481 1862 3545 Παυλῖνός

292 3602 347 3638 τε
382 3583 483 3637 καὶ
539 3580 810 3640 Μελέτιος
838 3580 935 3638 τὰς
968 3592 1289 3644 συναγωγας
1338 3574 1637 3633 ἐποιοῦντο,
1657 3572 1733 3636 ὡς
1775 3590 1862 3640 μι-

293 3676 424 3745 κρὸν
452 3673 662 3729 ἄνωθεν
682 3670 1026 3739 διελάὅομεν.
1061 3669 1170 3723 Καί
1201 3685 1264 3734 γε
1308 3667 1372 3738 δὴ
1425 3665 1622 3736 μικροῦ
1654 3665 1763 3718 δεῖν
1800 3663 1861 3717 ἃ·

292 3786 445 3821 πασα
477 3769 511 3837 ἡ
547 3756 867 3834 Ἀντιοχέων
896 3763 1076 3830 πόλις,
1109 3763 1167 3816 ἐν
1196 3759 1428 3831 κινδύνῳ
1459 3759 1725 3827 γενομένη
1756 3757 1859 3825 τῆς

302 3859 522 3927 Ἀρείου
550 3856 753 3925 λύσσης
784 3852 1062 3922 γενέσθαι,
1094 3851 1184 3906 διὰ
1215 3850 1437 3913 τούτους
1464 3848 1729 3917 ὑπερέσχε
1758 3847 1857 3918 τῆς

289 3969 345 4004 τε
376 3949 478 4004 τοῦ
515 3946 783 4018 βασιλέως
820 3946 998 4016 ὁρμῆς
1015 3947 1110 3997 καὶ
1154 3943 1263 3996 τῶν
1312 3942 1449 4012 ἀμφ’
1495 3940 1659 3994 αὐτὸν
1698 3939 1860 3991 δυνά-

293 4057 467 4109 μεων.
506 4039 623 4093 Καὶ
671 4037 782 4107 γάρ
831 4034 1322 4098 πωςνσυνέσαινεν,
1369 4032 1633 4102 ἀνδρείων
1686 4032 1858 4084 ὄντων

287 4131 396 4187 τῶν
430 4129 634 4182 ἰθύνειν
662 4126 762 4189 τὰς
796 4125 1096 4195 ἐκκλησίας
1132 4124 1431 4195 λαχόντων,
1482 4123 1557 4194 μὴ
1588 4120 1858 4191 μετσόἀλο

288 4222 479 4276 λεσθαι
529 4220 598 4275 τὰ
656 4219 836 4289 πλήθη
878 4221 977 4289 τῆς
1034 4220 1259 4285 ἐνούσης
1316 4216 1493 4286 δόξης.
1554 4214 1744 4269 Ἔνθεν
1775 4231 1859 4267 τοι

291 4316 385 4367 καὶ
422 4312 639 4376 Σκύθας
693 4312 1052 4381 λόγοςλαίρεῖ
1104 4311 1296 4381 ἀνδρὸς
1334 4310 1688 4379 ἐπιτυχόντας
1730 4324 1857 4377 γεν-

288 4404 467 4468 ναίου,
508 4403 583 4473 μὴ
616 4402 949 4473 μεταλλάξαι
980 4402 1041 4455 τὸ
1074 4401 1265 4464 σέϐας.
1323 4402 1479 4471 Ἔχει
1531 4401 1631 4471 μὲν
1662 4401 1771 4471 γὰρ
1797 4399 1859 4453 τὸ

290 4497 441 4558 ἔθνος
487 4494 652 4548 τοῦτο
699 4495 960 4557 πλείστας
1012 4495 1096 4547 ὅτι
1151 4493 1341 4563 κώμας
1395 4496 1487 4547 καὶ
1536 4493 1717 4563 χώρας
1762 4492 1857 4546 καὶ

290 4589 569 4659 φρούρια·
608 4588 867 4658 ὑπερέχει
903 4586 948 4641 δ’
978 4589 1035 4640 ἐν
1075 4587 1286 4651 τούτοις
1338 4581 1428 4640 οἵά
1459 4604 1541 4650 τις
1574 4587 1854 4657 μητρόποο

2522 1656 2749 1726 CAPUT
2787 1667 2981 1724 xxxx.

1968 1761 2032 1822 Ut
2064 1771 2278 1833 propter
2298 1734 2635 1816 eaicellentem
2652 1763 2911 1833 virtutem-
2928 1760 3039 1833 ejus
3062 1757 3309 1821 temporis
3330 1757 3530 1833 cpiscof

2033 1828 2220 1903 partim
2263 1834 2552 1903 _hwresinm
2586 1848 2710 1903 non
2764 1828 3074 1903 ἤηιιιιίιιενὶιΔ
3107 1834 3385 1903 tempestas
3416 1842 3439 1880 :
3477 1832 3529 1877 et

2034 1897 2226 1956 mentio
2255 1901 2619 1956 Britaunionis
2640 1899 2958 1971 Scytharum
2993 1897 3241 1968 episcOpi.

2029 2080 2186 2149 Quod
2237 2089 2423 2134 autem
2479 2090 2594 2134 tum
2647 2078 2913 2150 Didymus
2946 2077 3310 2147 philosophus
3343 2076 3398 2130 in
3442 2075 3528 2132 eis

1956 2171 2281 2243 regionibus
2313 2171 2559 2234 ﬂoreret,
2586 2183 2641 2225 et
2659 2170 2753 2225 alii
2774 2169 3024 2240 praeclari
3052 2169 3181 2229 viri.
3207 2179 3261 2224 et
3290 2169 3526 2223 maxime

1958 2263 2051 2333 qui
2095 2261 2172 2316 ibi
2206 2271 2364 2316 erant
2396 2261 2676 2325 monachi,
2707 2262 2801 2329 qui
2831 2269 2888 2314 et
2922 2260 3107 2330 plures
3145 2268 3202 2314 et
3231 2259 3363 2314 boni
3397 2274 3525 2314 cum

1958 2356 2280 2425 angelorum
2340 2353 2562 2409 vivendi
2620 2353 2874 2408 instituto
2934 2352 3253 2415 certabant,
3325 2350 3532 2406 Lucius

1957 2448 2172 2513 ellicerc
2201 2447 2343 2503 nihil
2367 2447 2564 2517 potuit.
2585 2446 2847 2512 Quamvis
2870 2445 3019 2501 enim
3047 2445 3289 2501 Ecclesia
3309 2443 3526 2515 Αἰανιί

1959 2539 2404 2609 persecutionem
2443 2537 2636 2603 ferret,
2667 2539 2829 2608 longe
2867 2547 3051 2593 tamen
3082 2553 3191 2593 una
3215 2553 3340 2592 cum
3366 2536 3529 2592 laude

1957 2640 2016 2686 et
2071 2630 2244 2702 gloria
2291 2631 2528 2687 Ariauos
2578 2630 2866 2685 hominum
2931 2646 3167 2703 numero
3205 2629 3528 2698 superabat.

1959 2722 2115 2790 Quod
2170 2723 2360 2777 itidem
2399 2723 2543 2793 apud
2592 2720 2875 2776 Osroenos
2920 2720 3144 2785 accidit,
3177 2731 3343 2791 atque
3397 2721 3528 2774 item

1957 2816 2099 2886 apud
2131 2815 2489 2885 Cappadoces
2519 2814 2623 2885 (ί).
2667 2814 2924 2868 Divinum
2959 2829 3195 2883 namque
3225 2813 3358 2868 illud
3391 2815 3531 2867 ami-

1959 2923 2151 2964 corum
2183 2922 2303 2978 par.
2335 2904 2571 2962 Basilius
2598 2905 2858 2961 videlicet
2901 2913 2957 2961 et
2988 2904 3310 2974 Gregorius,
3339 2904 3531 2957 inimi-

1958 3014 2148 3056 corum
2177 2999 2417 3053 insultus
2447 2997 2810 3066 repellebant.
2838 2996 2964 3052 Sola
2997 3004 3179 3050 autem
3204 2998 3260 3051 in
3293 2997 3531 3051 maxima

1959 3094 2321 3152 ecclesiastici
2354 3093 2569 3150 ordinis
2618 3091 2984 3148 dissolutione
3011 3101 3134 3148 erat
3182 3092 3338 3162 Syria
3366 3091 3530 3146 simul

1958 3198 2016 3245 et
2071 3172 2384 3243 Antiochia.
2434 3184 2666 3240 Plurimi
2709 3184 2861 3239 enim
2894 3184 2972 3239 ibi
3025 3184 3215 3238 Ariani
3258 3192 3419 3237 erant
3466 3190 3526 3236 et

1496 3302 1688 3364 ἁττους
1718 3299 1761 3352 δ’
1806 3299 1855 3351 οἱ

1963 3280 2222 3337 ecclesias
2268 3278 2627 3344 obtinebant;
2686 3275 2961 3333 Catholici
2992 3291 3127 3331 vero
3177 3277 3470 3347 pauciores
3509 3293 3526 3330 :

1961 3384 2101 3441 quos
2135 3368 2357 3440 quidem
2390 3367 2940 3432 alii.Eustathiauos,
2990 3366 3083 3420 alii
3126 3378 3309 3420 autem
3342 3366 3533 3421 Pauli-

1962 3463 2158 3517 nianos
2181 3462 2494 3527 vocabant;
2536 3474 2731 3515 eorum
2761 3459 2969 3530 quippe
3000 3458 3234 3514 seorsim
3267 3460 3533 3513 Paulinus

1959 3566 2017 3612 et
2077 3555 2330 3610 Meletius
2380 3563 2689 3610 conventus
2741 3542 3078 3624 coegera‘nt,
3146 3554 3314 3608 sicuti
3366 3561 3530 3607 antea

1959 3647 2221 3703 diximus.
2258 3647 2328 3702 Et
2361 3660 2488 3701 cum
2542 3660 2734 3716 parum
2789 3646 3023 3712 abesset,
3063 3645 3200 3716 quin
3232 3645 3533 3701 Antioche-

1959 3752 2161 3793 norum
2213 3738 2411 3792 civitas
2461 3748 2661 3792 cuncta
2716 3737 3152 3809 periclitaretur,
3182 3745 3254 3791 et
3301 3736 3371 3791 ad
3414 3735 3528 3791 Arii

1960 3833 2168 3886 rabiem
2218 3828 2563 3891 deﬂecteret.
2594 3830 2816 3885 illorum
2848 3845 3014 3900 opera
3047 3830 3213 3885 simul
3249 3839 3308 3885 et
3348 3829 3527 3898 impe-

1960 3925 2158 3980 ratoris
2187 3925 2454 3994 impetum
2508 3936 2565 3980 et
2607 3923 2878 3979 factionis
2906 3924 3030 3994 ejus
3076 3924 3189 3977 vim
3220 3923 3526 3993 superavit.

1957 4017 2094 4071 Nam
2155 4015 2561 4085 quodammodo
2602 4015 2824 4079 accidit,
2866 4022 2928 4069 ut
2966 4014 3113 4085 quod
3159 4008 3526 4070 ecclesiarum

1959 4110 2364 4164 administratio
2420 4124 2587 4179 penes
2616 4108 2763 4162 viros
2802 4106 2977 4162 fortes
3023 4117 3195 4171 esset,
3223 4108 3528 4163 multitudo

1959 4204 2027 4258 ab
2062 4202 2322 4272 opinione
2368 4209 2635 4269 concepta
2668 4214 2780 4254 non
2816 4198 3145 4255 discederet.
3196 4200 3437 4255 Proinde
3469 4212 3529 4255 et

1957 4296 2216 4365 Scythae,
2279 4294 2408 4363 quia
2477 4292 2658 4347 virum
2720 4291 3128 4362 magnanimum
3200 4288 3524 4363 episcopum

1960 4387 2105 4443 nacti
2151 4386 2393 4449 fuerant,
2438 4384 2729 4455 religionis
2772 4384 2982 4437 cultum
3018 4383 3250 4438 minime
3283 4394 3528 4440 mutasse

1961 4487 2073 4534 tum
2114 4478 2393 4533 feruntur.
2424 4476 2572 4532 Gens
2600 4491 2664 4531 ea
2696 4490 2931 4545 namque
2965 4476 3405 4545 quamplurimas
3431 4476 3530 4529 ha-

1961 4571 2055 4625 bet
2081 4569 2252 4634 vicos,
2287 4568 2540 4639 regiones
2581 4577 2636 4621 et
2672 4566 2941 4632 castella;
2982 4564 3149 4636 165.
3171 4575 3336 4632 atque
3367 4566 3421 4619 in
3458 4566 3531 4621 iis

280 4649 400 4749 λίς,
441 4649 616 4750 ῑΐόμις
648 4649 840 4749 ὄνομα,
872 4680 1020 4742 πόλις
1063 4649 1335 4749 εὐδαίμων
1369 4649 1749 4749 pelicem-xei.
1777 4677 1855 4746 τῷ

1963 4663 2134 4717 veluti
2167 4662 2491 4731 metmpolis
2531 4660 2724 4716 Tomis
2748 4661 2999 4727 excellit,
3031 4661 3223 4716 civitas
3252 4660 3528 4715 fortunata

291 4770 519 4841 μεγέθει
572 4769 683 4823 τῶν
734 4770 909 4824 ἄλλων
952 4768 1130 4839 πολλῷ
1179 4767 1537 4837 διαφέρουσα.
1573 4768 1767 4819 Κεῖται
1800 4766 1856 4819 δὲ

289 4861 429 4931 αὕτη
462 4860 605 4914 κατὰ
632 4859 732 4931 τὴν
787 4859 1062 4930 παραλίαν
1101 4854 1198 4912 τοῦ
1244 4858 1475 4918 Πόντου,
1512 4856 1571 4919 ὃς
1608 4854 1857 4920 Εὔξεινος

293 4948 748 5018 κατωνόμασται,
784 4947 843 5013 ἐξ
871 4949 1199 5016 εὑνωνύμων
1220 4945 1544 5000 εἰσπλέοντι.
1574 4946 1664 5008 Ἐς
1696 4944 1861 5016 δεῦρο

290 5039 334 5092 δ’
366 5040 548 5091 ἐκεῖσε
585 5040 816 5110 ἀρχαῖον
861 5039 983 5103 ἔθος
1038 5041 1251 5109 κρατεῖ,
1311 5040 1372 5091 τὸ
1426 5038 1537 5091 πᾶν
1569 5037 1719 5111 ἔθνος
1769 5036 1857 5105 ὑφ’

291 5132 369 5185 ἐνὶ
395 5131 685 5199 ἐπισκόπῳ
715 5129 1033 5184 τάττεσθαι.
1074 5128 1396 5201 Τηνικαῦτα
1430 5129 1487 5183 δὲ
1517 5127 1858 5199 Βρεταννίων

289 5239 369 5284 τις
398 5223 580 5275 αὐτῶν
602 5222 996 5292 ἐπετρόπευεν.
1029 5221 1186 5274 Ἐπεὶ
1222 5222 1332 5295 γὰρ
1362 5221 1576 5289 συμϐὰν
1607 5218 1751 5273 οὕτω
1780 5220 1861 5283 είς

290 5316 464 5385 ⁹ε’όμιν
494 5309 629 5386 ¹ἧκεν
664 5315 906 5389 Οὐάλης,
954 5316 1052 5369 καὶ
1089 5315 1243 5386 παρὰ
1267 5315 1365 5382 τὴν
1413 5312 1710 5383 ἐκκλησίαν
1742 5311 1858 5378 ίὼν,

290 5408 380 5460 τόν
412 5408 709 5461 ἐπίσκοπον
738 5407 978 5471 ἔπειθεν,
1017 5404 1210 5477 ὥσπερ
1242 5406 1448 5471 εἰώθει,
1471 5409 1585 5469 τοῖς
1618 5406 1727 5459 ἀπὸ
1759 5405 1859 5473 τῆς

303 5499 520 5569 ’Λρείου
548 5499 814 5569 αἱρέσεως
856 5502 1159 5567 κοινωνεῖν.
1207 5497 1267 5552 '0
1314 5498 1371 5551 δέ
1421 5498 1684 5566 γενναίως
1715 5496 1862 5563 μάλα

296 5592 390 5644 σὺν
416 5590 703 5662 πσρῤησίᾳ
746 5591 888 5662 ὑπὲρ
938 5590 1036 5644 τοῦ
1089 5591 1355 5661 δόγματος
1399 5590 1509 5642 τῶν
1568 5591 1627 5641 ἐν
1654 5589 1862 5660 Νικαίᾳ

295 5687 658 5740 συνελθόντων
683 5686 1115 5756 συνηγωνίζετο.’
1132 5684 1287 5738 Ἐπεὶ
1317 5683 1373 5736 δὲ
1398 5683 1474 5754 μὴ
1508 5682 1717 5735 πείθειν
1742 5677 1857 5750 εἶχε

299 5780 385 5831 τὸν
417 5777 746 5848 κρατοῦντα,
781 5779 962 5829 ἐκεῖσε
1000 5777 1190 5831 τοῦτον
1234 5773 1576 5840 καταλιπὼν,
1611 5774 1692 5837 εἰς
1739 5773 1859 5825 ἑτέ-

367 5936 440 6005 (l)
473 5935 693 5990 Sozom.
732 5934 827 5988 lib.
859 5949 934 5998 γι,
962 5950 1083 6004 cap.
1116 5933 1209 5989 ‘ll.

1960 4755 2218 4819 maxime,
2246 4764 2303 4810 et
2351 4754 2730 4826 magnitudine
2764 4754 2893 4810 aliis
2920 4754 3102 4826 longe
3143 4754 3525 4825 praestantior.

1959 4847 2073 4903 Sita
2102 4862 2168 4903 ea
2191 4858 2276 4903 est
2305 4846 2361 4902 in
2389 4848 2667 4901 maritima
2689 4849 2913 4917 regione
2940 4847 3125 4908 Ponti.
3157 4848 3251 4917 qui
3278 4848 3531 4902 Euxinus

1959 4939 2191 5001 dicitur,
2247 4938 2315 4992 ad
2373 4938 2663 4993 sinistram
2710 4938 2894 4993 sinum
2947 4952 3074 4993 eum
3134 4936 3261 4991 navi
3318 4938 3528 5005 petenti

1960 5041 2197 5102 partem.
2253 5029 2334 5085 Ad
2388 5044 2523 5085 eum
2562 5037 2746 5084 autem
2795 5043 2971 5098 usque
3016 5022 3186 5092 diem,
3244 5037 3403 5082 vetus
3452 5029 3528 5082 ibi

1961 5122 2307 5180 consuetudo
2351 5122 2610 5186 durabat,
2659 5132 2723 5177 ut
2774 5120 2867 5176 uni
2898 5135 3035 5190 gens
3063 5120 3247 5183 omnis
3264 5119 3531 5189 episropo

1963 5226 2206 5288 pareret.
2243 5215 2323 5269 Eo
2370 5223 2617 5285 tempore
2654 5227 2789 5268 vero
2835 5211 3122 5267 Britannia
3168 5212 3251 5266 eis
3300 5211 3528 5281 quidam

1965 5307 2206 5378 praal‘uit.
2260 5292 2460 5360 Ev’é’nit
2496 5317 2662 5374 porro
2698 5312 2758 5357 ut
2785 5301 2985 5357 Valens
3015 5313 3131 5358 tum
3167 5316 3233 5357 eo
3286 5302 3524 5367 veniret,

1963 5409 2129 5470 atque
2182 5398 2451 5468 templum
2503 5396 2807 5464 ingressus,
2864 5395 3146 5464 episcopo,
3202 5405 3260 5448 ut
3312 5409 3370 5448 se
3412 5394 3532 5451 Arii

1963 5490 2157 5546 haeresi
2190 5488 2581 5544 communione
2617 5486 2966 5558 adiungeret,
3012 5502 3112 5558 pro
3142 5501 3210 5542 eo
3248 5495 3411 5557 atque
3439 5500 3530 5540 so-

1961 5582 2094 5637 litus
2147 5593 2290 5646 erat,
2347 5580 2626 5635 suaderet.
2683 5578 3007 5635 Generosus
3048 5562 3232 5635 autem
3280 5579 3367 5634 vir
3410 5578 3523 5641 ille,

1962 5689 2086 5730 cum
2136 5672 2390 5727 libertate
2438 5673 2608 5725 multa
2643 5671 2713 5727 dc
2778 5671 3031 5741 dogmate
3058 5671 3404 5726 Niczcnorum
3429 5668 3534 5725 Pa-

1966 5774 2111 5820 trum
2163 5780 2286 5819 cum
2324 5778 2392 5821 eo
2442 5778 2772 5836 congressus
2830 5762 3156 5819 deccrlavit.
3209 5762 3391 5831 Atque
3436 5760 3533 5814 ubi
