3796 6566
416 361 529 426 675

1646 357 2069 420 NICEPIIORI
2112 357 2455 418 CALLIS’FI
3518 372 3606 435 δῖε

415 476 553 538 rite,
589 483 645 529 et
693 473 949 543 persequi
985 487 1083 528 eos
1131 472 1226 543 qui
1279 481 1542 527 accurate
1592 481 1649 528 et
1693 471 1990 544 diligenter

2103 472 2322 541 πόλεμοι
2371 470 2780 525 καταπαῦονται
2960 471 3057 541 τῆς
3110 473 3233 542 γῆς,
3280 476 3365 528 καὶ
3407 477 3612 547 ἀγγέλων

416 565 530 621 Deo
595 565 769 621 sacris
810 573 1114 636 operantur
1168 576 1224 621 et
1278 566 1549 630 serviunt,
1609 566 1988 634 supersedete.

416 656 623 710 Eorum
653 671 784 710 sane
815 656 1075 725 precibus
1108 665 1165 710 et
1198 656 1337 710 bella
1375 657 1427 710 in
1462 655 1627 712 terris
1674 657 1988 725 sopiuntur,

414 758 473 799 ct
502 756 880 816 apostatarum
936 746 1341 816 rebelliumque
1381 746 1700 816 angelorum
1722 747 1991 813 incursus

416 838 787 909 repelluntur.
849 839 1019 895 lidem
1073 839 1426 893 orationibus
1477 839 1594 894 suis
1652 840 1989 908 perniciosos

412 945 610 982 omnes
656 930 934 984 daemones
986 929 1297 998 propellere
1347 929 1594 986 student.
1631 930 1701 985 Et
1752 945 1875 986 cum
1933 932 1986 985 in

417 1020 821 1089 rempublicam
855 1021 1159 1075 secundum
1188 1021 1339 1091 leges
1377 1023 1524 1090 quod
1563 1022 1771 1077 debent
1799 1024 1988 1079 confe-

418 1119 573 1173 runt,
612 1119 725 1164 tum
779 1109 1046 1179 principis
1092 1110 1351 1178 potestati
1392 1125 1501 1163 non
1549 1111 1856 1175 resistunt,
1892 1113 1986 1166 sed

417 1203 636 1257 sincere
666 1212 722 1256 et
754 1201 996 1257 ccelestis
1024 1201 1185 1271 Regis
1215 1201 1471 1255 mandata
1504 1211 1751 1267 servant,
1782 1211 1833 1255 et
1856 1200 1989 1271 legi-

422 1294 527 1347 bus
549 1293 754 1349 nostris
787 1300 1021 1362 parent:
1064 1307 1161 1346 vos
1187 1303 1372 1347 autem
1404 1292 1795 1345 inobedientes
1827 1307 1991 1361 appa-

2095 562 2420 616 ἀποστατῶν
2468 562 2753 626 ἐπιόίσεις
2801 563 3267 633 ἀποστρέφονται,
3315 569 3404 621 καὶ
3446 574 3616 639 πάν-τις

2094 655 2359 724 δαίμονας
2383 656 2743 725 φθοριμαίους
2762 658 3124 727 ἀποστρέφειν
3138 654 3226 710 διὰ
3248 658 3465 728 δεήσεως
3486 683 3619 719 carl-.-

2095 743 2349 808 δὰζοντες
2374 760 2388 775 ο
2423 746 2518 798 καὶ
2546 747 2614 798 τά
2647 745 2889 815 δξμόσια
2924 747 3068 799 κατά
3099 746 3294 817 νόμους
3326 753 3620 822 εἰσκομίζεω

2096 834 2268 891 ίσασι.
2299 836 2409 890 Καὶ
2438 838 2538 891 οὐκ
2570 838 2913 906 ἀντιλέγουσι
2941 842 3006 909 τῇ
3035 839 3130 893 τοῦ
3162 842 3477 909 κρατοῦντος
3500 846 3622 911 ἐξου-

2098 929 2187 1000 σίᾳ
2209 966 2224 988 ,
2259 926 2375 979 ἀλλ’
2399 928 2708 996 εἰλικρινῶς
2749 932 2844 983 καὶ
2875 930 2975 999 τὴν
3010 930 3100 984 τοῦ
3149 932 3361 985 ἄνωθεν
3396 935 3623 1005 βασιλέως

2095 1019 2315 1089 ἐντολὴν
2347 1019 2702 1088 φυλάττουσι,
2733 1022 2828 1076 καὶ
2860 1025 2973 1086 τοῖς
3003 1023 3295 1094 ἡμετέροις
3325 1025 3495 1092 νόμοις
3519 1030 3624 1080 ὐπο-

2095 1111 2417 1175 τάσσονται,
2450 1111 2609 1182 ὑμεῖς
2637 1112 2695 1165 δὲ
2727 1112 2971 1176 ἀπειθεῖς
2997 1115 3274 1186 ὲδείχθητε
3302 1112 3626 1187 εἷναι.Ἠμείς

2098 1201 2198 1271 μὲν
2231 1202 2586 1272 ἐχρησάμεθα
2618 1204 2694 1271 τῖ)
2727 1220 2764 1258 α
2796 1202 2902 1268 ἕως
2935 1204 3031 1257 τοῦ
3065 1222 3141 1272 ω,
3191 1206 3351 1276 ὑμεῖς
3379 1206 3433 1260 δὲ
3480 1210 3628 1275 αὐτοῖς

2097 1293 2442 1349 ἀπεδώκατε.

415 1387 628 1441 ruistis.
677 1386 788 1440 Nos
828 1384 1051 1455 quidem
1098 1386 1180 1439 usi
1221 1400 1416 1440 sumus
1461 1384 1752 1439 tolerantia
1797 1384 1865 1439 ab
1906 1385 2025 1455 ipso
2085 1386 2234 1453 ἄλφα
2297 1402 2470 1458 usque
2513 1388 2578 1442 ad
2623 1389 2810 1463 ω(1),
2851 1403 2952 1446 vos
2982 1398 3166 1446 autem
3208 1388 3366 1446 vobis
3423 1391 3544 1463 ipsis
3566 1408 3633 1450 re-

414 1484 708 1540 tribuistis.

490 1577 653 1647 168
689 1595 708 1628 ι
747 1568 949 1646 Itaque
972 1587 1034 1631 ut
1073 1575 1264 1629 mundi
1298 1583 1355 1630 et
1386 1574 1726 1629 immuness
1762 1581 1990 1643 peccato

417 1678 599 1722 vestro
636 1668 832 1730 simus,
882 1665 1352 1736 quemadmodum
1383 1663 1593 1719 Pilatus
1630 1663 1986 1734 in‘disquisi-

2172 1590 2192 1623 ι
2229 1572 2419 1642 Ἡμεῖς
2452 1572 2639 1637 μέντοι
2670 1572 2943 1645 καθαροὺς
2971 1574 3200 1639 ἑαυτοὺς
3231 1546 3497 1644 ἀφ”ὗμῶν
3518 1573 3633 1631 εἶναι

2054 1700 2059 1703 »
2099 1664 2371 1729 θέλοντες,
2400 1663 2476 1727 ὡς
2511 1664 2605 1718 καὶ
2640 1664 2872 1729 Πιλᾶτος
2906 1666 2999 1720 ἐπὶ
3028 1665 3128 1735 τῆς
3162 1663 3459 1730 ἐξετάσεως
3484 1668 3564 1720 τοῦ
3593 1673 3637 1722 ἐν

415 1760 571 1813 tione
603 1767 660 1812 et
686 1756 899 1826 judicio
939 1756 1215 1810 versantia
1257 1755 1401 1807 inter
1440 1770 1541 1809 nos
1588 1753 1822 1819 Christi,
1859 1768 1985 1808 cum

2103 1758 2232 1826 ἡμῖν
2284 1756 2710 1826 πολιτευομένου
2763 1755 3039 1827 Χριστοῦ,
3095 1756 3169 1826 μὴ
3220 1756 3464 1819 θέλοντος
3507 1758 3640 1811 αὐτὸν

414 1866 619 1906 necare
648 1865 776 1905 eum
828 1849 1024 1909 nollet,
1055 1848 1150 1902 sed
1184 1848 1236 1899 in
1264 1846 1563 1902 afﬂictione
1592 1847 1889 1912 solaretur,
1919 1848 1987 1901 ad

2103 1845 2324 1910 ὶνελείν,
2361 1847 2453 1900 καὶ
2491 1848 2631 1918 ὑπὲρ
2660 1845 2755 1900 τοῦ
2793 1846 2990 1901 παθεῖν
3023 1847 3189 1900 αὑτὸν
3223 1847 3638 1918 παρακληθέντα,

411 1942 660 1998 Orientis
725 1954 909 2011 partes
980 1954 1284 1995 conversus
1359 1955 1502 2009 aqua
1568 1939 1810 2010 “agitata
1875 1955 1991 1994 ma-

414 2054 522 2092 nus
577 2051 706 2092 suas
760 2035 958 2101 abluit,
1002 2035 1192 2089 dicens
1219 2054 1233 2088 :
1263 2033 1494 2087 Mundus
1527 2049 1646 2088 sum
1691 2044 1741 2086 et
1796 2032 1992 2103 impol-

415 2133 563 2185 lutus
600 2147 631 2183 a
657 2129 924 2199 sanguine
949 2127 1086 2197 justi
1117 2127 1275 2196 hujus
1303 2142 1323 2181 :
1361 2125 1442 2180 sic
1488 2125 1759 2180 celsitudo
1803 2132 1992 2177 nostra

415 2236 643 2290 semper
694 2217 966 2290 praecipit,
1019 2230 1127 2269 non
1181 2213 1620 2285 persequendos,
1653 2227 1834 2282 neque
1879 2222 1997 2266 tan-

418 2326 587 2380 quam
633 2309 899 2365 ﬂuctibus
942 2307 1287 2371 obruendos,
1322 2322 1501 2376 neque
1535 2306 1887 2360 aemulatione
1936 2314 1996 2359 et

419 2403 630 2458 invidia
659 2401 1081 2472 opprimendos,
1117 2399 1214 2469 qui
1250 2400 1303 2453 in
1344 2397 1549 2453 Christi
1582 2413 1713 2463 agro
1744 2413 1885 2467 opus
1917 2396 1995 2451 la-

419 2498 601 2559 ciunl,
629 2509 810 2563 neque
844 2493 985 2547 adeo
1019 2492 1349 2563 rejiciendos
1382 2491 1797 2559 dispensatores
1830 2490 1997 2559 Regis

421 2589 605 2659 magni
643 2602 787 2651 esse,
816 2595 876 2639 nt
900 2602 969 2641 ne
997 2585 1160 2640 hodie
1184 2584 1411 2654 quidem
1444 2582 1550 2639 sub
1576 2583 1788 2638 ditione
1807 2591 1998 2636 nostra

417 2696 673 2736 crescere
701 2677 1043 2743 videamini,
1079 2685 1138 2731 at
1164 2676 1318 2731 brevi
1355 2683 1499 2745 post,
1532 2689 1660 2730 cum
1688 2673 1997 2744 “agitatore

417 2778 534 2828 sive
571 2772 932 2825 exhortatore
972 2769 1150 2829 necis,
1200 2782 1264 2822 ea
1313 2782 1438 2837 quae
1475 2765 1792 2822 testamenti
1846 2765 1999 2819 illius

422 2874 578 2928 sunt,
599 2863 771 2918 veluti
804 2864 859 2916 in
890 2860 1173 2915 Zachariae
1203 2859 1496 2929 sanguine,
1531 2857 1837 2928 patiamini.
1859 2856 1998 2913 Cum

422 2973 557 3026 quo,
594 2956 689 3025 qui
731 2954 784 3008 ei
819 2966 1180 3013 consensere,
1217 2966 1247 3004 a
1277 2951 1492 3005 cmlesti
1529 2950 1866 3019 imperatore
1898 2964 1999 3004 no-

421 3059 541 3103 stro
577 3048 707 3103 Jesu
737 3044 980 3107 Christo,
1014 3052 1142 3098 ante
1174 3044 1474 3097 adventum
1507 3041 1817 3096 etiamnum
1855 3042 1997 3112 ejus,

2094 1941 2455 2012 ἐπιστραφεὶς
2483 1942 2579 1995 ἐπὶ
2601 1942 2671 1995 τά
2696 1942 2795 2011 τῆς
2821 1941 3091 2010 ἀνατολῆς
3121 1945 3289 2013 μέρη,
3319 1944 3419 1995 καὶ
3446 1942 3643 2011 aitque;

2095 2033 2238 2103 ὕδωρ
2265 2033 2359 2086 ἐπὶ
2383 2034 2588 2104 χειρῶν
2605 2074 2621 2098 .
2648 2032 2872 2103 ἐνίψατο
2896 2033 3063 2091 αὑτοῦ
3090 2035 3189 2099 τὰς
3215 2037 3433 2104 χεῖρας,
3458 2032 3608 2096 λέγων
3629 2051 3641 2064 ·

2105 2124 2313 2191 Ἀθῶός
2350 2127 2469 2196 ειμι
2513 2125 2635 2180 ἀπὸ
2673 2126 2784 2181 τοῦ
2820 2126 3077 2194 αἵματος
3117 2126 3226 2180 τοῦ
3265 2124 3503 2180 δικαίου
3537 2126 3645 2180 τού-

2092 2234 2202 2271 του
2225 2233 2242 2247 ·
2274 2215 2448 2282 οὕτως
2480 2218 2576 2271 καί
2604 2218 2667 2272 τὸ
2705 2220 2974 2291 ἡμέτερον
3005 2218 3210 2290 κράτος
3238 2217 3526 2280 διαπαντὸς
3554 2220 3646 2271 ἑνε-

2095 2307 2335 2373 τείλατο,
2370 2307 2448 2380 μὴ
2480 2308 2727 2372 διώκειν,
2759 2312 2899 2380 μήτε
2933 2308 3275 2374 ἐπικλύζειν,
3311 2310 3453 2377 μήτε
3482 2307 3648 2380 ζηλοῦν

2097 2401 2221 2483 τοῦς
2261 2400 2663 2471 ἐργαζομένους
2709 2402 2770 2455 τὸ
2812 2404 3013 2473 χωρίον
3055 2402 3151 2457 τοῦ
3196 2401 3468 2473 Χριστοῦ,
3533 2404 3649 2471 μήτε

2096 2493 2223 2555 τοὺς
2261 2494 2536 2564 διοικητὰς
2578 2494 2909 2549 ἀπελαύνειν
2949 2495 3045 2548 τοῦ
3090 2496 3333 2565 μεγάλου
3364 2494 3649 2556 Βασιλέως·

2096 2578 2187 2653 ίνα
2224 2581 2302 2653 μὴ
2339 2582 2577 2652 σήμερον
2614 2582 2717 2654 μὲν
2744 2584 2840 2637 ἐπὶ
2869 2583 2966 2638 τοῦ
3003 2586 3278 2655 ἡμετέρου
3313 2584 3552 2655 κράτους
3578 2583 3654 2646 ab:

2101 2669 2213 2735 ξειν
2237 2667 2449 2740 δόξητε,
2477 2673 2570 2726 καὶ
2599 2672 2810 2744 μεταξὺ
2837 2672 2934 2726 τοῦ
2963 2673 3466 2746 παρακεκλημένον
3490 2670 3653 2726 παθεῖν

2099 2764 2169 2816 τὰ
2198 2765 2294 2833 τῆς
2325 2764 2593 2836 διαθήκης
2623 2764 2821 2831 αὐτοῦ,
2849 2766 2923 2829 ὡς
2958 2766 3050 2819 ἐπὶ
3079 2766 3354 2838 Ζαχαρίου
3388 2764 3487 2819 τοῦ
3515 2766 3655 2834 αἷμα-

2099 2872 2190 2917 τος
2214 2871 2230 2886 °
2262 2855 2379 2908 ἀλλ’
2400 2858 2449 2909 οἱ
2480 2858 2600 2925 μετ’
2623 2857 2793 2911 αὑτοῦ
2825 2857 3029 2928 μεταξὺ
3055 2858 3159 2928 τῆς
3186 2857 3432 2928 ἀφίξεως
3459 2858 3557 2912 ὑπὸ
3578 2854 3653 2910 τοῦ

2103 2947 2311 3002 ἄνωθεν
2351 2948 2620 3019 βασιλέως
2664 2949 2822 3020 ἡμῶν
2859 2950 3037 3019 Ἰησοῦ
3080 2951 3321 3023 Χριστοῦ
3366 2951 3657 3022 ἐρράγησαν

2102 3040 2505 3109 παραδοθέντες
2539 3040 2619 3104 είς
2658 3040 2842 3112 κρίσιν
2876 3042 3114 3097 θανάτου
3150 3042 3293 3114 μετὰ
3323 3043 3425 3096 τοῦ
3460 3041 3655 3113 6qu92-

425 3141 666 3210 disrupti
691 3146 843 3200 sunt,
872 3134 938 3190 ad
960 3134 1234 3207 judicium
1270 3132 1464 3187 mortis
1491 3148 1600 3186 una
1645 3146 1771 3187 cum
1805 3146 1995 3187 conse-

2105 3133 2300 3201 μόντος
2329 3134 2514 3196 αὐτοῖς
2543 3134 2877 3205 φθοριμαίου
2907 3135 3183 3205 δαίμονος.
3211 3134 3387 3189 Τοῦτο
3417 3135 3661 3205 προσετά-

424 3238 634 3300 quente
663 3243 762 3283 eos
793 3226 984 3281 lethali
1021 3225 1272 3280 daemone
1305 3223 1514 3277 traditi.
1547 3221 1862 3277 Mandatum
1892 3222 1999 3278 hoc

423 3320 729 3381 edidimus,
765 3318 1070 3388 Amegctio,
1115 3327 1174 3372 et
1206 3315 1526 3379 Ciceronio,
1557 3324 1614 3369 et
1646 3314 1895 3379 Damaso.
1941 3324 2000 3370 et

428 3415 808 3483 Dialampone,
839 3421 897 3467 et
925 3410 1176 3466 Bretesio
1212 3409 1595 3464 audientibus.
1623 3407 1767 3474 Quin
1794 3417 1850 3461 et
1879 3418 1999 3461 acta

428 3508 496 3562 ad
534 3521 631 3560 vos
676 3505 953 3568 misimus,
989 3510 1049 3556 ut
1077 3501 1359 3572 praeclara:
1396 3500 1517 3569 ejus
1547 3497 1746 3571 synodi
1778 3496 1999 3553 decreta

435 3600 634 3656 noritis
662 3617 673 3651 :
701 3611 938 3667 quorum
962 3595 1143 3664 capita
1177 3590 1379 3646 litteris
1404 3591 1553 3646 hisce
1582 3591 1859 3661 adjuncta,
1883 3591 2002 3645 hac

428 3693 902 3761 complectuntur.
933 3686 1289 3748 Prolitemur,
1313 3685 1470 3756 juxta
1509 3681 1841 3739 sententiam
1888 3697 2003 3736 ma-

427 3795 548 3846 gna:
608 3788 665 3833 et
712 3778 1037 3831 orthodoxa:
1086 3785 1345 3843 recteque
1406 3772 1703 3828 sentientis
1762 3770 2000 3842 synodi,

426 3867 1304 3941 apocdazov,consubstantialem,
1333 3879 1455 3920 esse
1492 3862 1639 3918 Patri
1675 3862 1895 3917 Filium.
1937 3860 2003 3915 Et

425 3965 488 4017 τὸ
532 3962 841 4031 ὁμοούσιον,
873 3955 1369 4021 consubstantiale,
1410 3970 1522 4009 non
1558 3954 1633 4008 ita
1673 3952 2000 4022 accipimus,

426 4056 593 4110 sicuti
642 4064 696 4107 et
744 4053 875 4107 olim
908 4049 1132 4120 quidam
1182 4062 1291 4102 non
1336 4061 1463 4101 vere
1495 4046 1547 4102 ei
1581 4044 2003 4100 subscribentes

425 4155 828 4219 exposuerunt,
871 4155 928 4201 et
970 4158 1123 4198 nunc
1161 4142 1278 4207 alii,
1332 4140 1523 4195 Patres
1557 4140 1681 4193 illos
1716 4147 2002 4202 vocantes.

428 4259 495 4298 ac
526 4243 635 4295 vim
668 4239 1114 4308 sententiamque
1142 4234 1297 4288 verbi
1321 4233 1627 4295 abolentes,
1651 4232 2005 4301 litteramque

429 4342 754 4404 sequentes,
800 4331 1137 4400 intelligunt,
1176 4342 1274 4396 per
1311 4326 1787 4381 consubstantiale
1821 4325 2003 4379 simile

432 4425 777 4497 signiﬁcari,
835 4436 1111 4493 quatenus
1162 4419 1299 4474 nulli
1345 4420 1686 4490 reliquarum
1736 4434 1835 4488 per
1875 4433 2003 4473 eum

2102 3222 2274 3293 ξαμεν
2305 3226 2398 3276 επὶ
2432 3224 2761 3296 ’Δμεγητίου
2784 3266 2800 3289 ,
2832 3228 2930 3280 καὶ
2960 3226 3299 3297 Κικερωνίου
3319 3267 3335 3291 ,
3368 3228 3470 3279 καὶ⁵
3495 3226 3659 3295 Matio

2105 3333 2224 3380 σου,
2273 3318 2364 3369 καὶ
2410 3317 2827 3388 Διαλάμπωνος.
2876 3318 2971 3370 καὶ
3014 3318 3350 3388 Βρεντησίου
3397 3318 3662 3391 ἀκροατῶν

2102 3404 2437 3473 γενομένων.
2462 3404 2645 3477 "Amp
2687 3405 2789 3458 καὶ
2829 3405 2974 3460 αὑτά
3013 3405 3083 3460 τά
3128 3405 3449 3478 πραχθέντα
3489 3406 3662 3472 ἐξακε-

2105 3496 2421 3565 στάλκαμεν
2455 3496 2601 3567 πρὸς.
2635 3496 2819 3567 ὑμᾶς,
2855 3496 2944 3551 ἴνα
2984 3497 3191 3566 γνῶναι
3230 3500 3398 3570 ἔχητε
3432 3498 3505 3555 τά
3541 3514 3664 3568 πρα-

2103 3586 2301 3658 χθέντα
2336 3588 2391 3638 ὲν
2419 3589 2486 3657 τῇ
2523 3587 2764 3659 ἐναρέτῳ
2801 3588 3006 3659 συνόδῳ
3030 3604 3045 3620 ’
3079 3588 3117 3644 ἃ
3148 3589 3215 3660 δὴ
3248 3591 3345 3643 καὶ
3379 3590 3662 3659 παρέζευξε

2103 3676 2217 3737 τοῖς
2260 3674 2588 3744 γράμμασιν
2639 3676 2698 3728 ιν
2750 3675 3037 3746 κεφαλαίῳ
3081 3677 3259 3731 ταῦτα
3308 3678 3373 3748 δὴ
3419 3680 3665 3749 δογματί-

2104 3770 2287 3835 ζοντα.
2302 3770 2708 3842 Ὀμολογοῦμεν
2736 3771 3043 3836 ἀκολούθως
3070 3775 3135 3843 τῇ
3166 3773 3384 3845 μεγάλῃ
3409 3776 3507 3828 καὶ
3530 3772 3665 3844 ὀρθο-

2104 3864 2240 3934 δόξῳ
2285 3865 2506 3935 συνόδῳ,
2551 3864 2840 3933 ὀμοούσιον
2882 3861 3023 3919 εἶναι
3062 3867 3140 3936 τῷ
3187 3867 3358 3935 [lath
3396 3867 3490 3920 τὸν
3532 3866 3665 3924 Υἱδν.

2105 3961 2201 4010 καὶ
2231 3959 2330 4027 οὐχ
2363 3958 2508 4012 οὕτω
2542 3957 2774 4028 νοοῦμεν
2835 3959 2898 4012 τὸ
2930 3946 3241 4027 δμοούσιον,
3273 3959 3353 4024 ὡς
3387 3962 3479 4015 καὶ
3513 3960 3665 4013 παλαι

2106 4049 2250 4111 τινὲς
2281 4050 2654 4121 ἐξηγήσαντο,
2688 4050 2764 4122 μὴ
2794 4050 3063 4121 ἀληθινῶς
3097 4052 3519 4123 ὑπογράψαντες
3543 4071 3557 4084 ο
3587 4054 3669 4105 καὶ

2106 4137 2200 4191 νῦν
2228 4139 2440 4210 ἕτεροι,
2472 4142 2720 4210 πατέρας
2751 4141 2996 4205 ἐκείνους
3024 4140 3354 4210 καλοῦντες,
3388 4144 3484 4214 τὴν
3513 4145 3666 4197 δύνα-

2110 4245 2203 4299 μιν
2250 4232 2347 4300 τῆς
2397 4229 2603 4300 λήξεως
2657 4230 3065 4300 ἀθετήσαντες,
3117 4234 3216 4287 καὶ
3267 4235 3523 4302 ἑπόμενοι
3567 4235 3668 4294 τοῖς

2106 4320 2400 4390 γράμμασι
2419 4363 2435 4385 ,
2467 4322 2528 4374 τὸ
2558 4323 2748 4391 ὅμοιον
2778 4322 3075 4393 δηλοῦσθαι
3104 4323 3194 4378 διά
3225 4324 3321 4377 τοῦ
3353 4325 3630 4395 ὀμοουσίου
3650 4340 3663 4353 ·

2107 4411 2234 4463 καθ’
2253 4411 2281 4466 ὃ
2309 4412 2489 4465 οὐδενὶ
2517 4413 2626 4466 τῶν
2653 4414 2863 4469 λοιπῶν
2893 4415 3209 4486 κτισμάτων
3240 4416 3310 4470 δι’
3334 4418 3492 4471 αὐτοῦ
3522 4433 3666 4483 γενο-

432 4521 701 4571 iactarum
736 4525 1117 4570 creaturarum
1173 4512 1349 4567 Filius
1395 4510 1844 4581 aquiparandus,
1896 4510 1995 4565 soli

2109 4504 2292 4575 μένων
2316 4505 2568 4576 ἐμφερὴς
2592 4507 2621 4557 ὸ
2648 4505 2777 4569 rw;
2801 4523 2813 4536 ·
2843 4506 3016 4577 ἀλλ’ἢ
3046 4509 3198 4580 μόνῳ
3225 4509 3306 4580 τῷ
3334 4510 3501 4582 Πατρὶ
3525 4509 3666 4576 ἀφω-

429 4606 578 4661 Patri
622 4605 827 4660 similis
867 4613 1033 4672 atque
1060 4602 1288 4671 aequalis
1315 4601 1406 4656 sit.
1464 4600 1569 4667 Qui
1596 4603 1744 4656 enim
1789 4601 1896 4655 hoc
1927 4600 2000 4655 ita

428 4703 737 4765 exponunt,
763 4693 1095 4763 praecipuam
1123 4699 1435 4747 creaturam
1454 4704 1576 4746 esse
1610 4690 1777 4761 impie
1802 4691 2000 4747 Filium

431 4787 525 4841 llei
579 4786 796 4840 docent.
848 4783 953 4839 Sed
1004 4799 1125 4845 nos,
1159 4782 1320 4837 sicuti
1361 4792 1417 4837 et
1462 4797 1610 4836 nunc
1648 4780 1908 4836 Romana:
1945 4790 2004 4836 et

427 4879 650 4934 Galbae
684 4877 905 4946 synodi,
942 4877 1238 4939 sentimus,
1286 4891 1450 4928 unam
1482 4884 1537 4930 et
1583 4875 1832 4930 eamdem
1879 4889 2003 4929 esse

427 4970 793 5024 substantiam
827 4968 1005 5022 Patris
1047 4977 1103 5021 et
1152 4966 1277 5021 Filii
1315 4976 1372 5021 et
1403 4965 1645 5035 Spiritus
1695 4965 1897 5027 sancti,
1946 4964 2002 5019 in

428 5062 604 5114 tribus
636 5062 909 5130 personis,
955 5060 1059 5114 hoc
1097 5072 1203 5118 est.
1254 5058 1311 5112 in
1359 5058 1540 5112 tribus
1572 5057 1838 5127 perfectis
1867 5056 2003 5110 sub-

428 5154 716 5207 sistentiis.
748 5152 1081 5207 Prolitemur
1118 5166 1269 5216 vero,
1309 5151 1464 5220 juxta
1494 5149 1789 5203 formulam
1820 5148 2001 5213 Nicar-

430 5260 578 5307 natn,
644 5243 843 5297 Filium
897 5241 990 5296 Dei
1035 5242 1589 5305 consubstantialem,
1652 5240 1998 5294 incarnatum

428 5350 551 5390 esse
581 5351 649 5389 ex
686 5345 875 5390 sancta
909 5335 1119 5406 virgine
1151 5336 1345 5397 Maria.
1375 5346 1431 5389 et
1463 5334 1515 5387 in
1547 5334 1866 5388 hominibus
1907 5334 2003 5386 ha-

432 5428 660 5488 bitasse,
691 5441 748 5481 et
803 5427 1117 5495 implevisse
1161 5442 1381 5482 onmem
1423 5441 1519 5495 pro
1557 5424 1719 5479 nobis
1762 5424 2003 5479 functio-

432 5534 582 5580 nem,
617 5520 672 5574 in
717 5520 1027 5587 nativitate,
1072 5531 1127 5575 et
1157 5521 1437 5591 passione,
1484 5528 1539 5573 et
1572 5517 1999 5581 resurrectione,

430 5622 490 5669 et
552 5612 608 5666 in
670 5612 841 5667 eteius
894 5614 1240 5667 ascensione.
1289 5610 1452 5682 169
1502 5610 1754 5679 Eumque
1790 5609 2000 5663 reditu-

504 5722 581 5793 (l)
638 5723 983 5792 Epiphanius
1033 5724 1430 5785 Scholasticus,
1491 5725 1582 5791 qui
1641 5712 1999 5791 Tripartitam

430 5793 721 5851 historiam
750 5800 934 5861 vertit,
977 5796 1136 5849 alta."
1169 5804 1463 5851 lectionem
1499 5805 1742 5860 secutus,
1786 5806 1950 5849 vcrttt
1981 5812 1997 5849 :

2108 4596 2364 4666 μοίωται.
2392 4598 2457 4650 Οἱ
2490 4597 2599 4667 γὰρ
2625 4597 2855 4650 τοιαῦτα
2885 4598 3269 4670 ιξηγοὺμενοι,
3305 4601 3503 4671 κτίσμα
3532 4598 3664 4666 ἐξαί-

2106 4704 2265 4757 ρετον
2313 4689 2532 4753 ἀσεϐῶς
2579 4690 2672 4741 τὸν
2722 4690 2853 4744 Υίὸν
2902 4692 3000 4744 τοῦ
3051 4691 3187 4745 Θεοῦ
3238 4693 3664 4763 δογματίζουσιν.

2117 4780 2310 4850 Ἡμεῖς
2339 4782 2397 4834 δὲ
2427 4781 2743 4853 φρονοῦμεν
2764 4824 2780 4850 ,
2812 4782 2889 4846 ὡς
2921 4787 3015 4837 καὶ
3049 4786 3106 4837 al
3138 4784 3354 4839 σύνοδοι
3382 4787 3500 4851 νῦν,
3527 4784 3663 4837 αἵτε

2104 4875 2251 4928 κατὰ.
2288 4875 2507 4945 Ῥώμην
2543 4880 2638 4928 καὶ
2674 4878 2729 4928 αἱ
2768 4877 2907 4929 κατά
2939 4877 3173 4931 Γαλλίαν
3194 4918 3208 4939 ,
3249 4878 3380 4941 μίαν
3412 4874 3538 4931 εἶναι
3576 4875 3667 4928 καὶ

2105 4968 2204 5038 τὴν
2236 4970 2408 5039 αὐτὴν
2444 4969 2634 5022 οὐσίαν
2666 4968 2761 5022 τοῦ
2797 4970 3013 5040 Πατρδς
3048 4971 3144 5024 καὶ
3174 4969 3269 5023 τοῦ
3304 4969 3433 5023 Υίοῦ
3465 4970 3544 5023 καὶ
3576 4965 3663 5017 τοῦ

2105 5061 2264 5130 ἁγίου
2298 5060 2638 5129 [1νεύματος,
2669 5062 2726 5113 ὲν
2755 5063 2902 5132 τρισὶ
2939 5061 3273 5133 προσώποις,
3306 5063 3584 5121 τουτέστιν,
3614 5060 3666 5109 ἐν

2104 5157 2254 5225 τρισὶ
2291 5153 2527 5218 τελείαις
2574 5155 2983 5209 ὁποστάσεσινο
3026 5154 3403 5225 ὁμολογοῦμεν
3440 5154 3492 5206 δὲ
3528 5150 3661 5204 κατὰ

2104 5247 2203 5317 τὴν
2237 5248 2451 5299 ἔκθεσιν
2483 5246 2581 5318 τὴν
2616 5249 2674 5299 ἐν
2709 5248 2918 5320 Νικαία
2942 5289 2958 5313 ,
3005 5250 3393 5318 σεσαρκῶσθαι
3427 5247 3509 5298 τὸν
3536 5243 3662 5295 Υίην

2104 5339 2199 5391 τοῦ
2231 5339 2366 5391 Θεοῦ
2396 5340 2488 5391 τὸν
2516 5339 2802 5409 δμοούσιον
2830 5343 2893 5394 ἐκ
2920 5341 3018 5409 τῆς
3054 5341 3218 5407 ἀγίας
3252 5328 3516 5409 Παρθένου
3540 5335 3659 5386 Μα-

2107 5430 2252 5499 ρίας,
2281 5428 2375 5482 καὶ
2405 5432 2463 5481 ὲν
2492 5429 2803 5497 ἀνθρώποις
2833 5430 3234 5498 ὲσκηνωκέναι,
3264 5429 3358 5481 καὶ
3389 5422 3659 5488 πεπληρω-

2105 5523 2265 5574 κέναι
2306 5523 2490 5573 πᾶσαν
2525 5523 2625 5591 τὴν
2661 5523 2802 5590 ὑπὲρ
2841 5519 2999 5591 ἡμῶν
3031 5521 3350 5590 οἰκονομίαν
3382 5519 3436 5570 ἐν
3464 5516 3659 5583 γενέεει

2106 5616 2202 5666 καὶ
2239 5614 2399 5667 πάθει
2434 5615 2528 5668 καὶ
2561 5616 2882 5682 ἀναστάσει,
2915 5614 3009 5666 καὶ
3039 5616 3103 5685 τῇ
3140 5615 3222 5677 εἰς
3252 5611 3499 5682 οὐρανοὺς
3528 5605 3661 5657 ἀνει-

2106 5728 2215 5852 mis
2271 5727 2600 5852 snbjicimgr
2653 5728 2703 5782 ei
2766 5728 2859 5797 qui
2915 5728 3126 5798 primus
3197 5736 3256 5781 et
3324 5721 3655 5779 novissimus.

2131 5815 2204 5851 ι».
2238 5816 2328 5852 ιιι.
2371 5816 2487 5852 can.
2567 5839 2579 5850 .

2131 5815 2204 5851 in.
2238 5816 2328 5859 ru.
2371 5816 2487 5866 cap.
2527 5815 2579 5852 υ.
