3912 6528
240 364 357 436 677

1172 365 1780 430 ECCLESIAS’l‘lC/E
1820 364 2207 424 HlS’l‘URlAS
2243 366 2391 428 LIB.
2438 366 2545 426 X1.

3390 380 3501 441 ϐ’ῖδ

248 488 433 541 ϐάσει.
462 486 570 540 Καὶ
601 486 767 542 πάλιν
791 486 947 558 ἥξειν
978 484 1304 540 ἀποδιδόντα
1333 487 1469 554 ἡμῖν
1500 485 1598 556 τὴν
1629 483 1820 551 ὁμοίω-

1936 496 2086 546 rum,
2111 494 2170 536 ut
2202 481 2363 536 nobis
2400 466 2674 536 retribuat
2699 484 3119 539 similitudinem
3156 484 3394 539 divmatu
3421 491 3498 559 (ι)

244 596 335 633 σιν
362 576 461 650 τὴν
486 577 644 633 θείαν
670 578 804 649 παρ’
829 578 1053 643 ἑαυτοῦ,
1082 579 1229 632 κατὰ
1251 579 1352 646 τὴν
1379 579 1613 632 ἑκάστου
1646 577 1826 647 βιοτὴν

242 674 303 724 ἐν
332 674 401 741 τῇ
430 670 618 740 ἡμέρα
642 671 745 740 τῆς
775 670 1018 742 κρίσεως
1044 687 1059 702 ο
1089 673 1259 742 σαρκὶ
1288 670 1573 740 ὁρώμενον
1601 671 1697 724 καὶ
1726 672 1827 742 τὴν

241 759 441 815 ἑαυτοῦ
471 759 626 814 θείαν
653 760 887 829 δύναμιν
916 760 1328 823 ἐπιδεικνύντα,
1361 760 1495 815 Θεὸν
1525 761 1657 815 ὄντα
1689 780 1824 833 σαρ-

238 853 497 923 κοιρόρον,
528 853 626 906 καὶ
656 852 756 907 οὐκ
789 852 1084 923 ἄνθρωπον
1110 854 1403 923 Θεοφόρον.
1439 856 1547 907 Καὶ
1576 856 1700 919 τοὺς
1729 855 1827 908 τά-

238 945 434 998 ναντία
482 944 816 1014 φρονοῦντας
867 945 1382 1016 άναθεματίζομεν⁸
1430 946 1524 999 καὶ
1572 947 1702 1010 τοὺς
1751 945 1825 1016 μὴ

238 1034 485 1104 γνησίως
516 1035 1017 1107 ἁναθεματίζοντας
1043 1037 1137 1090 τὸν
1164 1037 1391 1091 εἰπόντα
1421 1038 1503 1090 ὅτι
1535 1039 1676 1108 Πρὶν
1704 1055 1830 1106 γεν-

238 1126 477 1196 νηθῆναι
500 1127 603 1181 οὐκ
625 1122 695 1199 ἦν
720 1129 747 1181 ό
771 1127 901 1190 Υἱός
921 1143 936 1160 ⁸
965 1128 1103 1183 ἀλλὰ
1132 1127 1425 1198 γράψαντα
1456 1129 1536 1182 ὅτι
1567 1131 1659 1182 καὶ
1691 1129 1827 1198 Πρὶν

237 1218 496 1290 ἐνεργείᾳ
522 1220 873 1290 γεννηθῆναι,
898 1220 1129 1289 δυνάμει
1155 1217 1222 1291 ἦν
1248 1222 1305 1273 ἐν
1330 1220 1406 1290 τῷ
1436 1221 1632 1291 Πατρί.
1660 1220 1828 1274 Τοῦτο

237 1312 350 1382 γάρ
380 1313 477 1366 καὶ
502 1313 595 1366 ἐπὶ
622 1314 845 1366 πάντων
870 1315 981 1366 τῶν
1007 1314 1331 1382 κτισμάτων
1354 1314 1473 1366 ἐστὶ
1500 1312 1609 1366 τῶν
1639 1313 1715 1393 pg
1741 1312 1830 1365 del.

234 1404 413 1457 όντων
440 1404 580 1473 μετὰ
604 1404 698 1458 τοῦ
723 1402 864 1457 θεοῦ
884 1420 901 1437 ο
926 1404 1051 1458 καθ’
1074 1404 1103 1458 δ
1129 1406 1224 1458 καὶ
1247 1406 1274 1458 ό
1297 1405 1427 1470 Υίδς
1451 1405 1538 1459 ἀεὶ
1564 1403 1705 1474 μετὰ
1730 1402 1827 1458 τοῦ

235 1496 453 1564 Πατρός
482 1497 632 1550 ἐστιν
657 1495 814 1567 ἀϊδίῳ
841 1496 1095 1568 γεννήσει
1123 1495 1829 1567 γεγεννημένος.›Τοιαῦτα

236 1587 339 1654 μὲν
363 1587 434 1641 τά
466 1585 737 1657 βασιλέως
765 1588 1074 1660 γράμματα
1101 1583 1274 1659 ἦσαν’
1302 1591 1371 1644 τὰ
1400 1589 1457 1643 δὲ
1481 1590 1581 1654 τῆς
1609 1590 1826 1646 συνόδου

230 1677 430 1731 τοῦτον
463 1678 780 1749 διηγόρευον
811 1679 1040 1751 τρόπον·
1094 1680 1188 1733 «Ol
1211 1678 1500 1733 ἐπίσκοποι
1533 1678 1629 1733 τοῦ
1664 1679 1828 1734 Ἰλλυ-

235 1769 400 1838 ρικοῦ
422 1772 546 1835 ταῖς
571 1771 899 1843 ἐκκλησίαις
921 1772 1014 1825 τοῦ
1043 1771 1203 1836 Θεοῦ,
1231 1773 1323 1825 καὶ
1347 1773 1671 1836 ἐπισκόποις
1695 1772 1826 1826 διοι-

1928 591 1958 630 a
2016 575 2224 645 seipse,
2275 576 2430 646 juxta
2488 577 2651 630 vitam
2699 575 2969 646 cujusque
3021 579 3076 630 in
3113 577 3203 633 die
3261 579 3509 646 iudicii,

1929 684 2098 723 carne
2131 667 2493 737 spectabilem
2543 676 2595 722 et
2643 667 2887 722 divinam
2921 668 3180 724 virtutem
3215 686 3371 725 suam
3408 689 3499 726 ex-

1930 755 2240 817 hibentem,
2277 756 2448 810 Deum
2485 757 2859 827 σαρκηφόρον,
2907 757 2960 811 id
2993 767 3100 829 est,
3128 767 3349 815 carnem
3402 777 3500 818 seu

1931 848 2236 911 hominem,
2287 847 2578 914 ferentem,
2625 856 2683 902 et
2727 864 2837 903 non
2882 849 3161 905 hominem
3200 851 3500 925 Θεοφόρον,

1931 941 2034 996 hoc
2063 950 2171 1003 est,
2213 942 2384 995 Deum
2411 940 2704 996 ferentem.
2745 942 2822 996 Ac
2852 943 2945 1012 qui
2981 943 3196 999 diversa
3229 947 3498 1006 sentiunt.

1928 1034 2279 1089 anathemate
2307 1034 2631 1104 jugulamus
2659 1053 2674 1087 :
2714 1050 2818 1090 nec
2843 1036 3027 1091 minus
3047 1047 3102 1091 et
3128 1052 3246 1104 eos,
3270 1039 3363 1108 qui
3389 1055 3501 1093 non

1929 1124 2142 1178 directe
2210 1138 2265 1177 ct
2308 1139 2375 1178 ex
2434 1126 2622 1179 animo
2667 1126 3003 1181 anathemati
3032 1143 3157 1181 etim
3187 1129 3500 1197 subjecere,

1929 1212 2023 1281 qui
2066 1211 2207 1267 dixit
2255 1228 2364 1267 non
2425 1217 2578 1283 prius
2631 1215 2851 1279 Filium,
2910 1233 3072 1287 quam
3122 1220 3342 1288 genitus
3393 1221 3500 1281 sit.

1929 1303 2254 1360 exstitisse:
2290 1306 2494 1375 quique
2536 1308 2763 1377 scripsit
2808 1308 3127 1379 priusquam
3178 1321 3303 1366 actu
3347 1315 3498 1382 geni-

1933 1403 2021 1450 tus
2052 1396 2149 1463 sit,
2171 1405 2446 1466 potestate
2474 1414 2601 1453 eum
2635 1399 2688 1452 in
2715 1400 2872 1455 Patre
2908 1402 3099 1457 fuisse.
3123 1403 3238 1459 Hoc
3263 1420 3498 1478 namque

1928 1496 1987 1541 et
2019 1486 2076 1542 in
2110 1489 2387 1544 creaturis
2417 1491 2677 1545 omnibus
2701 1501 2807 1569 est,
2838 1508 2959 1563 quae
2993 1509 3099 1548 non
3134 1510 3353 1565 semper
3372 1512 3497 1552 cum

1929 1576 2044 1632 Deo
2071 1587 2224 1633 sunt.
2272 1577 2340 1634 At
2390 1580 2565 1635 Filius
2596 1590 2863 1651 perpetuo
2902 1583 3241 1653 sempiterna
3270 1600 3498 1655 genera-

1930 1667 2081 1723 tione
2107 1670 2326 1739 genitus
2352 1684 2478 1725 cum
2508 1671 2668 1726 Patre
2700 1684 2804 1728 est.
2832 1692 2850 1726 ι
2896 1673 3056 1729 Tales
3079 1676 3299 1744 quidem
3324 1672 3500 1747 impe-

1931 1759 2136 1815 ratoris
2167 1760 2321 1817 fuere
2354 1762 2572 1817 litterte.
2609 1762 2815 1835 Synndi
2869 1775 3055 1820 autem
3086 1765 3261 1836 ipsius
3293 1768 3347 1821 in
3382 1768 3499 1823 haec

232 1861 303 1929 κὴ
315 1878 458 1924 σεως
488 1840 765 1932 Ἀσιανῆς,
794 1862 1063 1931 Φρυγίας,
1091 1862 1510 1932 Καροφρυγίας,
1541 1862 1820 1917 Πακατια-

1925 1853 2093 1908 verba
2124 1862 2253 1909 sunt
2278 1855 2496 1925 scriptae
2520 1872 2535 1913 :
2574 1875 2592 1908 ι
2620 1857 2874 1927 Episcopi
2893 1858 3095 1930 Illyrici
3122 1858 3374 1914 ecclesiis
3403 1860 3497 1915 Dei

232 1952 353 2022 γῆς,
402 1955 459 2007 ἑν
500 1955 692 2024 Κυρίῳ
732 1954 971 2026 χαίρειν.
1013 1953 1390 2008 Συνελθόντων
1432 1953 1592 2026 ἡμῶν
1630 1955 1724 2008 ἐπὶ
1759 1954 1820 2009 τὸ

229 2044 397 2107 αὐτὸ,
424 2043 516 2099 καὶ
547 2044 829 2116 ζητήσεως
865 2046 1068 2113 πολλῆς
1095 2045 1402 2116 γενομένης
1432 2047 1566 2117 περὶ
1593 2045 1684 2100 τοῦ
1718 2063 1823 2101 σω-

230 2150 299 2202 τη
303 2136 429 2205 ρίου
444 2135 629 2207 λόγου,
650 2136 1017 2207 ἀπεδείξαμεν
1034 2137 1323 2208 δμοούσ.ον
1341 2133 1482 2191 εἶναι
1502 2138 1599 2208 τὴν
1617 2139 1825 2207 Τριάδα

229 2229 452 2300 Πατρδς
486 2231 579 2284 καὶ
615 2230 746 2285 Υῑοῦ
782 2231 877 2285 καὶ
912 2231 1072 2300 ἁγίου
1109 2231 1451 2303 Πνεύματος.
1489 2234 1600 2286 Καὶ
1639 2228 1708 2304 ἦν
1740 2233 1822 2286 δί-

229 2338 394 2376 καιον
426 2323 737 2394 γράμματα
781 2324 1128 2395 άποχαράξαι
1172 2323 1310 2395 πρὸς
1347 2324 1494 2395 ὑμᾶς
1517 2338 1533 2353 '
1570 2325 1631 2378 οὐ
1675 2326 1825 2395 σοφί-

232 2431 413 2486 σμασι
452 2417 525 2471 τὰ
571 2419 667 2489 τῆς
714 2417 1015 2488 θρησκείας
1062 2421 1162 2490 τῆς
1208 2419 1437 2488 Τριάδος
1485 2416 1821 2489 γράφοντας,

230 2509 353 2563 ἀλλ’
397 2510 456 2564 εν
478 2511 955 2583 ταπεινοφροσύνῃ
981 2511 1423 2577 καταξιωθέντας
1447 2528 1462 2544 ·
1488 2513 1641 2565 τουτὶ
1663 2511 1823 2582 ἡμῶν

228 2601 291 2655 ab
334 2603 581 2673 γράμμα
620 2603 1051 2673 ἀπεστάλκαμεν
1080 2603 1168 2657 διὰ
1202 2602 1299 2657 τοῦ
1336 2604 1626 2675 ἀγαπητοῦ
1664 2605 1822 2657 ἀδελ-

230 2693 336 2762 φοῦ
368 2694 534 2765 ἡμῶν
561 2695 658 2749 καὶ
689 2696 1113 2765 συλλειτουργοῦ
1150 2695 1429 2751 Ἐλπιδίου
1457 2695 1552 2750 τοῦ
1582 2696 1823 2767 πρεσϐυ-

228 2785 422 2856 τέρου.
455 2786 533 2840 Οὐ
565 2785 674 2857 γάρ
708 2787 768 2840 ὲν
799 2789 914 2849 τοῖς
948 2787 1058 2839 τῶν
1091 2786 1377 2857 ἡμετέρων
1407 2786 1610 2858 χειρῶν
1641 2788 1823 2856 γράμ-

233 2894 430 2947 μασιν,
454 2876 646 2931 ἀλλἐν
665 2881 786 2941 ταῖς
807 2877 902 2932 τοῦ
928 2878 1177 2948 Σωτῆρος
1201 2878 1359 2948 ἡμῶν
1383 2878 1560 2950 Ἰησοῦ
1583 2879 1821 2949 Χριστοῦ

229 2968 443 3038 βίϐλοις
471 2969 785 3041 γέγραπται
807 2986 821 3002 ο
847 2968 997 3038 Ἐγὼ
1020 2969 1139 3038 μέν
1163 2972 1285 3039 ειμι
1314 2971 1579 3036 Παύλου,
1606 2972 1722 3041 ἐγὼ
1753 2970 1822 3024 δὲ

240 3061 554 3127 Ἀπολλῶ,
588 3061 704 3131 ἐγὼ
732 3062 803 3116 δὲ
833 3060 1031 3131 Κηφᾶ.
1062 3062 1161 3131 Μὴ
1200 3063 1443 3129 Παῦλος
1473 3063 1818 3132 ἐσταυρώθη

1924 1955 1981 2001 et
2008 1947 2286 2017 episcopis
2329 1948 2587 2004 dimensis
2617 1950 2861 2017 Asiam»,
2890 1952 3161 2023 Phrygiae,
3185 1952 3497 2024 Carophry-

1925 2039 2047 2105 giae,
2095 2040 2424 2106 Pacatiaum,
2458 2042 2512 2095 in
2552 2044 2787 2097 Domino
2817 2044 3077 2101 salutem.
3121 2044 3408 2101 Conventu
3463 2062 3495 2100 a

1926 2130 2089 2185 nobis
2127 2141 2272 2192 acto,
2304 2143 2358 2187 et
2390 2134 2780 2201 disquisitione
2817 2138 2988 2190 multa
3037 2136 3200 2201 facta,
3237 2138 3305 2192 de
3348 2138 3497 2192 salu-

1927 2225 2029 2277 tari
2092 2226 2302 2286 verbo,
2366 2225 2719 2281 decrevimus
2782 2226 3313 2281 consubstantialem
3372 2242 3497 2282 esse

1925 2312 2252 2368 Trinitatem
2307 2314 2486 2369 Patris
2519 2321 2580 2370 et
2616 2314 2740 2369 Filii
2786 2325 2839 2370 et
2888 2316 3131 2384 Spiritus
3179 2317 3377 2372 sancti.
3430 2318 3498 2373 Et

1923 2419 2142 2473 aequum
2186 2416 2311 2459 esse
2374 2404 2651 2469 duximus,
2709 2403 2927 2460 litteras
2977 2405 3043 2458 ad
3100 2420 3198 2460 vos
3248 2421 3495 2461 exarare.

1923 2494 2046 2549 Non
2067 2511 2169 2548 nos
2198 2495 2420 2564 quidem
2452 2507 2512 2549 ut
2527 2506 2646 2550 arte
2676 2498 2930 2566 quapiam
2970 2498 3177 2552 cultum
3213 2496 3499 2553 Trinitatis

1926 2586 2428 2654 perscriberemus,
2480 2587 2575 2641 sed
2625 2587 2900 2642 submissa
2954 2588 3498 2661 humilitatedignos

1925 2691 2028 2731 nos
2070 2692 2134 2731 ea
2185 2692 2243 2731 re
2293 2676 2699 2741 existimantes,
2737 2678 3027 2747 epistolam
3071 2679 3212 2735 hanc
3245 2690 3495 2736 nostram

1925 2782 2024 2837 per
2073 2767 2332 2822 dilectum
2397 2766 2739 2839 fratrem‘et
2791 2768 3185 2823 administrum
3241 2779 3494 2824 nostrum

1870 2877 1881 2888 ο
1926 2860 2201 2929 Elpidium
2241 2860 2621 2941 presbyterum
2652 2859 2934 2914 daremus.
2964 2860 3082 2914 Non
3113 2864 3259 2916 enim
3298 2862 3352 2915 in
3379 2877 3497 2916 ma-

1925 2967 2096 3006 nuum
2131 2962 2446 3005 nostrarum
2478 2950 2702 3015 litteris,
2738 2965 2930 3005 verum
2983 2954 3037 3006 in
3074 2952 3250 3022 ipsius
3294 2952 3498 3008 Serva-

1929 3047 2063 3099 toris
2086 3043 2289 3098 Chr'sti
2331 3043 2457 3098 Jesu
2496 3043 2651 3097 libris
2684 3042 2951 3111 scriptum
2980 3051 3106 3097 est:
3141 3043 3252 3113 Ego
3279 3044 3494 3114 quidem

227 3154 388 3223 ὑπὲρ
440 3154 643 3224 ὐμῶν;
691 3154 730 3223 ἢ
780 3155 869 3221 εἰς
917 3155 984 3209 τὸ
1038 3153 1228 3224 ὄνομα
1278 3155 1526 3208 Παύλου
1578 3155 1819 3208 ἐϐαπτί-

1925 3154 2039 3191 ειιηι
2093 3137 2271 3199 Pauli,
2332 3151 2425 3205 ego
2474 3151 2594 3189 vero
2646 3134 2853 3206 Apollo,
2907 3150 3000 3205 ego
3067 3145 3241 3189 autem
3286 3135 3492 3205 Cepluz.

228 3248 422 3313 σθητε
436 3261 458 3310 ;
493 3246 598 3299 Καὶ
632 3245 809 3300 ταῦτα
827 3246 928 3317 μὲν
966 3245 1130 3317 ἤρκει
1149 3245 1818 3317 τῇήμετέρᾳταπεινὼσει

234 3340 380 3410 μήτε
410 3340 474 3392 τὸ
505 3338 738 3393 καθόλου
773 3340 1081 3409 γράμματα
1113 3335 1463 3408 άποχαράξαι
1500 3339 1638 3404 πρὸς
1673 3339 1817 3407 ὑμᾶς

228 3429 319 3483 διὰ
346 3430 444 3483 τὸν
472 3428 796 3501 τηλικοῦτον
824 3429 990 3498 φόϐον
1017 3428 1078 3484 ὃν
1104 3428 1294 3484 αὐτόθι
1326 3427 1637 3498 κηρύσσετε
1668 3430 1818 3500 πάσῃ

230 3522 320 3590 ὑφ’
346 3521 495 3591 ὑμᾶς
528 3521 770 3592 ἐπαρχίᾳ
790 3561 806 3588 ,
834 3520 1280 3592 ἁποχωρὶζοντες
1307 3520 1368 3572 τὸ
1397 3519 1554 3588 ἅγιον
1589 3520 1817 3590 Πνεῦμα

228 3615 339 3668 ἀπὸ
365 3613 463 3669 τοῦ
494 3614 708 3684 Πατρδς
735 3615 831 3667 καὶ
857 3613 952 3667 τοῦ
980 3612 1134 3668 Υίοῦ.
1166 3612 1442 3683 Ἀνάγκην
1468 3611 1560 3666 οῦν
1586 3613 1818 3684 ἔσχομεν

230 3710 374 3779 πρὸς
402 3706 550 3778 ὑμᾶς
577 3706 793 3777 πέμψαι
820 3708 910 3760 τὸν
938 3707 1129 3776 κύριον
1155 3705 1317 3778 ἡμῶν
1345 3708 1440 3759 καὶ
1470 3704 1820 3775 συλλειτουρ-

230 3800 327 3869 γόν
365 3798 668 3866 Ἐλπίδιον,
696 3799 808 3855 ἀπὸ
840 3801 937 3868 τῆς
972 3796 1367 3870 βασιλευούσης
1402 3797 1691 3867 Ῥωμαίων
1723 3799 1821 3866 ἀρ-

230 3893 333 3965 χῆς
355 3931 374 3954 .
405 3890 569 3946 τοῦτο
595 3892 660 3945 τὸ
689 3891 956 3964 κήρυγμα
987 3891 1181 3960 ἔχοντα
1200 3931 1213 3954 ,
1245 3890 1634 3959 καταμαθόντα
1653 3929 1667 3952 ,
1703 3888 1817 3956 εἴγε

229 3983 319 4057 ἄρ’
343 3981 522 4046 οὕτως
550 3983 665 4054 ἔχει
689 3982 752 4037 τὸ
777 3983 1043 4054 κήρυγμα
1069 3981 1248 4052 ὑμῶν.
1279 3980 1343 4034 0i.
1375 3980 1486 4049 γάρ
1518 3979 1596 4048 μὴ
1625 3977 1821 4049 ὁμοσύ-

231 4092 352 4129 σιον
381 4075 480 4146 τὴν
509 4075 715 4145 Τριάδα
746 4075 1109 4146 κηρύττοντες
1136 4073 1391 4142 ἀνάθεμα
1422 4071 1694 4137 εστωσαν,
1724 4073 1819 4126 καὶ

228 4168 283 4221 εί
306 4185 399 4232 τις
428 4168 640 4231 τούτοις
673 4167 959 4238 φωραθείη
998 4165 1275 4221 κοινωνῶν
1295 4206 1311 4233 ,
1342 4166 1595 4235 ἀνάθεμα
1630 4165 1776 4219 ἔστω
1798 4182 1813 4197 ·

230 4262 347 4323 τοῖς
390 4259 450 4314 δὲ
493 4259 856 4331 κηρύττουσιν
890 4259 1180 4329 ὁμοούσιον
1211 4258 1313 4330 τὴν
1346 4258 1555 4327 Τριάδα
1594 4259 1629 4329 ἠ
1664 4256 1819 4328 βασι-

230 4352 353 4415 λεία
394 4351 504 4406 τῶν
546 4351 798 4422 οὐρανῶν
837 4351 1189 4422 ἡτοίμασται.
1233 4349 1675 4420 Παρακαλοῦμεν
1722 4344 1817 4402 οὖν

1925 3229 2068 3284 Nunt
2150 3228 2353 3282 Paulus
2427 3228 2708 3293 cruciﬁxus
2780 3237 2857 3281 est
2941 3244 3038 3297 pro
3126 3227 3316 3282 vobis?
3399 3236 3496 3283 aut

1918 3325 1974 3377 in
2033 3338 2221 3375 nomen
2276 3319 2437 3375 Pauli
2490 3319 2748 3391 baptizati
2817 3322 2971 3373 estis'
3005 3318 3029 3371 ?
3068 3319 3137 3374 Et
3197 3318 3496 3374 humilitati

1921 3416 2145 3487 quidem
2229 3428 2429 3470 nostra:
2508 3416 2642 3469 satis
2705 3429 2826 3469 esse
2886 3413 3292 3483 convmtireque
3342 3411 3484 3468 vide-

1921 3506 2106 3569 batur,
2184 3503 2321 3558 ltlllll
2385 3517 2610 3573 prorsus
2671 3503 2741 3556 ad
2824 3517 2920 3571 vos
2976 3501 3108 3556 dare
3159 3502 3493 3566 litterarum,

1918 3610 2145 3670 propter
2226 3599 2512 3650 horrorem
2575 3604 2827 3658 tantum,
2887 3610 3052 3663 quem
3128 3593 3256 3648 istic
3339 3594 3491 3648 omni

1919 3694 2024 3748 sub
2054 3691 2212 3746 vobis
2249 3689 2558 3759 praedicatis
2590 3689 2909 3758 provincias,
2975 3696 3327 3757 segregantes
3360 3686 3488 3756 Spi-

1922 3789 2089 3842 ritum
2124 3795 2379 3839 sanctum
2428 3798 2457 3836 a
2511 3782 2674 3836 Patre
2718 3788 2775 3835 et
2827 3779 2988 3834 Filio.
3044 3778 3150 3834 Sed
3183 3779 3487 3834 necessitas

1921 3878 2183 3946 imposita
2209 3875 2369 3928 nobis
2392 3882 2498 3936 est,
2530 3880 2590 3924 ut
2615 3870 2681 3924 ad
2712 3886 2810 3924 vos
2834 3871 3182 3924 mitteremus
3208 3867 3493 3923 dominum

1919 3981 1975 4025 et
2016 3969 2408 4043 administrum
2460 3973 2710 4019 nostrum
2744 3963 3046 4032 Elpidium,
3080 3961 3150 4016 ab
3197 3961 3334 4016 urbe
3372 3977 3495 4030 qum

1918 4073 2003 4119 est
2062 4060 2280 4129 imperii
2348 4057 2582 4112 Romani
2641 4065 2829 4124 caput,
2898 4055 3108 4109 litteras
3169 4054 3490 4118 habentem,

1920 4158 2336 4226 citploraturum
2387 4167 2456 4205 an
2489 4151 2561 4203 ita
2604 4163 2664 4203 se
2700 4148 2901 4202 habeat
2934 4147 3254 4217 praedicatio
3281 4156 3489 4202 vestra.

1918 4247 2023 4316 Qui
2049 4246 2197 4301 enim
2230 4243 2554 4298 Trinitatem
2587 4237 3111 4293 consubstantialem
3146 4251 3254 4290 non
3289 4236 3491 4305 pra-di-

1921 4349 2071 4403 caut,
2118 4335 2411 4391 anathema
2443 4336 2577 4386 sint.
2608 4328 2675 4383 Et
2715 4329 2759 4383 si
2805 4327 2931 4397 quis
2956 4341 3080 4381 cum
3125 4327 3206 4381 eis
3240 4341 3493 4380 commu-

234 4446 416 4515 ὑμᾶς,
447 4416 698 4519 ἀδελφοὶ,
734 4444 811 4517 μὴ
841 4416 1373 4513 ἑτεροδιδασκαλεῖν,
1408 4441 1546 4514 μηδὲ
1576 4416 1819 4511 ἕτεροδο-

1925 4433 2142 4489 nionem
2193 4429 2397 4484 habere
2442 4431 2759 4494 compertus
2812 4421 3001 4481 fuerit,
3046 4418 3339 4473 anathema
3394 4416 3489 4473 sit.

234 4508 377 4607 ξεῖν,
399 4508 523 4592 ἁλλ’
546 4508 830 4609 ὁμοοῦσιον
860 4508 950 4591 ἀεί
981 4537 1078 4590 καὶ
1104 4537 1192 4590 διὰ
1222 4508 1423 4600 παντὸς
1451 4508 1812 4606 κηρύττοντες

1925 4523 2251 4580 Trinitatem
2280 4527 2465 4574 autem
2509 4513 3034 4571 consubstantialem
3064 4510 3494 4581 praedicantibus

231 4634 334 4705 τὴν
370 4633 580 4702 Τριάδα
603 4673 618 4698 ,
651 4630 922 4701 δυνηθῆτε
962 4629 1375 4700 κληρονομῆσαι
1407 4627 1507 4698 τὴν
1539 4626 1632 4680 τοῦ
1675 4625 1813 4680 Θεοῦ

234 4724 544 4796 βασιλείαν.
584 4724 722 4794 Περὶ
761 4721 955 4776 τούτου
1002 4721 1312 4792 γράφοντες
1359 4719 1454 4771 καὶ
1503 4717 1814 4785 ὑπόμνησιν

231 4822 460 4889 ἔχοντες
507 4817 860 4888 ὲχαράξαμεν
903 4814 1056 4869 τουτὶ
1102 4814 1260 4884 ἡμῶν
1303 4814 1362 4866 ac")
1412 4811 1667 4882 γράμμα,
1715 4809 1814 4864 καὶ

233 4913 367 4981 περὶ
403 4909 514 4965 τῶν
551 4908 973 4978 καθισταμένων
1014 4903 1332 4958 ἐπισκόπων
1372 4902 1405 4971 ἢ
1451 4900 1818 4955 κατασταθὲν⁹

234 5022 344 5056 των
387 5001 843 5072 συλλειτουργῶν,
883 5000 980 5052 ἐὰν
1020 4997 1121 5067 μὲν
1165 4989 1277 5048 εῐεν
1318 4997 1381 5047 ὲκ
1423 4993 1533 5046 τῶν
1571 4993 1630 5044 ὲν
1671 4992 1816 5045 τέλει

239 5113 414 5167 χρησῑ
428 5095 607 5165 μένων
636 5093 954 5148 ἐπισκόπων
985 5091 1162 5159 ὑγιεῖς
1187 5104 1201 5118 ·
1237 5090 1285 5140 εί
1318 5087 1373 5139 δὲ
1410 5088 1483 5155 μὴ
1505 5126 1521 5151 ,
1552 5084 1611 5151 ἐξ
1645 5083 1813 5137 αὑτοῦ

238 5187 332 5240 τοῦ
365 5183 795 5257 πρεσϐυτερίου,
827 5182 1027 5252 ὁμοίως
1060 5197 1119 5234 τε
1155 5180 1246 5233 καὶ
1279 5176 1687 5249 πρεσϐυτέρους
1720 5175 1815 5228 καὶ

236 5280 520 5339 διακόνους
544 5276 606 5341 ἐξ
629 5275 796 5331 αὐτοῦ
820 5276 917 5328 τοῦ
944 5272 1224 5344 ἱερατικοῦ
1249 5270 1555 5341 τάγματος,
1586 5266 1654 5322 ἶν’
1678 5262 1813 5322 ὦσιν

241 5371 597 5434 ἀνεπίληπτοι
627 5366 997 5440 πανταχόθεν,
1029 5366 1125 5420 καὶ
1156 5363 1264 5419 άπὸ
1291 5361 1387 5416 τοῦ
1421 5360 1810 5432 ϐουλευτηρίου

309 5511 375 5568 ⁸1
408 5510 538 5567 Cor.
569 5527 608 5579 ι,
641 5508 730 5566 15.

314 5674 389 5744 (l)
421 5672 732 5752 Siculiabet
759 5671 966 5752 l‘liceplt
988 5681 1090 5752 __ct
1120 5667 1440 5752 Tripartita.
1480 5657 1809 5752 :l‘lteodorit.

245 5742 449 5809 autem,
517 5743 589 5799 Ut
646 5747 805 5801 nobis
872 5742 1139 5798 retribuat
1187 5742 1339 5809 juxta
1407 5742 1675 5804 cujusque
1736 5744 1820 5783 Vl-

247 5824 377 5881 tatn,
410 5828 519 5870 etc.

1920 4630 2151 4687 regnum
2189 4612 2455 4668 calorum
2502 4617 2869 4680 praeparatum
2903 4617 3006 4661 est.
3038 4605 3199 4675 170
3223 4602 3491 4660 Cohorta—

1922 4723 2044 4760 mur
2101 4705 2268 4774 igitur
2313 4717 2434 4766 vos,
2485 4700 2707 4764 fratres,
2743 4712 2813 4753 ne
2845 4697 3005 4751 aliter
3049 4695 3315 4762 doceatis,
3352 4709 3491 4749 neve

1921 4813 2081 4855 secus
2111 4795 2365 4850 sentiatis
2394 4809 2408 4847 ε
2436 4793 2530 4848 sed
2558 4793 2888 4847 Trinitatem
2921 4798 3242 4843 constanter
3273 4801 3493 4855 semper

1923 4883 2455 4949 consubstantialem
2516 4885 2898 4956 pratdicautes,
2953 4894 3183 4935 cernere
3234 4876 3490 4948 poteritis

1924 4982 2302 5040 ltmreditatem
2361 4977 2511 5048 regni
2568 4975 2683 5029 Det.
2736 4974 2850 5028 llac
2889 4971 2959 5024 de
2994 4984 3052 5025 re
3102 4982 3226 5023 cum
3281 4967 3349 5020 ad
3396 4980 3492 5018 vos

1922 5078 2088 5132 hasce
2117 5076 2334 5129 litteras
2367 5071 2758 5131 scriberemus,
2800 5060 3269 5118 commonefacere
3321 5056 3488 5110 etiam

1923 5187 2021 5225 vos
2062 5168 2357 5228 voluimus,
2389 5166 2457 5219 de
2503 5160 2782 5221 creandis,
2813 5155 2896 5209 vel
2926 5153 3088 5208 etiam
3120 5149 3320 5205 creatis
3367 5147 3488 5216 epi-

1920 5262 2127 5332 scopis,
2160 5272 2466 5327 eorumque
2498 5250 2867 5313 administris,
2904 5257 2964 5301 ut
2994 5243 3210 5301 scilicet
3234 5242 3493 5332 legantur

1919 5371 1990 5412 ex
2021 5328 2179 5410 sanae
2226 5350 2430 5405 mentis
2457 5355 2515 5403 et
2548 5345 2836 5407 doctrinae,
2865 5337 2962 5409 qui
2995 5335 3375 5408 magistratum
3410 5328 3490 5402 ιε)

1997 5650 2075 5721 (ε)
2118 5647 2231 5721 Ἐξ,
2265 5641 2375 5721 τῶγ
2433 5640 2492 5721 ἐκ
2547 5637 2691 5691 τέλει
2744 5615 3491 5721 κρήεαιεέγωνὲπξετξέπξεὶξ

1926 5705 2122 5791 ὐγῖεές.
2171 5713 2384 5769 Tlteod.
2437 5709 2537 5791 lib:
2576 5723 2652 5791 tv,
2694 5705 2825 5791 .cap.
2851 5705 2920 5787 .9,
2951 5705 3077 5791 hoc.
3105 5705 3492 5791 esttsanir‘q‘ui

1927 5773 2298 5860 lti;:gi§tratttm
2328 5779 2597 5852 gesserint
2621 5773 2864 5848 episcopi
2894 5773 3078 5846 :quod
3119 5775 3185 5829 de
3215 5773 3494 5842 episcopis
