3796 6534
82 386 160 453 6‘31
949 377 1560 442 ECCLESIASTICiB
1599 380 1987 447 HISTORIA;
2020 379 2166 441 LIB.
2203 378 2308 439 XI.

3165 381 3276 446 682

90 504 291 572 εἴρηται,
313 493 442 548 ἀλλὰ
469 492 546 556 τίς
575 491 680 563 ἄρα
705 491 814 546 τῶν
841 490 933 544 δύο
953 491 1049 544 τοῦ
1095 491 1456 547 ὲπισκοπικοῦ
1473 491 1598 562 θρό-

1725 491 2055 549 :ontentione
2082 491 2287 546 sensim
2325 505 2410 544 res
2470 490 2535 544 ad
2567 489 2892 547 sedtionem
2925 493 3281 563 procedebat.

83 608 154 644 νου
177 585 467 657 κατάρξειε.
493 583 596 636 Καὶ
629 583 718 635 ἐπὶ
753 581 910 635 τόσον
943 583 978 652 ὴ
1032 581 1223 645 στάσις
1252 581 1489 652 ἀνήφθη,
1528 580 1604 644 ὡς

81 685 222 753 μέχρι
276 679 445 748 φόνων
501 677 556 730 τὸ
604 677 777 729 κακον
831 674 1134 746 προελθεῖν,
1197 670 1605 744 συμπληγάδων

79 774 308 829 πλείστων
327 771 386 823 ἐκ
415 768 514 836 τῆς
543 767 650 820 τῶν
681 767 858 837 ὄχλων
893 766 1239 838 παρατριϐἦς
1269 766 1603 835 γενομένων.

81 867 170 923 Καὶ
202 866 272 926 εἰς
312 862 489 932 μεῖζον
509 860 571 913 ἂν
602 857 903 929 προῦὁαινε
937 858 998 912 τὸ
1024 857 1219 925 δεινὸν,
1250 858 1300 909 εἰ
1339 857 1415 928 μὴ
1449 859 1476 909 ὁ
1508 857 1605 926 τῆς

79 960 254 1017 πόλεως
298 951 538 1022 ὕπαρχος
567 950 876 1019 Μαξιμῖνος
916 948 1145 1012 πολλοὺς
1189 947 1297 1000 τῶν
1325 949 1384 1000 έν
1414 946 1607 1017 κλήρῳ

80 1046 260 1104 καὶτοῦ
287 1043 409 1098 λαοῦ
437 1040 729 1113 τιμωρίαις
760 1038 1081 1103 ὑποϐαλὼν,
1113 1037 1279 1092 αὐτόν
1306 1054 1367 1090 τε
1406 1036 1608 1108 Οὑρσί-

80 1155 175 1193 κιον
196 1136 284 1208 τῆς
319 1134 711 1204 ιπιχειρήσεως
744 1131 950 1184 ἔπαυσε
974 1170 989 1194 ,
1024 1131 1117 1182 καὶ
1147 1129 1271 1191 τοὺς
1301 1127 1609 1198 ᾑρημένους

79 1229 239 1296 ἐκείνῳ
281 1223 585 1281 ἀκολουθεῖν
639 1223 855 1292 ἀνέσχε.
899 1221 1035 1291 Περί
1091 1219 1275 1288 μέντοι
1323 1218 1609 1288 δογμάτων

78 1319 176 1372 οὔτε
202 1318 244 1371 ol
290 1317 388 1385 τὴν
426 1313 643 1384 Ῥώμην
693 1311 992 1376 οἰκοῦντες,
1045 1309 1162 1364 οὔθ’
1209 1311 1259 1362 οἱ
1292 1310 1392 1377 τὴν
1442 1308 1610 1376 ἄλλην

80 1407 278 1476 ἑσπέραν
308 1404 514 1474 ἔχοντες
565 1402 877 1471 διεφέροντο
904 1401 979 1463 ὼς
1010 1400 1072 1453 τὸ
1117 1399 1386 1470 πρότερον
1411 1414 1424 1428 ο
1455 1398 1609 1467 κοινῇ

10 1497 12 1502 “
78 1497 123 1550 δὲ
136 1497 307 1557 πάντες
326 1497 418 1564 τὴν
442 1494 498 1545 ἑν
522 1493 726 1562 Νικαίᾳ
748 1491 929 1545 πίστιν
944 1490 1271 1560 ἠσπάζοντο,
1294 1489 1390 1542 καὶ⁸
1407 1487 1614 1559 Τριάδα

79 1585 319 1653 ὀμοοὺσιον
339 1584 427 1636 καὶ
454 1582 716 1653 ὁμότιμον
740 1582 834 1635 καὶ
861 1580 1182 1649 ἰσοδύναμον
1213 1578 1398 1632 ἔσεὸόν
1424 1595 1484 1631 τε
1517 1581 1611 1633 καὶ

79 1674 409 1744 ἑδογμάτιζον.

1711 599 1822 639 non
1851 584 1923 639 ob
1954 583 2078 655 ﬁdei
2113 580 2513 654 professionem
2554 582 2814 656 aliquam,
2846 592 2905 638 ut
2931 584 3142 640 dictum
3173 597 3280 650 est,

1711 669 1809 726 sed
1852 677 2077 739 propter
2132 668 2561 735 dissensionem,
2598 680 2720 723 uter
2753 668 2989 724 duorum
3049 671 3278 726 istorum

1713 761 2012 829 episcopali
2057 759 2174 814 sedi
2240 769 2517 830 praeesset.
2572 759 2722 814 Adeo
2758 775 2886 815 vero
2945 760 3137 818 seditio
3199 772 3285 817 est

1711 860 1976 921 grassata,
2011 859 2070 904 ut
2103 852 2304 905 malum
2366 851 2421 906 id
2449 852 2514 904 ad
2551 850 2725 906 caedes
2755 867 2971 921 quoque
3015 868 3286 922 pervene-

1711 943 1804 1010 rit,
1863 953 1919 996 et
1947 942 2234 998 conﬂictus
2258 944 2441 1013 plures
2491 959 2554 1004 ex
2591 943 2957 1000 multitudinis
3003 944 3284 1000 conﬂicta-

1713 1035 2036 1104 tioneHacti
2089 1035 2218 1090 sint.
2280 1035 2346 1090 Et
2376 1037 2557 1091 clades
2595 1052 2658 1091 ca
2706 1037 2758 1091 in
2806 1037 3028 1106 gravius
3083 1039 3286 1092 malum

1710 1123 1998 1188 evasisset,
2027 1124 2131 1178 nisi
2168 1123 2455 1193 prafectus
2485 1123 2604 1178 urbi
2666 1123 3014 1190 Maximinus,
3052 1125 3104 1177 in
3147 1124 3285 1177 nlul-

1712 1224 1799 1270 tos
1835 1229 1902 1269 ex
1957 1216 2104 1270 clero
2164 1215 2328 1269 simul
2381 1226 2436 1271 et
2484 1232 2549 1270 ex
2587 1218 2786 1285 populo
2824 1217 3285 1279 animadvertens,

1717 1324 1841 1362 cum
1877 1305 2144 1363 Ursicium
2177 1321 2360 1379 empto
2387 1311 2674 1374 desistere,
2699 1321 2811 1364 tum
2843 1321 3144 1365 sectatores
3171 1309 3291 1380 ejus

1717 1399 2031 1470 relinquere
2077 1400 2229 1455 illum
2285 1403 2580 1472 coegisset.
2652 1403 2730 1456 De
2765 1401 3113 1473 dogmatibus
3157 1419 3290 1457 sane

1716 1489 1941 1560 quidem
1972 1492 2255 1567 nequequi
2287 1492 2587 1546 Romanam
2623 1493 2810 1546 urbem
2850 1493 3072 1553 habent,
3107 1509 3286 1563 neque

1717 1581 1807 1650 qui
1853 1581 2208 1639 Occidentem
2267 1584 2542 1654 reliquum
2590 1583 2860 1648 incolunt,
2915 1584 3078 1639 sicuti
3132 1595 3288 1638 antea

1717 1689 1938 1744 quoque
1973 1675 2178 1730 dictum
2237 1686 2341 1740 est,
2387 1677 2764 1747 disceptarth
2801 1693 2814 1729 :
2874 1676 2970 1731 sed
3013 1675 3291 1730 conununi

80 1784 307 1824 consensu
341 1781 531 1824 omnes
561 1767 833 1824 Nicznam
873 1768 1034 1824 ﬁdem
1081 1782 1212 1824 sunt
1277 1767 1575 1839 complexi,
1635 1774 1692 1823 et
1730 1765 2055 1826 Trinitatem
2086 1771 2330 1844 ejusdem
2364 1773 2703 1838 substantiae,
2735 1771 3094 1844 ejusdemque
3122 1773 3294 1827 lieno—

81 1865 141 1919 ris
160 1872 208 1920 et
241 1863 538 1934 potestatis,
571 1874 626 1920 ct
657 1864 970 1932 coluerunt,
1007 1875 1064 1921 et
1103 1864 1434 1920 docuerunt.

595 2003 856 2058 ΚΕΦΔΛ.
882 2006 1010 2058 Λευ.

83 2094 191 2162 Περὶ
237 2093 337 2159 τῆς
383 2093 672 2160 αἱρέσεως
701 2095 1028 2158 Αὺξεντίου
1075 2095 1183 2149 τοῦ
1220 2093 1613 2150 Μεδιολάνων

135 2166 469 2243 ἐπισκόπου,
520 2165 743 2243 ,καίἑώς
773 2164 1278 2243 καθῃρέθη-παρα
1297 2163 1608 2243 Auﬁda-air

119 2235 220 2284 ‘mi
255 2227 343 2285 οἶα
385 2235 422 2300 ἠ
455 2227 730 2303 σύνοδος(
752 2233 876 2299 τοῖς
893 2227 976 2286 ’ἓν
1025 2227 1106 2299 τῷ
1157 2227 1470 2303 ’Ῐλλιφίκῷ
1491 2235 1616 2288 ἐπι-

137 2303 360 2367 σκόποις
382 2301 511 2370 περί
544 2304 734 2358 αὑτοῦ
760 2303 1048 2372 ἔκρυψεν.

137 2416 261 2481 Πλὴν
284 2417 434 2486 μόνον
458 2416 570 2469 τῶν
591 2417 731 2488 ἀμφὶ
757 2418 849 2470 τὸν
866 2417 1175 2484 Αὗξέντιον,
1205 2418 1262 2480 ὃς
1299 2418 1398 2489 τῆς
1433 2419 1489 2472 έν
1507 2418 1617 2470 Με·

86 2510 297 2572 δυολάνοις
316 2509 606 2578 ἐκκλησίας
641 2510 734 2579 τὴν
757 2510 1058 2581 ἐπιτροπὴν
1081 2511 1244 2582 ἔχων,
1280 2510 1616 2581 νεωτερίζων

85 2601 137 2675 ἧν
163 2603 348 2672 σύναμά
374 2618 481 2654 τισι
509 2603 668 2672 παρὰ
702 2603 760 2656 τὸ
789 2607 940 2675 κοινῇ
966 2604 1121 2667 δόξαν
1155 2606 1265 2664 τοῖς
1294 2603 1431 2674 πρὸς
1464 2602 1617 2656 δύσιν

87 2695 270 2764 ἱερεῦσι,
316 2694 404 2747 καὶ
452 2693 696 2759 δοξάζων
737 2698 830 2750 καὶ
877 2695 1226 2748 ἐκδιδάσκων.
1253 2693 1368 2766 Τήν
1403 2712 1463 2747 τε
1510 2694 1618 2766 γὰρ

86 2787 257 2854 Ἀρείου
283 2787 429 2852 δόξαν
457 2787 546 2840 διὰ
589 2787 824 2854 σπουδῆς
848 2789 1084 2841 ἐποιεῖτο
1111 2804 1124 2817 ·
1151 2788 1247 2840 καὶ
1275 2787 1372 2857 τὴν
1392 2785 1619 2858 ὕστερον

88 2876 335 2946 γενομένην
363 2875 694 2928 κατάστασιν
720 2877 846 2946 περὶ
874 2877 966 2929 τοῦ
996 2876 1152 2943 ἁγίου
1185 2876 1520 2945 Πνεύματος,
1543 2876 1619 2940 ὡς

87 2967 324 3035 ὀμοούσιόν
348 2969 575 3021 ἐστικαὶ
606 2969 864 3037 ὁμότιμον
898 2969 1074 3036 Πατρί
1109 2985 1166 3021 τε
1197 2969 1289 3020 καὶ
1317 2967 1453 3037 Υἰῷ,
1473 2968 1618 3037 ἁπη-

89 3055 179 3120 ξίου
213 3059 446 3127 πάμπαν.
492 3059 671 3112 Τινῶν
697 3058 741 3112 δ’
797 3059 904 3112 ἀπὸ
946 3060 1211 3122 Γαλατίας
1242 3063 1334 3113 καὶ
1368 3060 1620 3124 Βενετίας

2167 2003 2324 2073 173
2358 2001 2585 2058 CAPUT
2608 2001 2800 2057 XXXI.

1717 2095 1796 2150 De
1854 2095 2038 2148 heresi
2081 2095 2328 2148 Auxentii
2395 2094 2803 2148 Mediolauensis
2855 2095 3118 2164 cpisropi,
3155 2103 3211 2147 ut
3259 2111 3294 2147 ιε

1785 2164 2022 2218 Damaso
2049 2175 2435 2236 auctoratus
2467 2165 2534 2217 sit
2570 2181 2589 2218 :
2617 2175 2666 2217 et
2699 2181 2814 2234 qua:
2840 2171 3069 2236 synodus
3115 2168 3179 2218 de
3235 2181 3290 2218 ec-

1789 2236 2038 2306 ept'scopis
2073 2234 2306 2303 Illyricis
2332 2234 2619 2303 scripserit.

1788 2417 1942 2474 Unus
1993 2414 2157 2470 modo
2193 2412 2518 2479 Auxentius,
2574 2411 2836 2467 Ecclesia:
2876 2411 3298 2468 Mediolauensis

1717 2525 1907 2568 curam
1926 2524 2140 2579 gerens,
2165 2521 2290 2562 cum
2323 2506 2513 2578 paucis
2559 2506 2790 2574 aliquot,
2817 2505 2980 2560 rebus
3009 2506 3164 2559 novis
3183 2514 3297 2558 stu-

1719 2603 1889 2665 dens,
1945 2610 2138 2655 contra
2192 2612 2545 2652 communem
2594 2594 3026 2651 Occidentalium
3078 2597 3293 2665 episco-

1720 2711 1916 2768 porum
1952 2692 2278 2748 sententiam
2335 2699 2392 2744 ct
2451 2688 2724 2744 sentiebat
2752 2697 2807 2743 et
2869 2687 3120 2744 docebat.
3180 2689 3294 2743 Arii

1721 2785 1870 2842 enim
1937 2783 2250 2854 opinionem
2311 2780 2650 2846 sectabatur,
2714 2790 2770 2836 et
2848 2781 3296 2834 constitutionem

1723 2875 2029 2946 proximam
2060 2873 2128 2927 de
2179 2873 2391 2943 Spiritu
2458 2882 2672 2936 sancto,
2719 2872 2964 2942 ejusdem
3021 2889 3144 2925 cum
3178 2888 3297 2925 εδει)

1723 2967 2044 3023 substantiae
2065 2974 2119 3020 et
2157 2965 2384 3020 honoris
2419 2980 2542 3019 cum
2571 2965 2728 3018 Patre
2763 2974 2818 3017 et
2853 2963 3013 3025 Filio,
3073 2977 3299 3032 prorsus

1723 3058 2067 3132 repudiabat.
2096 3063 2231 3114 Cum
2264 3073 2392 3112 vero
2416 3056 2664 3110 nonnulli
2695 3070 2761 3110 cx
2795 3053 2965 3110 Gallia
3021 3065 3074 3108 et
3123 3053 3294 3109 Vene-

93 3149 167 3200 καὶ
198 3152 314 3222 παρ’
343 3152 513 3206 ἄλλων
562 3153 632 3206 τὰ
664 3153 855 3220 ἐκείνῳ
894 3152 1306 3222 σπουδαζόμενα
1369 3169 1614 3222 καταμη-

1727 3151 1821 3218 tia,
1876 3161 2042 3221 atque
2093 3150 2223 3205 item
2263 3150 2376 3216 alii,
2413 3151 2712 3204 consilium
2769 3157 3117 3216 cmptumpie
3177 3147 3298 3215 ejus

88 3244 333 3311 νυσὰντων,
367 3246 446 3315 οὐ,
465 3246 610 3299 πάνυ
648 3246 839 3317 πόρρω
867 3246 1073 3298 πολλῶν
1097 3246 1407 3298 ἐπισκόπων
1437 3249 1500 3299 ἐκ
1525 3243 1621 3299 τοῦ

1728 3247 2086 3330 iudicassent,
2123 3245 2384 3316 permulti
2427 3262 2489 3297 ex
2521 3253 2679 3315 gente
2742 3244 2889 3297 omni
2943 3241 3294 3296 Occidentem

92 3333 251 3394 παντὸς
291 3334 465 3397 ἔθνους
498 3335 614 3386 τῶν
662 3335 764 3386 ἀνὰ
799 3333 898 3404 τὴν
948 3335 1185 3405 ἑσπέραν
1215 3333 1510 3386 οἰκούντων
1541 3335 1614 3398 είς

1726 3340 2003 3395 incolente
2024 3337 2268 3408 episcopi
2330 3338 2555 3391 Romam
2592 3351 2900 3391 convenere
2935 3354 2946 3388 ς
2979 3346 3143 3404 atque
3199 3334 3296 3394 ibi,

98 3422 273 3494 Ῥώμην
301 3426 697 3496 γεγενημένων,
721 3425 1045 3494 ψηφίζονται
1080 3427 1137 3477 ὲν
1170 3425 1248 3494 τῷ
1276 3425 1512 3495 ἀσφαλεῖ
1539 3423 1616 3478 εἷ-

91 3533 156 3567 ναι
193 3519 273 3568 καὶ
303 3518 543 3570 σέϐεσθαι
577 3519 683 3588 πρὸ
708 3517 910 3579 παντὸς
941 3517 1038 3587 τὴν
1070 3518 1126 3570 ὲν
1160 3517 1368 3587 Νικαίᾳ
1399 3518 1613 3572 πίστιν·

89 3607 173 3657 τῶν
196 3606 234 3659 δ’
258 3609 308 3661 ἐν
338 3609 603 3678 Ἀριμίνῳ
651 3609 919 3672 δοξάντων
956 3606 1029 3669 ὡς
1075 3607 1412 3661 ὑπεναντίων
1443 3607 1616 3679 ταύτῃ

90 3696 164 3762 τὴν
186 3698 364 3765 πρᾶξιν
385 3699 442 3749 τὸ
464 3699 668 3764 ἄκυρον
695 3697 838 3764 ἔχειν
855 3713 869 3727 ο
893 3697 974 3748 ὅτι
998 3713 1056 3748 τε
1083 3697 1158 3765 μὴ
1187 3699 1242 3748 ἐν
1272 3697 1458 3768 ἐκείνῃ
1481 3715 1620 3768 παρ-

89 3784 142 3850 ῆν
168 3789 188 3839 ὁ
212 3791 297 3858 τῆς
349 3788 571 3858 Ῥώμης
605 3787 896 3857 ίεραρχῶν,
925 3787 1019 3840 καὶ
1053 3788 1135 3839 ὅτι
1186 3787 1262 3857 μὴ
1295 3790 1342 3840 οἰ
1375 3789 1616 3841 πλεῖστοι

89 3879 222 3947 ταύτῃ
252 3879 520 3932 συνέθεντο
543 3894 558 3909 ⁶
603 3883 694 3948 ita}.
719 3879 779 3932 τὸ
809 3878 1013 3946 τρίτον,
1047 3878 1127 3930 ὅτι
1159 3881 1253 3931 καὶ
1297 3880 1474 3948 ἕτεροι
1510 3879 1618 3931 τῶν

91 3968 230 4018 ἐκεῖσε
260 3946 777 4038 συνδεδραμηκότων
821 3969 933 4029 τοῖς
981 3967 1322 4036 δεδογμένοις
1356 3968 1486 4040 παρ’
1520 3971 1617 4021 αὑ·

89 4057 172 4108 τῶν
199 4059 576 4128 ἀπηρέσκοντο.
619 4059 907 4124 Αὑξέντιον
957 4058 1144 4128 μέντοι
1179 4057 1276 4110 καὶ
1310 4060 1434 4122 τοὺς
1469 4061 1618 4128 αὖτῷ

91 4150 338 4220 ἑπομένους
356 4155 452 4223 τῆς
474 4151 1044 4220 καθόλουἘκκλησίας
1058 4150 1369 4214 ἀπώσαντο,
1391 4153 1619 4206 τοιαῦτα

91 4242 341 4310 ἐρεσχελεῖν
369 4245 699 4315 ᾑρημένους.
737 4243 922 4298 Ταῦτα
963 4243 1018 4296 δὲ
1054 4243 1312 4311 γενέσθαι
1349 4248 1620 4316 μαρτυρεῖ

92 4332 204 4399 καὶὴ
231 4337 332 4396 τοίς
362 4335 644 4404 Ἰλλυριοῖς
677 4335 1000 4398 ἐπισκόποις
1030 4337 1302 4404 γραφεῖσα
1333 4339 1616 4402 ἐπιστολὴ,

91 4423 280 4494 Δαμάσῳ
305 4425 394 4480 καὶ
413 4429 525 4490 τοῖς
551 4425 857 4496 τηνικαῦτα
887 4425 1234 4482 συνελθοῦσιν
1255 4429 1334 4493 είς
1363 4428 1584 4501 Ῥώμην
1601 4445 1615 4460 ⁸

90 4512 250 4579 γράφει
271 4514 372 4586 γὰρ
406 4515 584 4580 οὕτως
613 4531 628 4548 ⁸

147 4607 236 4657 ιθί
278 4608 559 4662 ἐπίσκοποι
587 4607 637 4660 οἰ
670 4608 764 4662 ἐπὶ
789 4608 883 4678 τῆς
922 4606 1208 4678 Ῥωμαίων
1257 4609 1337 4673 εἰς
1367 4609 1429 4662 τό
1475 4609 1617 4681 ίερδν

1723 3444 1929 3488 certam
1970 3447 2118 3494 esse,
2157 3430 2539 3500 inprimisque
2598 3429 2703 3483 coli
2766 3427 2968 3481 debere
3017 3428 3290 3480 Niceuam

1723 3521 1908 3580 ﬁdem,
1941 3521 2294 3588 actionesque
2330 3517 2696 3572 Ariminensis
2723 3532 3022 3570 conventus
3055 3516 3128 3569 illi
3163 3532 3298 3570 con-

1723 3610 1920 3662 trarias
1947 3608 2148 3662 nullius
2176 3610 2436 3663 momenti
2471 3623 2592 3662 esse
2648 3624 2912 3663 censuere
2951 3626 2963 3662 :
3000 3618 3290 3678 propterea

1721 3699 1866 3769 quod
1893 3699 1966 3754 ibi
1996 3699 2272 3754 Romanus
2307 3699 2594 3754 bierarcba
2615 3714 2720 3752 nou
2767 3699 3032 3756 aﬂuisset.
3058 3711 3113 3753 ct
3149 3699 3293 3768 quod

1723 3805 1830 3842 non
1888 3790 1961 3843 ita
2015 3790 2170 3843 multi
2225 3789 2532 3844 actionibus
2570 3791 2649 3843 eis
2687 3791 3096 3844 consensissent
3131 3807 3144 3843 :
3183 3801 3294 3844 tum

1722 3891 1927 3944 autem,
1967 3881 2110 3950 quod
2147 3881 2539 3951 nonnullisqui
2570 3893 2624 3934 et
2658 3881 2760 3950 ipsi
2797 3897 2863 3934 eo
2891 3894 3291 3942 convenerant.

1723 3974 1945 4026 decreta
2012 3972 2430 4042 displicuissent
2476 3989 2489 4025 :
2543 3972 2873 4024 Auxentium
2941 3984 3204 4042 praeterea
3237 3979 3294 4026 et

1722 4073 2021 4119 sectatores
2048 4062 2188 4133 ejus,
2231 4064 2320 4132 qui
2351 4063 2536 4131 nugari
2567 4062 2693 4115 talia
2733 4062 3027 4124 auderent,
3059 4065 3127 4118 ab
3188 4063 3292 4118 Ec-

1722 4156 1885 4209 clesia
1930 4153 2229 4209 universali
2287 4152 2588 4207 exclusere.
2655 4152 2775 4206 Ilaec
2836 4153 2915 4206 sic
2975 4164 3092 4207 acta
3149 4169 3292 4217 esse,

1721 4248 1884 4303 etiam
1916 4247 2155 4302 ostendit
2187 4261 2250 4302 ea
2277 4261 2394 4316 qua:
2450 4260 2476 4298 a
2504 4244 2730 4300 Datnaso
2783 4255 2838 4298 et
2871 4245 3143 4318 cpisc0pis
3198 4248 3289 4316 qui

1723 4343 1908 4396 Romae
1930 4350 2321 4401 cmu'cueranl,
2351 4337 2415 4391 ad
2449 4338 2736 4407 episcopos
2781 4335 3029 4409 Illyricos
3081 4339 3288 4409 scripta

1721 4443 1805 4490 est
1841 4434 2095 4504 cpistola.
2119 4431 2192 4486 Ea
2231 4432 2313 4487 sic
2355 4431 2519 4486 habet
2551 4449 2564 4484 :

1799 4633 1816 4665 ι
1850 4612 2102 4684 Episcopi
2145 4610 2239 4680 qui
2290 4611 2476 4665 Roma:
2509 4611 2561 4665 in
2615 4627 2771 4666 sacro
2795 4612 3032 4666 concilio
3091 4628 3294 4670 conve-

92 4695 320 4764 συνέδριον
348 4699 690 4761 συνελθόντες
717 4702 828 4762 τοῖς
860 4700 917 4751 έν
943 4699 1018 4768 τῷ
1058 4701 1304 4772 Ἱλλυριῷ
1335 4701 1614 4754 καθεστῶ-

1725 4721 1877 4768 nere,
1931 4705 2194 4759 Damasus
2231 4711 2287 4758 et
2337 4701 2610 4768 Valerius,
2646 4711 2700 4756 et
2730 4703 2955 4774 reliqui,
3016 4706 3294 4776 episc0pis

93 4804 156 4837 σιν
177 4792 492 4857 ἐπισκόποις,
529 4792 808 4860 Δάμασος,
841 4791 936 4846 καὶ
974 4793 1269 4863 Οὐαλέριος
1303 4793 1396 4846 καὶ
1428 4792 1476 4845 οί
1505 4793 1616 4844 λοι-

91 4882 176 4946 ποὶ,
201 4887 298 4946 τοῖς
324 4887 625 4955 ἀγαπητοῖς
647 4885 916 4955 ἀδελφοῖς,
945 4888 1003 4938 έν
1032 4885 1221 4955 Κυρίῳ
1252 4885 1488 4954 χαίρειν.
1518 4885 1616 4937 [lt--

93 4975 304 5044 στεῦομεν
347 4980 441 5048 τὴν
475 4977 641 5045 ἁγίαν
673 4981 856 5030 πίστιν
893 4977 1049 5048 ἡμῶν
1087 4979 1144 5030 έν
1196 4979 1262 5047 τῇ
1298 4975 1615 5046 διδασκαλίᾳ

93 5066 171 5113 τῶν
205 5066 501 5119 ἀποστόλων
528 5065 950 5136 θεμελιωθεῖσαν
989 5065 1196 5134 ταύτην
1233 5065 1484 5132 κατέχειν
1520 5065 1616 5118 καὶ

94 5153 253 5224 ταύτην
273 5158 342 5226 τῷ
369 5160 480 5230 λαῷ
506 5158 856 5229 ὑφηγεῖσθαι,
881 5158 1000 5228 ἥτις
1027 5157 1135 5211 ἀπὸ
1166 5157 1273 5210 τῶν
1292 5157 1617 5228 ὁρισθέντων

95 5249 209 5314 παρὰ
228 5252 322 5304 τῶν
352 5254 606 5323 [ἰκτέρων
642 5254 814 5307 οὐδενί
841 5253 981 5321 λόγῳ
1013 5251 1290 5320 διαφωνεῖ.
1327 5251 1463 5305 Οὐδὲ
1499 5252 1608 5321 γὰρ

98 5337 227 5403 ἄλλως
250 5343 462 5414 ἁρμόζει
502 5345 832 5400 διανοεῖσθαι
864 5346 991 5406 τοὺς
1019 5342 1114 5396 τοῦ
1144 5343 1278 5396 Θεοῦ
1308 5346 1497 5414 ίερεῐς,
1523 5343 1616 5410 ὑφ’

99 5420 152 5477 αἶ’)
181 5431 362 5486 δίκαιόν
399 5440 514 5488 ἐστι
546 5435 673 5497 τοὺς
719 5437 916 5504 σοφοὺς
949 5432 1318 5488 παιδεύεσθαι.
1350 5433 1516 5488 Ἀλλὰ
1545 5431 1617 5486 δι’

99 5519 322 5593 ἀναφορᾶς
343 5529 446 5580 τῶν
477 5530 534 5582 ὲν
555 5527 754 5598 Γαλλίᾳ
785 5527 878 5580 καὶ
912 5526 1133 5597 Βενετία
1161 5525 1429 5594 ἀδελφῶν,
1449 5525 1619 5594 ἔγνω·

104 5613 176 5680 μέν
199 5633 330 5678 τινας
361 5620 566 5688 αἵρεσιν
591 5618 910 5682 σπουδάζειν
933 5633 946 5648 ·
981 5619 1118 5686 ὅπερ
1147 5617 1318 5670 κακὸν
1348 5616 1408 5669 οὐ
1454 5617 1612 5686 μόνον

104 5711 560 5776 περιφνλαττεσθαι
591 5713 898 5780 ὀφείλουσιν
931 5711 978 5762 οί
1007 5711 1319 5772 ἐπίσκοποι,
1346 5708 1483 5762 ἀλλὰ
1517 5709 1612 5762 καὶ

107 5801 177 5849 ὑσα
199 5803 392 5876 ἀπειρίᾳ
406 5804 564 5858 τινῶν
587 5807 618 5872 ἢ
642 5805 900 5871 ἁπλότητι
930 5802 1155 5866 οἰκείαις
1176 5801 1493 5874 ἑρμηνείαις
1516 5803 1610 5856 ἀν-

416 5901 657 5961 PA‘rnol.
715 5903 802 5958 Ge
879 5899 971 5959 CX
985 5895 1103 5954 LVI

1720 4795 1970 4868 Illyricis,
2025 4795 2287 4849 fratribus
2339 4793 2575 4859 dilectis,
2625 4793 2680 4847 in
2743 4794 2978 4849 Domino
3034 4796 3288 4851 salutem.

1722 4887 2052 4942 Persuasum
2116 4885 2402 4949 habemus,
2461 4880 2863 4952 profeSsionem
2904 4883 3029 4938 ﬁdei
3089 4894 3293 4939 nostra:

1722 4989 1988 5043 sanctam,
2022 4979 2272 5034 doctrina
2305 4978 2676 5047 apostolorum
2711 4975 3099 5042 fundatam,ea
3137 4992 3294 5031 com-
3374 5037 3389 5052 α

1724 5071 1910 5141 plecti,
1937 5084 2112 5140 eaque
2142 5069 2345 5139 populo
2385 5083 2712 5138 proponere,
2741 5083 2864 5137 qua:
2895 5083 2924 5121 a
2951 5068 3170 5122 Patrum
3198 5068 3293 5123 de-

1725 5180 1741 5210 ι
1760 5159 1892 5214 retis
1921 5159 2073 5212 nullo
2101 5159 2259 5212 modo
2285 5157 2592 5213 dissonant.
2625 5155 2814 5228 Neque
2834 5158 2978 5210 enim
3012 5159 3172 5214 aliter
3195 5158 3288 5213 Dei

1724 5250 2036 5306 sacerdotes
2074 5265 2265 5319 sapere
2299 5257 2462 5317 atque
2494 5249 2696 5302 sentire
2727 5249 3004 5311 convenit,
3036 5266 3062 5302 a
3096 5249 3296 5319 quibus

1723 5354 1939 5409 aequum
1994 5347 2077 5393 est
2127 5337 2405 5406 sapientes
2456 5333 2690 5387 erudiri.
2729 5331 2928 5387 Verum
2970 5335 3190 5388 Patrum
3238 5336 3290 5389 iu

1725 5431 1901 5486 Gallia
1935 5439 1991 5483 et
2017 5428 2246 5483 Venetia
2298 5425 2585 5490 relatione,
2614 5423 2879 5494 quosdam
2940 5424 3131 5479 haeresi
3163 5440 3294 5494 ope-

1727 5538 1844 5576 ram
1897 5533 2102 5575 navare
2161 5516 2557 5572 intelleximus.
2611 5515 2768 5580 Quod
2826 5516 3050 5586 quidem
3094 5517 3294 5570 malum

1726 5631 1833 5668 non
1869 5613 2068 5675 solum,
2111 5614 2204 5666 sed
2223 5610 2384 5664 etiam
2443 5608 2488 5662 si
2545 5623 2667 5678 qua:
2721 5623 2815 5678 per
2867 5609 3194 5697 imperitiam
3242 5623 3300 5665 et

1722 5707 2127 5778 simplicitatem
2187 5703 2602 5766 nonnullorum,
2633 5703 2778 5756 veris
2806 5712 2860 5755 et
2923 5702 3180 5772 genuinis
3209 5705 3296 5757 iu-

1723 5795 2208 5869 tcrprctationibus
2261 5792 2538 5850 contraria
2600 5790 2954 5855 inducantur,
3009 5793 3294 5863 episcopos

2924 5883 2996 5944 22
