3796 6530
439 427 540 518 εει
583 429 586 432 ’

1662 447 2084 520 NICEPHURI
2117 458 2465 521 CALLISTI
3551 457 3637 525 6‘3

368 559 376 569 ’
437 587 570 625 num
607 586 619 623 :
657 588 674 621 ι
734 568 952 624 Gratias
993 544 1115 637 tibi,
1167 567 1446 640 inquiens,
1483 584 1603 639 ago,
1655 571 2004 640 omnipotens

2126 590 2232 626 τισι
2254 573 2364 625 τῶν
2383 568 2743 643 πραγμάτων,
2775 569 2849 630 ὡς
2879 567 2938 622 οὐ
2965 566 3140 630 καλῶς
3165 565 3308 638 παρὰ
3327 571 3428 633 τοϊς
3465 572 3652 644 ἄρχουσι

436 664 665 720 Domine
705 673 760 718 et
800 662 1076 718 ‘Servator
1136 672 1343 725 noster,
1384 662 1530 731 quod
1578 663 1706 718 huic
1765 665 1883 718 viro
1913 680 2016 734 ego

433 759 658 828 quidem
723 771 1044 826 corporum,
1111 766 1167 810 tu
1223 765 1406 810 autem
1455 755 1764 808 animarum
1825 771 2013 812 curam

434 850 798 908 commiseris,
828 848 1096 918 etjudieii
1128 849 1234 901 mei
1285 848 1560 902 calculum
1615 863 1836 916 aequum
1894 862 2016 903 esse

2121 663 2536 734 πραττομένων.
2581 681 2599 713 ι
2643 661 2864 731 Ταύτην
2897 677 2993 713 σου
3046 659 3144 730 τὴν
3175 661 3469 732 παρρησίαν
3509 667 3646 722 πάλαι

2117 757 2246 808 ποτὲ
2271 754 2416 826 ᾔδειν
2447 753 2579 823 ἐγὼ,
2615 754 2720 824 ἔφη
2745 755 2772 806 ὁ
2803 751 3056 824 βασιλεῦς
3079 769 3093 784 ·
3128 754 3221 806 καί
3250 754 3298 820 γ’
3313 754 3648 826 ἐπιστάμενος,

2120 848 2179 900 οὐ
2227 862 2388 916 μονον
2423 847 2678 917 ἐπέσχον,
2706 845 2842 900 ἀλλά
2883 848 2977 898 καὶ
3011 844 3298 914 σύμψηφος
3327 844 3568 918 ἐγενόμην
3594 853 3647 920 τῇ

435 939 841 1010 eomprobaris.
887 958 904 990 ι
949 938 1118 992 Porro
1168 936 1494 990 Ambrosius
1528 952 1637 990 non
1677 938 1849 992 multo
1897 947 2010 1007 post

2126 939 2526 1012 ἀρχιερωσύνη.
2579 940 2813 1009 Ἰάτρευε
2848 935 2966 1004 οὖν,
3011 937 3086 1001 ὡς
3129 940 3156 992 ὁ
3185 939 3323 998 θεῖος
3362 941 3650 1012 ὑπαγορεύει

441 1047 705 1102 perquam
771 1031 944 1084 libere
998 1044 1121 1082 cum
1180 1029 1513 1096 imperatore
1564 1028 1897 1093 collocutus,
1933 1044 2019 1083 res

441 1126 703 1196 quasdam
736 1139 842 1176 nun
878 1132 1026 1176 recte
1086 1137 1114 1174 a
1172 1120 1586 1188 magistratibus
1640 1131 1788 1175 actas
1829 1137 2017 1190 repre-

439 1216 650 1270 hendit.
687 1214 865 1281 Atque
934 1214 1259 1280 imperator,
1294 1228 1312 1261 ι
1370 1209 1520 1264 Hanc
1571 1227 1676 1277 ego
1707 1211 1929 1268 dicendi
1958 1211 2018 1265 li-

437 1310 708 1362 bertatem
739 1315 908 1366 tuam,
974 1302 1073 1366 ait,
1132 1302 1461 1370 jamdudum
1511 1318 1705 1356 noram
1746 1321 1756 1354 :
1790 1311 1847 1357 et
1885 1317 2012 1356 cum

435 1405 727 1469 perspecta
760 1395 893 1449 mihi
942 1410 1006 1449 ea
1029 1403 1200 1457 esset,
1239 1409 1350 1448 non
1405 1394 1570 1448 modo
1621 1410 1729 1449 non
1770 1395 2009 1457 inhibui,

434 1505 624 1544 verum
660 1487 829 1543 etiam
883 1485 1148 1556 suffragio
1205 1501 1328 1541 meo
1367 1486 1696 1540 electionem
1749 1497 1922 1549 tuam,
1959 1497 2020 1540 ut

431 1583 722 1652 episcopus
745 1580 924 1642 fleres,
948 1577 1154 1649 adjuvi.
1185 1575 1357 1647 Perge
1382 1577 1587 1648 itaque,
1624 1578 1786 1633 sicuti
1819 1578 2009 1634 divina

2124 1029 2348 1099 θεσμὸς,
2396 1032 2468 1084 τά
2511 1031 2619 1085 τῶν
2673 1031 2958 1100 ἡμετέρων
3008 1029 3196 1100 ψυχῶν
3240 1031 3646 1102 ἁμαρτήματα.»

2125 1121 2311 1175 Ταῦτα
2340 1122 2438 1193 μὲν
2483 1123 2538 1174 ἐν
2582 1123 2934 1186 Μεδιολάνοις
2968 1123 3184 1190 ἐγένετο
3205 1137 3217 1150 ·
3255 1123 3431 1186 ὁποῖος
3459 1123 3508 1175 δὲ
3546 1125 3653 1194 Ἀμ-

2120 1213 2338 1282 6ρόσιος
2368 1217 2458 1267 τὸν
2479 1215 2592 1285 βίον
2623 1217 2722 1270 καὶ
2742 1214 2898 1283 λόγον
2930 1216 3022 1266 καὶ
3043 1215 3134 1267 τὸν
3163 1213 3302 1284 ὑπὲρ
3330 1214 3423 1283 τῆς
3466 1216 3656 1286 Ἕκκὶηο

2123 1309 2242 1369 σίας
2281 1307 2464 1378 ζῆλον,
2496 1309 2594 1360 καὶ
2624 1305 2697 1370 ὡς
2731 1308 2876 1375 μάλα
2915 1305 3176 1376 ἀνδρείως
3205 1307 3298 1360 καὶ
3329 1304 3553 1369 θεοειδῶς
3575 1310 3653 1376 την

2123 1398 2427 1468 ἱερωσύνην
2458 1401 2703 1468 διήνυσε,
2731 1399 3014 1468 παρρησίᾳ
3040 1397 3211 1468 πολλῇ
3243 1398 3375 1468 πρὸς
3405 1399 3492 1461 τὰς
3519 1401 3656 1470 ὑπερ-

2123 1491 2354 1559 εχοὺσας
2403 1493 2576 1562 ἀρχὰς
2627 1492 2902 1562 ὲγκαίρως
2953 1491 3259 1562 χρώμενος.
3301 1490 3643 1562 ὲντῴὲφεξής

2124 1582 2422 1652 ῥηθήσεται
2465 1586 2636 1654 τόμῳ.

426 1676 581 1759 jubet
616 1673 847 1735 sanatio,
881 1685 1076 1726 sanare
1097 1671 1403 1725 animarum
1428 1681 1745 1726 nostrarum
1808 1670 2031 1727 delicta.
2071 1690 2087 1723 ι
2138 1674 2263 1729 llaec
2305 1676 2599 1732 Mediolani
2638 1687 2779 1732 aeta.
2808 1676 2999 1744 Qualis
3045 1685 3228 1731 autem
3289 1675 3586 1758 Ambrosius
3615 1683 3658 1727 et

435 1768 542 1820 vita
575 1776 629 1821 et
660 1764 939 1826 doctrina,
975 1775 1093 1817 tum
1161 1771 1349 1818 autem
1398 1765 1620 1833 egregio
1687 1762 1742 1818 in
1801 1765 2091 1819 ecclesiam
2131 1768 2326 1824 ardore
2362 1770 2549 1832 fuerit,
2601 1777 2656 1824 el
2684 1786 2847 1840 quam
2882 1770 3120 1824 viriliter
3165 1778 3329 1839 atque
3367 1769 3538 1822 divine
3563 1767 3657 1837 epi-

429 1868 714 1930 scopatum
741 1856 988 1928 gesserit,
1017 1854 1186 1909 multa
1213 1855 1549 1911 admonendi
1582 1855 1834 1911 libertate
1859 1856 2006 1927 apud
2045 1859 2358 1931 pracipuos
2387 1862 2743 1933 magistratus
2766 1863 3086 1934 tempestive
3121 1877 3277 1928 usus,
3333 1861 3385 1914 itt
3447 1859 3656 1929 sequenti

427 1954 645 2009 dicetur
702 1952 865 2008 libro.

864 2092 1024 2164 176
1066 2092 1291 2149 CAPUT
1331 2091 1570 2148 XXXIII.

435 2210 496 2266 l.'t
534 2225 755 2276 magnus
797 2205 1198 2260 Valentinianus
1227 2223 1282 2276 γε
1334 2208 1438 2260 vita
1477 2210 1770 2261 excesserit.
1801 2206 1871 2261 De
1910 2207 2011 2262 Va-

502 2275 792 2334 lentiniano
830 2276 1076 2347 juniore,
1111 2288 1158 2328 et
1200 2275 1263 2328 de
1287 2277 1500 2330 Iustina
1542 2287 1588 2331 et
1625 2277 1816 2332 Severa
1850 2280 2010 2347 impe-

503 2351 803 2411 ratrt’ribus,
832 2344 895 2400 iet
927 2346 989 2398 de
1021 2344 1193 2400 liberis
1234 2348 1504 2418 utriusque
1534 2350 1795 2402 narratio.

502 2528 577 2583 Ea
611 2537 956 2598 tempestate,
981 2527 1128 2597 quod
1154 2526 1580 2598 (“Sauromatae
1596 2529 1893 2584 Romanam
1926 2529 2011 2585 di-

443 2624 672 2684 tium-tn,
707 2636 937 2690 eantque
968 2620 1180 2689 imperii
1211 2632 1417 2690 partem
1473 2637 1595 2691 quae
1637 2621 1704 2675 ad
1739 2621 2013 2676 Occiden-

435 2724 545 2769 tem
587 2713 784 2780 vergit,
814 2711 1234 2766 excursionibus
1268 2723 1554 2777 vexarent,
1599 2713 2012 2768 Valentinianus

431 2821 556 2859 cum
594 2804 798 2873 ingenti
838 2801 966 2856 belli
1006 2811 1268 2873 apparatu
1306 2804 1570 2860 adversus
1628 2819 1724 2860 eos
1770 2818 1848 2860 est
1883 2821 2013 2874 pro-

431 2898 635 2950 fectus.
679 2899 857 2964 Atque
893 2894 972 2948 illi
1029 2905 1235 2950 tantam
1301 2896 1654 2966 imperatoris
1710 2899 2014 2966 expeditio-

434 3006 560 3042 nem
642 2988 1024 3048 formidantes,
1110 2988 1304 3056 legatis
1360 2990 1541 3043 missis
1597 3001 1784 3060 pacem
1828 2991 1898 3046 ab
1945 3006 2012 3047 eo

441 3085 743 3155 petierunt.
794 3082 945 3148 Quos
1007 3083 1094 3137 ubi
1149 3083 1425 3138 deformes
1482 3099 1602 3140 esse
1643 3085 1892 3151 vidisset,
1939 3101 2009 3140 an

439 3177 686 3230 universi
745 3176 879 3229 tales
941 3184 1124 3228 essent
1204 3175 1576 3241 Sauromatae,
1632 3177 2008 3248 interrogavit.

435 3271 500 3322 lit
533 3284 657 3322 cum
685 3267 761 3321 illi
797 3267 1080 3324 dixissent.
1122 3269 1360 3335 optimos
1419 3283 1663 3338 quosque
1702 3270 1796 3338 qui
1839 3282 1894 3324 et
1918 3287 2013 3341 ge-

431 3375 567 3414 nere
617 3370 671 3412 ct
703 3361 877 3412 forma
931 3364 1278 3425 przestarent,
1311 3355 1381 3410 ab
1431 3357 1514 3411 eis
1566 3357 1776 3427 legatos
1832 3360 2011 3416 solere

2682 2089 2936 2146 ΚΕΦΑΔ.
2979 2086 3102 2142 Al".

2132 2207 2229 2271 Ὠς
2279 2205 2496 2261 dartsle
2544 2205 2576 2257 ὀ
2599 2203 2786 2274 μέγας
2845 2199 3380 2274 Οὑαλεντιζιανόςς
3426 2197 3523 2274 μαι
3551 2199 3656 2266 περὶ

2191 2269 2298 2329 τοῦ
2328 2269 2621 2339 νεωτέρού
2674 2269 3188 2326 Οὑαλεντινιανοῦ
3214 2287 3226 2298 ·
3282 2269 3379 2323 καί
3417 2269 3654 2339 διήγησις

2191 2345 2325 2412 περὶ
2362 2338 2700 2410 Ἰουάτίνης
2727 2345 2824 2395 καὶ
2847 2342 3117 2412 Σευήρας
3139 2339 3260 2394 τῶν
3287 2338 3654 2404 βασιλιεσὼιη,

2191 2411 2287 2469 καί
2321 2415 2439 2468 τῶν
2461 2413 2692 2467 παίδων
2723 2411 2958 2482 ἀμερῶν.

2189 2530 2506 2600 Τηνικαῦτα
2549 2529 2606 2582 δὲ
2651 2528 3026 2598 Σαυροματῶν
3057 2527 3155 2597 τὴν
3199 2527 3488 2595 Ῥωμαίων
3522 2543 3648 2578 κατα-

2118 2624 2442 2693 τρεχόντων,
2477 2621 2572 2674 καὶ
2615 2622 2742 2674 ὅσον
2771 2623 2830 2672 τὸ
2861 2619 2999 2689 πρὸς
3025 2621 3180 2672 δύσιν
3213 2619 3318 2688 τῆς
3364 2618 3651 2688 ἀρχομένης.

2120 2714 2572 2777 (ᾏὺαλεντινιανὸς
2606 2714 2702 2766 σὺν
2740 2711 2910 2781 πολλῇ
2959 2715 3026 2782 τῇ
3077 2714 3408 2782 παρασκευῇ
3459 2711 3652 2775 ἑπέξειει

2119 2807 2240 2862 κατ’
2276 2807 2478 2861 αὐτῶν.
2535 2807 2764 2858 Ἐκεῖνοι
2820 2804 2876 2857 δὲ
2931 2803 3066 2874 πρὸς
3118 2805 3220 2872 τὴν
3277 2801 3539 2870 τοσαύτην
3581 2799 3651 2852 τοῦ

2123 2901 2391 2972 βασιλέως
2443 2898 2620 2969 ὁρμὴν
2676 2897 2979 2958 δείσαντες,
3039 2895 3308 2964 πρέσϐεις
3361 2894 3650 2963 πέμψαντες.

2120 2994 2286 3065 ᾔτουν
2337 2993 2564 3063 εἰρήνην
2593 3007 2607 3023 ·
2637 2989 2732 3053 οὓς
2789 2990 2914 3044 ίδὼν
2945 2991 3045 3043 οὐκ
3096 2988 3318 3058 εὐφυῶς
3367 2987 3589 3056 ἔχοντα..
3615 2985 3652 3035 εί

2119 3086 2401 3149 τοιούτους
2443 3082 2584 3140 εἶναι
2624 3085 2992 3153 Σαυρομάτας
3037 3084 3253 3143 πάντας
3299 3081 3649 3133 διεπυνθάνετο.

2119 3178 2242 3232 Τῶν
2266 3177 2310 3232 δ’
2336 3178 2602 3232 εἰπόντων
2625 3177 2754 3239 τοὺς
2780 3175 2912 3245 παρ’
2942 3175 3129 3238 αὐτοῖς
3152 3175 3418 3243 ἀρίστους
3443 3167 3567 3226 εἶναι
3583 3171 3654 3222 καὶ

2119 3269 2266 3338 γένει
2316 3269 2414 3321 καὶ
2465 3267 2598 3321 εῖδει
2651 3267 3157 3336 πρεσϐευομένους,
3194 3265 3361 3334 θυμῷ
3418 3265 3506 3316 καὶ
3550 3263 3653 3332 tm

2123 3361 2293 3432 πολλῇ
2345 3360 2682 3428 κατάσχετος
2716 3358 2982 3426 γεγονὼς,
3019 3354 3096 3410 Ἦ
3122 3358 3280 3411 δεινὰ
3336 3357 3434 3410 νῦν
3466 3356 3653 3424 πάσχειν

433 3449 614 3504 mitti:
659 3448 738 3501 ira
797 3457 962 3515 atque
1022 3445 1211 3500 furore
1258 3445 1430 3498 multo
1487 3456 1796 3516 correptus,
1832 3449 2010 3520 gravia

2126 3455 2228 3523 ἔφη
2263 3453 2362 3522 τὴν
2410 3452 2708 3520 Ῥωμαίων
2747 3450 2922 3522 ἀρχὴν
2958 3450 3368 3519 περιελθοῦσαν
3401 3447 3556 3519 αὐτῷ,
3583 3447 3653 3500 καὶ

433 3544 543 3612 pati
573 3541 730 3603 dixit,
759 3550 810 3592 et
858 3539 1092 3592 maxime
1121 3538 1518 3592 infortunatum
1581 3554 1724 3603 esse,
1751 3541 1898 3610 quod
1946 3543 2014 3596 ad

435 3645 682 3702 tempora
730 3647 826 3686 sua
869 3630 1209 3700 pervenisset
1260 3630 1634 3684 Romanorum
1699 3633 2018 3702 imperium,-

433 3727 478 3780 si
505 3724 868 3788 Sauromatae,
888 3737 1019 3792 gens
1048 3731 1152 3776 tam
1181 3721 1412 3776 barbara
1437 3731 1492 3776 et
1518 3722 1796 3788 informis,
1828 3723 1881 3777 itt
1907 3741 2012 3794 qtta

436 3817 679 3885 reliquos
747 3815 835 3868 isti
889 3814 1246 3876 excellerent,
1317 3813 1545 3867 sedibus
1598 3814 1711 3868 suis
1771 3817 2012 3870 contenti

431 3923 553 3962 esse
581 3907 824 3960 nollent:
859 3904 955 3959 sed
986 3902 1316 3958 confidentia
1363 3913 1513 3958 tanta
1573 3904 1816 3973 impulsi,
1845 3905 2010 3958 ditio-

433 4015 556 4054 m-tr.
580 4015 734 4053 suam
773 4005 1186 4067 percurrereut,
1218 4007 1273 4050 et
1301 3996 1507 4050 bellum
1539 3997 1854 4052 titillatione
1876 4013 2014 4067 qua-

447 4089 574 4142 dam
614 4087 776 4142 illecti
831 4086 1096 4140 Romanis
1133 4085 1421 4140 inferrent.
1468 4087 1534 4140 Et
1575 4102 1699 4140 cum
1744 4090 1816 4141 ita
1873 4087 2014 4141 indi-

433 4190 717 4251 gnaretur,
753 4187 806 4232 et
841 4192 1170 4247 magnopere
1219 4177 1636 4238 vociferaretur,
1668 4177 1833 4231 nimia
1863 4178 2014 4232 vocis

437 4271 744 4328 intentione
765 4269 1031 4324 convulsa
1065 4269 1120 4323 in
1178 4283 1243 4323 eo
1276 4284 1397 4324 esse
1451 4269 1712 4322 interiora
1779 4268 2008 4332 viscera,

434 4373 743 4428 venamque
766 4365 822 4410 et
866 4356 1123 4411 arteriam
1175 4357 1469 4424 quamdam
1522 4367 1734 4425 ruptam
1796 4357 2009 4419 dicunt,

436 4449 585 4506 unde
612 4449 876 4520 sanguine
917 4448 1154 4518 plurimo
1180 4448 1404 4517 profuso
1460 4449 1568 4502 vita
1598 4463 1723 4501 eum
1774 4447 2013 4517 relique—

437 4543 530 4607 rit,
553 4543 610 4595 iu
648 4541 875 4595 castello
903 4539 1137 4608 quodam
1164 4539 1468 4594 Germaniae
1499 4540 1604 4609 (ἓξ),
1651 4539 1740 4594 cui
1788 4539 2014 4608 Brigitio

2119 3547 2187 3601 τὰ
2223 3547 2459 3617 μάλιστα
2504 3546 2862 3614 δυσπραγεω,
2913 3545 2964 3598 εἰ
3013 3543 3378 3614 Σαυρομάται
3428 3542 3653 3612 βάρϐαρον

2116 3636 2260 3691 οὕτω
2289 3636 2446 3704 γένος
2476 3636 2572 3689 καὶ
2619 3635 2957 3704 δύσμορφον,
2995 3627 3068 3688 ὧν
3103 3636 3152 3686 ol
3200 3634 3486 3704 κρείττους
3521 3631 3651 3690 οὗτοι.

2114 3731 2214 3784 οὐκ
2240 3729 2419 3781 ἐθέλει
2455 3729 2641 3796 μένειν
2671 3728 2758 3797 ἐφ’
2782 3728 3005 3781 ἐαυτοῦο
3039 3726 3156 3780 ἀλλ’
3179 3727 3330 3779 οὕτω
3362 3726 3538 3794 θράσει
3562 3723 3653 3792 ῥέον

2113 3825 2212 3893 τὴν
2260 3822 2428 3876 αὐτοῦ
2465 3820 2669 3876 διαθέει
2715 3821 2917 3889 ἀρχὴν,
2956 3820 3050 3872 κα)⁵
3097 3819 3342 3888 πόλεμον
3389 3819 3519 3872 κατὰ
3553 3817 3654 3869 Ῥω.

2124 3917 2303 3984 μαίων
2330 3916 2505 3967 κινεῖν
2563 3912 2979 3983 γαργαλίζεται.
3031 3912 3468 3973 Χαλεπαίνοντος
3490 3909 3651 3964 δὀὖῖω

2114 4007 2209 4060 καὶ
2271 4009 2411 4074 μέγα
2477 4005 2876 4075 ἀνακραγότος.
2940 4005 3019 4074 τῷ
3077 4005 3177 4074 τῆς
3248 4006 3533 4066 διατάσεως
3578 4002 3651 4067 τῆς

2115 4098 2299 4169 φωνῆς
2347 4095 2575 4166 ἀμέτρῳ
2624 4096 3010 4165 σπαραχθῆναί
3052 4113 3188 4164 φασι
3222 4100 3295 4149 τὰ
3329 4097 3490 4162 ἔνδον,
3518 4093 3651 4164 φλέία

2112 4189 2166 4242 δέ
2200 4205 2321 4241 τινα
2368 4187 2464 4240 καὶ
2495 4187 2770 4257 ἀρτηρίαν
2817 4188 3209 4258 διαρραγῆναι·
3260 4188 3486 4258 αἵματος
3531 4183 3568 4236 δ’
3591 4185 3650 4235 ὲν-

2113 4276 2306 4331 τεῧθεν
2343 4277 2601 4330 πλείστου
2653 4277 3030 4339 ἀναδοθέντος,
3075 4277 3169 4329 τὸν
3221 4276 3346 4346 βίον
3383 4273 3648 4335 ἀπολιπεῖν,

2113 4367 2172 4419 ἐν
2201 4383 2308 4419 τινι
2339 4366 2589 4436 φρουρίῳ
2633 4363 2745 4417 τῶν
2773 4363 3041 4427 Γαλλιῶν,
3071 4358 3114 4432 ᾧ
3147 4365 3215 4416 Bs
3228 4365 3450 4434 ργιτίων
3478 4359 3537 4431 ἢν
3559 4359 3648 4412 δνο-

2119 4474 2216 4527 μα,
2252 4461 2316 4528 τῇ
2375 4456 2828 4528 ἑπτακαιδεκάτῃ
2869 4456 2964 4509 τοῦ
3018 4456 3320 4526 Δεκεϐρίου
3373 4455 3547 4526 μηνὸς,
3578 4453 3646 4516 ἔτη

2119 4547 2216 4616 μὶν
2245 4546 2485 4615 γεγονὼς
2519 4547 2665 4614 ἀμφὶ
2714 4547 2784 4599 τὰ
2822 4547 3187 4616 πεντήκοντα,
3223 4546 3571 4618 τριακαίδεκα
3613 4539 3645 4592 δ’

436 4648 638 4688 nomen
656 4631 778 4698 fuit,
811 4632 1028 4686 decimo
1047 4631 1282 4700 septimo
1319 4632 1520 4685 mensis
1553 4631 1883 4686 Novembris
1901 4632 2010 4697 die,

2126 4640 2176 4690 ὲν
2210 4641 2276 4708 τῇ
2311 4638 2566 4708 βασιλείᾳ
2597 4637 2658 4692 εὖ
2689 4638 2834 4706 μάλα
2862 4638 2958 4691 καὶ
2987 4637 3110 4690 λίαν
3137 4638 3430 4709 ἐπισήμως
3455 4632 3647 4703 διαγενό-

437 4739 564 4778 cum
610 4723 1009 4793 quinquaginta
1074 4723 1324 4791 quinque
1397 4737 1567 4791 prope
1621 4737 1799 4778 annos
1855 4733 2010 4778 natus

2126 4749 2303 4799 μενος.
2333 4731 2376 4782 Τ
2380 4731 2538 4782 ούτου
2569 4729 2625 4782 δὲ
2657 4733 2767 4793 τοῖς
2800 4729 3077 4801 πατρῴοις
3127 4731 3410 4801 μνήμασιν
3445 4731 3646 4796 ὲνσορια·

437 4827 606 4880 esset,
638 4824 694 4871 et
728 4815 992 4870 tredecim
1024 4814 1108 4894 _(3)
1139 4815 1300 4868 annis
1332 4814 1628 4882 imperium
1662 4815 1800 4870 bene
1825 4815 2008 4870 admo-

2126 4825 2363 4885 τιθέντος.
2394 4826 2422 4875 ὁ
2467 4824 2610 4875 κατὰ.
2655 4823 2754 4892 τὴν
2791 4822 3028 4878 Ἰταλίαν
3059 4825 3288 4894 στρατὸς
3336 4823 3453 4894 μεθ’
3481 4821 3648 4890 ἡμέραν

439 4911 568 4965 duttt
595 4921 650 4964 et
699 4908 961 4978 praeclare
988 4890 1453 4962 administrasset.
1487 4907 1566 4961 Eo
1611 4921 1768 4973 vero,
1830 4910 2010 4978 patrio

2126 4915 2281 4985 ittqu
2305 4915 2399 4968 τὸν
2446 4913 2744 4984 ὁμώνυμον
2777 4915 2924 4984 αὐτῷ
2956 4915 3146 4981 παῖδα,
3183 4916 3278 4968 τὸν
3313 4916 3431 4967 νέον
3463 4912 3646 4966 Οὐαλεν-

440 5009 801 5056 monuntettto
839 5000 1012 5064 illato,
1038 5009 1194 5054 sexto
1219 4999 1308 5052 die
1348 5009 1490 5067 post,
1534 4998 1629 5068 qui
1665 4999 1721 5052 in
1743 5000 1894 5056 Italia
1913 5001 2010 5056 fuit

2126 5008 2370 5069 ιινιανδν,
2430 5005 2660 5076 βασιλέα
2708 5007 3164 5076 ἀναγορεύουσιν,
3200 5009 3256 5060 ὲν
3303 5008 3493 5075 ’Λκίνῳ
3531 5003 3645 5055 πόλει

438 5094 716 5148 exercitus
766 5091 1150 5161 cognominem
1185 5090 1235 5145 ei
1269 5089 1436 5144 filium
1466 5091 1739 5160 juniorem
1770 5092 2010 5147 Valenti-

2126 5099 2214 5168 τῆς
2256 5099 2512 5158 Ἰταλίας.
2541 5099 2656 5152 Οὐκ
2687 5099 2768 5161 είς
2803 5100 3025 5169 μακράν
3067 5099 3123 5152 δὲ
3155 5100 3206 5152 οἱ
3255 5098 3510 5169 βασιλεῖς,
3540 5095 3643 5161 Γρςιο

438 5190 658 5238 manum
717 5185 1126 5251 imperatorem,
1202 5179 1255 5232 itt
1321 5179 1524 5248 oppido
1577 5179 1749 5234 Italiae
1792 5181 2010 5249 Aquino

2126 5193 2302 5252 τιανός
2362 5208 2423 5243 τε
2477 5191 2504 5243 ὁ
2559 5190 2788 5258 ἀδελφὸς
2827 5193 2924 5246 καὶ
2963 5191 3209 5260 Οὐάλης,
3265 5191 3535 5260 σύμψηφοι
3577 5188 3643 5237 καὶ

441 5275 798 5330 renuntiavit.
854 5273 1044 5341 Neque
1105 5272 1180 5325 ita
1231 5270 1406 5324 multo
1475 5280 1599 5340 post
1657 5271 2010 5338 imperatores

2126 5283 2281 5335 αὐτοὶ
2327 5282 2581 5349 ἐγένοντο
2630 5284 2696 5351 τῇ
2734 5282 2950 5334 ἐκείνου
2987 5285 3156 5352 ἀρχῇ,
3192 5285 3240 5336 εἰ
3279 5285 3376 5336 καὶ
3428 5276 3640 5351 χαλεπαέ-

438 5380 659 5435 quoque
692 5364 990 5419 Gratianus
1017 5363 1187 5416 frater
1211 5371 1265 5416 et
1305 5359 1523 5421 Valens.
1587 5361 1852 5432 suffragio
1909 5378 2010 5416 suo

2126 5391 2307 5438 νοντες
2357 5369 2500 5444 ἦσαν
2551 5373 2620 5428 τὰ
2657 5374 2876 5443 πρῶταο
2911 5377 3008 5428 ac:
3052 5377 3118 5444 ὀὴ
3160 5376 3272 5428 τῶν
3326 5368 3640 5444 στρατιωτῶν,

2116 5564 2264 5604 nunc
2287 5549 2513 5613 dicitur,
2548 5549 2965 5606 Valentinianus
2995 5561 3248 5607 mortuus
3283 5551 3470 5607 fuerit.

2190 5621 2264 5689 (Ξ)
2299 5619 2645 5689 Nieepborus
2695 5620 2799 5676 hoc
2853 5622 2973 5675 loco
3017 5637 3113 5686 pro
3149 5621 3438 5677 Germania
3479 5617 3639 5673 Gallias

2116 5689 2304 5743 habet.
2336 5691 2440 5743 Sed
2495 5694 2940 5745 animadvertere
2986 5701 3093 5752 est,
3131 5707 3253 5746 eutn
3302 5692 3423 5744 aliis
3464 5699 3638 5758 quoque

2116 5761 2255 5812 locis
2277 5759 2675 5813 Germanorum
2707 5776 2906 5814 nomen
2967 5778 3074 5814 non
3120 5777 3434 5830 usurpasse,
3462 5759 3545 5815 sed
3569 5769 3638 5824 ιπυ

2115 5831 2196 5884 eis
2225 5830 2407 5882 Gallos
2441 5831 2706 5897 posuisw.
2747 5830 2902 5882 Socr.
2935 5833 3059 5885 cod.
3099 5847 3216 5900 cap.
3252 5834 3341 5885 52.

2192 5903 2266 5967 l5)
2301 5901 2404 5952 Alit
2440 5900 2492 5952 di
2535 5911 2628 5952 unt
2660 5907 2934 5955 Uttdecttu.

511 5542 589 5611 (ι)
615 5539 914 5609 EutrOpius
953 5537 1168 5611 scribit,
1207 5537 1560 5611 Sauromatas
1583 5553 1642 5595 se
1666 5556 1766 5610 per
1796 5541 2010 5597 Panno-

439 5609 648 5666 nis's’iu
678 5611 942 5680 ditionem
966 5610 1266 5680 Romanam
1296 5609 1581 5680 diffudisse
1603 5653 1618 5676 ,
1653 5609 1884 5680 eamque
1920 5629 2011 5668 va-

438 5693 634 5734 stasse.
685 5679 830 5734 Idem
916 5679 1272 5751 Brigitiouetu
1355 5679 1669 5744 Quadorum
1741 5679 2009 5751 oppidum

440 5768 561 5803 esse
612 5751 766 5803 dicit.
797 5750 1017 5813 Quadus
1049 5759 1229 5802 autem
1276 5751 1527 5803 nonnulli
1562 5751 1727 5806 hodie
1760 5750 2012 5808 Austria-

441 5839 552 5880 (tus.
610 5822 855 5872 nonnulli
908 5820 1134 5872 Silestos
1184 5818 1352 5870 fuisse
1392 5822 1711 5886 opinantur.
1750 5823 1905 5888 Quod
1965 5827 2010 5879 si

445 5891 722 5955 posterius
773 5892 873 5942 hoc
917 5905 1104 5942 verum
1148 5897 1252 5951 est,
1286 5890 1350 5940 ad
1388 5889 1649 5957 oppidum
1684 5892 1922 5962 Brigam,
1957 5907 2015 5950 ut
