3912 6532
211 378 324 443 705

219 581 542 655 ἀνθρώπων
593 582 910 654 συνέμεινεν
956 584 1117 652 ἄχρις
1172 577 1232 636 οὗ
1283 581 1562 645 ἐτελεύτα,
1599 580 1800 650 καίπερ

214 676 585 746 ἐννενήκοντα
606 675 702 743 ἐτη
735 673 885 744 βιούς
911 689 923 702 ⁸
958 676 986 726 6
1039 673 1083 727 δ’
1128 675 1182 726 Ἀ
1196 675 1418 745 ρσήσιος
1463 676 1578 736 τοῖς
1608 672 1802 724 ἐπται-

215 765 346 818 κόσι
374 766 486 818 τῶν
545 767 678 818 νέων
740 764 1074 835 συγγνώμην
1130 766 1426 834 παρεῖχεν·
1475 761 1721 832 ἀφώριζε
1743 763 1801 815 δὲ

212 859 345 919 τοὺς
387 858 812 929 προκόψαντας,
842 856 1019 924 λέγων
1039 854 1113 918 ὡς
1153 874 1170 906 ι
1213 855 1272 909 '0
1303 855 1422 918 νέος
1461 854 1799 924 ἀφορισθεὶς,

216 950 656 1019 καταφρονητὴς
722 949 970 1016 γίνεταιο
1016 950 1044 1000 6
1071 947 1115 1001 δ’
1157 949 1239 1010 είς
1285 947 1487 1018 ἀρετὴν
1518 948 1800 1015 προήκων,

217 1040 422 1093 θᾶττον
464 1040 566 1109 τῆς
617 1040 994 1109 ἐπιτιμήσεως
1037 1038 1303 1109 λαμϐάνει
1335 1037 1434 1108 τὴν
1462 1037 1742 1108 αἴσθησιν.
1778 1055 1796 1088 ι

215 1128 343 1180 Τῶν
375 1128 423 1180 δ’
453 1127 524 1180 αὖ
551 1129 722 1197 μέσην
749 1128 992 1194 ἀγόντων
1023 1126 1120 1196 τὴν
1151 1125 1368 1196 ἠλικίαν
1401 1125 1586 1179 πολλοί
1619 1142 1679 1176 τε
1711 1125 1806 1178 καὶ

216 1218 420 1286 ἁγαθοὶ
443 1215 628 1290 ἦσαν·
682 1221 741 1272 ἐν
788 1213 870 1280 οἷς
931 1218 1241 1289 ’Λμμὼνιός
1282 1235 1341 1271 τε
1377 1217 1474 1270 καὶ
1523 1217 1804 1282 Εὐσέϐιος,

217 1311 359 1380 πρὸς
403 1311 468 1363 δὲ
529 1311 817 1381 Διόσκορος
877 1310 1281 1380 ἐγνωρίζοντο,
1327 1308 1376 1363 οἳ
1423 1310 1646 1380 ἀδελφοὶ
1705 1309 1805 1379 μὲν

215 1404 488 1472 ἀλλήλοις
532 1405 736 1475 ἧστην·
791 1406 1007 1473 Μικροὶ
1070 1403 1118 1454 δ’
1148 1407 1212 1456 ἐκ
1258 1403 1358 1473 τῆς
1387 1403 1604 1472 ἡλικίας
1658 1397 1807 1472 εἶχον

217 1497 541 1566 ἐπώνυμον.
581 1497 894 1565 Ἀμμώνιον
918 1497 975 1550 δὲ
1002 1496 1160 1563 λόγος
1189 1497 1280 1548 ἐπὶ
1306 1496 1463 1548 τόσον
1484 1495 1808 1564 φιλοσοφίας

217 1583 428 1645 ἐλθεῖν,
469 1585 549 1645 είς
571 1583 727 1635 τόσον
756 1584 814 1636 δὲ
853 1585 947 1636 καὶ
973 1583 1165 1652 ἡδονῆς
1211 1582 1305 1634 καὶ
1339 1581 1626 1652 ῥᾳστώνης
1658 1581 1808 1649 γενέ-

220 1673 353 1727 σθαι
383 1675 720 1745 ὑπέρτερον,
746 1674 822 1738 ὡς
857 1674 994 1744 πλὴν
1024 1675 1194 1744 ἄρτου
1221 1675 1385 1743 μόνου
1420 1673 1586 1742 μηδὲν
1623 1672 1808 1740 ἕτερον

217 1767 539 1834 γεύσασθαι
578 1767 713 1836 πυρὶ
737 1766 1158 1836 συγγενόμενον.
1191 1765 1433 1834 Είσὰγαν
1460 1766 1515 1816 δὲ
1539 1766 1630 1822 καὶ
1658 1765 1808 1834 φιλο-

1155 373 1756 440 ECCLESIASTICIE
1798 373 2184 438 lllSTORl/E
2225 373 2366 440 LIB.
2408 375 2510 439 ΧΙ.

217 491 546 562 ναστηρίων
575 490 920 562 προῖσταντο.
950 488 1168 544 Τούτων
1191 492 1218 543 6
1247 493 1347 560 μὲν
1373 490 1603 560 Δίδυμος
1627 489 1801 544 οὐδενὶ

1917 485 2166 555 discipuli
2211 502 2225 538 :

3372 380 3478 445 706

2270 486 2324 540 in
2381 485 2585 555 quibus
2625 485 2900 557 grandva
2954 493 3130 556 luere,
3187 491 3475 565 Origenes,

1909 577 2173 650 Didymus
2224 587 2278 632 ct
2308 578 2573 644 Croniou,
2609 579 2704 648 qui
2737 579 2905 634 etiam
2947 593 3167 637 centqu
3199 596 3254 639 et
3285 587 3476 640 decem

1905 683 2082 722 annos
2134 679 2318 728 natus.
2379 673 2638 724 excessit.
2690 669 2922 740 Insuper
2965 673 3158 728 eodem
3214 691 3340 729 cum
3396 677 3480 730 eis

1910 771 2158 829 tempore
2188 761 2474 825 exstitere,
2521 761 2786 830 Serapion
2832 779 3083 834 magnus,
3127 767 3478 833 Putubasles,

1905 850 2104 904 Arsion
2166 861 2222 905 et
2256 853 2553 919 praeclarus
2584 851 2838 908 Arsesius
2869 871 2884 908 :
2918 856 3010 924 qui
3047 856 3100 910 in
3131 856 3480 928 philosophia

1909 939 2008 992 hac
2039 951 2476 1002 consenuerunt,
2510 951 2563 995 et
2607 945 2956 997 monasteriis
2995 945 3358 1012 praefuerunt.
3403 949 3481 1002 Ex

1907 1031 1990 1086 eis
2017 1030 2280 1102 Didymus
2306 1034 2438 1086 nulli
2463 1034 2801 1090 cohabitavit
2824 1036 3056 1101 homini,
3079 1037 3146 1090 ad
3173 1047 3481 1092 extremum

1909 1139 2080 1192 usque
2112 1123 2234 1178 vitae
2271 1123 2444 1184 diem,
2480 1127 2732 1194 quamvis
2773 1129 3073 1197 nonaginta
3111 1129 3332 1183 vixisset
3395 1147 3483 1184 an-

1911 1230 2031 1270 nos.
2077 1217 2333 1270 Arsesius
2378 1217 2455 1281 (ί)
2504 1228 2688 1273 autem
2737 1220 3040 1288 juvenibus
3093 1223 3258 1290 lapsis
3293 1224 3482 1277 delicti

1909 1307 2140 1377 gratiam
2183 1307 2441 1375 faciebat,
2489 1323 2656 1368 mtate
2707 1321 2891 1368 autem
2945 1324 3000 1369 et
3046 1314 3252 1370 virtute
3287 1331 3484 1385 prove-

1898 1400 2114 1454 ctiores
2135 1403 2676 1469 excommunicahat,
2708 1405 2890 1459 verbis
2915 1406 3069 1462 hisce
3102 1419 3261 1478 utens
3297 1425 3310 1461 :
3341 1425 3359 1466 ι
3388 1408 3485 1463 Ju-

1909 1507 2106 1547 venem
2143 1493 2390 1562 quidem,
2426 1494 2473 1548 si
2515 1511 2613 1564 per
2655 1500 3283 1554 excommunicatiouem
3321 1517 3484 1570 repu-

1911 1585 2115 1648 dietur,
2166 1586 2551 1656 despectorem
2604 1589 2722 1644 fieri
2776 1608 2790 1643 :
2842 1593 2937 1662 qui
2989 1609 3121 1648 vero
3171 1595 3224 1648 in
3277 1596 3485 1649 virtute

1913 1677 2266 1748 profecisset,
2317 1695 2444 1734 eum
2497 1682 2756 1738 celeriter
2811 1685 3213 1756 obiurgationis
3261 1701 3484 1740 sensum

1914 1769 2223 1838 percipere.
2267 1790 2285 1822 ι
2329 1770 2530 1826 Eorum
2568 1789 2734 1842 porro
2777 1777 2871 1844 qui
2909 1778 2961 1830 in
3010 1777 3186 1831 media
3231 1787 3484 1847 stataque

217 1859 387 1928 λόγος
411 1861 654 1928 ἐγένετο,
683 1860 825 1913 ὥστε
855 1860 953 1912 καὶ
996 1859 1065 1912 τὰ
1111 1857 1418 1929 Ὤριγένως
1447 1860 1541 1910 καὶ
1567 1858 1804 1926 Διδύμου

1917 1868 2097 1914 essent
2126 1869 2306 1926 a‘tatc,
2353 1863 2509 1916 multi
2541 1873 2596 1917 et
2629 1863 2759 1918 boni
2803 1866 2958 1921 {uere
3001 1869 3279 1923 monachi.
3318 1869 3371 1922 In
3404 1871 3486 1923 eis

218 1958 317 2006 καὶ
398 1948 678 2025 Εὖαγρίου
741 1955 1142 2022 σπουδάσματα
1201 1954 1460 2019 γενναίως
1495 1951 1802 2016 διεξελθεῖν.

231 2048 370 2100 Ἐπὶ
394 2048 556 2100 τόσον
578 2048 637 2100 δὲ
668 2048 1000 2118 ἀπερίεργος
1033 2043 1122 2118 ἦν,
1154 2048 1228 2110 ὼς
1255 2047 1454 2117 σύναμ⁹
1498 2047 1806 2116 Ἀθανασεῳ

219 2141 298 2209 τῷ
367 2143 594 2210 μεγάλῳ
662 2142 1000 2212 συνέκδημος
1059 2143 1142 2204 εἰς
1208 2141 1428 2211 Ῥώμην
1494 2141 1806 2210 γενόμενος,

204 2233 404 2305 ’μηδὲν
433 2234 565 2287 ἄλλο
597 2234 704 2288 τῶν
739 2234 840 2304 τῆς
881 2234 1086 2298 πόλεως
1117 2236 1390 2305 ἐκκρίτων
1420 2233 1638 2288 ἑλέσθαι
1674 2234 1809 2287 καθ-

225 2325 543 2396 ισωρῆααι,
579 2326 740 2394 μόον
762 2326 819 2380 δὲ
849 2327 906 2378 τὸ
945 2328 1152 2396 Πέτρου
1186 2329 1281 2380 καὶ
1339 2327 1556 2380 Παύλου
1594 2326 1804 2398 μαρτύ-

227 2432 373 2484 ριον,
401 2417 500 2468 καὶ
534 2417 626 2467 τὸν
651 2411 800 2468 οἷκον
833 2411 875 2483 ᾧ
915 2418 983 2470 τὰ
1040 2418 1164 2488 ιερὰ
1197 2418 1422 2471 ἐκείνων
1473 2417 1806 2488 τεθησαύρι·

227 2526 360 2562 σται
388 2509 642 2578 σώματα.
671 2509 764 2572 Εἰς
791 2510 1102 2580 ἐπισκοπῆς
1125 2510 1182 2563 δὲ
1209 2511 1542 2580 χειροτονίαν
1573 2511 1811 2579 συλλαμ-

228 2601 500 2655 ϐάνεσθαι
533 2603 760 2671 μέλλων,
783 2603 904 2654 ἐπεὶ.
925 2604 1090 2655 πολλα
1112 2604 1237 2666 τοὺς
1262 2604 1354 2656 ἐπὶ
1380 2603 1526 2657 τοῦτ’
1551 2603 1808 2666 ἐλθόντας

225 2695 412 2759 λέγων
442 2697 541 2748 οὐκ
573 2697 782 2760 ἔπειθε,
817 2699 1062 2768 μαχαίρᾳ
1090 2696 1151 2749 τὸ
1178 2696 1350 2761 δεξιὸν
1379 2695 1671 2764 ἀποτεμὼν
1695 2690 1811 2759 οὗῖν

234 2808 252 2839 ι
293 2789 412 2842 Κᾶν
446 2791 541 2842 νῦν
566 2791 750 2854 ἄπιτε,
783 2792 886 2860 ἔφη
907 2807 920 2821 ·
948 2793 1070 2844 ἐπεί
1095 2790 1178 2844 τοί
1208 2808 1270 2859 γε
1316 2791 1410 2843 τοῦ
1461 2791 1646 2842 λοιποῦ
1699 2790 1810 2842 οὐδ’

229 2881 564 2951 αἱρούμενον
622 2886 651 2936 ὁ
705 2885 807 2953 τῆς
873 2885 1204 2952 Ἐκκλησίας
1259 2885 1424 2952 νόμος
1473 2883 1810 2953 εἰσδέχεται⁶

232 2975 442 3041 χρῆναι
471 2976 578 3043 γὰρ
608 2977 699 3028 τὸν
741 2977 890 3048 ἱερέα
927 2977 1067 3028 σῶον
1117 2971 1280 3030 εἶναι.
1337 2995 1355 3026 ι
1399 2976 1486 3038 Ὠς
1527 2976 1571 3026 δ’
1603 2976 1815 3044 ἀναχω-

232 3064 510 3131 ρήσαντες
537 3065 691 3132 παρα
719 3066 828 3116 τῶν
857 3066 1176 3135 ἡγουμένων
1209 3066 1338 3136 περὶ
1378 3063 1576 3117 πολλοῦ
1604 3065 1671 3116 τα
1698 3080 1813 3116 τοι·

1911 1950 2239 2006 Ammonius
2295 1961 2349 2006 et
2407 1953 2719 2020 Eusebius,
2767 1966 3033 2026 praeterea
3085 1960 3378 2014 Dioscorus
3429 1969 3487 2016 ct

1911 2042 2263 2114 Euthymius,
2298 2046 2389 2114 qui
2430 2063 2553 2100 cum
2601 2048 2804 2105 fratres
2840 2063 3050 2114 essent,
3088 2063 3313 2122 propter
3358 2070 3486 2108 eor-

1912 2134 2062 2202 poris
2101 2144 2374 2189 staturam
2426 2135 2592 2205 Longi
2628 2149 2756 2194 sunt
2804 2141 3084 2210 appellati.
3123 2143 3476 2198 Ammonium

1913 2223 2057 2278 fama
2093 2233 2177 2278 est
2210 2240 2276 2280 eo
2311 2226 2489 2280 laudis
2525 2227 2581 2281 in
2615 2229 2962 2298 philosoiihia
3004 2230 3104 2285 hac
3139 2233 3484 2302 pervenisse,

1911 2327 1967 2371 et
1991 2316 2127 2371 adeo
2165 2317 2445 2387 voluptate
2485 2329 2541 2374 et
2587 2319 2805 2376 deliciis
2837 2321 3098 2376 omnibus
3135 2325 3480 2393 superiorem

1912 2410 2101 2471 fuisse,
2136 2420 2194 2464 ut
2221 2421 2421 2480 praeter
2455 2428 2648 2482 panem
2685 2415 2862 2468 solum
2897 2416 3030 2468 nihil
3062 2417 3201 2470 cocti
3235 2419 3491 2488 degusta-

1913 2504 2008 2558 rit.
2033 2503 2200 2558 Valde
2224 2505 2392 2558 etiam
2422 2505 2736 2560 litterarum
2762 2516 2818 2560 et
2847 2509 3179 2574 eruditionis
3205 2509 3491 2563 studiosus

1913 2597 2040 2659 fuit,
2075 2597 2144 2650 ita
2195 2609 2252 2651 ut
2285 2598 2542 2668 Origenis
2586 2609 2642 2654 et
2679 2601 2891 2671 Didymi
2939 2613 2994 2656 et
3028 2603 3242 2672 Evagrii
3282 2602 3490 2674 scripta

1915 2692 2209 2760 diligenter
2261 2700 2318 2746 ct
2373 2692 2614 2747 feliciter
2663 2694 2870 2764 legeret
2923 2694 3024 2765 (Ξ).
3071 2695 3223 2750 Adeo
3275 2711 3405 2750 vero
3459 2711 3488 2747 a

1915 2781 2240 2835 curiositate
2271 2781 2471 2845 abfuit,
2497 2792 2555 2837 ut
2582 2782 2941 2838 Athanasium
2971 2801 3226 2854 magnum
3258 2788 3485 2840 Romam

1915 2875 2231 2937 comitatus,
2287 2890 2355 2928 ex
2407 2877 2685 2944 pra-claris
2727 2877 3130 2946 praecipuisque
3176 2879 3331 2932 urbis
3371 2879 3490 2948 ejus

1916 2967 2084 3020 rebus
2119 2981 2224 3020 non
2267 2966 2413 3019 aliud
2451 2967 2811 3036 spectandum
2851 2967 2956 3021 sibi
2993 2969 3298 3033 censue-rit,
3324 2985 3486 3036 quam

1915 3059 2063 3112 Petri
2114 3067 2168 3111 et
2216 3058 2369 3112 Pauli
2421 3059 2766 3128 martyrium,
2815 3069 2870 3112 et
2903 3060 3072 3113 ardem
3117 3075 3238 3112 eam
3289 3061 3342 3114 in
3383 3076 3490 3128 qua

233 3155 377 3205 αὔτα
412 3155 688 3220 Ἰουδαίοις
719 3154 856 3211 εἶναι
883 3153 1038 3210 εἷπον
1065 3173 1078 3186 ·
1108 3161 1172 3227 τῇ
1202 3158 1257 3209 δὲ
1282 3157 1374 3208 τοῦ
1408 3155 1545 3209 Θεοῦ
1583 3157 1810 3225 Ἐκκλη-

1921 3152 2142 3204 illorum
2191 3166 2423 3221 corpora
2479 3153 2648 3206 veluti
2710 3152 3003 3206 thesaurus
3057 3163 3188 3207 sunt
3242 3153 3490 3208 condita.

234 3243 332 3316 σία
369 3245 428 3295 ἐν
467 3243 646 3298 οὐδενὶ
698 3248 768 3299 τι
815 3247 1040 3299 τοιαῦτα
1083 3247 1352 3312 τίθεσθαι,
1395 3247 1460 3316 ἢν
1513 3248 1672 3316 μόνον
1703 3250 1814 3309 τοῖς

233 3337 387 3390 ἔνδον
445 3338 541 3390 καὶ
570 3341 682 3402 τοῖς
716 3340 938 3406 τρύποις
991 3340 1178 3410 ἄρτιος
1235 3342 1319 3409 εἴη
1347 3342 1373 3393 6
1407 3339 1588 3408 ίερεύς
1611 3355 1626 3372 ·
1663 3335 1818 3400 αὖθις

235 3430 680 3498 ὑποστρέφοντες
717 3431 1003 3485 συλλαϐεῖν
1060 3433 1395 3502 ἐπειρῶντοο
1443 3436 1470 3486 ὁ
1512 3433 1589 3498 δὲ,
1632 3429 1668 3503 ἦ
1712 3434 1818 3503 μὴν

235 3524 335 3572 καὶ
360 3521 462 3590 τὴν
504 3522 760 3588 γλῶσσαν
793 3525 1047 3593 ἐκτεμεῖν
1102 3525 1398 3595 διώμνυτο,
1423 3531 1472 3578 εί
1505 3527 1625 3596 βίαν
1661 3524 1818 3588 αὖθις

237 3614 472 3680 ἐπάγειν
514 3616 800 3684 πειρῷντο.
851 3617 943 3668 Ἑν
987 3616 1062 3686 νῷ
1113 3617 1159 3669 δ’
1203 3619 1428 3671 ἐκείνων
1456 3620 1553 3686 τὴν
1587 3619 1818 3689 ἀπειλὴν

242 3705 511 3776 θεμένων,
550 3708 690 3759 κατὰ
725 3708 908 3778 χώραν
935 3713 1061 3761 εἴων
1090 3710 1182 3761 τὸν
1219 3711 1415 3780 μέγαν.
1451 3713 1559 3764 Καὶ
1589 3711 1646 3777 ἐξ
1678 3713 1820 3763 ὲκεί-

240 3815 334 3852 sou
379 3800 685 3867 Ἀμμώνιος
722 3803 749 3851 6
772 3800 1047 3868 παρώτης
1069 3801 1373 3870 ὠνόμαστο.
1411 3803 1567 3855 Τοῦτ’
1597 3805 1726 3855 αὐτὸ
1761 3805 1817 3865 ἐς

244 3887 478 3958 ὕστερον
513 3890 605 3966 καὶ
657 3889 926 3959 Εὐάγριος
979 3890 1250 3942 πέπονθεν
1307 3892 1334 3941 6
1363 3890 1670 3958 φιλόσοφος.
1710 3892 1818 3943 Καὶ

240 3977 395 4043 οὗτος
429 3981 536 4050 γὰρ
565 3983 670 4036 ὑπὸ
719 3982 984 4052 Θεοφίλου
1015 3983 1110 4036 τοῦ
1155 3984 1562 4053 Ἀλεξανδρείας
1595 3985 1671 4046 είς
1698 3987 1820 4036 ἐπι-

245 4075 460 4144 σκοπὴν
497 4073 926 4142 καθελκόμενος,
960 4075 1124 4145 τέχνῃ
1162 4078 1392 4146 παντοίᾳ
1445 4076 1815 4144 χρησάμενος,

244 4165 342 4235 τὴν
375 4166 680 4235 ἱερωσύνην
711 4165 1008 4231 ἀπείπατο,
1043 4166 1210 4236 μηδὲν
1243 4167 1432 4234 μέντοι
1468 4168 1820 4237 ἀκρωτηριά-

247 4275 345 4320 ea;
399 4257 492 4309 τοῦ
548 4258 838 4328 σώματος·
878 4258 969 4310 καί
1017 4275 1147 4310 ποτε
1196 4257 1272 4327 τῷ
1319 4257 1618 4328 ’Δμμωνίῳ
1647 4262 1822 4328 τούτῳ

247 4349 579 4420 περιτυχὼν,
649 4349 1035 4421 ἀστεῖζόμενος
1088 4349 1476 4418 κατεμέμφετο
1522 4349 1716 4417 λέγων,
1746 4351 1822 4416 ὠς

257 4443 441 4506 κακῶς
475 4442 706 4513 πράξειε
736 4445 903 4513 μάλα,
937 4446 1030 4495 καὶ
1077 4437 1357 4512 ἐνέχεσθαι
1413 4443 1567 4506 δίκας
1620 4443 1822 4497 διδόναι

1926 3247 2088 3315 188
2122 3246 2291 3300 Porro
2328 3261 2452 3300 cum
2493 3245 2558 3298 ad
2603 3245 2973 3314 episcopalem
3019 3244 3315 3315 aliquando
3360 3262 3495 3300 con-

1921 3339 2284 3392 secrationem
2331 3338 2693 3392 aLducendus
2727 3348 2898 3399 esset.
2947 3347 3000 3392 et
3049 3338 3115 3392 ad
3157 3354 3250 3393 eos
3298 3339 3493 3402 multa,

1922 3434 2012 3501 qui
2069 3432 2220 3485 illum
2284 3435 2405 3502 ejus
2454 3431 2536 3484 rei
2593 3432 2763 3499 gratia
2809 3442 3203 3494 convenerant,
3239 3432 3494 3494 dixisset,

1920 3542 2103 3596 neque
2148 3535 2328 3578 tamen
2377 3525 2460 3578 eis
2504 3523 2649 3592 quod
2685 3524 2924 3587 volebat,
2963 3523 3352 3600 persuasisset,
3383 3540 3498 3577 am-

1921 3630 2107 3689 putata
2155 3619 2260 3673 sibi
2298 3618 2545 3672 auricula
2590 3619 2781 3672 dextna
2818 3637 2832 3673 :
2878 3637 2895 3670 ι
2944 3618 3034 3672 Vel
3069 3634 3216 3673 nunc
3249 3617 3500 3682 demum,

1921 3714 2121 3781 inquit.
2155 3713 2322 3775 abite,
2350 3711 2804 3780 quandoquidem
2836 3711 3101 3780 deinceps
3122 3711 3288 3766 etiam
3314 3715 3500 3766 volen-

1923 3813 2032 3857 tem
2071 3802 2326 3857 Ecclesiae
2350 3803 2677 3855 constitutio
2729 3817 2836 3855 non
2890 3805 3086 3872 recipit
3145 3803 3498 3858 Sacerdotem

1921 3912 2162 3964 namque
2201 3895 2475 3963 integrum
2514 3905 2683 3964 atque
2725 3895 3116 3950 immutilatnm
3165 3911 3286 3950 esse
3337 3911 3502 3966 opor-

1924 3996 2012 4044 tet.
2069 4003 2088 4034 ι
2128 3984 2306 4052 Atque
2341 3983 2433 4037 ubi
2469 3984 2563 4052 qui
2596 3999 2663 4037 ex
2696 3983 2993 4054 praecipuis
3025 3984 3092 4038 ad
3123 3985 3302 4053 ipsum
3341 3984 3497 4038 missi

1922 4085 2100 4139 erant,
2153 4074 2222 4127 ab
2276 4089 2342 4127 eo
2393 4073 2780 4140 discederent;
2831 4084 2888 4129 et
2942 4090 2970 4126 a
3019 4074 3223 4128 ludatis
3272 4074 3496 4143 quidem

1925 4167 2048 4220 talia
2073 4165 2355 4220 observari
2385 4173 2440 4218 et
2474 4164 2803 4234 magnilieri,
2839 4162 3138 4219 Ecclesiam
3171 4173 3352 4218 autem
3401 4163 3498 4218 Dei

1926 4255 2350 4329 parvipendere,
2385 4255 2432 4309 si
2484 4253 2650 4309 modo
2685 4254 2873 4308 animo
2913 4264 2972 4309 et
3022 4253 3268 4308 moribus
3316 4254 3502 4308 salvus

1925 4350 2358 4420 commodusque
2393 4348 2464 4403 sit
2488 4349 2810 4418 episcopus,
2843 4348 2988 4402 inter
3013 4363 3074 4402 se
3104 4348 3356 4402 dicerent
3381 4364 3399 4413 ;
3429 4347 3498 4400 ad

1927 4460 2054 4500 eum
2091 4445 2336 4508 reversi,
2374 4441 2857 4511 comprehendere
2894 4451 3198 4496 tentarunt.
3234 4441 3309 4496 lbi
3358 4440 3448 4495 ille
3484 4459 3501 4495 :

254 4535 374 4604 θεῷ
436 4539 500 4604 τῇ
559 4534 654 4586 τοῦ
697 4535 890 4604 μέλους
953 4535 1212 4604 διακοπῇ.
1279 4535 1337 4586 Ὀ
1372 4534 1416 4586 6'
1482 4535 1811 4603 Ἀμμώνιος,

1929 4557 1948 4591 ι
1980 4538 2035 4593 Si
2067 4539 2174 4590 vim
2201 4538 2251 4591 ei
2286 4534 2488 4589 inferre
2514 4544 2830 4604 pergerent,
2855 4535 3096 4602 linguam
3138 4551 3359 4605 quoque
3394 4537 3502 4598 sibi

255 4644 272 4675 ι
310 4627 379 4678 Συ
401 4626 459 4678 δὲ
492 4626 623 4695 ἄρα,
649 4624 940 4678 ὑπολαϐὼν
976 4623 1152 4688 εἶπεν,
1186 4618 1230 4677 ὦ
1281 4626 1542 4694 Εὑάγριε,
1571 4626 1670 4678 οὐκ
1717 4627 1820 4679 οῐει

248 4720 346 4783 τὰς
371 4719 526 4784 ἀξίας
553 4719 758 4770 διδόναι
789 4718 966 4780 δίκας,
993 4716 1084 4768 διὰ
1110 4719 1397 4785 φιλαυτίαν
1428 4723 1528 4787 τὴν
1563 4718 1817 4784 γλῶσσαν

248 4811 540 4881 ἀποτεμὼν
563 4813 656 4863 καὶ
687 4812 761 4880 μὴ
784 4814 850 4881 τῇ
883 4811 1098 4880 δοθείσῃ
1137 4813 1273 4880 πρὸς
1298 4811 1512 4862 πολλῶν
1546 4811 1818 4877 ὠφέλειαν

251 4905 597 4973 χρησάμενος
665 4906 894 4973 χάριτις
933 4921 951 4954 ι
1025 4902 1188 4955 Ἀλλὰ
1223 4903 1352 4972 περὶ
1391 4904 1492 4972 μὲν
1547 4903 1819 4973 Εὑαγρίου

255 4996 392 5059 μετὰ
423 4993 597 5063 βραχὺ
618 4992 980 5062 διαλήψομαι.

253 5086 628 5140 Alexandrino
666 5086 731 5138 ad
774 5085 1151 5154 episcopatum
1191 5083 1530 5150 traheretur,

1930 4631 2235 4686 recisurum
2287 4643 2449 4692 esse,
2521 4625 2817 4694 adjuratit.
2860 4644 2880 4677 ι
2921 4627 3135 4693 Quibus
3201 4627 3368 4681 minis
3423 4629 3502 4682 illi

1928 4718 2236 4790 perpensis,
2275 4719 2327 4770 in
2360 4718 2483 4770 loco
2510 4731 2611 4770 suo
2640 4718 2818 4770 virum
2849 4733 3102 4786 magnum
3131 4717 3501 4786 reliquerunt.

1927 4812 2087 4864 Etex
2131 4825 2198 4864 eo
2251 4819 2497 4878 tempore
2545 4809 2873 4862 Ammonius
2921 4809 3182 4878 παρώτης
3209 4809 3309 4878 (5),
3342 4809 3500 4876 quasi

1927 4918 2062 4957 aure
2081 4912 2359 4956 carentem
2389 4901 2560 4966 dicas,
2581 4901 3002 4966 cognominatus
3019 4910 3122 4955 est.
3145 4901 3258 4955 Hoc
3280 4901 3419 4953 idem
3446 4900 3500 4953 in

1926 4994 2160 5064 Evagrio
2187 4994 2515 5064 philosopho
2543 4995 2760 5049 accidit.
2798 4993 2932 5046 Nam
2965 5008 3090 5046 cum
3115 5009 3145 5046 a
3188 4991 3498 5061 Tlieolibilo

1608 5087 1699 5141 ubi
1767 5089 1984 5144 artibus
2031 5089 2202 5141 variis
2251 5101 2311 5141 se
2361 5086 2676 5140 excusando
2743 5101 2875 5140 usus
2948 5094 3114 5148 esset,
3171 5085 3498 5138 sacerdotali

257 5181 530 5250 dignitati,
583 5179 689 5234 sibi
736 5194 798 5234 ea
845 5176 1253 5244 interdicendo,
1337 5181 1592 5233 nuntium
1638 5182 1852 5236 remisit
1892 5185 1995 5255 (4),
2029 5197 2139 5235 non
2189 5192 2370 5234 tamen
2399 5194 2614 5234 summo
2647 5177 2834 5248 aliquo
2861 5177 3108 5246 corporis
3137 5177 3383 5230 membro
3415 5190 3504 5230 re-

258 5281 423 5328 secto.
457 5273 635 5341 Atque
667 5271 714 5326 is
759 5271 852 5325 ubi
885 5272 941 5326 in
973 5259 1326 5326 Ammoniqu
1402 5273 1564 5327 istum
1644 5275 1956 5340 incidisset,
2025 5277 2232 5330 urbane
2302 5291 2427 5330 eum
2496 5277 2727 5344 carpsit,
2779 5275 2922 5328 male
2964 5273 3260 5328 admodum
3305 5271 3504 5326 fecisse

259 5373 472 5440 Deoque
513 5368 587 5423 ob
636 5368 942 5422 metnbrum
990 5377 1267 5422 resectum
1317 5383 1508 5437 pinnas
1561 5371 1817 5424 daturum
1860 5387 2006 5432 esse.
2045 5373 2322 5441 inquiens.
2397 5370 2478 5424 Ad
2543 5377 2706 5438 quem
2737 5369 3091 5425 subinferens
3150 5371 3504 5436 Ammonius,

267 5484 284 5516 ι
315 5464 391 5519 Tu
418 5481 569 5530 vero,
599 5462 802 5532 inquit,
828 5475 861 5515 ο
886 5461 1106 5532 Evagri,
1133 5477 1200 5515 an
1229 5477 1338 5515 non
1365 5462 1670 5532 condignas
1732 5466 2021 5535 persolves
2082 5479 2294 5535 pinnas,
2363 5463 2460 5533 qui
2517 5473 2746 5533 propter
2780 5462 3092 5540 φιλαυτίαν,
3135 5463 3240 5518 hoc
3277 5477 3383 5530 est,
3413 5465 3502 5518 ni-

323 5604 397 5674 (Ι)
425 5604 581 5658 Socr.
619 5603 907 5657 Arscnium
942 5611 1119 5674 vocat.

325 5671 396 5742 ('2)
430 5675 773 5738 Ammonius,
798 5689 982 5726 comes
1003 5671 1308 5733 Athanasii,
1329 5671 1512 5725 Romae
1532 5685 1640 5725 non
1663 5672 1810 5728 aliud

261 5761 407 5814 quam
432 5744 488 5798 S.
522 5744 665 5796 Petri
695 5753 749 5796 et
782 5743 939 5814 Pauli,
970 5745 1289 5813 martyrium
1323 5744 1607 5811 Spei-tavit.

325 5817 396 5884 (3)
421 5815 763 5880 Ammonius,
796 5813 1076 5883 παρώτης,
1111 5806 1212 5867 hoc
1251 5806 1494 5876 esu-siue
1531 5828 1680 5877 aure,
1709 5806 1836 5866 co-'

1921 5602 2288 5672 gnominatus.
2326 5599 2485 5655 Inviti
2517 5601 2646 5655 olim
2695 5599 2992 5656 admodum
3027 5600 3281 5656 homines
3336 5601 3408 5671 pii
3432 5601 3501 5655 ad

1921 5683 2300 5741 episcopatum
2321 5673 2724 5741 evehebantur.

1969 5743 2068 5828 '(4)
2099 5743 2166 5794 Et
2200 5743 2458 5812 profugit,
2492 5739 2703 5797 Socrat.
2729 5741 2915 5812 Μηδὲν
2947 5739 3374 5811 ἀκρωτηριάσας
3404 5739 3500 5792 τοῦ

1917 5829 2194 5881 σωματος.
