3912 6568
232 373 344 446 ius

1161 388 1766 464 ECCIESIASTICAE
1802 401 2190 468 HISTORl/E
2232 409 2378 472 LIB.
2423 411 2537 472 Xl.

3368 425 3474 486 7L0

227 503 456 556 Μέλανα
507 502 708 570 ἐξῶσαι
756 505 1074 574 κατέλαϐον,
1127 507 1284 581 εζρον
1320 514 1418 582 μὲν
1459 517 1665 570 ἐκεῖνον
1695 521 1794 584 τοῖς

1909 531 2012 576 est.
2044 522 2181 576 Cum
2222 524 2290 579 de
2328 525 2576 582 ecclesiis
2605 526 2918 596 ὁμοουσίου,
2964 533 3472 604 consubstantialis,

229 593 327 659 τῆς
351 593 650 664 ἐκκλησίας
677 595 891 664 λύχνοις
923 600 1364 670 ὲνασμενίζοντα,
1390 599 1478 658 οἷά
1501 623 1563 673 γε
1600 607 1809 677 ὑπηρε-

224 685 332 738 τῶν
363 685 601 756 ἔσχατον
623 703 639 718 ·
670 687 770 752 τάς
816 705 875 743 τε
905 691 1014 760 γὰρ
1057 691 1380 763 θρυαλλίδας
1418 701 1634 768 κατεῖχε
1655 741 1670 764 ,
1714 701 1809 753 καὶ

221 777 533 848 ἑπίρῥυπος
563 773 634 849 ἦν
665 779 766 850 τὴν
811 781 1018 852 ἐσθῆτά
1071 802 1132 840 τε
1171 788 1264 842 καὶ
1297 788 1396 860 τὴν
1421 789 1598 861 ζώνην
1619 806 1634 822 ·
1678 794 1807 863 περὶ

222 865 281 918 δὲ
333 867 430 920 τοῦ
474 869 777 928 ἐπισκόπου
813 872 1132 943 πυθόμενοι,
1187 877 1587 948 ἀποκρίνασθαι
1643 882 1805 936 αὑτὸν

223 957 417 1012 τοῦτον
478 960 751 1029 μηνύσαι·
804 965 1033 1033 ἀγαγεῖν
1076 968 1132 1020 δὲ
1159 971 1282 1032 τοὺς
1316 971 1513 1041 ἄνδρας
1547 976 1698 1046 παρά
1745 976 1806 1028 τὸ

221 1051 614 1106 ὲπισκοπεῖονο
677 1056 771 1108 καὶ
808 1053 896 1109 οἷὰ
942 1074 1006 1126 γε
1030 1061 1096 1130 τῇ
1127 1059 1232 1131 ὀδῷ
1267 1064 1641 1133 κεκμηκότας,
1691 1069 1805 1128 τοῖς

220 1142 408 1194 habet
436 1142 655 1213 θρέψαι,
691 1145 970 1216 τράπεζαν
1004 1149 1405 1220 παραθέμενον.
1441 1153 1596 1209 Μετὰ
1621 1155 1677 1208 δὲ
1704 1156 1803 1226 τὴν

219 1235 433 1307 τροφὴν
463 1238 783 1307 νιψάμενος,
806 1240 1040 1305 ὲκείνοις
1061 1243 1170 1312 γὰρ
1199 1243 1500 1310 διηκονεῖτο
1531 1247 1805 1318 ἑστιωμέ-

218 1344 335 1392 νοις
357 1365 376 1389 .
407 1329 601 1383 ἑαυτὸν
652 1333 1041 1402 κατεμήνυσε·
1073 1335 1202 1398 τοὺς
1235 1336 1283 1390 δ’
1327 1339 1386 1391 ὲν
1433 1338 1672 1408 θαύματι
1710 1339 1804 1393 τὸν

219 1420 393 1491 ἄνδρα
421 1423 817 1494 πεποιηκότας,
854 1424 1099 1494 δηλῶσαι
1135 1427 1196 1481 οὗ
1237 1428 1398 1498 χάριν
1422 1424 1557 1502 ἧκον
1581 1447 1597 1463 ο
1628 1433 1694 1502 τῇ
1736 1447 1799 1499 γε

223 1514 335 1580 μὴν
358 1513 497 1582 πρὸς
520 1515 683 1568 αὐτὸν
707 1515 844 1570 αίδοῖ
864 1517 1050 1572 ἀδσιαν
1074 1518 1223 1589 αὐτῷ
1254 1521 1437 1590 φυγῆς
1466 1525 1767 1593 παρασχεῖν
1783 1538 1800 1556 ο

223 1603 320 1654 τὸν
352 1604 399 1656 δ’
431 1606 710 1677 ἀποδοχῆς
769 1607 1080 1674 ἀξιώσαντα
1132 1611 1539 1681 ἀποκρίνασθαι
1601 1613 1676 1684 μὴ
1737 1614 1801 1668 ἂν

219 1689 448 1744 ἑλέσθαι
469 1693 644 1746 ταυτά
678 1695 792 1757 τοῖς
819 1695 1090 1766 δμόφροσι
1126 1697 1237 1752 τῶν
1279 1698 1463 1768 ἱερέων
1497 1700 1714 1766 παθεῖν,
1741 1700 1802 1754 τὸ

218 1782 426 1836 ἄκοντα
473 1785 611 1852 πρὸς
647 1784 744 1857 τὴν
791 1785 1090 1858 ὑπερορίαν
1142 1784 1408 1858 ἀφῖχθαι·
1459 1789 1577 1844 ἀλλ’
1618 1791 1801 1846 ἑκοντὶ

1911 611 2036 667 ildei
2083 614 2403 671 defensores
2437 617 2814 687 exigerentur,
2844 631 3010 692 atque
3051 641 3118 680 eo
3161 629 3255 698 qui
3301 629 3480 699 ipsum

1907 719 2129 774 quoque
2177 707 2478 778 ejicerent,
2532 709 2927 776 advenissent,
2979 732 3304 785 repererunt
3353 739 3480 777 eum

1907 797 2078 851 veluti
2114 813 2400 852 servorum
2431 809 2740 856 extremum
2774 805 3020 861 ecclesiae
3047 808 3290 867 lucernis
3322 815 3483 869 ador-

1908 885 2105 942 nandis
2142 889 2394 944 hilariter
2425 891 2862 961 incumbentem.
2910 895 3287 956 Lucernarum
3332 910 3480 961 enim

1907 978 2089 1034 lineos
2121 979 2397 1037 funit’uios
2438 985 2489 1037 in
2536 985 2794 1040 manibus
2841 988 3096 1053 habebat,
3137 1005 3285 1048 veste
3319 998 3480 1054 simul

1905 1077 1961 1122 et
1990 1071 2211 1140 cingulo
2259 1075 2598 1131 Sordidatus.
2648 1078 2827 1149 Atque
2861 1097 2988 1134 cum
3039 1084 3117 1137 illi
3161 1087 3480 1158 episcopum

1907 1163 2288 1230 requirerent,
2335 1166 2704 1222 indicaturum
2751 1187 2809 1225 se
2850 1173 2930 1228 eis
2979 1174 3131 1230 illiilli
3176 1182 3480 1248 respondit,

1907 1268 2114 1323 eosque
2160 1256 2214 1310 in
2248 1257 2472 1313 domum
2511 1262 2882 1332 episcopalem
2932 1267 3091 1322 duxit
3131 1288 3144 1322 :
3179 1279 3342 1339 atque
3389 1275 3481 1328 tibi

1905 1345 1951 1400 is
2006 1347 2088 1401 eis
2151 1347 2220 1404 de
2274 1350 2360 1405 via
2420 1351 2618 1417 fessis,
2671 1371 2856 1410 mrnsa
2917 1361 3202 1428 apposita,
3237 1379 3334 1432 pro
3398 1381 3483 1419 re-

1901 1453 2022 1492 rum
2060 1441 2305 1493 tenninm
2347 1442 2503 1509 copia
2537 1445 2722 1498 cibum
2772 1447 3050 1510 dedisset,
3109 1463 3272 1521 atque
3307 1455 3478 1509 eden-

1905 1527 2054 1582 tibus
2092 1530 2487 1592 ministrasset,
2519 1534 2732 1588 sublata
2769 1553 2954 1591 mensa
2994 1556 3189 1595 manus
3231 1544 3385 1605 Ιιιιὶι.
3426 1559 3480 1600 et

1905 1620 2144 1690 seipsnin
2178 1621 2260 1676 eis
2312 1622 2600 1679 indicavit.
2630 1626 2707 1679 Illi
2739 1628 2916 1682 virum
2945 1631 3225 1697 admirati,
3257 1651 3478 1690 causam

1903 1711 2174 1769 adventus
2221 1714 2306 1769 sui
2355 1731 2480 1770 cum
2529 1719 2926 1786 ostendissent,
2984 1728 3264 1781 remittere
3317 1745 3376 1782 se
3429 1731 3479 1782 ei

1903 1805 2180 1868 exsilium,
2204 1817 2428 1875 propter
2451 1812 2821 1865 reverentiam
2847 1814 2984 1882 ejus.
3012 1815 3293 1872 dixerunt.
3321 1820 3478 1886 Quod

216 1875 320 1944 τὴν
363 1875 653 1948 ὑπερόριον
696 1878 988 1948 ὑπομεῖναι
1023 1881 1226 1950 φυγήν.
1254 1875 1330 1934 Οὗ
1374 1882 1436 1954 δὴ
1469 1883 1792 1952 γενόμενος,

1902 1904 2256 1966 posteaquam
2294 1901 2616 1968 accepisset,
2667 1903 2749 1957 eis
2811 1907 3115 1974 respondit,
3171 1927 3276 1964 non
3327 1913 3474 1967 idem

219 1968 308 2024 ἆτ’
358 1971 424 2022 ἐκ
487 1969 610 2022 νέου
659 1969 737 2041 τῷ
777 1971 1092 2042 φιλοσοφεῖν
1120 1973 1447 2044 εἰθισμένος,
1496 1975 1585 2029 διὰ
1612 1976 1794 2047 πάσης

221 2058 427 2129 ἀρετῆς
456 2059 610 2131 ἥκων
650 2060 975 2132 περιϐόητος
1016 2055 1110 2134 ἦν.
1144 2061 1320 2118 Σόλων
1351 2065 1408 2119 δὲ
1439 2065 1529 2120 τὸν
1565 2069 1796 2138 ἐμπορι-

219 2151 319 2204 κὸν
369 2151 489 2221 βίον
541 2152 1037 2225 ἀπαρνησάμενος,
1078 2157 1170 2210 τδν
1213 2157 1394 2226 τίμιον
1449 2160 1795 2232 μαργαρίτην

219 2243 433 2300 ὠνεῖτο.
463 2243 600 2298 Ὑπὸ
632 2247 743 2316 γὰρ
767 2245 847 2316 τῷ
874 2246 1087 2318 ἀδελφῷ
1114 2248 1323 2303 Μέλανι
1361 2251 1586 2314 καὶτοῖς
1610 2253 1793 2306 ἐκεῖσε

219 2329 563 2396 διδασκάλοις
611 2331 674 2384 τὸ
727 2331 877 2403 βιοῦν
922 2334 1326 2406 μεταθέμενος,
1380 2337 1475 2392 καὶ
1520 2338 1794 2406 ἐπιμελῶς

220 2423 561 2487 παιδευθεὶς,
581 2423 664 2477 ὅτι
681 2423 940 2494 πλείστην
960 2427 1090 2498 περὶ
1111 2427 1172 2480 τὸ
1191 2427 1345 2482 Θεῑον
1362 2428 1674 2494 ἐπεδείξατο
1695 2430 1794 2502 τὴν

221 2519 464 2590 σπουδήν
488 2536 502 2551 ο
536 2520 774 2591 μάλιστα
801 2521 847 2576 δ’
874 2517 942 2590 ἦν
975 2523 1182 2593 ἀγαθὸς
1195 2527 1308 2587 τοῖς
1333 2527 1502 2590 πέλας
1529 2527 1794 2598 ἁπλότητι

223 2614 342 2684 βίον
395 2617 700 2687 χρώμενος.
737 2615 1011 2670 Τοιούτων
1048 2617 1105 2671 δὲ
1139 2619 1540 2690 καθηγεμόνων
1577 2623 1640 2675 τὸ
1672 2623 1794 2676 κατ’

219 2709 398 2781 ἀρχὰς
432 2698 494 2781 η’
519 2709 985 2781 Ῥινοκουρούρων
1018 2711 1289 2779 ἐκκλησία
1341 2713 1607 2785 ἐπιτυχὴς
1639 2731 1795 2783 γενο-

221 2802 389 2871 μένη,
435 2802 530 2854 ἐπὶ
561 2800 698 2854 πολὺ
731 2801 825 2854 τοῦ
877 2801 1073 2872 χρόνου
1113 2803 1370 2873 διήρκεσε
1399 2807 1511 2868 τοῖς
1552 2806 1611 2871 ἐξ
1639 2806 1793 2870 ἔθους

219 2894 486 2966 χρωμένη
521 2894 765 2964 θεσμοῖς,
797 2894 893 2948 καὶ
919 2895 1142 2964 ἀγαθῶν
1168 2897 1374 2968 ἀνδρῶν
1407 2899 1664 2971 εὐφορίαν
1690 2917 1797 2973 πη-

219 2990 490 3056 γὰζουσα.
535 2990 602 3042 ’⁸0
631 2989 687 3042 δι
736 2987 942 3054 ξενίζον
983 2982 1130 3060 εἶχεν
1162 2992 1195 3061 η
1229 2991 1454 3062 τοιαύτη
1486 2993 1753 3064 ἐκκλησία
1777 3035 1792 3060 ,

220 3082 318 3134 καὶ
344 3081 452 3134 τῶν
477 3081 655 3136 ἄλλων
686 3082 956 3153 ἐπίσημον
982 3083 1240 3153 μάλιστα,
1265 3084 1454 3155 ὅτιπερ
1470 3086 1580 3146 τοῖς
1606 3086 1793 3140 αὐτόθι

220 3174 505 3243 κληρικοῖς
533 3174 690 3245 κοινή
739 3191 798 3226 τε
829 3170 899 3242 ἦν
929 3176 1164 3245 οἴκησις,
1207 3178 1300 3232 καὶ
1332 3177 1586 3245 τράπεζά
1612 3194 1672 3231 τε
1698 3181 1794 3234 καὶ

219 3265 418 3338 ἀγωγὴ
447 3266 540 3319 καὶ
583 3265 764 3320 δίαιτα
803 3269 922 3336 μία,
955 3270 1050 3322 καὶ
1081 3271 1255 3322 πάντα
1279 3269 1342 3339 δὴ
1379 3271 1448 3323 τὰ
1481 3269 1665 3324 λοιπά.
1699 3270 1801 3324 Το-

227 3377 288 3413 σο
301 3359 400 3414 ῦτα
429 3363 522 3414 καὶ
555 3361 686 3431 περὶ
716 3360 826 3415 τῶν
863 3362 1351 3435 Ῥινοκουρούρων.

1903 2003 1982 2055 se,
2014 1992 2158 2059 quod
2189 1992 2280 2046 alii
2315 1995 2730 2050 consentientes
2769 1998 2875 2052 sibi
2913 2001 3158 2073 episc0pi
3194 2004 3475 2073 fecissent,

1903 2084 2331 2140 commissurum
2362 2103 2507 2151 esse,
2541 2100 2599 2146 ut
2635 2091 2844 2146 inritus
2878 2095 3056 2148 solum
3091 2097 3270 2150 exsilii
3312 2113 3478 2153 causa

1902 2185 2164 2241 verteret,
2197 2177 2292 2232 sed
2325 2194 2421 2233 sua
2450 2191 2646 2250 sponte
2674 2184 2731 2240 in
2757 2185 3016 2238 exsilium
3042 2187 3270 2243 iturum.
3297 2189 3475 2260 Atque

1902 2281 2026 2320 cum
2081 2267 2154 2322 ibi
2201 2280 2370 2331 esset.
2406 2273 2575 2329 veluti
2621 2275 2716 2344 qui
2765 2276 2835 2328 ab
2879 2277 3246 2332 adolescentia
3288 2297 3478 2336 mona-

1901 2358 2051 2413 stica:
2086 2359 2450 2432 philosOphiae
2477 2368 2835 2432 assuevisset,
2875 2371 3023 2423 omni
3060 2386 3261 2440 genere
3297 2375 3477 2429 virtu-

1904 2455 1974 2507 tis
2027 2455 2326 2523 prmclarus
2379 2459 2675 2514 admodum
2725 2461 2852 2515 fuit.
2911 2464 3078 2518 Solon
3131 2479 3340 2528 autem,
3383 2468 3474 2523 ιιιιί

1903 2557 2229 2601 mercatum
2274 2551 2664 2614 renuntiasset,
2718 2555 3017 2622 pretiosam
3064 2569 3347 2612 mercatus
3391 2568 3476 2614 est

1902 2641 2276 2708 margaritam.
2323 2641 2458 2696 Nam
2528 2645 2630 2720 sub
2673 2645 2844 2701 l'ratre
2903 2647 3039 2703 Mela
3088 2652 3318 2720 ejusque
3362 2653 3469 2707 lori

1902 2733 2179 2800 magistris
2211 2732 2446 2788 fideliter
2489 2716 2652 2804 atque
2683 2737 2976 2808 diligenter
3011 2716 3264 2808 edoctus,
3301 2754 3476 2798 mnta-

1904 2824 2049 2877 tione
2079 2823 2202 2877 vitae
2229 2824 2526 2893 plurimum
2562 2826 2612 2880 in
2666 2829 2828 2883 rebus
2855 2830 3060 2885 divinis
3089 2834 3258 2888 studii
3291 2845 3474 2890 osten-

1901 2912 2004 2976 dit,
2044 2921 2100 2968 et
2147 2929 2358 2967 morum
2405 2916 2757 2985 simplicitate
2797 2934 2922 2990 erga
2978 2924 3260 2989 proximos
3296 2927 3477 2984 bonus

1901 3005 2134 3058 maxime
2173 3003 2297 3058 fuit.
2330 3003 2573 3060 Ecclesia
2608 3008 3010 3066 Rhinocurura:
3039 3024 3330 3085 postquam
3363 3028 3471 3072 tam

1899 3093 2149 3162 egregios
2196 3095 2432 3163 primum
2486 3096 2658 3152 duces
2709 3111 2866 3154 nacta
2917 3115 3024 3167 est,
3072 3106 3236 3176 longo
3269 3108 3474 3164 deinde

1903 3193 2151 3254 tempore
2179 3188 2462 3242 consuetis
2485 3190 2976 3248 constitutio-nibus
3005 3197 3082 3250 uti
3121 3201 3388 3265 perrexit,
3417 3209 3474 3255 et

1907 3278 2054 3330 viros
2101 3280 2393 3347 prmelaros
2441 3281 2692 3349 protulit.
2746 3283 2884 3338 Illud
2938 3303 3105 3356 porro
3152 3304 3376 3355 novum,
3418 3301 3476 3345 et
3565 3303 3567 3310 '

1907 3368 2052 3422 inter
2084 3371 2188 3424 alia
2233 3374 2468 3427 maxime
2497 3373 2708 3444 insigne
2735 3376 2789 3430 in
2818 3377 3051 3434 ecclesia
3080 3396 3140 3433 ea
3173 3379 3296 3446 fuit,
3328 3383 3473 3447 quod

229 3456 512 3512 clerieiibi
535 3457 904 3523 domicilium,
928 3475 1196 3526 mensam,
1261 3477 1477 3516 morum
1537 3463 1873 3532 institutum,
1909 3474 1966 3520 et
2016 3466 2232 3521 diaetam
2286 3483 2475 3536 unam,
2530 3470 2745 3540 aliaque
2791 3473 2930 3528 adeo
2979 3477 3161 3530 omnia
3210 3477 3476 3533 haberent

226 3555 558 3610 communia.
594 3554 714 3611 llaec
741 3557 810 3612 de
837 3557 1250 3616 Rhinoeurura.

812 3671 1051 3728 ΚΕΦΑΔ.
1095 3674 1222 3732 AG’.

227 3766 360 3832 Rep!
389 3761 508 3836 τῶν
533 3763 603 3817 ἐν
619 3766 992 3836 animari”;
1019 3765 1326 3836 μοναχῶν,
1365 3767 1610 3836 ’Βσυχᾶ,
1632 3769 1791 3824 Ἐπι-

291 3835 514 3908 φαγζου
552 3834 660 3908 τοῦ
695 3835 980 3908 ΑΛΪυτρου,
1023 3834 1366 3906 Σαλαμίνη,
1435 3834 1786 3908 Ἀμμωνίου,

292 3904 590 3959 Σιλὸανοῦ
613 3905 709 3975 καί
740 3906 1064 3975 Ζαχαρίου.

289 4016 378 4073 Ἐν
417 4019 475 4073 δὲ
506 4018 682 4091 τούτῳ
729 4021 824 4074 καὶ
858 4021 998 4074 κατὰ
1031 4021 1393 4093 Παλαιστίνην
1427 4022 1559 4077 πολύ
1599 4041 1651 4077 τι
1676 4026 1793 4078 στῖ-

226 4127 320 4177 φος
354 4111 662 4181 φιλοσόφων
694 4111 844 4182 ἤνθει
873 4112 1105 4182 ἀνδρῶν.
1139 4114 1261 4168 Ἔτι
1290 4115 1398 4184 γὰρ
1429 4117 1694 4185 περιῆσαν
1718 4116 1791 4187 τῷ

225 4202 321 4273 βίῳ
353 4204 405 4255 οί
439 4204 579 4257 κατά
613 4203 710 4274 τὴν
735 4206 1131 4280 ΔΙίὶωνσταντίου
1163 4206 1442 4275 βασιλείαν
1477 4211 1608 4278 ημῖν
1641 4208 1793 4280 είρη-

228 4295 400 4362 μένοι,
455 4299 523 4367 τῇ
563 4274 828 4367 μοναχῖκῇ
873 4297 1118 4368 πολιτείᾳ
1151 4274 1245 4352 καὶ
1276 4274 1555 4370 ἐπιστήμη
1583 4274 1791 4368 ἐμπρέ-

224 4403 437 4451 ποντες.
471 4388 581 4441 Καὶ
623 4387 776 4442 ἄλλοι
802 4388 848 4440 δ’
891 4391 986 4442 ἐπὶ
1027 4393 1238 4452 τούτοις
1285 4389 1638 4459 συνήκμαζον
1667 4393 1790 4454 ταῖς

222 4480 443 4531 ἐκείνων
471 4477 703 4546 ἀγαθαῖς
732 4479 1058 4542 συνουσίαις,
1091 4482 1149 4543 ὲς
1189 4480 1322 4533 πολύ
1353 4498 1405 4534 τι
1443 4483 1632 4551 χρῆμα
1672 4483 1792 4535 ἑπι-

2343 3679 2497 3750 191
2539 3680 2766 3736 CAPUT
2805 3681 3047 3738 χχχιχ.

1899 3767 1975 3823 De
2007 3767 2306 3850 Ρξίαοειίαω
2332 3772 2620 3850 monachis,
2653 3773 2908 3850 Hisne/ia,
2932 3776 3226 3850 Epiphanio
3256 3777 3470 3850 Cyprio,

2035 3837 2623 3905 Salamiue,Ammonio
2648 3881 2663 3902 ,
2697 3837 2930 3913 Sy'lvano
2966 3837 3012 3898 ἐι
3033 3837 3330 3905 ’Ζαειιηνὶάί

1967 4020 2026 4074 in
2050 4020 2338 4076 Palestina
2360 4038 2580 4092 quoque
2608 4040 2676 4078 eo
2705 4036 2951 4094 tempore
2984 4027 3206 4096 plurimi
3233 4030 3474 4087 ﬂoruere

1897 4115 2129 4170 solitarii
2162 4115 2494 4186 philosophi.
2528 4117 2723 4172 Adhuc
2749 4119 2898 4172 enim
2923 4123 3251 4189 superstites
3282 4138 3470 4192 erant,

1896 4223 2058 4278 quos,
2091 4223 2216 4261 cum
2245 4206 2314 4262 de
2344 4208 2688 4263 Constantini
2729 4209 2964 4279 imperio
2990 4227 3300 4281 ageremus,
3329 4218 3465 4272 dixi-

1897 4314 2022 4355 mus
2064 4299 2295 4354 scientia
2322 4308 2378 4353 et
2416 4299 2526 4353 vita
2559 4301 2862 4354 monastica
2889 4300 3234 4372 ell‘iilgentes.
3270 4303 3378 4360 Sed
3414 4317 3470 4363 et

1897 4391 1988 4445 alii
2015 4405 2139 4445 cum
2174 4390 2283 4445 illis
2315 4390 2584 4444 institutis
2614 4391 2837 4445 illorum
2868 4393 3140 4461 enituere,
3173 4396 3266 4465 qui
3297 4399 3472 4453 virtu~

1897 4483 1968 4537 tis
2009 4483 2282 4551 profectu,
2333 4497 2443 4536 non
2497 4484 2812 4552 paenitenda
2857 4484 3018 4540 laude
3053 4497 3108 4542 et
3150 4489 3321 4558 gloria
3358 4506 3476 4544 mo-

220 4570 452 4632 διδόντες
473 4571 571 4640 τῆς
603 4571 803 4641 ἀρετῆς
827 4585 845 4602 ο
877 4571 970 4624 καὶ
1000 4571 1383 4641 προσετίθεντο
1413 4574 1528 4636 τοῖς
1550 4572 1788 4626 ἐνταῦθα

1900 4573 2135 4628 nasteria
2181 4582 2477 4627 auxerunt.
2527 4573 2736 4628 llorum
2783 4577 3093 4646 praecipuus
3145 4578 3250 4634 fuit
3298 4579 3471 4651 Hesy-

231 4664 690 4734 φροντιστηρίοις,
723 4665 784 4716 οὐ
839 4662 937 4733 τὴν
964 4662 1234 4734 τυχοῦσαν
1274 4663 1528 4718 εὔκλειαν
1585 4666 1791 4730 τούτοις

231 4755 585 4826 πορίζοντεςο
634 4749 710 4810 ὧν
775 4755 1080 4826 πρώτισ,τος
1144 4757 1382 4827 Ἦσυχᾶς
1442 4752 1532 4828 ἦν,
1578 4758 1792 4824 ἑταῖρος

218 4848 288 4900 ὢν
349 4850 406 4910 ἐς
436 4849 504 4901 τὰ
535 4848 772 4917 μάλιστα
798 4847 877 4918 τῷ
927 4851 1301 4918 παμμεγίστῳ
1342 4850 1439 4918 τὴν
1486 4852 1626 4903 κατὰ
1655 4849 1791 4903 Θεὸν

219 4939 404 5010 βιοτὴν
459 4939 730 5009 Ἰλαρίωνι
753 4955 766 4970 ·
796 4939 932 5009 πρὸς
960 4940 1017 4992 δὲ
1049 4941 1142 4992 καὶ
1169 4941 1196 4991 δ
1245 4939 1413 5001 πολὺς
1458 4939 1558 5010 τὴν
1587 4939 1787 5009 ἀρετὴν

229 5028 570 5100 Ἐπιφὰνιος,
602 5028 662 5092 ὃς
693 5027 874 5097 πολλῷ
904 5028 1082 5099 χρόνῳ
1107 5027 1334 5098 ὕστερον
1365 5030 1461 5082 καὶ
1489 5029 1592 5098 τῆς
1613 5030 1672 5082 ἐν
1687 5029 1791 5083 Σα-

216 5119 400 5190 λαμῖνι
432 5119 533 5187 τῆς
564 5118 794 5188 Κύπρου
824 5118 1118 5187 ικκλησίας
1143 5118 1244 5187 τὴν
1273 5117 1577 5190 ἐπιτροπὴν
1607 5118 1782 5188 ἔσχεν.

226 5213 283 5264 '0
319 5212 418 5278 μὲν
446 5209 539 5263 οὗν
571 5209 811 5279 Ἡσυχᾶς
838 5209 901 5263 τὸ
917 5211 1016 5278 τῆς
1039 5210 1264 5279 ἡσυχίας
1289 5211 1654 5280 ἐργαστήριον
1688 5210 1787 5264 ἐπὶ

221 5303 418 5372 Γάζης,
466 5302 591 5355 ἔνθα
627 5301 691 5372 δὴ
728 5302 823 5354 καὶ
849 5302 877 5354 ὀ
921 5303 1142 5370 ἑταῖρος
1176 5302 1277 5356 εἴτ’
1329 5303 1423 5356 οὖν
1464 5304 1786 5370 διδάσκαλος

218 5397 311 5448 καὶ
366 5395 651 5464 σύμπνους
711 5393 862 5464 αύτῷ
924 5393 1194 5464 Ἱλαρίων,
1240 5390 1408 5467 εἶχεν.
1444 5397 1504 5450 ⁸0
1535 5397 1592 5451 δὶ
1642 5399 1785 5469 ἱερὸς

229 5487 542 5553 Ἐπιφάνιος
589 5486 717 5557 περὶ
763 5486 959 5556 κώμην
1001 5487 1122 5540 τινὰ
1167 5487 1546 5559 Βησανδούκην
1585 5490 1782 5560 ὄνομα,

217 5578 333 5630 ὅθεν
364 5580 456 5632 καί
482 5576 744 5649 ὥρμητο,
775 5577 939 5647 νομοῦ
981 5578 1510 5648 Ἐλευθερουπόλεως
1531 5597 1544 5612 °
1585 5583 1680 5651 νέᾳ
1727 5583 1784 5636 δὲ

220 5669 452 5735 πάμπαν
471 5670 537 5737 τῇ
565 5668 753 5738 ἡλικίᾳ
775 5667 1020 5737 ἀρίστοις
1041 5669 1386 5739 χρησάμενος
1409 5671 1777 5737 διδασκάλοις,

219 5761 308 5812 καὶ
325 5760 574 5823 παιδείας
601 5760 764 5829 χάριν
788 5761 1119 5829 μοναστικῆς
1139 5760 1240 5815 οὐκ
1263 5761 1544 5834 ἐλάχιστον
1580 5763 1782 5828 ἀνύσας

220 5850 270 5903 ἐν
294 5852 554 5922 Αἰγύπτῳ
583 5853 795 5922 χρόνον,
828 5854 980 5921 παρά
1006 5869 1064 5904 τε
1095 5855 1208 5916 τοῖς
1244 5853 1419 5907 ἐκεῖσε
1453 5855 1518 5926 δη
1548 5857 1642 5910 καὶ
1670 5857 1781 5911 Πα-

1898 4664 2055 4726 chas.
2089 4663 2358 4719 llilarioni
2400 4665 2502 4725 illi,
2546 4666 2660 4720 vita
2692 4681 2756 4721 ea
2795 4682 2917 4737 quae
2949 4670 3256 4724 secundum
3301 4671 3471 4728 Deum

1893 4766 2000 4821 est,
2049 4757 2211 4828 longe
2264 4759 2762 4828 praastantissimo,
2819 4760 3024 4816 sodalis
3085 4763 3470 4820 eharissimns.

1893 4852 2026 4906 item
2065 4853 2268 4905 virtute
2304 4853 2599 4920 przeelarus
2626 4851 2987 4921 Epiphanius.
3022 4855 3115 4922 qui
3149 4855 3312 4924 longo
3346 4867 3473 4926 post

1895 4951 2140 5010 tempore
2183 4941 2434 4996 ecclesia
2481 4941 2799 4996 Salaminius
2849 4944 2903 4996 in
2952 4943 3133 5013 Cypro
3175 4947 3474 5014 episcopus

1890 5033 2129 5104 praefuit.
2189 5033 2260 5088 Et
2320 5033 2602 5102 Hesyehas
2658 5034 2880 5102 quidem
2934 5036 3140 5102 quietis
3197 5036 3472 5090 ollicinam

1889 5126 2034 5195 apud
2061 5124 2260 5181 Gazam
2292 5125 2550 5186 instituit,
2570 5125 2763 5179 eodem
2796 5140 2908 5194 quo
2937 5126 3141 5180 sodalis
3171 5141 3268 5181 seu
3303 5130 3472 5198 magi-

1889 5228 2025 5282 ster,
2055 5219 2110 5272 in
2134 5218 2300 5273 rebus
2320 5217 2580 5272 omnibus
2605 5231 2794 5271 secum
2821 5220 3172 5274 consentiens
3196 5219 3470 5286 llilarion,

1887 5311 2046 5376 loco;
2075 5325 2231 5365 sacer
2264 5318 2449 5363 autem
2479 5309 2844 5378 Epiphanius,
2879 5309 3026 5364 eirea
3061 5313 3353 5380 quemdam
3383 5316 3464 5368 vi.

1888 5417 2014 5457 cum
2050 5401 2445 5464 Besanducem,
2479 5399 2826 5469 przefecturie
2856 5402 3328 5473 Eleuthempolis,
3367 5408 3462 5461 nhi

1889 5491 2054 5546 etiam
2077 5499 2234 5545 ortus
2256 5489 2455 5544 fuerat.
2480 5489 2578 5544 llic
2609 5492 2661 5545 in
2690 5491 2866 5560 prima
2895 5502 3056 5546 aetate
3079 5495 3302 5562 Optimis
3328 5512 3468 5551 usus

1886 5581 2342 5653 przeceptoribus,
2361 5589 2418 5635 et
2446 5583 2717 5638 doctrinae
2743 5586 3065 5639 monasticae
3094 5587 3269 5656 gratia
3301 5587 3466 5658 longo

1892 5682 2136 5742 tempore
2156 5675 2208 5730 in
2235 5673 2467 5745 IEgypto
2487 5686 2749 5735 moratus,
2765 5675 2907 5744 apud
2924 5675 3205 5748 Egyptios
3224 5682 3386 5738 simul
3409 5699 3466 5739 et

1889 5766 2224 5834 Palaestinos,
2260 5784 2355 5838 per
2392 5771 2612 5824 virtutis
2640 5769 2906 5843 studium,
2938 5769 3206 5839 insignem
3233 5770 3467 5843 adeptus

1884 5853 2060 5913 fuerat
2081 5856 2298 5914 laudem
2324 5875 2338 5911 :
2363 5874 2463 5914 nec
2485 5859 2666 5913 minus
2699 5859 2862 5913 etiam
2881 5862 3021 5930 apud
3047 5861 3293 5932 Cypiios,
3320 5868 3466 5936 apud
