3912 6536
426 342 525 407 711

1604 323 2020 388 NICEI'IIORI
2060 322 2410 383 GALLISTI

3531 313 3625 375 712

426 467 567 522 quos
592 449 967 520 episcopatum
991 444 1177 515 gessit.
1203 442 1358 499 Unde
1384 439 1654 511 conjicere
1672 437 1822 500 licet,
1845 450 1907 489 ea
1938 433 2004 488 de

2113 433 2422 494 λαιστινοῖς,
2444 429 2709 499 ὲπίσημῦν
2728 444 2779 481 τι
2812 429 2867 480 κ)
2881 428 2964 490 ἐος
2987 423 3180 478 ἐκτᾶτο
3205 420 3278 492 τῷ
3302 421 3539 490 ὲπιπόνῳ
3559 423 3644 490 τῆς

2241 521 2248 522 ,
2392 520 2399 522 _
2605 519 2640 522 __
2772 518 2782 522 _
2955 517 2965 522 -
3015 517 3052 522 __
3186 514 3197 522 .
3339 504 3364 522 .
3505 510 3518 522 .
3588 510 3611 522 -

427 558 591 598 causa
615 541 927 611 prazelaram
951 553 1074 593 eum
1097 538 1290 592 famam
1314 550 1408 603 per
1429 533 1616 586 orbem
1634 544 1847 584 onmem
1874 541 1992 582 esse

427 641 811 690 consecutum.
858 630 994 685 Cum
1049 628 1193 681 enim
1253 626 1307 679 in
1359 625 1536 692 ampla
1585 631 1640 675 et
1694 619 1992 680 maritima,

440 723 744 790 eademque
793 719 1212 789 populosiSsima
1260 716 1396 770 urbe
1436 728 1716 768 sacrorum
1767 712 1994 765 antistes

429 825 602 878 esset,
630 823 686 865 et
722 828 843 866 eum
881 811 1074 864 illustri
1105 808 1325 861 virtutis
1358 806 1526 875 gloria
1555 803 1746 857 civiles
1776 815 1995 871 quoque

429 918 518 955 res
557 910 836 962 tractaret.
882 900 1032 953 brevi
1087 909 1330 966 tempore
1368 909 1474 947 utin
1527 893 1744 947 civibus
1792 893 1989 953 solum,

431 994 526 1048 sed
581 993 811 1046 advenis
856 993 1018 1044 etiam
1059 990 1424 1055 undecunque
1473 1001 1540 1039 eo
1585 983 1994 1054 appellentibus

431 1085 750 1140 notissimus
798 1082 920 1146 fuit,
975 1082 1066 1150 qui
1116 1097 1242 1134 eum
1289 1079 1485 1144 partim
1523 1083 1898 1131 Convenerunt
1941 1083 1996 1127 ct

432 1176 713 1236 viderunt,
758 1174 954 1242 partim
991 1188 1054 1226 ex
1103 1171 1449 1224 sermonibus
1491 1183 1680 1221 eorum
1715 1167 1805 1234 qui
1841 1165 1994 1216 illum

430 1269 702 1326 viderant.
739 1271 1136 1334 cognoverunt.
1191 1262 1350 1314 Prius
1379 1270 1560 1314 autem
1599 1271 1758 1326 quam
1799 1255 1852 1308 in
1891 1253 1996 1324 Cy-

433 1369 594 1427 prum
643 1357 877 1419 veniret,
916 1369 981 1408 eo
1018 1369 1127 1422 quo
1167 1352 1408 1406 diximus
1442 1361 1685 1418 tempore
1730 1348 1782 1399 in
1828 1345 1998 1400 Pais:-

436 1451 576 1504 stina
608 1453 774 1502 vitam
804 1447 937 1518 egit.
960 1462 1084 1498 cum
1120 1445 1172 1497 in
1206 1441 1555 1496 monasteriis
1582 1439 1788 1492 ibidem
1815 1446 2000 1490 sancte

435 1557 488 1597 et
521 1545 765 1608 graviter
805 1542 1100 1594 adirodnm
1147 1541 1443 1600 enitere-nt,
1493 1534 1816 1594 Saiamines,
1862 1529 2000 1600 Phy-

437 1637 630 1698 svlion,
673 1633 940 1688 Malchiou
991 1645 1046 1684 et
1090 1630 1366 1698 Crispion,
1411 1627 1559 1680 claro
1605 1625 1726 1679 loco
1776 1621 1911 1685 nati,
1944 1627 1999 1674 et

440 1725 655 1788 fratres,
689 1725 834 1778 circa
874 1722 1186 1774 Bellleleam
1222 1720 1402 1771 vicum
1445 1715 1782 1786 praefectura:
1818 1711 1996 1776 Gazae,

440 1817 620 1870 studia
650 1813 868 1866 virtutis
895 1812 1232 1865 exercentes.
1277 1808 1588 1861 llabuerunt
1615 1815 1668 1858 et
1697 1805 1733 1857 ii
1765 1802 1998 1857 llilario-
2032 1782 2072 1836 Β

437 1923 560 1961 nem
611 1907 956 1974 magistrum.
1012 1901 1167 1970 132
1213 1900 1408 1954 Fertur
1455 1913 1706 1965 namque,
1741 1909 1863 1948 cum
1901 1892 1998 1946 ali-

435 1999 657 2068 quando
711 1997 872 2051 simul
926 1996 1014 2049 isti
1069 1997 1210 2063 apud
1265 2008 1386 2046 eum
1431 1990 1686 2050 fuissent.
1739 1997 1792 2041 et
1836 1984 1996 2040 simul

435 2092 656 2144 domum
682 2096 1109 2150 reverterentur,
1134 2101 1198 2139 ex
1220 2100 1411 2139 eorum
1439 2083 1617 2137 medio
1641 2081 1997 2135 Malcliiouem

437 2184 614 2235 solum
674 2179 1073 2246 quodammodo
1140 2187 1356 2246 raptum
1402 2174 1738 2243 disparuisse
1787 2181 2000 2240 :atque

438 2275 530 2324 ubi
565 2287 780 2326 rursum
811 2271 996 2323 subito
1018 2271 1380 2338 apparuisset,
1408 2266 1550 2320 idem
1577 2281 1700 2320 cum
1730 2264 1996 2318 fratribus

441 2363 548 2416 iter
592 2362 899 2432 carpsisse:
947 2369 1002 2414 et
1055 2361 1218 2429 paulo
1275 2367 1396 2427 post
1443 2372 1472 2410 e
1513 2356 1623 2410 vita
1672 2355 1998 2415 excessisse.

438 2452 736 2521 juvenilem
789 2450 1009 2519 quidem
1076 2449 1260 2502 adhuc
1317 2457 1530 2500 aetatem
1589 2451 1859 2516 agentem,
1906 2443 1999 2498 sed

443 2545 648 2596 virtute
680 2553 732 2594 et
786 2541 876 2593 Dei
923 2555 1110 2593 amore
1148 2553 1254 2591 non
1301 2538 1529 2591 multum
1563 2537 1643 2589 eis
1681 2535 1776 2604 qui
1818 2539 1872 2588 in
1910 2533 2002 2587 tali

442 2637 629 2689 studio
665 2642 1106 2692 consenuerunt,
1141 2629 1556 2684 cuncwlentem.
1605 2626 1742 2680 Tum
1785 2632 2004 2680 Ammo-

443 2728 569 2778 nius
599 2738 818 2792 quoque
847 2723 1036 2774 decem
1072 2723 1183 2772 lere
1221 2719 1414 2772 stadiis
1457 2721 1525 2770 ab
1555 2717 1638 2770 eis
1679 2717 1910 2780 distans,
1948 2724 2006 2768 et

445 2817 589 2868 circa
656 2817 833 2868 vicum
893 2812 1433 2879 Cltapbarelionbrw
1497 2808 1656 2862 Gaza:
1719 2811 2002 2862 subditum

443 2923 625 2962 casam
657 2905 811 2960 suam
843 2906 1072 2964 habens,
1102 2906 1286 2956 clarus
1325 2901 1450 2965 fuit,
1482 2915 1545 2954 ex
1574 2915 1641 2953 eo
1672 2902 1791 2952 vico
1820 2901 2008 2952 oriun-

446 3007 544 3054 dus
581 3020 593 3055 :
638 3003 723 3054 vir
768 3001 862 3070 qui
907 3007 1162 3053 accurate
1200 3008 1256 3051 et
1295 3005 1614 3050 constanter
1658 2995 1710 3047 in
1753 2995 2006 3047 instituto

449 3093 749 3146 munaStico
787 3091 1186 3159 perduraverit.
1217 3089 1322 3142 Sed
1358 3098 1412 3140 et
1449 3089 1718 3156 Sylvanus
1746 3087 1799 3139 in
1844 3087 2009 3139 Palat-

445 3185 586 3236 stiua
613 3195 787 3243 ortus,
816 3196 901 3246 eo,
928 3189 987 3234 ut
1019 3180 1153 3233 mibi
1183 3179 1420 3240 videtur,
1455 3186 1701 3246 tempore
1729 3185 2014 3244 superstes

447 3273 553 3327 iuit
582 3291 595 3326 :
625 3275 717 3343 qui
768 3287 894 3326 eum
933 3288 961 3323 a
997 3272 1108 3324 Deo
1149 3271 1357 3338 accepit
1397 3272 1696 3330 honorem,
1734 3278 1791 3320 ut
1837 3267 2013 3336 angeli

445 3369 497 3420 ei
533 3365 904 3418 ltlSCl‘\'lCl‘llll.
948 3363 1016 3416 Et
1048 3377 1172 3415 cum
1209 3364 1444 3429 primum
1477 3361 1528 3412 in
1567 3359 1802 3429 Aigypto
1830 3359 2010 3428 philo-

448 3461 717 3524 s-phatus
771 3465 951 3518 esset,
997 3455 1053 3508 in
1101 3463 1339 3506 montem
1386 3452 1515 3508 Sina
1565 3453 1691 3507 inde
1742 3453 2012 3507 transiit:

453 3559 641 3618 postea
686 3559 868 3600 autem
914 3547 968 3598 in
1004 3554 1243 3598 torrente
1276 3545 1494 3598 Gerara:
1536 3545 1854 3605 maximum.
1897 3543 2014 3612 pul-

459 3641 792 3692 ctu-rrimum
841 3648 897 3691 et
928 3637 1289 3690 clarissimum
1322 3637 1585 3689 bonorum
1617 3639 1857 3687 virorum
1887 3649 2018 3688 cou-

452 3732 658 3785 struxit
707 3733 1098 3784 monasterium
1139 3747 1153 3783 :
1189 3733 1274 3782 cui
1323 3737 1442 3798 post
1487 3743 1610 3782 cum
1655 3726 2012 3783 admirandus

457 3824 674 3892 pra-fuit
703 3823 1014 3876 Zacharias.

1045 4107 1267 4166 CAPUT
1309 4110 1423 4164 XL.

345 4283 348 4288 ,
457 4223 525 4276 1)(
546 4223 724 4296 Syrio:
748 4225 1365 4296 εινΕίίίνεδωιηωιαεΙιίε,
1402 4227 1677 4296 Ephrm'm.
1728 4229 2017 4296 Aphruale,

526 4294 760 4354 Iuliano,
798 4295 958 4348 Bai-se
982 4306 1028 4347 et
1054 4295 1296 4365 Eulogio,
1324 4300 1409 4366 qui
1449 4294 1803 4367 episcopatum
1832 4301 1884 4351 in
1910 4294 2017 4353 mu;

532 4367 776 4418 ttasteriis
801 4375 1096 4434 gesserunt.

536 4541 610 4595 Ex
655 4541 888 4612 Egypto
929 4553 986 4597 et
1017 4543 1324 4605 Palaestina,
1358 4545 1424 4599 ad
1458 4562 1554 4601 eos
1586 4550 1883 4604 monachos
1925 4550 2016 4619 qui

463 4634 520 4688 in
554 4635 711 4703 Syria
736 4643 791 4687 et
819 4633 1050 4687 ﬁnitima
1079 4637 1128 4687 ei
1161 4635 1381 4689 Perside
1409 4638 1702 4702 fulserunt,
1735 4651 2022 4694 transeun-

462 4729 593 4780 dum
628 4743 643 4779 :
675 4729 767 4796 qui
799 4743 922 4780 cum
951 4725 1232 4796 Λεὼ-ναῖε
1264 4744 1424 4797 quant
1457 4731 1687 4784 maxime
1722 4745 2017 4798 certantes,

463 4834 625 4886 quam
661 4817 880 4886 plurimi
919 4827 976 4871 et
1018 4819 1221 4874 virtute
1253 4820 1546 4875 clarissimi
1585 4837 1832 4877 evasere.
1859 4823 2022 4878 Circa

462 4909 692 4963 Nisibim
737 4909 802 4962 ad
838 4918 1082 4966 montem
1119 4912 1206 4965 cui
1249 4911 1478 4981 Sigoron
1522 4929 1719 4969 nomen
1767 4924 1870 4980 est,
1899 4916 2024 4970 vitae

464 5003 753 5055 sanctitate
791 5003 1038 5058 celebres
1076 5003 1250 5065 fuere,
1296 5003 1571 5061 Batthazus
1594 5047 1609 5072 ,
1645 5018 1698 5062 et
1728 5007 2022 5074 Eusebius,

463 5098 519 5140 et
565 5089 787 5159 Barges,
831 5101 890 5146 et
941 5093 1142 5157 Hallas,
1191 5103 1247 5148 et
1283 5095 1491 5157 Abbos,
1527 5105 1582 5149 et
1632 5097 1924 5159 Abdaleus,
1971 5106 2028 5152 et

466 5180 634 5248 Zeno,
679 5193 735 5236 et
781 5183 1129 5248 Heliodorus.
1182 5195 1238 5240 et
1291 5185 1549 5251 Lazarus,
1591 5189 1684 5256 qui
1736 5189 2028 5259 episcopus

467 5279 634 5323 etiam
662 5282 746 5325 est
779 5273 978 5329 factus.
1015 5275 1116 5340 Qui
1148 5280 1293 5343 quod
1326 5291 1434 5330 non
1475 5278 1545 5330 ita
1582 5277 1795 5345 pridem
1825 5293 2024 5333 novum

473 5362 576 5414 hoc
622 5363 984 5430 llllllO-Opblm
1027 5365 1340 5419 institutum
1371 5381 1626 5422 exercere
1669 5369 2022 5439 incepisscnt,

471 5453 677 5522 βοσκοὶ,
710 5455 816 5507 hoc
837 5465 940 5519 est,
973 5466 1274 5524 pascentes,
1307 5473 1402 5511 seu
1435 5459 1800 5526 pabulatores.
1827 5477 2028 5527 cogno-

469 5544 658 5596 minati
693 5553 819 5596 sunt
852 5561 864 5595 :
901 5557 1190 5613 propterea
1220 5549 1366 5615 quod
1399 5557 1540 5601 tecta
1584 5563 1694 5602 non
1738 5551 2027 5613 haberent.

471 5651 575 5688 nec
631 5651 846 5703 panem,
904 5647 998 5690 aut
1051 5640 1237 5692 vinum
1307 5647 1403 5692 aut
1450 5641 1736 5708 opsonium
1803 5642 2024 5711 aliquod

471 5736 754 5796 gustarem
779 5743 792 5780 :
820 5731 911 5783 sed
949 5730 1299 5784 continenter
1332 5731 1383 5782 in
1417 5730 1696 5786 montibus
1729 5745 2032 5794 versantes.

2095 521 2297 591 ἀρετῆς
2319 536 2332 550 ·
2376 520 2565 572 ἔπειτα
2599 519 2655 571 δὲ
2700 518 2795 570 καὶ
2830 517 2979 586 παρὰ
3013 514 3297 581 Κυπρίοις.
3333 504 3407 563 ὧν
3437 510 3527 562 καὶ
3558 510 3645 576 τῆς

2098 610 2398 680 ἱερωσύνης
2424 609 2531 680 ήγή
2547 625 2668 661 τατο
2691 627 2701 638 ·
2732 608 2798 661 δι’
2825 601 2897 660 ὧν
2923 606 3163 668 εἰκάζειν
3193 605 3362 664 ἔστιν,
3393 605 3466 664 ὡς
3483 602 3656 654 ὲντεῦο,

2097 701 2189 756 θεν
2225 701 2429 770 μᾶλλον
2475 701 2719 768 ἀοίδιμον
2753 699 2851 768 τὴν
2883 699 3071 766 φήμην
3100 696 3204 748 ἀνά
3238 696 3416 747 πᾶσαν
3441 693 3534 762 τὴν
3563 692 3628 760 ὑφ

2096 793 2248 861 ήλιον
2276 791 2759 858 ὲκληρώσατο.”Εν
2793 804 2850 840 τε
2878 789 2985 857 γὰρ
3017 786 3172 838 πόλει
3203 785 3419 855 μεγάλῃ
3443 785 3536 835 καὶ
3560 801 3630 836 πα

2099 881 2288 951 ραλίῳ,
2325 882 2418 933 καὶ
2445 881 2633 951 ὅμιλον
2656 881 2752 932 οὐκ
2785 879 3066 946 ἐλάχιστον
3098 875 3410 946 κεκτημένῃ
3437 875 3494 925 τὸ
3525 875 3651 944 ίερᾶ·

2099 973 2218 1025 σθαι
2264 971 2465 1041 λαχὼν,
2498 974 2590 1025 καὶ
2619 970 2755 1038 μετὰ
2781 968 3111 1036 περιφανοῦς
3137 968 3233 1038 τῆς
3258 969 3318 1031 ἐξ
3350 967 3548 1035 ἀρετῆς
3576 967 3653 1018 δὸ-

2098 1065 2194 1133 ξης
2219 1063 2505 1133 πράγμασι
2545 1063 2838 1124 πολιτικοῖς
2869 1060 3142 1130 ὲμὸαλὼν,
3167 1059 3225 1110 ὲν
3265 1059 3461 1127 βραχεῖ
3490 1059 3654 1126 χρόνῳ

2095 1157 2157 1208 οὐ
2197 1158 2317 1217 τοῖς
2345 1156 2526 1215 ἀστοῖς
2572 1153 2750 1221 μόνον,
2788 1151 2922 1204 ἀλλὰ
2967 1152 3063 1203 καὶ
3109 1152 3221 1212 τοῖς
3269 1150 3393 1202 ὅθεν
3422 1149 3484 1208 δή
3532 1165 3651 1200 ποτε

2097 1243 2418 1312 καταίρουσι
2453 1241 2623 1308 ξένοις
2648 1241 2924 1310 γνώριμος
2951 1240 3155 1306 ἐσάγαν
3183 1240 3402 1306 ἐγένετο
3427 1239 3536 1295 τοῖς
3563 1237 3651 1306 μὲν

2097 1339 2192 1389 καὶ
2221 1338 2301 1398 εἰς
2333 1337 2524 1402 πεῖραν
2557 1334 2711 1401 ἥκων
2737 1336 2835 1386 καὶ
2869 1333 3106 1395 Θεαθεὶς,
3143 1334 3254 1392 τοῖς
3279 1331 3334 1383 δὲ
3371 1332 3466 1382 καὶ
3517 1331 3656 1399 παρὰ

2095 1427 2206 1477 τῶν
2249 1423 2464 1476 ίδόντων
2496 1423 2824 1491 πυθομένοις
2870 1420 3110 1474 τοιοῦτον
3138 1419 3298 1474 εἶναι.
3335 1421 3504 1489 Πρινὴ
3532 1418 3576 1471 δ’
3604 1421 3654 1482 ἐς

2097 1514 2323 1584 Κύπρον
2377 1515 2572 1579 ἐλθεῖν,
2608 1515 2750 1567 κατὰ
2788 1513 2976 1565 τοῦτον
3016 1513 3109 1566 τὸν
3153 1511 3344 1583 χρόνον
3371 1514 3429 1564 ὲν
3461 1509 3652 1565 Παλαι-

2100 1608 2254 1678 στίνῃ
2289 1605 2593 1677 διέτριδενο
2642 1606 2876 1674 ὁπηνίκα
2909 1605 2973 1676 δὴ
3033 1605 3091 1657 ὲν
3139 1607 3252 1666 τοῖς
3289 1603 3409 1656 κατ’
3455 1604 3654 1672 ἐκείνην

2099 1699 2544 1769 φροντιστηρίοις
2590 1697 2983 1767 σεμνῶςμάλα
3034 1696 3330 1766 διέπρεπον
3360 1695 3658 1765 Σαλαμίνης

2101 1809 2158 1844 τε
2184 1793 2277 1844 καὶ
2297 1791 2526 1844 Φύσκων
2551 1789 2645 1843 καὶ
2669 1789 2928 1858 Μαλχίων
2953 1804 2967 1820 ·
2995 1789 3132 1856 προς
3160 1788 3216 1840 δὲ
3243 1788 3338 1840 καὶ
3360 1787 3652 1857 Κρισπίωψ

2103 1885 2423 1954 εὐπατρίδαι
2453 1881 2604 1944 ὄντες
2622 1882 2713 1934 καὶ
2741 1880 2960 1949 ἀδελφοὶ
2986 1879 3129 1948 ἀμφὶ
3154 1877 3427 1946 Βηθελέαν
3455 1877 3654 1946 κώμην,

2103 1973 2267 2043 νομοῦ
2306 1973 2506 2042 Γάζης,
2541 1973 2604 2025 τὸ
2631 1973 2727 2041 τῆς
2755 1974 2957 2043 ἀρετῆς
3001 1971 3358 2040 ἐργαζόμενοι
3393 1969 3532 2039 μέλι.
3560 1970 3659 2023 Καὶ

2103 2066 2252 2120 οὗτοι
2302 2065 2359 2118 δὲ
2389 2063 2699 2134 διδασκάλῳ
2752 2065 3052 2134 ἐχρήσαντο
3101 2062 3394 2133 ’ίλαρίωνι.
3445 2061 3657 2128 Λέγεται

2104 2156 2213 2226 γάρ
2231 2173 2359 2208 ποτε
2393 2155 2509 2225 ἅμα
2534 2154 2683 2208 οὗτοι
2710 2153 2838 2222 παρ’
2866 2154 3076 2205 ἐκεῖνον
3102 2153 3408 2222 γενόμενοι,
3440 2151 3549 2222 ἅμα
3573 2153 3656 2203 καὶ

2106 2246 2289 2302 οἴκαδε
2339 2247 2737 2316 ἀναστρέφων
2775 2246 3086 2314 άρπαγῆναι
3134 2243 3191 2296 δέ
3241 2261 3362 2306 πως
3405 2243 3467 2295 εκ
3506 2241 3656 2311 μέσου

2106 2339 2312 2392 τούτων
2352 2338 2512 2408 μόνον
2565 2337 2885 2404 Μαλχίωνα,
2928 2339 3023 2388 καὶ
3063 2335 3298 2404 οὐδαμοῦ
3354 2332 3656 2400 φαίνεσθαν

2107 2414 2409 2501 αῐφνηςδὲ
2469 2430 2631 2484 πάλιν
2668 2428 3031 2496 ἀναφανῆναι,
3090 2427 3191 2496 τὴν
3243 2425 3370 2496 ίσην
3409 2427 3524 2479 ὁδον
3558 2427 3659 2486 τοῖς

2109 2521 2357 2592 ἀδελφοῖς
2407 2521 2655 2586 διιόντα,
2690 2521 2785 2573 καὶ
2835 2520 2971 2588 μετὰ
3023 2517 3193 2588 βραχὺ
3242 2517 3566 2587 μεταλλάξαι
3605 2516 3659 2568 τὸ

2110 2614 2232 2686 ζῇν,
2265 2615 2344 2667 ἔτι
2372 2616 2470 2684 μὲν
2492 2611 2549 2665 ἕν
2576 2612 2674 2684 νέᾳ
2705 2614 2768 2682 τῇ
2801 2611 3019 2681 ἡλικίᾳ,
3051 2611 3112 2663 οὗ
3152 2611 3340 2679 μέντοι
3381 2607 3656 2678 παραπολὺ

2109 2708 2221 2761 τῶν
2257 2710 2314 2761 ὲν
2354 2706 2644 2777 φιλοσοφία
2687 2707 3048 2776 γηρασάντων
3078 2703 3218 2756 κατὰ
3256 2703 3319 2756 τὸ
3351 2703 3449 2772 τῆς
3477 2702 3660 2771 ἀρετῆς

2113 2800 2358 2867 θεοφιλὲς
2398 2798 2572 2852 ἐνδεᾶ.
2603 2797 2914 2868 Τηνικαῦτα
2950 2795 3007 2850 δὲ
3040 2799 3136 2852 καὶ
3174 2794 3486 2864 Ἀμμώνιος
3511 2797 3660 2860 ἐγνω-

2115 2894 2313 2962 ρίζετο,
2355 2893 2500 2962 ἀμφὶ
2538 2893 2668 2945 δέκα
2703 2893 2891 2947 στάδια
2933 2887 3159 2954 διεστὼς
3191 2889 3420 2942 τούτων.
3460 2888 3582 2956 Περὶ
3611 2885 3660 2938 δὲ

2113 2983 2307 3051 κώμην
2325 2982 2472 3050 Γάζῃ
2502 2983 2890 3051 ὑποκειμένην,
2915 2981 3347 3050 Χαφαρχονϐρὰν
3373 2981 3555 3048 ὄνομα,
3575 2975 3662 3037 τὰς

2112 3073 2355 3143 οἰκήσεις
2395 3071 2564 3144 εἶχεν,
2593 3069 2661 3145 ἦς
2691 3073 2786 3128 καὶ
2818 3075 3044 3144 Θρέμμα
3069 3075 3366 3142 ἐτύγχανεν
3396 3089 3408 3102 ·
3427 3070 3557 3139 ἀνὴρ
3592 3070 3659 3129 εἰς

2114 3167 2402 3237 ἀκρίϐειαν
2447 3171 2540 3220 καὶ
2571 3167 2794 3232 ἀνδρίαν
2835 3165 3168 3237 μοναστικῆς
3195 3165 3473 3227 πολιτείας
3503 3165 3661 3229 διαγε-

2115 3259 2360 3327 νόμενος.
2394 3258 2501 3313 Ναὶ
2539 3258 2646 3328 μὴν
2671 3258 2808 3312 ἀλλὰ
2843 3258 2937 3311 καὶ
2962 3257 3220 3320 Σιλὸανδς
3256 3255 3576 3324 τηνικαῦτα,
3596 3248 3662 3304 οἷ-

2117 3367 2240 3420 μαι,
2284 3351 2361 3421 τῷ
2408 3351 2508 3422 ζῇν
2538 3352 2757 3421 περιῆν,
2811 3349 3177 3417 Παλαιστίνης
3234 3344 3660 3418 δρμώμενος’δν

2117 3443 2274 3510 λόγος
2311 3445 2404 3496 ὑπ’
2437 3444 2690 3512 ἀγγέλων
2729 3443 3117 3513 ὑπηρετεῖσθαι
3153 3443 3322 3513 γέρας
3353 3442 3547 3495 λαϐεῖν.
3587 3439 3662 3490 Ἐν

2116 3535 2377 3605 Αἰγύπτῳ
2422 3535 2530 3605 γὰρ
2563 3537 2630 3587 τά
2675 3535 2866 3603 πρῶτα
2899 3534 3290 3604 φιλοσοφήσας,
3347 3533 3552 3588 ἐκεῖθεν
3579 3532 3660 3583 ἐπὶ

2116 3628 2175 3679 τὸ
2232 3628 2445 3680 Σίναιον
2484 3627 2608 3696 δρος
2661 3628 2996 3697 μετέῢαινεν.
3057 3629 3144 3691 Ἐς
3180 3628 3408 3696 ὕστερον
3435 3627 3480 3679 δ’
3512 3629 3565 3678 ἐν
3593 3627 3660 3692 τῷ

2117 3720 2406 3787 χειμάρρῳ
2439 3719 2696 3788 Γεράρων
2729 3722 2993 3790 μεγίστην
3041 3737 3100 3772 τε
3133 3722 3226 3774 καὶ
3261 3721 3552 3787 καλλίστην
3579 3718 3662 3770 καὶ

2118 3811 2238 3864 λίαν
2286 3812 2554 3881 ἐπίσημον
2596 3811 2818 3879 ἀγαθῶν
2867 3813 3079 3880 ἀνδρῶν
3137 3812 3381 3884 μάνδραν
3425 3811 3660 3881 ἐπήξατο,

2118 3899 2184 3971 ἧς
2245 3904 2365 3972 μετ’
2419 3904 2582 3956 αὑτὸν
2636 3904 2666 3954 ὁ
2732 3903 3038 3974 Θαυμάσιος
3107 3905 3434 3974 ἀφηγήσατο
3497 3905 3659 3972 Ζαχα-

2125 3998 2265 4063 ρίας.

2717 4117 2965 4170 ΚΕΦΛΛ.
3001 4117 3090 4170 Μ’.

2123 4231 2260 4301 Περὶ
2275 4231 2394 4312 τῷι-
2411 4232 2478 4285 ἐν
2494 4231 2676 4312 Σςερίᾳ
2701 4229 2800 4312 καί
2835 4231 3098 4312 ςξδέᾳσῃ
3117 4232 3424 4312 ιιονρχῶν,
3443 4231 3658 4312 Ἑρρσῒιι

2193 4300 2290 4354 καὶ
2333 4305 2669 4370 Ἀφραάτου
2697 4300 2794 4353 καί
2835 4301 3189 4363 Ἰουλιανοῦ,
3225 4303 3322 4368 Βιὶλ
3347 4318 3462 4355 σου
3492 4300 3549 4356 τε
3578 4301 3657 4351 ml

2190 4369 2508 4438 Εὑλογὶου,
2566 4369 2637 4422 ἐν
2680 4372 3109 4439 μοναστηρίοις
3169 4372 3285 4439 τὴν
3341 4370 3662 4437 ἐπισκοπὴν

2051 4463 2094 4518 ι)
2189 4441 2564 4510 ἐσχηκότων.

2204 4555 2297 4608 Ἐκ
2328 4553 2385 4606 δὲ
2431 4553 2533 4622 τῆς
2586 4552 2862 4622 Αἰγύπτου
2906 4555 3000 4608 καὶ
3029 4554 3390 4626 Παλαιστίνης
3430 4557 3516 4609 ἐπὶ
3552 4555 3660 4615 τοὺς

2120 4647 2264 4698 κατὰ
2295 4644 2496 4713 Συρίαν
2526 4645 2620 4696 καὶ
2651 4645 2749 4714 τὴν
2770 4646 2971 4714 δμορον
3000 4645 3237 4715 Περσίδα
3268 4647 3654 4718 διαλάμψαντας

2125 4736 2368 4807 μετιτέον
2393 4749 2406 4764 ·
2437 4734 2488 4786 οἳ
2515 4733 2580 4804 δὴ
2619 4734 2755 4804 πρὸς
2787 4735 2914 4797 τοὺς
2941 4735 2998 4786 ὲν
3027 4733 3297 4806 Αἰγύπτῳ
3318 4737 3659 4808 διαμιλλώμε-

2123 4845 2206 4880 νοι
2232 4827 2489 4896 μάλιστα,
2521 4827 2601 4887 είς
2639 4824 2843 4894 πλῆθος
2880 4824 2998 4891 ἅμα
3033 4826 3128 4878 καὶ
3157 4827 3384 4896 μέγεθος
3411 4827 3661 4880 ἐπέδωκαν

2123 4919 2350 4988 ἀρετῆς.
2405 4915 2618 4984 Ἀμέλει
2645 4916 2787 4984 ἀμφὶ
2824 4915 2920 4983 μὲν
2949 4915 3162 4968 Νίσιδιν
3191 4919 3318 4986 περὶ
3356 4919 3418 4971 τὸ
3449 4917 3662 4987 Σιγόρων

2123 5007 2250 5077 ὅρος
2282 5007 2636 5074 καλούμενον,
2664 5006 2938 5074 ἐπίσημον
2963 5006 3080 5076 βίον
3112 5005 3259 5078 εἶχον
3297 5009 3548 5071 Βατθαῖος
3583 5010 3660 5062 κ.ὶ

2127 5097 2406 5161 Εὐσέϐιος,
2440 5099 2536 5150 καὶ
2564 5098 2806 5165 Βαργῆς,
2837 5099 2931 5151 καὶ
2973 5098 3162 5162 Ἀλλᾶς
3198 5103 3295 5154 καὶ
3333 5099 3548 5163 Ἁσὸὼς,
3582 5101 3660 5152 καὶ

2137 5189 2454 5251 ’Λῆδάλεως,
2501 5189 2594 5240 καὶ
2621 5176 2830 5256 Ζήνων,
2863 5191 2954 5241 καὶ
2996 5188 3338 5261 Ἡλιόδωρος,
3384 5193 3474 5246 καὶ
3501 5191 3660 5254 Λάζα-

2131 5297 2248 5351 ρος,
2278 5279 2337 5340 δς
2359 5280 2452 5330 καὶ
2480 5273 2774 5343 ἐπίσκοπος
2801 5277 3044 5346 ἐγεγόνει
3063 5296 3080 5310 ο
3108 5280 3200 5344 οὓς
3238 5283 3301 5352 δὴ
3331 5283 3422 5336 καὶ
3453 5280 3660 5339 Βοσκοὺς

2130 5370 2545 5440 κατωνόμαζον,
2575 5371 2636 5422 οὐ
2685 5371 2827 5424 πάνυ
2885 5373 3074 5444 πόρρω
3131 5374 3326 5443 καινῆς
3374 5371 3658 5444 φιλοσοφίας

2129 5463 2510 5532 κατάρξαντας
2529 5478 2544 5492 ο
2570 5462 2712 5515 οὕτω
2737 5463 2781 5514 δ’
2809 5464 3036 5518 ὲκάλουν
3063 5468 3224 5533 σφᾶς,
3263 5469 3450 5536 ὅτιπερ
3474 5462 3659 5517 οὕτόί-

2130 5555 2247 5606 κίαι
2287 5553 2417 5622 παρ’
2450 5556 2632 5617 αὐτοῖς
2679 5551 2820 5626 ἦσαν
2845 5572 2860 5586 ο
2900 5556 3014 5610 ἀλλ’
3058 5560 3180 5610 οὐδὲ
3215 5561 3382 5628 ἄρτου
3410 5561 3441 5630 ἢ
3469 5559 3596 5610 οἴνου
3630 5552 3657 5621 ἢ

2130 5646 2264 5714 δψου
2311 5647 2458 5708 τινὸς
2491 5647 2826 5715 ἀπεγεύοντο
2853 5663 2868 5678 ο
2899 5648 3013 5701 ἀλλ’
3057 5650 3144 5702 ἀεὶ
3171 5653 3282 5714 τοῖς
3307 5651 3452 5720 δρεσι
3478 5643 3657 5714 διατρί-

2134 5737 2342 5803 6οντες,
2377 5739 2520 5794 κατὰ
2557 5739 2686 5800 τοὺς
2735 5742 2834 5808 τῆς
2872 5741 3193 5812 Ἑκκλησίας
3246 5743 3456 5811 νόμουο,
3499 5735 3656 5806 εὐχαῖς
