  <div class='ocr_page' id='page_1' title='image "/cluster/home/n/w/nwhite01/storage/ocr_20150623/146/hvd.32044019208347/365.png"; bbox 0 0 3912 6546; ppageno 0'>
   <div class='ocr_carea' id='block_1_1' title="bbox 384 361 513 422">
    <p class='ocr_par' dir='ltr' id='par_1_1' title="bbox 384 361 513 422">
     <span class='ocr_line' id='line_1_1' title="bbox 384 361 513 422; baseline 0.008 -1"><span class='ocrx_word' id='word_1_1' title='bbox 384 361 513 422; x_wconf 77' lang='lat'><strong>‘715</strong></span> 
     </span>
    </p>
   </div>
   <div class='ocr_carea' id='block_1_2' title="bbox 1616 355 2430 421">
    <p class='ocr_par' dir='ltr' id='par_1_2' title="bbox 1616 355 2430 421">
     <span class='ocr_line' id='line_1_2' title="bbox 1616 355 2430 421; baseline -0.001 -4"><span class='ocrx_word' id='word_1_2' title='bbox 1616 355 2032 421; x_wconf 71' lang='lat' dir='ltr'><strong>NltlEPllOllI</strong></span> <span class='ocrx_word' id='word_1_3' title='bbox 2084 355 2430 416; x_wconf 63' lang='lat' dir='ltr'><strong>CALLISTI</strong></span> 
     </span>
    </p>
   </div>
   <div class='ocr_carea' id='block_1_3' title="bbox 3544 363 3639 426">
    <p class='ocr_par' dir='ltr' id='par_1_3' title="bbox 3544 363 3639 426">
     <span class='ocr_line' id='line_1_3' title="bbox 3544 363 3639 426; baseline 0 -1"><span class='ocrx_word' id='word_1_4' title='bbox 3544 363 3639 426; x_wconf 79' lang='lat'><strong>716</strong></span> 
     </span>
    </p>
   </div>
   <div class='ocr_carea' id='block_1_4' title="bbox 378 465 1968 544">
    <p class='ocr_par' dir='ltr' id='par_1_4' title="bbox 378 468 1968 544">
     <span class='ocr_line' id='line_1_4' title="bbox 378 468 1968 544; baseline -0.003 -17"><span class='ocrx_word' id='word_1_5' title='bbox 378 474 576 540; x_wconf 62' lang='lat' dir='ltr'><strong>--tium,&#39;</strong></span> <span class='ocrx_word' id='word_1_6' title='bbox 600 471 850 544; x_wconf 77' lang='lat' dir='ltr'><strong>ﬂagravit</strong></span> <span class='ocrx_word' id='word_1_7' title='bbox 886 475 1075 529; x_wconf 80' lang='lat' dir='ltr'><strong>o‘ilinm</strong></span> <span class='ocrx_word' id='word_1_8' title='bbox 1123 493 1136 529; x_wconf 89' lang='lat'><strong>:</strong></span> <span class='ocrx_word' id='word_1_9' title='bbox 1172 488 1281 530; x_wconf 89' lang='lat' dir='ltr'><strong>non</strong></span> <span class='ocrx_word' id='word_1_10' title='bbox 1325 473 1449 528; x_wconf 87' lang='lat' dir='ltr'><strong>illos</strong></span> <span class='ocrx_word' id='word_1_11' title='bbox 1479 473 1702 542; x_wconf 79' lang='lat' dir='ltr'><strong>quidem</strong></span> <span class='ocrx_word' id='word_1_12' title='bbox 1735 468 1968 524; x_wconf 80' lang='lat' dir='ltr'><strong>vindicta</strong></span> 
     </span>
    </p>
   </div>
   <div class='ocr_carea' id='block_1_5' title="bbox 2074 465 3646 544">
    <p class='ocr_par' dir='ltr' id='par_1_5' title="bbox 2087 465 3646 544">
     <span class='ocr_line' id='line_1_5' title="bbox 2087 465 3646 544; baseline 0.005 -24"><span class='ocrx_word' id='word_1_13' title='bbox 2087 465 2152 538; x_wconf 75' lang='grc' dir='ltr'>ἦν</span> <span class='ocrx_word' id='word_1_14' title='bbox 2175 511 2189 533; x_wconf 83' lang='grc'><strong>,</strong></span> <span class='ocrx_word' id='word_1_15' title='bbox 2226 472 2426 540; x_wconf 70' lang='grc' dir='ltr'>ἥκιστα</span> <span class='ocrx_word' id='word_1_16' title='bbox 2464 474 2563 540; x_wconf 84' lang='grc' dir='ltr'>μὲν</span> <span class='ocrx_word' id='word_1_17' title='bbox 2594 472 2775 542; x_wconf 78' lang='grc' dir='ltr'>ἀμύνῃ</span> <span class='ocrx_word' id='word_1_18' title='bbox 2811 473 3116 544; x_wconf 74' lang='grc' dir='ltr'><strong>χρωμένοις</strong></span> <span class='ocrx_word' id='word_1_19' title='bbox 3140 514 3153 539; x_wconf 92' lang='grc'><strong>,</strong></span> <span class='ocrx_word' id='word_1_20' title='bbox 3187 473 3437 544; x_wconf 57' lang='grc' dir='ltr'>εὐψύχως</span> <span class='ocrx_word' id='word_1_21' title='bbox 3467 474 3524 527; x_wconf 70' lang='grc' dir='ltr'>δὲ</span> <span class='ocrx_word' id='word_1_22' title='bbox 3553 477 3646 539; x_wconf 65' lang='grc' dir='ltr'>τὶς</span> 
     </span>
    </p>
   </div>
   <div class='ocr_carea' id='block_1_6' title="bbox 407 563 1980 643">
    <p class='ocr_par' dir='ltr' id='par_1_6' title="bbox 407 563 1980 643">
     <span class='ocr_line' id='line_1_6' title="bbox 407 563 1980 643; baseline -0.004 -21"><span class='ocrx_word' id='word_1_23' title='bbox 407 577 648 633; x_wconf 85' lang='lat' dir='ltr'><strong>utentes,</strong></span> <span class='ocrx_word' id='word_1_24' title='bbox 682 569 775 624; x_wconf 90' lang='lat' dir='ltr'><strong>sed</strong></span> <span class='ocrx_word' id='word_1_25' title='bbox 811 582 1009 639; x_wconf 83' lang='lat' dir='ltr'><strong>magno</strong></span> <span class='ocrx_word' id='word_1_26' title='bbox 1034 570 1219 623; x_wconf 89' lang='lat' dir='ltr'><strong>animo</strong></span> <span class='ocrx_word' id='word_1_27' title='bbox 1249 568 1428 623; x_wconf 79' lang='lat' dir='ltr'><strong>illatas</strong></span> <span class='ocrx_word' id='word_1_28' title='bbox 1456 566 1686 635; x_wconf 74' lang='lat' dir='ltr'><strong>injurias</strong></span> <span class='ocrx_word' id='word_1_29' title='bbox 1707 574 1769 643; x_wconf 81' lang='lat' dir='ltr'><strong>et</strong></span> <span class='ocrx_word' id='word_1_30' title='bbox 1796 563 1980 633; x_wconf 73' lang='lat' dir='ltr'><strong>plagas</strong></span> 
     </span>
    </p>
   </div>
   <div class='ocr_carea' id='block_1_7' title="bbox 402 650 1978 729">
    <p class='ocr_par' dir='ltr' id='par_1_7' title="bbox 402 650 1978 729">
     <span class='ocr_line' id='line_1_7' title="bbox 402 650 1978 729; baseline -0.005 -15"><span class='ocrx_word' id='word_1_31' title='bbox 402 659 774 729; x_wconf 77' lang='lat' dir='ltr'><strong>excipientes.</strong></span> <span class='ocrx_word' id='word_1_32' title='bbox 804 659 992 727; x_wconf 79' lang='lat' dir='ltr'><strong>Qualis</strong></span> <span class='ocrx_word' id='word_1_33' title='bbox 1020 658 1354 716; x_wconf 72' lang='lat' dir='ltr'><strong>‘Valentinus</strong></span> <span class='ocrx_word' id='word_1_34' title='bbox 1388 659 1479 713; x_wconf 89' lang='lat' dir='ltr'><strong>ille</strong></span> <span class='ocrx_word' id='word_1_35' title='bbox 1519 658 1642 716; x_wconf 78' lang='lat' dir='ltr'><strong>fuit.</strong></span> <span class='ocrx_word' id='word_1_36' title='bbox 1683 670 1845 725; x_wconf 90' lang='lat' dir='ltr'><strong>quem</strong></span> <span class='ocrx_word' id='word_1_37' title='bbox 1882 650 1978 708; x_wconf 91' lang='lat' dir='ltr'><strong>alii</strong></span> 
     </span>
    </p>
   </div>
   <div class='ocr_carea' id='block_1_8' title="bbox 362 744 1980 824">
    <p class='ocr_par' dir='ltr' id='par_1_8' title="bbox 362 744 1980 824">
     <span class='ocr_line' id='line_1_8' title="bbox 362 744 1980 824; baseline -0.003 -18"><span class='ocrx_word' id='word_1_38' title='bbox 362 775 385 801; x_wconf 63' lang='grc' dir='ltr'><strong>ο,</strong></span> <span class='ocrx_word' id='word_1_39' title='bbox 407 752 757 817; x_wconf 81' lang='lat' dir='ltr'><strong>Emesenum,</strong></span> <span class='ocrx_word' id='word_1_40' title='bbox 792 754 884 809; x_wconf 87' lang='lat' dir='ltr'><strong>alii</strong></span> <span class='ocrx_word' id='word_1_41' title='bbox 917 753 1269 810; x_wconf 79' lang='lat' dir='ltr'><strong>Arcthusinm</strong></span> <span class='ocrx_word' id='word_1_42' title='bbox 1303 744 1501 824; x_wconf 79' lang='lat' dir='ltr'><strong>genere</strong></span> <span class='ocrx_word' id='word_1_43' title='bbox 1535 751 1702 805; x_wconf 81' lang='lat' dir='ltr'><strong>fuisse</strong></span> <span class='ocrx_word' id='word_1_44' title='bbox 1737 746 1980 802; x_wconf 86' lang='lat' dir='ltr'><strong>tradide-</strong></span> 
     </span>
    </p>
   </div>
   <div class='ocr_carea' id='block_1_9' title="bbox 405 839 1979 916">
    <p class='ocr_par' dir='ltr' id='par_1_9' title="bbox 405 839 1979 916">
     <span class='ocr_line' id='line_1_9' title="bbox 405 839 1979 916; baseline -0.003 -17"><span class='ocrx_word' id='word_1_45' title='bbox 405 856 554 901; x_wconf 87' lang='lat' dir='ltr'><strong>runt.</strong></span> <span class='ocrx_word' id='word_1_46' title='bbox 593 845 661 901; x_wconf 84' lang='lat' dir='ltr'><strong>Et</strong></span> <span class='ocrx_word' id='word_1_47' title='bbox 708 846 846 901; x_wconf 89' lang='lat' dir='ltr'><strong>alter</strong></span> <span class='ocrx_word' id='word_1_48' title='bbox 875 846 927 900; x_wconf 90' lang='lat' dir='ltr'><strong>ei</strong></span> <span class='ocrx_word' id='word_1_49' title='bbox 966 846 1307 916; x_wconf 74' lang='lat' dir='ltr'><strong>cognominis</strong></span> <span class='ocrx_word' id='word_1_50' title='bbox 1350 843 1674 908; x_wconf 85' lang='lat' dir='ltr'><strong>monachus,</strong></span> <span class='ocrx_word' id='word_1_51' title='bbox 1709 852 1766 896; x_wconf 90' lang='lat' dir='ltr'><strong>et</strong></span> <span class='ocrx_word' id='word_1_52' title='bbox 1795 839 1979 895; x_wconf 82' lang='lat' dir='ltr'><strong>Theo-</strong></span> 
     </span>
    </p>
   </div>
   <div class='ocr_carea' id='block_1_10' title="bbox 377 921 1979 1009">
    <p class='ocr_par' dir='ltr' id='par_1_10' title="bbox 377 921 1979 1009">
     <span class='ocr_line' id='line_1_10' title="bbox 377 921 1979 1009; baseline -0.004 -17"><span class='ocrx_word' id='word_1_53' title='bbox 377 921 593 1004; x_wconf 26' lang='lat' dir='ltr'><strong>Idorus,</strong></span> <span class='ocrx_word' id='word_1_54' title='bbox 623 940 715 1009; x_wconf 89' lang='lat' dir='ltr'><strong>qui</strong></span> <span class='ocrx_word' id='word_1_55' title='bbox 754 940 917 995; x_wconf 90' lang='lat' dir='ltr'><strong>ambo</strong></span> <span class='ocrx_word' id='word_1_56' title='bbox 948 955 979 994; x_wconf 88' lang='lat' dir='ltr'><strong>a</strong></span> <span class='ocrx_word' id='word_1_57' title='bbox 1015 940 1178 995; x_wconf 87' lang='lat' dir='ltr'><strong>Tittis</strong></span> <span class='ocrx_word' id='word_1_58' title='bbox 1204 939 1325 993; x_wconf 88' lang='lat' dir='ltr'><strong>vico</strong></span> <span class='ocrx_word' id='word_1_59' title='bbox 1362 936 1697 1008; x_wconf 61' lang='lat' dir='ltr'><strong>praefecturae</strong></span> <span class='ocrx_word' id='word_1_60' title='bbox 1722 936 1979 1005; x_wconf 75' lang='lat' dir='ltr'><strong>Apamea:</strong></span> 
     </span>
    </p>
   </div>
   <div class='ocr_carea' id='block_1_11' title="bbox 405 1026 1975 1093">
    <p class='ocr_par' dir='ltr' id='par_1_11' title="bbox 405 1026 1975 1093">
     <span class='ocr_line' id='line_1_11' title="bbox 405 1026 1975 1093; baseline -0.003 -7"><span class='ocrx_word' id='word_1_61' title='bbox 405 1032 626 1086; x_wconf 88' lang='lat' dir='ltr'><strong>oriundi</strong></span> <span class='ocrx_word' id='word_1_62' title='bbox 678 1031 855 1088; x_wconf 79' lang='lat' dir='ltr'><strong>fuere.</strong></span> <span class='ocrx_word' id='word_1_63' title='bbox 893 1031 1025 1087; x_wconf 86' lang='lat' dir='ltr'><strong>Item</strong></span> <span class='ocrx_word' id='word_1_64' title='bbox 1058 1032 1299 1087; x_wconf 81' lang='lat' dir='ltr'><strong>Marosas</strong></span> <span class='ocrx_word' id='word_1_65' title='bbox 1340 1030 1594 1087; x_wconf 85' lang='lat' dir='ltr'><strong>Nechelis</strong></span> <span class='ocrx_word' id='word_1_66' title='bbox 1625 1038 1805 1093; x_wconf 91' lang='lat' dir='ltr'><strong>ortus,</strong></span> <span class='ocrx_word' id='word_1_67' title='bbox 1840 1026 1975 1082; x_wconf 86' lang='lat' dir='ltr'><strong>Bas-</strong></span> 
     </span>
    </p>
   </div>
   <div class='ocr_carea' id='block_1_12' title="bbox 405 1118 1979 1194">
    <p class='ocr_par' dir='ltr' id='par_1_12' title="bbox 405 1118 1979 1194">
     <span class='ocr_line' id='line_1_12' title="bbox 405 1118 1979 1194; baseline -0.004 -16"><span class='ocrx_word' id='word_1_68' title='bbox 405 1139 521 1188; x_wconf 87' lang='lat' dir='ltr'><strong>sus,</strong></span> <span class='ocrx_word' id='word_1_69' title='bbox 561 1123 848 1189; x_wconf 84' lang='lat' dir='ltr'><strong>Bassones,</strong></span> <span class='ocrx_word' id='word_1_70' title='bbox 891 1134 948 1180; x_wconf 89' lang='lat' dir='ltr'><strong>et</strong></span> <span class='ocrx_word' id='word_1_71' title='bbox 992 1125 1216 1185; x_wconf 88' lang='lat' dir='ltr'><strong>Paulus,</strong></span> <span class='ocrx_word' id='word_1_72' title='bbox 1261 1122 1354 1181; x_wconf 91' lang='lat' dir='ltr'><strong>cui</strong></span> <span class='ocrx_word' id='word_1_73' title='bbox 1399 1124 1573 1194; x_wconf 88' lang='lat' dir='ltr'><strong>patria</strong></span> <span class='ocrx_word' id='word_1_74' title='bbox 1624 1121 1730 1177; x_wconf 78' lang='lat' dir='ltr'><strong>fuit</strong></span> <span class='ocrx_word' id='word_1_75' title='bbox 1773 1118 1979 1174; x_wconf 73' lang='grc' dir='ltr'><strong>Τεΐηιί-</strong></span> 
     </span>
    </p>
   </div>
   <div class='ocr_carea' id='block_1_13' title="bbox 404 1214 1977 1290">
    <p class='ocr_par' dir='ltr' id='par_1_13' title="bbox 404 1214 1977 1290">
     <span class='ocr_line' id='line_1_13' title="bbox 404 1214 1977 1290; baseline -0.004 -16"><span class='ocrx_word' id='word_1_76' title='bbox 404 1233 500 1273; x_wconf 90' lang='lat' dir='ltr'><strong>sus</strong></span> <span class='ocrx_word' id='word_1_77' title='bbox 533 1217 632 1290; x_wconf 93' lang='grc'><strong>(1).</strong></span> <span class='ocrx_word' id='word_1_78' title='bbox 678 1216 777 1275; x_wconf 80' lang='lat' dir='ltr'><strong>llic</strong></span> <span class='ocrx_word' id='word_1_79' title='bbox 809 1234 931 1274; x_wconf 92' lang='lat' dir='ltr'><strong>cum</strong></span> <span class='ocrx_word' id='word_1_80' title='bbox 969 1219 1158 1274; x_wconf 90' lang='lat' dir='ltr'><strong>multis</strong></span> <span class='ocrx_word' id='word_1_81' title='bbox 1192 1219 1250 1274; x_wconf 87' lang='lat' dir='ltr'><strong>in</strong></span> <span class='ocrx_word' id='word_1_82' title='bbox 1297 1219 1432 1275; x_wconf 88' lang='lat' dir='ltr'><strong>locis</strong></span> <span class='ocrx_word' id='word_1_83' title='bbox 1467 1219 1641 1274; x_wconf 90' lang='lat' dir='ltr'><strong>multa</strong></span> <span class='ocrx_word' id='word_1_84' title='bbox 1673 1214 1977 1273; x_wconf 85' lang='lat' dir='ltr'><strong>monacho-</strong></span> 
     </span>
    </p>
   </div>
   <div class='ocr_carea' id='block_1_14' title="bbox 406 1305 1974 1380">
    <p class='ocr_par' dir='ltr' id='par_1_14' title="bbox 406 1305 1974 1380">
     <span class='ocr_line' id='line_1_14' title="bbox 406 1305 1974 1380; baseline -0.003 -17"><span class='ocrx_word' id='word_1_85' title='bbox 406 1325 526 1363; x_wconf 89' lang='lat' dir='ltr'><strong>rum</strong></span> <span class='ocrx_word' id='word_1_86' title='bbox 578 1309 837 1365; x_wconf 66' lang='lat' dir='ltr'><strong>cmnobia’</strong></span> <span class='ocrx_word' id='word_1_87' title='bbox 874 1310 1228 1371; x_wconf 85' lang='lat' dir='ltr'><strong>instituisset,</strong></span> <span class='ocrx_word' id='word_1_88' title='bbox 1278 1321 1332 1367; x_wconf 90' lang='lat' dir='ltr'><strong>ct</strong></span> <span class='ocrx_word' id='word_1_89' title='bbox 1377 1310 1638 1380; x_wconf 62' lang='lat' dir='ltr'><strong>praeclare</strong></span> <span class='ocrx_word' id='word_1_90' title='bbox 1687 1307 1873 1377; x_wconf 86' lang='lat' dir='ltr'><strong>plures</strong></span> <span class='ocrx_word' id='word_1_91' title='bbox 1904 1305 1974 1360; x_wconf 90' lang='lat' dir='ltr'><strong>ad</strong></span> 
     </span>
    </p>
   </div>
   <div class='ocr_carea' id='block_1_15' title="bbox 405 1396 1974 1471">
    <p class='ocr_par' dir='ltr' id='par_1_15' title="bbox 405 1396 1974 1471">
     <span class='ocr_line' id='line_1_15' title="bbox 405 1396 1974 1471; baseline -0.002 -16"><span class='ocrx_word' id='word_1_92' title='bbox 405 1401 805 1471; x_wconf 83' lang='lat' dir='ltr'><strong>philosophiam</strong></span> <span class='ocrx_word' id='word_1_93' title='bbox 847 1402 990 1457; x_wconf 88' lang='lat' dir='ltr'><strong>hanc</strong></span> <span class='ocrx_word' id='word_1_94' title='bbox 1018 1401 1444 1458; x_wconf 87' lang='lat' dir='ltr'><strong>consectandam</strong></span> <span class='ocrx_word' id='word_1_95' title='bbox 1472 1401 1801 1456; x_wconf 81' lang='lat' dir='ltr'><strong>cohortatus</strong></span> <span class='ocrx_word' id='word_1_96' title='bbox 1834 1396 1974 1453; x_wconf 70' lang='lat' dir='ltr'><strong>fuis-</strong></span> 
     </span>
    </p>
   </div>
   <div class='ocr_carea' id='block_1_16' title="bbox 401 1482 1977 1563">
    <p class='ocr_par' dir='ltr' id='par_1_16' title="bbox 401 1482 1977 1563">
     <span class='ocr_line' id='line_1_16' title="bbox 401 1482 1977 1563; baseline -0.003 -16"><span class='ocrx_word' id='word_1_97' title='bbox 401 1500 507 1557; x_wconf 92' lang='lat' dir='ltr'><strong>set,</strong></span> <span class='ocrx_word' id='word_1_98' title='bbox 532 1482 880 1562; x_wconf 17' lang='lat' dir='ltr'><strong>po‘stmodu‘m</strong></span> <span class='ocrx_word' id='word_1_99' title='bbox 913 1492 967 1546; x_wconf 92' lang='lat' dir='ltr'><strong>in</strong></span> <span class='ocrx_word' id='word_1_100' title='bbox 994 1493 1216 1563; x_wconf 83' lang='lat' dir='ltr'><strong>regione</strong></span> <span class='ocrx_word' id='word_1_101' title='bbox 1245 1492 1331 1549; x_wconf 90' lang='lat' dir='ltr'><strong>cui</strong></span> <span class='ocrx_word' id='word_1_102' title='bbox 1367 1506 1563 1547; x_wconf 82' lang='lat' dir='ltr'><strong>nomen</strong></span> <span class='ocrx_word' id='word_1_103' title='bbox 1588 1499 1671 1548; x_wconf 88' lang='lat' dir='ltr'><strong>est</strong></span> <span class='ocrx_word' id='word_1_104' title='bbox 1693 1490 1977 1559; x_wconf 81' lang='lat' dir='ltr'><strong>Jugatum,</strong></span> 
     </span>
    </p>
   </div>
   <div class='ocr_carea' id='block_1_17' title="bbox 403 1583 1974 1657">
    <p class='ocr_par' dir='ltr' id='par_1_17' title="bbox 403 1583 1974 1657">
     <span class='ocr_line' id='line_1_17' title="bbox 403 1583 1974 1657; baseline -0.002 -19"><span class='ocrx_word' id='word_1_105' title='bbox 403 1585 614 1657; x_wconf 79' lang='lat' dir='ltr'><strong>insigne</strong></span> <span class='ocrx_word' id='word_1_106' title='bbox 680 1594 738 1641; x_wconf 87' lang='lat' dir='ltr'><strong>et</strong></span> <span class='ocrx_word' id='word_1_107' title='bbox 788 1586 1137 1657; x_wconf 81' lang='lat' dir='ltr'><strong>splendidum</strong></span> <span class='ocrx_word' id='word_1_108' title='bbox 1206 1587 1605 1642; x_wconf 81' lang='lat' dir='ltr'><strong>monachorum</strong></span> <span class='ocrx_word' id='word_1_109' title='bbox 1659 1583 1974 1639; x_wconf 78' lang='lat' dir='ltr'><strong>construxit</strong></span> 
     </span>
    </p>
   </div>
   <div class='ocr_carea' id='block_1_18' title="bbox 401 1673 1971 1750">
    <p class='ocr_par' dir='ltr' id='par_1_18' title="bbox 401 1673 1971 1750">
     <span class='ocr_line' id='line_1_18' title="bbox 401 1673 1971 1750; baseline -0.004 -18"><span class='ocrx_word' id='word_1_110' title='bbox 401 1676 763 1745; x_wconf 78' lang='lat' dir='ltr'><strong>domicilium,</strong></span> <span class='ocrx_word' id='word_1_111' title='bbox 804 1689 968 1750; x_wconf 89' lang='lat' dir='ltr'><strong>atque</strong></span> <span class='ocrx_word' id='word_1_112' title='bbox 1017 1679 1092 1733; x_wconf 91' lang='lat' dir='ltr'><strong>ibi</strong></span> <span class='ocrx_word' id='word_1_113' title='bbox 1146 1679 1314 1733; x_wconf 88' lang='lat' dir='ltr'><strong>vitam</strong></span> <span class='ocrx_word' id='word_1_114' title='bbox 1366 1678 1419 1732; x_wconf 90' lang='lat' dir='ltr'><strong>in</strong></span> <span class='ocrx_word' id='word_1_115' title='bbox 1469 1683 1755 1732; x_wconf 83' lang='lat' dir='ltr'><strong>senectute</strong></span> <span class='ocrx_word' id='word_1_116' title='bbox 1803 1673 1971 1728; x_wconf 90' lang='lat' dir='ltr'><strong>multa</strong></span> 
     </span>
    </p>
   </div>
   <div class='ocr_carea' id='block_1_19' title="bbox 2087 562 3646 635">
    <p class='ocr_par' dir='ltr' id='par_1_19' title="bbox 2087 562 3646 635">
     <span class='ocr_line' id='line_1_19' title="bbox 2087 562 3646 635; baseline 0 -19"><span class='ocrx_word' id='word_1_117' title='bbox 2087 564 2494 633; x_wconf 74' lang='grc' dir='ltr'><strong>ἐπιφερομένας</strong></span> <span class='ocrx_word' id='word_1_118' title='bbox 2521 563 2709 633; x_wconf 78' lang='grc' dir='ltr'>ὕϐρεις</span> <span class='ocrx_word' id='word_1_119' title='bbox 2731 581 2791 617; x_wconf 78' lang='grc' dir='ltr'><strong>τε</strong></span> <span class='ocrx_word' id='word_1_120' title='bbox 2821 566 2914 618; x_wconf 70' lang='grc' dir='ltr'>καὶ</span> <span class='ocrx_word' id='word_1_121' title='bbox 2936 565 3152 634; x_wconf 80' lang='grc' dir='ltr'>πληγὰς</span> <span class='ocrx_word' id='word_1_122' title='bbox 3175 565 3502 635; x_wconf 76' lang='grc' dir='ltr'><strong>δεχομένοις.</strong></span> <span class='ocrx_word' id='word_1_123' title='bbox 3532 562 3646 627; x_wconf 73' lang='grc' dir='ltr'>Οἷος</span> 
     </span>
    </p>
   </div>
   <div class='ocr_carea' id='block_1_20' title="bbox 2085 651 3648 728">
    <p class='ocr_par' dir='ltr' id='par_1_20' title="bbox 2085 651 3648 728">
     <span class='ocr_line' id='line_1_20' title="bbox 2085 651 3648 728; baseline 0 -20"><span class='ocrx_word' id='word_1_124' title='bbox 2085 657 2443 718; x_wconf 67' lang='grc' dir='ltr'>Οὖαλεντῐνος</span> <span class='ocrx_word' id='word_1_125' title='bbox 2479 658 2685 720; x_wconf 78' lang='grc' dir='ltr'>ἐκεῖνος</span> <span class='ocrx_word' id='word_1_126' title='bbox 2717 651 2819 728; x_wconf 79' lang='grc' dir='ltr'>ἦν,</span> <span class='ocrx_word' id='word_1_127' title='bbox 2853 657 2913 710; x_wconf 83' lang='grc' dir='ltr'>ὃν</span> <span class='ocrx_word' id='word_1_128' title='bbox 2940 658 2991 710; x_wconf 82' lang='lat' dir='ltr'><strong>oi</strong></span> <span class='ocrx_word' id='word_1_129' title='bbox 3032 658 3131 727; x_wconf 73' lang='grc' dir='ltr'>μὲν</span> <span class='ocrx_word' id='word_1_130' title='bbox 3168 658 3495 725; x_wconf 61' lang='grc' dir='ltr'>Ίιὶμισηνδν,</span> <span class='ocrx_word' id='word_1_131' title='bbox 3529 660 3575 709; x_wconf 81' lang='lat' dir='ltr'><strong>oi</strong></span> <span class='ocrx_word' id='word_1_132' title='bbox 3607 660 3648 709; x_wconf 78' lang='grc' dir='ltr'>δ’</span> 
     </span>
    </p>
   </div>
   <div class='ocr_carea' id='block_1_21' title="bbox 2096 734 3649 818">
    <p class='ocr_par' dir='ltr' id='par_1_21' title="bbox 2096 734 3649 818">
     <span class='ocr_line' id='line_1_21' title="bbox 2096 734 3649 818; baseline -0.001 -17"><span class='ocrx_word' id='word_1_133' title='bbox 2096 734 2443 816; x_wconf 72' lang='grc' dir='ltr'>Ἀρεθούσιον</span> <span class='ocrx_word' id='word_1_134' title='bbox 2477 749 2535 800; x_wconf 79' lang='grc' dir='ltr'><strong>τὺ</strong></span> <span class='ocrx_word' id='word_1_135' title='bbox 2571 749 2725 815; x_wconf 72' lang='grc' dir='ltr'>γένος</span> <span class='ocrx_word' id='word_1_136' title='bbox 2760 749 2899 802; x_wconf 65' lang='grc' dir='ltr'>εἶναι</span> <span class='ocrx_word' id='word_1_137' title='bbox 2932 749 3118 818; x_wconf 73' lang='grc' dir='ltr'>ἔλεγον</span> <span class='ocrx_word' id='word_1_138' title='bbox 3144 766 3157 779; x_wconf 87' lang='grc'><strong>·</strong></span> <span class='ocrx_word' id='word_1_139' title='bbox 3195 751 3292 803; x_wconf 77' lang='grc' dir='ltr'>καὶ</span> <span class='ocrx_word' id='word_1_140' title='bbox 3322 749 3419 802; x_wconf 78' lang='grc' dir='ltr'>τὸν</span> <span class='ocrx_word' id='word_1_141' title='bbox 3451 750 3649 818; x_wconf 75' lang='grc' dir='ltr'>ἕτερον,</span> 
     </span>
    </p>
   </div>
   <div class='ocr_carea' id='block_1_22' title="bbox 2083 839 3652 912">
    <p class='ocr_par' dir='ltr' id='par_1_22' title="bbox 2083 839 3652 912">
     <span class='ocr_line' id='line_1_22' title="bbox 2083 839 3652 912; baseline -0.001 -19"><span class='ocrx_word' id='word_1_142' title='bbox 2083 839 2235 910; x_wconf 85' lang='grc' dir='ltr'><strong>αύτῷ</strong></span> <span class='ocrx_word' id='word_1_143' title='bbox 2277 841 2334 893; x_wconf 70' lang='grc' dir='ltr'>δὲ</span> <span class='ocrx_word' id='word_1_144' title='bbox 2376 840 2711 912; x_wconf 69' lang='grc' dir='ltr'>ὁμώνυμον*</span> <span class='ocrx_word' id='word_1_145' title='bbox 2760 843 2857 896; x_wconf 76' lang='grc' dir='ltr'>καὶ</span> <span class='ocrx_word' id='word_1_146' title='bbox 2899 842 3215 912; x_wconf 73' lang='grc' dir='ltr'>Θεόδωρον*</span> <span class='ocrx_word' id='word_1_147' title='bbox 3260 841 3310 895; x_wconf 84' lang='grc' dir='ltr'><strong>οἶ</strong></span> <span class='ocrx_word' id='word_1_148' title='bbox 3357 839 3449 894; x_wconf 66' lang='grc' dir='ltr'>καὶ</span> <span class='ocrx_word' id='word_1_149' title='bbox 3494 841 3652 910; x_wconf 74' lang='grc' dir='ltr'>ἄμφω</span> 
     </span>
    </p>
   </div>
   <div class='ocr_carea' id='block_1_23' title="bbox 2082 930 3653 1003">
    <p class='ocr_par' dir='ltr' id='par_1_23' title="bbox 2082 930 3653 1003">
     <span class='ocr_line' id='line_1_23' title="bbox 2082 930 3653 1003; baseline -0.001 -17"><span class='ocrx_word' id='word_1_150' title='bbox 2082 931 2194 986; x_wconf 79' lang='grc' dir='ltr'><strong>ἀπὸ</strong></span> <span class='ocrx_word' id='word_1_151' title='bbox 2241 932 2454 987; x_wconf 86' lang='grc' dir='ltr'>Τιττῶν</span> <span class='ocrx_word' id='word_1_152' title='bbox 2504 933 2598 986; x_wconf 76' lang='grc' dir='ltr'>τοῦ</span> <span class='ocrx_word' id='word_1_153' title='bbox 2633 933 2926 1003; x_wconf 76' lang='grc' dir='ltr'><strong>Ἀπαμέων</strong></span> <span class='ocrx_word' id='word_1_154' title='bbox 2979 933 3251 1003; x_wconf 81' lang='grc' dir='ltr'><strong>ὡρμῶντο</strong></span> <span class='ocrx_word' id='word_1_155' title='bbox 3302 930 3474 1001; x_wconf 87' lang='grc' dir='ltr'>νομοῦ</span> <span class='ocrx_word' id='word_1_156' title='bbox 3501 947 3515 964; x_wconf 73' lang='grc'><strong><em>⁸</em></strong></span> <span class='ocrx_word' id='word_1_157' title='bbox 3565 937 3653 985; x_wconf 74' lang='grc' dir='ltr'>καὶ</span> 
     </span>
    </p>
   </div>
   <div class='ocr_carea' id='block_1_24' title="bbox 2082 1022 3653 1095">
    <p class='ocr_par' dir='ltr' id='par_1_24' title="bbox 2082 1022 3653 1095">
     <span class='ocr_line' id='line_1_24' title="bbox 2082 1022 3653 1095; baseline 0 -17"><span class='ocrx_word' id='word_1_158' title='bbox 2082 1022 2366 1093; x_wconf 83' lang='grc' dir='ltr'>Μαρώσαν</span> <span class='ocrx_word' id='word_1_159' title='bbox 2397 1023 2490 1076; x_wconf 75' lang='grc' dir='ltr'>τὸν</span> <span class='ocrx_word' id='word_1_160' title='bbox 2523 1026 2587 1078; x_wconf 87' lang='grc' dir='ltr'><strong>ἐκ</strong></span> <span class='ocrx_word' id='word_1_161' title='bbox 2628 1023 2906 1095; x_wconf 81' lang='grc' dir='ltr'>Νεχείλων</span> <span class='ocrx_word' id='word_1_162' title='bbox 2932 1041 2948 1056; x_wconf 89' lang='grc'><strong>·</strong></span> <span class='ocrx_word' id='word_1_163' title='bbox 2983 1026 3078 1079; x_wconf 70' lang='grc' dir='ltr'>καὶ</span> <span class='ocrx_word' id='word_1_164' title='bbox 3121 1025 3356 1088; x_wconf 84' lang='grc' dir='ltr'>Βάσσον,</span> <span class='ocrx_word' id='word_1_165' title='bbox 3389 1027 3484 1078; x_wconf 74' lang='grc' dir='ltr'>καὶ</span> <span class='ocrx_word' id='word_1_166' title='bbox 3524 1026 3653 1078; x_wconf 84' lang='grc' dir='ltr'>Βασ-</span> 
     </span>
    </p>
   </div>
   <div class='ocr_carea' id='block_1_25' title="bbox 2084 1109 3653 1189">
    <p class='ocr_par' dir='ltr' id='par_1_25' title="bbox 2084 1109 3653 1189">
     <span class='ocr_line' id='line_1_25' title="bbox 2084 1109 3653 1189; baseline 0.003 -21"><span class='ocrx_word' id='word_1_167' title='bbox 2084 1115 2281 1186; x_wconf 84' lang='grc' dir='ltr'>σώνην,</span> <span class='ocrx_word' id='word_1_168' title='bbox 2310 1117 2405 1169; x_wconf 71' lang='grc' dir='ltr'>καὶ</span> <span class='ocrx_word' id='word_1_169' title='bbox 2434 1115 2665 1182; x_wconf 82' lang='grc' dir='ltr'><strong>Παῦλον,</strong></span> <span class='ocrx_word' id='word_1_170' title='bbox 2691 1109 2738 1184; x_wconf 82' lang='grc' dir='ltr'><strong>ᾧ</strong></span> <span class='ocrx_word' id='word_1_171' title='bbox 2766 1117 2963 1187; x_wconf 71' lang='grc' dir='ltr'>πατρὶς</span> <span class='ocrx_word' id='word_1_172' title='bbox 2990 1117 3258 1186; x_wconf 73' lang='grc' dir='ltr'>Τελμισδς</span> <span class='ocrx_word' id='word_1_173' title='bbox 3284 1114 3376 1189; x_wconf 80' lang='grc' dir='ltr'><strong>ἦν.</strong></span> <span class='ocrx_word' id='word_1_174' title='bbox 3409 1111 3577 1181; x_wconf 63' lang='grc' dir='ltr'>Οὗτος</span> <span class='ocrx_word' id='word_1_175' title='bbox 3600 1118 3653 1172; x_wconf 75' lang='grc' dir='ltr'><strong>δε</strong></span> 
     </span>
    </p>
   </div>
   <div class='ocr_carea' id='block_1_26' title="bbox 2082 1210 3654 1287">
    <p class='ocr_par' dir='ltr' id='par_1_26' title="bbox 2082 1210 3654 1287">
     <span class='ocr_line' id='line_1_26' title="bbox 2082 1210 3654 1287; baseline 0.003 -25"><span class='ocrx_word' id='word_1_176' title='bbox 2082 1210 2286 1275; x_wconf 83' lang='grc' dir='ltr'>πολλὰς</span> <span class='ocrx_word' id='word_1_177' title='bbox 2328 1213 2611 1276; x_wconf 78' lang='grc' dir='ltr'><strong>συνοικίας</strong></span> <span class='ocrx_word' id='word_1_178' title='bbox 2656 1214 2914 1285; x_wconf 82' lang='grc' dir='ltr'>μοναχῶν</span> <span class='ocrx_word' id='word_1_179' title='bbox 2950 1215 3093 1269; x_wconf 77' lang='grc' dir='ltr'>κατὰ</span> <span class='ocrx_word' id='word_1_180' title='bbox 3130 1216 3427 1287; x_wconf 78' lang='grc' dir='ltr'>διαφόρους</span> <span class='ocrx_word' id='word_1_181' title='bbox 3466 1216 3654 1278; x_wconf 72' lang='grc' dir='ltr'>τόπους</span> 
     </span>
    </p>
   </div>
   <div class='ocr_carea' id='block_1_27' title="bbox 2083 1305 3700 1378">
    <p class='ocr_par' dir='ltr' id='par_1_27' title="bbox 2083 1305 3700 1378">
     <span class='ocr_line' id='line_1_27' title="bbox 2083 1305 3700 1378; baseline 0.003 -22"><span class='ocrx_word' id='word_1_182' title='bbox 2083 1305 2519 1374; x_wconf 78' lang='grc' dir='ltr'><strong>συστησάμενος,</strong></span> <span class='ocrx_word' id='word_1_183' title='bbox 2545 1305 2642 1361; x_wconf 79' lang='grc' dir='ltr'><strong>καὶ</strong></span> <span class='ocrx_word' id='word_1_184' title='bbox 2668 1306 2851 1369; x_wconf 85' lang='grc' dir='ltr'>καλῶς</span> <span class='ocrx_word' id='word_1_185' title='bbox 2877 1306 2973 1359; x_wconf 78' lang='grc' dir='ltr'>ἐπὶ</span> <span class='ocrx_word' id='word_1_186' title='bbox 2995 1307 3059 1361; x_wconf 84' lang='grc' dir='ltr'><strong>τδ</strong></span> <span class='ocrx_word' id='word_1_187' title='bbox 3083 1307 3403 1377; x_wconf 74' lang='grc' dir='ltr'><strong>φιλοσοφεῖν</strong></span> <span class='ocrx_word' id='word_1_188' title='bbox 3430 1308 3654 1378; x_wconf 80' lang='grc' dir='ltr'>προτρέ-</span> <span class='ocrx_word' id='word_1_189' title='bbox 3694 1329 3700 1334; x_wconf 52' lang='grc' dir='ltr'><em>η</em></span> 
     </span>
    </p>
   </div>
   <div class='ocr_carea' id='block_1_28' title="bbox 2077 1395 3701 1467">
    <p class='ocr_par' dir='ltr' id='par_1_28' title="bbox 2077 1395 3701 1467">
     <span class='ocr_line' id='line_1_28' title="bbox 2077 1395 3701 1467; baseline -0.002 -18"><span class='ocrx_word' id='word_1_190' title='bbox 2077 1396 2185 1467; x_wconf 82' lang='grc' dir='ltr'><strong>ψας</strong></span> <span class='ocrx_word' id='word_1_191' title='bbox 2205 1438 2220 1463; x_wconf 91' lang='grc'><strong>,</strong></span> <span class='ocrx_word' id='word_1_192' title='bbox 2254 1396 2482 1464; x_wconf 81' lang='grc' dir='ltr'>ὕστερον</span> <span class='ocrx_word' id='word_1_193' title='bbox 2514 1395 2616 1467; x_wconf 80' lang='grc' dir='ltr'>τὴν</span> <span class='ocrx_word' id='word_1_194' title='bbox 2651 1397 2710 1461; x_wconf 88' lang='grc' dir='ltr'><strong>ἐς</strong></span> <span class='ocrx_word' id='word_1_195' title='bbox 2742 1398 2804 1449; x_wconf 81' lang='grc' dir='ltr'>τὸ</span> <span class='ocrx_word' id='word_1_196' title='bbox 2840 1397 3115 1466; x_wconf 81' lang='grc' dir='ltr'>ἰουγάτον</span> <span class='ocrx_word' id='word_1_197' title='bbox 3146 1395 3290 1451; x_wconf 76' lang='grc' dir='ltr'>οὕτω</span> <span class='ocrx_word' id='word_1_198' title='bbox 3322 1396 3653 1467; x_wconf 81' lang='grc' dir='ltr'>καλούμενον</span> <span class='ocrx_word' id='word_1_199' title='bbox 3695 1440 3701 1446; x_wconf 91' lang='grc'>.</span> 
     </span>
    </p>
   </div>
   <div class='ocr_carea' id='block_1_29' title="bbox 2080 1486 3651 1559">
    <p class='ocr_par' dir='ltr' id='par_1_29' title="bbox 2080 1486 3651 1559">
     <span class='ocr_line' id='line_1_29' title="bbox 2080 1486 3651 1559; baseline -0.002 -18"><span class='ocrx_word' id='word_1_200' title='bbox 2080 1488 2284 1559; x_wconf 81' lang='grc' dir='ltr'>χωρίον</span> <span class='ocrx_word' id='word_1_201' title='bbox 2318 1488 2584 1557; x_wconf 83' lang='grc' dir='ltr'>λαμπρὰν</span> <span class='ocrx_word' id='word_1_202' title='bbox 2621 1486 2717 1539; x_wconf 77' lang='grc' dir='ltr'>καὶ</span> <span class='ocrx_word' id='word_1_203' title='bbox 2753 1486 3031 1557; x_wconf 75' lang='grc' dir='ltr'><strong>περιφανῆ</strong></span> <span class='ocrx_word' id='word_1_204' title='bbox 3065 1486 3348 1540; x_wconf 75' lang='grc' dir='ltr'>συνοικίαν</span> <span class='ocrx_word' id='word_1_205' title='bbox 3382 1502 3651 1556; x_wconf 81' lang='grc' dir='ltr'>καταστη-</span> 
     </span>
    </p>
   </div>
   <div class='ocr_carea' id='block_1_30' title="bbox 2081 1577 3653 1650">
    <p class='ocr_par' dir='ltr' id='par_1_30' title="bbox 2081 1577 3653 1650">
     <span class='ocr_line' id='line_1_30' title="bbox 2081 1577 3653 1650; baseline -0.001 -18"><span class='ocrx_word' id='word_1_206' title='bbox 2081 1579 2315 1649; x_wconf 81' lang='grc' dir='ltr'>σάμενος</span> <span class='ocrx_word' id='word_1_207' title='bbox 2354 1579 2631 1650; x_wconf 85' lang='grc' dir='ltr'>μοναχῶν,</span> <span class='ocrx_word' id='word_1_208' title='bbox 2667 1581 2849 1633; x_wconf 81' lang='grc' dir='ltr'>ἐκεῖσε</span> <span class='ocrx_word' id='word_1_209' title='bbox 2883 1578 2950 1648; x_wconf 78' lang='grc' dir='ltr'>δὴ</span> <span class='ocrx_word' id='word_1_210' title='bbox 2980 1579 3077 1632; x_wconf 69' lang='grc' dir='ltr'>καὶ</span> <span class='ocrx_word' id='word_1_211' title='bbox 3107 1578 3201 1632; x_wconf 80' lang='grc' dir='ltr'>τὸν</span> <span class='ocrx_word' id='word_1_212' title='bbox 3236 1578 3358 1649; x_wconf 86' lang='grc' dir='ltr'>βίον</span> <span class='ocrx_word' id='word_1_213' title='bbox 3392 1577 3653 1631; x_wconf 74' lang='grc' dir='ltr'>ἀπέλιπεν</span> 
     </span>
    </p>
   </div>
   <div class='ocr_carea' id='block_1_31' title="bbox 2078 1673 3652 1744">
    <p class='ocr_par' dir='ltr' id='par_1_31' title="bbox 2078 1673 3652 1744">
     <span class='ocr_line' id='line_1_31' title="bbox 2078 1673 3652 1744; baseline -0.002 -17"><span class='ocrx_word' id='word_1_214' title='bbox 2078 1675 2159 1739; x_wconf 85' lang='grc' dir='ltr'><strong>είς</strong></span> <span class='ocrx_word' id='word_1_215' title='bbox 2201 1673 2337 1744; x_wconf 78' lang='grc' dir='ltr'>βαθὺ</span> <span class='ocrx_word' id='word_1_216' title='bbox 2376 1674 2558 1744; x_wconf 76' lang='grc' dir='ltr'>γῆρας</span> <span class='ocrx_word' id='word_1_217' title='bbox 2598 1673 2822 1738; x_wconf 79' lang='grc' dir='ltr'>ἐλάσας.</span> <span class='ocrx_word' id='word_1_218' title='bbox 2863 1673 3149 1728; x_wconf 83' lang='grc' dir='ltr'>Δείκνυται</span> <span class='ocrx_word' id='word_1_219' title='bbox 3187 1673 3245 1726; x_wconf 84' lang='grc' dir='ltr'><strong>δέ</strong></span> <span class='ocrx_word' id='word_1_220' title='bbox 3283 1673 3384 1725; x_wconf 76' lang='grc' dir='ltr'>καὶ</span> <span class='ocrx_word' id='word_1_221' title='bbox 3424 1673 3454 1725; x_wconf 84' lang='grc' dir='ltr'><strong>δ</strong></span> <span class='ocrx_word' id='word_1_222' title='bbox 3492 1673 3652 1740; x_wconf 70' lang='grc' dir='ltr'>τάφος</span> 
     </span>
    </p>
   </div>
   <div class='ocr_carea' id='block_1_32' title="bbox 400 1762 1968 1836">
    <p class='ocr_par' dir='ltr' id='par_1_32' title="bbox 400 1765 1968 1836">
     <span class='ocr_line' id='line_1_32' title="bbox 400 1765 1968 1836; baseline -0.002 -14"><span class='ocrx_word' id='word_1_223' title='bbox 400 1768 599 1823; x_wconf 80' lang='lat' dir='ltr'><strong>ﬁnivit.</strong></span> <span class='ocrx_word' id='word_1_224' title='bbox 641 1768 979 1825; x_wconf 75' lang='lat' dir='ltr'><strong>Monstratur</strong></span> <span class='ocrx_word' id='word_1_225' title='bbox 1022 1784 1090 1823; x_wconf 89' lang='lat' dir='ltr'><strong>eo</strong></span> <span class='ocrx_word' id='word_1_226' title='bbox 1121 1769 1244 1823; x_wconf 85' lang='lat' dir='ltr'><strong>loco</strong></span> <span class='ocrx_word' id='word_1_227' title='bbox 1280 1768 1476 1831; x_wconf 87' lang='lat' dir='ltr'><strong>adhuc,</strong></span> <span class='ocrx_word' id='word_1_228' title='bbox 1525 1766 1670 1836; x_wconf 90' lang='lat' dir='ltr'><strong>quod</strong></span> <span class='ocrx_word' id='word_1_229' title='bbox 1713 1765 1968 1819; x_wconf 83' lang='lat' dir='ltr'><strong>omnibus</strong></span> 
     </span>
    </p>
   </div>
   <div class='ocr_carea' id='block_1_33' title="bbox 2074 1762 3651 1836">
    <p class='ocr_par' dir='ltr' id='par_1_33' title="bbox 2079 1762 3651 1833">
     <span class='ocr_line' id='line_1_33' title="bbox 2079 1762 3651 1833; baseline -0.003 -16"><span class='ocrx_word' id='word_1_230' title='bbox 2079 1765 2291 1818; x_wconf 83' lang='grc' dir='ltr'>ἐκείνου</span> <span class='ocrx_word' id='word_1_231' title='bbox 2325 1765 2495 1818; x_wconf 78' lang='grc' dir='ltr'><strong>εἰσέτι</strong></span> <span class='ocrx_word' id='word_1_232' title='bbox 2528 1766 2664 1817; x_wconf 81' lang='grc' dir='ltr'>πᾶσι</span> <span class='ocrx_word' id='word_1_233' title='bbox 2699 1763 3021 1833; x_wconf 78' lang='grc' dir='ltr'>κατάδηλος.</span> <span class='ocrx_word' id='word_1_234' title='bbox 3055 1763 3253 1833; x_wconf 72' lang='grc' dir='ltr'>Σχεδὸν</span> <span class='ocrx_word' id='word_1_235' title='bbox 3281 1762 3341 1817; x_wconf 82' lang='grc' dir='ltr'>δὲ</span> <span class='ocrx_word' id='word_1_236' title='bbox 3375 1764 3475 1816; x_wconf 77' lang='grc' dir='ltr'>καὶ</span> <span class='ocrx_word' id='word_1_237' title='bbox 3501 1762 3651 1825; x_wconf 82' lang='grc' dir='ltr'><strong>ὅσους</strong></span> 
     </span>
    </p>
   </div>
   <div class='ocr_carea' id='block_1_34' title="bbox 400 1832 1968 1931">
    <p class='ocr_par' dir='ltr' id='par_1_34' title="bbox 400 1857 1968 1931">
     <span class='ocr_line' id='line_1_34' title="bbox 400 1857 1968 1931; baseline -0.004 -16"><span class='ocrx_word' id='word_1_238' title='bbox 400 1869 589 1916; x_wconf 86' lang='lat' dir='ltr'><strong>notum</strong></span> <span class='ocrx_word' id='word_1_239' title='bbox 635 1871 762 1925; x_wconf 88' lang='lat' dir='ltr'><strong>est,</strong></span> <span class='ocrx_word' id='word_1_240' title='bbox 822 1862 1139 1931; x_wconf 83' lang='lat' dir='ltr'><strong>sepulcrum</strong></span> <span class='ocrx_word' id='word_1_241' title='bbox 1183 1860 1324 1930; x_wconf 83' lang='lat' dir='ltr'><strong>ejus.</strong></span> <span class='ocrx_word' id='word_1_242' title='bbox 1373 1857 1581 1912; x_wconf 82' lang='lat' dir='ltr'><strong>Omnes</strong></span> <span class='ocrx_word' id='word_1_243' title='bbox 1622 1870 1756 1911; x_wconf 86' lang='lat' dir='ltr'><strong>vero</strong></span> <span class='ocrx_word' id='word_1_244' title='bbox 1803 1869 1968 1926; x_wconf 85' lang='lat' dir='ltr'><strong>prope</strong></span> 
     </span>
    </p>
   </div>
   <div class='ocr_carea' id='block_1_35' title="bbox 2074 1832 3647 1931">
    <p class='ocr_par' dir='ltr' id='par_1_35' title="bbox 2079 1832 3647 1931">
     <span class='ocr_line' id='line_1_35' title="bbox 2079 1832 3647 1931; baseline -0.004 -17"><span class='ocrx_word' id='word_1_245' title='bbox 2079 1860 2188 1915; x_wconf 83' lang='grc' dir='ltr'>τῶν</span> <span class='ocrx_word' id='word_1_246' title='bbox 2215 1859 2471 1931; x_wconf 84' lang='grc' dir='ltr'>μοναχῶν</span> <span class='ocrx_word' id='word_1_247' title='bbox 2493 1858 2802 1930; x_wconf 79' lang='grc' dir='ltr'><strong>διήλθομεν,</strong></span> <span class='ocrx_word' id='word_1_248' title='bbox 2834 1856 3128 1929; x_wconf 89' lang='grc' dir='ltr'>μακρόϐιοι</span> <span class='ocrx_word' id='word_1_249' title='bbox 3155 1857 3363 1921; x_wconf 77' lang='grc' dir='ltr'>πάντες</span> <span class='ocrx_word' id='word_1_250' title='bbox 3386 1857 3647 1926; x_wconf 72' lang='grc' dir='ltr'>ἐγένοντο.</span> 
     </span>
    </p>
   </div>
   <div class='ocr_carea' id='block_1_36' title="bbox 399 1938 1975 2024">
    <p class='ocr_par' dir='ltr' id='par_1_36' title="bbox 399 1938 1975 2024">
     <span class='ocr_line' id='line_1_36' title="bbox 399 1938 1975 2024; baseline -0.007 -14"><span class='ocrx_word' id='word_1_251' title='bbox 399 1938 559 2024; x_wconf 37' lang='lat' dir='ltr'><strong>quos.</strong></span> <span class='ocrx_word' id='word_1_252' title='bbox 594 1948 976 2009; x_wconf 74' lang='lat' dir='ltr'><strong>recensuimus</strong></span> <span class='ocrx_word' id='word_1_253' title='bbox 1031 1953 1310 2017; x_wconf 80' lang='lat' dir='ltr'><strong>monachi,</strong></span> <span class='ocrx_word' id='word_1_254' title='bbox 1366 1949 1596 2022; x_wconf 79' lang='lat' dir='ltr'><strong>longaevi</strong></span> <span class='ocrx_word' id='word_1_255' title='bbox 1651 1949 1807 2004; x_wconf 85' lang='lat' dir='ltr'><strong>fuere</strong></span> <span class='ocrx_word' id='word_1_256' title='bbox 1857 1966 1871 2002; x_wconf 93' lang='lat'><strong>:</strong></span> <span class='ocrx_word' id='word_1_257' title='bbox 1920 1944 1975 2000; x_wconf 94' lang='lat' dir='ltr'><strong>id</strong></span> 
     </span>
    </p>
   </div>
   <div class='ocr_carea' id='block_1_37' title="bbox 399 2038 1974 2116">
    <p class='ocr_par' dir='ltr' id='par_1_37' title="bbox 399 2038 1974 2116">
     <span class='ocr_line' id='line_1_37' title="bbox 399 2038 1974 2116; baseline -0.007 -14"><span class='ocrx_word' id='word_1_258' title='bbox 399 2046 546 2116; x_wconf 89' lang='lat' dir='ltr'><strong>quod</strong></span> <span class='ocrx_word' id='word_1_259' title='bbox 575 2045 938 2115; x_wconf 84' lang='lat' dir='ltr'><strong>dispositione</strong></span> <span class='ocrx_word' id='word_1_260' title='bbox 973 2056 1028 2101; x_wconf 91' lang='lat' dir='ltr'><strong>et</strong></span> <span class='ocrx_word' id='word_1_261' title='bbox 1072 2044 1413 2115; x_wconf 77' lang='lat' dir='ltr'><strong>providentia</strong></span> <span class='ocrx_word' id='word_1_262' title='bbox 1461 2041 1554 2098; x_wconf 87' lang='lat' dir='ltr'><strong>Dei</strong></span> <span class='ocrx_word' id='word_1_263' title='bbox 1604 2040 1736 2095; x_wconf 91' lang='lat' dir='ltr'><strong>mihi</strong></span> <span class='ocrx_word' id='word_1_264' title='bbox 1768 2038 1974 2094; x_wconf 78' lang='lat' dir='ltr'><strong>factum</strong></span> 
     </span>
    </p>
   </div>
   <div class='ocr_carea' id='block_1_38' title="bbox 397 2135 1976 2203">
    <p class='ocr_par' dir='ltr' id='par_1_38' title="bbox 397 2135 1976 2203">
     <span class='ocr_line' id='line_1_38' title="bbox 397 2135 1976 2203; baseline -0.005 -12"><span class='ocrx_word' id='word_1_265' title='bbox 397 2150 523 2193; x_wconf 85' lang='lat' dir='ltr'><strong>esse</strong></span> <span class='ocrx_word' id='word_1_266' title='bbox 562 2139 801 2203; x_wconf 87' lang='lat' dir='ltr'><strong>videtur,</strong></span> <span class='ocrx_word' id='word_1_267' title='bbox 832 2137 1087 2193; x_wconf 74' lang='lat' dir='ltr'><strong>videlicet</strong></span> <span class='ocrx_word' id='word_1_268' title='bbox 1132 2146 1193 2192; x_wconf 85' lang='lat' dir='ltr'><strong>ut</strong></span> <span class='ocrx_word' id='word_1_269' title='bbox 1235 2145 1346 2192; x_wconf 87' lang='lat' dir='ltr'><strong>tam</strong></span> <span class='ocrx_word' id='word_1_270' title='bbox 1395 2135 1656 2189; x_wconf 89' lang='lat' dir='ltr'><strong>diuturno</strong></span> <span class='ocrx_word' id='word_1_271' title='bbox 1693 2139 1750 2186; x_wconf 90' lang='lat' dir='ltr'><strong>et</strong></span> <span class='ocrx_word' id='word_1_272' title='bbox 1779 2137 1976 2185; x_wconf 81' lang='lat' dir='ltr'><strong>exacto</strong></span> 
     </span>
    </p>
   </div>
   <div class='ocr_carea' id='block_1_39' title="bbox 397 2219 1974 2299">
    <p class='ocr_par' dir='ltr' id='par_1_39' title="bbox 397 2219 1974 2299">
     <span class='ocr_line' id='line_1_39' title="bbox 397 2219 1974 2299; baseline -0.007 -14"><span class='ocrx_word' id='word_1_273' title='bbox 397 2232 525 2286; x_wconf 68' lang='lat' dir='ltr'><strong>vita:</strong></span> <span class='ocrx_word' id='word_1_274' title='bbox 557 2231 815 2287; x_wconf 87' lang='lat' dir='ltr'><strong>instituto</strong></span> <span class='ocrx_word' id='word_1_275' title='bbox 846 2230 1249 2285; x_wconf 89' lang='lat' dir='ltr'><strong>incrementum</strong></span> <span class='ocrx_word' id='word_1_276' title='bbox 1287 2226 1483 2299; x_wconf 80' lang='lat' dir='ltr'><strong>religio</strong></span> <span class='ocrx_word' id='word_1_277' title='bbox 1522 2234 1747 2294; x_wconf 84' lang='lat' dir='ltr'><strong>caperet</strong></span> <span class='ocrx_word' id='word_1_278' title='bbox 1780 2239 1793 2276; x_wconf 92' lang='lat'><strong>:</strong></span> <span class='ocrx_word' id='word_1_279' title='bbox 1826 2219 1974 2291; x_wconf 87' lang='lat' dir='ltr'><strong>quod</strong></span> 
     </span>
    </p>
   </div>
   <div class='ocr_carea' id='block_1_40' title="bbox 400 2313 1975 2390">
    <p class='ocr_par' dir='ltr' id='par_1_40' title="bbox 400 2313 1975 2390">
     <span class='ocr_line' id='line_1_40' title="bbox 400 2313 1975 2390; baseline -0.004 -16"><span class='ocrx_word' id='word_1_280' title='bbox 400 2336 507 2375; x_wconf 89' lang='lat' dir='ltr'><strong>non</strong></span> <span class='ocrx_word' id='word_1_281' title='bbox 535 2320 704 2390; x_wconf 77' lang='lat' dir='ltr'><strong>Syros</strong></span> <span class='ocrx_word' id='word_1_282' title='bbox 719 2328 973 2385; x_wconf 68' lang='lat' dir='ltr'><strong>tantum,</strong></span> <span class='ocrx_word' id='word_1_283' title='bbox 997 2320 1093 2375; x_wconf 90' lang='lat' dir='ltr'><strong>sed</strong></span> <span class='ocrx_word' id='word_1_284' title='bbox 1122 2328 1180 2374; x_wconf 88' lang='lat' dir='ltr'><strong>et</strong></span> <span class='ocrx_word' id='word_1_285' title='bbox 1215 2317 1410 2373; x_wconf 87' lang='lat' dir='ltr'><strong>Persas</strong></span> <span class='ocrx_word' id='word_1_286' title='bbox 1442 2327 1606 2385; x_wconf 89' lang='lat' dir='ltr'><strong>atque</strong></span> <span class='ocrx_word' id='word_1_287' title='bbox 1640 2313 1975 2370; x_wconf 83' lang='lat' dir='ltr'><strong>Sarracenos</strong></span> 
     </span>
    </p>
   </div>
   <div class='ocr_carea' id='block_1_41' title="bbox 398 2404 1975 2484">
    <p class='ocr_par' dir='ltr' id='par_1_41' title="bbox 398 2404 1975 2484">
     <span class='ocr_line' id='line_1_41' title="bbox 398 2404 1975 2484; baseline -0.006 -17"><span class='ocrx_word' id='word_1_288' title='bbox 398 2413 669 2484; x_wconf 88' lang='lat' dir='ltr'><strong>plurimos</strong></span> <span class='ocrx_word' id='word_1_289' title='bbox 714 2411 781 2466; x_wconf 88' lang='lat' dir='ltr'><strong>ad</strong></span> <span class='ocrx_word' id='word_1_290' title='bbox 834 2411 996 2466; x_wconf 81' lang='lat' dir='ltr'><strong>ﬁdem</strong></span> <span class='ocrx_word' id='word_1_291' title='bbox 1045 2420 1291 2466; x_wconf 88' lang='lat' dir='ltr'><strong>nostram</strong></span> <span class='ocrx_word' id='word_1_292' title='bbox 1338 2410 1629 2479; x_wconf 81' lang='lat' dir='ltr'><strong>pertraxit,</strong></span> <span class='ocrx_word' id='word_1_293' title='bbox 1672 2415 1727 2460; x_wconf 87' lang='lat' dir='ltr'><strong>et</strong></span> <span class='ocrx_word' id='word_1_294' title='bbox 1772 2404 1975 2460; x_wconf 65' lang='lat' dir='ltr'><strong>Graecae</strong></span> 
     </span>
    </p>
   </div>
   <div class='ocr_carea' id='block_1_42' title="bbox 401 2499 1974 2579">
    <p class='ocr_par' dir='ltr' id='par_1_42' title="bbox 401 2499 1974 2579">
     <span class='ocr_line' id='line_1_42' title="bbox 401 2499 1974 2579; baseline -0.005 -19"><span class='ocrx_word' id='word_1_295' title='bbox 401 2505 816 2579; x_wconf 83' lang='lat' dir='ltr'><strong>superstitionis</strong></span> <span class='ocrx_word' id='word_1_296' title='bbox 854 2513 1157 2561; x_wconf 78' lang='lat' dir='ltr'><strong>sectatores</strong></span> <span class='ocrx_word' id='word_1_297' title='bbox 1188 2503 1435 2574; x_wconf 84' lang='lat' dir='ltr'><strong>plerique</strong></span> <span class='ocrx_word' id='word_1_298' title='bbox 1481 2510 1541 2555; x_wconf 87' lang='lat' dir='ltr'><strong>ut</strong></span> <span class='ocrx_word' id='word_1_299' title='bbox 1572 2499 1781 2554; x_wconf 91' lang='lat' dir='ltr'><strong>cultum</strong></span> <span class='ocrx_word' id='word_1_300' title='bbox 1813 2512 1974 2552; x_wconf 90' lang='lat' dir='ltr'><strong>suum</strong></span> 
     </span>
    </p>
   </div>
   <div class='ocr_carea' id='block_1_43' title="bbox 395 2588 1973 2670">
    <p class='ocr_par' dir='ltr' id='par_1_43' title="bbox 395 2588 1973 2670">
     <span class='ocr_line' id='line_1_43' title="bbox 395 2588 1973 2670; baseline -0.008 -15"><span class='ocrx_word' id='word_1_301' title='bbox 395 2600 759 2670; x_wconf 74' lang='lat' dir='ltr'><strong>abnegarent,</strong></span> <span class='ocrx_word' id='word_1_302' title='bbox 806 2598 1015 2653; x_wconf 76' lang='lat' dir='ltr'><strong>eﬂ‘ecit.</strong></span> <span class='ocrx_word' id='word_1_303' title='bbox 1070 2597 1148 2652; x_wconf 81' lang='lat' dir='ltr'><strong>Ex</strong></span> <span class='ocrx_word' id='word_1_304' title='bbox 1196 2595 1398 2666; x_wconf 82' lang='lat' dir='ltr'><strong>quibus</strong></span> <span class='ocrx_word' id='word_1_305' title='bbox 1439 2592 1696 2647; x_wconf 88' lang='lat' dir='ltr'><strong>omnibus</strong></span> <span class='ocrx_word' id='word_1_306' title='bbox 1749 2588 1973 2661; x_wconf 86' lang='lat' dir='ltr'><strong>plurimi</strong></span> 
     </span>
    </p>
   </div>
   <div class='ocr_carea' id='block_1_44' title="bbox 398 2682 1974 2757">
    <p class='ocr_par' dir='ltr' id='par_1_44' title="bbox 398 2682 1974 2757">
     <span class='ocr_line' id='line_1_44' title="bbox 398 2682 1974 2757; baseline -0.005 -15"><span class='ocrx_word' id='word_1_307' title='bbox 398 2688 650 2757; x_wconf 84' lang='lat' dir='ltr'><strong>persuasi</strong></span> <span class='ocrx_word' id='word_1_308' title='bbox 683 2697 835 2753; x_wconf 89' lang='lat' dir='ltr'><strong>sunt,</strong></span> <span class='ocrx_word' id='word_1_309' title='bbox 872 2695 931 2741; x_wconf 91' lang='lat' dir='ltr'><strong>ut</strong></span> <span class='ocrx_word' id='word_1_310' title='bbox 974 2686 1381 2757; x_wconf 81' lang='lat' dir='ltr'><strong>philosophiam</strong></span> <span class='ocrx_word' id='word_1_311' title='bbox 1434 2682 1789 2738; x_wconf 76' lang='lat' dir='ltr'><strong>monasticam</strong></span> <span class='ocrx_word' id='word_1_312' title='bbox 1822 2695 1974 2735; x_wconf 88' lang='lat' dir='ltr'><strong>sum-</strong></span> 
     </span>
    </p>
   </div>
   <div class='ocr_carea' id='block_1_45' title="bbox 397 2774 1968 2850">
    <p class='ocr_par' dir='ltr' id='par_1_45' title="bbox 397 2774 1968 2850">
     <span class='ocr_line' id='line_1_45' title="bbox 397 2774 1968 2850; baseline -0.005 -15"><span class='ocrx_word' id='word_1_313' title='bbox 397 2796 621 2850; x_wconf 87' lang='lat' dir='ltr'><strong>mopere</strong></span> <span class='ocrx_word' id='word_1_314' title='bbox 649 2780 920 2845; x_wconf 83' lang='lat' dir='ltr'><strong>colerent,</strong></span> <span class='ocrx_word' id='word_1_315' title='bbox 945 2788 1002 2835; x_wconf 89' lang='lat' dir='ltr'><strong>et</strong></span> <span class='ocrx_word' id='word_1_316' title='bbox 1028 2782 1095 2833; x_wconf 85' lang='lat' dir='ltr'><strong>ad</strong></span> <span class='ocrx_word' id='word_1_317' title='bbox 1129 2794 1319 2833; x_wconf 88' lang='lat' dir='ltr'><strong>eorum</strong></span> <span class='ocrx_word' id='word_1_318' title='bbox 1346 2793 1485 2847; x_wconf 88' lang='lat' dir='ltr'><strong>quos</strong></span> <span class='ocrx_word' id='word_1_319' title='bbox 1519 2775 1681 2831; x_wconf 90' lang='lat' dir='ltr'><strong>modo</strong></span> <span class='ocrx_word' id='word_1_320' title='bbox 1706 2774 1968 2840; x_wconf 78' lang='lat' dir='ltr'><strong>diximus,</strong></span> 
     </span>
    </p>
   </div>
   <div class='ocr_carea' id='block_1_46' title="bbox 392 2871 1968 2944">
    <p class='ocr_par' dir='ltr' id='par_1_46' title="bbox 392 2871 1968 2944">
     <span class='ocr_line' id='line_1_46' title="bbox 392 2871 1968 2944; baseline -0.003 -15"><span class='ocrx_word' id='word_1_321' title='bbox 392 2874 705 2944; x_wconf 77' lang='lat' dir='ltr'><strong>exemplum</strong></span> <span class='ocrx_word' id='word_1_322' title='bbox 777 2875 1172 2929; x_wconf 87' lang='lat' dir='ltr'><strong>monachorum</strong></span> <span class='ocrx_word' id='word_1_323' title='bbox 1234 2871 1619 2925; x_wconf 84' lang='lat' dir='ltr'><strong>sodalitatibus</strong></span> <span class='ocrx_word' id='word_1_324' title='bbox 1688 2874 1968 2939; x_wconf 70' lang='lat' dir='ltr'><strong>praeirent.</strong></span> 
     </span>
    </p>
   </div>
   <div class='ocr_carea' id='block_1_47' title="bbox 394 2961 1971 3034">
    <p class='ocr_par' dir='ltr' id='par_1_47' title="bbox 394 2961 1971 3034">
     <span class='ocr_line' id='line_1_47' title="bbox 394 2961 1971 3034; baseline -0.004 -12"><span class='ocrx_word' id='word_1_325' title='bbox 394 2965 597 3022; x_wconf 86' lang='lat' dir='ltr'><strong>Facilis</strong></span> <span class='ocrx_word' id='word_1_326' title='bbox 644 2973 827 3022; x_wconf 88' lang='lat' dir='ltr'><strong>autem</strong></span> <span class='ocrx_word' id='word_1_327' title='bbox 873 2964 1194 3034; x_wconf 79' lang='lat' dir='ltr'><strong>conjectura</strong></span> <span class='ocrx_word' id='word_1_328' title='bbox 1230 2972 1336 3029; x_wconf 90' lang='lat' dir='ltr'><strong>est,</strong></span> <span class='ocrx_word' id='word_1_329' title='bbox 1370 2961 1475 3016; x_wconf 84' lang='lat' dir='ltr'><strong>hoc</strong></span> <span class='ocrx_word' id='word_1_330' title='bbox 1512 2977 1686 3031; x_wconf 79' lang='lat' dir='ltr'><strong>genus</strong></span> <span class='ocrx_word' id='word_1_331' title='bbox 1725 2961 1971 3031; x_wconf 82' lang='lat' dir='ltr'><strong>philoso-</strong></span> 
     </span>
    </p>
   </div>
   <div class='ocr_carea' id='block_1_48' title="bbox 392 3052 1971 3127">
    <p class='ocr_par' dir='ltr' id='par_1_48' title="bbox 392 3052 1971 3127">
     <span class='ocr_line' id='line_1_48' title="bbox 392 3052 1971 3127; baseline -0.003 -14"><span class='ocrx_word' id='word_1_332' title='bbox 392 3059 537 3127; x_wconf 69' lang='lat' dir='ltr'><strong>phire</strong></span> <span class='ocrx_word' id='word_1_333' title='bbox 568 3060 645 3127; x_wconf 73' lang='grc' dir='ltr'><strong>(Ξ)</strong></span> <span class='ocrx_word' id='word_1_334' title='bbox 679 3058 839 3113; x_wconf 84' lang='lat' dir='ltr'><strong>i‘nitio</strong></span> <span class='ocrx_word' id='word_1_335' title='bbox 880 3056 1008 3111; x_wconf 82' lang='lat' dir='ltr'><strong>inde</strong></span> <span class='ocrx_word' id='word_1_336' title='bbox 1041 3065 1287 3125; x_wconf 88' lang='lat' dir='ltr'><strong>sumpto,</strong></span> <span class='ocrx_word' id='word_1_337' title='bbox 1333 3052 1405 3107; x_wconf 90' lang='lat' dir='ltr'><strong>ad</strong></span> <span class='ocrx_word' id='word_1_338' title='bbox 1448 3053 1667 3107; x_wconf 86' lang='lat' dir='ltr'><strong>Galatas</strong></span> <span class='ocrx_word' id='word_1_339' title='bbox 1704 3068 1877 3123; x_wconf 91' lang='lat' dir='ltr'><strong>usque</strong></span> <span class='ocrx_word' id='word_1_340' title='bbox 1914 3062 1971 3108; x_wconf 86' lang='lat' dir='ltr'><strong>et</strong></span> 
     </span>
    </p>
   </div>
   <div class='ocr_carea' id='block_1_49' title="bbox 391 3142 1969 3219">
    <p class='ocr_par' dir='ltr' id='par_1_49' title="bbox 391 3142 1969 3219">
     <span class='ocr_line' id='line_1_49' title="bbox 391 3142 1969 3219; baseline -0.003 -16"><span class='ocrx_word' id='word_1_341' title='bbox 391 3149 769 3219; x_wconf 81' lang='lat' dir='ltr'><strong>Cappodoccs.</strong></span> <span class='ocrx_word' id='word_1_342' title='bbox 834 3146 1209 3214; x_wconf 86' lang='lat' dir='ltr'><strong>ﬁnitimosque</strong></span> <span class='ocrx_word' id='word_1_343' title='bbox 1263 3144 1344 3199; x_wconf 89' lang='lat' dir='ltr'><strong>eis</strong></span> <span class='ocrx_word' id='word_1_344' title='bbox 1400 3144 1652 3213; x_wconf 84' lang='lat' dir='ltr'><strong>populos,</strong></span> <span class='ocrx_word' id='word_1_345' title='bbox 1711 3143 1841 3197; x_wconf 89' lang='lat' dir='ltr'><strong>item</strong></span> <span class='ocrx_word' id='word_1_346' title='bbox 1901 3142 1969 3199; x_wconf 90' lang='lat' dir='ltr'><strong>ad</strong></span> 
     </span>
    </p>
   </div>
   <div class='ocr_carea' id='block_1_50' title="bbox 394 3235 1965 3308">
    <p class='ocr_par' dir='ltr' id='par_1_50' title="bbox 394 3235 1965 3308">
     <span class='ocr_line' id='line_1_50' title="bbox 394 3235 1965 3308; baseline -0.006 -10"><span class='ocrx_word' id='word_1_347' title='bbox 394 3241 670 3298; x_wconf 75' lang='lat' dir='ltr'><strong>Euxinum</strong></span> <span class='ocrx_word' id='word_1_348' title='bbox 729 3242 990 3306; x_wconf 86' lang='lat' dir='ltr'><strong>Pontum,</strong></span> <span class='ocrx_word' id='word_1_349' title='bbox 1051 3235 1387 3308; x_wconf 76' lang='lat' dir='ltr'><strong>Bithyniam,</strong></span> <span class='ocrx_word' id='word_1_350' title='bbox 1446 3247 1503 3292; x_wconf 87' lang='lat' dir='ltr'><strong>et</strong></span> <span class='ocrx_word' id='word_1_351' title='bbox 1553 3235 1965 3305; x_wconf 84' lang='lat' dir='ltr'><strong>Ilellespontum</strong></span> 
     </span>
    </p>
   </div>
   <div class='ocr_carea' id='block_1_51' title="bbox 395 3327 1970 3406">
    <p class='ocr_par' dir='ltr' id='par_1_51' title="bbox 395 3327 1970 3406">
     <span class='ocr_line' id='line_1_51' title="bbox 395 3327 1970 3406; baseline -0.006 -15"><span class='ocrx_word' id='word_1_352' title='bbox 395 3334 741 3406; x_wconf 72' lang='lat' dir='ltr'><strong>pervenisse,</strong></span> <span class='ocrx_word' id='word_1_353' title='bbox 789 3333 884 3404; x_wconf 86' lang='lat' dir='ltr'><strong>qui</strong></span> <span class='ocrx_word' id='word_1_354' title='bbox 934 3346 1067 3387; x_wconf 87' lang='lat' dir='ltr'><strong>sane</strong></span> <span class='ocrx_word' id='word_1_355' title='bbox 1123 3330 1425 3400; x_wconf 83' lang='lat' dir='ltr'><strong>antiquitus</strong></span> <span class='ocrx_word' id='word_1_356' title='bbox 1468 3328 1771 3384; x_wconf 87' lang='lat' dir='ltr'><strong>doctrinam</strong></span> <span class='ocrx_word' id='word_1_357' title='bbox 1810 3327 1970 3384; x_wconf 80' lang='lat' dir='ltr'><strong>Chri-</strong></span> 
     </span>
    </p>
   </div>
   <div class='ocr_carea' id='block_1_52' title="bbox 394 3421 1969 3498">
    <p class='ocr_par' dir='ltr' id='par_1_52' title="bbox 394 3421 1969 3498">
     <span class='ocr_line' id='line_1_52' title="bbox 394 3421 1969 3498; baseline -0.005 -16"><span class='ocrx_word' id='word_1_358' title='bbox 394 3429 628 3483; x_wconf 79' lang='lat' dir='ltr'><strong>stianam</strong></span> <span class='ocrx_word' id='word_1_359' title='bbox 685 3425 1047 3498; x_wconf 76' lang='lat' dir='ltr'><strong>ﬂagrantibus</strong></span> <span class='ocrx_word' id='word_1_360' title='bbox 1099 3423 1298 3478; x_wconf 85' lang='lat' dir='ltr'><strong>animis</strong></span> <span class='ocrx_word' id='word_1_361' title='bbox 1346 3421 1794 3492; x_wconf 87' lang='lat' dir='ltr'><strong>complectentes,</strong></span> <span class='ocrx_word' id='word_1_362' title='bbox 1846 3435 1969 3491; x_wconf 85' lang='lat' dir='ltr'><strong>per-</strong></span> 
     </span>
    </p>
   </div>
   <div class='ocr_carea' id='block_1_53' title="bbox 394 3512 1971 3586">
    <p class='ocr_par' dir='ltr' id='par_1_53' title="bbox 394 3512 1971 3586">
     <span class='ocr_line' id='line_1_53' title="bbox 394 3512 1971 3586; baseline -0.004 -16"><span class='ocrx_word' id='word_1_363' title='bbox 394 3518 597 3573; x_wconf 85' lang='lat' dir='ltr'><strong>multos</strong></span> <span class='ocrx_word' id='word_1_364' title='bbox 649 3518 848 3571; x_wconf 73' lang='lat' dir='ltr'><strong>divina:</strong></span> <span class='ocrx_word' id='word_1_365' title='bbox 887 3514 1052 3586; x_wconf 85' lang='lat' dir='ltr'><strong>hujus</strong></span> <span class='ocrx_word' id='word_1_366' title='bbox 1086 3512 1453 3583; x_wconf 66' lang='lat' dir='ltr'><strong>philosophiae</strong></span> <span class='ocrx_word' id='word_1_367' title='bbox 1505 3512 1749 3567; x_wconf 85' lang='lat' dir='ltr'><strong>habuere</strong></span> <span class='ocrx_word' id='word_1_368' title='bbox 1796 3521 1971 3567; x_wconf 83' lang='lat' dir='ltr'><strong>secta-</strong></span> 
     </span>
    </p>
   </div>
   <div class='ocr_carea' id='block_1_54' title="bbox 393 3601 1969 3685">
    <p class='ocr_par' dir='ltr' id='par_1_54' title="bbox 393 3601 1969 3685">
     <span class='ocr_line' id='line_1_54' title="bbox 393 3601 1969 3685; baseline -0.006 -18"><span class='ocrx_word' id='word_1_369' title='bbox 393 3622 564 3667; x_wconf 87' lang='lat' dir='ltr'><strong>tores.</strong></span> <span class='ocrx_word' id='word_1_370' title='bbox 609 3610 856 3675; x_wconf 84' lang='lat' dir='ltr'><strong>Quorum</strong></span> <span class='ocrx_word' id='word_1_371' title='bbox 908 3608 1094 3685; x_wconf 80' lang='lat' dir='ltr'><strong>plures</strong></span> <span class='ocrx_word' id='word_1_372' title='bbox 1143 3605 1195 3660; x_wconf 89' lang='lat' dir='ltr'><strong>in</strong></span> <span class='ocrx_word' id='word_1_373' title='bbox 1247 3604 1635 3660; x_wconf 86' lang='lat' dir='ltr'><strong>communibus</strong></span> <span class='ocrx_word' id='word_1_374' title='bbox 1672 3601 1969 3658; x_wconf 90' lang='lat' dir='ltr'><strong>domiciliis</strong></span> 
     </span>
    </p>
   </div>
   <div class='ocr_carea' id='block_1_55' title="bbox 393 3695 1966 3773">
    <p class='ocr_par' dir='ltr' id='par_1_55' title="bbox 393 3695 1966 3773">
     <span class='ocr_line' id='line_1_55' title="bbox 393 3695 1966 3773; baseline -0.005 -16"><span class='ocrx_word' id='word_1_375' title='bbox 393 3718 492 3773; x_wconf 88' lang='lat' dir='ltr'><strong>per</strong></span> <span class='ocrx_word' id='word_1_376' title='bbox 529 3704 693 3756; x_wconf 82' lang='lat' dir='ltr'><strong>urbes</strong></span> <span class='ocrx_word' id='word_1_377' title='bbox 733 3710 788 3756; x_wconf 88' lang='lat' dir='ltr'><strong>et</strong></span> <span class='ocrx_word' id='word_1_378' title='bbox 825 3701 978 3756; x_wconf 88' lang='lat' dir='ltr'><strong>vicos</strong></span> <span class='ocrx_word' id='word_1_379' title='bbox 1026 3699 1370 3760; x_wconf 85' lang='lat' dir='ltr'><strong>habitarunt,</strong></span> <span class='ocrx_word' id='word_1_380' title='bbox 1409 3698 1490 3751; x_wconf 88' lang='lat' dir='ltr'><strong>vel</strong></span> <span class='ocrx_word' id='word_1_381' title='bbox 1531 3695 1675 3767; x_wconf 85' lang='lat' dir='ltr'><strong>quod</strong></span> <span class='ocrx_word' id='word_1_382' title='bbox 1722 3695 1966 3749; x_wconf 90' lang='lat' dir='ltr'><strong>nondum</strong></span> 
     </span>
    </p>
   </div>
   <div class='ocr_carea' id='block_1_56' title="bbox 395 3792 1964 3865">
    <p class='ocr_par' dir='ltr' id='par_1_56' title="bbox 395 3792 1964 3865">
     <span class='ocr_line' id='line_1_56' title="bbox 395 3792 1964 3865; baseline -0.003 -14"><span class='ocrx_word' id='word_1_383' title='bbox 395 3798 792 3853; x_wconf 83' lang='lat' dir='ltr'><strong>traditionibus</strong></span> <span class='ocrx_word' id='word_1_384' title='bbox 838 3806 896 3850; x_wconf 87' lang='lat' dir='ltr'><strong>et</strong></span> <span class='ocrx_word' id='word_1_385' title='bbox 941 3795 1209 3865; x_wconf 80' lang='lat' dir='ltr'><strong>exemplis</strong></span> <span class='ocrx_word' id='word_1_386' title='bbox 1258 3809 1452 3849; x_wconf 79' lang='lat' dir='ltr'><strong>eorum</strong></span> <span class='ocrx_word' id='word_1_387' title='bbox 1492 3793 1587 3863; x_wconf 89' lang='lat' dir='ltr'><strong>qui</strong></span> <span class='ocrx_word' id='word_1_388' title='bbox 1638 3792 1771 3847; x_wconf 88' lang='lat' dir='ltr'><strong>dicti</strong></span> <span class='ocrx_word' id='word_1_389' title='bbox 1816 3801 1964 3858; x_wconf 86' lang='lat' dir='ltr'><strong>sunt,</strong></span> 
     </span>
    </p>
   </div>
   <div class='ocr_carea' id='block_1_57' title="bbox 390 3886 1969 3960">
    <p class='ocr_par' dir='ltr' id='par_1_57' title="bbox 390 3886 1969 3960">
     <span class='ocr_line' id='line_1_57' title="bbox 390 3886 1969 3960; baseline -0.004 -13"><span class='ocrx_word' id='word_1_390' title='bbox 390 3891 782 3953; x_wconf 85' lang='lat' dir='ltr'><strong>assuevisscnt,</strong></span> <span class='ocrx_word' id='word_1_391' title='bbox 846 3888 1004 3960; x_wconf 77' lang='lat'><strong>195</strong></span> <span class='ocrx_word' id='word_1_392' title='bbox 1033 3889 1116 3944; x_wconf 84' lang='lat' dir='ltr'><strong>vel</strong></span> <span class='ocrx_word' id='word_1_393' title='bbox 1147 3887 1293 3958; x_wconf 89' lang='lat' dir='ltr'><strong>quod</strong></span> <span class='ocrx_word' id='word_1_394' title='bbox 1328 3896 1553 3959; x_wconf 91' lang='lat' dir='ltr'><strong>propter</strong></span> <span class='ocrx_word' id='word_1_395' title='bbox 1585 3886 1782 3940; x_wconf 85' lang='lat' dir='ltr'><strong>hiemis</strong></span> <span class='ocrx_word' id='word_1_396' title='bbox 1811 3900 1969 3955; x_wconf 82' lang='lat' dir='ltr'><strong>aspe-</strong></span> 
     </span>
    </p>
   </div>
   <div class='ocr_carea' id='block_1_58' title="bbox 393 3976 1967 4053">
    <p class='ocr_par' dir='ltr' id='par_1_58' title="bbox 393 3976 1967 4053">
     <span class='ocr_line' id='line_1_58' title="bbox 393 3976 1967 4053; baseline -0.005 -17"><span class='ocrx_word' id='word_1_397' title='bbox 393 3984 612 4038; x_wconf 82' lang='lat' dir='ltr'><strong>ritatem</strong></span> <span class='ocrx_word' id='word_1_398' title='bbox 664 3982 915 4053; x_wconf 81' lang='lat' dir='ltr'><strong>regiones</strong></span> <span class='ocrx_word' id='word_1_399' title='bbox 958 3982 1084 4045; x_wconf 65' lang='lat' dir='ltr'><strong>illae,</strong></span> <span class='ocrx_word' id='word_1_400' title='bbox 1127 3989 1182 4036; x_wconf 88' lang='lat' dir='ltr'><strong>et</strong></span> <span class='ocrx_word' id='word_1_401' title='bbox 1216 3979 1454 4035; x_wconf 79' lang='lat' dir='ltr'><strong>maxime</strong></span> <span class='ocrx_word' id='word_1_402' title='bbox 1499 3979 1727 4041; x_wconf 85' lang='lat' dir='ltr'><strong>Pontus,</strong></span> <span class='ocrx_word' id='word_1_403' title='bbox 1758 3976 1967 4046; x_wconf 84' lang='lat' dir='ltr'><strong>Cappa-</strong></span> 
     </span>
    </p>
   </div>
   <div class='ocr_carea' id='block_1_59' title="bbox 392 4069 1964 4145">
    <p class='ocr_par' dir='ltr' id='par_1_59' title="bbox 392 4069 1964 4145">
     <span class='ocr_line' id='line_1_59' title="bbox 392 4069 1964 4145; baseline -0.005 -14"><span class='ocrx_word' id='word_1_404' title='bbox 392 4079 574 4142; x_wconf 87' lang='lat' dir='ltr'><strong>docia,</strong></span> <span class='ocrx_word' id='word_1_405' title='bbox 607 4087 660 4132; x_wconf 84' lang='lat' dir='ltr'><strong>et</strong></span> <span class='ocrx_word' id='word_1_406' title='bbox 687 4077 920 4142; x_wconf 86' lang='lat' dir='ltr'><strong>Galatia,</strong></span> <span class='ocrx_word' id='word_1_407' title='bbox 953 4087 1146 4132; x_wconf 84' lang='lat' dir='ltr'><strong>natura</strong></span> <span class='ocrx_word' id='word_1_408' title='bbox 1191 4074 1565 4145; x_wconf 78' lang='lat' dir='ltr'><strong>frigidissima:</strong></span> <span class='ocrx_word' id='word_1_409' title='bbox 1608 4072 1741 4135; x_wconf 84' lang='lat' dir='ltr'><strong>sint,</strong></span> <span class='ocrx_word' id='word_1_410' title='bbox 1772 4069 1964 4141; x_wconf 87' lang='lat' dir='ltr'><strong>proin-</strong></span> 
     </span>
    </p>
   </div>
   <div class='ocr_carea' id='block_1_60' title="bbox 392 4164 1967 4240">
    <p class='ocr_par' dir='ltr' id='par_1_60' title="bbox 392 4164 1967 4240">
     <span class='ocr_line' id='line_1_60' title="bbox 392 4164 1967 4240; baseline -0.004 -16"><span class='ocrx_word' id='word_1_411' title='bbox 392 4175 572 4240; x_wconf 85' lang='lat' dir='ltr'><strong>deque</strong></span> <span class='ocrx_word' id='word_1_412' title='bbox 620 4186 729 4225; x_wconf 91' lang='lat' dir='ltr'><strong>non</strong></span> <span class='ocrx_word' id='word_1_413' title='bbox 782 4170 943 4225; x_wconf 82' lang='lat' dir='ltr'><strong>facile</strong></span> <span class='ocrx_word' id='word_1_414' title='bbox 989 4168 1209 4240; x_wconf 88' lang='lat' dir='ltr'><strong>plurimi</strong></span> <span class='ocrx_word' id='word_1_415' title='bbox 1242 4169 1297 4223; x_wconf 90' lang='lat' dir='ltr'><strong>in</strong></span> <span class='ocrx_word' id='word_1_416' title='bbox 1331 4166 1463 4223; x_wconf 90' lang='lat' dir='ltr'><strong>solis</strong></span> <span class='ocrx_word' id='word_1_417' title='bbox 1498 4166 1570 4221; x_wconf 89' lang='lat' dir='ltr'><strong>ibi</strong></span> <span class='ocrx_word' id='word_1_418' title='bbox 1604 4165 1739 4220; x_wconf 89' lang='lat' dir='ltr'><strong>locis</strong></span> <span class='ocrx_word' id='word_1_419' title='bbox 1767 4164 1967 4235; x_wconf 77' lang='lat' dir='ltr'><strong>degere</strong></span> 
     </span>
    </p>
   </div>
   <div class='ocr_carea' id='block_1_61' title="bbox 389 4260 1964 4336">
    <p class='ocr_par' dir='ltr' id='par_1_61' title="bbox 389 4260 1964 4336">
     <span class='ocr_line' id='line_1_61' title="bbox 389 4260 1964 4336; baseline -0.007 -17"><span class='ocrx_word' id='word_1_420' title='bbox 389 4275 637 4336; x_wconf 83' lang='lat' dir='ltr'><strong>possent.</strong></span> <span class='ocrx_word' id='word_1_421' title='bbox 672 4265 1062 4320; x_wconf 75' lang='lat' dir='ltr'><strong>Verumtamen</strong></span> <span class='ocrx_word' id='word_1_422' title='bbox 1107 4277 1219 4317; x_wconf 90' lang='lat' dir='ltr'><strong>non</strong></span> <span class='ocrx_word' id='word_1_423' title='bbox 1251 4260 1478 4316; x_wconf 86' lang='lat' dir='ltr'><strong>omnino</strong></span> <span class='ocrx_word' id='word_1_424' title='bbox 1520 4268 1736 4312; x_wconf 88' lang='lat' dir='ltr'><strong>montes</strong></span> <span class='ocrx_word' id='word_1_425' title='bbox 1775 4270 1964 4311; x_wconf 85' lang='lat' dir='ltr'><strong>earum</strong></span> 
     </span>
    </p>
   </div>
   <div class='ocr_carea' id='block_1_62' title="bbox 390 4350 1965 4429">
    <p class='ocr_par' dir='ltr' id='par_1_62' title="bbox 390 4350 1965 4429">
     <span class='ocr_line' id='line_1_62' title="bbox 390 4350 1965 4429; baseline -0.005 -17"><span class='ocrx_word' id='word_1_426' title='bbox 390 4359 459 4412; x_wconf 92' lang='lat' dir='ltr'><strong>ab</strong></span> <span class='ocrx_word' id='word_1_427' title='bbox 500 4356 839 4429; x_wconf 83' lang='lat' dir='ltr'><strong>ejnscemodi</strong></span> <span class='ocrx_word' id='word_1_428' title='bbox 889 4353 1234 4425; x_wconf 82' lang='lat' dir='ltr'><strong>philosOphis</strong></span> <span class='ocrx_word' id='word_1_429' title='bbox 1277 4352 1433 4407; x_wconf 87' lang='lat' dir='ltr'><strong>vacui</strong></span> <span class='ocrx_word' id='word_1_430' title='bbox 1490 4350 1664 4408; x_wconf 83' lang='lat' dir='ltr'><strong>fuere.</strong></span> <span class='ocrx_word' id='word_1_431' title='bbox 1694 4350 1965 4419; x_wconf 83' lang='lat' dir='ltr'><strong>Tempore</strong></span> 
     </span>
    </p>
   </div>
   <div class='ocr_carea' id='block_1_63' title="bbox 366 4444 2009 4523">
    <p class='ocr_par' dir='ltr' id='par_1_63' title="bbox 366 4444 2009 4523">
     <span class='ocr_line' id='line_1_63' title="bbox 366 4444 2009 4523; baseline -0.005 -18"><span class='ocrx_word' id='word_1_432' title='bbox 366 4466 631 4519; x_wconf 80' lang='lat' dir='ltr'><strong>.ttamque</strong></span> <span class='ocrx_word' id='word_1_433' title='bbox 668 4449 1023 4519; x_wconf 84' lang='lat' dir='ltr'><strong>procedente,</strong></span> <span class='ocrx_word' id='word_1_434' title='bbox 1067 4445 1383 4503; x_wconf 87' lang='lat' dir='ltr'><strong>vehementi</strong></span> <span class='ocrx_word' id='word_1_435' title='bbox 1427 4455 1590 4515; x_wconf 85' lang='lat' dir='ltr'><strong>atque</strong></span> <span class='ocrx_word' id='word_1_436' title='bbox 1622 4444 1839 4499; x_wconf 86' lang='lat' dir='ltr'><strong>ardenti</strong></span> <span class='ocrx_word' id='word_1_437' title='bbox 1881 4457 1965 4497; x_wconf 90' lang='lat' dir='ltr'><strong>re-</strong></span> <span class='ocrx_word' id='word_1_438' title='bbox 1994 4498 2009 4523; x_wconf 40' lang='grc' dir='ltr'><strong>ι</strong></span> 
     </span>
    </p>
   </div>
   <div class='ocr_carea' id='block_1_64' title="bbox 2082 1948 3647 2024">
    <p class='ocr_par' dir='ltr' id='par_1_64' title="bbox 2082 1948 3647 2024">
     <span class='ocr_line' id='line_1_64' title="bbox 2082 1948 3647 2024; baseline -0.003 -18"><span class='ocrx_word' id='word_1_439' title='bbox 2082 1952 2189 2007; x_wconf 85' lang='grc' dir='ltr'>Καί</span> <span class='ocrx_word' id='word_1_440' title='bbox 2237 1968 2330 2024; x_wconf 89' lang='grc' dir='ltr'><strong>μοι</strong></span> <span class='ocrx_word' id='word_1_441' title='bbox 2377 1953 2524 2006; x_wconf 86' lang='grc' dir='ltr'>δοκεῖ</span> <span class='ocrx_word' id='word_1_442' title='bbox 2565 1954 2628 2006; x_wconf 85' lang='grc' dir='ltr'>τὸ</span> <span class='ocrx_word' id='word_1_443' title='bbox 2668 1951 2844 2014; x_wconf 73' lang='grc' dir='ltr'>οὕτως</span> <span class='ocrx_word' id='word_1_444' title='bbox 2888 1950 3125 2005; x_wconf 78' lang='grc' dir='ltr'>ἐπιπολὺ</span> <span class='ocrx_word' id='word_1_445' title='bbox 3171 1949 3526 2019; x_wconf 77' lang='grc' dir='ltr'>διαγενέσθαι</span> <span class='ocrx_word' id='word_1_446' title='bbox 3561 1948 3647 2003; x_wconf 74' lang='grc' dir='ltr'>τοῦ</span> 
     </span>
    </p>
   </div>
   <div class='ocr_carea' id='block_1_65' title="bbox 2079 2044 3650 2116">
    <p class='ocr_par' dir='ltr' id='par_1_65' title="bbox 2079 2044 3650 2116">
     <span class='ocr_line' id='line_1_65' title="bbox 2079 2044 3650 2116; baseline -0.002 -18"><span class='ocrx_word' id='word_1_447' title='bbox 2079 2044 2273 2116; x_wconf 85' lang='grc' dir='ltr'>χρόνου</span> <span class='ocrx_word' id='word_1_448' title='bbox 2306 2045 2663 2115; x_wconf 74' lang='grc' dir='ltr'>οἰκονομῆσαι</span> <span class='ocrx_word' id='word_1_449' title='bbox 2689 2045 2750 2098; x_wconf 83' lang='grc' dir='ltr'><strong>τὺ</strong></span> <span class='ocrx_word' id='word_1_450' title='bbox 2779 2044 2935 2098; x_wconf 87' lang='grc' dir='ltr'>Θεῖον</span> <span class='ocrx_word' id='word_1_451' title='bbox 2955 2084 2971 2111; x_wconf 98' lang='grc'><strong>,</strong></span> <span class='ocrx_word' id='word_1_452' title='bbox 3003 2045 3081 2109; x_wconf 81' lang='grc' dir='ltr'>ὡς</span> <span class='ocrx_word' id='word_1_453' title='bbox 3115 2045 3182 2098; x_wconf 75' lang='grc' dir='ltr'>ἄν</span> <span class='ocrx_word' id='word_1_454' title='bbox 3212 2046 3245 2115; x_wconf 81' lang='grc' dir='ltr'><strong>ή</strong></span> <span class='ocrx_word' id='word_1_455' title='bbox 3281 2044 3551 2114; x_wconf 80' lang='grc' dir='ltr'>θρησκεία</span> <span class='ocrx_word' id='word_1_456' title='bbox 3576 2045 3650 2106; x_wconf 85' lang='grc' dir='ltr'><strong>είς</strong></span> 
     </span>
    </p>
   </div>
   <div class='ocr_carea' id='block_1_66' title="bbox 2079 2136 3647 2209">
    <p class='ocr_par' dir='ltr' id='par_1_66' title="bbox 2079 2136 3647 2209">
     <span class='ocr_line' id='line_1_66' title="bbox 2079 2136 3647 2209; baseline 0 -20"><span class='ocrx_word' id='word_1_457' title='bbox 2079 2137 2325 2190; x_wconf 76' lang='grc' dir='ltr'>ἐπίδοσιν</span> <span class='ocrx_word' id='word_1_458' title='bbox 2354 2138 2731 2209; x_wconf 84' lang='grc' dir='ltr'>προχωρήσοι.</span> <span class='ocrx_word' id='word_1_459' title='bbox 2789 2137 2870 2209; x_wconf 74' lang='grc' dir='ltr'><strong>Τῇ</strong></span> <span class='ocrx_word' id='word_1_460' title='bbox 2902 2139 3012 2206; x_wconf 80' lang='grc' dir='ltr'>γὰρ</span> <span class='ocrx_word' id='word_1_461' title='bbox 3041 2136 3282 2209; x_wconf 79' lang='grc' dir='ltr'><strong>τοσαύτῃ</strong></span> <span class='ocrx_word' id='word_1_462' title='bbox 3314 2136 3535 2206; x_wconf 83' lang='grc' dir='ltr'>ἀκριϐεῖ</span> <span class='ocrx_word' id='word_1_463' title='bbox 3561 2138 3647 2189; x_wconf 75' lang='grc' dir='ltr'>ἐπὶ</span> 
     </span>
    </p>
   </div>
   <div class='ocr_carea' id='block_1_67' title="bbox 2081 2227 3647 2302">
    <p class='ocr_par' dir='ltr' id='par_1_67' title="bbox 2081 2227 3647 2302">
     <span class='ocr_line' id='line_1_67' title="bbox 2081 2227 3647 2302; baseline -0.003 -19"><span class='ocrx_word' id='word_1_464' title='bbox 2081 2230 2296 2300; x_wconf 83' lang='grc' dir='ltr'>μακρόν</span> <span class='ocrx_word' id='word_1_465' title='bbox 2321 2229 2571 2302; x_wconf 74' lang='grc' dir='ltr'>πολιτείᾳ</span> <span class='ocrx_word' id='word_1_466' title='bbox 2597 2229 2659 2283; x_wconf 82' lang='grc' dir='ltr'>οὐ</span> <span class='ocrx_word' id='word_1_467' title='bbox 2687 2229 2899 2299; x_wconf 80' lang='grc' dir='ltr'>Σύρους</span> <span class='ocrx_word' id='word_1_468' title='bbox 2925 2228 3109 2300; x_wconf 87' lang='grc' dir='ltr'>μόνον,</span> <span class='ocrx_word' id='word_1_469' title='bbox 3135 2227 3275 2283; x_wconf 81' lang='grc' dir='ltr'><strong>ἀλλὰ</strong></span> <span class='ocrx_word' id='word_1_470' title='bbox 3306 2229 3405 2282; x_wconf 71' lang='grc' dir='ltr'>καὶ</span> <span class='ocrx_word' id='word_1_471' title='bbox 3434 2228 3647 2299; x_wconf 83' lang='grc' dir='ltr'>Περσῶν</span> 
     </span>
    </p>
   </div>
   <div class='ocr_carea' id='block_1_68' title="bbox 2079 2321 3646 2392">
    <p class='ocr_par' dir='ltr' id='par_1_68' title="bbox 2079 2321 3646 2392">
     <span class='ocr_line' id='line_1_68' title="bbox 2079 2321 3646 2392; baseline -0.002 -17"><span class='ocrx_word' id='word_1_472' title='bbox 2079 2322 2175 2375; x_wconf 68' lang='grc' dir='ltr'>καὶ</span> <span class='ocrx_word' id='word_1_473' title='bbox 2217 2321 2553 2392; x_wconf 80' lang='grc' dir='ltr'>Σαρακηνῶν</span> <span class='ocrx_word' id='word_1_474' title='bbox 2587 2323 2715 2385; x_wconf 78' lang='grc' dir='ltr'>τοὺς</span> <span class='ocrx_word' id='word_1_475' title='bbox 2756 2321 3046 2386; x_wconf 77' lang='grc' dir='ltr'>πλείστους</span> <span class='ocrx_word' id='word_1_476' title='bbox 3071 2322 3211 2392; x_wconf 76' lang='grc' dir='ltr'>πρὸς</span> <span class='ocrx_word' id='word_1_477' title='bbox 3243 2321 3347 2392; x_wconf 79' lang='grc' dir='ltr'>τὴν</span> <span class='ocrx_word' id='word_1_478' title='bbox 3385 2323 3646 2391; x_wconf 78' lang='grc' dir='ltr'>σφετέραν</span> 
     </span>
    </p>
   </div>
   <div class='ocr_carea' id='block_1_69' title="bbox 2080 2413 3647 2486">
    <p class='ocr_par' dir='ltr' id='par_1_69' title="bbox 2080 2413 3647 2486">
     <span class='ocr_line' id='line_1_69' title="bbox 2080 2413 3647 2486; baseline -0.002 -16"><span class='ocrx_word' id='word_1_479' title='bbox 2080 2417 2265 2471; x_wconf 88' lang='grc' dir='ltr'>πίστιν</span> <span class='ocrx_word' id='word_1_480' title='bbox 2312 2415 2682 2469; x_wconf 76' lang='grc' dir='ltr'>καθείλκυσαν</span> <span class='ocrx_word' id='word_1_481' title='bbox 2709 2432 2724 2449; x_wconf 86' lang='grc'><strong>·</strong></span> <span class='ocrx_word' id='word_1_482' title='bbox 2782 2417 2879 2470; x_wconf 73' lang='grc' dir='ltr'>καὶ</span> <span class='ocrx_word' id='word_1_483' title='bbox 2910 2414 3182 2486; x_wconf 80' lang='grc' dir='ltr'>Ἓλληνας</span> <span class='ocrx_word' id='word_1_484' title='bbox 3228 2417 3315 2469; x_wconf 82' lang='grc' dir='ltr'>ὅτι</span> <span class='ocrx_word' id='word_1_485' title='bbox 3368 2413 3647 2477; x_wconf 70' lang='grc' dir='ltr'><strong>πλείστους</strong></span> 
     </span>
    </p>
   </div>
   <div class='ocr_carea' id='block_1_70' title="bbox 2078 2505 3645 2580">
    <p class='ocr_par' dir='ltr' id='par_1_70' title="bbox 2078 2505 3645 2580">
     <span class='ocr_line' id='line_1_70' title="bbox 2078 2505 3645 2580; baseline -0.003 -17"><span class='ocrx_word' id='word_1_486' title='bbox 2078 2507 2422 2580; x_wconf 79' lang='grc' dir='ltr'>ἀρνήσασθαι</span> <span class='ocrx_word' id='word_1_487' title='bbox 2454 2509 2513 2561; x_wconf 79' lang='grc' dir='ltr'>τὸ</span> <span class='ocrx_word' id='word_1_488' title='bbox 2532 2510 2736 2562; x_wconf 76' lang='grc' dir='ltr'>οἰκεῖον</span> <span class='ocrx_word' id='word_1_489' title='bbox 2757 2507 3177 2579; x_wconf 73' lang='grc' dir='ltr'>παρεσκεύασαν</span> <span class='ocrx_word' id='word_1_490' title='bbox 3214 2505 3404 2569; x_wconf 69' lang='grc' dir='ltr'>σέϐας.</span> <span class='ocrx_word' id='word_1_491' title='bbox 3442 2507 3551 2559; x_wconf 70' lang='grc' dir='ltr'><strong>Καὶ</strong></span> <span class='ocrx_word' id='word_1_492' title='bbox 3586 2508 3645 2560; x_wconf 73' lang='grc' dir='ltr'><strong>ἐκ</strong></span> 
     </span>
    </p>
   </div>
   <div class='ocr_carea' id='block_1_71' title="bbox 2075 2597 3741 2672">
    <p class='ocr_par' dir='ltr' id='par_1_71' title="bbox 2075 2597 3741 2672">
     <span class='ocr_line' id='line_1_71' title="bbox 2075 2597 3741 2672; baseline -0.004 -14"><span class='ocrx_word' id='word_1_493' title='bbox 2075 2603 2280 2658; x_wconf 86' lang='grc' dir='ltr'>τούτων</span> <span class='ocrx_word' id='word_1_494' title='bbox 2311 2604 2531 2657; x_wconf 88' lang='grc' dir='ltr'>πάντων</span> <span class='ocrx_word' id='word_1_495' title='bbox 2560 2597 2851 2665; x_wconf 83' lang='grc' dir='ltr'>πλείστους</span> <span class='ocrx_word' id='word_1_496' title='bbox 2891 2602 3186 2672; x_wconf 77' lang='grc' dir='ltr'>μοναδικῆς</span> <span class='ocrx_word' id='word_1_497' title='bbox 3219 2600 3543 2671; x_wconf 73' lang='grc' dir='ltr'>φιλοσοφίας</span> <span class='ocrx_word' id='word_1_498' title='bbox 3572 2602 3646 2666; x_wconf 86' lang='grc' dir='ltr'><strong>είς</strong></span> <span class='ocrx_word' id='word_1_499' title='bbox 3720 2600 3741 2623; x_wconf 90' lang='lat'><em>’</em></span> 
     </span>
    </p>
   </div>
   <div class='ocr_carea' id='block_1_72' title="bbox 3697 1468 3724 1541">
    <p class='ocr_par' dir='ltr' id='par_1_72' title="bbox 3697 1468 3724 1541">
     <span class='ocr_line' id='line_1_72' title="bbox 3697 1468 3724 1541; baseline 0 0"><span class='ocrx_word' id='word_1_500' title='bbox 3697 1468 3724 1541; x_wconf 64' lang='grc' dir='ltr'><strong>ἰ</strong></span> 
     </span>
    </p>
   </div>
   <div class='ocr_carea' id='block_1_73' title="bbox 2075 2690 3697 2764">
    <p class='ocr_par' dir='ltr' id='par_1_73' title="bbox 2075 2690 3697 2764">
     <span class='ocr_line' id='line_1_73' title="bbox 2075 2690 3697 2764; baseline -0.001 -18"><span class='ocrx_word' id='word_1_501' title='bbox 2075 2692 2245 2764; x_wconf 79' lang='grc' dir='ltr'>ἄκρον</span> <span class='ocrx_word' id='word_1_502' title='bbox 2278 2693 2453 2745; x_wconf 85' lang='grc' dir='ltr'>ἐλθεῖν</span> <span class='ocrx_word' id='word_1_503' title='bbox 2488 2693 2734 2755; x_wconf 70' lang='grc' dir='ltr'>ἔπεισαν,</span> <span class='ocrx_word' id='word_1_504' title='bbox 2770 2690 2864 2745; x_wconf 73' lang='grc' dir='ltr'>καὶ</span> <span class='ocrx_word' id='word_1_505' title='bbox 2899 2691 3126 2760; x_wconf 86' lang='grc' dir='ltr'>στίφους</span> <span class='ocrx_word' id='word_1_506' title='bbox 3166 2693 3428 2763; x_wconf 73' lang='grc' dir='ltr'>μοναχῶν</span> <span class='ocrx_word' id='word_1_507' title='bbox 3463 2691 3643 2757; x_wconf 70' lang='grc' dir='ltr'>ἐπίσης</span> <span class='ocrx_word' id='word_1_508' title='bbox 3692 2706 3697 2709; x_wconf 67' lang='grc'><strong>⁷</strong></span> 
     </span>
    </p>
   </div>
   <div class='ocr_carea' id='block_1_74' title="bbox 2074 2783 3643 2856">
    <p class='ocr_par' dir='ltr' id='par_1_74' title="bbox 2074 2783 3643 2856">
     <span class='ocr_line' id='line_1_74' title="bbox 2074 2783 3643 2856; baseline -0.001 -18"><span class='ocrx_word' id='word_1_509' title='bbox 2074 2785 2260 2849; x_wconf 77' lang='grc' dir='ltr'>αὐτοῖς</span> <span class='ocrx_word' id='word_1_510' title='bbox 2307 2783 2753 2854; x_wconf 76' lang='grc' dir='ltr'>καθηγήσασθαι.</span> <span class='ocrx_word' id='word_1_511' title='bbox 2786 2786 3005 2839; x_wconf 79' lang='grc' dir='ltr'>Ἕνεστι</span> <span class='ocrx_word' id='word_1_512' title='bbox 3050 2785 3109 2838; x_wconf 87' lang='grc' dir='ltr'><strong>δέ</strong></span> <span class='ocrx_word' id='word_1_513' title='bbox 3158 2785 3528 2856; x_wconf 82' lang='grc' dir='ltr'>συμϐάλλειν,</span> <span class='ocrx_word' id='word_1_514' title='bbox 3574 2784 3643 2847; x_wconf 79' lang='grc' dir='ltr'><strong>ὡς</strong></span> 
     </span>
    </p>
   </div>
   <div class='ocr_carea' id='block_1_75' title="bbox 2074 2877 3641 2950">
    <p class='ocr_par' dir='ltr' id='par_1_75' title="bbox 2074 2877 3641 2950">
     <span class='ocr_line' id='line_1_75' title="bbox 2074 2877 3641 2950; baseline 0 -19"><span class='ocrx_word' id='word_1_515' title='bbox 2074 2879 2287 2932; x_wconf 84' lang='grc' dir='ltr'>ἐκεῖθεν</span> <span class='ocrx_word' id='word_1_516' title='bbox 2331 2879 2365 2948; x_wconf 79' lang='grc' dir='ltr'><strong>ἡ</strong></span> <span class='ocrx_word' id='word_1_517' title='bbox 2407 2880 2634 2949; x_wconf 82' lang='grc' dir='ltr'>τοιαύτη</span> <span class='ocrx_word' id='word_1_518' title='bbox 2682 2877 2967 2950; x_wconf 81' lang='grc' dir='ltr'>ἀρξαμένη</span> <span class='ocrx_word' id='word_1_519' title='bbox 3013 2878 3303 2948; x_wconf 87' lang='grc' dir='ltr'>φιλοσοφία</span> <span class='ocrx_word' id='word_1_520' title='bbox 3355 2880 3451 2932; x_wconf 79' lang='grc' dir='ltr'>καὶ</span> <span class='ocrx_word' id='word_1_521' title='bbox 3495 2878 3641 2950; x_wconf 76' lang='grc' dir='ltr'>μέχρι</span> 
     </span>
    </p>
   </div>
   <div class='ocr_carea' id='block_1_76' title="bbox 2074 2967 3639 3040">
    <p class='ocr_par' dir='ltr' id='par_1_76' title="bbox 2074 2967 3639 3040">
     <span class='ocr_line' id='line_1_76' title="bbox 2074 2967 3639 3040; baseline 0 -18"><span class='ocrx_word' id='word_1_522' title='bbox 2074 2967 2331 3022; x_wconf 80' lang='grc' dir='ltr'>Γαλατῶν</span> <span class='ocrx_word' id='word_1_523' title='bbox 2361 2969 2454 3021; x_wconf 76' lang='grc' dir='ltr'>καὶ</span> <span class='ocrx_word' id='word_1_524' title='bbox 2492 2968 2883 3023; x_wconf 79' lang='grc' dir='ltr'>Καππαδοκῶν</span> <span class='ocrx_word' id='word_1_525' title='bbox 2916 2971 3013 3022; x_wconf 74' lang='grc' dir='ltr'>καὶ</span> <span class='ocrx_word' id='word_1_526' title='bbox 3042 2970 3150 3023; x_wconf 82' lang='grc' dir='ltr'>τῶν</span> <span class='ocrx_word' id='word_1_527' title='bbox 3181 2970 3406 3040; x_wconf 78' lang='grc' dir='ltr'>ὁμόρων</span> <span class='ocrx_word' id='word_1_528' title='bbox 3434 2972 3607 3033; x_wconf 70' lang='grc' dir='ltr'>αὐτοῖς</span> <span class='ocrx_word' id='word_1_529' title='bbox 3624 3008 3639 3034; x_wconf 91' lang='grc'><strong>,</strong></span> 
     </span>
    </p>
   </div>
   <div class='ocr_carea' id='block_1_77' title="bbox 2074 3056 3640 3131">
    <p class='ocr_par' dir='ltr' id='par_1_77' title="bbox 2074 3056 3640 3131">
     <span class='ocr_line' id='line_1_77' title="bbox 2074 3056 3640 3131; baseline 0.001 -16"><span class='ocrx_word' id='word_1_530' title='bbox 2074 3063 2169 3116; x_wconf 72' lang='grc' dir='ltr'>καὶ</span> <span class='ocrx_word' id='word_1_531' title='bbox 2205 3056 2336 3131; x_wconf 63' lang='grc' dir='ltr'><strong>περὶ¹</strong></span> <span class='ocrx_word' id='word_1_532' title='bbox 2360 3063 2450 3114; x_wconf 86' lang='grc' dir='ltr'>τὸν</span> <span class='ocrx_word' id='word_1_533' title='bbox 2483 3058 2733 3127; x_wconf 77' lang='grc' dir='ltr'>Εὔξεινον</span> <span class='ocrx_word' id='word_1_534' title='bbox 2764 3062 2959 3116; x_wconf 85' lang='grc' dir='ltr'>πόντον</span> <span class='ocrx_word' id='word_1_535' title='bbox 2987 3063 3083 3115; x_wconf 78' lang='grc' dir='ltr'>καὶ</span> <span class='ocrx_word' id='word_1_536' title='bbox 3117 3063 3374 3117; x_wconf 86' lang='grc' dir='ltr'>Βιθυνίαν</span> <span class='ocrx_word' id='word_1_537' title='bbox 3404 3063 3496 3117; x_wconf 79' lang='grc' dir='ltr'>καὶ</span> <span class='ocrx_word' id='word_1_538' title='bbox 3529 3062 3640 3116; x_wconf 80' lang='grc' dir='ltr'><strong>Ἑλο</strong></span> 
     </span>
    </p>
   </div>
   <div class='ocr_carea' id='block_1_78' title="bbox 2072 3154 3641 3227">
    <p class='ocr_par' dir='ltr' id='par_1_78' title="bbox 2072 3154 3641 3227">
     <span class='ocr_line' id='line_1_78' title="bbox 2072 3154 3641 3227; baseline 0 -20"><span class='ocrx_word' id='word_1_539' title='bbox 2072 3155 2370 3226; x_wconf 85' lang='grc' dir='ltr'>λήσποντον</span> <span class='ocrx_word' id='word_1_540' title='bbox 2400 3154 2632 3224; x_wconf 74' lang='grc' dir='ltr'>ἔφθανεν</span> <span class='ocrx_word' id='word_1_541' title='bbox 2655 3170 2670 3187; x_wconf 78' lang='grc' dir='ltr'><strong>ο</strong></span> <span class='ocrx_word' id='word_1_542' title='bbox 2704 3155 2754 3208; x_wconf 76' lang='grc' dir='ltr'><strong>οἳ</strong></span> <span class='ocrx_word' id='word_1_543' title='bbox 2785 3154 2849 3226; x_wconf 82' lang='grc' dir='ltr'>δὴ</span> <span class='ocrx_word' id='word_1_544' title='bbox 2880 3157 2943 3208; x_wconf 85' lang='grc' dir='ltr'><strong>ἐκ</strong></span> <span class='ocrx_word' id='word_1_545' title='bbox 2974 3155 3202 3209; x_wconf 83' lang='grc' dir='ltr'>παλαιοῦ</span> <span class='ocrx_word' id='word_1_546' title='bbox 3234 3157 3294 3209; x_wconf 68' lang='grc' dir='ltr'><strong>τὸ</strong></span> <span class='ocrx_word' id='word_1_547' title='bbox 3326 3158 3500 3227; x_wconf 56' lang='grc' dir='ltr'>δόγμα</span> <span class='ocrx_word' id='word_1_548' title='bbox 3528 3156 3641 3226; x_wconf 82' lang='grc' dir='ltr'>θερ-</span> 
     </span>
    </p>
   </div>
   <div class='ocr_carea' id='block_1_79' title="bbox 2078 3247 3639 3320">
    <p class='ocr_par' dir='ltr' id='par_1_79' title="bbox 2078 3247 3639 3320">
     <span class='ocr_line' id='line_1_79' title="bbox 2078 3247 3639 3320; baseline 0.001 -19"><span class='ocrx_word' id='word_1_549' title='bbox 2078 3247 2195 3318; x_wconf 84' lang='grc' dir='ltr'><strong>μῶς</strong></span> <span class='ocrx_word' id='word_1_550' title='bbox 2227 3248 2643 3320; x_wconf 76' lang='grc' dir='ltr'>πρεσϐεύοντες,</span> <span class='ocrx_word' id='word_1_551' title='bbox 2678 3249 2909 3313; x_wconf 86' lang='grc' dir='ltr'>πολλοὺς</span> <span class='ocrx_word' id='word_1_552' title='bbox 2938 3253 3068 3313; x_wconf 78' lang='grc' dir='ltr'>τοὺς</span> <span class='ocrx_word' id='word_1_553' title='bbox 3097 3250 3237 3303; x_wconf 85' lang='grc' dir='ltr'>κατὰ</span> <span class='ocrx_word' id='word_1_554' title='bbox 3266 3250 3405 3304; x_wconf 82' lang='grc' dir='ltr'>Θεὸν</span> <span class='ocrx_word' id='word_1_555' title='bbox 3435 3253 3639 3319; x_wconf 80' lang='grc' dir='ltr'>φιλοσοο</span> 
     </span>
    </p>
   </div>
   <div class='ocr_carea' id='block_1_80' title="bbox 2075 3337 3639 3415">
    <p class='ocr_par' dir='ltr' id='par_1_80' title="bbox 2075 3337 3639 3415">
     <span class='ocr_line' id='line_1_80' title="bbox 2075 3337 3639 3415; baseline -0.003 -18"><span class='ocrx_word' id='word_1_556' title='bbox 2075 3346 2354 3415; x_wconf 82' lang='grc' dir='ltr'>φήσαντας</span> <span class='ocrx_word' id='word_1_557' title='bbox 2395 3342 2553 3413; x_wconf 79' lang='grc' dir='ltr'>ἔσχον</span> <span class='ocrx_word' id='word_1_558' title='bbox 2575 3360 2591 3376; x_wconf 88' lang='grc'><strong>·</strong></span> <span class='ocrx_word' id='word_1_559' title='bbox 2626 3337 2699 3397; x_wconf 82' lang='grc' dir='ltr'>ὧν</span> <span class='ocrx_word' id='word_1_560' title='bbox 2732 3343 2783 3396; x_wconf 81' lang='lat' dir='ltr'><strong>oi</strong></span> <span class='ocrx_word' id='word_1_561' title='bbox 2827 3342 3012 3396; x_wconf 90' lang='grc' dir='ltr'>πλείου</span> <span class='ocrx_word' id='word_1_562' title='bbox 3025 3362 3043 3406; x_wconf 84' lang='lat'><strong><em>;</em></strong></span> <span class='ocrx_word' id='word_1_563' title='bbox 3086 3343 3230 3397; x_wconf 77' lang='grc' dir='ltr'>κατὰ</span> <span class='ocrx_word' id='word_1_564' title='bbox 3273 3344 3550 3406; x_wconf 84' lang='grc' dir='ltr'>συνοικίας</span> <span class='ocrx_word' id='word_1_565' title='bbox 3586 3342 3639 3395; x_wconf 85' lang='grc' dir='ltr'><strong>ἐν</strong></span> 
     </span>
    </p>
   </div>
   <div class='ocr_carea' id='block_1_81' title="bbox 2075 3429 3640 3504">
    <p class='ocr_par' dir='ltr' id='par_1_81' title="bbox 2075 3429 3640 3504">
     <span class='ocr_line' id='line_1_81' title="bbox 2075 3429 3640 3504; baseline -0.003 -18"><span class='ocrx_word' id='word_1_566' title='bbox 2075 3432 2264 3485; x_wconf 87' lang='grc' dir='ltr'>πόλεσι</span> <span class='ocrx_word' id='word_1_567' title='bbox 2296 3430 2387 3484; x_wconf 71' lang='grc' dir='ltr'>καὶ</span> <span class='ocrx_word' id='word_1_568' title='bbox 2417 3429 2631 3501; x_wconf 82' lang='grc' dir='ltr'>κώμαις</span> <span class='ocrx_word' id='word_1_569' title='bbox 2660 3430 2869 3502; x_wconf 77' lang='grc' dir='ltr'>ᾧκουν,</span> <span class='ocrx_word' id='word_1_570' title='bbox 2906 3434 3021 3502; x_wconf 74' lang='grc' dir='ltr'>ἅμα</span> <span class='ocrx_word' id='word_1_571' title='bbox 3055 3431 3153 3502; x_wconf 87' lang='grc' dir='ltr'><strong>μέν</strong></span> <span class='ocrx_word' id='word_1_572' title='bbox 3184 3433 3243 3485; x_wconf 77' lang='grc' dir='ltr'><strong>τὸ</strong></span> <span class='ocrx_word' id='word_1_573' title='bbox 3277 3435 3448 3504; x_wconf 80' lang='grc' dir='ltr'>μήπω</span> <span class='ocrx_word' id='word_1_574' title='bbox 3478 3449 3640 3501; x_wconf 82' lang='grc' dir='ltr'>παρα-</span> 
     </span>
    </p>
   </div>
   <div class='ocr_carea' id='block_1_82' title="bbox 2073 3519 3639 3595">
    <p class='ocr_par' dir='ltr' id='par_1_82' title="bbox 2073 3519 3639 3595">
     <span class='ocr_line' id='line_1_82' title="bbox 2073 3519 3639 3595; baseline -0.001 -16"><span class='ocrx_word' id='word_1_575' title='bbox 2073 3525 2219 3579; x_wconf 81' lang='grc' dir='ltr'>δόσει</span> <span class='ocrx_word' id='word_1_576' title='bbox 2258 3525 2289 3591; x_wconf 59' lang='lat' dir='ltr'><strong>ii</strong></span> <span class='ocrx_word' id='word_1_577' title='bbox 2326 3523 2519 3587; x_wconf 86' lang='grc' dir='ltr'>τύποις</span> <span class='ocrx_word' id='word_1_578' title='bbox 2559 3523 2621 3594; x_wconf 82' lang='grc' dir='ltr'>δή</span> <span class='ocrx_word' id='word_1_579' title='bbox 2655 3542 2795 3577; x_wconf 83' lang='grc' dir='ltr'>τισιν</span> <span class='ocrx_word' id='word_1_580' title='bbox 2827 3525 3130 3595; x_wconf 79' lang='grc' dir='ltr'>είοισμένοι</span> <span class='ocrx_word' id='word_1_581' title='bbox 3166 3525 3274 3579; x_wconf 85' lang='grc' dir='ltr'><strong>τῶν</strong></span> <span class='ocrx_word' id='word_1_582' title='bbox 3312 3526 3542 3594; x_wconf 77' lang='grc' dir='ltr'>πρόσθεν</span> <span class='ocrx_word' id='word_1_583' title='bbox 3572 3519 3639 3578; x_wconf 77' lang='grc' dir='ltr'><strong>εἷ-</strong></span> 
     </span>
    </p>
   </div>
   <div class='ocr_carea' id='block_1_83' title="bbox 2074 3609 3633 3688">
    <p class='ocr_par' dir='ltr' id='par_1_83' title="bbox 2074 3609 3633 3688">
     <span class='ocr_line' id='line_1_83' title="bbox 2074 3609 3633 3688; baseline 0.001 -20"><span class='ocrx_word' id='word_1_584' title='bbox 2074 3634 2161 3668; x_wconf 83' lang='grc' dir='ltr'><strong>ναι</strong></span> <span class='ocrx_word' id='word_1_585' title='bbox 2184 3633 2198 3647; x_wconf 78' lang='grc' dir='ltr'><strong>ο</strong></span> <span class='ocrx_word' id='word_1_586' title='bbox 2229 3618 2358 3680; x_wconf 86' lang='grc' dir='ltr'>ῖσως</span> <span class='ocrx_word' id='word_1_587' title='bbox 2384 3615 2439 3668; x_wconf 84' lang='grc' dir='ltr'><strong>δέ</strong></span> <span class='ocrx_word' id='word_1_588' title='bbox 2468 3617 2560 3669; x_wconf 67' lang='grc' dir='ltr'>καὶ</span> <span class='ocrx_word' id='word_1_589' title='bbox 2585 3617 2690 3669; x_wconf 61' lang='grc' dir='ltr'>ὑπὸ</span> <span class='ocrx_word' id='word_1_590' title='bbox 2715 3618 2812 3687; x_wconf 82' lang='grc' dir='ltr'><strong>τῆς</strong></span> <span class='ocrx_word' id='word_1_591' title='bbox 2837 3617 2929 3670; x_wconf 75' lang='grc' dir='ltr'><strong>τοῦ</strong></span> <span class='ocrx_word' id='word_1_592' title='bbox 2959 3635 3042 3688; x_wconf 84' lang='grc' dir='ltr'><strong>χει</strong></span> <span class='ocrx_word' id='word_1_593' title='bbox 3051 3609 3227 3688; x_wconf 82' lang='grc' dir='ltr'>μῶνος</span> <span class='ocrx_word' id='word_1_594' title='bbox 3254 3617 3633 3688; x_wconf 76' lang='grc' dir='ltr'>χαλεπότητος,</span> 
     </span>
    </p>
   </div>
   <div class='ocr_carea' id='block_1_84' title="bbox 2074 3708 3635 3783">
    <p class='ocr_par' dir='ltr' id='par_1_84' title="bbox 2074 3708 3635 3783">
     <span class='ocr_line' id='line_1_84' title="bbox 2074 3708 3635 3783; baseline 0.001 -23"><span class='ocrx_word' id='word_1_595' title='bbox 2074 3709 2236 3778; x_wconf 87' lang='grc' dir='ltr'>φύσει</span> <span class='ocrx_word' id='word_1_596' title='bbox 2266 3708 2623 3780; x_wconf 77' lang='grc' dir='ltr'>ψυχροτάτων</span> <span class='ocrx_word' id='word_1_597' title='bbox 2654 3710 2822 3763; x_wconf 79' lang='grc' dir='ltr'>ὄντων</span> <span class='ocrx_word' id='word_1_598' title='bbox 2852 3712 2960 3762; x_wconf 81' lang='grc' dir='ltr'>τῶν</span> <span class='ocrx_word' id='word_1_599' title='bbox 2991 3712 3116 3780; x_wconf 82' lang='grc' dir='ltr'>τῇδε</span> <span class='ocrx_word' id='word_1_600' title='bbox 3148 3713 3382 3783; x_wconf 79' lang='grc' dir='ltr'>χώρων,</span> <span class='ocrx_word' id='word_1_601' title='bbox 3415 3712 3509 3765; x_wconf 74' lang='grc' dir='ltr'>καὶ</span> <span class='ocrx_word' id='word_1_602' title='bbox 3539 3712 3635 3782; x_wconf 77' lang='grc' dir='ltr'><strong>μά-</strong></span> 
     </span>
    </p>
   </div>
   <div class='ocr_carea' id='block_1_85' title="bbox 2073 3802 3636 3867">
    <p class='ocr_par' dir='ltr' id='par_1_85' title="bbox 2073 3802 3636 3867">
     <span class='ocr_line' id='line_1_85' title="bbox 2073 3802 3636 3867; baseline 0.001 -13"><span class='ocrx_word' id='word_1_603' title='bbox 2073 3803 2230 3856; x_wconf 78' lang='grc' dir='ltr'>λιστα</span> <span class='ocrx_word' id='word_1_604' title='bbox 2262 3802 2370 3856; x_wconf 85' lang='grc' dir='ltr'>τῶν</span> <span class='ocrx_word' id='word_1_605' title='bbox 2403 3802 2507 3856; x_wconf 81' lang='grc' dir='ltr'><strong>ἀνὰ</strong></span> <span class='ocrx_word' id='word_1_606' title='bbox 2537 3803 2629 3856; x_wconf 72' lang='grc' dir='ltr'><strong>τὸν</strong></span> <span class='ocrx_word' id='word_1_607' title='bbox 2665 3804 2863 3858; x_wconf 77' lang='grc' dir='ltr'>Πόντον</span> <span class='ocrx_word' id='word_1_608' title='bbox 2899 3805 3278 3867; x_wconf 65' lang='grc' dir='ltr'>Καππαδοκῶν</span> <span class='ocrx_word' id='word_1_609' title='bbox 3313 3823 3375 3859; x_wconf 85' lang='grc' dir='ltr'><strong>τε</strong></span> <span class='ocrx_word' id='word_1_610' title='bbox 3411 3808 3501 3860; x_wconf 73' lang='grc' dir='ltr'>καὶ</span> <span class='ocrx_word' id='word_1_611' title='bbox 3541 3805 3636 3858; x_wconf 80' lang='grc' dir='ltr'><strong>Γα-</strong></span> 
     </span>
    </p>
   </div>
   <div class='ocr_carea' id='block_1_86' title="bbox 2071 3893 3634 3968">
    <p class='ocr_par' dir='ltr' id='par_1_86' title="bbox 2071 3893 3634 3968">
     <span class='ocr_line' id='line_1_86' title="bbox 2071 3893 3634 3968; baseline 0.001 -22"><span class='ocrx_word' id='word_1_612' title='bbox 2071 3893 2287 3958; x_wconf 82' lang='grc' dir='ltr'>λατῶν,</span> <span class='ocrx_word' id='word_1_613' title='bbox 2324 3896 2426 3949; x_wconf 74' lang='grc' dir='ltr'>οὐκ</span> <span class='ocrx_word' id='word_1_614' title='bbox 2464 3895 2693 3966; x_wconf 78' lang='grc' dir='ltr'>εὐχερὲς</span> <span class='ocrx_word' id='word_1_615' title='bbox 2737 3893 2803 3967; x_wconf 73' lang='grc' dir='ltr'>ἦν</span> <span class='ocrx_word' id='word_1_616' title='bbox 2840 3896 2942 3950; x_wconf 75' lang='grc' dir='ltr'>ἀνὰ</span> <span class='ocrx_word' id='word_1_617' title='bbox 2975 3895 3073 3968; x_wconf 78' lang='grc' dir='ltr'>τὴν</span> <span class='ocrx_word' id='word_1_618' title='bbox 3108 3897 3315 3967; x_wconf 58' lang='grc' dir='ltr'>ἔρημον</span> <span class='ocrx_word' id='word_1_619' title='bbox 3351 3898 3634 3968; x_wconf 81' lang='grc' dir='ltr'>διατρίϐειν</span> 
     </span>
    </p>
   </div>
   <div class='ocr_carea' id='block_1_87' title="bbox 2070 3986 3633 4064">
    <p class='ocr_par' dir='ltr' id='par_1_87' title="bbox 2070 3986 3633 4064">
     <span class='ocr_line' id='line_1_87' title="bbox 2070 3986 3633 4064; baseline 0.002 -24"><span class='ocrx_word' id='word_1_620' title='bbox 2070 3987 2199 4051; x_wconf 82' lang='grc' dir='ltr'>τοὺς</span> <span class='ocrx_word' id='word_1_621' title='bbox 2241 3986 2552 4047; x_wconf 78' lang='grc' dir='ltr'>πλείστους.</span> <span class='ocrx_word' id='word_1_622' title='bbox 2586 3989 2674 4053; x_wconf 83' lang='grc' dir='ltr'><strong>Ὠς</strong></span> <span class='ocrx_word' id='word_1_623' title='bbox 2714 3990 2917 4043; x_wconf 83' lang='grc' dir='ltr'>ἐπίπαν</span> <span class='ocrx_word' id='word_1_624' title='bbox 2952 3990 3061 4061; x_wconf 77' lang='grc' dir='ltr'>γὰρ</span> <span class='ocrx_word' id='word_1_625' title='bbox 3098 3990 3217 4043; x_wconf 71' lang='grc' dir='ltr'>οἰδὲ</span> <span class='ocrx_word' id='word_1_626' title='bbox 3257 3992 3467 4063; x_wconf 74' lang='grc' dir='ltr'>ἄμοιρα</span> <span class='ocrx_word' id='word_1_627' title='bbox 3503 3988 3633 4064; x_wconf 73' lang='grc' dir='ltr'>ἦσαν</span> 
     </span>
    </p>
   </div>
   <div class='ocr_carea' id='block_1_88' title="bbox 2070 4080 3631 4156">
    <p class='ocr_par' dir='ltr' id='par_1_88' title="bbox 2070 4080 3631 4156">
     <span class='ocr_line' id='line_1_88' title="bbox 2070 4080 3631 4156; baseline 0.001 -21"><span class='ocrx_word' id='word_1_628' title='bbox 2070 4081 2140 4135; x_wconf 72' lang='grc' dir='ltr'><strong>τὰ</strong></span> <span class='ocrx_word' id='word_1_629' title='bbox 2181 4080 2283 4151; x_wconf 77' lang='grc' dir='ltr'>ὅρη</span> <span class='ocrx_word' id='word_1_630' title='bbox 2317 4081 2428 4135; x_wconf 84' lang='grc' dir='ltr'><strong>τῶν</strong></span> <span class='ocrx_word' id='word_1_631' title='bbox 2466 4081 2723 4135; x_wconf 81' lang='grc' dir='ltr'>τοιούτων</span> <span class='ocrx_word' id='word_1_632' title='bbox 2761 4081 3087 4152; x_wconf 78' lang='grc' dir='ltr'>φιλοσόφων.</span> <span class='ocrx_word' id='word_1_633' title='bbox 3130 4085 3383 4154; x_wconf 83' lang='grc' dir='ltr'>Προῖόντι</span> <span class='ocrx_word' id='word_1_634' title='bbox 3424 4086 3528 4156; x_wconf 73' lang='grc' dir='ltr'><strong>γὰρ</strong></span> <span class='ocrx_word' id='word_1_635' title='bbox 3560 4084 3631 4155; x_wconf 83' lang='grc' dir='ltr'>τῷ</span> 
     </span>
    </p>
   </div>
   <div class='ocr_carea' id='block_1_89' title="bbox 2071 4175 3630 4249">
    <p class='ocr_par' dir='ltr' id='par_1_89' title="bbox 2071 4175 3630 4249">
     <span class='ocr_line' id='line_1_89' title="bbox 2071 4175 3630 4249; baseline 0.002 -22"><span class='ocrx_word' id='word_1_636' title='bbox 2071 4178 2247 4245; x_wconf 68' lang='grc' dir='ltr'>χρόνει</span> <span class='ocrx_word' id='word_1_637' title='bbox 2286 4177 2350 4246; x_wconf 78' lang='grc' dir='ltr'>τῇ</span> <span class='ocrx_word' id='word_1_638' title='bbox 2396 4175 2605 4246; x_wconf 78' lang='grc' dir='ltr'>σφοδρᾷ</span> <span class='ocrx_word' id='word_1_639' title='bbox 2647 4176 2781 4245; x_wconf 72' lang='grc' dir='ltr'>περὶ</span> <span class='ocrx_word' id='word_1_640' title='bbox 2812 4175 2872 4229; x_wconf 84' lang='grc' dir='ltr'>τὸ</span> <span class='ocrx_word' id='word_1_641' title='bbox 2898 4175 3059 4229; x_wconf 79' lang='grc' dir='ltr'>Θεῖον</span> <span class='ocrx_word' id='word_1_642' title='bbox 3095 4178 3188 4229; x_wconf 76' lang='grc' dir='ltr'>καὶ</span> <span class='ocrx_word' id='word_1_643' title='bbox 3224 4177 3404 4249; x_wconf 79' lang='grc' dir='ltr'>θερμῇ</span> <span class='ocrx_word' id='word_1_644' title='bbox 3442 4178 3630 4246; x_wconf 78' lang='grc' dir='ltr'>σπουδῇ</span> 
     </span>
    </p>
   </div>
   <div class='ocr_carea' id='block_1_90' title="bbox 2068 4258 3633 4339">
    <p class='ocr_par' dir='ltr' id='par_1_90' title="bbox 2068 4258 3633 4339">
     <span class='ocr_line' id='line_1_90' title="bbox 2068 4258 3633 4339; baseline 0.002 -22"><span class='ocrx_word' id='word_1_645' title='bbox 2068 4267 2126 4318; x_wconf 83' lang='grc' dir='ltr'><strong>ἐν</strong></span> <span class='ocrx_word' id='word_1_646' title='bbox 2160 4264 2399 4336; x_wconf 70' lang='grc' dir='ltr'>δευτέρῳ</span> <span class='ocrx_word' id='word_1_647' title='bbox 2433 4266 2502 4318; x_wconf 83' lang='grc' dir='ltr'>τὰ</span> <span class='ocrx_word' id='word_1_648' title='bbox 2534 4265 2627 4318; x_wconf 80' lang='grc' dir='ltr'>τοῦ</span> <span class='ocrx_word' id='word_1_649' title='bbox 2660 4265 2867 4334; x_wconf 71' lang='grc' dir='ltr'>ψύχους</span> <span class='ocrx_word' id='word_1_650' title='bbox 2900 4262 3062 4338; x_wconf 76' lang='grc' dir='ltr'>ἦσαν.</span> <span class='ocrx_word' id='word_1_651' title='bbox 3098 4268 3223 4329; x_wconf 82' lang='grc' dir='ltr'>ἰὀῖς</span> <span class='ocrx_word' id='word_1_652' title='bbox 3257 4258 3299 4321; x_wconf 56' lang='grc' dir='ltr'>δδ</span> <span class='ocrx_word' id='word_1_653' title='bbox 3330 4272 3507 4323; x_wconf 81' lang='grc' dir='ltr'>ἐκεῖσε</span> <span class='ocrx_word' id='word_1_654' title='bbox 3543 4268 3633 4339; x_wconf 80' lang='grc' dir='ltr'><strong>μὲ-</strong></span> 
     </span>
    </p>
   </div>
   <div class='ocr_carea' id='block_1_91' title="bbox 2070 4354 3630 4431">
    <p class='ocr_par' dir='ltr' id='par_1_91' title="bbox 2070 4354 3630 4431">
     <span class='ocr_line' id='line_1_91' title="bbox 2070 4354 3630 4431; baseline 0.003 -22"><span class='ocrx_word' id='word_1_655' title='bbox 2070 4374 2189 4429; x_wconf 89' lang='grc' dir='ltr'>ρεσι</span> <span class='ocrx_word' id='word_1_656' title='bbox 2220 4357 2408 4411; x_wconf 75' lang='grc' dir='ltr'>πολλοὶ</span> <span class='ocrx_word' id='word_1_657' title='bbox 2443 4357 2541 4426; x_wconf 84' lang='grc' dir='ltr'>μὲν</span> <span class='ocrx_word' id='word_1_658' title='bbox 2572 4363 2667 4411; x_wconf 74' lang='grc' dir='ltr'>καὶ</span> <span class='ocrx_word' id='word_1_659' title='bbox 2697 4359 2849 4413; x_wconf 79' lang='grc' dir='ltr'>ἄλλοι</span> <span class='ocrx_word' id='word_1_660' title='bbox 2881 4358 3122 4428; x_wconf 59' lang='grc' dir='ltr'>δοκίμως</span> <span class='ocrx_word' id='word_1_661' title='bbox 3151 4359 3419 4428; x_wconf 76' lang='grc' dir='ltr'>ἐϐίωσαν,</span> <span class='ocrx_word' id='word_1_662' title='bbox 3452 4354 3630 4431; x_wconf 58' lang='grc' dir='ltr'>ὥσπερ</span> 
     </span>
    </p>
   </div>
   <div class='ocr_carea' id='block_1_92' title="bbox 2071 4447 3630 4527">
    <p class='ocr_par' dir='ltr' id='par_1_92' title="bbox 2071 4447 3630 4527">
     <span class='ocr_line' id='line_1_92' title="bbox 2071 4447 3630 4527; baseline 0.004 -27"><span class='ocrx_word' id='word_1_663' title='bbox 2071 4464 2161 4519; x_wconf 88' lang='grc' dir='ltr'><strong>μοι</strong></span> <span class='ocrx_word' id='word_1_664' title='bbox 2194 4448 2287 4501; x_wconf 74' lang='grc' dir='ltr'><strong>καὶ</strong></span> <span class='ocrx_word' id='word_1_665' title='bbox 2314 4447 2549 4520; x_wconf 81' lang='grc' dir='ltr'>ἀλλαχοῦ</span> <span class='ocrx_word' id='word_1_666' title='bbox 2579 4452 2796 4519; x_wconf 72' lang='grc' dir='ltr'>εἴρηται</span> <span class='ocrx_word' id='word_1_667' title='bbox 2818 4466 2832 4481; x_wconf 88' lang='grc'>·</span> <span class='ocrx_word' id='word_1_668' title='bbox 2868 4451 3009 4520; x_wconf 77' lang='grc' dir='ltr'>μετὰ</span> <span class='ocrx_word' id='word_1_669' title='bbox 3034 4451 3088 4504; x_wconf 82' lang='grc' dir='ltr'><strong>δέ</strong></span> <span class='ocrx_word' id='word_1_670' title='bbox 3117 4453 3243 4517; x_wconf 77' lang='grc' dir='ltr'>τοὺς</span> <span class='ocrx_word' id='word_1_671' title='bbox 3276 4456 3409 4525; x_wconf 70' lang='grc' dir='ltr'>πῖρὶ</span> <span class='ocrx_word' id='word_1_672' title='bbox 3440 4455 3630 4527; x_wconf 73' lang='grc' dir='ltr'><strong>Εὖσεά-</strong></span> 
     </span>
    </p>
   </div>
   <div class='ocr_carea' id='block_1_93' title="bbox 393 4536 1968 4619">
    <p class='ocr_par' dir='ltr' id='par_1_93' title="bbox 393 4538 1962 4611">
     <span class='ocr_line' id='line_1_93' title="bbox 393 4538 1962 4611; baseline -0.003 -16"><span class='ocrx_word' id='word_1_673' title='bbox 393 4558 512 4595; x_wconf 91' lang='lat' dir='ltr'><strong>rum</strong></span> <span class='ocrx_word' id='word_1_674' title='bbox 535 4541 859 4611; x_wconf 82' lang='lat' dir='ltr'><strong>divinarum</strong></span> <span class='ocrx_word' id='word_1_675' title='bbox 904 4539 1092 4595; x_wconf 85' lang='lat' dir='ltr'><strong>studio</strong></span> <span class='ocrx_word' id='word_1_676' title='bbox 1139 4540 1311 4609; x_wconf 79' lang='lat' dir='ltr'><strong>frigus</strong></span> <span class='ocrx_word' id='word_1_677' title='bbox 1352 4539 1518 4594; x_wconf 86' lang='lat' dir='ltr'><strong>etiam</strong></span> <span class='ocrx_word' id='word_1_678' title='bbox 1559 4538 1746 4593; x_wconf 86' lang='lat' dir='ltr'><strong>cessit.</strong></span> <span class='ocrx_word' id='word_1_679' title='bbox 1785 4540 1962 4606; x_wconf 83' lang='lat' dir='ltr'><strong>Atque</strong></span> 
     </span>
    </p>
   </div>
   <div class='ocr_carea' id='block_1_94' title="bbox 2074 4536 3628 4619">
    <p class='ocr_par' dir='ltr' id='par_1_94' title="bbox 2074 4536 3628 4619">
     <span class='ocr_line' id='line_1_94' title="bbox 2074 4536 3628 4619; baseline 0.005 -27"><span class='ocrx_word' id='word_1_680' title='bbox 2074 4540 2182 4594; x_wconf 80' lang='grc' dir='ltr'>θιον</span> <span class='ocrx_word' id='word_1_681' title='bbox 2209 4541 2303 4593; x_wconf 74' lang='grc' dir='ltr'>καὶ</span> <span class='ocrx_word' id='word_1_682' title='bbox 2326 4536 2419 4593; x_wconf 71' lang='grc' dir='ltr'>τὸν</span> <span class='ocrx_word' id='word_1_683' title='bbox 2448 4542 2613 4594; x_wconf 73' lang='grc' dir='ltr'>πολὺν</span> <span class='ocrx_word' id='word_1_684' title='bbox 2640 4542 2735 4595; x_wconf 80' lang='grc' dir='ltr'>καὶ</span> <span class='ocrx_word' id='word_1_685' title='bbox 2767 4542 2942 4611; x_wconf 73' lang='grc' dir='ltr'>μέγαν</span> <span class='ocrx_word' id='word_1_686' title='bbox 2972 4543 3249 4597; x_wconf 81' lang='grc' dir='ltr'>Βασίλειον</span> <span class='ocrx_word' id='word_1_687' title='bbox 3277 4548 3628 4619; x_wconf 68' lang='grc' dir='ltr'>δοκιμώτατοι</span> 
     </span>
    </p>
   </div>
   <div class='ocr_carea' id='block_1_95' title="bbox 391 4618 1968 4710">
    <p class='ocr_par' dir='ltr' id='par_1_95' title="bbox 391 4631 1958 4705">
     <span class='ocr_line' id='line_1_95' title="bbox 391 4631 1958 4705; baseline -0.004 -15"><span class='ocrx_word' id='word_1_688' title='bbox 391 4638 445 4691; x_wconf 86' lang='lat' dir='ltr'><strong>in</strong></span> <span class='ocrx_word' id='word_1_689' title='bbox 493 4636 577 4691; x_wconf 87' lang='lat' dir='ltr'><strong>eis</strong></span> <span class='ocrx_word' id='word_1_690' title='bbox 628 4636 877 4705; x_wconf 88' lang='lat' dir='ltr'><strong>partibus</strong></span> <span class='ocrx_word' id='word_1_691' title='bbox 925 4649 1052 4689; x_wconf 87' lang='lat' dir='ltr'><strong>cum</strong></span> <span class='ocrx_word' id='word_1_692' title='bbox 1103 4633 1257 4687; x_wconf 89' lang='lat' dir='ltr'><strong>multi</strong></span> <span class='ocrx_word' id='word_1_693' title='bbox 1294 4631 1388 4686; x_wconf 85' lang='lat' dir='ltr'><strong>alii</strong></span> <span class='ocrx_word' id='word_1_694' title='bbox 1437 4631 1698 4701; x_wconf 67' lang='lat' dir='ltr'><strong>praeclare</strong></span> <span class='ocrx_word' id='word_1_695' title='bbox 1749 4634 1958 4691; x_wconf 79' lang='lat' dir='ltr'><strong>vixere.</strong></span> 
     </span>
    </p>
   </div>
   <div class='ocr_carea' id='block_1_96' title="bbox 2074 4618 3675 4710">
    <p class='ocr_par' dir='ltr' id='par_1_96' title="bbox 2074 4618 3675 4710">
     <span class='ocr_line' id='line_1_96' title="bbox 2074 4618 3675 4710; baseline 0.007 -27"><span class='ocrx_word' id='word_1_696' title='bbox 2074 4631 2174 4685; x_wconf 84' lang='grc' dir='ltr'><strong>τῶν</strong></span> <span class='ocrx_word' id='word_1_697' title='bbox 2201 4633 2376 4686; x_wconf 76' lang='grc' dir='ltr'>ἄλλων</span> <span class='ocrx_word' id='word_1_698' title='bbox 2405 4634 2652 4700; x_wconf 72' lang='grc' dir='ltr'>ἐγένοντο</span> <span class='ocrx_word' id='word_1_699' title='bbox 2678 4623 2925 4699; x_wconf 53' lang='grc' dir='ltr'>Λεόντιος</span> <span class='ocrx_word' id='word_1_700' title='bbox 2955 4637 3157 4700; x_wconf 81' lang='grc' dir='ltr'>ἐκεῖνος</span> <span class='ocrx_word' id='word_1_701' title='bbox 3188 4632 3232 4706; x_wconf 83' lang='grc' dir='ltr'>ᾧ</span> <span class='ocrx_word' id='word_1_702' title='bbox 3262 4642 3316 4703; x_wconf 84' lang='grc' dir='ltr'><strong>ἐς</strong></span> <span class='ocrx_word' id='word_1_703' title='bbox 3351 4640 3569 4710; x_wconf 75' lang='grc' dir='ltr'>ὕστερον</span> <span class='ocrx_word' id='word_1_704' title='bbox 3596 4618 3675 4710; x_wconf 67' lang='grc' dir='ltr'><strong>ήξ</strong></span> 
     </span>
    </p>
   </div>
   <div class='ocr_carea' id='block_1_97' title="bbox 388 4726 1964 4803">
    <p class='ocr_par' dir='ltr' id='par_1_97' title="bbox 388 4726 1964 4803">
     <span class='ocr_line' id='line_1_97' title="bbox 388 4726 1964 4803; baseline -0.003 -23"><span class='ocrx_word' id='word_1_705' title='bbox 388 4727 857 4797; x_wconf 83' lang='lat' dir='ltr'><strong>quemadmodum</strong></span> <span class='ocrx_word' id='word_1_706' title='bbox 893 4726 1023 4803; x_wconf 86' lang='lat' dir='ltr'><strong>alibi</strong></span> <span class='ocrx_word' id='word_1_707' title='bbox 1074 4742 1105 4780; x_wconf 88' lang='lat' dir='ltr'><strong>a</strong></span> <span class='ocrx_word' id='word_1_708' title='bbox 1145 4741 1232 4781; x_wconf 84' lang='lat' dir='ltr'><strong>me</strong></span> <span class='ocrx_word' id='word_1_709' title='bbox 1281 4727 1489 4781; x_wconf 86' lang='lat' dir='ltr'><strong>dictum</strong></span> <span class='ocrx_word' id='word_1_710' title='bbox 1530 4726 1662 4789; x_wconf 66' lang='lat' dir='ltr'><strong>cst&#39;;</strong></span> <span class='ocrx_word' id='word_1_711' title='bbox 1697 4733 1809 4777; x_wconf 86' lang='lat' dir='ltr'><strong>tum</strong></span> <span class='ocrx_word' id='word_1_712' title='bbox 1841 4729 1964 4792; x_wconf 86' lang='lat' dir='ltr'><strong>post</strong></span> 
     </span>
    </p>
   </div>
   <div class='ocr_carea' id='block_1_98' title="bbox 388 4819 1960 4888">
    <p class='ocr_par' dir='ltr' id='par_1_98' title="bbox 388 4819 1960 4888">
     <span class='ocr_line' id='line_1_98' title="bbox 388 4819 1960 4888; baseline -0.004 -12"><span class='ocrx_word' id='word_1_713' title='bbox 388 4821 740 4876; x_wconf 77' lang='lat' dir='ltr'><strong>Eustathinm</strong></span> <span class='ocrx_word' id='word_1_714' title='bbox 776 4829 833 4875; x_wconf 90' lang='lat' dir='ltr'><strong>et</strong></span> <span class='ocrx_word' id='word_1_715' title='bbox 872 4819 1134 4874; x_wconf 76' lang='lat' dir='ltr'><strong>Basilium</strong></span> <span class='ocrx_word' id='word_1_716' title='bbox 1167 4834 1445 4888; x_wconf 81' lang='lat' dir='ltr'><strong>magnum,</strong></span> <span class='ocrx_word' id='word_1_717' title='bbox 1481 4833 1592 4886; x_wconf 72' lang='lat' dir='ltr'><strong>prze</strong></span> <span class='ocrx_word' id='word_1_718' title='bbox 1621 4819 1835 4872; x_wconf 72' lang='lat' dir='ltr'><strong>caeteris</strong></span> <span class='ocrx_word' id='word_1_719' title='bbox 1866 4830 1960 4871; x_wconf 82' lang='lat' dir='ltr'><strong>ce-</strong></span> 
     </span>
    </p>
   </div>
   <div class='ocr_carea' id='block_1_99' title="bbox 384 4910 1961 4979">
    <p class='ocr_par' dir='ltr' id='par_1_99' title="bbox 384 4910 1961 4979">
     <span class='ocr_line' id='line_1_99' title="bbox 384 4910 1961 4979; baseline 0 -14"><span class='ocrx_word' id='word_1_720' title='bbox 384 4912 568 4968; x_wconf 85' lang='lat' dir='ltr'><strong>lebres</strong></span> <span class='ocrx_word' id='word_1_721' title='bbox 605 4914 839 4967; x_wconf 78' lang='lat' dir='ltr'><strong>maxime</strong></span> <span class='ocrx_word' id='word_1_722' title='bbox 876 4911 1050 4977; x_wconf 77' lang='lat' dir='ltr'><strong>fuere,</strong></span> <span class='ocrx_word' id='word_1_723' title='bbox 1080 4910 1344 4965; x_wconf 83' lang='lat' dir='ltr'><strong>Leontius</strong></span> <span class='ocrx_word' id='word_1_724' title='bbox 1381 4910 1474 4965; x_wconf 86' lang='lat' dir='ltr'><strong>ille</strong></span> <span class='ocrx_word' id='word_1_725' title='bbox 1505 4912 1607 4979; x_wconf 66' lang='grc' dir='ltr'><strong>(ὅ),</strong></span> <span class='ocrx_word' id='word_1_726' title='bbox 1638 4912 1728 4965; x_wconf 89' lang='lat' dir='ltr'><strong>cui</strong></span> <span class='ocrx_word' id='word_1_727' title='bbox 1756 4912 1961 4965; x_wconf 84' lang='lat' dir='ltr'><strong>deinde</strong></span> 
     </span>
    </p>
   </div>
   <div class='ocr_carea' id='block_1_100' title="bbox 384 5001 1959 5075">
    <p class='ocr_par' dir='ltr' id='par_1_100' title="bbox 384 5001 1959 5075">
     <span class='ocr_line' id='line_1_100' title="bbox 384 5001 1959 5075; baseline -0.001 -20"><span class='ocrx_word' id='word_1_728' title='bbox 384 5005 709 5075; x_wconf 47' lang='lat' dir='ltr'><strong>Ancyrznus</strong></span> <span class='ocrx_word' id='word_1_729' title='bbox 736 5003 1065 5057; x_wconf 82' lang='lat' dir='ltr'><strong>commissus</strong></span> <span class='ocrx_word' id='word_1_730' title='bbox 1102 5009 1186 5057; x_wconf 89' lang='lat' dir='ltr'><strong>‘est</strong></span> <span class='ocrx_word' id='word_1_731' title='bbox 1225 5001 1579 5070; x_wconf 78' lang='lat' dir='ltr'><strong>episcopatus</strong></span> <span class='ocrx_word' id='word_1_732' title='bbox 1618 5017 1632 5054; x_wconf 88' lang='lat'><strong>:</strong></span> <span class='ocrx_word' id='word_1_733' title='bbox 1671 5010 1727 5054; x_wconf 90' lang='lat' dir='ltr'><strong>et</strong></span> <span class='ocrx_word' id='word_1_734' title='bbox 1770 5001 1959 5070; x_wconf 80' lang='lat' dir='ltr'><strong>l&#39;rapi-</strong></span> 
     </span>
    </p>
   </div>
   <div class='ocr_carea' id='block_1_101' title="bbox 382 5094 1957 5168">
    <p class='ocr_par' dir='ltr' id='par_1_101' title="bbox 382 5094 1957 5168">
     <span class='ocr_line' id='line_1_101' title="bbox 382 5094 1957 5168; baseline -0.003 -15"><span class='ocrx_word' id='word_1_735' title='bbox 382 5101 530 5166; x_wconf 78' lang='lat' dir='ltr'><strong>dius,</strong></span> <span class='ocrx_word' id='word_1_736' title='bbox 561 5103 652 5168; x_wconf 90' lang='lat' dir='ltr'><strong>qui</strong></span> <span class='ocrx_word' id='word_1_737' title='bbox 686 5098 1043 5168; x_wconf 80' lang='lat' dir='ltr'><strong>quantumvis</strong></span> <span class='ocrx_word' id='word_1_738' title='bbox 1075 5111 1265 5159; x_wconf 75' lang='lat' dir='ltr'><strong>senex,</strong></span> <span class='ocrx_word' id='word_1_739' title='bbox 1301 5094 1596 5149; x_wconf 90' lang='lat' dir='ltr'><strong>admodum</strong></span> <span class='ocrx_word' id='word_1_740' title='bbox 1630 5096 1831 5149; x_wconf 89' lang='lat' dir='ltr'><strong>multas</strong></span> <span class='ocrx_word' id='word_1_741' title='bbox 1857 5110 1957 5164; x_wconf 92' lang='lat' dir='ltr'><strong>pro</strong></span> 
     </span>
    </p>
   </div>
   <div class='ocr_carea' id='block_1_102' title="bbox 379 5185 1957 5261">
    <p class='ocr_par' dir='ltr' id='par_1_102' title="bbox 379 5185 1957 5261">
     <span class='ocr_line' id='line_1_102' title="bbox 379 5185 1957 5261; baseline -0.003 -15"><span class='ocrx_word' id='word_1_742' title='bbox 379 5191 640 5261; x_wconf 88' lang='lat' dir='ltr'><strong>episcopo</strong></span> <span class='ocrx_word' id='word_1_743' title='bbox 694 5189 835 5245; x_wconf 57' lang='lat' dir='ltr'><strong>rexit</strong></span> <span class='ocrx_word' id='word_1_744' title='bbox 863 5189 1027 5244; x_wconf 88' lang='lat' dir='ltr'><strong>urbes</strong></span> <span class='ocrx_word' id='word_1_745' title='bbox 1053 5187 1154 5257; x_wconf 72' lang='grc' dir='ltr'>(ιι).</span> <span class='ocrx_word' id='word_1_746' title='bbox 1188 5185 1415 5241; x_wconf 61' lang='lat' dir='ltr'><strong>Praefuit.</strong></span> <span class='ocrx_word' id='word_1_747' title='bbox 1444 5199 1575 5240; x_wconf 85' lang='lat' dir='ltr'><strong>vero</strong></span> <span class='ocrx_word' id='word_1_748' title='bbox 1600 5186 1957 5242; x_wconf 66' lang='lat' dir='ltr'><strong>nobilissimae</strong></span> 
     </span>
    </p>
   </div>
   <div class='ocr_carea' id='block_1_103' title="bbox 294 5278 1956 5352">
    <p class='ocr_par' dir='ltr' id='par_1_103' title="bbox 294 5278 1956 5352">
     <span class='ocr_line' id='line_1_103' title="bbox 294 5278 1956 5352; baseline -0.003 -14"><span class='ocrx_word' id='word_1_749' title='bbox 294 5289 301 5297; x_wconf 87' lang='lat'><em>’</em></span> <span class='ocrx_word' id='word_1_750' title='bbox 378 5286 546 5339; x_wconf 89' lang='lat' dir='ltr'><strong>etiam</strong></span> <span class='ocrx_word' id='word_1_751' title='bbox 582 5284 658 5337; x_wconf 88' lang='lat' dir='ltr'><strong>illi</strong></span> <span class='ocrx_word' id='word_1_752' title='bbox 690 5283 946 5352; x_wconf 87' lang='lat' dir='ltr'><strong>hospitali</strong></span> <span class='ocrx_word' id='word_1_753' title='bbox 990 5278 1202 5345; x_wconf 86' lang='lat' dir='ltr'><strong>domui,</strong></span> <span class='ocrx_word' id='word_1_754' title='bbox 1228 5278 1319 5334; x_wconf 90' lang='lat' dir='ltr'><strong>cui</strong></span> <span class='ocrx_word' id='word_1_755' title='bbox 1346 5293 1655 5348; x_wconf 82' lang='lat' dir='ltr'><strong>cognomen</strong></span> <span class='ocrx_word' id='word_1_756' title='bbox 1691 5288 1776 5336; x_wconf 88' lang='lat' dir='ltr'><strong>est</strong></span> <span class='ocrx_word' id='word_1_757' title='bbox 1806 5280 1956 5335; x_wconf 86' lang='lat' dir='ltr'><strong>Basi-</strong></span> 
     </span>
    </p>
   </div>
   <div class='ocr_carea' id='block_1_104' title="bbox 378 5371 1954 5444">
    <p class='ocr_par' dir='ltr' id='par_1_104' title="bbox 378 5371 1954 5444">
     <span class='ocr_line' id='line_1_104' title="bbox 378 5371 1954 5444; baseline -0.002 -13"><span class='ocrx_word' id='word_1_758' title='bbox 378 5377 481 5431; x_wconf 88' lang='lat' dir='ltr'><strong>lias</strong></span> <span class='ocrx_word' id='word_1_759' title='bbox 522 5392 537 5429; x_wconf 92' lang='lat'><strong>:</strong></span> <span class='ocrx_word' id='word_1_760' title='bbox 582 5391 706 5429; x_wconf 89' lang='lat' dir='ltr'><strong>nam</strong></span> <span class='ocrx_word' id='word_1_761' title='bbox 750 5393 780 5429; x_wconf 91' lang='lat' dir='ltr'><strong>a</strong></span> <span class='ocrx_word' id='word_1_762' title='bbox 826 5374 1029 5429; x_wconf 87' lang='lat' dir='ltr'><strong>Basilio</strong></span> <span class='ocrx_word' id='word_1_763' title='bbox 1079 5387 1278 5443; x_wconf 75' lang='lat' dir='ltr'><strong>magno</strong></span> <span class='ocrx_word' id='word_1_764' title='bbox 1324 5371 1648 5428; x_wconf 63' lang='lat' dir='ltr'><strong>Caesariensi</strong></span> <span class='ocrx_word' id='word_1_765' title='bbox 1695 5375 1954 5444; x_wconf 85' lang='lat' dir='ltr'><strong>episcopo</strong></span> 
     </span>
    </p>
   </div>
   <div class='ocr_carea' id='block_1_105' title="bbox 381 5464 1951 5536">
    <p class='ocr_par' dir='ltr' id='par_1_105' title="bbox 381 5464 1951 5536">
     <span class='ocr_line' id='line_1_105' title="bbox 381 5464 1951 5536; baseline -0.003 -13"><span class='ocrx_word' id='word_1_766' title='bbox 381 5477 759 5523; x_wconf 86' lang='lat' dir='ltr'><strong>constructum</strong></span> <span class='ocrx_word' id='word_1_767' title='bbox 803 5481 1107 5536; x_wconf 88' lang='lat' dir='ltr'><strong>pauperum</strong></span> <span class='ocrx_word' id='word_1_768' title='bbox 1158 5464 1521 5530; x_wconf 90' lang='lat' dir='ltr'><strong>domicilium,</strong></span> <span class='ocrx_word' id='word_1_769' title='bbox 1570 5481 1694 5520; x_wconf 91' lang='lat' dir='ltr'><strong>cum</strong></span> <span class='ocrx_word' id='word_1_770' title='bbox 1750 5481 1951 5520; x_wconf 88' lang='lat' dir='ltr'><strong>nomen</strong></span> 
     </span>
    </p>
   </div>
   <div class='ocr_carea' id='block_1_106' title="bbox 381 5557 1955 5634">
    <p class='ocr_par' dir='ltr' id='par_1_106' title="bbox 381 5557 1955 5634">
     <span class='ocr_line' id='line_1_106' title="bbox 381 5557 1955 5634; baseline -0.004 -16"><span class='ocrx_word' id='word_1_771' title='bbox 381 5562 503 5634; x_wconf 86' lang='lat' dir='ltr'><strong>ejus</strong></span> <span class='ocrx_word' id='word_1_772' title='bbox 536 5561 772 5622; x_wconf 90' lang='lat' dir='ltr'><strong>obtinet,</strong></span> <span class='ocrx_word' id='word_1_773' title='bbox 815 5568 925 5612; x_wconf 91' lang='lat' dir='ltr'><strong>tum</strong></span> <span class='ocrx_word' id='word_1_774' title='bbox 957 5558 1023 5613; x_wconf 88' lang='lat' dir='ltr'><strong>ad</strong></span> <span class='ocrx_word' id='word_1_775' title='bbox 1058 5567 1303 5627; x_wconf 88' lang='lat' dir='ltr'><strong>tempora</strong></span> <span class='ocrx_word' id='word_1_776' title='bbox 1334 5557 1503 5612; x_wconf 81' lang='lat' dir='ltr'><strong>multa</strong></span> <span class='ocrx_word' id='word_1_777' title='bbox 1538 5559 1820 5628; x_wconf 78' lang='lat' dir='ltr'><strong>perdurat.</strong></span> <span class='ocrx_word' id='word_1_778' title='bbox 1845 5560 1955 5612; x_wconf 76' lang='lat' dir='ltr'><strong>An-</strong></span> 
     </span>
    </p>
   </div>
   <div class='ocr_carea' id='block_1_107' title="bbox 452 5695 1701 5779">
    <p class='ocr_par' dir='ltr' id='par_1_107' title="bbox 452 5695 1701 5779">
     <span class='ocr_line' id='line_1_107' title="bbox 452 5695 1701 5779; baseline 0.001 -30"><span class='ocrx_word' id='word_1_779' title='bbox 452 5698 775 5779; x_wconf 67' lang='lat' dir='ltr'><strong>(l).§oapm.</strong></span> <span class='ocrx_word' id='word_1_780' title='bbox 815 5695 1141 5779; x_wconf 69' lang='lat' dir='ltr'><strong>&#39;l‘elmissum</strong></span> <span class='ocrx_word' id='word_1_781' title='bbox 1172 5696 1355 5751; x_wconf 87' lang='lat' dir='ltr'><strong>vicum</strong></span> <span class='ocrx_word' id='word_1_782' title='bbox 1387 5710 1511 5751; x_wconf 88' lang='lat' dir='ltr'><strong>esse</strong></span> <span class='ocrx_word' id='word_1_783' title='bbox 1543 5697 1701 5779; x_wconf 51' lang='lat' dir='ltr'><strong>dicit.</strong></span> 
     </span>
    </p>
   </div>
   <div class='ocr_carea' id='block_1_108' title="bbox 450 5767 1948 5840">
    <p class='ocr_par' dir='ltr' id='par_1_108' title="bbox 450 5767 1948 5840">
     <span class='ocr_line' id='line_1_108' title="bbox 450 5767 1948 5840; baseline 0.003 -19"><span class='ocrx_word' id='word_1_784' title='bbox 450 5767 526 5840; x_wconf 64' lang='lat'><strong>{2)</strong></span> <span class='ocrx_word' id='word_1_785' title='bbox 556 5767 787 5840; x_wconf 58' lang='lat' dir='ltr'><strong>Soao&#39;lp-</strong></span> <span class='ocrx_word' id='word_1_786' title='bbox 803 5767 868 5840; x_wconf 85' lang='lat' dir='ltr'><strong>ad</strong></span> <span class='ocrx_word' id='word_1_787' title='bbox 906 5776 1122 5820; x_wconf 65' lang='lat' dir='ltr'><strong>aetatem</strong></span> <span class='ocrx_word' id='word_1_788' title='bbox 1156 5782 1350 5840; x_wconf 13' lang='lat' dir='ltr'><strong>Musque</strong></span> <span class='ocrx_word' id='word_1_789' title='bbox 1375 5781 1536 5840; x_wconf 78' lang='lat' dir='ltr'><strong>suam</strong></span> <span class='ocrx_word' id='word_1_790' title='bbox 1569 5777 1624 5821; x_wconf 90' lang='lat' dir='ltr'><strong>et</strong></span> <span class='ocrx_word' id='word_1_791' title='bbox 1651 5768 1948 5826; x_wconf 86' lang='lat' dir='ltr'><strong>Theodosii</strong></span> 
     </span>
    </p>
   </div>
   <div class='ocr_carea' id='block_1_109' title="bbox 373 5836 1953 5908">
    <p class='ocr_par' dir='ltr' id='par_1_109' title="bbox 373 5836 1953 5908">
     <span class='ocr_line' id='line_1_109' title="bbox 373 5836 1953 5908; baseline 0.001 -13"><span class='ocrx_word' id='word_1_792' title='bbox 373 5836 621 5895; x_wconf 76' lang='lat' dir='ltr'><strong>JuniOris</strong></span> <span class='ocrx_word' id='word_1_793' title='bbox 641 5838 935 5908; x_wconf 77' lang='lat' dir='ltr'><strong>imperium</strong></span> <span class='ocrx_word' id='word_1_794' title='bbox 957 5838 1253 5893; x_wconf 81' lang='lat' dir='ltr'><strong>nonnullos</strong></span> <span class='ocrx_word' id='word_1_795' title='bbox 1274 5851 1342 5892; x_wconf 79' lang='lat' dir='ltr'><strong>ex</strong></span> <span class='ocrx_word' id='word_1_796' title='bbox 1372 5836 1524 5891; x_wconf 84' lang='lat' dir='ltr'><strong>hisce</strong></span> <span class='ocrx_word' id='word_1_797' title='bbox 1551 5842 1833 5896; x_wconf 82' lang='lat' dir='ltr'><strong>monachis</strong></span> <span class='ocrx_word' id='word_1_798' title='bbox 1856 5850 1953 5897; x_wconf 72' lang='lat' dir='ltr'><strong>tiu-</strong></span> 
     </span>
    </p>
   </div>
   <div class='ocr_carea' id='block_1_110' title="bbox 2064 4724 3627 4806">
    <p class='ocr_par' dir='ltr' id='par_1_110' title="bbox 2064 4724 3627 4806">
     <span class='ocr_line' id='line_1_110' title="bbox 2064 4724 3627 4806; baseline 0.008 -30"><span class='ocrx_word' id='word_1_799' title='bbox 2064 4724 2175 4778; x_wconf 82' lang='grc' dir='ltr'><strong>τῶν</strong></span> <span class='ocrx_word' id='word_1_800' title='bbox 2212 4724 2569 4794; x_wconf 81' lang='grc' dir='ltr'>Ἀγκυρανῶν</span> <span class='ocrx_word' id='word_1_801' title='bbox 2602 4727 2886 4798; x_wconf 73' lang='grc' dir='ltr'>ἐπετράπη</span> <span class='ocrx_word' id='word_1_802' title='bbox 2928 4732 3208 4801; x_wconf 78' lang='grc' dir='ltr'>ἐπισκοπή</span> <span class='ocrx_word' id='word_1_803' title='bbox 3239 4748 3252 4760; x_wconf 90' lang='grc'><strong>·</strong></span> <span class='ocrx_word' id='word_1_804' title='bbox 3291 4735 3385 4786; x_wconf 75' lang='grc' dir='ltr'><strong>καὶ</strong></span> <span class='ocrx_word' id='word_1_805' title='bbox 3426 4736 3627 4806; x_wconf 67' lang='lat' dir='ltr'><strong>&quot;pani-</strong></span> 
     </span>
    </p>
   </div>
   <div class='ocr_carea' id='block_1_111' title="bbox 2063 4815 3626 4894">
    <p class='ocr_par' dir='ltr' id='par_1_111' title="bbox 2063 4815 3626 4894">
     <span class='ocr_line' id='line_1_111' title="bbox 2063 4815 3626 4894; baseline 0.006 -24"><span class='ocrx_word' id='word_1_806' title='bbox 2063 4816 2197 4880; x_wconf 87' lang='grc' dir='ltr'>διος,</span> <span class='ocrx_word' id='word_1_807' title='bbox 2237 4815 2294 4881; x_wconf 82' lang='grc' dir='ltr'>ὃς</span> <span class='ocrx_word' id='word_1_808' title='bbox 2337 4817 2542 4888; x_wconf 84' lang='grc' dir='ltr'>καίπερ</span> <span class='ocrx_word' id='word_1_809' title='bbox 2586 4820 2855 4889; x_wconf 83' lang='grc' dir='ltr'>γηραλέος</span> <span class='ocrx_word' id='word_1_810' title='bbox 2897 4823 3044 4892; x_wconf 76' lang='grc' dir='ltr'>μάλα</span> <span class='ocrx_word' id='word_1_811' title='bbox 3082 4826 3397 4894; x_wconf 81' lang='grc' dir='ltr'>γενόμενος,</span> <span class='ocrx_word' id='word_1_812' title='bbox 3440 4829 3626 4891; x_wconf 63' lang='grc' dir='ltr'>πολλὰς</span> 
     </span>
    </p>
   </div>
   <div class='ocr_carea' id='block_1_112' title="bbox 2064 4911 3626 4992">
    <p class='ocr_par' dir='ltr' id='par_1_112' title="bbox 2064 4911 3626 4992">
     <span class='ocr_line' id='line_1_112' title="bbox 2064 4911 3626 4992; baseline 0.008 -28"><span class='ocrx_word' id='word_1_813' title='bbox 2064 4911 2369 4965; x_wconf 82' lang='grc' dir='ltr'>ἐπεσκόπει</span> <span class='ocrx_word' id='word_1_814' title='bbox 2408 4913 2614 4974; x_wconf 81' lang='grc' dir='ltr'>πόλεις.</span> <span class='ocrx_word' id='word_1_815' title='bbox 2657 4914 2900 4983; x_wconf 80' lang='grc' dir='ltr'>Προέστη</span> <span class='ocrx_word' id='word_1_816' title='bbox 2942 4916 2998 4969; x_wconf 82' lang='grc' dir='ltr'>δὲ</span> <span class='ocrx_word' id='word_1_817' title='bbox 3039 4918 3134 4971; x_wconf 81' lang='grc' dir='ltr'>καὶ</span> <span class='ocrx_word' id='word_1_818' title='bbox 3167 4920 3263 4973; x_wconf 79' lang='grc' dir='ltr'>τοῦ</span> <span class='ocrx_word' id='word_1_819' title='bbox 3305 4924 3626 4992; x_wconf 73' lang='grc' dir='ltr'>ἐπ;σημοτά-</span> 
     </span>
    </p>
   </div>
   <div class='ocr_carea' id='block_1_113' title="bbox 2064 4999 3622 5083">
    <p class='ocr_par' dir='ltr' id='par_1_113' title="bbox 2064 4999 3622 5083">
     <span class='ocr_line' id='line_1_113' title="bbox 2064 4999 3622 5083; baseline 0.006 -27"><span class='ocrx_word' id='word_1_820' title='bbox 2064 5021 2156 5058; x_wconf 86' lang='grc' dir='ltr'><strong>του</strong></span> <span class='ocrx_word' id='word_1_821' title='bbox 2192 5005 2490 5075; x_wconf 83' lang='grc' dir='ltr'>πτωχείου,</span> <span class='ocrx_word' id='word_1_822' title='bbox 2520 4999 2565 5073; x_wconf 82' lang='grc' dir='ltr'>ᾧ</span> <span class='ocrx_word' id='word_1_823' title='bbox 2598 5005 2884 5069; x_wconf 79' lang='grc' dir='ltr'>Βασιλειὰς</span> <span class='ocrx_word' id='word_1_824' title='bbox 2913 5008 3202 5080; x_wconf 73' lang='grc' dir='ltr'>ἐπώνυμον</span> <span class='ocrx_word' id='word_1_825' title='bbox 3229 5008 3299 5083; x_wconf 74' lang='grc' dir='ltr'>ἦν</span> <span class='ocrx_word' id='word_1_826' title='bbox 3323 5031 3338 5046; x_wconf 77' lang='grc' dir='ltr'><strong><em>ο</em></strong></span> <span class='ocrx_word' id='word_1_827' title='bbox 3373 5015 3622 5082; x_wconf 73' lang='grc' dir='ltr'>Βασιλείῳ</span> 
     </span>
    </p>
   </div>
   <div class='ocr_carea' id='block_1_114' title="bbox 2061 5097 3617 5175">
    <p class='ocr_par' dir='ltr' id='par_1_114' title="bbox 2061 5097 3617 5175">
     <span class='ocr_line' id='line_1_114' title="bbox 2061 5097 3617 5175; baseline 0.008 -26"><span class='ocrx_word' id='word_1_828' title='bbox 2061 5097 2171 5168; x_wconf 74' lang='grc' dir='ltr'><strong>γὰρ</strong></span> <span class='ocrx_word' id='word_1_829' title='bbox 2201 5098 2274 5165; x_wconf 82' lang='grc' dir='ltr'>τῷ</span> <span class='ocrx_word' id='word_1_830' title='bbox 2305 5099 2445 5151; x_wconf 75' lang='grc' dir='ltr'>πάνυ</span> <span class='ocrx_word' id='word_1_831' title='bbox 2478 5101 2823 5170; x_wconf 82' lang='grc' dir='ltr'>Καισαρείας</span> <span class='ocrx_word' id='word_1_832' title='bbox 2851 5104 3135 5175; x_wconf 85' lang='grc' dir='ltr'>ἐπισκόπῳ</span> <span class='ocrx_word' id='word_1_833' title='bbox 3167 5110 3617 5171; x_wconf 70' lang='grc' dir='ltr'>κατασκευασθὲν.</span> 
     </span>
    </p>
   </div>
   <div class='ocr_carea' id='block_1_115' title="bbox 2062 5190 3618 5276">
    <p class='ocr_par' dir='ltr' id='par_1_115' title="bbox 2062 5190 3618 5276">
     <span class='ocr_line' id='line_1_115' title="bbox 2062 5190 3618 5276; baseline 0.011 -34"><span class='ocrx_word' id='word_1_834' title='bbox 2062 5190 2156 5243; x_wconf 78' lang='grc' dir='ltr'>καὶ</span> <span class='ocrx_word' id='word_1_835' title='bbox 2184 5192 2284 5262; x_wconf 78' lang='grc' dir='ltr'>τὴν</span> <span class='ocrx_word' id='word_1_836' title='bbox 2311 5193 2522 5275; x_wconf 79' lang='grc' dir='ltr'>ἐκείνου</span> <span class='ocrx_word' id='word_1_837' title='bbox 2553 5193 2910 5265; x_wconf 80' lang='grc' dir='ltr'>ἐκληρώσατο</span> <span class='ocrx_word' id='word_1_838' title='bbox 2941 5198 3154 5269; x_wconf 82' lang='grc' dir='ltr'>κλῆσιν,</span> <span class='ocrx_word' id='word_1_839' title='bbox 3182 5203 3240 5266; x_wconf 87' lang='grc' dir='ltr'><strong>ἐς</strong></span> <span class='ocrx_word' id='word_1_840' title='bbox 3270 5204 3411 5257; x_wconf 73' lang='grc' dir='ltr'>πάνυ</span> <span class='ocrx_word' id='word_1_841' title='bbox 3444 5206 3618 5276; x_wconf 71' lang='grc' dir='ltr'>πόρρω</span> 
     </span>
    </p>
   </div>
   <div class='ocr_carea' id='block_1_116' title="bbox 2062 5284 3616 5364">
    <p class='ocr_par' dir='ltr' id='par_1_116' title="bbox 2062 5284 3616 5364">
     <span class='ocr_line' id='line_1_116' title="bbox 2062 5284 3616 5364; baseline 0.009 -31"><span class='ocrx_word' id='word_1_842' title='bbox 2062 5284 2509 5354; x_wconf 82' lang='grc' dir='ltr'>περιγενόμενον.</span> <span class='ocrx_word' id='word_1_843' title='bbox 2551 5285 2641 5338; x_wconf 83' lang='grc' dir='ltr'>Ἐν</span> <span class='ocrx_word' id='word_1_844' title='bbox 2677 5288 2865 5356; x_wconf 81' lang='grc' dir='ltr'>μέντοι</span> <span class='ocrx_word' id='word_1_845' title='bbox 2896 5291 2963 5360; x_wconf 79' lang='grc' dir='ltr'>τῇ</span> <span class='ocrx_word' id='word_1_846' title='bbox 3002 5291 3277 5364; x_wconf 82' lang='grc' dir='ltr'>’Δντιόχου</span> <span class='ocrx_word' id='word_1_847' title='bbox 3315 5295 3496 5349; x_wconf 85' lang='grc' dir='ltr'>πολλοι</span> <span class='ocrx_word' id='word_1_848' title='bbox 3531 5296 3616 5350; x_wconf 78' lang='grc' dir='ltr'>καὶ</span> 
     </span>
    </p>
   </div>
   <div class='ocr_carea' id='block_1_117' title="bbox 2059 5372 3616 5458">
    <p class='ocr_par' dir='ltr' id='par_1_117' title="bbox 2059 5372 3616 5458">
     <span class='ocr_line' id='line_1_117' title="bbox 2059 5372 3616 5458; baseline 0.008 -31"><span class='ocrx_word' id='word_1_849' title='bbox 2059 5374 2206 5427; x_wconf 79' lang='grc' dir='ltr'>ἄλλοι</span> <span class='ocrx_word' id='word_1_850' title='bbox 2232 5374 2530 5446; x_wconf 61' lang='grc' dir='ltr'>διέλαμπον</span> <span class='ocrx_word' id='word_1_851' title='bbox 2549 5394 2563 5409; x_wconf 85' lang='grc'><strong>·</strong></span> <span class='ocrx_word' id='word_1_852' title='bbox 2590 5378 2650 5430; x_wconf 90' lang='grc' dir='ltr'><strong>ἐν</strong></span> <span class='ocrx_word' id='word_1_853' title='bbox 2676 5372 2758 5442; x_wconf 74' lang='grc' dir='ltr'><strong>οἷς</strong></span> <span class='ocrx_word' id='word_1_854' title='bbox 2787 5380 2926 5451; x_wconf 68' lang='grc' dir='ltr'>μετὰ</span> <span class='ocrx_word' id='word_1_855' title='bbox 2954 5382 3244 5439; x_wconf 75' lang='grc' dir='ltr'>ἰουλιανδν</span> <span class='ocrx_word' id='word_1_856' title='bbox 3268 5388 3365 5440; x_wconf 75' lang='grc' dir='ltr'>καὶ</span> <span class='ocrx_word' id='word_1_857' title='bbox 3395 5388 3616 5458; x_wconf 69' lang='grc' dir='ltr'><strong>’Δφραὲ-</strong></span> 
     </span>
    </p>
   </div>
   <div class='ocr_carea' id='block_1_118' title="bbox 2059 5470 3613 5553">
    <p class='ocr_par' dir='ltr' id='par_1_118' title="bbox 2059 5470 3613 5553">
     <span class='ocr_line' id='line_1_118' title="bbox 2059 5470 3613 5553; baseline 0.008 -33"><span class='ocrx_word' id='word_1_858' title='bbox 2059 5484 2160 5535; x_wconf 87' lang='grc' dir='ltr'><strong>την</strong></span> <span class='ocrx_word' id='word_1_859' title='bbox 2184 5470 2392 5523; x_wconf 83' lang='grc' dir='ltr'>ἐκεῖνον</span> <span class='ocrx_word' id='word_1_860' title='bbox 2420 5472 2701 5541; x_wconf 82' lang='grc' dir='ltr'>Μαριανός</span> <span class='ocrx_word' id='word_1_861' title='bbox 2727 5492 2787 5526; x_wconf 85' lang='grc' dir='ltr'><strong>τε</strong></span> <span class='ocrx_word' id='word_1_862' title='bbox 2815 5476 2908 5530; x_wconf 80' lang='grc' dir='ltr'>καὶ</span> <span class='ocrx_word' id='word_1_863' title='bbox 2936 5476 3193 5543; x_wconf 81' lang='grc' dir='ltr'>Εὐσέϐιος</span> <span class='ocrx_word' id='word_1_864' title='bbox 3218 5476 3389 5553; x_wconf 81' lang='grc' dir='ltr'>ἦσαν,</span> <span class='ocrx_word' id='word_1_865' title='bbox 3420 5480 3613 5536; x_wconf 78' lang='grc' dir='ltr'>Παλλά·</span> 
     </span>
    </p>
   </div>
   <div class='ocr_carea' id='block_1_119' title="bbox 2059 5560 3611 5647">
    <p class='ocr_par' dir='ltr' id='par_1_119' title="bbox 2059 5560 3611 5647">
     <span class='ocr_line' id='line_1_119' title="bbox 2059 5560 3611 5647; baseline 0.009 -34"><span class='ocrx_word' id='word_1_866' title='bbox 2059 5560 2172 5625; x_wconf 85' lang='grc' dir='ltr'>διός</span> <span class='ocrx_word' id='word_1_867' title='bbox 2212 5580 2274 5615; x_wconf 86' lang='grc' dir='ltr'><strong>τε</strong></span> <span class='ocrx_word' id='word_1_868' title='bbox 2325 5565 2418 5617; x_wconf 68' lang='grc' dir='ltr'>καὶ</span> <span class='ocrx_word' id='word_1_869' title='bbox 2468 5565 2768 5638; x_wconf 83' lang='grc' dir='ltr'>Συμεὼνης</span> <span class='ocrx_word' id='word_1_870' title='bbox 2820 5570 2914 5623; x_wconf 82' lang='grc' dir='ltr'>καὶ</span> <span class='ocrx_word' id='word_1_871' title='bbox 2951 5571 3292 5647; x_wconf 71' lang='grc' dir='ltr'>Ἀϐραάμ.ηῇ</span> <span class='ocrx_word' id='word_1_872' title='bbox 3342 5576 3434 5629; x_wconf 75' lang='grc' dir='ltr'>καὶ</span> <span class='ocrx_word' id='word_1_873' title='bbox 3477 5575 3611 5630; x_wconf 73' lang='grc' dir='ltr'>ἄλλοι</span> 
     </span>
    </p>
   </div>
   <div class='ocr_carea' id='block_1_120' title="bbox 2058 5707 2956 5783">
    <p class='ocr_par' dir='ltr' id='par_1_120' title="bbox 2058 5707 2956 5783">
     <span class='ocr_line' id='line_1_120' title="bbox 2058 5707 2956 5783; baseline 0.013 -26"><span class='ocrx_word' id='word_1_874' title='bbox 2058 5718 2205 5783; x_wconf 67' lang='lat' dir='ltr'><strong>rasse</strong></span> <span class='ocrx_word' id='word_1_875' title='bbox 2235 5707 2447 5783; x_wconf 71' lang='lat' dir='ltr'><strong>scribit.</strong></span> <span class='ocrx_word' id='word_1_876' title='bbox 2482 5709 2580 5783; x_wconf 86' lang='lat' dir='ltr'><strong>lib.</strong></span> <span class='ocrx_word' id='word_1_877' title='bbox 2614 5726 2838 5783; x_wconf 82' lang='lat' dir='ltr'><strong>vt,_cap.</strong></span> <span class='ocrx_word' id='word_1_878' title='bbox 2868 5714 2956 5770; x_wconf 66' lang='lat'><strong>34.</strong></span> 
     </span>
    </p>
   </div>
   <div class='ocr_carea' id='block_1_121' title="bbox 2129 5775 2816 5846">
    <p class='ocr_par' dir='ltr' id='par_1_121' title="bbox 2129 5775 2816 5846">
     <span class='ocr_line' id='line_1_121' title="bbox 2129 5775 2816 5846; baseline 0.013 -17"><span class='ocrx_word' id='word_1_879' title='bbox 2129 5775 2205 5846; x_wconf 76' lang='grc'><strong>(5)</strong></span> <span class='ocrx_word' id='word_1_880' title='bbox 2239 5776 2458 5832; x_wconf 75' lang='lat' dir='ltr'><strong>Sozom.</strong></span> <span class='ocrx_word' id='word_1_881' title='bbox 2494 5780 2657 5836; x_wconf 84' lang='lat' dir='ltr'><strong>habet</strong></span> <span class='ocrx_word' id='word_1_882' title='bbox 2690 5775 2816 5838; x_wconf 58' lang='lat' dir='ltr'><strong>Leo&#39;.</strong></span> 
     </span>
    </p>
   </div>
   <div class='ocr_carea' id='block_1_122' title="bbox 2130 5845 2555 5917">
    <p class='ocr_par' dir='ltr' id='par_1_122' title="bbox 2130 5845 2555 5917">
     <span class='ocr_line' id='line_1_122' title="bbox 2130 5845 2555 5917; baseline 0.012 -19"><span class='ocrx_word' id='word_1_883' title='bbox 2130 5845 2209 5917; x_wconf 64' lang='lat' dir='ltr'><strong>t6)</strong></span> <span class='ocrx_word' id='word_1_884' title='bbox 2242 5845 2365 5901; x_wconf 85' lang='lat' dir='ltr'><strong>Soz.</strong></span> <span class='ocrx_word' id='word_1_885' title='bbox 2394 5850 2555 5903; x_wconf 82' lang='lat' dir='ltr'><strong>vicos.</strong></span> 
     </span>
    </p>
   </div>
  </div>
