3912 6554
296 388 422 470 m

1217 379 1818 442 EI‘CLESlASTltLE
1858 375 2245 436 IilS'l'OiiIrE
2293 373 2432 434 Lm.
2480 374 2586 434 Χῐ.

3433 375 3536 437 71%

300 501 442 570 πρὸς
475 501 713 562 τούτοις,
748 499 797 551 οἳ
832 498 1107 566 ἀκήρατον
1141 494 1199 548 τὸ
1234 494 1354 547 κατ’
1379 493 1562 546 εἰκόνα
1592 491 1869 553 διέσωζον.
1901 535 1904 547 .

2011 487 2191 541 iochiae
2225 487 2382 540 multi
2411 487 2503 540 alii
2538 489 2788 542 enitucre
2820 487 3095 552 monachi,
3129 488 3184 541 in
3229 487 3428 558 quibus
3459 505 3544 544 se-

313 595 405 646 'Ev
442 592 502 646 δὲ
537 592 619 660 τῷ
663 590 1056 660 παρακειμένῳ
1097 588 1212 658 ὄρει
1252 588 1316 654 τῇ
1366 585 1547 648 πόλει,
1587 583 1617 636 ὃ
1659 582 1871 643 πολλοῖς

301 685 564 754 λειμῶσιν
587 684 860 752 ὡράῐττο,
888 684 1094 750 Πέτρος
1121 682 1148 732 ὁ
1175 679 1423 746 Γαλάτης
1451 677 1710 745 διέπρεπε
1734 717 1751 740 ,
1779 673 1875 726 καὶ

298 782 326 834 6
353 779 530 848 τούτῳ
557 776 848 847 ὁμώνυμος
871 818 884 841 ,
916 779 944 828 6
973 774 1267 841 Αἰγύπτιος
1293 785 1306 800 ⁸
1346 769 1622 836 Ῥωμανὸς
1651 783 1710 819 τε
1732 806 1747 829 ,
1782 767 1874 818 καὶ

300 869 540 938 Σευῆρος
569 869 664 919 καὶ
692 869 900 936 Ζήνων,
933 866 1024 916 καὶ
1056 863 1260 930 Μωσῆς
1291 861 1384 912 καὶ
1414 859 1652 928 Μάλχος.
1687 857 1877 909 Πολλοὶ¹

299 962 353 1013 δὲ
389 964 484 1014 καὶ
516 961 668 1013 ἄλλοι
699 958 998 1026 τηνικαῦτα
1027 951 1168 1025 ἦσαν
1199 954 1299 1016 τὰς
1327 953 1424 1019 τῆς
1458 951 1759 1020 μοναχικῆς
1791 966 1879 1016 φι-

300 1051 560 1118 λοσοφίας
597 1047 852 1116 ἀφιέντες
887 1043 1264 1115 μαρμαρυγὰς
1293 1059 1307 1072 ·
1345 1045 1403 1094 ὲν
1439 1042 1539 1111 μὲν
1572 1043 1635 1108 τῇ
1674 1039 1880 1103 Χαλκι-

300 1142 436 1194 δέων
464 1143 655 1210 ἐρήμῳ
680 1139 903 1198 Ἀϐιτος
934 1138 1028 1190 καὶ
1061 1134 1379 1204 Μαρκιανὸς
1413 1135 1504 1185 καὶ
1537 1132 1880 1201 Ἃϐμάμης,

302 1234 396 1284 καὶ
429 1232 566 1282 πολύ
601 1248 654 1281 τι
686 1229 815 1282 ἄλλο
849 1227 1049 1295 πλῆθος
1084 1227 1183 1278 οὐκ
1218 1225 1592 1292 εὐαρίθμητον
1613 1261 1630 1284 ,
1665 1220 1881 1288 σώματι

304 1323 536 1393 παθητῷ
567 1323 665 1392 τὴν
697 1319 886 1388 ἀπαθῆ
932 1319 1078 1387 ζωὴν
1114 1317 1502 1386 μετερχόμενοι
1528 1331 1541 1344 ⁸
1580 1314 1636 1366 ἒν
1667 1330 1732 1380 γε
1777 1315 1883 1380 μὴν

303 1419 368 1483 τῇ
395 1414 698 1479 Ἀπαμέων
725 1412 1036 1481 ’Λγαπητὸς
1070 1411 1160 1462 καὶ
1194 1410 1492 1477 Συμεώνης
1523 1406 1619 1457 καὶ
1655 1404 1880 1464 Παῦλος.

309 1509 580 1565 Πούπλιος
625 1507 670 1560 δ’
697 1512 754 1560 ὲν
801 1507 1169 1572 Ζευγματέων
1215 1501 1564 1569 ἐφιλοσόφει·
1616 1500 1674 1552 ὲν
1720 1497 1778 1550 δὲ
1820 1498 1885 1565 τῇ

307 1603 607 1670 Κυρεστῶν
623 1601 927 1669 Ἀκεψιμᾶς
951 1601 978 1650 6
1004 1596 1357 1666 πανεύφημος
1379 1609 1392 1623 ·
1419 1593 1476 1655 ὃς
1500 1590 1730 1661 οἰκίσκῳ
1758 1590 1888 1658 βρα-

306 1695 526 1765 χυτάτῳ
563 1694 881 1762 καθεῖρκτο,
909 1692 966 1743 ὲν
997 1684 1042 1758 ᾧ
1075 1688 1472 1759 ὲξηκοντούτην
1506 1687 1695 1756 χρόνον
1727 1685 1890 1746 ὁσίως

305 1787 585 1855 διήνυσεν,
615 1785 742 1838 οὐτε
771 1786 851 1847 εἰς
881 1767 1070 1852 λόγους
1101 1783 1252 1853 ἥκων
1281 1780 1408 1834 τινί.
1434 1777 1544 1832 Ἦν
1570 1779 1628 1831 δὲ
1659 1776 1736 1846 τῷ
1768 1776 1888 1828 τότε

308 1880 404 1932 καὶ
439 1880 786 1948 Ζευγμάτιος
817 1880 846 1930 6
879 1877 1081 1939 πολὺς,
1114 1875 1175 1937 ὃς
1207 1876 1306 1944 τὴν
1337 1873 1462 1943 ὄψιν
1494 1869 1886 1944 ἀφῃρημένος.

305 1973 367 2024 οὐ
401 1970 648 2040 καλύῦην
677 1969 836 2038 ᾤκει,
869 1969 1002 2022 ἀλλᾶ
1033 1967 1252 2039 περιῄει
1282 1965 1468 2036 κύκλῳ
1498 1965 1558 2018 τὸ
1585 1963 1888 2034 ἀκραιφνὲς

305 2065 408 2134 τῆς
461 2066 699 2125 πίστεως
750 2061 1158 2130 καταγγέλλων.
1195 2052 1298 2113 Ὧν
1345 2057 1412 2130 δὴ
1461 2058 1561 2126 τὴν
1613 2055 1893 2108 πολιτείαν

306 2157 514 2226 ἄριστα
543 2156 685 2210 κατά
718 2155 890 2225 μέρος
920 2154 1156 2208 ἑκάστου
1184 2151 1531 2222 Θεοδώρητος
1560 2152 1588 2204 6
1619 2149 1806 2220 Κύρου
1837 2151 1895 2200 ὲν

309 2252 374 2319 τῇ
413 2249 648 2318 φιλοθὲῳ
681 2250 896 2318 ἱστορίᾳ
932 2245 1298 2317 συνέγραψεν.
1333 2244 1554 2297 Τούτων
1586 2242 1643 2296 δὲ
1675 2243 1897 2297 πάντων

311 2345 471 2414 κοινὴ
512 2343 780 2406 πολιτεία,
827 2343 900 2404 ὡς
940 2343 1138 2405 είπείν,
1177 2335 1268 2412 ἦν,
1309 2339 1411 2410 τῆς
1455 2339 1558 2409 μὲν·
1594 2337 1772 2408 ψυχῆς
1814 2333 1898 2390 ὅτι

311 2441 564 2492 πλεῖστον
593 2434 1002 2506 ἐπιμελεῖσθαι,
1035 2435 1129 2487 καί¹
1159 2433 1363 2502 ταύτην
1395 2432 1532 2504 πρὸς
1564 2430 1894 2499 ἀπαλλαγὴν

310 2535 422 2587 τῶν
453 2531 662 2586 ἐνθένδε
695 2530 895 2592 ἐθίζειν
921 2543 937 2558 ⁶
969 2529 1062 2582 τὸν
1091 2527 1148 2581 δέ
1184 2544 1244 2596 γε
1279 2525 1450 2580 πολὺν
1484 2527 1671 2586 αὐτοῖς
1703 2524 1896 2592 χρόνον

313 2627 451 2694 εὐχῇ
477 2641 535 2676 τε
567 2625 662 2676 καὶ
693 2623 920 2692 νηστείᾳ
952 2623 1047 2675 καὶ
1077 2619 1268 2692 ὕμνοις
1289 2617 1368 2688 τῷ
1383 2617 1531 2686 Θείῳ
1563 2617 1899 2686 προσήκουσι

310 2719 657 2788 διατρίϐειν
706 2717 958 2786 σώματος
1005 2715 1064 2768 δὲ
1114 2712 1460 2766 παντάπασιν
1511 2708 1755 2778 ἀμελεῖν,
1806 2710 1901 2761 καὶ

313 2813 415 2878 τῆς
447 2813 538 2863 ἐπὶ
564 2809 739 2878 τούτῳ
769 2807 1053 2878 ῥᾳστώνης
1079 2823 1137 2858 τε
1165 2806 1262 2858 καὶ
1289 2802 1610 2871 ἐπιμελείας
1633 2815 1647 2830 ·
1678 2800 1900 2870 χρημά-

318 2923 428 2958 των
452 2905 510 2957 δε
542 2905 635 2956 καὶ
663 2904 761 2972 τῆς
795 2905 922 2971 περὶ
949 2901 1016 2953 τὰ
1048 2902 1350 2970 πράγματα
1381 2895 1635 2966 ἀσχολίας
1670 2896 1900 2962 πάμπαν

319 2997 723 3062 ἀπεξενῶσθαι,
771 2996 864 3049 καὶ
914 2996 1050 3067 πρὸς
1101 2994 1199 3063 τὴν
1250 2991 1374 3046 κατ’
1403 2991 1672 3059 ἀγγέλους
1718 2987 1903 3058 βιοτὴν

318 3090 684 3158 ἁμιλλᾶοθαι.

1976 579 2218 636 eundum
2256 579 2535 634 lulianum
2577 586 2632 633 ct
2663 579 2994 646 Aphraatcm
3037 580 3217 642 illum,
3267 582 3546 636 Marianos

1979 673 2084 726 fuit
2130 683 2184 726 ct
2235 671 2528 736 Eusebius,
2597 671 2870 726 Palladius
2917 683 2972 725 et
3018 672 3340 742 Symcones,
3374 673 3548 727 Abra-

1981 766 2170 819 liames
2204 772 2260 817 ct
2289 764 2380 817 alii
2417 766 2660 832 insuper,
2707 764 2800 832 qui
2836 765 3105 830 integrum
3133 773 3297 832 atque
3330 765 3553 826 immor-

1985 860 2118 922 tale,
2156 859 2207 914 id
2243 860 2384 928 quod
2421 859 2487 913 ad
2529 859 2818 927 imaginem
2848 859 2938 913 Dei
2973 860 3250 914 conditum
3286 871 3391 924 est,
3423 876 3553 914 con—

1985 963 2276 1006 servarunt
2307 954 2406 1019 Η).
2443 953 2498 1005 ln
2541 963 2727 1005 monte
2769 968 2836 1004 eo
2871 952 3040 1020 pratis
3073 953 3258 1005 multis
3290 967 3552 1021 perquam

1985 1062 2225 1109 alumno,
2261 1046 2353 1113 qui
2387 1045 2507 1097 urbi
2538 1045 2776 1111 adiacet,
2809 1045 3004 1099 Petrus
3033 1045 3219 1100 Calata
3258 1046 3476 1109 enituit,
3502 1057 3558 1098 et

1987 1138 2335 1206 cognominis
2389 1137 2519 1189 huic
2571 1135 2877 1206 AZgyptins.
2933 1135 3200 1191 Praeterea
3254 1136 3554 1197 Romanus,

1986 1243 2044 1286 et
2073 1233 2328 1294 Severus,
2357 1239 2413 1284 et
2445 1231 2614 1292 Zeno,
2646 1240 2700 1284 et
2735 1231 2932 1292 Moses,
2967 1240 3022 1284 et
3057 1231 3318 1293 Malebus,
3355 1231 3559 1299 aliique

1992 1327 2146 1378 multi
2175 1341 2241 1378 eo
2270 1336 2514 1394 tempore
2558 1325 2856 1377 monastica
2891 1325 2964 1378 ibi
3004 1324 3351 1392 philosophia
3379 1325 3562 1392 splen-

1989 1418 2104 1470 didi
2129 1427 2185 1470 et
2218 1417 2453 1470 illustres
2478 1416 2652 1470 (nere.
2681 1415 2737 1468 In
2763 1417 3058 1471 solitudine
3087 1415 3397 1493 Chalcidis,
3425 1418 3561 1469 Abi-

1993 1519 2105 1570 tus,
2137 1517 2194 1562 et
2227 1508 2554 1571 Marcianus,
2587 1519 2640 1562 et
2680 1508 3038 1570 Abrahames,
3077 1519 3132 1562 et
3170 1509 3565 1578 quamplurimi

1993 1600 2110 1662 alii,
2144 1615 2251 1654 non
2285 1599 2448 1654 facile
2475 1601 2578 1655 sub
2607 1615 2898 1653 numerum
2935 1601 3195 1654 cadentes
3227 1603 3304 1670 (2)
3335 1617 3568 1672 corpore

1995 1690 2451 1761 perpessionihus
2501 1692 2777 1755 obnoxio,
2825 1692 2991 1746 \itam
3038 1692 3420 1748 aﬂecnonibus
3475 1711 3568 1747 va-

1997 1798 2184 1848 cuam,
2231 1783 2548 1838 excoluere.
2599 1782 2734 1837 item
2797 1785 2851 1837 iu
2907 1785 3330 1852 Apameensium
3379 1801 3568 1840 eremi

1995 1877 2271 1946 Agapelus
2307 1887 2362 1930 et
2410 1876 2726 1947 Symeones,
2766 1885 2824 1930 et
2854 1877 3078 1934 Paulus.
3112 1878 3167 1931 in
3206 1878 3568 1949 Zeugmaten-

1993 1970 2140 2023 sium
2177 1978 2360 2021 autem
2409 1968 2540 2028 solis
2571 1969 2707 2023 locis
2737 1968 2969 2024 Publius
3001 1980 3055 2024 et
3089 1970 3291 2024 Paulus
3322 1969 3570 2039 philoso—

1997 2061 2150 2130 phati
2184 2069 2335 2116 sunt.
2374 2061 2507 2116 ltem
2550 2061 2604 2116 in
2641 2062 2944 2118 solitudine
2977 2061 3131 2116 urbis
3155 2061 3312 2130 ,Cyri,
3346 2063 3574 2134 Aeepsi-

1999 2169 2116 2210 mas
2154 2154 2248 2209 ille
2293 2155 2788 2221 deeantatissimus,
2829 2155 2921 2225 qui
2973 2155 3027 2208 in
3068 2155 3346 2223 tuguriolo
3379 2156 3573 2225 exiguo

2000 2245 2248 2302 inclusus
2299 2247 2583 2316 sexaginta
2634 2261 2810 2300 annos
2855 2259 3045 2302 sancte
3099 2248 3175 2300 ita
3226 2249 3467 2318 peregit.
3517 2259 3575 2301 ut

2000 2356 2182 2410 neque
2207 2338 2576 2409 conspiceret,
2603 2354 2782 2409 neque
2808 2340 3190 2408 alloqueretur
3218 2356 3573 2411 quemquam.

2002 2435 2128 2490 Fuit
2154 2444 2270 2487 tum
2294 2448 2516 2502 quoque
2554 2448 2786 2504 magnus
2815 2433 2908 2487 ille
2931 2433 3304 2504 Zeugmatius,
3328 2435 3423 2504 qui
3451 2450 3550 2488 oeu
3568 2464 3580 2473 -

2002 2526 2072 2580 lis
2114 2535 2330 2594 captus,
2381 2540 2489 2578 non
2524 2524 2578 2578 in
2627 2539 2808 2579 casam
2847 2524 3086 2594 aliquam
3128 2539 3188 2582 se
3217 2527 3453 2594 abdidit,
3484 2529 3577 2580 sed

2005 2620 2124 2674 loca
2170 2617 2438 2687 plcraqu’e
2478 2616 2836 2681 circumiens,
2886 2617 3154 2672 sinceram
3201 2619 3324 2673 ﬁdei
3371 2619 3582 2689 profes-

2005 2709 2225 2764 sionem
2259 2708 2632 2762 aununtiavit.
2664 2710 2910 2774 Quorum
2945 2711 3114 2763 vitam
3157 2711 3434 2780 sigillatim
3465 2727 3582 2765 om-

2005 2803 2158 2856 nium
2185 2801 2564 2871 pulcherrime
2593 2799 2978 2857 Theodoretus
3006 2801 3132 2874 Cyri
3175 2805 3489 2874 episcopus,
3526 2805 3580 2858 in

2007 2895 2104 2948 Dei
2154 2895 2462 2948 amantium
2519 2894 2750 2948 historia
2801 2895 3153 2964 conscripsit.
3204 2896 3366 2966 196
3414 2898 3586 2952 Porro

2006 2987 2254 3042 omnium
2292 2987 2526 3042 istorum
2566 3002 2884 3049 commune,
2929 2999 2987 3040 ut
3034 2987 3108 3041 ita
3155 2988 3356 3054 dicam,
3405 2991 3587 3042 consi-

2005 3081 2142 3141 lium
2175 3089 2231 3135 et
2266 3080 2576 3134 institutum
2602 3090 2742 3143 erat,
2785 3091 2844 3134 ut
2874 3095 3035 3149 quam
3065 3081 3356 3134 maximam
3388 3083 3586 3136 animae

321 3206 514 3243 curam
541 3197 823 3260 gererent,
863 3201 1099 3256 eamque
1133 3200 1163 3239 a
1197 3184 1363 3238 rebus
1407 3192 1464 3238 et
1495 3179 1695 3235 studiis
1741 3180 1902 3250 hujus
1943 3179 2067 3234 vita:
2137 3195 2236 3249 per
2300 3178 2722 3234 desnetudinem
2766 3177 3183 3242 abalienarent,
3217 3189 3276 3233 et
3320 3179 3588 3249 longioris
3644 3185 3648 3192 ‘

328 3289 456 3340 vite
501 3302 613 3338 Sine
662 3294 880 3353 tempus
934 3281 988 3335 in
1042 3277 1482 3350 precationibus,
1531 3274 1758 3349 jejuniis
1827 3274 2181 3344 hymnisque,

2261 3283 2320 3328 et
2391 3271 2560 3326 Deum
2602 3272 2929 3326 docentibus
2972 3271 3230 3326 laudibus
3300 3288 3589 3328 Consume-

333 3392 504 3437 rcnt:
572 3394 778 3448 corpus
843 3387 1026 3431 autem
1071 3375 1510 3443 dcliciarumque
1581 3373 1704 3442 ejus
1746 3381 1805 3426 et
1851 3371 2150 3441 voluptatis
2191 3367 2438 3424 Studium
2476 3370 2845 3440 negligerent,
2893 3385 2995 3423 nec
3064 3383 3170 3422 non
3222 3371 3508 3439 pecuniam
3537 3381 3593 3425 et

325 3478 680 3546 negotiorum
704 3472 1096 3542 occupationes
1129 3471 1358 3524 omnino
1387 3487 1417 3523 a
1448 3485 1506 3524 se
1546 3469 1902 3537 repellerent,
1944 3479 2002 3524 et
2032 3468 2098 3523 ad
2133 3467 2298 3522 vitam
2327 3465 2628 3538 angelicam
2662 3468 2972 3522 imitatione
3000 3468 3423 3523 contenderent.

907 3593 1162 3646 ΚΕΦΑΛ.
1195 3593 1247 3646 Μ
1257 3594 1330 3644 η’.

329 3687 469 3756 Περὶ
497 3686 798 3756 Εὺαπρίου
829 3686 932 3765 τρῦ
954 3684 1322 3765 φιλοιζόφου,
1351 3685 1448 3764 θεαὶ
1489 3683 1595 3737 τοῦ
1629 3682 1776 3747 βίου
1810 3683 1908 3735 καὶ

812 3757 923 3824 τῆς
946 3757 1184 3825 ἀγωγῆς
1213 3757 1425 3810 αὑτοῦ.

399 3872 556 3926 Μετὰ
605 3887 673 3938 γε
724 3868 830 3938 μὴν
878 3867 972 3920 τὸν
1022 3866 1198 3936 Σύρον
1227 3865 1472 3935 Ἐφραὶμ
1523 3865 1915 3936 ὲπισημοτάτω

333 3966 628 4034 ἐγενέσθην
657 3962 754 4016 καὶ
781 3963 884 4031 τὴν
914 3958 1036 4014 κατ’
1063 3959 1233 4030 ἄμφω
1269 3959 1592 4029 φιλοσοφίαν
1623 3959 1855 4027 Δίδυμος
1890 3960 1918 4010 6

333 4054 748 4125 Ἀλεξτνδρεύς,
776 4055 872 4106 καὶ
902 4051 1171 4122 Εὐάγριος
1194 4053 1222 4103 6
1249 4049 1568 4118 Αἰγύπτιος.
1594 4050 1760 4104 Ἀλλὰ
1790 4053 1917 4119 περὶ

336 4149 434 4221 μὲν
465 4149 705 4216 Διδύμου
727 4185 742 4211 ,
772 4148 857 4211 τίς
886 4163 944 4200 τε
974 4142 1045 4219 ἦν
1067 4184 1082 4210 ,
1115 4148 1210 4198 καὶ
1237 4139 1338 4198 ὃσά
1368 4145 1788 4216 συγγράμματα
1818 4163 1918 4196 κα·-

336 4239 674 4304 ταλέλοιπεν,
715 4239 773 4291 ὲν
810 4240 876 4309 τῇ
925 4239 1094 4310 ἐνάτῃ
1137 4253 1230 4307 μοι
1277 4235 1589 4305 διείληπται
1627 4237 1738 4290 τῶν
1781 4237 1923 4288 ἱστο-

339 4333 470 4400 ριῶν
494 4349 509 4364 ·
545 4334 678 4403 περὶ
709 4332 767 4384 δὲ
805 4332 1080 4402 Εὐαγρίου
1119 4330 1324 4402 βραχέα
1356 4329 1652 4394 διεξελθεῖν
1682 4329 1918 4393 δίκαιον,

338 4428 386 4480 εἰ
417 4426 514 4480 καὶ
543 4426 716 4495 ἄμφω
748 4425 879 4494 περὶ
909 4423 968 4476 τὸ
1001 4422 1152 4491 ὑγιὲς
1186 4422 1289 4492 τῆς
1325 4423 1564 4486 πίστεως
1595 4421 1778 4491 δόγμα
1810 4440 1922 4491 χω-

338 4519 615 4581 λαίνοντες
653 4515 796 4588 ἦσαν
821 4558 837 4583 ,
881 4516 1089 4588 καίπερ
1118 4516 1364 4569 πλεῖστα
1403 4515 1740 4586 λόγωνίβέλη
1784 4516 1926 4570 κατά

253 4611 264 4628 ⁸
338 4618 445 4672 τῶν
485 4620 585 4688 τῆς
626 4614 886 4684 ἀληθείας
925 4614 1179 4682 ἀφιέντες
1219 4610 1450 4681 ἐχθρῶν.
1488 4601 1658 4670 Οὗτος
1701 4608 1761 4673 ἐξ
1788 4605 1927 4676 ’ἰσή-

343 4727 449 4781 ρων
488 4704 641 4763 εἷλκε
682 4706 746 4760 τὸ
787 4706 965 4774 γένος,
1007 4703 1058 4756 οἳ
1107 4704 1234 4773 περὶ
1281 4703 1370 4754 τὸν
1420 4699 1674 4764 Εὔξεινον
1715 4698 1927 4751 οίκοῦσι

342 4805 558 4858 πόντον.
594 4801 768 4868 Σοφὸς
802 4799 862 4852 δὲ
901 4800 1024 4852 λίαν
1055 4796 1150 4850 καὶ
1185 4793 1470 4865 ἐλλόγιμος
1504 4794 1534 4846 6
1567 4793 1706 4863 ἀνὴρ
1743 4793 1930 4860 ἐγεγό-

341 4914 456 4952 νει’
500 4897 598 4952 καὶ
635 4895 832 4954 λεπτὸς
879 4895 976 4964 μὲν
1022 4893 1235 4963 νοῆσαι,
1279 4890 1490 4958 φράσαι
1529 4888 1588 4940 δὲ
1629 4889 1690 4940 τὸ
1735 4885 1928 4956 νοηθὲν

1941 3598 1988 3656 C

2602 3589 2826 3646 CAPUT
2865 3589 3027 3643 XLll.

2089 3685 2164 3738 De
2212 3681 2442 3756 Evagrio
2491 3685 2839 3766 philosopho.
2909 3694 2958 3738 ct
3018 3687 3124 3738 vita
3171 3687 3528 3756 institutisque

2740 3771 2876 3825 ejus.

2089 3874 2220 3928 Post
2272 3871 2532 3941 Ephraim
2591 3871 2816 3940 Syrum,
2863 3869 3212 3925 celeberrimi
3267 3873 3321 3925 in
3369 3880 3601 3941 utraque

2021 3966 2371 4038 philosophia
2405 3963 2567 4019 fuere
2633 3963 2893 4033 Didymus
2927 3963 3351 4031 Alexandrinus,
3383 3975 3440 4020 et
3466 3965 3605 4020 Eva-

2021 4062 2171 4132 grius
2199 4059 2508 4114 monachus
2539 4057 2922 4129 Egyptiacus.
2958 4057 3230 4113 Caeterum
3271 4057 3340 4113 de
3377 4059 3604 4129 Didyme

2020 4155 2116 4224 qui
2151 4153 2340 4220 fuerit,
2369 4163 2422 4208 et
2449 4167 2570 4222 qua:
2593 4151 2796 4222 scripta
2825 4159 2948 4221 post
2975 4166 3032 4205 se
3055 4151 3361 4220 reliquerit,
3382 4150 3434 4204 in
3460 4167 3607 4206 nono

2027 4245 2272 4300 historiae
2301 4246 2465 4315 hujus
2506 4243 2652 4298 libro
2685 4259 2717 4298 a
2753 4259 2839 4298 me
2884 4252 2967 4298 est
3002 4242 3236 4297 dictum.
3271 4244 3345 4297 De
3375 4241 3606 4313 Evagrio

2026 4347 2217 4392 autem
2271 4353 2488 4408 acquum
2519 4335 2695 4391 visum
2723 4343 2808 4390 est
2836 4335 2926 4389 hic
2961 4349 3132 4404 pauca
3161 4335 3344 4390 dicere
3377 4352 3391 4389 :
3420 4350 3611 4404 quam—

2031 4431 2111 4486 vis
2151 4430 2318 4485 ambo
2361 4429 2452 4483 isti
2504 4429 2557 4483 in
2592 4444 2724 4482 sana
2760 4427 2886 4482 ﬁdei
2927 4427 3179 4482 doctrina
3211 4426 3609 4488 elaudicarent,

2031 4534 2313 4593 utcunque
2341 4522 2580 4592 plurima
2604 4522 2942 4591 scriptorum
2980 4535 3208 4576 suorum
3245 4522 3350 4576 tela
3383 4521 3436 4575 in
3467 4522 3611 4575 veri-

2035 4611 2166 4670 tatis
2215 4615 2408 4668 hostes
2450 4614 2562 4668 sint
2598 4613 2854 4686 iaculati.
2904 4614 3172 4684 Evagrius
3209 4630 3278 4670 ex
3330 4613 3611 4678 lberibus,

2030 4707 2125 4777 qui
2159 4708 2312 4763 circa
2345 4707 2620 4763 Euxinum
2668 4707 2902 4763 Pontum
2938 4709 3151 4769 colunt.
3186 4725 3361 4780 genus
3406 4710 3561 4766 duxit
3595 4751 3610 4764 .

2035 4802 2118 4855 vir
2147 4802 2375 4870 sapiens
2399 4812 2468 4856 et
2491 4801 2677 4856 clarus
2710 4799 3034 4866 admodum,
3069 4802 3402 4857 inveniendo
3441 4805 3616 4858 subti-

2038 4895 2108 4949 lis
2131 4906 2188 4949 et
2223 4895 2562 4966 ingeniosus,
2594 4907 2651 4949 et
2685 4895 2735 4948 in
2765 4894 3083 4977 eloquendo
3111 4897 3258 4965 quod
3286 4897 3612 4962 invenisset,

342 4991 433 5043 καὶ
456 4990 580 5045 λίαν
603 4987 800 5050 δεινός.
821 4961 1114 5054 Δι-ἀκρισίν
1133 5001 1198 5052 γε
1229 4982 1338 5053 μὴν
1362 4977 1506 5052 εἶχεν
1530 4981 1774 5051 εὐχερῶς
1804 4978 1903 5031 συλ

2033 4988 2217 5060 gravis
2250 4998 2308 5043 et
2342 5004 2492 5043 acer.
2523 4987 2792 5043 Perfacile
2831 4988 3020 5052 etiam,
3045 4971 3294 5058 quaenam
3323 4989 3618 5060 Cogitatio.

343 5083 562 5146 λαϐεῖν,
597 5081 712 5133 ὅσοι
741 5079 852 5132 τῶν
885 5073 1166 5144 λογισμῶν
1201 5075 1234 5145 ἢ
1273 5072 1407 5144 πρὸς
1439 5071 1642 5142 ἀρετὴν
1663 5112 1679 5138 ,
1717 5069 1750 5139 ἢ
1786 5068 1929 5139 πρὸς

345 5178 538 5230 κακίαν
569 5173 756 5245 ἐώρων
780 5190 794 5203 ο
827 5169 1126 5224 ὑποθέσθαι
1158 5167 1202 5220 δ’
1227 5166 1411 5228 ίκανδς
1439 5165 1555 5228 πῶς
1587 5163 1765 5234 χρεὼν
1796 5163 1928 5224 τούς

349 5270 447 5339 μὲν
480 5265 820 5336 ἐπιτηδεύειν
843 5306 855 5327 ,
892 5264 1019 5325 τοὺς
1051 5263 1096 5314 δ’
1120 5256 1186 5316 αὖ
1224 5257 1595 5330 φυλάξασθαι.
1625 5255 1795 5309 Ἀλλά
1827 5257 1929 5326 τὴν

349 5365 448 5432 μὲν
475 5361 704 5416 ἐνοῦσαν
730 5360 881 5429 αὐτῷ
907 5359 1000 5412 τοῦ
1031 5356 1192 5424 λόγου
1224 5355 1384 5425 χάριν
1411 5353 1470 5406 αί
1496 5351 1712 5424 γραφαὶ
1746 5367 1927 5421 παρα-

351 5459 642 5528 στήσουσιν
671 5455 737 5518 ἃς
770 5452 1162 5506 καταλέλοιπεν
1185 5466 1200 5480 ο
1231 5449 1294 5502 τὸ
1322 5448 1380 5500 δὲ
1413 5443 1546 5518 ἦθος
1583 5446 1805 5516 μέτριος
1837 5439 1930 5515 ἦν.

348 5552 530 5617 Τύρου
565 5549 624 5602 δὲ
657 5548 752 5600 καὶ
789 5543 1091 5616 ὑπεροψίας
1127 5540 1382 5612 οὐδαμῶς
1415 5540 1565 5610 αὐτῴ
1597 5556 1651 5592 τι
1695 5539 1930 5608 προσῆν.

419 5669 496 5732 (l)
529 5664 808 5718 Theodor.
841 5661 940 5717 lib.
980 5676 1054 5724 Iv,
1087 5675 1208 5730 cap.
1251 5659 1340 5714 ‘28.

421 5725 498 5807 (ιι)
533 5736 641 5810 Sed
664 5744 720 5789 et
739 5735 1062 5810 Christianae
1085 5725 1194 5801 jam
1225 5731 1367 5810 niue
1385 5729 1452 5782 ab
1476 5725 1803 5810 initioidem
1832 5726 1927 5810 qui

354 5801 668 5863 monasticae
708 5807 833 5859 vitae
883 5805 1007 5857 linis
1047 5813 1170 5859 est:
1221 5801 1404 5855 carnis
1452 5801 1823 5855 mortilicatio,
1876 5807 1933 5849 et

354 5885 582 5950 spiritu:
611 5887 914 5931 renovatio.
945 5876 1118 5943 Atque
1147 5875 1235 5927 ille
1264 5873 1486 5925 demum
1523 5881 1645 5924 vere
1669 5868 1935 5922 Christia-

2037 5095 2133 5136 nes
2159 5079 2242 5134 vel
2279 5081 2345 5135 ad
2379 5081 2664 5142 virtutem,
2697 5079 2784 5134 vel
2812 5079 2879 5132 ad
2913 5078 3044 5132 vitia
3084 5087 3426 5149 spectarent,
3464 5080 3616 5153 diju-

2038 5173 2245 5228 dicavit
2279 5212 2294 5234 ,
2343 5189 2446 5228 nec
2489 5173 2674 5227 minus
2714 5171 2947 5226 idoneus
2991 5171 3060 5225 ad
3113 5172 3522 5243 subjiciendum
3560 5187 3619 5230 et

2037 5265 2376 5331 decennium,
2408 5274 2469 5319 ut
2514 5265 2621 5318 illa:
2670 5263 2892 5334 quidem
2924 5263 3266 5327 excolendaz.
3313 5267 3396 5320 hae
3429 5279 3616 5322 autem

2040 5357 2296 5410 carenda:
2323 5366 2531 5414 essent.
2581 5355 2708 5411 fuit.
2750 5356 2921 5411 Porro
2954 5372 3076 5412 eam
3109 5373 3232 5427 qua;
3265 5357 3320 5411 in
3366 5360 3620 5414 oratione

2042 5449 2161 5519 ejus
2217 5449 2361 5503 inest
2417 5449 2688 5519 gratiam,
2743 5449 2950 5520 scripta
3004 5467 3124 5520 qua:
3182 5451 3356 5506 edidit
3411 5452 3623 5507 indica-

2042 5540 2180 5593 bunt
2233 5541 2336 5611 (3).
2389 5541 2601 5594 Moram
2650 5557 2872 5611 quoque
2923 5543 3185 5613 singulari
3243 5545 3621 5600 moderatione

2039 5670 2144 5709 nus
2177 5655 2392 5730 est,qui
2422 5653 2488 5708 ad
2519 5664 2757 5709 veterem
2789 5657 3174 5712 monachatum
3203 5661 3621 5730 quamproxiine

2043 5727 2274 5780 aeeediL

2119 5801 2194 5867 (ὅ)
2231 5807 2334 5852 “in;
2361 5816 2448 5851 nn.
2482 5797 2577 5852 lih.
2615 5815 2687 5865 τι,
2721 5816 2838 5869 cap.
2879 5801 2983 5869 ΞΟ..
