3918 6562
1150 232 1182 261 Ι

347 360 453 424 719

1556 365 1971 428 NICEPHORI
2012 369 2094 427 Cx
2110 367 2357 437 LLlSTI

3462 372 3562 437 τρο

346 472 474 536 fuit,
501 484 531 524 a
563 468 707 524 fastu
734 478 789 525 et
826 470 1087 540 superbia
1120 473 1351 529 maxime
1386 475 1618 531 alienus.
1651 477 1718 530 Et
1744 479 1898 532 sicuti

2012 476 2149 530 Οδτε
2180 479 2291 548 γὰρ
2319 481 2400 541 εἰς
2429 475 2592 545 ὄγκον
2619 471 2758 547 ἦρτο
2786 480 2901 541 τοῖς
2932 478 2995 531 ἐκ
3025 477 3134 531 τῶν
3162 477 3388 533 δικαίων
3416 481 3563 534 ἐπαί-

342 562 610 634 justarum
637 560 858 616 laudum
883 565 1173 633 praeconiis
1194 566 1419 621 minime
1443 578 1527 622 est
1552 568 1618 625 ad
1642 584 1903 639 arrogan-

347 655 478 713 tiam
527 654 799 715 sublatus.
846 657 919 711 ita
958 657 1125 713 etiam
1157 660 1436 715 conviciis
1471 661 1692 730 injuslis
1727 661 1903 716 haud-

344 761 617 817 quaquam
655 746 726 800 ad
758 746 1190 819 indignationem
1225 760 1551 807 commotus.
1570 755 1765 808 Sacras
1795 753 1906 808 Lit-

345 848 496 894 teras
546 838 652 894 sub
683 838 949 910 Gregorio
1000 841 1279 913 Theologo
1335 844 1542 913 optime
1593 843 1901 901 addidicit:

343 946 470 986 nam
494 932 615 1003 ejus
644 946 865 1002 quoque
893 924 997 988 fuit
1025 934 1467 1000 archidiaconus,
1496 951 1620 990 cum
1649 937 1743 992 ille
1764 936 1906 993 Con-

342 1025 845 1095 stantinOpolitanxe
891 1036 1150 1097 praeesset
1200 1026 1468 1084 ecclesiae.
1511 1026 1666 1095 Quod
1717 1039 1903 1084 autem

345 1127 543 1172 natura
583 1117 737 1171 vultu
788 1125 933 1173 esset
971 1126 1240 1182 venusto,
1290 1126 1348 1173 et
1390 1131 1655 1188 praeterea
1699 1121 1902 1176 vestitu

344 1207 580 1283 eleganti
616 1215 886 1272 uteretur,
921 1207 1078 1279 197
1117 1223 1186 1263 ex
1227 1210 1645 1279 magistratibus
1679 1210 1900 1280 quidam

350 1300 622 1372 zelotypia
656 1315 784 1370 erga
814 1316 1037 1355 uxorem
1071 1301 1350 1366 laborans.
1384 1317 1511 1357 cum
1536 1318 1661 1358 eum
1704 1304 1781 1358 illi
1819 1303 1905 1358 in-

343 1392 591 1446 notuisse
629 1390 997 1460 cognovisset,
1042 1392 1185 1447 clam
1217 1393 1267 1447 ei
1300 1392 1504 1449 caedem
1549 1393 1900 1450 moliebatur.

341 1483 409 1538 Et
446 1482 514 1537 ad
557 1497 672 1536 rem
714 1482 1006 1537 consilium
1051 1483 1105 1539 id
1136 1484 1395 1539 collatum
1438 1483 1660 1549 fuisset,
1696 1485 1799 1540 nisi
1832 1499 1901 1539 ea

341 1574 457 1643 ipsa
490 1581 650 1629 nocte
679 1574 823 1629 Deus
850 1574 1185 1631 horrendam
1212 1576 1460 1647 quidem,
1489 1576 1585 1632 sed
1608 1576 1899 1632 salutarem

339 1666 607 1721 visionem
646 1665 880 1737 Evagrio
930 1665 1234 1724 dormienti
1273 1669 1638 1727 exhibuisset.
1701 1669 1901 1726 Videre

336 1771 575 1826 namque
619 1756 726 1811 sibi
758 1756 906 1812 visus
951 1766 1035 1813 est
1066 1759 1314 1829 capitalis
1356 1760 1607 1816 criminis
1633 1774 1798 1816 causa
1840 1775 1898 1816 se

2001 1763 2095 1814 καὶ
2127 1761 2293 1823 πόδας
2318 1752 2409 1831 ἦν.
2438 1760 2578 1830 Ἤδη
2611 1760 2668 1815 δὲ
2698 1761 2907 1831 μέλλων
2935 1761 3274 1833 δικαστηρίῳ
3303 1763 3567 1832 παρίσταο
3646 1828 3654 1833 _

2006 588 2111 622 νων
2154 572 2389 640 κρότοις,
2430 572 2525 625 καὶ
2566 572 2701 637 πρὸς
2745 572 2842 633 τὰς
2887 571 3105 636 ἀδίκους
3142 574 3251 627 τῶν
3289 556 3565 645 λοιδοριῶν

2004 662 2206 732 ἥκιστα
2250 663 2536 732 ἢσχαλλεν,
2584 663 2724 726 Τούς
2769 680 2833 731 γε
2883 665 2988 733 μὴν
3029 664 3208 734 ἱεροὺς
3245 665 3357 718 τῶν
3400 666 3565 733 λόγων

2004 751 2202 821 ἄριστα
2232 753 2337 806 ὑπὸ
2367 754 2651 823 Γρηγορίιρ
2677 754 2753 820 τῷ
2783 753 3028 824 Θεολόγῳ
3061 755 3392 809 πεπαίδευτο
3414 772 3430 788 ⁸
3456 757 3568 824 ἐγέ-

2007 859 2128 895 νετο
2174 844 2232 896 δὲ
2280 843 2429 914 αὑτῴ
2481 844 2575 897 καὶ
2621 844 3034 914 ἀρχιδιάκονος,
3085 846 3320 917 ὁπηνίκα
3367 847 3466 913 τῆς
3513 850 3569 899 ὲν

2005 934 2576 988 Κωνσταντινουπόλει
2604 935 2897 1004 ἐκκλησίας
2920 939 3019 1005 τὴν
3055 936 3363 1008 ἐπιτροπὴν
3403 934 3566 1008 εἶχεν.

2004 1024 2160 1079 Ἐπεὶ
2189 1026 2234 1077 δ’
2256 1026 2365 1080 ἀπὸ
2395 1026 2611 1096 φύσεως
2642 1027 2857 1090 ἀστεῖος
2891 1027 3033 1097 μάλα
3063 1026 3162 1097 τὴν
3191 1018 3314 1096 δίψιν
3343 1024 3446 1099 ἦν,
3478 1047 3567 1099 φι-

2003 1115 2228 1179 λόκαλός
2249 1134 2308 1170 τι
2330 1118 2428 1187 τὴν
2449 1116 2740 1188 ἀναϐολὴν,
2762 1118 2873 1170 τῶν
2892 1134 2978 1181 τις
3004 1120 3061 1170 ἐν
3084 1118 3227 1171 τέλει
3249 1118 3569 1187 ζηλοτύπως

2006 1209 2239 1278 μάλιστα
2278 1209 2407 1278 περὶ
2439 1209 2537 1278 τὴν
2571 1209 2817 1280 γαμετὴν
2849 1209 3024 1279 ἒχων,
3063 1208 3249 1279 μαθὼν
3282 1210 3561 1280 γνώριμον

2001 1298 2141 1369 αὐτῇ
2175 1297 2503 1353 καθεστάναι
2526 1339 2540 1360 ,
2577 1299 2806 1353 θάνατον
2839 1298 2991 1367 αὐτῷ
3026 1299 3208 1369 κρύφα
3237 1302 3566 1372 ἐμηχανᾶτο.

2002 1390 2114 1443 Καὶ
2156 1392 2236 1455 είς
2277 1390 2437 1460 ἔργον
2471 1391 2539 1446 ἂν
2572 1391 2859 1460 προέϐαινε
2893 1392 2955 1444 τδ
2988 1391 3201 1457 δεινὸν,
3232 1394 3285 1446 εί
3332 1394 3410 1462 μὴ
3451 1394 3569 1447 κατ’

1992 1481 2219 1552 ,ἐκείνην
2248 1483 2350 1552 τὴν
2379 1482 2554 1535 νύκτα
2592 1482 2831 1553 φοσιράν
2860 1499 2983 1537 τινα
3016 1485 3112 1538 καὶ
3144 1487 3419 1556 σωτήριον
3434 1486 3569 1557 ιιψιν

2002 1574 2326 1643 κατέπεμπε
2357 1574 2609 1628 τδ-Θεῖον
2639 1574 2952 1631 καθεύδοντι
2977 1589 2992 1605 ·
3026 1576 3347 1647 ἐδόκειεγὰρ
3379 1578 3455 1641 ὡς
3483 1578 3569 1631 ἐπ’

2001 1667 2313 1736 ἐγκλήματι
2339 1667 2688 1737 συλληφθεὶς,
2714 1669 3000 1740 δεσμώτης
3020 1671 3091 1725 ὲκ
3120 1669 3361 1740 σιδήριον
3386 1672 3568 1741 χεῖρας

337 1857 581 1919 captum,
620 1861 788 1920 atque
820 1850 877 1905 in
909 1866 1132 1908 carcere
1167 1867 1364 1910 manus
1394 1855 1668 1924 pedesque
1704 1854 1898 1912 ferreis

2005 1851 2129 1905 σθαι
2170 1854 2264 1906 καὶ
2305 1851 2507 1906 διδόναι
2539 1852 2641 1921 τὴν
2672 1852 2852 1924 δίκην,
2887 1851 3247 1923 προσιώντις
3282 1855 3385 1923 τὴν
3420 1851 3599 1927 ἱερὰν,

335 1943 545 1997 catenis
572 1941 815 1997 vinctum
844 1957 989 2010 esse.
1025 1944 1162 1999 Cum
1194 1954 1379 2000 autem
1412 1947 1524 2018 jam
1556 1946 1623 2002 ad
1658 1947 1898 2004 tribunal

334 2032 540 2102 judicis
587 2032 733 2101 sisti,
782 2043 839 2089 et
881 2049 1075 2105 pinnas
1126 2036 1258 2092 dare
1298 2038 1544 2104 deberet,
1598 2041 1899 2097 accessisse

333 2123 649 2192 quemdam,
691 2127 786 2196 qui
842 2141 1058 2183 sacrum
1100 2127 1522 2198 Evangeliorum
1569 2131 1813 2187 codicem
1846 2134 1897 2189 ei

333 2214 660 2282 ostenderit,
694 2224 750 2270 et
789 2226 898 2271 tam
945 2217 1204 2288 gravibus
1240 2220 1480 2275 vinculis
1525 2235 1653 2274 eum
1694 2221 1897 2278 libera-

338 2314 523 2359 turum
565 2306 901 2374 promiserit,
937 2310 983 2363 si
1013 2310 1421 2380 quamprimum
1455 2326 1521 2365 ex
1560 2314 1692 2368 urbe
1721 2312 1898 2370 disce-

335 2395 525 2462 deret,
559 2405 617 2451 et
638 2397 913 2452 facturum
946 2413 1005 2454 se
1045 2400 1098 2454 id
1143 2415 1264 2456 esse
1298 2402 1661 2472 jurisjurandi
1709 2417 1897 2458 sacra-

334 2496 521 2543 mento
543 2487 897 2545 conﬁrmaret
923 2504 939 2543 :
971 2505 1141 2561 seque
1171 2493 1424 2563 imposita
1448 2494 1590 2549 libro
1610 2480 1802 2550 dextra
1828 2494 1897 2549 ad

334 2595 462 2633 cum
497 2579 718 2634 modum
748 2579 984 2651 jurasse,
1016 2581 1289 2653 simulque
1319 2592 1375 2638 et
1417 2585 1773 2654 compedibus
1807 2601 1900 2642 so-

334 2669 512 2725 lutum
553 2686 697 2735 esse.
726 2682 781 2727 ct
811 2686 842 2727 e
887 2687 1083 2727 somno
1124 2674 1433 2745 cvigilassc.
1467 2676 1543 2730 lta
1589 2677 1678 2732 ille
1714 2677 1896 2733 divina

335 2762 547 2818 visione
577 2764 1218 2834 persuasus,,vigilando
1258 2764 1362 2819 sibi
1413 2776 1683 2820 structum
1734 2777 1898 2837 atque

335 2863 582 2909 creatum
631 2855 937 2925 periculum
990 2855 1201 2927 eﬂugit.
1245 2857 1422 2928 Atque
1473 2858 1565 2913 ubi
1611 2858 1666 2912 in
1712 2859 1897 2913 animo

337 2948 753 3012 constituisset,
784 2948 1007 3004 ’decere
1061 2965 1121 3004 se
1180 2951 1536 3005 monasticam
1594 2953 1896 3006 consectari

336 3038 529 3105 vitam,
557 3036 1031 3109 Constantinopoli
1065 3038 1442 3112 Hierosolyma
1481 3043 1647 3096 venit.
1682 3041 1812 3095 Inde
1839 3043 1894 3097 in

2000 1941 2109 1994 τῶν
2140 1941 2490 2010 Εὐαγγελίων
2523 1943 2734 2012 πυκτὴν
2769 1944 3057 1997 ὐπεδείκνυ
3086 1983 3103 2009 ,
3136 1943 3233 1997 καὶ
3267 1945 3378 1995 τῶν
3412 1960 3568 1996 κατε-

2000 2034 2203 2106 χόντων
2239 2034 2604 2089 ἀπαλλάττειν
2647 2034 2960 2105 ὑπισχνεῖτο
2999 2036 3236 2106 δεσμῶν,
3285 2035 3337 2088 εί
3378 2035 3568 2088 θᾶττον

1998 2123 2344 2194 ἁναχωρήσοι
2368 2122 2468 2190 τῆς
2497 2121 2732 2189 πόλεως,
2763 2122 2858 2176 καὶ
2882 2122 2959 2192 τῷ
2987 2122 3165 2193 πιστῷ
3189 2122 3294 2193 τῆς
3323 2122 3565 2191 πράξεως

1998 2215 2161 2284 ὅρκον
2203 2215 2284 2277 είς
2329 2213 2624 2284 βεῦαίωσιν
2665 2212 3030 2285 προσαπῄτει.
3070 2212 3131 2268 '0
3173 2213 3220 2267 δ’
3248 2213 3463 2275 ἐπιθεὶς
3500 2216 3563 2282 τῇ

2000 2306 2169 2378 βίϐλῳ
2192 2306 2289 2377 τὴν
2314 2306 2514 2373 δεξιὰν,
2608 2307 2714 2376 μὴν
2738 2299 2840 2362 ὧδε
2869 2306 3099 2377 πράξειν
3122 2305 3415 2376 ἐπώμνυτο
3436 2320 3450 2335 ·
3475 2305 3562 2358 καὶ

1998 2397 2198 2451 αὐτίκα
2223 2397 2321 2468 τῆς
2350 2399 2517 2467 πέδης
2545 2397 2746 2463 λυθεὶς,
2778 2398 2871 2451 καὶ
2896 2396 2991 2451 τοῦ
3022 2397 3192 2451 ὕπνου
3220 2397 3409 2451 ἁνίετο
3427 2412 3443 2428 ’
3473 2396 3563 2448 καὶ

1998 2488 2089 2539 τὸν
2135 2484 2281 2556 ὕπαρ
2325 2487 2686 2556 τυρευόμινον
2734 2488 2961 2556 διέφυγε
3011 2488 3276 2553 κίνδυνον,
3329 2489 3400 2558 τῇ
3449 2486 3565 2557 θείᾳ

1997 2574 2148 2646 ὀμφῇ
2175 2577 2441 2639 πεισθείς.
2472 2577 2584 2631 Καὶ
2610 2579 2911 2649 προσήκειν
2941 2577 3121 2647 ἑαυτῷ
3148 2577 3237 2653 τὸν
3266 2576 3565 2646 ἀσκητικὸν

2003 2668 2285 2737 μετελθεῖν
2312 2666 2432 2738 βίον
2459 2670 2517 2731 ὲν
2546 2669 2622 2738 νῷ
2652 2669 2902 2740 θέμενος,
2933 2671 2996 2723 ἐκ
3023 2671 3121 2739 τῆς
3153 2670 3563 2725 Κωνσταντίνου

1998 2762 2077 2823 είς
2117 2760 2471 2831 Ἱεροσόλυμα
2524 2763 2897 2831 παρεγίνετο·
2949 2761 3124 2815 ἔπειτ’
3154 2762 3373 2816 ἐκεῖθεν
3429 2762 3563 2814 κατὰ

2001 2854 2130 2908 θίαν
2163 2855 2270 2907 τῶν
2305 2855 2361 2908 ἐν
2396 2855 2596 2924 Σλήτει
2638 2852 2943 2923 φιλοσόφων
2981 2855 3061 2917 είς
3103 2854 3389 2922 Αἴγυπτον
3417 2849 3560 2927 ἦκε⁴

2000 2949 2096 3001 καὶ
2128 2947 2255 3016 περὶ
2283 2947 2344 2998 τὸ
2375 2948 2474 3013 τῆς
2511 2945 2740 3016 Νιτρίλς
2777 2944 2900 3012 δρος
2930 2945 3030 3015 τὴν
3063 2947 3377 3016 ἀσκητικὴν
3409 2947 3563 3000 καλύ-

2002 3040 2102 3109 εην
2129 3039 2385 3107 ἐπήξατο.
2414 3036 2536 3098 Τοῖς
2565 3037 2621 3089 ἐν
2645 3036 2841 3107 Σκήτει
2868 3035 2926 3088 δὲ
2953 3035 3269 3105 διαφέρουσι
3301 3032 3425 3091 δυσὶ
3449 3037 3565 3091 Μα-

338 3128 631 3202 .Egyptum
673 3129 774 3199 (.l),
821 3130 888 3184 ad
926 3131 1200 3194 visendos,
1246 3132 1340 3201 qui
1375 3131 1429 3186 in
1475 3131 1619 3187 Secti
1655 3133 1896 3201 philoso-

2001 3130 2239 3200 καρίοις,
2272 3129 2350 3198 τῷ
2384 3129 2671 3199 Αἰγυπτίῳ
2709 3129 2801 3180 καὶ
2832 3128 2910 3198 τῷ
2935 3127 3316 3200 ⁹Δλεξανδρεῑ,
3354 3135 3565 3197 συνεγὲ-

335 3223 670 3294 pbabantur,
706 3222 1007 3278 monachos
1057 3222 1355 3292 proiectus,
1401 3224 1468 3279 ad
1518 3236 1760 3280 montem
1806 3225 1899 3280 Ni-

338 3314 522 3380 triam,
567 3314 923 3369 monasticam
956 3312 1065 3368 sibi
1112 3315 1418 3369 construxit
1456 3330 1638 3370 easam
1665 3355 1681 3381 ,
1743 3325 1799 3370 et
1824 3315 1896 3370 ibi

336 3422 464 3461 cum
516 3405 729 3460 duobus
775 3405 1044 3469 Macariis,
1096 3403 1351 3475 Δίωνιὶο
1393 3418 1448 3459 et
1501 3392 1893 3468 Alexandrino,

335 3495 430 3567 qui
461 3495 598 3550 alios
625 3494 1044 3560 antecellebant,
1072 3493 1170 3547 fuit
1206 3512 1221 3548 :
1252 3477 1486 3564 quorum
1521 3512 1643 3550 eum
1670 3498 1897 3549 aemula-

338 3599 494 3645 t'ctur
551 3589 753 3656 vitam,
808 3589 968 3643 factis
1028 3604 1249 3657 quoque
1305 3589 1437 3657 ipsis
1493 3589 1895 3658 philosophiam

339 3682 699 3749 monasticam
733 3692 1209 3736 cstcousccutus.
1257 3680 1461 3735 Deinde
1492 3684 1654 3736 etiam
1691 3682 1767 3752 (2)
1795 3682 1897 3736 sub

338 3773 642 3830 Theodosii
692 3774 936 3830 Junioris
970 3774 1224 3844 imperio,
1270 3790 1394 3827 cum
1448 3789 1516 3827 eo
1564 3791 1726 3844 quem
1760 3774 1899 3829 dixi-

339 3881 463 3922 mus
495 3864 794 3932 Ammonio,
821 3876 904 3920 est
933 3878 1197 3925 versatus.
1229 3866 1477 3934 Prodigia
1500 3878 1680 3919 autem
1703 3866 1895 3922 eadem

342 3972 467 4028 qua:
504 3966 867 4029 praeceptores
893 3958 1010 4028 ejus
1046 3957 1240 4012 edidit.
1282 3957 1431 4011 Libri
1468 3958 1536 4012 ab
1568 3974 1635 4012 eo
1674 3958 1897 4024 plurimi

340 4056 401 4103 et
442 4048 678 4102 maxime
724 4048 1016 4103 necessarii
1070 4047 1359 4117 compositi
1404 4057 1553 4112 sunt,
1587 4048 1729 4101 inter
1759 4062 1898 4116 quos

337 4139 560 4210 quidam
594 4140 906 4208 Monachus,
949 4128 1067 4195 sive
1117 4139 1186 4195 de
1225 4140 1464 4209 practice
1494 4148 1550 4194 et
1593 4140 1898 4208 operatrice

335 4233 538 4288 virtute
570 4234 862 4304 inscriptus
892 4243 977 4289 est
1010 4252 1023 4288 :
1053 4232 1274 4303 quidam
1290 4233 1627 4296 Γνωστικὸς,
1661 4231 1763 4286 hoc
1788 4216 1897 4298 cst,

334 4324 620 4396 COgnitor,
648 4327 762 4380 sive
796 4325 865 4380 de
896 4341 961 4380 co
989 4326 1083 4395 qui
1117 4326 1484 4396 cognitionem
1517 4335 1601 4381 est
1633 4339 1899 4380 consecu-

339 4423 447 4468 tus.
481 4416 579 4470 llic
614 4416 666 4468 in
705 4415 1097 4485 quinquaginta
1134 4414 1311 4484 capita
1342 4423 1426 4469 est
1465 4414 1699 4469 divisus.
1749 4412 1896 4470 Scri.

1998 3238 2155 3275 νετοο
2199 3221 2293 3275 καὶ
2332 3221 2423 3272 τὸν
2467 3220 2689 3296 ἐκείνων
2733 3219 2849 3290 βίον
2889 3220 3140 3291 ζηλώσας
3165 3262 3179 3285 ,
3224 3223 3324 3274 καὶ
3365 3224 3461 3290 τὴν
3500 3220 3565 3273 δι⁴

1997 3313 2175 3385 ἔργων
2223 3312 2539 3381 φιλοσοφίαν
2585 3312 2876 3381 ἐκτήσατο.
2908 3313 3140 3367 Ἔπειτα
3185 3314 3263 3383 τῷ
3314 3330 3562 3383 προειρη-

2000 3403 2146 3471 μένῳ
2172 3401 2473 3474 ’Δμμωνίῳ
2504 3403 2600 3456 ἐπὶ
2628 3403 2727 3471 τῆς
2758 3403 3028 3472 ἐχομένης
3060 3402 3346 3474 βασιλείας
3378 3403 3563 3472 συνῆν.

1998 3492 2278 3546 Τιυσούτων
2321 3493 2378 3546 δὶ
2421 3494 2720 3565 τεραστίων
2764 3495 3067 3567 αὐτουργὸς
3115 3495 3385 3563 ἐγεγόνει,
3428 3496 3563 3548 ὅσων

1997 3584 2196 3655 δηλαδὴ
2228 3586 2323 3638 καὶ
2354 3586 2404 3639 oi
2439 3586 2749 3640 παιδευταί.
2780 3586 3158 3656 Ἐσπουδάσθη
3192 3588 3249 3639 δὲ
3284 3587 3439 3656 αὐτῷ
3471 3588 3563 3641 καὶ

2000 3676 2180 3746 βιὸλία
2218 3676 2443 3731 πλεῖστα
2483 3682 2578 3732 καὶ
2624 3680 3028 3748 ἀναγκαιότατα
3050 3697 3066 3713 ο
3103 3673 3178 3733 ὧν
3210 3681 3268 3732 τὸ
3318 3681 3416 3749 μὲν
3447 3679 3564 3733 διο·

1997 3769 2181 3839 rade
2203 3768 2236 3840 ἢ
2267 3768 2394 3839 περὶ
2420 3773 2727 3840 πρακτικῆς
2753 3770 2852 3840 τὴν
2878 3771 3192 3840 ἐπιγραφὴν
3217 3770 3337 3841 ἔχει
3357 3785 3373 3802 ·
3402 3770 3459 3824 τὸ
3483 3770 3559 3834 δὲ,

1996 3861 2364 3925 Γνωστικὸς,
2413 3861 2446 3932 ἦ
2495 3863 2625 3929 περὶ
2669 3860 2766 3913 τοῦ
2815 3859 3241 3927 καταξιωθέντος
3287 3862 3559 3929 γνώσεως.

1998 3952 2091 4007 Ἐν
2124 3952 2447 4024 κεφαλαίοις
2487 3952 2546 4006 δὲ
2585 3947 2740 4017 οὗτος
2784 3955 3124 4024 πεντήκοντα
3162 3955 3263 4024 τὴν
3299 3955 3561 4024 διαίρεσιν

1998 4044 2132 4116 ἔχει.
2165 4046 2275 4098 Καὶ
2298 4044 2430 4107 ἄλλο
2456 4045 2513 4098 δὲ
2544 4043 2750 4114 βιϐλίον
2779 4048 3097 4115 συνεγρὰφη
3124 4046 3295 4115 αὐτῷ,
3326 4046 3355 4099 δ
3384 4047 3562 4119 ἀντίρ-

2000 4140 2160 4209 ρησιν
2193 4137 2306 4208 ἔχει
2347 4137 2483 4207 πρὸς
2514 4137 2640 4199 τοὺς
2676 4136 3037 4206 πειράζοντας
3068 4136 3352 4206 δαίμονας.
3390 4134 3561 4190 Ὀκτὼ

1996 4230 2055 4283 δὲ
2093 4229 2382 4299 διαιρεῖται
2414 4229 2525 4289 τοῖς
2558 4227 2847 4297 τμήμασι,
2891 4227 3033 4281 κατὰ
3063 4227 3155 4280 τὸν
3188 4228 3426 4298 ἀριθμὸν
3456 4229 3559 4283 τῶν

1997 4320 2139 4373 ὀκτὼ
2187 4317 2483 4389 λογισμῶν.
2533 4318 2645 4371 Καὶ.
2690 4316 3057 4387 προϐλήματα
3102 4319 3159 4371 δὲ
3206 4318 3556 4372 καταλέλοιπε

2000 4412 2386 4484 προγνωστικό.
2412 4411 2670 4477 ἑξακόσια
2694 4450 2712 4476 ,
2740 4412 2836 4466 καὶ
2865 4411 3099 4483 στιχηρὰ
3124 4411 3220 4466 δύο
3241 4427 3257 4444 ο
3286 4413 3348 4465 τὸ
3377 4413 3477 4482 μὲν
3503 4412 3558 4464 ἒν

337 4506 447 4577 psit
484 4510 646 4560 etiam
688 4506 889 4561 librum
934 4507 1128 4569 alium,
1179 4508 1272 4576 qui
1318 4506 1747 4560 eonfutationem
1797 4521 1894 4560 seu

2001 4506 2138 4576 πρὸς
2174 4507 2301 4570 τοὺς
2341 4508 2401 4559 ἐν
2443 4505 2725 4568 κοινοδίοις
2769 4505 2802 4575 ἢ
2845 4505 2903 4557 ἑν
2945 4504 3215 4568 συνοδίαις
3254 4505 3414 4568 δντας
3455 4505 3559 4557 τῶν

338 4600 666 4653 invectivam
699 4598 945 4653 continet
977 4598 1245 4653 adversus
1275 4608 1571 4654 tentatores
1596 4598 1894 4653 dil'lllOllCS.

335 4686 394 4742 ld
425 4703 565 4758 opus
599 4688 651 4743 in
693 4698 817 4743 octo
863 4689 1051 4744 divisit
1092 4689 1392 4754 sectioncs,
1424 4690 1575 4760 juxta
1606 4699 1730 4745 octo
1760 4689 1899 4743 deli-

336 4780 682 4835 berationum
712 4796 809 4834 seu
841 4781 1234 4851 cogitationum
1266 4796 1581 4835 numerum.
1608 4781 1743 4836 item
1772 4798 1898 4851 pro-

339 4873 574 4929 blemata
612 4876 958 4944 prognostica
1001 4873 1346 4943 sexingenta.
1382 4874 1451 4933 Et
1482 4882 1744 4943 praeterea
1776 4890 1892 4925 στι-

333 4968 498 5039 χηρὰ,
553 4968 658 5023 hoc
708 4977 813 5033 est,
875 4982 1131 5022 versuum
1177 4966 1316 5021 duos
1374 4966 1568 5032 libros,
1623 4966 1889 5031 reliquit:

333 5062 565 5115 alterum
596 5060 664 5115 ad
691 5076 788 5115 eos
816 5061 909 5131 qui
943 5062 997 5114 in
1026 5059 1294 5116 coenobiis
1324 5068 1419 5112 aut
1444 5058 1499 5111 in
1531 5057 1894 5113 conventibus

334 5162 485 5219 sunt,
530 5153 829 5208 monachos
858 5171 870 5207 :
904 5154 1138 5207 alterum
1183 5162 1370 5207 autem
1402 5149 1469 5202 ad
1514 5164 1607 5204 eas
1635 5165 1753 5218 quae
1788 5150 1897 5203 vir-

2001 4597 2295 4669 μοναχῶνοη
2339 4595 2401 4648 τὸ
2447 4595 2493 4668 δέ
2523 4596 2709 4664 ἕτερον
2757 4594 2892 4665 πρὸς
2944 4595 3241 4664 παρθενίαν
3288 4596 3556 4658 ἀσκούσας

1998 4691 2331 4761 προσφωνεῖ.
2373 4688 2666 4755 Θαυμάσια
2709 4686 2767 4740 δε
2813 4689 3015 4751 πάντα,
3060 4689 3154 4741 καὶ
3194 4690 3429 4758 νοήμασι
3470 4689 3558 4739 καὶ

1998 4785 2197 4854 φράσει
2243 4782 2415 4853 μεστῇ
2460 4781 2519 4834 τὸ
2565 4779 2851 4850 ᾂπαγωγδν
2892 4780 3254 4851 ἐπαυχόῦντα.
3304 4783 3413 4833 ικαὶ
3452 4774 3557 4841 οἷος

1996 4876 2221 4942 γέγονεν
2246 4875 2281 4927 ὁ
2312 4874 2481 4943 ἀνὴρ,
2514 4875 2542 4926 ὁ
2575 4870 2781 4934 τούτοις
2816 4870 3054 4942 ἐντυχὼν
3088 4872 3318 4926 εἴσεται.
3351 4872 3558 4939 Χρῆναι

1998 4966 2043 5019 δ’
2067 4967 2307 5037 ἡγοῦμαι
2338 4949 2435 5018 καὶ
2462 4966 2527 5018 ἐκ
2554 4964 2663 5017 τῶν
2691 4965 2899 5018 ἐκείνου
2931 4963 3141 5034 βραχέα
3169 4967 3233 5031 τῇ
3267 4961 3563 5032 συγγραφῇ

2001 5058 2336 5128 παραδοῦναι
2359 5095 2379 5122 ,
2415 5058 2514 5110 καὶ
2549 5056 2750 5126 μᾶλλον
2772 5055 2818 5109 ἃ
2849 5056 2979 5125 περὶ
3015 5055 3267 5126 μοναχῶν
3296 5054 3407 5120 Etsi
3439 5068 3555 5123 ρχε-

1999 5167 2095 5204 ται
2117 5166 2130 5181 ·
2161 5143 2262 5204 ὦδε
2293 5149 2400 5219 γὰρ
2430 5150 2570 5200 κατᾶ
2602 5147 2755 5217 ῥῆμα
2784 5150 2972 5216 φησίν.

330 5247 612 5318 ginitatem
646 5246 858 5311 colunt,
892 5244 1358 5301 sanctimoniales.
1379 5243 1576 5297 Omnia
1599 5257 1728 5296 vero
1790 5241 1993 5318 scripta
2046 5244 2175 5313 ejus
2227 5238 2550 5295 admiranda
2575 5250 2725 5305 sunt,
2786 5249 2843 5295 et
2868 5238 3153 5293 senteniiis
3177 5248 3234 5293 et
3253 5236 3554 5292 elocutione

332 5314 400 5393 ad
448 5340 890 5409 persuadendum
916 5355 1153 5409 prorsus
1191 5336 1627 5393 acconunodata.
1661 5336 1726 5390 Et
1758 5314 1852 5406 (μίὶ
1892 5352 1953 5390 ea
1992 5337 2154 5406 leget,
2197 5336 2375 5406 qualis
2418 5335 2465 5389 is
2487 5336 2571 5388 vir
2635 5333 2822 5398 luerit,
2848 5343 3165 5402 cognoscet.
3210 5332 3370 5401 198
3401 5329 3555 5383 Pero-

333 5456 437 5510 pus
466 5448 649 5494 autem
675 5454 796 5493 esse
815 5448 971 5507 puto,
999 5440 1233 5491 breviter
1302 5435 1547 5506 quaedam
1610 5450 1676 5488 ex
1732 5435 1853 5505 ejus
1910 5433 2170 5504 operibus
2227 5435 2284 5488 in
2329 5431 2613 5487 historiam
2663 5430 2803 5485 banc
2857 5431 3097 5487 inserere
3143 5431 3244 5501 (5),
3294 5440 3452 5501 atque
3499 5426 3554 5480 in

335 5534 526 5603 primis
551 5547 673 5600 quae
710 5531 778 5585 de
804 5532 1096 5585 nionadiis
1122 5540 1542 5595 conuncmorat,
1582 5529 1727 5583 hisce
1766 5527 2162 5598 pmpetnodum
2195 5526 2378 5582 verbis
3608 5522 3615 5529 ’

405 5707 483 5774 (1)
515 5705 649 5761 Cum
670 5705 787 5773 ipso
806 5702 1064 5773 Gregorio
1095 5701 1581 5774 Nazianzenoeum
1604 5700 1894 5772 1133prqu

333 5772 575 5848 petiisse,
612 5772 802 5830 scribit
834 5772 987 5830 Socr.
1020 5775 1123 5828 lib.
1158 5790 1228 5838 Iv,
1263 5791 1383 5840 cap.
1413 5772 1504 5827 ‘25.

2076 5698 2152 5766 (ἓ)
2192 5698 2315 5751 Ἐπὶ
2348 5697 2445 5765 τῆς
2477 5695 3074 5767 ἐχομένηςβασιλείας.

2080 5770 2154 5838 \5)
2190 5768 2399 5823 Sucrut.
2432 5771 2553 5822 cod.
2591 5782 2711 5838 cap.
2744 5766 2833 5823 25.
