3918 6608
355 415 468 484 727

1577 425 1994 488 NICEPHORI
2037 426 2392 492 CALLlSTl

3510 421 3616 488 728

357 537 529 590 sionis
571 537 636 589 ad
663 534 966 607 Bosporum
996 538 1425 610 adduxit,atque
1449 542 1504 593 in
1525 548 1769 610 apertam
1800 554 1928 594 eum

2053 543 2249 596 τευτῶν
2279 544 2457 598 deum
2492 542 2806 613 στρατεύειν
2838 561 2851 575 ·
2876 541 3149 597 Οὐάλεντα
3175 539 3330 608 λέγω
3360 537 3458 590 τὸν
3499 535 3618 589 ἀλι-

358 626 585 682 tradidit
615 628 937 695 perniciem,
953 630 1048 701 qui
1077 630 1342 687 adversus
1369 630 1548 687 solum
1575 631 1746 685 Deum
1762 639 1929 700 atque

355 709 506 773 illius
521 717 802 775 ministros
818 718 1021 776 bellum
1041 735 1232 791 gerere
1247 729 1475 777 noverat
1495 739 1510 776 :
1525 722 1820 776 exitiosum
1841 721 1896 776 di
1908 750 1930 762 -

357 823 426 864 co
445 809 750 867 Valentem.
772 811 827 867 Id
851 812 1127 883 quomodo
1142 813 1215 868 sit
1230 813 1456 878 factum,
1475 811 1569 866 ubi
1591 812 1742 882 prius
1757 825 1931 866 unum

356 901 478 969 eius
505 901 781 958 nefarium
804 903 985 959 scelus
1010 918 1340 973 exposuero.
1367 901 1567 967 dicam,
1584 911 1641 958 et
1663 902 1731 957 ad
1765 903 1929 957 linem

359 992 481 1061 ejus
506 994 840 1064 progrediar.
858 995 936 1050 Ac
952 994 1019 1049 de
1041 995 1122 1049 eis
1145 995 1402 1066 quijuxta
1421 996 1667 1051 ecclesia:
1694 996 1933 1050 sanctio-

359 1096 459 1138 nes
483 1084 850 1155 philosophati
869 1096 1019 1149 sunt,
1042 1085 1158 1142 haec
1192 1101 1292 1157 pro
1317 1101 1386 1142 eo
1411 1094 1574 1156 atque
1596 1085 1773 1157 potui,
1794 1085 1930 1141 disi.

944 1242 1170 1302 CAPUT
1210 1243 1374 1300 XLV.

361 1325 440 1389 De
463 1335 679 1389 interitu
704 1333 1008 1407 Graecorum
1030 1335 1463 1407 idololatrarum,
1482 1343 1695 1407 prapter
1714 1329 1933 1390 oracula

440 1406 673 1477 yuwdam
695 1405 882 1459 litteris
912 1406 1458 1477 distincteﬂesignata
1482 1405 1498 1471 ,
1518 1405 1687 1477 initio
1713 1407 1852 1476 facta
1897 1422 1932 1459 α

454 1479 609 1528 ittera
635 1477 663 1529 0
699 1491 862 1545 usque
884 1477 951 1530 ad
991 1478 1038 1529 δ,
1078 1475 1152 1528 De
1184 1475 1529 1537 astronomia.
1566 1486 1618 1530 et
1648 1475 1931 1531 Themistio

432 1546 735 1615 philosopho
767 1560 787 1599 :
813 1555 862 1599 et
896 1548 1083 1616 quibus
1113 1549 1158 1600 is
1204 1547 1368 1600 verbis
1404 1545 1668 1600 Valentem
1700 1545 1930 1610 Ienierit,

434 1626 487 1668 ut
510 1616 575 1668 de
600 1617 959 1683 persecutione
990 1616 1235 1670 nonnihil
1271 1618 1577 1671 remitteret.

435 1793 541 1862 Qui
565 1810 697 1851 vero
721 1788 964 1852 (ἔπεσθαι
994 1795 1436 1866 superstitionem
1461 1774 1849 1867 sequebantur,
1876 1801 1931 1853 et

2033 637 2242 708 τήριονο
2295 635 2485 702 ὀπως
2527 637 2586 691 δὴ
2638 637 2830 705 γέγονε
2859 677 2875 695 ,
2933 634 3062 702 μίαν
3105 632 3276 687 αὐτοῦ
3344 628 3619 698 πρότερον

2031 725 2416 794 ἀνοσιουργίαν
2433 725 2624 787 εἰπὼν.
2643 726 2736 779 ἐπὶ
2763 725 2822 779 τὸ
2852 725 3002 786 τέλος
3061 721 3225 777 αὐτοῦ
3288 718 3617 790 βαδιοῦμαι.

2034 816 2170 887 Περὶ
2201 815 2300 887 μὲν
2327 815 2418 870 οὖν
2476 816 2588 870 τῶν
2629 816 2768 870 κατὰ
2818 817 2943 879 τοὺς
2990 814 3325 883 Ἐκκλησίας
3378 811 3620 878 θεσμοὺς

2033 907 2518 979 φιλοσοφησάντων
2537 909 2622 978 ἐφ’
2650 910 2775 964 ὅσον
2799 925 2890 977 μοι
2945 907 3170 963 δυνατὸν
3202 901 3457 959 τοσαῦτα
3512 901 3620 955 διέ-

2031 996 2218 1056 λαϐον,
3316 996 3345 1017 τ’

2537 1262 2586 1287 σι’
2602 1248 2853 1308 ΚΕΦΑΛ.
2900 1249 3039 1307 ME’.

2032 1338 2174 1411 Περὶ
2199 1344 2311 1411 τῆς
2348 1343 2653 1411 ἀπωλείας
2704 1344 2821 1398 τῶν
2858 1343 3275 1411 Ἑλληνιστῶν
3343 1338 3451 1393 διὰ
3504 1339 3619 1411 τὴν

2102 1407 2446 1495 quia}.er
2474 1407 2884 1495 κςιτᾳὶγτιέιτων
2931 1407 3234 1495 γράμμασι
3262 1407 3606 1495 Imm-€51“.

2103 1484 2451 1554 ἀρχομένων
2486 1485 2606 1538 ἀπὸ
2645 1485 2751 1540 τοῦ
2795 1487 2830 1538 θ
2859 1477 3164 1552 στοιχείου
3197 1477 3340 1549 ἆχᾜι
3374 1478 3502 1554 Ioc")

2103 1547 2365 1621 adirier)!
2391 1555 2780 1623 φιλοσοφίας,
2811 1555 2909 1607 καὶ
2943 1547 3407 1623 Θεμιστίοὺητοῦ
3444 1551 3614 1623 φαιο-

2101 1618 2323 1693 σόφουζ
2380 1618 2488 1678 Οἷα
2541 1618 2746 1689 οὗτος(
2782 1624 2969 1677 εἰπὼν
3014 1618 3377 1683 Ὀὺά.ιεντι,’
3397 1618 3620 1689 μικρὸν

2100 1694 2338 1749 ἐκεῖνον
2364 1696 2471 1749 τοῦ
2496 1693 2733 1748 διώκειν
2763 1694 3050 1763 ἀνέσχεν.

2103 1808 2226 1863 Τῶν
2251 1806 2297 1862 δ’
2331 1807 2691 1877 Ἑλληνιστῶν
2752 1805 2977 1860 καὶτῶν
2999 1805 3117 1859 ὅσοι
3168 1788 3368 1872 γένους
3424 1798 3622 1868 ἐπισή-

362 1890 459 1960 qni
493 1888 766 1945 natalibus
796 1889 1041 1959 praeclari
1069 1897 1248 1956 erant,
1280 1888 1393 1946 fere
1419 1890 1580 1946 talem
1613 1892 1683 1946 ob
1713 1903 1931 1945 causam

2053 1888 2144 1956 seu
2196 1896 2341 1972 ἦσαν
2374 1940 2390 1964 ,
2448 1899 2634 1971 σχεδὸν
2692 1897 3102 1968 διεφθάρησαν,
3154 1895 3344 1949 αίτίαν
3400 1892 3620 1962 σχόντες

362 1987 652 2042 interiere.
697 1986 799 2054 Qui
840 1986 984 2042 inter
1036 2000 1134 2042 eos
1184 1985 1551 2051 excellebant,
1581 1984 1731 2055 quod
1782 1993 1931 2055 tanta

366 2072 703 2135 incrementa
731 2093 930 2149 capere
964 2078 1227 2135 ecclesias
1252 2087 1548 2150 nostras_et
1577 2077 1935 2134 Christianis-

363 2182 514 2226 mum
566 2172 850 2236 viderent,
895 2185 1126 2242 eamque
1179 2186 1294 2227 rem
1347 2169 1743 2240 indignabundi
1790 2183 1935 2240 egre

366 2265 595 2329 terrent,
621 2264 915 2320 consilium
941 2280 1156 2334 cepere,
1188 2264 1429 2319 oraculis
1455 2272 1621 2333 atque
1658 2262 1783 2317 aliis
1809 2261 1936 2332 qui-

364 2352 597 2412 busdam
638 2356 1127 2423 incantationibus,
1151 2355 1275 2426 quis
1312 2355 1370 2410 in
1403 2356 1654 2410 Romano
1703 2352 1937 2423 imperio

373 2448 583 2504 Valenti
614 2462 972 2506 successurus
996 2459 1179 2514 esset,
1212 2446 1600 2519 cognoscendi.
1627 2448 1695 2502 Et
1723 2444 1938 2516 tripode

353 2522 400 2595 ‘e
418 2542 573 2597 lauro
589 2540 1053 2611 facto,verbisquc
1073 2550 1130 2595 et
1145 2539 1560 2595 evocationibus
1582 2537 1936 2609 quibusdam,

369 2644 431 2689 ut
470 2635 585 2689 ﬁeri
633 2634 689 2689 in
739 2633 940 2689 talibus
984 2646 1102 2688 mos
1126 2639 1254 2698 est,
1300 2632 1556 2703 peractis,
1594 2630 1743 2700 quod
1791 2628 1953 2683 ποιεί

368 2728 504 2784 bant
531 2725 765 2783 effecere
795 2743 809 2779 :
841 2735 903 2781 ut
926 2724 1137 2780 scilicet
1162 2725 1492 2785 litterarum.
1520 2722 1792 2778 machinis
1812 2721 1938 2791 qui-

366 2819 602 2873 busdam
661 2798 891 2889 tripodis
932 2827 990 2873 et
1037 2816 1249 2872 oraculi
1280 2831 1376 2871 eas
1417 2814 1806 2870 ordinantibus
1837 2813 1938 2883 (I),

369 2911 738 2977 collectione,
814 2910 1162 2981 imperatoris
1226 2901 1428 2965 nomen
1500 2916 1812 2977 appareret.
1870 2906 1941 2962 Et

371 3019 496 3060 cum
533 3004 750 3061 hiantes
775 3005 845 3061 ad
879 3005 1232 3061 Theodorum
1288 3011 1681 3073 respectarent,
1734 3002 1828 3072 qui
1880 3001 1939 3056 in

373 3097 645 3166 imperiali
708 3097 835 3153 aula
900 3096 1175 3167 stipendia
1234 3094 1498 3158 faciebat,
1545 3093 1939 3164 superstitione

370 3187 594 3257 quidem
657 3185 946 3251 Graecum,
1013 3186 1262 3242 doctrina
1318 3193 1502 3241 autem
1555 3194 1614 3239 ct
1685 3184 1941 3251 philoso-

377 3281 508 3352 phia
564 3280 732 3351 probe
781 3278 1057 3335 eruditum
1086 3320 1101 3343 ,
1154 3278 1413 3349 quoniam
1451 3277 1758 3335 litterarum
1791 3290 1941 3329 com-

374 3374 575 3443 positio
610 3371 806 3427 ordine
850 3387 953 3425 suo
977 3385 1150 3440 usque
1182 3370 1250 3424 ad
1281 3369 1321 3423 D
1353 3370 1668 3439 pertigerat,
1696 3367 1856 3437 203
1885 3374 1943 3422 et

376 3463 617 3518 Valentis
647 3461 703 3517 in
752 3461 983 3532 imperio
1009 3474 1382 3517 successorem
1429 3459 1717 3523 indicarat,
1747 3472 1944 3512 oracu.

374 3555 489 3611 lum
520 3552 875 3626 philosophos
908 3552 985 3609 ita
1018 3552 1075 3608 in
1109 3550 1360 3607 fraudem
1384 3559 1441 3605 et
1465 3550 1820 3621 imposturam
1848 3549 1948 3605 ad-

376 3648 556 3711 duxit,
588 3655 648 3701 ut
690 3644 1099 3716 quamprimum
1155 3642 1507 3699 Theodorum
1552 3644 1943 3712 imperaturum

376 3754 500 3796 esse
525 3738 904 3808 opinarentur.
950 3735 1027 3790 Ea
1050 3727 1167 3789 ‘res
1196 3733 1291 3789 ubi
1322 3733 1390 3788 ad
1420 3732 1701 3789 Valentem
1737 3747 1821 3788 est
1851 3732 1947 3788 de-

378 3830 508 3894 lata,
529 3827 759 3899 perinde
780 3835 944 3896 atque
976 3828 1100 3880 vitas
1124 3824 1241 3896 ejus
1258 3824 1473 3880 insidia:
1497 3831 1718 3879 structa:
1739 3833 1945 3889 essent,

380 3937 490 3976 non
523 3918 807 3975 moderate
837 3932 902 3973 ea
948 3915 1152 3980 ferens,
1184 3917 1362 3987 palam
1408 3915 1804 3986 impatientiam
1837 3929 1947 3983 prae

382 4031 444 4071 se
468 4015 611 4070 tulit.
654 3992 842 4083 Itaque
896 4011 1242 4082 indignatus,
1275 4018 1332 4065 et
1379 4009 1732 4065 Theodorum
1760 4016 1818 4062 et
1849 4005 1950 4061 tri-

381 4106 543 4177 podis
566 4105 715 4160 illins
748 4103 987 4158 artiﬁces
1007 4102 1154 4171 cepit
1188 4118 1202 4155 :
1236 4110 1402 4171 atque
1448 4101 1549 4155 hos
1576 4098 1796 4169 quidem
1822 4111 1952 4167 sup-

382 4199 550 4271 plicio
576 4196 718 4268 ignis
748 4193 1202 4251 inhumanissime
1232 4192 1453 4258 aﬁ‘ecit,
1472 4190 1826 4247 Theodorum
1850 4205 1953 4243 au-

385 4301 494 4347 tem
512 4289 689 4360 capite
714 4287 984 4343 multavit.
1008 4286 1202 4341 Itidem
1221 4299 1353 4341 vero
1372 4299 1471 4355 per
1494 4298 1715 4337 omnem
1734 4281 1951 4351 imperii

382 4385 504 4453 ejus
544 4382 809 4438 ditionem
859 4380 915 4435 in
963 4377 1321 4448 philosophos
1361 4383 1447 4434 est
1488 4375 1952 4430 animadversum.

383 4473 497 4530 Nec
532 4472 588 4527 in
611 4486 709 4527 eos
738 4479 974 4534 tantum,
1003 4482 1193 4524 verum
1223 4469 1388 4522 etiam
1412 4466 1471 4520 in
1499 4480 1596 4520 eos
1624 4464 1719 4534 qui
1751 4463 1953 4518 vestitu

385 4579 580 4618 eorum
608 4569 916 4617 uterentur.
946 4559 1118 4630 Cujus
1140 4558 1369 4628 periculi
1392 4565 1536 4611 metu
1565 4557 1731 4610 etiam
1756 4555 1801 4610 si
1831 4554 1955 4631 quis

387 4656 480 4710 alii
529 4653 715 4709 studio
745 4660 983 4715 vacaret,
1034 4649 1305 4705 ﬁmbriato
1330 4640 1498 4719 pallio
1544 4663 1652 4702 non
1677 4648 1953 4719 utebatur,

387 4762 461 4802 ne
491 4744 548 4800 in
580 4726 972 4815 suspicionem.
1009 4754 1233 4818 operam
1272 4754 1400 4795 eum
1430 4753 1634 4793 navare
1663 4737 1955 4793 sacriﬁciis

388 4851 449 4897 et
481 4837 745 4900 oraculis,
771 4832 1138 4903 venit-eLEgo
1170 4832 1392 4902 quidem
1417 4841 1680 4900 utrosque
1711 4830 1957 4885 stultitia:

388 4928 827 4991 condemnarim,
882 4935 1002 4981 tum
1060 4925 1447 4994 imperatorem
1502 4923 1726 4991 ipsum,
1766 4920 1959 4990 quieo

390 5027 489 5080 ire
511 5032 567 5079 et
593 5019 1014 5088 inhumanitatis
1043 5017 1374 5088 processerit
1401 5033 1417 5070 :
1439 5025 1552 5070 tum
1580 5013 1958 5084 philosophos,

390 5121 486 5189 qui
543 5114 946 5186 per‘audacem
994 5085 1359 5167 temeritatem
1411 5117 1576 5177 atque
1603 5105 1956 5175 cupiditatem

354 5196 355 5199 η
394 5226 509 5266 rem
543 5207 891 5280 philosophia
929 5204 1156 5259 minime
1184 5202 1404 5273 dignam
1436 5199 1673 5268 aggressi
1700 5198 1835 5253 sint.
1866 5198 1960 5251 Ille

334 5316 351 5341 ¹
391 5304 539 5359 enim
560 5301 856 5357 stoliditate
874 5297 1088 5367 plenus,
1103 5308 1228 5350 cum
1244 5308 1301 5347 se
1315 5290 1688 5346 successorem
1708 5289 1961 5344 sublatus

392 5412 514 5449 rom
539 5409 660 5449 esse
692 5391 1085 5451 exsistimaret,
1117 5400 1297 5454 neque
1329 5382 1758 5453 inquirentibus,
1784 5397 1964 5451 neque

392 5489 443 5543 ei
464 5489 533 5541 de
551 5500 660 5556 quo
676 5482 956 5538 oraculum
982 5481 1193 5536 editum
1208 5487 1325 5533 erat
1339 5477 1673 5548 parcendum
1692 5477 1845 5531 duxit
1860 5464 1959 5544 (2).

469 5668 548 5739 (ll
587 5665 711 5739 Fuit
743 5665 1052 5739 litterarum
1101 5660 1237 5714 ordo
1271 5659 1411 5739 θεοδ.
1464 5656 1749 5713 Ordinavit
1780 5665 1963 5710 autem

350 5774 353 5775 ν
398 5730 493 5794 eas
525 5735 794 5790 mendacii
821 5744 875 5787 et
905 5733 1069 5787 caedis
1088 5740 1279 5783 auctor
1308 5730 1573 5783 Satanas.

306 5808 309 5809 ⁷
472 5809 555 5876 (2)
589 5806 665 5860 Ac
681 5806 723 5858 si
747 5812 893 5857 certa
927 5800 1393 5876 immutabiliaque
1425 5806 1769 5876 essent,qum
1798 5798 1962 5849 semcl

2035 1995 2243 2052 τοιάνδε
2273 2012 2287 2027 ·
2311 1994 2362 2048 οί
2399 1994 2510 2069 γάρ
2538 1991 2799 2065 προύχειν
2821 1994 2880 2047 ἐν
2900 1991 3115 2055 τούτοις
3164 1987 3500 2058 νομίζοντες
3520 1985 3619 2053 τὴν

2035 2093 2131 2162 τῆς
2158 2090 2437 2161 ἡμετέρας
2457 2089 2789 2161 Ἐκκλησίάς
2806 2086 3014 2143 καὶτοῦ
3044 2081 3493 2158 Χριστιανισμοῦ
3541 2082 3620 2144 είς

2036 2185 2192 2238 τόσον
2217 2181 2451 2253 αύξησιν
2496 2182 2753 2253 δρῶντες,
2809 2180 3256 2251 δυσχεραίνοντες
3298 2172 3449 2263 ἦσαν
3475 2190 3491 2206 ο
3526 2174 3620 2225 καὶ

2037 2275 2159 2329 λίαν
2184 2275 2566 2346 ἀσχάλλοντες,
2593 2272 2789 2343 βουλὴν
2810 2271 3105 2342 ἔπραττον,
3141 2268 3288 2323 ὥστε
3336 2264 3620 2337 μαντείαις

2039 2366 2132 2420 καί
2160 2379 2304 2418 τισιν
2354 2364 2544 2427 ἄλλαις
2596 2362 2897 2427 ἐπαοιδίαις
2935 2361 3142 2432 μαθεῖν,
3197 2358 3257 2424 ὃς
3310 2358 3429 2429 ἄρα
3486 2352 3620 2425 μετὰ

2040 2455 2315 2510 Οὐάλεντα
2342 2456 2441 2525 τῆς
2485 2453 2777 2523 Ῥωμαίων
2805 2455 3084 2524 ἡγήσοιτο.
3118 2452 3233 2507 Καὶ
3286 2449 3363 2523 δὴ
3392 2447 3618 2519 τρίποδα

2040 2551 2250 2619 ξύλινον
2295 2549 2501 2621 δάφνης
2553 2550 2920 2620 πεποιημένω
2963 2546 3507 2608 κατασκευάσαντες,
3560 2541 3618 2611 sb

2044 2644 2181 2715 πρὶς
2217 2642 2417 2713 βουλῆς
2448 2642 2786 2707 ἐξετέλεσαν.
2814 2642 3169 2711 Ἐπικλήοεις
3216 2638 3332 2709 γὰρ
3394 2635 3492 2691 καὶ
3537 2631 3617 2685 λό-

2040 2749 2173 2801 γους
2195 2729 2276 2795 οἷς
2308 2732 2536 2796 ἐκείνοις
2580 2731 2701 2797 ἔθος
2741 2733 2936 2796 ποιεῖν,
2961 2730 3196 2799 συλλογῇ
3258 2726 3612 2799 γραμμάτων

2041 2824 2135 2877 τοῦ
2173 2823 2428 2894 τρίποδος
2453 2824 2813 2894 μηχανήμασι
2845 2826 2987 2876 κατὰ
3018 2821 3285 2892 στοιχεῖον
3332 2815 3612 2871 συντεθει-

2044 2915 2247 2984 μένων,
2273 2904 2523 2984 τοῠνομό
2546 2914 2641 2968 τοῦ
2672 2914 2939 2985 βασιλέως
2965 2908 3253 2966 συλλαϐεῖν
3286 2907 3612 2979 ἐπειρῶντο.

2044 3008 2316 3079 Κεχηνόσι
2355 3008 2429 3061 .δέ
2480 3007 2662 3070 αὐτοῖς
2720 3005 2859 3075 πρὸς
2909 3005 3185 3076 Θεόδωρον
3208 3043 3224 3066 ,
3284 3000 3461 3074 ἄνδρα
3514 2998 3617 3052 τῶν

2043 3102 2102 3154 ἐν
2116 3103 2230 3163 τοῖς
2265 3099 2558 3172 βασιλείοις
2597 3099 3067 3175 στρατευομένων,
3123 3098 3370 3169 Ἕλληνα
3394 3096 3494 3166 μὲν
3523 3093 3615 3162 τὴν

1965 3237 2010 3294 c
2044 3194 2366 3263 θρησκείαν,
2388 3192 2549 3261 λόγου
2569 3191 2631 3245 δξ
2642 3193 2737 3246 καὶ
2749 3193 3070 3262 φιλοσοφίας
3086 3192 3358 3263 ἡμμένον,
3379 3188 3508 3242 ἐπεὶ
3520 3185 3616 3257 μέο

2044 3284 2244 3357 κριτοῦ
2275 3284 2436 3338 δέλτα
2456 3282 2599 3339 κατά
2617 3283 2890 3355 συνθήκην
2914 3284 3023 3336 τῶν
3039 3282 3324 3354 στοιχείων
3367 3277 3613 3343 σύνταξις

2042 3372 2166 3449 ἧκε,
2183 3377 2278 3429 καὶ⁵
2296 3377 2396 3447 τὴν
2417 3370 2789 3447 προσηγορίαν
2805 3375 3069 3444 ὑπέφαινε
3085 3377 3179 3428 τοῦ
3199 3373 3325 3444 μετ’
3346 3371 3616 3428 Οὐάλεντα

2044 3469 2322 3540 ἄρξοντος,
2349 3471 2427 3530 εἰς
2465 3469 2708 3538 φενάκην
2735 3464 2840 3538 ἦγε
2867 3469 2927 3521 τὸ
2951 3470 3200 3538 μαντεῖον
3223 3465 3359 3529 τοὺς
3385 3461 3606 3534 φιλοσό-

2046 3579 2183 3631 φους
2207 3578 2223 3594 ·
2248 3561 2344 3615 καὶ
2364 3558 2488 3615 ὅσον
2523 3560 2678 3614 οὔπω
2702 3560 2975 3629 Θεόδωρον
3018 3559 3207 3630 ἄρξειν
3233 3558 3434 3630 ᾤοντο.
3471 3552 3618 3609 Ἐπεὶ

2045 3655 2092 3709 δ’
2126 3653 2311 3726 Οὒάλη
2363 3654 2397 3725 ή
2454 3653 2802 3724 ἐπιχείρησις
2851 3651 3196 3723 ἐγνωρίζετο,
3237 3649 3335 3704 ἃτε
3366 3648 3434 3719 δὴ
3489 3644 3616 3715 πρὸς

2050 3745 2197 3815 ζωὴν
2229 3744 2662 3810 ἐπιδουλευοεὶς,
2708 3744 2769 3797 ού
2814 3743 3052 3814 μετρίως
3082 3741 3248 3812 ἔφερε
3280 3739 3347 3794 τὺ
3391 3737 3614 3809 γενόμεο

2049 3855 2141 3891 νον
2163 3852 2178 3868 °
2205 3837 2300 3891 καὶ
2329 3836 2490 3906 δῆλος
2518 3833 2586 3907 ἦν
2606 3838 2707 3890 οὐκ
2732 3836 2975 3899 ἀνεκτῶς
3000 3835 3163 3907 ἔχων.
3190 3833 3410 3906 Σφόδρα
3435 3831 3488 3886 ει
3520 3845 3610 3899 χα-

2048 3930 2308 3999 λεπήνας,
2336 3933 2428 3984 τόν
2447 3947 2507 3982 τε
2531 3929 2803 3999 Θεόδωρον
2828 3931 2923 3982 καὶ
2939 3929 3064 3990 τοὺς
3091 3926 3347 3997 τρίποδος
3371 3924 3612 3994 τεχνῖτας

2052 4020 2286 4087 συνεῖχε.
2315 4018 2423 4070 Καὶ
2465 4018 2592 4081 τοὺς
2621 4018 2722 4088 μὲν
2759 4015 2897 4085 πυρὶ
2946 4013 3327 4085 ἀπανθρώπως
3349 4013 3569 4067 ἐκόλασε
3593 4045 3608 4069 ,

2050 4108 2326 4178 Θεόδωρον
2355 4108 2412 4161 δέ
2439 4109 2704 4181 ἀφῃρεῖτο
2750 4109 2848 4176 τὴν
2902 4107 3172 4176 κεφαλήν.
3194 4104 3429 4175 Ἐπίσης
3453 4102 3542 4154 καὶ
3565 4098 3612 4151 οἱ

2053 4200 2156 4254 ἀνὰ
2191 4200 2372 4252 πᾶσαν
2407 4198 2577 4252 αὐτοῦ
2617 4199 2715 4268 τὴν
2745 4198 2932 4269 χώραν
2976 4194 3410 4267 φιλοσοφοῦντες
3439 4186 3612 4258 ἐφθεί-

2058 4308 2212 4363 ροντο
2236 4305 2253 4323 ·
2290 4291 2353 4343 ού
2388 4290 2548 4361 μόνον
2569 4289 2616 4342 δ’
2650 4291 2867 4352 ἐκεῖνοι,
2892 4288 3029 4342 άλλά
3059 4287 3153 4342 καὶ
3183 4286 3234 4340 οἶ
3260 4286 3451 4354 ἐσθῆτι
3480 4282 3609 4352 μόνῃ

2053 4386 2119 4453 τῇ
2146 4380 2369 4436 ἐκείνων
2400 4380 2657 4451 ἐχρῶντο.
2704 4380 2794 4451 Τῷ
2844 4380 2955 4434 δέει
2998 4378 3056 4432 δὲ
3084 4378 3180 4432 τοῦ
3217 4377 3469 4432 κινδύνου
3499 4371 3610 4425 οὐδὲ
3664 4404 3665 4407 η

2056 4473 2230 4535 άλλως
2257 4488 2341 4533 τις
2377 4470 2711 4540 ἐπιτηδεύων
2742 4466 3002 4538 κροκωτῷ
3027 4466 3228 4536 ἐχρῆτο
3274 4463 3520 4534 τρίὸωνι,
3542 4456 3612 4517 ὡς

2060 4563 2128 4617 διν
2169 4562 2244 4633 μὴ
2276 4561 2343 4615 δι’
2383 4562 2637 4624 ὕπονοῖας
2689 4560 2922 4628 γένοιτο,
2952 4558 3052 4629 τὴν
3081 4556 3277 4625 σχολὴν
3326 4557 3453 4625 περὶ
3477 4547 3611 4603 τελε-

2058 4655 2155 4718 τὰς
2180 4654 2275 4707 καὶ
2303 4654 2563 4723 μαντείας
2585 4651 2744 4723 ἔχων.
2769 4651 2913 4718 Ἐγὼ
2938 4650 2983 4704 δ’
3014 4649 3081 4704 άν
3113 4665 3204 4719 μοι
3226 4649 3370 4701 δοκῶ
3398 4640 3490 4698 xii.
3514 4644 3610 4708 ἀμ·

2061 4747 2300 4817 φοτέρων
2356 4744 2554 4816 πολλὴν
2600 4738 3036 4811 καταῇνώσκειν
3082 4741 3370 4811 εὐήθειανο
3427 4734 3518 4789 τοῦ
3559 4746 3609 4781 τε

2059 4836 2169 4907 γὰρ
2199 4833 2459 4906 βασιλέως
2482 4837 2582 4903 τῆς
2601 4832 2694 4885 ἐπὶ
2721 4833 2876 4884 τόσον
2891 4830 3061 4898 ὀργῆς
3088 4830 3181 4881 καὶ
3205 4819 3606 4891 ἀπανθρωπίας,

2061 4927 2308 4988 καὶτοὺς
2359 4924 2683 4994 φιλοσόφους
2735 4911 2847 4991 τῆς
2887 4923 3027 4988 ἄγαν
3080 4916 3406 4989 προπετείας
3434 4930 3489 4966 τε
3525 4908 3609 4960 καὶ

2062 5019 2330 5085 ἐφέσεως,
2352 5015 2446 5068 καὶ⁵
2470 5014 2567 5081 τῆς
2594 5016 2668 5083 μὴ
2693 5013 2837 5064 κατὰ
2859 5010 3178 5079 φιλοσοφίαν
3207 5005 3604 5076 ἐπιχειρήσεως.

2074 5109 2135 5166 Ὀ
2161 5109 2259 5178 μὶν
2289 5109 2397 5177 γὰρ
2430 5107 2684 5174 εὐηθείας
2712 5104 2995 5166 ἀνάπλεως
3015 5101 3112 5163 ὣν,
3148 5102 3460 5169 ἀναιρήσειν
3483 5091 3608 5161 ᾤετο

2062 5202 2154 5254 τὸν
2190 5199 2305 5268 μετ’
2335 5198 2500 5250 αὐτὸν
2531 5196 2917 5266 βασιλεύσοντα
2944 5210 2960 5226 ⁸
2986 5195 3083 5246 καὶ
3110 5192 3234 5244 οὕτε
3256 5190 3370 5242 τῶν
3400 5180 3606 5254 ζητούνο

2063 5308 2194 5353 των,
2229 5288 2351 5342 οὔτε
2386 5290 2521 5359 περὶ
2552 5286 2613 5340 οὖ
2664 5284 3029 5354 ἐμαντεύοντο
3061 5280 3228 5350 φειδώ
3266 5296 3389 5331 τινα
3428 5276 3601 5340 ἐσχεΨ

2064 5383 2114 5434 οἱ
2145 5381 2190 5434 δ’
2231 5382 2305 5443 ὡς
2336 5379 2422 5432 ἐπ’
2453 5368 2635 5440 αὐτοῖς
2662 5377 2723 5430 ὃν
2748 5376 2972 5446 βασιλέα
3005 5374 3307 5441 καθαιρεῖν,
3341 5369 3429 5423 καὶ
3466 5362 3604 5416 αὖθις

2066 5472 2320 5542 ἐγείρειν,
2349 5474 2428 5533 εἰς
2450 5472 2608 5523 τόσον
2658 5469 2773 5537 δῆτ’
2806 5467 2993 5530 ἀνοίας
3026 5463 3405 5536 προήχθησαν.
3441 5455 3523 5514 Ὠς
3552 5446 3602 5500 δδ

2030 5658 2160 5708 ’ρος
2190 5650 2583 5712 conveniebat,
2634 5650 2950 5719 quicunque
3000 5644 3216 5700 tandem
3260 5641 3307 5696 is
3342 5622 3602 5719 εεεεξριςῑξξ

2066 5707 2247 5779 sidera
2280 5707 2681 5775 successionem
2713 5707 3247 5779 destinassent,eum
3279 5707 3598 5783 superstitem

2069 5798 2180 5849 (ore
2208 5793 2442 5860 (Sozom.
2478 5793 2573 5846 lib.
2599 5808 2671 5855 νι,
2696 5807 2814 5860 cap.
2837 5790 2951 5859 55).

400 5867 774 5934 θιάὲιτοιυυιιι
826 5887 989 5926 cursu
1038 5870 1265 5924 collecta
1314 5867 1690 5930 censuissent,
1726 5876 1964 5921 stalucrc
2080 5902 2087 5917 .
