3918 6578
1285 276 1294 307 \

127 421 233 484 1'37

1021 371 1617 476 ECCLESIAS'HCIE
1651 415 2042 476 msrontaa
2076 416 2222 475 LIB.
2265 416 2372 474 x1.

3251 410 3358 472 738

144 528 268 587 εἶναι
301 530 476 599 πάσης
514 527 688 597 ξηρᾶς
709 543 722 557 ·
759 523 821 577 τὸ
849 524 894 578 δ’
933 525 1191 578 ἐπέκεινα
1223 524 1500 578 Θάλασσαν
1519 524 1686 577 ἇτιλε-

1805 526 1936 578 'iora
1961 526 2076 579 loca
2105 523 2387 578 immensis
2409 523 2579 578 maris
2605 524 2767 579 undis
2789 523 2965 579 teneri
2982 524 3236 579 crederet
3255 527 3356 595 (1).

138 640 220 676 τον
266 619 354 672 καὶ
385 617 532 685 ὕδωρ
567 614 899 684 ἀπέραντον.
929 613 1066 676 Βοῦς
1091 611 1151 664 δέ
1178 630 1262 676 τις
1306 613 1508 682 οἴστρῳ
1553 611 1684 664 ποτέ

136 715 409 781 πληγεῖσα,
457 709 627 761 διέθει
678 708 740 760 τὸ
778 705 924 775 ὕδωρ
949 707 1050 776 τῆς
1093 707 1311 775 λίμνης,
1361 707 1456 758 καὶ
1495 694 1576 766 εἰς
1623 704 1685 755 τὸ

143 807 296 876 πέραν
321 802 574 856 διέϐαινε.
607 801 853 854 Κατόπιν
879 800 935 852 δέ
965 799 1223 868 βουκόλος
1251 797 1538 866 ἑπόμενος,
1561 795 1686 848 ἐπεὶ

141 896 354 958 τὸτέλος
381 893 476 946 τοῦ
523 893 715 954 ὓδατος
747 891 962 956 ἐθεᾶτο,
997 892 1107 952 τοῖς
1142 889 1439 958 ὁμοφύλοις
1471 889 1654 958 ἐσήμα

143 1007 238 1043 νεν.
270 986 416 1056 Ἔχει
468 984 523 1037 δὲ
558 984 655 1037 καὶ⁸
707 983 867 1046 ἄλλος
906 983 1084 1049 λόγος,
1138 983 1334 1052 ἔλαφον
1363 981 1584 1050 μᾶλλον,
1620 981 1681 1033 οὗ

145 1080 256 1149 βοῦν
291 1078 560 1144 ὑποδεῖξαι
593 1078 708 1148 ιτὴν
744 1077 945 1140 στίϐον,
980 1076 1036 1142 ἐξ
1094 1076 1361 1145 ἐπιπολῆς
1413 1069 1687 1128 καλυπτο-

147 1174 300 1241 μένην
327 1173 440 1232 τοῖς
483 1169 671 1222 ὕδασιν
693 1210 709 1235 ,
741 1171 835 1222 ἅτε
865 1169 928 1238 δὴ
953 1169 1031 1238 τῷ
1067 1167 1360 1239 θηρᾶσθαι,
1390 1169 1488 1230 τὰς
1512 1168 1688 1237 ἄρκυς

144 1260 490 1330 διαφυγοῦσαν
519 1261 628 1313 τῶν
661 1259 878 1314 Οὗννων
904 1277 919 1293 ο
951 1259 1000 1313 οἳ
1029 1265 1328 1328 τηνικαῦτα
1351 1258 1428 1328 τῷ
1457 1258 1689 1310 κατόπιν

146 1355 334 1409 διώκειν
359 1353 536 1424 πὲ-ραν
557 1355 863 1422 γενόμενοι,
890 1353 983 1405 καὶ
1015 1351 1342 1418 θεασάμενοι
1363 1349 1463 1419 τὴν
1483 1347 1687 1417 χώραν,

146 1447 252 1512 ἁέςι
288 1445 380 1513 μὲν
404 1445 760 1515 μετριωτέρῳ
787 1443 1099 1513 χρωμένην,
1132 1444 1222 1496 καὶ
1251 1441 1428 1503 ἄλλως
1453 1440 1509 1492 δὲ
1552 1439 1690 1506 πρὸς

147 1537 399 1608 γεωργίαν
454 1536 682 1608 ἡμέρως
745 1536 1022 1605 ἔχουσαν·
1077 1534 1176 1588 καὶ
1235 1532 1435 1595 ἱκανῶς
1473 1531 1690 1602 θαυμά-

151 1648 355 1694 σαντες,
401 1630 526 1683 τότε
580 1630 677 1700 μὲν
715 1629 1142 1699 ἀπηλλάττοντο,
1198 1627 1293 1681 καὶ
1333 1626 1415 1697 τῷ
1449 1629 1692 1694 καθηγε-

153 1720 382 1788 μόνιτοῦ
419 1720 614 1783 ἔθνους
652 1721 720 1773 τὰ
763 1718 1438 1788 ,θεαθένταόπήγγελλονο
1479 1714 1691 1770 Ἕπειτ’

151 1814 346 1880 ὀλίγους
403 1811 512 1864 τῶν
572 1811 787 1865 Γότθων
833 1808 1402 1881 ἐπιστρατεύσαντας,
1465 1810 1693 1862 ἁπιπει-

1789 617 1924 671 tlum
1965 630 2149 671 autem
2199 615 2642 682 bosaliquando
2677 616 2746 669 ab
2779 627 2944 670 (nstro
2989 617 3132 672 ictus
3176 617 3356 669 lacum

1789 709 2128 777 trajecisset,
2182 718 2236 762 et
2288 709 2344 762 in
2397 707 2716 762 ulteriorem
2765 708 2936 776 ripam
2989 708 3358 775 pervenisset,

1786 815 2023 867 eumque
2071 809 2259 868 pastor
2300 799 2598 868 insequens
2645 814 2910 868 aquarum
2946 798 3241 852 terminum
3273 801 3356 851 vi-

1787 893 1999 967 disset,
2035 908 2151 947 rem
2185 908 2307 946 eam
2352 891 2712 962 popularibus
2745 892 2862 946 suis
2907 889 3190 946 iudicavit.
3234 890 3352 944 Alia

1787 1001 2009 1057 quoque
2039 987 2181 1041 fama
2218 987 2345 1050 fert,
2380 1001 2488 1040 non
2519 985 2864 1049 bovem,.sed
2896 999 3118 1039 cervum
3149 984 3354 1053 potius,

1787 1080 2054 1134 vadosum
2097 1079 2247 1134 hunc
2292 1073 2603 1140 tramitem,
2657 1077 2888 1132 summis
2931 1076 3088 1146 aquis
3131 1084 3358 1137 tectum,

1791 1173 2094 1236 indicasse,
2147 1188 2273 1227 cum
2313 1173 2450 1227 retia
2497 1172 2814 1227 venantium
2863 1172 3188 1226 Hunnorum
3221 1171 3359 1225 etfu-

1791 1265 1961 1334 gisset
1993 1281 2006 1318 :
2039 1265 2134 1333 qui
2167 1273 2283 1317 tum
2319 1262 2492 1317 feram
2525 1271 2951 1333 persequentes,
2992 1264 3134 1317 ultra
3174 1265 3354 1318 lacum

1788 1373 2109 1428 pervenere,
2143 1357 2530 1427 regionemque
2559 1372 2680 1412 eam
2717 1358 3024 1427 inspexere,
3054 1358 3109 1410 in
3145 1372 3258 1426 qua
3305 1365 3358 1411 et

1791 1451 1990 1506 caelum
2015 1459 2162 1506 esset
2185 1458 2577 1519 temperatum,
2609 1458 2665 1503 et
2695 1456 2836 1502 terra
2865 1448 2934 1501 ad
2962 1447 3356 1517 agriculturam

1791 1543 2005 1598 facilis:
2051 1558 2283 1612 eamque
2324 1541 2612 1605 admirati,
2647 1553 2763 1596 tum
2812 1541 3036 1610 quidem
3081 1539 3149 1594 ad
3200 1540 3362 1594 sedes

1792 1647 1923 1689 suas
1955 1632 2193 1695 rediere,
2217 1644 2273 1686 et
2300 1632 2426 1688 duci
2456 1647 2558 1687 suo
2587 1647 2651 1686 ea
2683 1647 2803 1701 qua:
2837 1630 3126 1696 vidissent,
3159 1646 3364 1685 renun-

1797 1727 2026 1780 tiaverc.
2051 1725 2215 1796 209
2237 1725 2431 1779 Postea
2458 1739 2586 1778 vero
2611 1739 2736 1779 cum
2765 1724 2953 1793 paucis
2979 1723 3120 1778 bello
3143 1721 3365 1778 Gotthis

1798 1818 1969 1882 illato,
2008 1819 2244 1887 amplius
2277 1817 2556 1888 regionem
2588 1831 2706 1872 eam
2739 1816 3096 1885 exploraruut
3123 1832 3134 1868 :
3161 1813 3363 1869 deinde

147 1905 332 1976 ρὶσθαι
385 1902 478 1957 τοῦ
535 1903 752 1973 χώρου·
801 1903 861 1956 οὐ
936 1879 1118 1971 πολλῴ
1182 1903 1230 1956 δ’
1302 1900 1533 1972 ὕστερον
1601 1903 1694 1953 καὶ

1805 1908 1963 1963 etiam
1994 1910 2145 1964 brevi
2178 1924 2303 1963 cum
2337 1908 2611 1962 universis
2641 1908 2813 1978 cupiis
2841 1923 2905 1962 eo
2938 1906 3281 1978 transgressi,
3310 1915 3367 1959 et

150 1999 432 2068 πανστρατὶ
458 1996 729 2061 ἐπελθεῖν,
764 1995 860 2049 καὶ
901 1994 1144 2064 πολέμου
1183 1996 1335 2063 νόμῳ
1363 1993 1473 2046 τῶν
1511 1994 1693 2046 ἐκεῖσε

153 2091 548 2162 περιγενέσθαιτ
569 2091 665 2144 καὶ
694 2092 753 2143 ἐν
790 2090 1118 2160 κατασχέσει
1154 2087 1407 2156 γενέσθαι
1438 2089 1535 2157 τῆς
1567 2089 1694 2155 γῆς.

150 2187 268 2248 Τοὺς
311 2185 354 2236 δ’
406 2183 617 2237 ἐκεῖθεν
668 2182 1114 2243 ἀπαναστάντας,
1151 2178 1401 2248 διαϐῆναι
1459 2179 1559 2247 μὲν
1604 2175 1696 2228 τὸν

155 2282 364 2348 Ἵστρον,
391 2281 486 2330 καὶ
517 2279 574 2341 ἐς
598 2277 668 2329 τὰ
702 2274 990 2345 Ῥωμαίων
1015 2275 1140 2343 ὅρια
1168 2270 1550 2342 περαιοῦσθαιο
1576 2267 1698 2324 εἷτα

150 2374 229 2424 καὶ
260 2373 312 2433 ἐς
345 2369 575 2438 βασιλέα
611 2369 826 2439 πέμψαι
867 2367 1146 2438 πρέσϐεις,
1184 2363 1512 2435 συμμάχους
1543 2363 1698 2416 ἐσαεὶ

148 2467 270 2532 σφᾶς
315 2463 650 2516 καθεστάναι
698 2461 994 2531 Ῥωμαίοις
1043 2457 1460 2527 διομνυμένους.
1493 2454 1700 2508 Ἐδεῖτο

149 2557 196 2610 δὲ
230 2558 256 2626 ἡ
284 2555 554 2626 πρεσϐεία
578 2595 592 2620 ,
631 2555 933 2624 ξυγχωρεῖν
967 2552 1172 2618 αὐτοῖς,
1216 2552 1323 2621 ὅπη
1359 2547 1701 2618 βουλομένοις

153 2651 244 2717 εἰη,
266 2651 362 2713 τὰς
393 2650 638 2716 οἰκήσεις
668 2647 868 2698 ποιεῖν.
896 2645 1172 2713 Ἔττραττε
1201 2641 1378 2707 δὲτὴν
1400 2639 1700 2711 πρεσϐείαν

151 2742 407 2811 υὺλφίλας
453 2743 481 2795 ὁ
532 2739 666 2810 παρ’
695 2740 879 2800 αὺτοῖς
930 2733 1433 2806 ἐπιίσκοποςῺΕπεὶ
1475 2732 1532 2785 δὲ
1566 2748 1701 2801 πρε-

152 2833 291 2885 σϐεία
335 2832 484 2884 κατὰ
525 2831 760 2899 γνώμην
804 2829 986 2892 αὐτοῖς
1036 2826 1254 2898 ἐχώρει,
1289 2824 1702 2894 προὺτρὲποντο

150 2927 234 2992 τὴν
281 2923 505 2995 Θρᾴκην
555 2924 748 2976 οἰκεῖν·
799 2922 895 2974 καὶ
951 2919 1115 2990 μέχρι
1160 2915 1356 2971 πολλοῦ
1409 2915 1702 2986 εἰρηνικῶς

151 2999 383 3083 πρόθες.
421 3014 622 3076 αὐτοὺς
678 3013 941 3082 καὶπρὸς
991 3012 1137 3081 ἡμᾶς
1174 3004 1342 3079 εἶχον.
1393 3005 1524 3060 Εἶτα
1575 3005 1702 3059 καθ’

151 3107 361 3167 ἑαυτοὺς
384 3105 886 3170 διαστασιάζοντες,
912 3103 1031 3173 διχῆ
1055 3101 1360 3173 διῃροῦντο⁸
1385 3094 1460 3154 ὧν
1481 3097 1578 3152 τοῦ
1605 3099 1702 3169 μὲν

1799 2001 1943 2056 bello
1968 2001 2092 2056 illos
2121 2002 2324 2064 vicere,
2349 2011 2404 2054 et
2436 2009 2638 2054 terram
2669 2014 3031 2069 occupavere.
3057 1990 3136 2052 Illi
3179 2008 3360 2053 autem

1797 2072 2025 2149 sedibus
2071 2094 2187 2165 suis
2236 2092 2399 2163 pulsi,
2433 2090 2569 2146 Istro
2605 2093 2926 2145 transmisso
2954 2129 2971 2152 ,
3013 2090 3078 2148 ad
3130 2091 3362 2145 Ruinani

1801 2188 2022 2256 imperii
2069 2186 2336 2241 tcrmiu‘os
2375 2185 2719 2240 consedere:
2759 2194 2816 2239 et
2859 2186 2927 2239 ad
2979 2185 3365 2257 imperatorem

1799 2290 2078 2345 oratores,
2105 2279 2200 2348 qui
2233 2294 2290 2332 se
2323 2278 2655 2333 bellisocios
2692 2289 2957 2348 perpetuo
2996 2278 3364 2332 Romanorum

1798 2375 1917 2428 fore
1939 2413 1952 2436 ,
1981 2371 2346 2444 jurejurando
2377 2373 2770 2427 confirmarent
2790 2412 2805 2433 ,
2842 2371 3061 2424 misere.
3104 2371 3374 2427 Petebant

1801 2475 1985 2522 autem
2011 2466 2130 2531 illi,
2160 2475 2220 2520 ut
2248 2467 2331 2520 eis
2361 2480 2472 2534 quo
2507 2464 2684 2519 visum
2715 2471 2865 2517 esset
2893 2463 3043 2525 loco,
3079 2461 3360 2516 domicilia

1803 2559 2009 2613 habere
2069 2559 2506 2628 permitteretur.
2570 2557 2883 2628 Legationis
2939 2555 3055 2624 ejus
3114 2555 3371 2623 princeps

1801 2651 1906 2706 fuit
1959 2649 2244 2721 Ulpliilas,
2297 2666 2490 2705 eorum
2550 2651 2645 2720 qui
2705 2649 2849 2703 inter
2897 2649 3019 2702 illos
3069 2647 3369 2702 Christiani

1802 2751 1992 2805 erant,
2019 2740 2331 2808 epiSCOpus.
2365 2740 2444 2793 Re
2478 2753 2544 2792 ex
2574 2739 2848 2792 sententia
2874 2754 3064 2790 eorum
3099 2737 3373 2798 confecta,

1806 2833 2102 2887 Thraciam
2147 2832 2330 2887 colere
2367 2831 2504 2902 jussi
2551 2840 2700 2885 sunt.
2745 2831 2812 2885 Et
2854 2831 3168 2899 aliquandiu
3212 2829 3374 2887 simul

1803 2936 1860 2979 et
1891 2925 2036 2979 inter
2055 2938 2115 2978 se
2147 2922 2321 2991 ipsos,
2347 2929 2403 2976 et
2424 2937 2551 2991 erga
2577 2920 2856 2974 Romanos
2885 2920 3055 2989 quieti
3087 2919 3377 2989 pacatique

1806 3015 1986 3070 fuere.
2024 3012 2234 3069 Deinde
2275 3027 2409 3067 vero
2445 3027 2541 3082 per
2584 3011 2913 3066 seditionem
2948 3011 3091 3065 inter
3125 3027 3182 3066 se
3215 3013 3382 3066 dissi-

1806 3109 2024 3172 dentes,
2057 3107 2111 3160 in
2144 3106 2279 3160 duas
2307 3105 2610 3160 discessere
2644 3103 2910 3158 factiones
2937 3121 2950 3158 :
2980 3120 3212 3172 quarum
3243 3105 3380 3158 alte-

152 3199 255 3261 ἐνὸς
279 3201 572 3268 τμήματος
603 3197 956 3267 Ἀθανάριχος
989 3197 1198 3265 ἠγεῖτο,
1226 3196 1533 3266 Φιρτιγένει
1561 3195 1614 3247 δὲ
1643 3194 1701 3245 τὸ

1811 3199 1925 3253 rius
1950 3197 2357 3253 Athanarichus
2402 3196 2482 3265 t9)
2523 3196 2631 3250 dux
2669 3195 2793 3262 fuit,
2829 3195 3000 3249 altera
3039 3194 3166 3248 Frid
3194 3198 3379 3264 geritis

151 3291 264 3346 ἄλλο
323 3293 482 3362 μέρος
529 3291 878 3360 προσέκειτο.
913 3289 1026 3342 Καὶ
1059 3287 1126 3358 δὴ
1169 3287 1320 3358 μάχῃ
1360 3287 1494 3358 πρὸς
1540 3287 1704 3357 ἀλλή-

152 3385 262 3447 λους
331 3384 697 3455 συρραγέντες
758 3382 1008 3455 μεγάλῃ,
1067 3381 1390 3450 Φιρτιγένης
1452 3380 1705 3432 πλεῖστον

155 3478 470 3544 ἡττώμενος,
517 3475 575 3537 ἐς
620 3474 926 3545 Ῥωμαίους
961 3473 1182 3544 πέμψας
1229 3473 1377 3543 αὐτῷ
1405 3473 1456 3527 οἰ
1489 3473 1705 3543 βοηθεῖν

154 3568 330 3620 ἐδεῖτο.
374 3570 487 3622 Καὶ
517 3567 770 3638 βασιλεὺς
801 3568 1075 3639 ἐπέτρεπε
1112 3568 1421 3637 συμμαχεῖν
1452 3567 1575 3627 τοὺς
1622 3570 1707 3618 ἐν·

157 3661 271 3713 θὰδε
324 3660 664 3731 στρατιώτας
715 3661 923 3723 αὐτοῖς.
967 3659 1125 3713 Οὕτω
1175 3660 1233 3713 δὲ
1282 3660 1705 3730 συμμαχόμενος

152 3754 485 3824 ⁴ιιρτιγένης,
507 3754 634 3816 τοὺς
661 3754 806 3822 ἀμφὶ
827 3753 1179 3824 Ἀθανάριχον
1204 3754 1447 3823 φυγάδας
1475 3754 1705 3818 ἐδείκνυ,

155 3849 240 3900 καὶ
269 3848 337 3916 τῇ
378 3846 530 3917 μάχῃ
583 3847 828 3914 ἐκράτει.
859 3845 1072 3897 Ὠσανεὶ
1113 3846 1169 3898 δὲ
1211 3845 1374 3914 χάριν
1424 3846 1709 3908 ἀποδιδοὺς

156 3937 424 4002 υὺὰλεντι,
452 3939 550 3990 καὶ
575 3937 739 3990 παντὶ
763 3934 948 4005 τρόπῳ
978 3935 1264 3989 ἀνόθευτον
1288 3935 1347 3986 τὸ
1377 3935 1590 4002 πιστὸν,
1617 3937 1710 3988 καὶ

155 4026 208 4077 τὸ
236 4026 386 4094 φίλος
417 4025 560 4078 εἰναι
591 4025 682 4077 καὶ
711 4025 930 4078 ἔσεσθαι
961 4024 1220 4093 βεϐαιῶν,
1264 4029 1471 4091 ὲπὶσης.
1501 4025 1713 4093 βασιλεί

157 4116 238 4186 τῆς
269 4117 398 4188 περὶ
428 4117 488 4171 τὸ
536 4117 692 4170 Θεῖον
718 4117 875 4185 δόξης
920 4119 1197 4169 κοινωνεῖν
1239 4115 1415 4187 ἧθελε·
1444 4117 1539 4168 καλ⁵
1586 4119 1711 4180 τοὺς

160 4206 240 4258 ὑπ’
274 4209 435 4261 αὑτὸν
489 4208 802 4278 βαρϐάρους
837 4207 1054 4260 ἔπειθεν
1083 4200 1183 4259 ὧδε
1233 4211 1474 4276 φρονεῖν.
1506 4208 1615 4260 Καί
1660 4207 1711 4275 γ’

159 4299 306 4362 εὐθὺς
330 4301 566 4369 ἔπραττε
586 4301 644 4353 τὸ
668 4303 801 4372 πρὸς
827 4301 1044 4371 βουλῆς,
1069 4301 1164 4352 καὶ
1187 4305 1264 4363 εἰς
1290 4299 1712 4371 Χριστιανισμὲν

161 4391 247 4442 σὺν
274 4394 383 4452 τοῖς
417 4392 546 4462 περὶ
582 4385 746 4445 αὑτὸν
775 4389 1151 4461 στρατεύμασι
1195 4390 1576 4458 μετεϐάλλετο.
1607 4392 1716 4444 Καὶ

157 4477 292 4531 τοῦτ’
319 4478 472 4548 οἶμαι
511 4482 686 4535 αἴτιον
717 4477 988 4549 ’γενέσθαι
1035 4483 1134 4552 τὴν
1164 4483 1375 4556 ’4ρείου
1425 4483 1608 4536 πίστιν
1653 4486 1712 4536 τι

1735 4082 1792 4118 δ

1809 3285 2050 3361 auspicia
2094 3300 2282 3345 secuta
2313 3299 2418 3344 est.
2467 3288 2532 3343 Et
2578 3305 2756 3360 pugna
2803 3289 2945 3352 inter
2988 3306 3045 3342 se
3089 3287 3380 3342 commissa

1809 3385 1961 3449 acri,
2017 3381 2368 3453 Fridigernes
2423 3381 2640 3447 victus,
2699 3381 2996 3436 auxiliares
3041 3400 3071 3434 a
3122 3381 3384 3435 Romanis

1809 3477 1998 3547 copias
2045 3493 2143 3548 per
2183 3476 2514 3545 legationem
2556 3476 2737 3545 petiit.
2786 3475 3086 3544 Imperator
3118 3475 3381 3528 auxilium

1809 3570 2057 3646 ei‘ferre.
2090 3586 2212 3639 qua:
2247 3578 2359 3622 tum
2394 3567 2467 3622 ibi
2511 3579 2707 3631 erant,
2741 3561 2929 3638 copias
2954 3569 3139 3636 jussit.
3173 3567 3385 3632 Quibus

1811 3661 1993 3716 fretus
2021 3653 2372 3732 Fridigernes
2394 3700 2409 3725 ,
2442 3663 2634 3729 prmlio
2665 3675 2861 3714 rursus
2891 3675 3017 3713 cum
3054 3660 3385 3713 adversariis

1811 3753 2166 3808 Athanariehi
2201 3752 2368 3806 sociis
2403 3752 2722 3816 contendit,
2759 3767 2965 3822 eosque
2999 3752 3175 3805 victor
3202 3752 3387 3819 profli-

1811 3844 1979 3914 gavit.
2032 3843 2101 3899 Ut
2147 3855 2330 3898 autem
2378 3845 2426 3898 is
2467 3845 2698 3914 gratiam
2752 3843 2964 3899 Valenti
3017 3846 3282 3906 referret,
3329 3852 3387 3896 et.

1813 3936 2042 4005 pignore
2095 3936 2318 4006 aliquo,
2375 3951 2434 3989 se
2488 3935 2568 3988 illi
2630 3935 2811 3990 modis
2858 3931 3120 3989 omnibus
3167 3923 3395 3990 sincero

1813 4024 1984 4079 fidum
2028 4038 2083 4081 ct
2112 4032 2348 4082 amicum
2394 4027 2512 4080 fore
2552 4028 2930 4089 confirmaret,
2971 4028 3220 4080 eamdem
3255 4042 3380 4079 eum

1814 4119 2147 4190 imperatore
2179 4119 2245 4173 de
2281 4120 2390 4174 Deo
2421 4119 2739 4189 opinionem
2779 4119 3087 4188 suscipere,
3120 4129 3282 4186 atque
3327 4119 3382 4171 lu

1814 4213 2066 4266 eamdem
2107 4211 2474 4276 sententiam,
2517 4211 2611 4280 qui
2660 4211 2761 4265 sub
2803 4227 2868 4264 co
2897 4221 3083 4264 essent
3118 4209 3408 4283 Barbaros

1816 4303 2092 4357 adducere
2133 4304 2346 4358 statuit.
2381 4302 2438 4357 ιιι
2486 4302 2633 4372 quod
2683 4303 2905 4368 statim,
2951 4302 3113 4356 sicuti
3147 4305 3384 4366 volehal,

1817 4395 2079 4452 confecit.
2111 4396 2246 4449 Nam
2276 4411 2402 4448 cum
2433 4395 2680 4449 exercitu
2709 4411 2808 4448 suo
2844 4395 3101 4449 universo
3134 4395 3200 4449 ad
3231 4393 3418 4448 Chrio'

1817 4488 2166 4543 stianismutu
2225 4487 2443 4541 transit.
2489 4487 2668 4556 Atque
2719 4486 2862 4541 hanc
2916 4489 3113 4557 opinor
3163 4506 3386 4545 causam

162 4568 368 4640 σύμπαν
401 4573 552 4637 ἔθνος
584 4574 956 4637 ἀσπάσασθαι,
995 4573 1054 4625 τὸ
1081 4565 1276 4628 ‘usm
1326 4578 1385 4626 τ’)
1423 4575 1483 4638 ἐξ
1533 4575 1701 4644 ἀρχῆς

1816 4581 2020 4646 fuisse,
2065 4595 2166 4633 cur
2205 4594 2340 4649 gens
2379 4595 2443 4634 ea
2487 4579 2668 4634 omnis
2708 4579 2823 4633 Arii
2860 4580 3021 4634 fidem
3059 4584 3128 4636 sit
3158 4594 3346 4640 sei-uta
3387 4618 3425 4656 ,

96 4707 100 4710 .
161 4666 483 4737 πρεσϐεῦσαι
517 4666 802 4719 Οὐάλεντι.
829 4660 908 4718 06‘
937 4663 1093 4718 τοῦτο
1132 4665 1186 4716 δὲ
1230 4667 1414 4734 μόνον,
1455 4665 1588 4717 αλλὰ
1621 4665 1714 4718 καὶ

161 4758 416 4827 Ούλφίλας
446 4759 476 4810 ό
515 4757 648 4825 παρ’
681 4756 865 4818 αὐτοῖς
909 4751 1205 4825 ἱερωμένος
1247 4756 1313 4807 τὰ
1381 4757 1481 4824 μὲν
1522 4755 1715 4826 πρῶτα

163 4850 219 4917 τῇ
254 4847 480 4900 καθόλου
512 4845 809 4916 Ἐκκλησία
858 4845 1135 4898 κοινωνῶν
1182 4840 1270 4913 ἧν,
1309 4846 1477 4915 μηδέν
1511 4863 1563 4898 τι
1597 4847 1716 4899 δια-

163 4936 465 5002 φερόμενος·
502 4937 614 4996 τοῖς
644 4933 700 4985 δὲ
725 4936 852 5002 περὶ
888 4933 1137 4996 Εὑδόξιον
1169 4937 1263 4988 καὶ
1292 4935 1550 4989 ’Λκάκιον
1581 4955 1712 5004 συγ-

162 5027 458 5094 γενόμενος,
509 5028 602 5078 καὶ
655 5027 1076 5094 ἀπερισκέπτως
1118 5027 1216 5093 τῆς
1258 5031 1314 5082 ἐν
1367 5030 1716 5083 Κωνσταντι-

163 5116 394 5170 νουπόλει
458 5117 682 5170 συνόδου
741 5117 838 5169 ἐπὶ
895 5119 1277 5172 Κωνσταντίου
1335 5121 1710 5190 μετεσχηκὼς,

161 5204 378 5275 διέμεινε
430 5208 706 5262 κοινωνῶν
739 5210 851 5270 τοῖς
908 5208 1146 5277 ἱερεῦσιν
1177 5210 1225 5262 οῖ
1270 5210 1368 5279 τῆς
1417 5213 1474 5263 ἐν
1512 5213 1715 5281 Numici

164 5298 512 5366 ὑπερίσταντο
549 5300 808 5364 πίστεως·
832 5303 1022 5354 ἔπειτα
1053 5303 1110 5354 ἐν
1144 5304 1714 5359 Κωνσταντινουπόλει

161 5395 438 5460 γενομένῳ,
489 5396 598 5446 τῶν
654 5395 762 5446 ἀπὸ
799 5395 895 5464 τῆς
929 5394 1212 5467 ’Λρειανῆς
1267 5399 1534 5468 αἱρέσεως
1564 5403 1715 5472 «περὶ

227 5583 530 5657 (t)$_u1.om.
563 5590 657 5642 lib.
685 5605 758 5652 vi,
794 5606 910 5657 cap.
949 5591 1035 5644 '57.
1453 5628 1455 5630 -

226 5646 444 5718 (2,!Naiii
476 5646 882 5712 Atltanar.chus
906 5699 920 5719 .
963 5662 1077 5714 sive
1106 5661 1410 5721 Alarichus,
1458 5678 1549 5716 rex
1580 5661 1712 5716 Got-

167 5721 389 5788 thuruui,
453 5728 800 5783 Christianos
851 5746 901 5782 in
956 5744 1115 5797 gente
1175 5746 1270 5784 sua
1327 5733 1709 5786 crudelissime

164 5805 466 5866 persecutus
507 5801 700 5858 fuerat.
725 5811 778 5852 et
816 5802 1040 5853 sedibus
1069 5802 1180 5854 suis
1214 5803 1263 5854 in
1301 5803 1598 5855 Romanam
1627 5802 1708 5855 di-

162 5868 350 5917 tionem
380 5877 677 5939 expulerat.
733 5871 786 5923 Ρ.
812 5873 929 5924 ulus
978 5874 1268 5940 Uiacouus,
1293 5873 1447 5927 Oros.
1483 5871 1707 5927 Factum

1819 4672 2066 4728 eamdem
2107 4670 2175 4725 ab
2221 4670 2410 4737 initio,
2441 4687 2602 4740 quam
2639 4669 2868 4734 Valens,
2915 4674 3232 4740 opinionem
3267 4689 3392 4740 pro.

1822 4762 1986 4817 fessa.
2022 4761 2141 4816 Non
2180 4761 2320 4815 hanc
2353 4777 2485 4815 vero
2515 4761 2719 4827 solam;
2761 4762 2854 4816 sed
2893 4762 3142 4836 Ulphilas
3172 4781 3390 4832 «pioque

1822 4849 2077 4914 accessit,
2113 4849 2205 4919 qui
2243 4852 2388 4919 apud
2419 4867 2515 4905 eos
2554 4852 2930 4921 episcopatum
2961 4856 3147 4922 gessit.
3181 4855 3312 4908 Nn.”
3347 4873 3390 4908 is

1824 4945 2062 5012 primum
2103 4960 2226 4997 cum
2271 4943 2511 4997 Ecclesia
2541 4945 2834 5008 catholica,
2868 4945 3000 5004 nihil
3031 4946 3096 4996 ab
3129 4961 3190 4996 ea
3225 4944 3388 4995 dissi-

1823 5034 1980 5097 dens,
2009 5034 2462 5088 communicavit.
2500 5033 2567 5088 Et
2598 5050 2722 5087 cum
2755 5035 3045 5103 insynodo
3077 5036 3391 5088 Constanti—

1825 5127 2144 5194 ttopolitaua
2180 5127 2282 5180 sub
2316 5126 2669 5190 Constantio,
2707 5128 2986 5179 ttuliadum
3022 5137 3388 5186 conventione

1822 5220 2232 5284 intercedente,
2273 5235 2396 5273 cum
2432 5219 2679 5273 Eudoxio
2713 5233 2766 5272 et
2798 5204 3204 5280 Acacio'c’sset,
3243 5221 3390 5269 mhi-

1819 5310 2059 5364 loiuinus
2099 5311 2153 5364 in
2193 5311 2578 5364 communione
2618 5327 2743 5363 cum
2784 5310 3060 5377 episcopis
3113 5309 3386 5362 Numnam

1823 5403 1986 5457 fidem
2040 5406 2550 5473 propugimutibus,
2609 5404 2956 5471 permansit:
3015 5411 3207 5472 postea
3263 5418 3392 5456 viro

1818 5595 1921 5647 hoc
1958 5593 2333 5646 Vaientiniuuu
2360 5591 2423 5644 lil
2458 5603 2510 5641 et
2539 5591 2759 5645 Valente
2804 5591 2869 5645 Ill
2903 5591 3062 5648 coss:
3095 5592 3214 5658 Quo
3257 5603 3390 5645 tem-

1818 5680 1952 5733 pore
1983 5666 2147 5715 etiam
2201 5663 2469 5730 Hispania:
2518 5665 2842 5733 regnutnab
2892 5665 3387 5716 Atltanarichutni-

1819 5732 1952 5786 tium
1980 5734 2279 5799 sumpsisse
2328 5733 2519 5786 fcrlur.
2559 5732 2719 5785 Mich.
2749 5732 2948 5799 Itilius,
2979 5734 3074 5790 lib.
3107 5749 3125 5786 ι
3157 5734 3232 5788 De
3256 5734 3392 5804 regi-

1817 5807 1907 5860 bus
1929 5803 2154 5872 Uispuu.
