3918 6568
334 5748 351 5785 Ι

517 370 624 431 739
773 433 789 437 _
1731 355 2144 419 NlCEl‘ilUill
2194 351 2536 413 GALLISTI
3365 342 3375 347 ’
3623 350 3715 415 τω

512 456 987 549 Constantinoptli
1023 478 1304 542 versanti,
1346 490 1473 531 cum
1507 474 1692 531 Ariani
1725 476 1796 528 de
1829 474 2084 543 dogmate

2202 467 2283 519 τοῦ
2347 467 2617 534 δόγματος
2668 462 2996 529 διεξιόντων,
3050 461 3491 533 ὑπισχνουμένων
3546 480 3600 515 τε
3629 466 3714 532 τὴν

516 585 618 623 suo
660 570 1030 633 dissererent,
1075 565 1500 637 et‘legationem
1528 579 1588 619 se
1618 563 1667 618 ei
1699 578 1765 618 ex
1808 560 2081 618 sententia

470 732 477 742 .
516 662 660 730 apud
693 662 1078 731 imperatorem
1110 657 1459 714 confecturos
1492 672 1636 717 esse.
1668 654 1832 724 210
1860 653 1904 733 si
1938 652 2082 706 idem

516 766 644 806 cum
693 749 828 820 ipsis
874 751 1083 806 sentire
1123 749 1180 805 in
1224 749 1470 803 animum
1517 746 1826 811 induceret,
1859 743 2086 814 pollice-

519 854 734 905 rentur,
784 843 1019 898 utilitate
1064 858 1128 897 ea
1176 841 1430 907 illectus,
1479 849 1576 894 aut
1614 839 1778 894 etiam
1828 839 2084 902 fortasse,

518 934 668 1003 quod
710 934 908 989 melius
935 949 1057 990 esse
1081 974 1098 999 ,
1144 933 1190 987 si
1231 933 1305 987 ita
1336 931 1403 987 de
1435 930 1546 987 Deo
1576 932 1920 1001 opinaretur,
1952 945 2088 985 cen-

520 1034 688 1087 seret,
720 1038 842 1078 cum
876 1022 1098 1095 Arionis
1130 1020 1589 1084 communicavit,
1622 1027 1681 1073 et
1709 1014 1929 1088 gentem
1962 1016 2087 1070 uni—

521 1130 734 1168 versam
801 1115 870 1168 ab
929 1111 1162 1167 ecclesia
1218 1109 1521 1164 universali
1586 1108 1831 1163 abduxit.
1892 1106 2087 1162 Gottbi

472 1226 473 1229 η
522 1220 799 1276 namque,
833 1204 977 1274 quod
1012 1206 1130 1273 ipso
1169 1213 1396 1258 auctore
1432 1210 1595 1270 adque
1626 1200 1766 1255 duce
1799 1199 1865 1253 ad
1900 1199 2087 1252 verio-

524 1310 640 1349 rem
680 1295 934 1365 pietatem
970 1310 1030 1350 se
1082 1296 1476 1358 contulissent,
1522 1302 1578 1348 et
1610 1292 1775 1347 illius
1822 1290 2089 1346 beneficio

525 1384 856 1439 humaniore
890 1383 1373 1452 mansuetioreque
1406 1381 1628 1437 vivendi
1673 1380 1925 1436 instituto
1973 1390 2093 1434 nte-

526 1483 740 1538 rentur,
771 1474 928 1530 facile
954 1472 1247 1528 admodum
1269 1474 1319 1528 ei
1351 1473 1641 1543 parebant,
1675 1482 1728 1526 et
1758 1483 2093 1541 quocunque

526 1569 620 1624 ille
672 1568 939 1633 duceret,
992 1565 1407 1636 sequebantur:
1442 1565 1578 1619 nihil
1627 1564 1753 1618 mali
1803 1577 1968 1625 esse,
2022 1576 2092 1616 ex

524 1660 710 1715 animo
742 1674 1066 1730 persuasum
1095 1657 1380 1722 habentes,
1408 1656 1673 1726 quidquid
1704 1656 1796 1711 ille
1829 1654 1915 1709 vel
1943 1654 2096 1709 dice-

522 1761 629 1816 ret,
660 1754 749 1808 vel
780 1752 985 1808 faceret
1012 1769 1025 1806 :
1054 1751 1422 1820 omnibusque
1461 1749 1515 1805 id
1554 1750 1691 1828 adeo
1717 1746 1962 1803 aemulari
1994 1760 2092 1802 vo-

2187 557 2489 627 πρεσϐείαν
2520 553 2748 622 ἐπιτελῆ
2783 552 2852 606 τά
2898 553 2957 615 ἐς
2993 551 3222 622 βασιλέα
3270 551 3550 623 πράττειν,
3584 552 3629 604 εί
3663 556 3720 605 τὰ

2188 648 2280 703 (ea
2316 648 2469 718 σφίσι
2512 646 2765 714 δοξάζειν
2812 644 3010 710 ἕλοιτο,
3039 648 3106 716 τῇ
3157 645 3313 715 χρείᾳ
3348 642 3657 708 δελεασθεὶς,
3690 647 3717 713 ἢ

2186 743 2321 804 ἴσως
2370 742 2465 795 καὶ
2492 741 2716 810 ἄμεινον
2761 736 2902 792 εἶναι
2932 737 3078 792 τοῦτ’
3099 737 3304 807 οἰηθεὶς
3339 736 3576 802 δοξάζειν
3614 742 3725 806 περὶ

2187 834 2345 901 Θεοῦ,
2376 832 2655 889 ἐκοινώνει
2698 833 2813 895 τοῖς
2855 831 2985 901 περὶ
3014 830 3257 899 Ἀρειον,
3294 827 3390 882 καὶ
3425 829 3485 880 τὸ
3527 827 3722 898 σύμπαν

2189 924 2358 993 φῦλον
2386 925 2490 995 τῆς
2522 924 2756 979 καθόλου
2783 922 3115 993 Ἐκκλησίας
3161 920 3365 975 διίστα.
3406 919 3515 974 Kal
3544 921 3640 989 γὰρ
3674 923 3724 974 τὸ

2190 1017 2406 1071 Γὸτθων
2434 1017 2589 1085 γένος
2615 1016 2707 1069 ὑπ’
2733 1015 2931 1083 ἐκείνῳ
2958 1014 3299 1083 καθηγεμόνι
3322 1013 3457 1084 πρὸς
3474 1012 3570 1082 τὴν
3594 1014 3726 1066 εὐσέ-

2190 1109 2344 1163 ϐειαν
2403 1108 2827 1178 μεταϐαλόντες,
2881 1108 2975 1161 καὶ
3026 1106 3097 1159 δι’
3150 1107 3364 1159 ἐκείνου
3426 1106 3723 1176 ἡμερωτέρα

2192 1198 2446 1270 πολιτείᾳ
2472 1200 2833 1271 χρησάμενοι,
2869 1199 3069 1270 ῥαδίως
3100 1196 3247 1266 μάλα
3277 1197 3478 1265 ἐκείνῳ
3510 1183 3753 1250 ὲπείθονέ

2192 1309 2274 1359 το,
2326 1294 2423 1345 καὶ
2465 1286 2611 1365 ᾗπερ
2656 1292 2726 1345 ἂν
2774 1291 2920 1359 ἄγοι,
2958 1290 3199 1345 εἵποντο·
3237 1289 3407 1359 μηδέν
3455 1305 3508 1341 τι
3553 1288 3726 1354 φαῦλον

2195 1372 2338 1434 εῖναι
2370 1378 2685 1449 νομίζοντες
2715 1380 2780 1431 ὲκ
2806 1376 3011 1449 ψυχῆς.
3042 1378 3069 1430 δ
3107 1393 3163 1429 τι
3197 1377 3265 1431 ἂν
3299 1378 3509 1438 ἐκεῖνος
3536 1374 3724 1446 λέγοιῆ

2194 1470 2451 1540 πράττοι·
2484 1469 2763 1522 συντελεῖν
2791 1466 2836 1521 δ’
2871 1469 2928 1531 ἐς
2973 1467 3121 1521 ἅπαν
3153 1468 3428 1539 χρήσιμον
3471 1469 3582 1529 τοῖς
3616 1469 3731 1539 ᾑρη-

2198 1562 2384 1631 μένοις
2412 1557 2632 1627 ζηλοῦν.
2685 1559 2759 1613 Ού
2820 1558 2927 1630 μὴν
2977 1560 3036 1613 δὲ
3088 1559 3225 1613 ἀλλὰ
3252 1559 3350 1614 καὶ
3403 1559 3598 1628 πολλήν
3628 1577 3729 1613 τινα

2196 1653 2394 1722 πεῖραν
2422 1652 2525 1723 τῆς
2550 1652 2766 1706 ἐκείνου
2789 1651 3026 1706 δέδωκεν
3054 1651 3280 1727 ἀρετῆς,
3312 1649 3525 1713 πολλοῖς
3552 1654 3729 1722 ἐγκερ·

2194 1745 2436 1816 τερήσας
2488 1743 2756 1808 κινδύνοις
2819 1742 2959 1814 ὑπὲρ
2989 1742 3083 1796 τοῦ
3130 1743 3423 1814 δόγματος.
3456 1742 3634 1814 πρίτθῆ
3678 1745 3727 1797 τὸ

526 1844 799 1908 lentibus,
836 1844 891 1899 in
926 1846 1272 1900 commodum
1307 1858 1534 1914 prorsus
1568 1852 1735 1910 atque
1781 1839 2082 1895 utilitatem

2202 1834 2350 1897 ῖθνος
2382 1836 2474 1917 είς
2506 1834 2566 1889 τὸ
2598 1835 3008 1904 Χριστιανίζειν
3043 1835 3312 1917 μετέϐαλε
3358 1837 3623 1906 κατάκρας
3647 1837 3731 1906 τῆς

525 1951 811 1992 cessurum
842 1953 964 1992 esse
997 1938 1348 1993 arbitrantes.
1395 1935 1537 2002 Quin
1568 1935 1736 1990 etiam
1773 1934 1969 2005 ingens
1997 1931 2089 1988 ille

525 2044 774 2098 persaepe
818 2030 1040 2085 virtutis
1081 2045 1194 2085 sua:
1247 2028 1501 2085 ediderat
1548 2027 1851 2098 specimen,
1904 2024 2092 2080 multis

526 2119 744 2175 fortiter
766 2137 866 2191 pro
889 2121 1201 2176 Christiana
1223 2121 1473 2176 doctrina
1498 2121 1652 2191 prius
1671 2119 1919 2176 toleratis
1942 2118 2091 2188 peri-

526 2209 691 2273 culis,
723 2225 886 2279 quam
918 2226 1053 2280 gens
1089 2226 1152 2265 ea
1186 2212 1317 2280 quas
1346 2219 1460 2263 tota
1501 2224 1569 2264 ex
1596 2207 1781 2263 Graeca
1819 2206 2093 2279 supersti-

529 2303 682 2357 tione
713 2301 1023 2374 pendebat,
1060 2301 1126 2355 ad
1165 2300 1648 2357 Christianismum
1686 2308 1775 2356 est
1801 2314 2089 2355 conversa.

528 2395 749 2450 Primus
777 2395 940 2449 etiam
969 2395 1102 2465 ipsis
1129 2395 1341 2449 litteras
1371 2394 1603 2460 invenit,
1635 2402 1690 2449 et
1720 2407 1902 2448 sacras
1934 2390 2091 2448 Scri-

530 2495 728 2555 pturas
773 2488 856 2542 eis
906 2487 1197 2541 translatas
1243 2487 1551 2557 proposuit.
1591 2486 1771 2556 Atque
1815 2483 2091 2555 equidem,

528 2580 888 2649 quamobrem
930 2579 1152 2634 Barbari
1191 2579 1434 2648 plerique
1469 2593 1661 2634 omnes
1703 2578 1901 2632 lstrnm
1936 2591 2085 2632 acco-

532 2673 737 2736 lentes,
770 2672 887 2727 Arii
931 2655 1125 2743 dogma
1157 2681 1545 2742 sequerentur,
1578 2686 1742 2727 causa
1789 2680 1846 2725 et
1873 2672 2093 2726 occasio

532 2763 648 2818 haec
691 2762 814 2816 fuit.
857 2761 963 2817 Sed
996 2763 1143 2817 enim
1177 2763 1517 2832 temporibus
1554 2762 1636 2817 eis
1679 2763 1872 2832 ingens
1902 2763 2093 2819 multi-

532 2848 666 2904 tudo
713 2865 905 2905 eorum
951 2850 1045 2921 qui
1104 2850 1443 2921 Fridigernis
1494 2851 1664 2907 animi
1719 2852 2080 2920 inclinatione

531 2940 912 3009 sequebantur
964 2952 1185 3011 partes,
1244 2951 1469 3012 propter
1515 2942 1720 2998 Christi
1777 2958 1978 2999 nomen
2027 2947 2095 3001 ab

531 3031 905 3087 Athanaricho
939 3047 1078 3088 caesa
1127 3042 1230 3087 est.
1264 3032 1420 3101 Quod
1455 3049 1690 3103 namque
1734 3034 1983 3106 Ulpbilas
2015 3036 2098 3091 eis

530 3123 699 3177 etiam
748 3123 843 3193 qui
893 3123 973 3178 illi
1016 3124 1223 3179 subditi
1272 3133 1477 3189 erant,
1527 3125 1895 3181 Christianam
1935 3126 2096 3182 fidem

533 3214 818 3283 suscipere
870 3216 1259 3285 persuaderet,
1312 3216 1467 3272 valde
1517 3217 1570 3271 id
1619 3218 1848 3274 moleste
1896 3217 2097 3287 ferens,
2127 3203 2172 3263 α

536 3305 766 3374 perinde
798 3315 962 3374 atque
1006 3306 1168 3376 patrii
1216 3308 1356 3362 ritus
1394 3309 1768 3377 abolerentur,
1814 3309 2103 3381 suppliciis

537 3398 594 3450 in
624 3411 721 3451 eos
743 3396 1037 3465 plurimum
1062 3410 1146 3453 est
1169 3410 1466 3469 grassatus.
1495 3399 1561 3455 Et
1582 3400 1848 3471 quosdam
1875 3398 2100 3473 quidem

534 3496 855 3552 accusatos,
904 3487 1050 3557 quod
1102 3488 1322 3557 publice
1367 3487 1854 3544 Christianismum
1906 3493 2102 3560 dogma

535 3594 663 3634 cum
694 3593 888 3648 magna
913 3578 1163 3633 libertate
1193 3579 1574 3646 defenderent,
1609 3580 1753 3635 inter
1784 3596 1924 3651 quos
1957 3596 2103 3637 unus

534 3669 703 3725 etiam
724 3678 844 3725 erat
862 3669 1215 3725 admirandus
1237 3671 1330 3726 ille
1360 3671 1578 3726 Nicetas
1603 3690 1616 3726 :
1642 3672 1778 3727 alios
1808 3682 1991 3728 autem
2034 3688 2119 3749 ne,

539 3762 848 3832 appellatos
873 3762 1116 3832 quidem,
1149 3763 1375 3818 occidit.
1406 3764 1619 3820 Dicitur
1643 3767 1789 3821 enim
1824 3766 2102 3837 sculptum

537 3851 812 3920 quoddam
861 3851 1214 3909 simulacrum
1263 3853 1318 3907 in
1360 3869 1527 3908 curru
1575 3854 1899 3922 collocasse,
1944 3865 2111 3925 atque

541 3948 600 4002 id
645 3964 743 4019 per
778 3949 1128 4004 tabernacula
1178 3966 1367 4005 eorum
1418 3950 1508 4021 qui
1549 3951 1834 4007 Christum
1883 3952 2110 4022 proﬁte-

541 4048 754 4106 rentur,
790 4040 1011 4104 dncere,
1043 4042 1205 4112 eique
1234 4042 1393 4097 simul
1428 4051 1485 4098 et
1516 4043 1828 4099 sacriﬁcare
1850 4084 1865 4109 ,
1893 4053 1949 4099 et
1979 4045 2110 4098 ado-

542 4132 774 4186 rationis
800 4134 1164 4188 reverentiam
1193 4134 1459 4190 exhibere
1487 4152 1500 4188 :
1533 4135 1624 4205 qui
1669 4150 1802 4190 vero
1847 4135 1900 4189 id
1925 4135 2107 4191 facere

540 4225 889 4288 noluissent,
932 4239 1030 4279 eos
1075 4241 1181 4279 una
1212 4241 1335 4281 cum
1382 4225 1749 4281 tabernaculis
1777 4227 2108 4283 comburere

534 4317 790 4388 iussisse.
832 4318 945 4373 ltno
985 4316 1089 4373 hoc
1126 4319 1291 4373 etiam
1330 4318 1489 4390 longe
1520 4318 1677 4388 pejus
1707 4329 1762 4374 et
1801 4318 2108 4375 mirabilius

538 4411 694 4467 aliud
726 4412 926 4466 factum
976 4428 1097 4467 esse
1122 4412 1247 4483 legi.
1281 4412 1436 4467 Multi
1482 4410 1754 4482 siquidem
1794 4427 1989 4467 eorum
2028 4411 2108 4477 vi,

2206 1914 2528 1995 Ἑλληνικῆς
2558 1924 2870 1995 ἐξημμένον
2900 1914 3221 1996 θρησκείας.
3247 1924 3354 1978 Καὶ
3381 1926 3664 1995 γράμματα
3688 1926 3728 1979 δ’

2196 2016 2426 2087 ἐφεῦρεν
2446 2017 2632 2081 αὐτοῖς
2663 2015 2896 2086 πρῶτος,
2921 2017 3017 2069 καὶ
3044 2018 3141 2081 τὰς
3170 2017 3321 2077 θείας
3352 2018 3565 2087 Γραφὰς
3587 2034 3726 2085 μετα-

2198 2110 2413 2180 φράσας
2468 2109 2651 2172 αὐτοῖς
2707 2108 3107 2179 παραδέδωκεν.
3164 2110 3351 2163 Λῖτιον
3411 2110 3509 2178 μὲν
3550 2108 3634 2163 οὖν
3666 2111 3726 2172 ὡς

2198 2202 2401 2255 ἐπίπαν
2445 2204 2559 2266 τοῖς
2589 2188 2720 2272 περὶ
2746 2201 2835 2255 τδν
2867 2202 3077 2272 Ἴστρον
3115 2201 3419 2274 βαρϐάροις
3449 2206 3517 2257 τε
3546 2201 3729 2272 ’Λρείου

2198 2297 2440 2365 φρονεῖν,
2473 2296 2570 2350 καὶ
2620 2296 2894 2366 πρόφασις
2921 2295 3017 2365 ἥδε
3046 2296 3289 2363 ἐγένετοο
3318 2299 3525 2367 καιροῖς
3550 2297 3590 2349 δ’
3613 2298 3729 2348 ἐκεῖ.

2200 2402 2314 2446 νοις
2341 2386 2433 2440 ὑπ’
2460 2385 2820 2458 ’Δθαναρίχου
2867 2386 3002 2440 πολύ
3035 2403 3089 2440 τι
3136 2387 3346 2457 πλῆθος
3395 2386 3483 2440 διὰ
3530 2387 3730 2458 Χριστὸν

2200 2479 2478 2553 ἀνῃρεῖτο,
2510 2479 2817 2549 Φιρτιγένει
2866 2478 3286 2550 προσκείμενον.
3321 2480 3434 2533 Kal
3475 2478 3576 2547 γὰρ
3618 2475 3728 2529 0'3}.-

2203 2573 2335 2644 φίλα
2362 2573 2662 2641 πείθοντος,
2695 2576 2790 2629 καὶ
2817 2575 2945 2639 τοὺς
2975 2574 3065 2628 ὑπ’
3093 2574 3304 2628 ἐκεῖνον
3330 2573 3400 2625 τὰ
3427 2569 3729 2640 Χριστιανῶν

2202 2666 2566 2732 ἀσπάζεσθαι,
2596 2668 2943 2740 χαλεπαίνων
2972 2667 3203 2738 σφόδρα,
3224 2667 3324 2719 ἆτε
3353 2665 3487 2735 δῆτα
3516 2663 3615 2717 τῶν
3642 2679 3730 2714 πα-

2201 2761 2367 2832 τρίων
2404 2760 2824 2831 ἀφανιζομένων
2872 2740 3032 2826 ἐθῶν,
3086 2762 3359 2828 τιμωρεῖν
3400 2761 3475 2820 ’ἐς
3518 2756 3731 2809 πλεῖστον

2201 2851 2461 2905 ἐπέϐαλε·
2496 2853 2610 2914 τοῖς
2663 2849 2766 2921 μὲν
2798 2849 3033 2920 εὐθύνην
3076 2849 3393 2919 προσάψας,
3431 2838 3504 2911 ὡς
3533 2834 3732 2917 δημοσίᾷ

2203 2943 2771 3014 παρρησιασαμένους
2814 2942 3023 2996 ἀνεῖλεν
3059 2942 3199 3011 ὑπὲρ
3244 2940 3341 2993 τοῦ
3373 2940 3644 3009 δόγματος
3670 2936 3730 2991 ὧν

2204 3031 2285 3098 εἷς
2310 3036 2402 3089 καὶ
2432 3035 2460 3088 ὁ
2492 3035 2813 3105 θαυμαστὸς
2851 3036 2897 3089 Ν
2905 3036 3094 3107 ικήτας
3134 3034 3458 3104 ἐτύγχανεν
3486 3033 3661 3096 ἄλλους
3686 3032 3732 3085 δι

2206 3129 2302 3180 καὶ
2330 3125 2504 3196 λόγων
2550 3129 2678 3181 ἄνευ
2725 3122 3018 3198 διέφθειρε.
3052 3127 3159 3180 Kal
3186 3128 3299 3197 γὰρ
3345 3128 3555 3195 λέγεται
3572 3124 3733 3192 ’ξόανόν

2203 3236 2255 3273 τι
2285 3221 2856 3289 κατασκευασάμενον,
2892 3219 2979 3288 ἐφ’
3019 3220 3362 3291 ἁρμαμάξης
3408 3221 3625 3289 στῆσαι·
3654 3219 3729 3272 καὶ

2203 3308 2351 3364 τοῦτ’
2378 3309 2599 3364 ἐκέλευε
2632 3311 2774 3365 κατὰ
2805 3314 3009 3381 σκηνὴν
3042 3312 3335 3383 περιάγειν
3359 3312 3470 3365 ’τῶν
3498 3308 3731 3381 ἠγγελμέ-

2205 3421 2311 3458 νων
2332 3402 2762 3475 Χριστιανίζειν,
2790 3406 2883 3458 καὶ
2912 3402 3086 3474 τούτῳ
3120 3404 3353 3471 πείθειν,
3386 3404 3532 3459 θύειν
3562 3421 3614 3457 τε
3638 3404 3730 3469 ἅμα

2207 3496 2300 3549 καὶ
2327 3499 2655 3565 προσκυνεῖν
2673 3510 2688 3526 ·
2718 3496 2773 3549 οἳ
2819 3495 2877 3549 δὲ
2911 3495 2987 3566 μὴ
3013 3494 3160 3550 τοῦθ’
3188 3495 3435 3568 αἱροῖντο
3458 3496 3636 3559 ποιεῖν,
3657 3491 3734 3562 ἅμ’

2206 3588 2400 3650 αὑταῖς
2447 3588 2847 3657 καταπιμπρᾷν
2887 3589 3005 3649 ταῖς
3061 3588 3311 3655 σκηναῖς·
3342 3588 3434 3639 καὶ
3464 3585 3585 3639 ἄλλο
3617 3584 3666 3636 δέ
3692 3600 3735 3634 τι

2204 3682 2397 3733 τούτου
2439 3678 2621 3749 πολλῷ
2678 3681 2861 3750 χεῖρον
2917 3682 3013 3733 καὶ
3071 3680 3538 3750 περιπαθέστερον
3590 3677 3733 3746 ἔγνων

2206 3769 2523 3840 γενόμενον.
2558 3770 2752 3823 Πολλοὶ
2795 3768 2902 3841 γὰρ
2929 3772 2995 3840 τῇ
3045 3769 3138 3841 βίᾳ
3180 3770 3292 3823 τῶν
3334 3769 3483 3823 θύειν
3515 3782 3735 3821 κατεπει-

2207 3859 2411 3927 γόντων
2442 3860 2878 3931 ἠναγκασμένοι,
2909 3860 3009 3913 οὐκ
3041 3861 3232 3931 ἄνδρες
3277 3862 3464 3932 μόνον,
3497 3858 3622 3914 ἀλλὰ
3659 3858 3735 3911 καὶ

2206 3952 2492 4018 γυναῖκες,
2525 3944 2600 4004 ὦν
2627 3952 2679 4002 αἱ
2711 3949 2813 4019 μὲν
2841 3951 2965 4019 ἄρτι
2998 3950 3333 4021 γεννηθέντα
3362 3950 3534 4022 βρέφη
3564 3950 3735 4019 ἐπιμα-

2210 4042 2387 4095 στίδια
2421 4042 2774 4114 περιέφερον,
2807 4043 2865 4096 αἱ
2892 4042 2949 4095 δὲ
2976 4043 3145 4114 νήπια
3172 4044 3268 4096 καὶ
3301 4043 3554 4113 παιδάρια
3577 4041 3739 4111 μικρὸν

2209 4132 2533 4204 βηματίζειν
2559 4131 2963 4202 δυνάμενα,ὲτιὶ
2992 4132 3092 4204 τὴν
3114 4134 3324 4205 σκηνὴν
3350 4134 3453 4203 τῆς
3478 4132 3735 4200 ἐκκλησίας

2207 4216 2534 4295 κατέφυγον.
2594 4224 2714 4278 Τῶν
2773 4224 2819 4277 δ’
2874 4224 3234 4295 Ἑλληνιστῶν
3294 4227 3408 4297 τῶρ
3460 4227 3735 4296 ὲπαφέντων

2208 4317 2462 4384 ἐκείνοις,
2494 4317 2574 4379 εἰς
2620 4317 2829 4388 τέφραν
2855 4315 3193 4389 διέφθειραν.
3224 4319 3443 4390 Μικρὸν
3477 4318 3523 4372 δ’
3542 4321 3652 4372 ὅσον
3675 4319 3737 4376 είς

2209 4392 2465 4480 ὁμόνοιαν
2499 4408 2567 4461 τὰ
2615 4409 2741 4478 διχῆ
2790 4408 3131 4479 διαιρεθέντα
3177 4410 3286 4465 τῶν
3340 4411 3548 4465 mam
3583 4404 3734 4479 ἦλθον.

537 4502 640 4569 qui
693 4501 814 4566 eis,
881 4511 938 4556 ut
993 4503 1407 4568 sacriﬁcarent,
1456 4503 1760 4560 crudeliter
1809 4503 2098 4569 instabant,

2214 4502 2418 4573 Θράσει
2446 4500 2503 4554 δὲ
2533 4499 2712 4571 πολλῷ
2741 4500 2835 4554 καὶ
2859 4501 3083 4573 ἀμέτρῳ
3113 4503 3413 4574 ἐπηρμένοι
3436 4507 3498 4575 τῇ
3523 4501 3737 4571 ἀπονοίᾳ,

541 4592 743 4659 Coacti,
787 4607 896 4645 non
943 4593 1047 4647 viri
1093 4594 1278 4661 modo,
1323 4595 1418 4649 sed
1461 4604 1520 4649 et
1565 4595 1847 4657 mulieres.
1877 4609 2110 4665 quarum

537 4683 668 4741 alia:
715 4700 908 4739 recens
955 4695 1112 4740 natos
1160 4685 1304 4740 fetus
1349 4687 1417 4741 ιιι)
1443 4687 1703 4741 uberibus
1730 4684 2109 4755 dependentes

535 4774 1035 4840 circumferebant,
1072 4779 1193 4833 alia:
1248 4779 1482 4833 infantes
1526 4788 1584 4832 et
1626 4792 1827 4847 pueros
1872 4778 1963 4846 qui
2008 4778 2111 4832 ali-

542 4859 874 4936 qhanlulutn
900 4870 1106 4937 gradiri
1139 4878 1196 4924 et
1227 4869 1394 4924 veluti
1428 4869 1660 4937 pedibus
1693 4878 1895 4921 terram
1931 4869 2111 4923 metiri

541 4973 788 5030 possent,
826 4961 1136 5026 trahebant,
1164 4961 1220 5015 in
1254 4961 1503 5016 ecclesia:
1536 4961 1947 5016 tabernaculum
1977 4977 2112 5016 con-

542 5052 818 5119 fugerunt.
847 5051 1006 5122 211
1042 5052 1148 5107 Eos
1175 5068 1304 5107 vero
1329 5051 1499 5107 Crwci
1532 5052 1835 5107 idololatra:
1866 5053 1941 5107 ibi
1976 5065 2112 5109 tem-

542 5142 634 5211 plo
670 5143 892 5197 lliCt‘llSO
934 5143 990 5197 in
1038 5144 1279 5198 cinerem
1326 5141 1676 5212 redegerunt.
1724 5143 1841 5198 Non
1880 5144 2107 5199 multum

542 5232 860 5288 intercessit
916 5235 1223 5304 temporis,
1279 5251 1404 5289 cum
1464 5234 1797 5290 dissidentes
1855 5236 1998 5290 inter
2053 5252 2111 5291 se

512 5327 876 5431 ⁴(ἷοιιιιυι-ιιιιι
914 5330 1232 5396 factiones,
1287 5331 1341 5385 in
1390 5331 1621 5398 gratiam
1661 5342 1719 5386 et
1757 5332 2107 5386 concordiam

544 5420 756 5473 rediere
783 5437 797 5474 :
824 5432 989 5489 atque
1017 5422 1222 5490 ingenti
1258 5421 1586 5476 conﬁdentia
1618 5434 1672 5476 et
1700 5422 1970 5476 immensa
2013 5422 2110 5476 de-

544 5511 749 5563 n‘etuia
780 5512 1005 5574 sublati,
1040 5513 1282 5569 Thraces
1315 5515 1450 5568 male
1478 5523 1811 5583 acceperunt
1837 5530 1850 5568 :
1881 5513 2111 5583 oppida-

538 5614 653 5668 que
684 5612 737 5654 et
776 5603 929 5657 vit-os
955 5617 1361 5673 percurrentes,
1389 5604 1775 5660 crudelissime
1802 5612 2108 5657 vastarunt.

537 5691 693 5758 Quod
724 5692 814 5748 ubi
840 5695 1037 5751 Valens
1065 5697 1370 5752 Antiochia:
1396 5696 1578 5752 adhuc
1605 5695 1810 5765 degens
1834 5695 2109 5764 cognovit,

546 5798 659 5839 tum
691 5785 912 5841 domum
962 5789 1301 5861 experientia
1355 5790 1616 5857 magistra
1650 5788 1730 5861 (l)
1768 5787 1973 5841 erroris
2019 5787 2108 5841 sui

682 5897 758 5971 (ί)
786 5900 984 5956 Stultm
1002 5914 1089 5955 um
1124 5899 1403 5968 magister,
1446 5906 1693 5955 eventus.
1737 5896 1904 5967 (ων.)

2212 4592 2435 4663 Θρᾷκας
2463 4588 2650 4649 κακῶς
2677 4590 2921 4642 ἐποίουνο
2948 4592 3045 4644 καὶ
3076 4590 3260 4655 πόλεις
3288 4592 3385 4646 καὶ
3418 4592 3599 4663 κώμας
3632 4590 3739 4643 ταύ-

2212 4701 2313 4753 της
2348 4672 2588 4753 ἐπῄεσαν
2638 4681 2890 4754 δῃοῦντες
2940 4684 2994 4743 ἐς
3042 4681 3301 4753 μάλισταο
3332 4685 3362 4739 δ
3404 4685 3532 4754 δῆτα
3581 4680 3738 4754 μαθὼν

2214 4776 2429 4843 Οὐάλης
2460 4774 2541 4826 ἐτι
2570 4773 2861 4843 διατρίϐων
2900 4774 3043 4829 κατὰ
3076 4774 3175 4845 τὴν
3203 4776 3550 4849 Ἀντιόχειαν,
3576 4776 3630 4828 τὸ
3655 4792 3737 4827 κα·

2216 4869 2314 4919 κδν
2350 4869 2416 4937 τῇ
2467 4865 2630 4936 πείρα
2664 4864 2935 4939 ἐμάνθανε
2967 4867 3065 4936 τῆς
3095 4867 3451 4940 διαμαρτίας.
3481 4871 3625 4941 "gero
3650 4866 3736 4933 γὰρ

2213 4959 2682 5035 αὐτῷνχρήσιμον
2733 4957 2827 5010 καὶ
2876 4961 2941 5029 τῇ
2992 4960 3273 5032 ἀρχομένη
3322 4956 3461 5016 εἶναι
3508 4960 3564 5012 τὸ
3594 4957 3734 5012 ἔθνοςσ

2186 5052 2616 5118 ,καταπλήττειν
2663 5050 2721 5102 δὲ
2752 5049 2848 5102 καὶ
2893 5050 3024 5112 τοὺς
3074 5052 3357 5115 ἐναντίους
3398 5046 3734 5113 ἐντιῦθεν,ὦς

2213 5140 2301 5192 ἀεὶ
2347 5139 2481 5212 πρὸς
2522 5137 2665 5191 ὅπλα
2698 5138 2796 5191 καὶ
2849 5138 3034 5209 μάχας
3087 5141 3507 5211 ἐσκευασμένον.
3538 5138 3675 5194 Οὕτω
3698 5132 3733 5186 δ’

2214 5236 2531 5304 ἐπισφαλῶς
2586 5234 2847 5301 δοξάζων,
2904 5235 3015 5289 τῶν
3070 5238 3290 5290 οἰκείων
3351 5234 3734 5308 στρατευμάτων

2211 5328 2426 5398 ὴμέλει’
2462 5327 2558 5380 καὶ
2590 5327 2710 5380 ἀντὶ
2746 5325 2842 5379 τοῦ
2878 5326 3077 5381 διδόναι
3115 5328 3318 5397 μᾶλλον
3359 5329 3532 5390 αὐτοῖς
3565 5325 3644 5380 καὶ
3671 5324 3733 5383 εἰς

2215 5420 2507 5490 στρατείαν
2564 5417 2936 5486 ἐπιλέγεσθαι,
2989 5421 3055 5471 ἐκ
3092 5419 3296 5473 τούτων
3351 5420 3574 5488 μάλιστα
3615 5416 3732 5468 slsi-

2215 5528 2421 5581 πραττε
2453 5511 2512 5563 τὸ
2541 5514 2786 5579 χρυσῖτν,
2810 5511 3143 5578 ὀγδοήκοντα
3173 5514 3457 5581 χρυσίνους
3484 5510 3611 5579 ὑπὲρ
3630 5507 3714 5560 ἑκά

2216 5620 2341 5656 στου
2370 5603 2408 5655 Γ
2411 5601 2568 5655 ότθου
2590 5601 2716 5664 τοὺς
2741 5603 3095 5664 συγτελεστὰς
3123 5604 3472 5656 ἀπαιτεῖσθαι
3492 5599 3733 5657 κελεύσας

2214 5692 2242 5745 ὃ
2270 5692 2336 5762 δὴ
2381 5691 2476 5744 καὶ
2522 5690 2667 5758 ἀρχὴ
2718 5690 2906 5756 γέγονε
2939 5689 3034 5742 τοῦ
3075 5693 3375 5760 τηνικαῦτα
3410 5694 3540 5761 πρὸς
3575 5685 3733 5754 καιρὸν

2214 5784 2548 5853 δυστυχῆσαι
2600 5782 2695 5855 τὴν
2734 5783 3022 5852 Ῥωμαίων
3061 5782 3256 5853 ἀρχὴν.
3303 5783 3531 5853 [Ιάμπαν
3567 5779 3613 5830 δὲ
3655 5777 3727 5842 τ’,ῖ
