3918 6550
229 313 319 348 τις

271 313 326 373 ιῦ
409 366 430 386 ,
1128 312 1724 378 ΕιΣΩΙΕΞῘᾹΞΤῘΟΑζ
1767 313 2160 378 IllSTORI/E
2202 316 2347 375 ΜΒ.
2391 314 2499 374 XI.

3325 310 3428 376 7-16

218 425 317 478 λων
345 422 650 491 ἀπήλασας.
668 422 890 485 Ἀπόδος
913 423 1090 476 τοίνυν
1122 428 1232 487 τοῖς
1262 425 1435 494 ὀρθῶς
1465 425 1757 490 δοξάζουσι

1881 426 2030 481 illum
2059 427 2163 481 rite
2185 425 2438 480 laudibus
2480 424 2705 487 vehunt,
2747 439 2810 477 ex
2873 423 3045 479 sacris
3071 423 3279 480 (edibus
3331 439 3447 493 eje-

217 516 299 568 καὶ
334 512 394 564 τὸ
421 512 719 584 ἀκραιςνὲς
751 513 850 581 τῆς
903 515 962 565 ὲν
993 515 1196 585 Νικαίᾳ
1237 517 1468 576 πίστεως
1504 517 1594 568 τὸν
1651 516 1777 584 ὅρον

217 605 552 674 φυλάττουσι.
589 604 684 666 τὰς
731 603 1121 674 ἀφαιρεθείσας
1156 605 1472 674 ἐκκλησίας,
1509 607 1604 657 καὶ
1641 609 1778 656 ἁπο-

217 699 326 766 νητὶ
356 696 595 762 νικήσεις
619 697 714 764 τὴν
743 696 942 764 μάχην.
966 697 1024 746 Et
1053 695 1158 766 γὰρ
1195 697 1378 766 παύσῃ
1414 697 1477 748 σὺ
1503 695 1777 764 πολεμῶν,

219 788 470 840 παύσεται
500 785 700 855 δηλαδὴ
727 789 860 839 mlo
891 787 996 839 ὑπὸ
1029 786 1123 839 σοῦ
1156 788 1587 856 πολεμούμενος.
1622 787 1684 841 Εἰ
1716 787 1777 840 δὲ

219 882 428 949 θέμενος
480 881 540 930 ἐν
581 878 816 948 δευτέρῳ
877 878 940 930 τὰ
991 879 1254 948 εἰρημένα
1296 881 1427 946 πρὶς
1471 879 1775 948 παράταξιν

219 977 386 1047 ἔλθῃς,
417 972 556 1039 αὕτη
591 988 648 1023 σε
681 971 842 1038 πείρα
871 970 1090 1036 δ.δάξει,
1125 971 1232 1041 ὅσῳ
1263 970 1326 1040 δὴ
1358 971 1590 1042 σκληρὸν
1619 975 1676 1023 τᾶ
1715 989 1773 1024 τε

223 1067 339 1134 πρὸς
372 1064 572 1132 κέντρα
605 1062 899 1124 λακτίζειν,
943 1066 1037 1114 καὶ
1085 1063 1143 1115 τι
1189 1065 1268 1123 εἰς
1308 1065 1396 1116 τὸν
1433 1064 1661 1132 οὐρανὸν
1694 1083 1774 1116 τι⁴

220 1161 353 1212 θέναι
376 1157 622 1224 γλῶτταν
651 1157 949 1208 ἀκόλαστον
972 1173 981 1184 ·
1011 1153 1132 1206 οὔτε
1153 1156 1257 1226 γὰρ
1278 1157 1435 1218 adeo;
1460 1156 1772 1226 ἐπανήξοις,

215 1253 297 1303 καὶ
324 1251 441 1301 ὅσον
472 1247 538 1314 δὴ
569 1245 748 1316 ἐπάγῃ
773 1245 868 1314 τῆς
899 1245 1179 1313 στρατιᾶς,
1205 1247 1514 1308 ἀπολέσεις.
1547 1265 1566 1298 ι
1607 1246 1772 1316 Ὀργῇ

215 1343 252 1397 δ’
283 1343 495 1412 ἀμέτρῳ
529 1343 878 1412 χρησάμενος
935 1343 961 1393 ὀ
989 1341 1226 1412 κρατῶν,
1261 1360 1278 1392 ι
1328 1340 1461 1394 Ἀλλ’
1484 1342 1738 1411 ἐπανήξω
1760 1383 1773 1402 ,

215 1436 328 1502 ἔφη.
351 1439 444 1485 σὺν
469 1433 651 1500 πολλῴ
671 1434 747 1502 τῷ
770 1432 1036 1502 τροπαίῳ,
1061 1435 1156 1485 καί
1180 1432 1278 1501 τὴν
1307 1431 1464 1498 ἀξίαν
1487 1433 1643 1502 δίκην
1672 1435 1775 1502 τῆς

212 1528 296 1596 σῆς
354 1524 718 1592 είσπράξομαι
751 1523 1320 1594 τόλμης,ζάπελ.ἐγχιι›ν
1349 1541 1442 1576 σου
1476 1524 1572 1594 τὴν
1604 1523 1772 1592 ψευδῆ

213 1615 550 1684 προσητείαν.
589 1634 607 1666 t
660 1615 766 1668 Καὶ
823 1615 1024 1669 αὐτίκα
1055 1614 1428 1684 συλληφθῆναι
1473 1615 1563 1667 τὸν
1605 1615 1772 1686 ἄνδρα

213 1710 542 1776 προσέταττε,

212 1799 491 1870 στρέψειεν.
527 1801 589 1852 Ὀ
618 1799 664 1852 δ’
694 1798 870 1854 ἀπιὼν
901 1802 1049 1866 ἐὸόα,
1075 1820 1092 1851 ι
1122 1803 1364 1867 Κτεῖνον,
1408 1803 1455 1853 εί
1487 1802 1764 1872 φωραθείη

209 1893 304 1944 τῶν
341 1893 510 1960 λόγων
559 1895 620 1945 τὸ
671 1893 881 1962 ψεῦδος.
927 1913 944 1945 ι
977 1895 1038 1946 Ei
1069 1895 1112 1945 δ’
1150 1897 1228 1957 είς
1262 1896 1422 1964 ἔργον
1474 1897 1657 1965 ἀπέϐη
1689 1895 1768 1965 τῷ

207 1986 324 2051 ὁσίῳ
350 1987 414 2034 τὰ
447 1985 706 2053 ῥήματα,
735 1981 968 2052 δηλώσει
1000 1987 1066 2038 τά
1094 1985 1412 2054 πράγματα.
1468 1985 1525 2038 Ἐ
1539 1988 1622 2037 ne".
1657 1989 1768 2055 γὲςρ

210 2075 407 2144 σύναμα
431 2076 508 2144 τῷ
539 2077 755 2146 στρατῴ
783 2077 952 2148 ἐξῄει,
985 2079 1035 2130 οἱ
1069 2079 1168 2148 μὲν
1219 2077 1487 2149 βάρϐαροι
1533 2080 1768 2148 τραπέν-

169 2182 287 2227 ﬁs;
315 2167 662 2234 ὑπεχώρουν·
695 2169 722 2219 ὀ
756 2169 800 2222 δ’
833 2169 1162 2234 ἐπιδιώκων,
1200 2168 1298 2238 τὴν
1333 2171 1556 2242 Θρᾴκην
1593 2188 1769 2238 παρα-

215 2258 415 2327 μείψας,
463 2262 564 2330 τὴν
639 2259 918 2328 Ἀδριανοῦ
971 2261 1476 2331 κατελάμϐανεν,ἣ
1525 2263 1582 2312 ἐν
1650 2263 1764 2324 τοῖς

209 2352 356 2420 ὁρίοις
384 2353 720 2416 Μακεδονίας
755 2354 919 2406 ἐστίν.
957 2355 1031 2407 Οὐ
1061 2354 1199 2406 πάνυ
1225 2354 1280 2407 δὲ
1317 2356 1505 2426 πόρρω
1541 2355 1767 2424 γενόίιε-
1793 2425 1798 2429 _

208 2461 302 2504 νος,
328 2448 432 2505 τοῖς
459 2445 755 2515 βαρϐάροις
788 2451 846 2500 ἐν
878 2446 954 2516 τῷ
978 2447 1208 2513 ἀσφαλεῖ
1240 2447 1601 2506 καθεστῶσιν,
1639 2450 1764 2514 ἐξα-

209 2539 350 2606 πίνης
390 2538 710 2605 συμὸάλλει,
740 2538 814 2608 μὴ
849 2538 1289 2608 προδιαθέμενος.
1324 2539 1448 2610 μηδ’
1483 2540 1632 2601 ὅπως
1659 2541 1764 2610 χρὴ

209 2629 448 2692 συντάξας
484 2629 584 2698 τὴν
615 2631 892 2700 στρατιάν.
924 2629 1014 2698 Τῷ
1044 2629 1087 2682 δ’
1119 2629 1300 2700 ἁθρόῳ
1327 2633 1434 2682 τῶν
1466 2631 1764 2700 βαρϐάρων

207 2719 290 2787 τῆς
339 2720 642 2789 προσϐολῆς
713 2725 810 2790 τῆς
866 2721 1031 2774 ἵππου
1097 2721 1528 2790 διασπασθείσης
1582 2723 1756 2792 αὐτῷ,

209 2817 286 2868 ναὶ
355 2815 444 2868 τοῦ
552 2815 836 2869 ὁπλιτικοῦ
943 2817 1248 2886 τραπέντος
1350 2817 1760 2886 συντάγματος,

206 2907 346 2968 ἄλλος
401 2907 637 2978 ἀλλαχοῦ
717 2909 986 2977 ἔφευγον·
1042 2909 1092 2962 οί
1164 2909 1208 2962 δ’
1264 2909 1529 2971 ἐπιόντες.
1596 2908 1764 2970 ἀδεῶς

207 3000 445 3054 ἔκτεινον.
490 3001 548 3053 '0
581 3001 637 3053 δὲ
675 3000 928 3067 βασιλεὺς
965 3001 1059 3052 καὶ⁹
1092 3001 1250 3063 αὐτὸς
1288 3001 1593 3070 ἀνακράτος
1632 2999 1760 3066 caed-

579 1709 669 1760 καὶ
707 1709 810 1760 ὑπὸ
839 1708 1082 1778 φρουρὰν
1119 1709 1370 1774 γενέσθαι
1403 1707 1504 1771 ἕως
1527 1701 1590 1762 οὗ
1632 1709 1762 1760 ὑπο·
1801 1731 1837 1782 Β

1878 516 2233 571 cisti.lieddc
2267 517 2432 585 igitur
2487 523 2634 569 recte
2687 515 3075 578 sentientibus,
3122 525 3176 570 cl.
3236 515 3449 571 sincere

1880 609 2007 662 fidei
2034 609 2263 669 Nicaeum
2287 609 2566 662 decretum
2615 606 2984 672 servantibus,
3004 622 3143 676 quas
3194 605 3446 662 ademisti

1840 761 1844 768 ί
1877 701 2167 754 ecclesias:
2199 711 2253 756 et
2288 700 2474 753 labore
2508 699 2657 752 nullo
2710 700 2888 753 victor
2920 699 2974 752 in
3036 699 3181 754 bello
3222 700 3444 756 evades.

1879 793 1933 848 Si
1968 794 2112 846 enim
2145 801 2198 846 ιιι
2231 792 2508 847 adversari
2542 792 2618 846 illi
2649 791 2884 848 desieris
2903 801 2956 846 et
2989 793 3286 862 quieveris,
3321 793 3447 862 qui-

1878 895 2027 940 escet
2059 885 2270 940 scilicet
2305 896 2360 940 et
2387 885 2476 939 ille
2501 901 2662 954 quem
2696 892 2752 938 tu
2783 898 3088 953 oppugnas.
3119 884 3214 938 Sin
3251 883 3440 939 verbis

1884 979 2034 1031 hisce
2069 979 2420 1046 contemptis.
2452 979 2503 1030 in
2525 977 2694 1030 aciem
2733 975 3076 1045 perveneris.
3109 990 3168 1029 re
3205 975 3318 1045 ipsa
3355 989 3449 1029 ex-

1878 1070 2114 1140 periere,
2160 1085 2322 1138 quam
2371 1070 2574 1122 durum
2606 1069 2676 1122 sit
2699 1076 2893 1122 contra
2938 1066 3223 1122 stimulum
3282 1065 3448 1121 calci-

1879 1174 2046 1223 trare,
2080 1168 2133 1213 ct
2194 1161 2246 1214 in
2280 1161 2476 1214 cwlum
2536 1160 2892 1230 impotentem
2941 1158 3176 1229 linguam
3232 1157 3446 1212 tollere.

1876 1253 2064 1324 Neque
2109 1253 2255 1308 enim
2307 1254 2420 1321 ipse
2483 1252 2716 1308 redibis:
2773 1263 2828 1305 et
2853 1267 2988 1319 quas
3020 1259 3200 1306 tecum
3267 1249 3448 1312 ducis,

1877 1349 2062 1417 copias
2115 1348 2328 1417 perdes.
2360 1365 2379 1398 ι
2435 1346 2737 1415 Imperator
2794 1355 2980 1400 antem
3034 1342 3449 1398 vehementiore

1879 1445 1959 1494 ira
1989 1447 2326 1494 commotus:
2365 1438 2508 1507 «Ego
2535 1453 2682 1500 vero,
2719 1437 2915 1506 inquit.
2950 1437 3139 1491 redi-bo
3165 1451 3288 1490 cum
3310 1451 3452 1506 pra:-

1878 1530 2572 1602 clarotropaao,etdignas
2621 1545 2648 1582 a
2706 1537 2760 1584 te
2817 1527 3139 1582 temeritatis
3193 1535 3298 1580 tua:
3352 1540 3448 1581 su:

1879 1642 2020 1680 mam
2063 1639 2274 1694 ptenas,
2327 1621 2846 1692 praedictionemque
2896 1630 3044 1674 tuam
3097 1619 3284 1673 falsam
3329 1633 3448 1674 esse

1873 1715 2212 1770 ostendam.»
2253 1714 2318 1768 Et
2351 1712 2634 1767 confestim
2694 1710 3083 1782 comprehendi
3145 1709 3446 1774 hominem,

1871 1816 1926 1860 et
1951 1806 2005 1859 in
2045 1804 2288 1859 cusmdia
2327 1803 2617 1864 asservari.
2655 1802 2828 1857 donec
2888 1801 3117 1864 rediret,
3153 1801 3342 1873 jussit.
3379 1799 3448 1853 At

1873 1898 1962 1952 ille
1982 1897 2251 1953 adductus
2269 1895 2668 1950 vociferabatur
2694 1913 2707 1948 :
2735 1915 2751 1944 ι
2766 1891 2945 1948 Eneca
2961 1893 3146 1958 etiam,
3167 1892 3446 1962 inquiens.

1870 1992 1913 2044 si
1943 1988 2220 2043 mendacia
2245 2003 2366 2044 esse
2387 1983 2814 2062 deprehenderis
2839 1985 3004 2039 verba
3053 1999 3196 2039 mea.
3214 2001 3233 2034 ι
3301 1984 3444 2038 Num

1869 2089 2052 2133 autem
2111 2079 2176 2132 ad
2213 2093 2327 2132 rem
2363 2078 2555 2130 collata
2592 2077 2702 2129 sint
2756 2075 2930 2130 sancti
2973 2074 3074 2128 viri
3133 2074 3300 2139 dicta,
3358 2089 3446 2130 res

1871 2172 1985 2240 ipsa
2020 2179 2167 2240 gesta
2196 2168 2516 2223 declarabit.
2575 2165 2870 2235 Postquam
2933 2166 3079 2221 enim
3112 2183 3234 2221 cum
3271 2166 3444 2236 cepiis

1869 2262 2170 2339 imperator
2206 2271 2290 2314 est
2315 2274 2595 2330 egressus,
2627 2257 2851 2313 Barbati
2883 2255 3134 2312 coavcrsi
3175 2268 3444 2314 retroces-

1871 2365 2082 2408 seruut:
2111 2369 2250 2421 quos
2274 2351 2704 2421 ille~insequens,
2726 2351 2956 2404 Thracia
2987 2359 3110 2420 post
3133 2366 3192 2404 se
3227 2351 3442 2412 relicta,

1869 2445 2280 2515 Adrianopolim
2305 2445 2476 2509 venit,
2508 2459 2628 2515 quae
2656 2444 2708 2498 in
2740 2441 3073 2498 Macedonia:
3111 2441 3312 2498 finibus
3340 2441 3443 2496 sita

1865 2549 1968 2592 est.
2007 2539 2184 2606 Atque
2216 2537 2306 2591 ubi
2335 2553 2441 2590 non
2472 2534 2628 2604 longe
2657 2533 2725 2590 ab
2780 2535 3032 2589 hostibus
3076 2531 3272 2598 abfuit,
3317 2549 3440 2588 cum

1868 2631 1971 2700 ipsi
1991 2629 2044 2682 in
2069 2637 2186 2682 tuto
2214 2629 2334 2682 loco
2361 2637 2566 2689 essent,
2600 2643 2664 2681 ex
2702 2626 3003 2695 improviso
3021 2625 3310 2680 ordinibus
3331 2641 3438 2680 non

1865 2719 2164 2790 dispositis,
2192 2734 2372 2787 neque
2402 2718 2518 2772 acie
2547 2733 2644 2787 pro
2681 2733 2748 2771 eo
2778 2725 2945 2786 atque
2980 2716 3177 2771 debuit
3195 2717 3452 2780 strueta,’

1865 2829 1962 2868 eos
1991 2823 2076 2867 est
2103 2811 2353 2866 adortus.
2379 2809 2515 2864 Cum
2559 2823 2686 2863 vero
2719 2807 2940 2862 Barbari
2995 2807 3281 2862 confertim
3341 2824 3438 2861 ru-

1865 2917 2042 2969 entes,
2091 2907 2372 2972 equitatus
2427 2903 2546 2972 ejus
2593 2903 2855 2970 impetum
2903 2907 2960 2954 et
3021 2900 3436 2970 impressionem

1864 2999 2256 3060 distraherent,
2313 3006 2370 3050 et
2425 2995 2731 3065 graviorem
2783 3002 3115 3047 armaturam
3148 2992 3203 3046 in
3255 2993 3436 3060 fugam

206 3107 323 3159 γων,
351 3093 558 3154 ἀποϐὰς
587 3094 680 3145 τοῦ
710 3093 900 3155 ἵππου,
931 3093 1025 3146 ᾰτε
1054 3092 1116 3160 δὴ
1150 3093 1434 3164 ἀμηχανίᾳ
1466 3093 1632 3160 πολλῇ
1667 3109 1757 3144 συ-

1863 3099 2162 3151 vertcrent.
2189 3089 2333 3142 alius
2368 3088 2476 3141 alio
2504 3103 2562 3142 se
2608 3086 2842 3155 recepit:
2903 3085 3092 3139 hostes
3131 3095 3310 3137 autem
3357 3085 3437 3138 eis

207 3177 424 3245 σχεθεὶς,
458 3178 517 3230 ἐν
551 3196 657 3231 τινι
692 3180 800 3231 τῶν
834 3181 954 3232 κατ’
978 3182 1182 3251 ἀγροὺς
1214 3181 1537 3249 οἰκημάτων
1573 3181 1754 3252 χόρτῳ

205 3266 288 3335 τὴν
319 3270 507 3338 στέγην
541 3270 941 3340 ἐπηλυγάζοντι
975 3273 1166 3324 ἑαυτὸν
1201 3273 1616 3343 κατακρύπτει,
1655 3273 1754 3326 σὺν

204 3362 298 3421 τοῖς
332 3361 622 3430 ἑπομένοις
660 3364 860 3431 ὀλίγοις
897 3361 1015 3417 οὖσι
1055 3365 1343 3417 λανθάνειν
1383 3365 1749 3434 πειρώμενος.

204 3451 256 3501 ot
299 3454 348 3505 δι
399 3454 666 3526 βάρϐαροι
719 3458 869 3529 ῥύμῃ
918 3457 1133 3527 dextro
1166 3461 1512 3528 φερόμενοι.
1562 3457 1745 3530 ὦνπερ

203 3544 347 3596 τᾶλλα
368 3549 436 3599 τὰ
463 3549 519 3599 ἐν
546 3549 726 3612 ποσὶν,
753 3547 897 3602 οὕτω
923 3551 987 3618 δὴ
1017 3552 1108 3602 καὶ
1133 3551 1194 3601 τὸ
1226 3552 1431 3619 οἴκημα
1461 3552 1636 3622 πυρὸς
1664 3553 1754 3604 δα-

204 3636 358 3706 πάνην
391 3639 631 3701 ἐποίουν,
671 3639 965 3710 μηδεμίαν,
1001 3639 1076 3703 ὥς
1113 3659 1270 3710 φασι,
1307 3645 1434 3714 περὶ
1469 3643 1564 3696 τοῦ
1602 3643 1754 3712 βασι-

205 3725 321 3788 λέως
349 3729 606 3790 λαϐόντες
641 3731 897 3784 ὑπόνοιαν
923 3749 938 3763 ·
973 3735 1062 3785 καὶ
1103 3736 1200 3786 σὺν
1232 3737 1296 3804 τῇ
1335 3733 1497 3805 κώμῃ
1532 3736 1626 3788 καὶ
1659 3737 1752 3787 τὸν

205 3817 288 3885 τῆς
314 3821 566 3890 ἀληθείας
595 3824 890 3876 ἀντίπαλον
921 3826 1371 3893 κατετέφρωσαν.
1403 3827 1534 3879 Ὅτε
1566 3827 1630 3895 δὴ
1664 3827 1750 3879 76·

205 3927 285 3974 γος
309 3915 395 3966 τὸν
427 3915 648 3984 θεοφιλῆ
680 3915 848 3981 ά.δρα
878 3916 970 3968 τὸν
1011 3918 1302 3976 Ἰσαάκιον,
1330 3918 1646 3985 ὀπτώμενον
1675 3919 1750 3988 τῷ

203 4002 436 4076 δωματίῳ
463 4008 744 4061 Οὐάλεντα
770 4007 1100 4078 ᾐσθημένον,
1128 4011 1226 4076 τῆς
1253 4011 1462 4062 ἐκεῖθεν
1493 4011 1750 4081 ἔμφορεῖ-

206 4092 308 4143 σθ.ι
340 4097 598 4164 κνίσσης,
633 4097 726 4146 καὶ
761 4099 870 4157 τοῖς
907 4099 963 4148 ἐν
1000 4097 1211 4166 φρουρᾷ
1244 4099 1602 4164 καταγγεῖλαι
1624 4136 1640 4162 ,
1673 4099 1749 4160 ὡς

207 4183 285 4234 νιν
330 4187 541 4255 ossae;
577 4189 714 4257 πυρὶ
749 4189 1119 4256 κατατήκεται
1142 4205 1157 4218 '
1195 4191 1227 4257 ἡ
1260 4188 1314 4242 δὲ
1350 4188 1620 4260 animi"
1651 4191 1748 4260 τῆς

206 4276 387 4329 ἐκεῖθεν
416 4281 795 4350 ἀπορρεούσης
853 4279 1146 4347 δυσοδμίας
1178 4281 1519 4334 αἰσθάνεται.
1551 4283 1612 4333 Οί
1649 4283 1746 4351 μὲν

204 4362 282 4416 οὖν
309 4370 445 4422 οὕτω
475 4373 608 4438 φασὶ
642 4371 919 4440 φθαρῆναι
952 4373 1227 4426 Οὐάλεντα
1250 4389 1264 4402 ·
1297 4375 1349 4424 oi
1379 4375 1435 4426 δὲ
1467 4375 1561 4426 καὶ
1589 4375 1747 4428 τοῦτο

1860 3181 2230 3245 imminentes,
2291 3189 2438 3234 metu
2499 3179 2674 3243 nullo,
2728 3177 2932 3232 caedem
2985 3178 3208 3230 multam
3271 3175 3434 3246 215

1857 3274 2069 3328 fecere.
2106 3273 2408 3342 Imperator
2462 3285 2684 3341 quoque
2722 3269 2838 3338 ipse
2893 3283 3107 3323 cumex
3134 3283 3278 3338 equo
3335 3283 3433 3338 per

1857 3367 2296 3436 desperationem
2361 3379 2628 3420 summam
2690 3361 3087 3428 descendisset,
3164 3368 3430 3431 quantum

1857 3467 2071 3529 poterat
2105 3459 2342 3527 fugiens,
2401 3457 2456 3510 in
2513 3455 2802 3526 quamdam
2855 3454 2997 3508 villa:
3043 3451 3431 3507 domuuculam

1856 3551 2175 3606 stramentis
2209 3557 2541 3612 contectam,
2568 3563 2692 3602 eum
2722 3547 2911 3616 paucis
2939 3546 3030 3616 qui
3059 3559 3188 3599 eum
3255 3559 3330 3599 se.
3351 3545 3430 3599 uti

1853 3644 2100 3705 fuerant,
2134 3641 2306 3695 latere
2349 3641 2421 3693 ibi
2452 3641 2661 3704 volens,
2695 3654 2752 3694 se
2799 3634 3028 3694 abdidit.
3069 3636 3290 3691 Barbari
3331 3651 3432 3689 au-

1856 3744 1962 3788 tem
2001 3735 2208 3803 impetu
2239 3742 2294 3787 ct
2321 3733 2612 3788 celeritate
2679 3732 2912 3785 maxima
2948 3731 3322 3800 insequentes,
3357 3731 3430 3784 si-

1827 3829 1963 3898 ,Cuti
2003 3827 2106 3880 alia
2135 3825 2202 3880 ad
2235 3839 2356 3895 quae
2412 3833 2676 3878 venerant
2708 3832 2871 3886 tecta,
2927 3823 2998 3875 ita
3035 3822 3424 3876 domunculam

1851 3935 1970 3974 eam
2001 3933 2218 3988 quoque
2246 3915 2607 3970 incenderunt
2631 3931 2644 3966 :
2687 3930 2811 3969 cum
2836 3914 3080 3988 quidem,
3116 3925 3176 3968 ιιι
3204 3915 3424 3976 dicitur,

1851 4011 1987 4064 nihil
2015 4008 2082 4063 de
2117 4009 2442 4077 imperatore
2481 4003 2919 4075 suspicarentur.
2952 3986 3143 4058 Sicilli
3167 4019 3270 4057 una
3299 4019 3424 4058 cum

1851 4103 1972 4156 vico
2005 4117 2090 4160 eo.
2125 4100 2373 4154 veritatis
2397 4098 2564 4154 etiam
2610 4097 2822 4152 hostem
2857 4096 2910 4150 in
2944 4098 3162 4150 cineres
3195 4095 3422 4164 redege-

1851 4202 1999 4246 runt.
2058 4192 2177 4257 Quo
2209 4203 2453 4259 tempore
2487 4189 2627 4242 fama
2668 4197 2774 4249 est,
2814 4185 2928 4241 Deo
2951 4187 3212 4242 dilectum
3248 4186 3424 4240 virum

1852 4281 2137 4344 Isaacium,
2167 4294 2288 4332 cum
2328 4280 2608 4332 Valentem
2665 4279 2719 4330 in
2743 4276 3081 4330 domuncula
3114 4291 3178 4331 ea
3237 4291 3422 4331 assum

1849 4372 2108 4428 sentiens.
2143 4371 2334 4423 nidore
2369 4369 2489 4437 ejus
2518 4370 2845 4438 repleretur,
2893 4370 2975 4424 eis
3004 4369 3098 4438 qui
3141 4385 3330 4424 secum
3365 4371 3422 4424 in

203 4457 256 4526 δὴ
285 4465 658 4530 προστιθέασιν
683 4481 698 4494 ·
731 4466 804 4525 ὡς
838 4464 1013 4535 εἰσῄει
1046 4465 1143 4534 μὲν
1179 4465 1236 4516 τὺ
1265 4466 1537 4534 δωμάτιον
1567 4467 1747 4520 λαθεῖν

1861 4463 2109 4518 custodia
2134 4472 2311 4525 erant,
2341 4464 2703 4515 annuntiasse
2729 4479 2742 4516 :
2777 4461 3047 4531 nuncjam
3079 4462 3277 4516 Valens
3297 4463 3422 4532 igne

203 4551 551 4622 ἐπαγόμενος,
597 4561 689 4609 καὶ
720 4557 883 4626 μέχρι
909 4558 1053 4617 τινὸς
1083 4557 1336 4610 ἐλάνθανε
1361 4575 1373 4588 ·
1405 4562 1744 4629 παρέτρεχον

204 4644 294 4710 γὰρ
319 4650 517 4699 ἐκεῖνον
543 4650 592 4700 ot
621 4649 892 4717 βάρϐαροι
921 4649 1108 4716 πρόσω
1134 4649 1336 4717 ἱέμενοι
1361 4665 1376 4680 ⁸
1403 4649 1742 4718 κρύπτεσθαι

203 4737 292 4803 γὰρ
321 4741 490 4791 ἐκεῖσε
524 4742 614 4790 τὸν
653 4740 874 4809 βασιλέα
909 4741 1017 4792 οὐδ’
1045 4741 1102 4792 ἐν
1133 4741 1414 4804 ὑπονοίαις
1447 4737 1610 4810 ἦσαν.
1653 4741 1744 4804 '0;

203 4824 240 4874 δ’
261 4828 302 4877 oi
336 4832 549 4892 πλείους
582 4832 691 4882 τῶν
725 4831 1018 4901 βαρϐάρων
1053 4831 1458 4906 ὑπερϐαλόντες
1489 4832 1580 4884 τὸν
1615 4834 1739 4902 τῇδε

201 4917 354 4987 χῶρον
380 4925 650 4992 διέϐησαν,
677 4925 876 4990 ὀλίγων
901 4922 1131 4993 ὕστερον
1159 4924 1441 4989 ἐπιόντων,
1468 4928 1574 4976 τῶν
1599 4941 1744 4987 τινες

201 5015 308 5078 περὶ
337 5015 424 5065 τὸν
459 5016 683 5084 βασιλέα
724 5015 864 5082 ὑπὲρ
907 5013 1107 5081 στέγης
1140 5011 1235 5065 τοῦ
1276 5015 1551 5082 δωματίου
1589 5015 1741 5082 γενό-

203 5109 352 5158 μενοι,
381 5101 493 5152 κατ’
516 5103 738 5154 ἐκείνων
762 5101 828 5152 τὰ
858 5099 988 5169 βέλη
1012 5102 1266 5169 ἠφίεσαν.
1294 5104 1356 5154 Οἱ
1381 5103 1436 5153 δὲ
1466 5103 1737 5156 Οὐάλεντα

201 5183 508 5248 κρύπτεσθαι
533 5188 718 5240 ἐνθάδε
747 5188 1206 5250 ὑποτοπάσαντες,
1237 5189 1386 5258 βοαῖς
1415 5191 1511 5242 σὺν
1539 5191 1738 5245 ἀλαλα-

199 5275 300 5343 γμῷ
329 5279 542 5349 μεγάλῳ
567 5279 827 5347 ἐχρῶντο,
853 5279 928 5341 ὡς
951 5279 1136 5331 ἐνθάδε
1163 5281 1374 5348 Οὐάλης
1401 5282 1570 5334 ἐστίν.
1597 5284 1656 5334 Οἱ
1685 5283 1738 5334 δὲ

202 5369 590 5434 προστυχόντες,
624 5366 937 5436 ἔμπροσθέν
972 5384 1031 5420 τε
1070 5369 1164 5420 καὶ
1197 5368 1443 5431 ὄπισθεν,
1477 5371 1504 5421 ὃ
1541 5372 1738 5438 ἤκουον

199 5452 290 5510 τοῖς
325 5457 433 5523 μετ’
457 5458 651 5519 αὐτοὺς
691 5459 932 5527 ἐδήλουν.
970 5459 1058 5522 Ὠς
1094 5462 1291 5528 ἀκαρεὶ
1326 5463 1418 5514 καὶ
1448 5464 1569 5526 τοὺς
1607 5467 1736 5536 πτιρο

202 5539 393 5616 ιέωτέρυ
423 5550 708 5617 πολεμίου;
734 5550 985 5612 ἀκοῦσαι,
1020 5553 1110 5601 καὶ
1142 5553 1219 5613 si;
1251 5551 1305 5602 ἓν
1337 5551 1578 5614 ἅπαντας
1614 5573 1736 5607 συν-

201 5630 381 5689 ελθεῖν
415 5640 462 5692 οἶ
504 5641 566 5709 δὴ
612 5643 702 5693 καὶ
747 5643 1062 5711 περιγύκλῳ
1110 5643 1166 5694 τὸ
1211 5644 1483 5711 δωμλτιον
1542 5647 1736 5711 συλλα-

201 5721 374 5797 ϐὐντες,
416 5734 508 5785 καὶ
550 5732 680 5802 ὓλην
727 5735 868 5802 μάλα
918 5733 1177 5803 πλείστην
1224 5736 1730 5805 περιαθρείσαντες,

407 5827 675 5888 ΡΑΤιιυι..
721 5829 831 5887 (in.
890 5826 1131 5888 CXLVI

1849 4562 2106 4613 torretur,
2131 4562 2180 4604 et
2207 4567 2371 4605 nares
2401 4551 2762 4618 profluentem
2787 4551 2856 4604 ab
2888 4565 2958 4605 eo
2983 4551 3208 4604 odorem
3241 4552 3423 4622 ingra-

1847 4653 1958 4697 tum
1989 4644 2253 4697 sentiunt.
2305 4645 2570 4698 Nonnulli
2609 4644 2838 4714 quidem
2894 4645 2970 4698 ita
2999 4643 3282 4698 Valentem
3337 4645 3421 4698 itt-

1846 4737 2061 4791 teriisse
2093 4736 2307 4790 dicunt.
2342 4736 2446 4790 Alii
2474 4745 2656 4790 autem
2713 4737 2848 4791 illud
2895 4737 3128 4801 addunt,
3186 4739 3420 4793 subiisse

1842 4825 2061 4894 quidem
2081 4825 2254 4889 illum,
2278 4840 2403 4880 cum
2427 4826 2708 4880 occultare
2737 4841 2796 4880 se
2816 4834 3156 4895 preperaret,
3179 4826 3414 4880 domun-

1843 4916 2044 4979 culatn,
2083 4925 2249 4984 atque
2275 4916 2350 4970 ibi
2387 4916 2791 4985 aliquantulum
2821 4919 3072 4980 latuisse,
3105 4918 3250 4987 quod
3284 4918 3416 4972 Bar-

1843 5008 1958 5062 bari
2011 5021 2231 5060 cursum
2267 5024 2429 5062 suum
2479 5018 2732 5062 tenentes
2789 5011 3154 5078 prieterirent,
3205 5019 3258 5064 et
3312 5011 3415 5064 im-

1842 5111 2148 5167 peratorem
2199 5099 2269 5150 ibi
2324 5099 2588 5153 occultari
2650 5113 2812 5152 nemo
2858 5099 3251 5168 suspicaretur.
3314 5101 3411 5156 Ubi

1841 5201 2020 5244 autem
2043 5191 2276 5244 maxima
2318 5193 2560 5245 hostium
2594 5206 2725 5262 pars
2766 5207 2833 5244 eo
2866 5192 2983 5244 loco
3009 5203 3268 5260 superato
3296 5194 3412 5247 abi-

1841 5285 1990 5345 isset,
2012 5297 2068 5338 et
2097 5286 2248 5354 pauci
2273 5297 2459 5356 postea
2497 5283 2838 5347 advenireni,
2867 5282 3136 5351 quosdam
3169 5283 3408 5352 impera-

1841 5381 1974 5429 toris
2001 5378 2134 5446 fugie
2163 5379 2388 5432 comites
2411 5378 2463 5428 in
2499 5386 2701 5430 tectum
2751 5375 3100 5429 dontunculze
3139 5391 3410 5430 conscen-

1838 5471 2004 5531 disse,
2033 5479 2087 5522 et
2119 5470 2223 5550 tela
2279 5469 2332 5520 in
2364 5465 2634 5520 Barbaros
2675 5465 2998 5534 conjecisse.
3048 5470 3224 5536 Atque
3284 5468 3408 5524 illos

1840 5567 1950 5612 tum
1978 5560 2192 5610 domum
2229 5559 2490 5611 occultari
2521 5557 2590 5610 ibi
2625 5557 2902 5611 Valentem
2948 5559 3277 5627 suspicatus,
3325 5561 3409 5614 in-

1837 5649 1981 5718 genti
2015 5648 2252 5700 clamore
2287 5648 2623 5718 ctjubilatu,
2670 5658 2857 5718 utpote
2889 5650 3147 5714 victores,
3210 5649 3406 5704 Valen-

1839 5749 1943 5791 tezn
2000 5739 2162 5792 isthic
2209 5755 2329 5792 esse
2403 5739 2728 5794 Vociferatus
2783 5758 2922 5796 esse.
2980 5741 3146 5811 lzlquc
3210 5753 3265 5798 ct
3314 5756 3410 5811 qut

3014 5837 3091 5897 24
