3918 6544
165 474 254 535 753
1033 474 1636 537 ECCLESIASTICIE
1679 474 2060 536 HISTORHS
2100 472 2243 535 Llll.
2279 471 2413 534 XII.

166 589 511 656 καταγνόντες
562 590 764 658 αὑτῶν,
802 593 876 655 ὡς
926 593 1185 664 Εὑρίπων
1219 594 1380 662 δίκην
1426 592 1618 648 ἄλλοτε
1652 593 1729 654 είς

166 684 313 746 ἄλλας
344 684 507 749 δόξας
536 688 1029 757 μεταχωροὺντων,
1061 687 1383 741 παντάπασι
1409 687 1506 755 τῆς
1538 702 1729 739 κοινω-

167 778 271 839 via;
298 778 479 830 αὑτῶν
503 779 845 850 ἀπέστησαν,
870 781 964 833 καὶ
994 780 1239 852 στερρῶς
1272 782 1387 841 τοῖς
1420 781 1513 832 τοῦ
1534 778 1727 848 ὀμοου-

173 867 274 919 σίου
306 868 657 936 προσέθεντο,
690 869 787 922 καὶ
809 869 1122 939 ὴνώθησαν.

3295 464 3402 528 7M:

1837 599 2082 652 maront,
2120 590 2523 661 professionem
2553 588 2676 643 ﬁdei
2704 589 2980 644 Nicaenam
3016 588 3323 649 abolentes,
3350 596 3404 639 et

1839 684 2106 739 ecclesias
2146 698 2275 737 suas
2304 684 2538 736 seorsim
2574 675 2941 735 celebrantes.
2963 680 3166 737 Verum
3202 680 3403 733 frustra

1839 774 1950 829 illis
2006 775 2059 829 id
2112 785 2352 842 emptum
2388 773 2490 826 fuit
2533 790 2546 828 :
2592 787 2716 825 nam
2751 771 3011 841 permulti
3048 772 3405 846 conteptioue

1835 883 2028 921 eorum
2072 875 2384 936 perspecta,
2426 863 2573 933 quod
2610 863 2677 918 ad
2718 863 2889 917 instar
2922 863 3136 932 Euripi,
3173 877 3319 917 nunc
3350 863 3405 915 in

170 962 315 1026 hanc,
354 976 504 1016 nunc
553 963 608 1015 in
654 962 801 1017 illam
849 963 1180 1017 sententiam
1218 961 1451 1030 pedibus
1521 963 1690 1024 irent,
1729 978 1757 1015 a
1800 962 2192 1015 communione
2234 975 2426 1015 eorum
2474 973 2532 1013 se
2582 959 2809 1012 omnim
2885 958 3296 1022 abstinuerunt,
3350 967 3406 1011 et

170 1063 473 1109 constanter
511 1055 829 1122 ὁμοουσίυυ,
859 1056 1371 1119 consubstantialis,
1425 1055 1552 1112 ﬁdei
1584 1055 1969 1110 laudatoribus
1994 1070 2092 1124 per
2126 1034 2389 1109 unionem
2426 1051 2854 1122 conjunxerunt.

754 1171 1007 1224 ΚΕΦΑΛ.
1054 1169 1128 1225 Γ.

179 1263 264 1327 Ὧς
296 1261 635 1332 Γρατιιινοῦ
664 1264 827 1330 νόμῳ
858 1265 913 1315 οι
965 1263 1033 1325 ἐξ
1104 1264 1323 1332 Ἀρείου
1361 1264 1729 1327 ἠλαύνοντο.

229 1332 317 1384 καί
351 1334 407 1384 οἱ
428 1331 538 1398 τῆς
561 1334 892 1401 ὀμοουσίου
919 1331 1180 1397 πίστεωζ-
1221 1333 1348 1399 ταῖς
1372 1334 1730 1398 ἐκκλησίαις

228 1402 543 1471 εισήγοντο
561 1418 574 1430 ·
603 1403 699 1455 καί
732 1403 849 1455 ὅσα
879 1403 974 1455 διὰ
996 1403 1304 1457 Παυλῖνόν
1332 1422 1395 1457 τε
1418 1405 1512 1457 καὶ
1541 1403 1731 1457 Μελὲ-

232 1489 358 1525 nor
387 1474 455 1525 ἐν
509 1472 844 1541 Ἀκτιοχείᾳ
883 1473 1138 1541 συνέϐη.

233 1587 529 1656 Γρατιανδς
556 1588 635 1653 δὲ,
668 1588 743 1650 ὡς
771 1586 1008 1658 εἴρηται,
1035 1588 1134 1651 τὰς
1168 1589 1426 1659 ἀπαρχὰς
1457 1590 1549 1654 τῆς
1578 1590 1737 1658 βασι-

173 1680 307 1741 λείας
344 1680 622 1742 άνατιθεὶς
650 1679 728 1748 τῷ
782 1680 1125 1749 παμϐασιλεί
1161 1680 1271 1732 τῶν
1304 1682 1446 1734 ὅλων
1476 1682 1617 1751 Θεῷ.
1652 1685 1741 1734 νόο

178 1791 261 1842 μον
289 1774 777 1844 ἔγραφενιὰνιέντα
807 1777 920 1837 τοῖς
954 1775 1345 1843 φυγαδευθεῖσι
1376 1774 1487 1828 τῶν
1518 1774 1746 1828 ἐπισκό-

179 1885 280 1921 πων
313 1868 410 1937 τὴν
437 1867 663 1920 κάθοδον
686 1883 700 1897 ⁸
734 1867 959 1920 καὶτῶν
993 1867 1092 1936 μὲν
1123 1869 1287 1937 ἱερῶν
1322 1868 1508 1937 σηκῶν
1533 1870 1660 1931 τοὺς
1689 1869 1749 1932 ἐξ

2456 1164 2682 1222 CAPUT
2722 1165 2810 1220 lll.

1847 1259 1913 1314 Ut
1946 1259 2194 1315 Gratiani
2240 1259 2614 1312 constitutione
2647 1258 2836 1310 Ariani
2865 1257 3103 1327 relegati,
3129 1267 3178 1311 et
3222 1259 3413 1321 όμοου-

1911 1330 2052 1390 σίου.
2074 1329 2561 1387 consubstantialis.
2583 1327 2708 1396 ﬁdei
2729 1327 3040 1396 professores
3059 1327 3283 1381 ccclesiis
3305 1329 3411 1379 sint

1907 1401 2160 1469 praefecti,
2201 1408 2249 1452 et
2297 1414 2414 1469 quae
2455 1409 2668 1468 praptcr
2709 1396 2993 1451 Paulinum
3036 1407 3084 1453 et
3139 1396 3410 1453 Meletium

1907 1470 2194 1543 Antiochia:
2231 1471 2536 1524 acciderint.

1908 1584 2232 1648 Gratianus,
2270 1583 2743 1651 quemadmodum
2776 1583 3041 1646 diximus,
3073 1580 3291 1650 imperii
3326 1581 3411 1635 sui

1842 1676 2117 1746 primitias
2178 1693 2363 1732 rerum
2416 1677 2802 1731 universarum
2860 1677 3182 1746 imperatori
3251 1676 3413 1729 simul

1841 1759 2035 1824 et'Deo
2065 1783 2423 1832 consecratis,
2469 1768 2648 1838 legem
2696 1765 3080 1838 promulgavit,
3116 1782 3216 1837 per
3251 1782 3414 1836 quam

1844 1876 1968 1914 cum
2009 1859 2230 1915 exsules
2261 1860 2556 1929 episcopos
2592 1858 2859 1922 restituit,
2898 1869 3011 1912 tum
3063 1857 3302 1912 Arianos
3350 1872 3415 1911 ex

187 1960 384 2028 ’Δρείου
411 1958 761 2019 ἐλαύνεσθαι,
792 1961 908 2022 τοῖς
948 1959 1006 2012 δὲ
1035 1963 1134 2028 τῆς
1177 1961 1232 2011 ἐν
1266 1960 1477 2030 Νικαίᾳ
1504 1960 1744 2023 πίστεως

1861 1952 2022 2007 sacris
2080 1949 2291 2006 aedibus
2341 1951 2670 2017 deturbari,
2738 1966 2943 2021 easque
3000 1949 3235 2005 Nictente
3289 1948 3415 2003 ﬁdei

178 2053 624 2120 ὑπερισταμένοις
670 2052 769 2113 τὰς
809 2052 1110 2121 ἐκκλησίας
1158 2051 1316 2114 αὖθις
1361 2052 1584 2105 διδόναι.
1636 2054 1744 2105 Καὶ

179 2145 421 2213 Σάπωριν
449 2144 507 2197 δὲ
539 2145 851 2214 στρατηγὸν
880 2145 1180 2198 ἀπέστελλε
1209 2147 1277 2216 τῇ
1303 2144 1418 2215 Ἔῳ
1436 2144 1608 2219 satira
1630 2146 1743 2198 δια-

182 2236 530 2307 πραξόμενον,
588 2236 865 2304 ἐπίσημον
904 2237 1074 2306 ἄνδρα
1135 2236 1284 2304 μάλα
1332 2237 1739 2305 διαγενόμενον.

182 2332 281 2383 Καὶ
312 2329 690 2400 ἁπαραὸἀτως
719 2331 776 2381 ὲν
807 2330 1025 2399 ἑκάστῳ
1056 2329 1200 2382 ἔθνει
1236 2331 1315 2392 εἰς
1346 2331 1519 2400 πέρας
1551 2332 1579 2381 ὁ
1604 2329 1745 2393 θεῖος

182 2421 325 2485 οὗτος
356 2423 520 2491 νόμος
568 2421 801 2489 ἐγίνετο.
831 2422 987 2476 Κατὰ
1019 2422 1076 2475 δὲ
1124 2422 1221 2491 τὴν
1257 2422 1541 2493 Ἀντιόχου
1575 2423 1744 2491 πολλή

185 2534 256 2578 τις
287 2510 353 2586 ἦν
392 2518 423 2585 ἡ
455 2515 766 2583 φιλονεικία
798 2514 875 2585 τῷ
906 2514 1126 2584 πλήθει,
1160 2515 1343 2569 αίτίαν
1378 2514 1588 2584 σχοῦσα
1630 2533 1745 2568 τοι-

183 2608 330 2663 ἀνδε·
370 2608 419 2660 oi
450 2609 557 2676 γάρ
581 2608 679 2676 τῆς
708 2606 1001 2673 ὁμοουσίου
1039 2607 1282 2670 πίστεως
1322 2608 1418 2660 καὶ
1465 2607 1575 2660 τῶν
1614 2609 1750 2661 ἁπο-

185 2699 431 2752 στολικῶν
493 2698 782 2767 δογμάτων
841 2698 1313 2766 ὑπερασπίζοντες
1353 2697 1631 2769 διῄρηντο.
1684 2697 1747 2749 Οί

187 2788 400 2857 μὲνγὰρ
444 2787 604 2848 εὐθὺς
646 2786 786 2856 μετὰ
817 2787 915 2855 τὴν
967 2786 1257 2856 Εὑσταθίῳ
1287 2786 1590 2856 γενομένην
1622 2788 1745 2839 ἐπι-

186 2882 368 2952 ϐουλὴν
413 2881 509 2950 τῆς
538 2879 890 2951 Ἀρειανικῆς
950 2880 1154 2949 λύσσης
1195 2880 1570 2949 διακριθέντες
1624 2879 1747 2932 καθ’

186 2974 396 3038 ἑαυτοὺς
443 2970 608 3045 ἦσαν,
650 2972 902 3043 Παυλίνῳ
947 2972 1248 3042 ἀγόμενοι·
1290 2973 1340 3023 οἱ
1369 2971 1426 3023 δὲ
1469 2970 1613 3040 μετὰ
1648 2971 1748 3038 τὴν

187 3066 506 3136 χειροτονίαν
537 3065 795 3129 Εὑζωῖου
812 3066 922 3118 τῶν
962 3065 1376 3118 δυσσεόοὑντων
1404 3064 1747 3127 διαστάντες,

188 3153 283 3205 ὑπὸ
328 3152 425 3223 τῆς
478 3155 797 3223 σοφωτάτης
842 3152 1109 3206 Μελετίου
1165 3151 1535 3222 ποιμαντικῆς
1577 3149 1751 3203 διιθύο

190 3262 346 3298 νοντο.
385 3244 552 3297 Ἀλλᾶ
580 3245 846 3306 Παυλῖνος
881 3245 980 3313 μὲν
1009 3243 1077 3296 δι’
1105 3243 1557 3313 ὑπερϐάλλουσαν
1579 3241 1751 3295 ἐπιεί-

1849 2042 2362 2114 propugnatoribus
2411 2043 2567 2097 reddi
2608 2043 2883 2113 permisit.
2922 2043 2986 2096 Et
3021 2042 3288 2112 Saporem
3319 2040 3422 2094 du-

1847 2151 1992 2202 cem,
2043 2135 2369 2206 prmclarum
2403 2135 2698 2189 admodum
2738 2137 2938 2198 virum,
2975 2135 3067 2204 qui
3105 2151 3225 2189 eam
3262 2148 3422 2188 exse-
3458 2170 3479 2181 ι

1846 2229 2057 2283 cutioni
2090 2227 2395 2290 mandaret,
2431 2228 2486 2281 in
2521 2226 2802 2282 Orientem
2835 2227 3004 2281 misit.
3042 2226 3111 2280 Et
3146 2226 3333 2279 divina
3355 2238 3420 2279 ea

1848 2320 2174 2373 constitutio
2202 2320 2258 2373 in
2283 2319 2567 2389 provincia
2592 2334 2808 2388 quaque
2828 2320 2890 2371 ad
2914 2319 3227 2388 legitimum
3256 2314 3421 2369 liuent

1849 2424 2008 2461 suum
2073 2408 2181 2461 rite
2228 2417 2313 2462 est
2374 2407 2633 2462 deducta.
2694 2408 3001 2462 Antiochia:
3040 2422 3176 2462 vero
3230 2406 3425 2476 ingens

1850 2511 1969 2555 erat
2008 2500 2061 2554 in
2111 2501 2271 2570 plebe
2321 2500 2609 2555 contentio
2640 2509 2694 2553 et
2737 2500 3056 2561 dissidium,
3095 2499 3165 2553 ob
3200 2513 3423 2552 causam

1848 2595 2121 2663 ejusmodi
2144 2613 2155 2647 :
2177 2592 2281 2660 Qui
2307 2593 2618 2663 ὁμοουσίου,
2641 2592 3156 2657 consubstantialis,
3186 2590 3347 2644 ﬁdem
3368 2601 3426 2645 et

1850 2687 2171 2755 Aposwlica
2204 2686 2462 2756 dogmata
2495 2685 2886 2747 defendebant,
2915 2684 2968 2736 in
3003 2683 3143 2736 duas
3173 2680 3427 2737 abierant

1850 2790 2038 2851 partes
2089 2799 2103 2836 :
2168 2779 2392 2849 quidam
2449 2794 2689 2846 namque
2748 2778 2934 2831 statim
3005 2786 3129 2846 post
3185 2780 3427 2829 structas

1851 2871 2141 2928 Eustathio
2177 2871 2430 2936 insidias,
2479 2870 2548 2925 ab
2593 2869 2793 2923 Ariana
2845 2868 2997 2921 rabie
3040 2869 3423 2929 abhorrentes,

1852 2964 1956 3021 Sui)
2021 2964 2252 3019 Paulino
2304 2962 2554 3017 antistite
2606 2970 2916 3015 conventus
2960 2974 3089 3012 suos
3130 2956 3425 3027 cogebant.

1853 3056 2087 3121 Quidam
2119 3064 2301 3110 autem
2333 3055 2400 3109 ab
2425 3052 2614 3107 Euzoii
2651 3053 2923 3107 electione
2956 3049 3252 3119 impiorum
3280 3063 3428 3102 com-

1853 3147 2121 3203 mercium
2162 3145 2519 3216 refugientes,
2569 3147 2671 3198 sub
2726 3141 3134 3212 sapientissimo
3200 3150 3422 3209 pastore

1853 3241 2072 3296 Meletio
2122 3240 2518 3310 pascebantur.
2555 3238 2720 3307 226
2774 3237 2840 3289 Et
2897 3234 3162 3288 Paulinus
3202 3232 3422 3301 quidem

191 3353 328 3390 κειαν
359 3336 493 3408 πρὸς
520 3336 822 3400 Οὐάλεντος
853 3338 935 3399 εἰς
966 3337 1065 3407 τὴν
1095 3336 1392 3406 ὑπερορίαν
1414 3335 1515 3389 οὑκ
1548 3334 1749 3407 ἧγετοο

1861 3345 2081 3404 propter
2139 3332 2501 3388 excellentem
2556 3331 2955 3383 humanitatem
3013 3343 3042 3379 a
3089 3326 3319 3380 Valente
3375 3325 3430 3377 in

193 3430 434 3492 Μελέτιος
464 3430 521 3484 δὲ
564 3430 833 3501 πρότερον
881 3429 1153 3501 ὑπερορίᾳ
1200 3428 1572 3498 κατακριθεὶς,
1615 3429 1751 3499 πρὸς

203 3519 477 3573 ’ίουλιανοῦ
514 3521 825 3590 ἐπανήγετο
849 3535 863 3550 ο
900 3519 997 3572 καὶ
1026 3516 1181 3581 αὖθις
1203 3520 1295 3572 ἐπὶ
1325 3519 1627 3581 Οὐάλεντος
1652 3517 1751 3587 τὴν

195 3612 356 3682 φυγὴν
411 3611 858 3675 καταδικασθεὶς,
920 3610 999 3682 τῷ
1050 3609 1354 3682 Γρατιανοῦ
1410 3610 1755 3678 θεσπίσματι

196 3703 481 3775 τηνικαῦτα
507 3705 651 3757 κατὰ
674 3705 772 3774 τὴν
799 3703 1081 3773 Ἀντιόχου
1114 3703 1366 3756 ἐπάνεισι
1392 3720 1407 3736 ο
1445 3702 1539 3756 καὶ
1559 3700 1751 3765 ἐλθὼν,

199 3795 445 3847 Παυλῖνον
479 3793 728 3864 εὑρίσκει
764 3794 864 3865 ἤδη
896 3793 1033 3863 πρὸς
1071 3792 1207 3862 βαθὺ
1240 3794 1417 3860 γῆρας
1449 3791 1752 3845 ἐλάσανταο

200 3888 280 3939 καί
306 3886 355 3955 γ’
394 3887 554 3948 εὐθὺς
587 3888 826 3949 ἅπαντες
851 3885 968 3939 ὅσοι
999 3885 1096 3954 τῆς
1123 3885 1334 3936 ἐκείνου
1363 3882 1559 3952 μοίρας
1593 3878 1753 3953 ἦσαν,

200 3980 364 4033 πάντα
392 3978 575 4031 κάλων
607 3977 848 4041 ἐκίνουν,
877 3976 1174 4047 σύνθρονον
1197 3976 1459 4045 γενέσθαι
1503 3974 1757 4042 Παυλίνῳ

202 4077 469 4130 Μελέτιον.
505 4076 612 4128 Τοῦ
638 4076 696 4128 δὲ
747 4074 1019 4128 Παυλίνου
1060 4074 1160 4143 τὴν
1190 4070 1475 4141 συνεδρίαν
1496 4071 1763 4138 ἐκτρεπο-

207 4168 376 4236 μένου,
425 4169 520 4220 κα¹ι
551 4166 706 4236 παρά
749 4166 841 4217 τὸν
890 4163 1359 4232 ἐκκλησιαστικὸν
1404 4160 1610 4214 κανόνα
1659 4157 1759 4228 τὴν

207 4258 386 4327 πρᾶξιν
410 4253 552 4310 εἶναι
583 4256 990 4324 διατεινομένου
1014 4272 1027 4285 ⁸
1062 4256 1157 4308 άτε
1195 4253 1331 4322 δῆτα
1357 4252 1623 4305 Μελετίου
1657 4248 1761 4301 ὑπὸ

217 4351 492 4419 ’Δρειανῶν
518 4350 617 4420 τὴν
647 4348 986 4419 χειροτονίαν
1019 4345 1451 4415 προσειληφότος
1501 4344 1601 4396 οὐκ
1632 4344 1763 4395 ἁνα-

213 4443 426 4512 σχόμενα
452 4443 520 4496 τὰ
554 4443 761 4511 πλήθη,
792 4441 849 4493 ἐν
879 4457 989 4492 τινι
1022 4440 1129 4493 τῶν
1166 4436 1272 4508 πρὸ
1311 4437 1408 4506 τῆς
1444 4435 1652 4496 πόλεως
1689 4435 1764 4486 ls-

214 4535 308 4603 ρῶν
339 4535 424 4588 τὸν
455 4536 719 4590 Μελέτιον
750 4532 1179 4602 ὲνθρονέζουσιν.
1216 4528 1291 4582 Οὔ
1340 4528 1405 4597 δὴ
1437 4528 1757 4597 γενομένου,

1855 3428 2117 3483 exsilium
2176 3435 2332 3480 actus
2395 3442 2503 3478 non
2557 3424 2758 3477 fuerat.
2809 3420 3062 3475 llleletius
3114 3434 3243 3472 vero
3307 3433 3433 3470 cum

1861 3522 2104 3591 primum
2137 3518 2337 3573 exsilio
2357 3516 2623 3571 multatus
2649 3527 2820 3576 esset,
2852 3531 2878 3566 a
2905 3512 3121 3567 .luliauo
3148 3511 3434 3563 restitutus

1857 3612 2091 3668 fuerat:
2134 3621 2190 3667 et
2241 3611 2425 3665 denuo
2460 3611 2563 3664 sub
2612 3607 2843 3661 Valente
2893 3604 3182 3674 deportari
3226 3604 3431 3671 jussus,

1856 3704 2101 3759 Gratiani
2140 3704 2324 3758 edicto
2362 3703 2537 3755 fretus
2591 3712 2702 3753 tum
2753 3698 3110 3752 Antiochiam
3172 3695 3432 3758 redierat,

1858 3807 1913 3851 et
1945 3797 2236 3851 Paulinum
2271 3797 2324 3849 itt
2372 3806 2623 3850 extrema
2670 3797 2784 3863 jam
2826 3802 3111 3847 senectute
3151 3791 3429 3843 virentem

1860 3892 2174 3943 invenerat.
2228 3888 2304 3943 lbi
2360 3889 2455 3956 qui
2507 3885 2768 3940 [actimiis
2834 3885 2956 3955 ejus
3010 3894 3169 3938 erant
3219 3895 3435 3945 omnes,

1862 3992 2084 4032 omnem
2121 3992 2344 4029 movere
2377 3978 2587 4040 funem,
2624 3984 2680 4029 ut
2712 3975 2766 4027 in
2794 3978 2986 4028 eodem
3016 3989 3141 4028 cum
3180 3970 3435 4030 Paulino,

1864 4072 2066 4125 throno
2108 4069 2361 4124 Meletius
2406 4069 2797 4123 collocaretur.
2840 4068 3105 4123 Paulinus
3152 4082 3274 4121 cum
3319 4080 3433 4119 rem

1864 4179 1973 4217 non
2007 4162 2267 4227 admisit;
2304 4162 2507 4216 factum
2539 4161 2807 4231 ejusmodi
2855 4160 3123 4213 adversus
3163 4157 3432 4210 ecclesia-

1863 4256 2034 4310 sticos
2080 4270 2323 4309 canones
2366 4271 2487 4308 esse
2538 4254 2823 4319 dictitans,
2867 4252 3015 4321 quod
3066 4250 3318 4304 Mcletius
3369 4249 3438 4301 ab

1865 4349 2088 4404 Arianis
2129 4348 2611 4403 consecrationem
2650 4346 2973 4414 accepisset.
3005 4345 3071 4397 At
3118 4343 3353 4412 pepulus
3385 4341 3437 4395 id

1863 4454 1969 4492 non
2020 4439 2228 4501 ferens,
2262 4436 2541 4490 Meletiutu
2576 4436 2629 4489 iu
2679 4436 2879 4489 throno
2926 4434 3117 4503 templi
3153 4432 3439 4502 cujusdam

1863 4529 2169 4585 suburbani
2205 4529 2521 4583 collocavit.
2552 4528 2669 4596 Quo
2700 4528 2867 4589 fat-to,
2920 4528 3094 4580 multa
3139 4526 3439 4580 verborum

214 4628 361 4696 πολλή
392 4646 472 4691 τις
510 4627 797 4699 ἐρεσχελία
823 4626 1065 4696 είσέρῥει
1088 4641 1101 4654 ·
1132 4626 1227 4676 καὶ
1257 4627 1320 4675 ὲκ
1350 4624 1449 4689 τῆς
1483 4622 1624 4689 ἄγαν
1657 4638 1752 4689 φι-

1866 4624 1982 4679 rixa
2014 4630 2100 4678 est
2129 4623 2347 4677 oborta.
2386 4621 2451 4674 Et
2477 4636 2566 4675 res
2598 4637 2663 4674 ex
2706 4621 2881 4675 nimio
2914 4618 3286 4674 contendendi
3325 4629 3438 4672 stu-

212 4716 458 4781 levantia;
498 4723 579 4781 εἰς
611 4718 851 4779 ἀτόπους
888 4715 1268 4785 ἐπιχειρήσεις
1294 4712 1625 4781 ἐτρέποντοο
1667 4712 1763 4763 καὶ

215 4811 558 4877 προσεδοκᾶτο
592 4810 784 4872 στάσις
815 4808 1159 4878 ἑκατέρωθεν
1203 4807 1295 4859 τοῦ
1342 4805 1471 4857 λαοῦ
1505 4804 1767 4874 χαλεπαί-

214 4918 393 4965 νοντος.
426 4903 662 4956 Ἔπειτα
715 4901 1028 4971 θαυμασίας
1082 4900 1484 4968 ἐπιγενομένης
1542 4890 1765 4967 βουλῆς,

216 4993 285 5054 είς
312 4994 555 5059 ὁμόνοιαν
573 4988 739 5062 ἦλθον
770 4989 1060 5058 συνθηκῶν
1087 4988 1307 5040 τοιῶνδε
1339 4986 1729 5058 γεγενημένων
1750 5002 1763 5017 ·

217 5086 472 5138 συνεδόκει
526 5086 636 5154 γὰρ
668 5084 857 5153 ὅρκοις
910 5082 1144 5151 πεδῆσαι
1197 5082 1308 5133 ὅσοι
1360 5080 1424 5150 δὴ
1475 5080 1766 5150 ἐπιτήδειοι

217 5175 513 5228 ἐπισκοπεῖν
569 5174 910 5244 ἐνομίζοντο,
959 5172 992 5240 ἢ
1033 5173 1128 5225 καὶ⁹
1180 5172 1637 5242 προσεδοκῶντοο
1693 5167 1767 5225 ὧν

215 5266 373 5335 ἕτεροι
406 5268 500 5335 μὲν
527 5270 689 5319 πέντε
721 5263 884 5336 ἦσαν,
933 5265 1030 5317 καὶ
1058 5265 1359 5326 Φλαΰιανὸς
1383 5264 1545 5325 αὑτός
1568 5281 1580 5294 ο
1620 5262 1766 5315 ὥστε

219 5360 401 5427 μηδένα
439 5361 516 5422 εἰς
552 5361 651 5429 τὴν
706 5359 1016 5427 ἐπισκοπὴν
1074 5357 1405 5428 παρελθεῖν·
1480 5355 1602 5408 οὕτε
1659 5358 1769 5426 μὴν

222 5455 518 5521 σπουδάσαι,
545 5453 659 5507 οὔτ’
693 5452 982 5520 ἀνέξεσθαι
1006 5452 1103 5522 τὴν
1124 5450 1483 5521 χειροτονίαν,
1518 5450 1618 5503 κᾶν
1650 5452 1769 5503 εἴτι

221 5550 301 5596 καὶ
328 5548 566 5613 γένηται.
605 5548 696 5600 ἐπ’
722 5547 905 5607 αὑτοῖς
934 5548 1263 5616 ἐρχομένην,
1293 5544 1398 5607 ἕως
1434 5544 1501 5596 ἂν
1536 5542 1769 5614 περιῶσι

222 5635 288 5705 τῷ
316 5639 407 5707 βίῳ
437 5640 699 5702 Ιίαυλίνός
734 5657 791 5691 τε
824 5640 918 5690 κιὶ
945 5637 1238 5699 Μελέτιος’
1278 5630 1352 5689 ὧν
1377 5635 1609 5706 θατέρου
1639 5654 1772 5706 προ-

225 5730 646 5801 τεὶευτησχντος,
677 5733 769 5784 τὸν
795 5730 1253 5800 περιλειπόμενον
1282 5730 1534 5799 κατέχειν
1561 5729 1769 5782 καὶτοῦ

228 5823 562 5893 ἀποιχομένου
607 5828 696 5878 τὸν
738 5826 965 5893 θρόνον⁶
1007 5831 1101 5878 καὶ
1140 5824 1277 5895 μετὰ
1305 5824 1398 5892 τὴν
1423 5824 1630 5876 ἐκείνου
1664 5824 1773 5874 λοι-

233 5914 316 5966 πὸν
348 5919 634 5973 ἀποϐῐωτιν
671 5918 844 5982 οὑτως
882 5917 981 5972 ἕνα
1017 5918 1122 5971 τῶν
1168 5918 1497 5989 ὑποψήφων,
1532 5917 1590 5971 ὃν
1620 5920 1683 5971 ἂν
1716 5917 1773 5971 τὸ

1870 4716 1963 4770 dio
2014 4717 2067 4773 in
2117 4723 2299 4783 empta
2353 4712 2591 4767 absurda
2631 4713 2809 4767 abiit:
2847 4712 3121 4782 plebeque
3160 4727 3226 4765 ex
3281 4719 3440 4779 parte

1873 4819 2112 4877 utraque
2160 4805 2504 4874 indignante,
2538 4804 2740 4858 seditio
2778 4805 2829 4857 in
2866 4804 3283 4874 exspectatione
3316 4799 3440 4854 fuit.

1872 4902 2083 4957 Deinde
2112 4915 2241 4954 vero
2277 4896 2513 4954 consilio
2560 4897 2801 4952 miriﬁco
2832 4897 3079 4957 invento,
3112 4896 3178 4949 ad
3214 4910 3444 4947 concor-

1870 4996 2014 5048 diam
2050 5008 2140 5047 res
2171 4992 2348 5060 pactis
2383 4989 2704 5060 hujusmodi
2750 4997 2838 5043 est
2885 4988 3135 5041 reducta.
3173 4985 3441 5038 Placitum

1872 5099 2111 5153 namque
2165 5093 2269 5148 est,
2331 5091 2392 5136 ut
2440 5082 2534 5152 qui
2579 5082 2645 5135 ad
2695 5081 3067 5151 episcopalem
3103 5076 3442 5131 iuuetionem

1872 5178 2211 5241 obeundam,
2269 5177 2354 5231 vel
2407 5177 2517 5246 jam
2568 5184 2682 5229 tum
2750 5181 2957 5233 essent,
3004 5172 3093 5224 vel
3147 5169 3445 5238 aliquando

1874 5271 2041 5324 futuri
2072 5278 2258 5323 essent
2291 5269 2495 5333 idonei,
2527 5282 2765 5338 quorum
2800 5265 3025 5334 quidem
3054 5262 3302 5331 quinque
3326 5262 3442 5325 alii,

1872 5372 1927 5417 et
1965 5363 2257 5416 Flavianus
2288 5371 2476 5415 sextus
2522 5366 2661 5425 erat,
2688 5356 3053 5427 jurisjurandi
3088 5364 3438 5410 sacramento

1874 5457 2274 5525 obligarentur.
2304 5453 2578 5505 neminem
2619 5466 2810 5503 eorum
2848 5449 3229 5519 episcopatum
3255 5462 3448 5503 susce-

1876 5557 2124 5615 pturum,
2156 5561 2335 5613 neque
2387 5546 2451 5597 ad
2497 5544 2818 5613 dignitatem
2864 5559 2985 5597 eam
3034 5543 3444 5605 anhelaturum,

1875 5652 2042 5708 atque
2074 5638 2212 5691 adeo
2242 5652 2419 5705 neque
2453 5637 2804 5699 electionem,
2834 5636 2877 5691 si
2910 5636 3052 5689 forte
3096 5650 3158 5688 ea
3201 5633 3269 5689 de
3307 5649 3447 5703 quo~

1879 5734 2021 5802 piatn
2084 5731 2263 5793 ﬁeret,
2308 5730 2744 5799 approbaturum
2797 5745 2941 5792 esse,
2994 5728 3262 5797 tantisper
3317 5728 3447 5780 dum

1876 5824 2143 5881 Paulinus
2183 5831 2237 5875 et
2287 5821 2540 5877 Mele‘tius
2574 5822 2626 5876 in
2668 5825 2774 5878 vita
2824 5833 3132 5886 manerent,
3180 5831 3343 5887 atque
3392 5832 3451 5872 ut

1881 5919 2054 5973 altero
2085 5913 2353 5971 defuncto
2385 5915 2527 5971 alter
2565 5917 2660 5989 qui
2697 5923 2980 5987 superstes
3003 5927 3173 5980 esset,
3209 5913 3263 5966 in
3304 5912 3451 5966 illius
