3918 6544
242 374 357 434 τῦῢ

1180 371 1781 433 ECCLESIASTICIE
1823 370 2212 430 llIS’l‘OllLE
2241 372 2389 431 LIB.
2425 372 2562 433 Χίῐ.
2799 395 2813 422 ι

3408 368 3512 429 7'10

246 475 457 539 fore?)
508 487 746 554 πατρίδα
781 487 1195 556 καταλαμϐάνει
1240 489 1338 557 τὴν
1391 488 1675 558 Βέρῤοιαν.
1719 483 1826 539 Καὶ

1935 484 2111 538 fausta
2166 486 2349 539 omnia
2410 501 2507 553 per
2557 484 2859 539 orationem
2906 494 3255 555 apprecatus,
3298 500 3392 541 cas
3431 487 3507 540 illi

250 578 535 647 Θεόδωρος
568 579 666 647 τῆς
709 580 988 651 ’Δντιόχου
1023 579 1324 645 ἀπωσθεὶς,
1357 580 1435 642 είς
1467 579 1566 647 τὴν
1597 578 1829 647 Θρᾴκην

248 668 379 719 ἰθεν
415 669 655 736 ἐγένετο,
686 669 966 740 ἀπεχώρει
993 685 1009 703 ο
1040 670 1307 731 ὡσαύτως
1331 670 1386 722 δὲ
1414 670 1511 722 καὶ
1535 671 1561 721 ὁ
1589 667 1828 728 Νικαίας

259 761 532 823 ’Υπὰτιος
578 763 732 830 παρὰ
760 763 859 831 τὴν
891 764 1306 832 γεννησαμένην
1341 761 1516 831 Τύρον
1547 762 1606 813 ὲν
1656 758 1830 829 Συρίᾳ

253 853 549 921 μετεϐαινε
577 871 592 886 ο
624 856 718 907 καὶ
750 855 902 909 ἄλλοι
963 855 1198 926 ἀλλαχοῦ
1235 855 1631 922 διεσπείροντο.
1668 852 1732 903 Οί
1785 851 1830 901 δ’

248 945 307 995 ἐν
334 942 653 1013 Ἀντιοχείᾳ.
702 946 1089 1015 πρεσϐύτεροι,
1128 944 1403 1011 Ἀστέριος
1446 944 1541 997 καὶ¹
1591 943 1831 1009 Κρισπῖ-

248 1052 361 1096 νος,
398 1035 499 1086 καὶ
526 1036 588 1087 τὸ
620 1036 750 1089 ἄλλο
782 1037 887 1090 ὑπὸ
921 1038 1200 1106 Θεόδωρον
1235 1038 1513 1107 πλήρωμα
1548 1034 1831 1105 συνεδριά-

250 1142 478 1186 σαντες,
518 1126 732 1180 πολλῶν
758 1129 853 1181 καὶ
883 1128 1058 1182 ἄλλων
1099 1130 1417 1183 ἐπισκόπων
1443 1132 1508 1181 ὲκ
1534 1127 1644 1182 τῶν
1669 1126 1833 1197 πέριξ

247 1214 465 1271 πόλεων
516 1218 968 1288 συνδραμόντων,
1024 1220 1163 1290 πρὸς
1220 1220 1346 1280 τοὺς
1394 1220 1521 1290 περὶ
1566 1218 1832 1286 Εὐνόμιον

245 1310 531 1377 ἔπεμπον,
561 1310 662 1382 τὴν
693 1312 877 1366 αὐτῶν
909 1314 1198 1366 κοινωνίαν
1242 1311 1651 1382 ἐπιζητοῦντες.
1695 1311 1758 1363 Οἱ
1786 1308 1831 1362 δ’

247 1401 707 1465 ἀντεπέστελλον,
748 1404 1004 1473 δέχεσθαι
1062 1407 1160 1475 μὲν
1192 1406 1413 1469 αὐτοὺς,
1446 1404 1587 1474 πλὴν
1616 1404 1836 1473 ἀποψη-

244 1489 595 1558 φισαμένους
620 1490 720 1560 τὴν
760 1494 846 1545 ἐπ’
864 1492 1053 1563 Ἀετίῳ
1081 1494 1563 1563 καταχειροτονίαν
1593 1494 1689 1548 καὶ
1717 1497 1831 1557 τοῖς

244 1583 464 1635 ἐκείνου
503 1586 902 1653 συγγράμμασι
923 1603 936 1618 ³
973 1586 1369 1658 προσαπῄτουν
1392 1587 1449 1640 δὲ
1471 1588 1563 1640 καὶ
1592 1586 1687 1640 τοῦ
1714 1587 1830 1657 βίου

241 1677 343 1743 τὴν
374 1677 753 1750 διακαθαρσιν
774 1694 789 1709 ο
815 1682 909 1732 καὶ
932 1680 1039 1748 γάρ
1068 1696 1187 1743 πως
1218 1681 1274 1732 ἔν
1304 1698 1450 1732 τισιν
1475 1681 1534 1732 οὑ
1566 1680 1833 1749 καθαροῖς

242 1767 578 1836 διαιτήμασι
610 1771 1038 1840 προσεφύροντο.
1071 1774 1133 1824 Ol
1165 1772 1221 1824 δὲ
1250 1772 1370 1824 τότε
1406 1772 1505 1841 μὲν
1546 1772 1646 1842 τὴν
1675 1772 1833 1838 αίτη-

245 1877 330 1910 σιν
356 1861 421 1913 οὐ
456 1862 843 1931 προσήκαντο·
874 1864 929 1926 ἐς
958 1861 1188 1931 ὕστερον
1218 1863 1273 1917 δὲ
1306 1864 1486 1918 καὶτὸ
1520 1863 1608 1916 ἐπ’
1629 1865 1831 1933 ἐκκλη-

245 1952 362 2013 σίας
397 1951 659 2016 κακίζειν
681 1953 947 2021 Εὐνόμιον
977 1955 1071 2006 καὶ
1104 1955 1231 2015 τοὺς
1263 1957 1394 2024 περὶ
1416 1959 1623 2010 ἐκεῖνον
1656 1958 1830 2026 προή-

222 2044 485 2113 ,χίιησαιη
536 2045 986 2115 μετεωρολέσχας
1035 2047 1463 2112 ἀποκαλοῦντες,
1504 2049 1734 2118 πλήρεις
1767 2066 1825 2100 τε

243 2139 515 2201 ἀπονοίας
549 2140 643 2190 καὶ
665 2139 1007 2207 σκαιότητος,
1040 2136 1120 2203 οἷς
1152 2143 1335 2205 αὐτοῖς
1355 2143 1579 2196 τοιαῦτα
1609 2147 1827 2212 προτεί-

243 2245 354 2280 νειν
398 2229 677 2295 ἔγνωσαν.
731 2231 796 2285 Οἱ
835 2232 891 2284 δὲ
932 2232 1034 2301 τῆς
1060 2232 1272 2303 ’Δρείου
1319 2234 1587 2303 αἱρέσεως
1619 2236 1828 2304 πλῆθος

241 2322 300 2375 οὐ
326 2325 563 2392 μέτριον
584 2323 758 2388 ὄντες,
791 2326 984 2392 ῥοπαῖς
1007 2328 1127 2386 ταῖς
1150 2327 1414 2379 ἀνέκαθεν
1444 2328 1824 2381 Κωνσταντῐου

241 2432 298 2468 τε
327 2417 425 2468 καὶ
462 2415 794 2480 Οὐάλεντος,
850 2418 1020 2481 ἀδεῶς
1064 2420 1122 2481 ἐς
1149 2420 1315 2473 ταυτὸ
1352 2420 1657 2488 γινόμενοι,
1698 2422 1827 2490 περὶ

241 2504 377 2558 Θεοῦ
440 2506 546 2558 καὶ
596 2505 696 2575 τῆς
754 2505 922 2558 αὐτοῦ
974 2506 1162 2568 οὐσίας
1207 2507 1491 2576 προπετῶς
1543 2508 1821 2575 διαλόγους

244 2597 492 2649 ἐποίουν.
541 2598 653 2650 Καὶ
698 2596 965 2666 βασιλέως
1013 2598 1309 2666 πειρᾶσθαι
1357 2599 1664 2661 ἀνέπειθον,
1712 2603 1825 2653 ὅσοι

242 2686 552 2755 ὁμόφρονες
581 2688 731 2747 ὄντες
761 2692 872 2751 τοῖς
900 2674 1225 2757 ἀνακτόροις
1254 2688 1541 2757 διέτριϐον.
1570 2691 1677 2744 Καὶ
1713 2697 1823 2761 γᾴρ

244 2785 299 2831 ἐν
340 2779 567 2833 ἐλπίσιν
611 2776 752 2849 ἦσαν
798 2783 894 2835 καὶ
938 2782 1130 2835 τοῦτον
1176 2783 1310 2835 εἴσω
1359 2782 1550 2835 Οέσοαι
1599 2785 1822 2854 χειρῶν,

244 2867 383 2922 καθὰ
404 2870 477 2939 δὴ
508 2870 602 2921 καὶ
629 2870 1032 2924 Κωνστάντιον.
1072 2872 1135 2924 Ὃ
1162 2871 1227 2940 δὴ
1268 2871 1430 2923 κο.ὶοὶ
1463 2874 1559 2941 τῆς
1592 2875 1822 2929 καθόλου

257 2958 592 3028 Ἐκκλησίας
622 2959 709 3012 διὰ
749 2961 947 3029 πολλῆς
975 2962 1262 3015 ἐποιοῦντο
1294 2966 1600 3032 φροντίδος,
1632 2968 1725 3018 καὶ
1767 2970 1825 3019 ὲν

243 3050 351 3103 δέει
383 3049 642 3119 μεγίστῳ
669 3051 1022 3110 καθίσταντο,
1063 3052 1161 3120 τὴν
1195 3052 1464 3122 Εὑνομίου
1497 3055 1554 3106 ἐν
1577 3059 1689 3117 τοῖς
1709 3056 1827 3108 δια-

246 3142 422 3209 λόγοις
471 3141 764 3211 δεινότητα
810 3144 1181 3211 ὑπειδόμενοι.
1233 3146 1307 3198 Οὐ
1350 3148 1489 3198 πάνυ
1532 3148 1640 3216 γὰρ
1670 3142 1823 3210 οὗτος

245 3237 431 3307 πόρρω
488 3235 745 3304 διάφορος
820 3236 1154 3306 Κυζικηνοῖς
1210 3238 1512 3302 καταστὰς,
1570 3240 1661 3293 ἐπὶ
1724 3240 1823 3309 τῆς

245 3328 550 3397 ἡγεμονίας
580 3328 899 3392 Οὐάλεντος,
932 3329 1029 3397 τῆς
1069 3329 1284 3398 Ἀρείου
1324 3331 1643 3399 συμμορίας
1682 3331 1822 3383 ἐαυ-

244 3420 331 3473 τὸν
363 3419 702 3488 ἀποκρίνας,
741 3421 1045 3489 ἀντιπέραν
1073 3422 1172 3489 τῆς
1221 3422 1632 3475 Κωνσταντίνου
1685 3426 1825 3480 κατά

231 3504 336 3578 ’τὴν
369 3508 428 3561 ἐν
454 3506 690 3576 Βιθυνίᾳ
718 3507 1034 3577 Χαλκηδόνα
1072 3508 1249 3578 ἡσυχῆ
1282 3510 1541 3580 καθῆστο.
1579 3513 1717 3566 Πολὺ
1757 3514 1816 3565 δὲ

247 3601 452 3669 πλῆθος
484 3602 549 3650 ἐκ
577 3600 675 3669 τῆς
709 3599 1031 3664 Βυζαντίδος
1057 3602 1192 3668 πρὸς
1220 3602 1383 3654 αὐτὸν
1404 3602 1785 3673 διεπεραιοῦτο
1807 3622 1821 3637 ο

245 3691 392 3742 ἄλλοι
443 3691 511 3743 δὲ
549 3694 642 3743 καὶ
701 3692 997 3761 ἀλλαχόθεν
1037 3693 1352 3764 συνέρρεον,
1388 3696 1437 3746 οί
1493 3697 1592 3764 μὲν
1629 3700 1826 3766 πεῖραν

250 3788 647 3851 προσάγοντες,
673 3783 721 3835 oi
753 3783 810 3835 δὲ
851 3785 905 3835 εἴ
933 3801 983 3835 τι
1016 3784 1165 3852 λέγοι
1213 3787 1552 3855 καινότερον,
1600 3789 1827 3842 ἀκουσό-

250 3893 424 3942 μενοι.
477 3876 542 3927 Ἠ
578 3875 633 3926 δὲ
667 3876 796 3947 περὶ
830 3876 997 3927 αὐτὸν
1032 3877 1188 3945 φήμη
1226 3878 1320 3929 καὶ
1350 3880 1431 3939 εἰς
1457 3878 1687 3946 βασιλέα
1717 3882 1827 3934 διέ-

220 3968 427 4034 ’τρεχε.
464 3964 577 4017 Καί
604 3966 777 4046 γεκᾶν
806 3966 902 4018 καὶ
942 3968 1022 4027 εἰς
1052 3967 1244 4034 λόγους
1268 3961 1369 4039 ἧκε
1396 3969 1471 4037 τῷ
1507 3968 1742 4038 βασιλεῖ,
1776 3975 1825 4025 εί

252 4058 323 4127 μὴ
350 4061 383 4128 ἡ
417 4059 678 4127 θεοφιλὴς
709 4059 1042 4131 [ιλακίλλαή
1077 4059 1291 4127 βασιλὶς
1329 4061 1595 4114 ἀνέκαθεν
1624 4063 1693 4116 τὰ
1742 4065 1828 4117 δό-

249 4152 414 4216 ξαντα
449 4154 515 4203 ὲν
559 4152 766 4221 Νικαίᾳ
810 4153 1212 4221 πρεσϐεύουσα,
1267 4154 1464 4222 ἐπέσχε
1504 4155 1709 4227 σπουδῇ
1757 4161 1823 4227 τῇ

249 4243 421 4314 πάσῃ,
490 4243 565 4312 μὴ
620 4243 679 4295 τὸ
727 4244 991 4313 παράπαν
1035 4245 1225 4313 ἐκείνῳ
1271 4247 1353 4307 εἰς
1400 4244 1593 4313 λόγους
1628 4249 1823 4304 ἑλϐεῖν.

261 4337 493 4390 Ἐὅεδίει
541 4335 651 4406 γὰρ
682 4337 942 4405 μάλιστα,
1001 4337 1077 4407 μὴ
1112 4339 1246 4407 πρὸς
1287 4339 1386 4399 τὴν
1413 4340 1621 4394 ἐκείνου
1657 4360 1826 4409 μεταο

254 4431 438 4498 στήσοι
472 4429 632 4495 δόξαν
669 4430 757 4481 τὸν
788 4430 957 4502 ἄνδρα
984 4431 1063 4499 τῷ
1108 4430 1384 4501 ἐπαγωγῷ
1416 4430 1509 4484 τοῦ
1534 4432 1698 4501 ἦθους
1730 4437 1826 4489 καὶ

252 4523 328 4590 τῷ
362 4522 458 4574 τοῦ
491 4521 651 4590 λόγου
683 4521 865 4592 δεινῷ.

1932 576 2360 631 commendavit.
2404 578 2471 631 Et
2518 584 2708 646 postea
2758 577 2830 631 ibi
2879 577 2969 647 qui
3016 577 3341 632 Trinitatem
3382 593 3515 631 con-

1936 666 2356 721 substantialem
2400 668 2813 737 profiterentur.
2863 670 3126 723 ecclesias
3161 669 3511 725 obtinebant.

1935 753 2067 809 Erat
2098 755 2143 808 is
2174 771 2372 817 annus,
2406 772 2515 825 quo
2553 755 2849 811 Gratianus
2880 757 2935 811 in
2967 758 3201 827 imperio
3230 760 3508 828 quintum,

1934 846 2281 901 Theodosius
2310 857 2492 901 autem
2523 849 2765 917 primum
2791 851 2983 905 consul
3013 852 3134 906 fuit.
3166 851 3242 906 Ex
3273 867 3384 920 quo
3417 868 3515 905 au-

1936 946 2044 991 tem
2077 939 2261 992 Ariani
2295 954 2448 993 sacra
2478 941 2680 1009 templa
2716 949 3031 1003 tenuerant,
3063 943 3192 996 anni
3236 958 3347 996 non
3378 959 3516 1012 pau-

1933 1031 2112 1084 ciores
2167 1046 2329 1099 quam
2390 1031 2751 1102 quadraginta
2807 1034 2946 1103 lapsi
3003 1043 3184 1089 erant.
3240 1034 3512 1088 Czeterum

1937 1119 2294 1189 Demophilus
2330 1124 2617 1191 expulsus,
2651 1126 2704 1183 in
2739 1125 2975 1193 patriam
3010 1139 3164 1177 suam
3198 1123 3511 1178 Berrltmam

1935 1228 1993 1263 se
2027 1212 2258 1279 recepit.
2297 1212 2623 1268 Theodorus
2657 1216 2946 1269 Antiochia
2982 1217 3211 1285 ejetztus,
3247 1216 3299 1269 in
3336 1216 3514 1270 Tltra-

1936 1304 2100 1368 ciam,
2131 1305 2276 1358 unde
2321 1318 2477 1359 ortus
2514 1307 2710 1371 fuerat,
2745 1307 2904 1361 abiit.
2947 1308 3134 1360 Itidem
3187 1307 3355 1362 etiam
3408 1308 3515 1378 Hy-

1937 1398 2119 1465 patius
2168 1397 2342 1453 Nicaza
2394 1398 2595 1469 Tyrum
2647 1398 2839 1471 Syriae,
2884 1416 3005 1468 qua:
3049 1416 3174 1454 eum
3221 1409 3509 1470 genuerat,

1937 1488 2123 1542 rediit.
2162 1489 2228 1543 Et
2257 1490 2348 1543 alii
2386 1490 2514 1543 itrm
2543 1491 2652 1544 alio
2680 1491 2914 1560 dispersi
2945 1501 3092 1544 sunt.
3123 1491 3290 1544 Porro
3318 1491 3514 1543 Antio-

1936 1579 2077 1634 chia:
2108 1580 2360 1637 Asterius
2408 1591 2463 1637 et
2507 1581 2793 1650 Crispinus
2843 1583 3168 1653 presbyteri,
3209 1591 3264 1635 et
3308 1581 3510 1651 reliqui

1938 1672 2196 1729 fat-tionis
2218 1675 2337 1745 ejus
2364 1690 2485 1743 qua:
2511 1674 2783 1729 Theodori
2813 1675 3057 1744 auspicia
3089 1683 3279 1728 secuta
3310 1674 3510 1740 fuerat,

1937 1765 2311 1821 conciliabqu
2346 1775 2556 1830 coacto,
2589 1766 2655 1820 ad
2703 1766 2846 1835 quod
2902 1768 3067 1825 etiam
3113 1767 3204 1820 alii
3250 1766 3403 1819 tnulti
3445 1782 3513 1820 ex

1936 1860 2133 1913 vicinis
2175 1858 2408 1913 urbibus
2441 1859 2685 1927 episcopi
2720 1874 3051 1921 convenere,
3086 1860 3414 1928 legationem
3444 1858 3513 1913 ad

1935 1951 2314 2007 Eunomianos
2338 1953 2563 2014 misere,
2585 1952 3026 2021 conjunctionem
3050 1953 3517 2007 connnunionem-

1936 2060 2043 2113 que
2074 2058 2265 2097 eorum
2297 2043 2627 2099 ambientes.
2662 2043 2826 2113 236
2850 2044 3061 2109 Quibus
3086 2043 3159 2097 illi
3187 2059 3283 2112 per
3307 2043 3511 2113 cpisto-

1938 2135 2068 2197 lam,
2100 2133 2175 2188 ita
2225 2148 2283 2187 se
2333 2148 2428 2188 eos
2476 2144 2794 2203 recepturos
2832 2151 2953 2187 esse
3001 2135 3425 2202 responderunt,
3464 2135 3509 2189 si

1936 2227 2192 2297 suifragia
2228 2241 2348 2289 sua,
2383 2227 2585 2294 quibus
2615 2228 2753 2281 Aetii
2786 2228 3083 2282 lectionem
3123 2237 3179 2281 et
3217 2243 3514 2282 consecra-

1937 2321 2142 2372 tionem
2178 2318 2597 2383 damnaverant,
2630 2322 3004 2388 antiquarent.
3036 2329 3091 2375 et
3126 2319 3330 2388 scripta
3360 2320 3512 2374 illius
3557 2378 3572 2397 η

1936 2413 2269 2479 reciperent.
2320 2412 2607 2467 Petierunt
2640 2428 2882 2482 quoque.
2920 2422 2979 2468 ut
3012 2415 3176 2467 vitam
3229 2415 3305 2468 illi
3359 2414 3514 2483 prius

1935 2503 2361 2556 lustrationibus
2386 2515 2807 2572 perpurgarent,
2831 2504 2977 2573 quod
3004 2506 3257 2558 videlicet
3279 2506 3513 2575 impuris

1934 2594 2269 2663 quibusdam
2317 2595 2585 2649 institutis
2617 2595 2805 2649 inlecti
2840 2605 3045 2650 essent.
3083 2596 3229 2651 llauc
3259 2597 3335 2651 illi
3368 2597 3511 2665 peti-

1938 2692 2139 2741 tionem
2189 2696 2301 2740 tum
2346 2687 2570 2755 quidem
2624 2699 2975 2756 receperunt.
3031 2689 3223 2743 Postea
3270 2704 3398 2742 vero
3445 2704 3511 2744 eo

1937 2781 2105 2832 etiam
2141 2778 2398 2847 producti
2430 2789 2577 2844 sunt,
2614 2789 2674 2833 ut
2710 2781 2762 2832 in
2796 2779 3196 2835 EcclesiaSticis
3223 2782 3511 2853 conventi-

1935 2871 2036 2923 bus
2085 2871 2358 2925 Eunomio
2404 2881 2462 2925 et
2510 2871 2870 2941 p0pularibus
2918 2872 3175 2926 factionis
3227 2874 3366 2945 ejus,
3412 2889 3511 2942 per

1934 2962 2220 3017 maledicta
2277 2961 2635 3033 detraherent
2675 2979 2690 3016 :
2734 2950 3207 3035 μετεωρολέσχας,
3255 2966 3358 3019 hoc
3401 2976 3508 3028 est,

1931 3056 1997 3108 de
2039 3056 2205 3111 rebus
2243 3055 2569 3111 c‘mleStibus
2614 3052 3055 3126 sublimibuSque
3100 3071 3225 3109 cum
3267 3056 3410 3112 fastu
3452 3069 3511 3112 et

1933 3142 2233 3201 insolentia
2288 3149 2585 3202 verborum
2644 3157 2955 3219 nugautes,
3013 3149 3399 3219 dementiaque
3449 3160 3508 3205 et

1928 3239 2280 3318 improbitate
2307 3240 2520 3309 plenos,
2547 3239 2641 3309 qui
2673 3240 2778 3294 sibi
2811 3241 2936 3294 talia
2964 3241 3352 3311 praetendenda
3379 3256 3503 3297 esse

1927 3314 2287 3395 statuissent,
2341 3347 2437 3385 eos
2495 3333 2974 3402 cognominantes.
3050 3334 3219 3388 Porro
3271 3335 3503 3397 Ariani,

1925 3425 2075 3495 quod
2121 3439 2314 3479 eorum
2369 3440 2480 3479 non
2532 3424 2828 3480 mediocris
2882 3436 3029 3482 esset
3077 3428 3396 3494 multitudo,
3437 3446 3502 3485 ex

1927 3530 2207 3572 momento
2251 3517 2395 3585 quod
2433 3516 2542 3571 illis
2580 3518 2694 3588 jam
2738 3517 2868 3573 inde
2915 3519 2983 3575 ab
3035 3518 3193 3574 initio
3222 3523 3325 3576 sub
3362 3521 3507 3577 Con-

1926 3608 2128 3662 stantio
2157 3616 2212 3662 et
2251 3608 2482 3664 Valente
2512 3618 2844 3673 accesserat,
2880 3622 3026 3665 metu
3068 3612 3221 3667 nullo
3269 3628 3506 3668 conven-

1932 3710 2017 3755 tus
2054 3701 2327 3770 agebant,
2371 3710 2429 3755 et
2467 3701 2535 3756 de
2572 3699 2681 3756 Deo
2729 3712 2894 3772 atque
2927 3703 3045 3771 ejus
3075 3704 3387 3759 substantia
3420 3714 3503 3760 te-

1927 3809 2079 3848 mere
2134 3793 2511 3860 disputabant.
2564 3793 2823 3847 Auimum
2871 3810 3092 3864 quoque
3150 3796 3502 3865 imperatoris

1929 3885 2122 3955 ipsius,
2159 3883 2238 3937 illi
2273 3899 2370 3952 per
2405 3882 2661 3938 factionis
2707 3900 2819 3938 sua:
2864 3885 3139 3950 homines,
3172 3889 3267 3956 qui
3304 3889 3357 3942 in
3396 3888 3504 3943 im-

1928 3977 2119 4047 periali
2148 3976 2271 4029 aula
2288 3975 2675 4041 versabantur,
2702 3976 3025 4031 tentandum
3048 3994 3169 4032 esse
3187 3976 3463 4035 duxerunt
3486 3999 3499 4035 :

1929 4071 2018 4124 illa
2051 4085 2147 4140 spe
2180 4056 2477 4137 concepta,
2501 4070 2646 4122 hunc
2672 4083 2914 4137 quoque,
2951 4070 3111 4137 sicuti
3149 4080 3205 4124 et
3232 4071 3503 4128 Constan-

1929 4162 2090 4225 tium,
2122 4160 2175 4213 in
2211 4167 2534 4227 potestatem
2568 4172 2759 4211 eorum
2795 4159 3091 4212 adductum
3129 4161 3216 4214 iri.
3253 4161 3384 4226 Qua:
3414 4179 3502 4218 res

1928 4258 2007 4311 eis
2039 4267 2259 4322 quoque
2294 4251 2387 4320 qui
2425 4249 2705 4304 catholica:
2742 4248 3004 4303 Ecclesiae
3029 4261 3212 4316 erant,
3244 4267 3497 4322 magnam

1927 4343 2111 4398 attulit
2144 4357 2353 4395 curam.
2388 4341 2732 4408 Quapropter
2765 4338 2818 4392 in
2867 4340 3103 4394 maximo
3137 4341 3291 4396 fuere
3325 4353 3498 4411 metu,

1933 4433 2188 4488 Itlunomii
2223 4433 2278 4485 in
2309 4432 2784 4501 disputationibus
2811 4434 2918 4486 vim
2953 4445 3264 4501 suspectam
3295 4435 3502 4490 baben-

1863 4526 1901 4577 D
1935 4537 2035 4579 tes.
2075 4525 2192 4579 Non
2246 4525 2318 4577 ita
2368 4523 2578 4591 pridem
2630 4524 2776 4576 enim
2827 4524 2898 4591 is,
2940 4539 3061 4576 cum
3110 4525 3212 4578 sub
3263 4526 3502 4581 Valentis

254 4620 491 4690 imperio
550 4636 582 4674 a
632 4620 920 4692 Cyzicenis
973 4620 1237 4675 dissidere
1290 4622 1567 4691 coepisset,
1621 4632 1679 4676 et
1734 4624 1976 4693 seipsum
2017 4622 2086 4676 ab
2141 4619 2470 4674 Arianorum
2526 4617 2820 4672 sodalitate
2881 4622 3498 4690 segregasset,Cltalce-

252 4712 448 4768 donem
493 4714 764 4785 Bithynia:
804 4732 838 4770 e
891 4714 1113 4784 regione
1164 4714 1642 4785 Constantinopoli
1682 4715 1843 4769 sitam
1869 4753 1884 4779 ,
1938 4714 2032 4769 ubi
2073 4713 2323 4782 privatus
2359 4709 2706 4779 considebat,
2748 4726 2808 4766 se
2862 4713 3191 4767 contulerat.
3251 4713 3316 4768 Et
3354 4715 3493 4768 mulc

256 4804 431 4860 titudo
472 4805 669 4874 ingens
720 4820 749 4859 c
789 4800 1268 4873 Constantinopoli
1323 4804 1391 4858 ad
1447 4819 1573 4859 eum
1632 4804 1953 4859 ventitabat.
2011 4803 2117 4857 Alii
2167 4817 2388 4871 quoque
2443 4801 2667 4855 aliunde
2714 4802 2780 4855 ad
2823 4817 2947 4856 eum
2997 4804 3364 4871 conﬂuebant,
3402 4814 3495 4876 qtti

255 4905 453 4970 partim
496 4903 566 4958 de
605 4906 717 4958 vita
765 4912 819 4956 et
858 4901 1107 4955 doctrina
1145 4899 1263 4966 ejus
1302 4897 1608 4967 periculum
1659 4896 1973 4951 faciebant:
2016 4897 2237 4966 partim,
2270 4897 2315 4949 si
2367 4895 2490 4949 novi
2536 4896 2833 4965 quidquam
2876 4898 3100 4958 diceret.
3134 4898 3336 4967 cupide
3368 4916 3495 4955 eum

256 4990 661 5051 auscultaliant.
704 4996 771 5048 Et
804 4997 917 5063 jam
961 4994 1100 5047 fatua
1141 5005 1362 5061 quoque
1411 4990 1652 5044 nominis
1694 4992 1813 5060 ejus
1852 4991 1919 5044 ad
1961 4990 2349 5060 imperatorem
2404 4999 2751 5058 pervenerat.
2806 4988 3018 5043 Fuisset
3071 4991 3160 5045 ille
3208 4992 3272 5045 ad
3322 4996 3495 5048 collo-

258 5094 448 5158 quium
491 5094 656 5145 uiam
704 5088 970 5158 principis
1018 5086 1288 5139 admissus
1314 5123 1327 5146 ,
1375 5083 1479 5135 nisi
1524 5083 1618 5136 Dei
1656 5083 2031 5157 amantissima
2074 5080 2247 5151 ipsius
2285 5082 2482 5151 conjux
2516 5080 2755 5143 Placilla,
2788 5096 2908 5148 qua:
2928 5082 3038 5150 jam
3076 5081 3200 5135 inde
3231 5084 3299 5137 ab
3337 5085 3496 5139 initio

259 5190 480 5243 decreta
510 5184 728 5237 Nicarna
759 5186 1077 5232 constanter
1112 5173 1496 5244 prolitebatur,
1529 5160 1657 5227 cura
1688 5181 1744 5226 et
1777 5173 1963 5226 studio
1991 5172 2138 5225 omni
2172 5172 2494 5225 obsistendo
2523 5172 2625 5224 hoc
2655 5171 2877 5240 egis<et,
2902 5187 2969 5225 ne
3000 5188 3122 5226 cum
3154 5175 3246 5229 illo
3272 5192 3497 5243 prorsus

260 5286 689 5351 colloqueretur.
744 5273 975 5327 Maxime
1027 5269 1230 5339 quippe
1284 5269 1459 5322 verita
1512 5279 1617 5332 est,
1664 5284 1731 5321 ne
1789 5267 2167 5322 institutorum
2220 5267 2340 5322 vitae
2402 5265 2701 5343 illetjebris,
2757 5276 2811 5321 ct
2867 5266 3159 5323 verborum
3223 5274 3270 5326 vi
3330 5284 3497 5345 atque

262 5383 561 5453 gravitate,
614 5376 997 5443 imperatorem
1052 5366 1143 5421 ille
1190 5365 1243 5419 in
1290 5365 1612 5418 sententiam
1663 5378 1817 5417 suam
1867 5363 2185 5418 abduceret.
