3918 6544
456 349 557 413 ’171

933 458 1094 530 337
1136 450 1359 514 CAPUT
1401 454 1494 510 ιχ.

457 552 898 628 υεΔιιιρΙιίίοεΙιίί
920 552 1086 608 Iconii
1113 549 1342 628 episcopi
1359 549 1426 601 ad
1454 545 1797 600 Theodosium
1825 546 2036 600 dicendi

1111 622 1373 676 libertate.

530 741 654 797 Ilaec
684 753 810 795 cum
851 740 928 794 ita
976 738 1194 799 ﬁerent,
1226 750 1291 791 ac
1330 736 1449 805 ejus
1503 734 1578 788 rei
1615 730 1861 787 studium
1891 728 2035 799 apud

459 835 692 890 Arianos
741 832 983 903 vigeret,
1036 844 1266 901 magnus
1309 826 1759 896 Amphilochius,
1808 824 1876 877 de
1925 835 2037 892 quo

457 938 621 984 antea
649 940 872 997 quoque
903 926 1238 980 mentionem
1271 920 1523 980 fecimus,
1559 933 1706 973 unus
1730 932 1801 973 ex
1827 918 1911 971 eis
1940 915 2033 984 qui

457 1034 574 1078 tum
609 1014 1144 1085 Constantinopolim
1188 1014 1551 1074 advenerant,
1588 1008 1885 1079 episcopis,
1924 1022 2035 1060 non

457 1116 550 1170 ille
579 1112 800 1182 quidem
839 1111 893 1164 in
927 1109 1096 1164 rebus
1127 1106 1359 1178 agendis
1387 1112 1664 1168 versatus,
1697 1102 1794 1157 sed
1825 1100 2034 1169 alioqui

459 1221 631 1262 senex
683 1201 1071 1266 venerandus,
1115 1209 1283 1269 atque
1332 1200 1389 1253 in
1446 1198 1614 1253 rebus
1665 1196 1873 1251 divinis
1917 1195 2034 1250 acri

456 1313 646 1354 meme
696 1295 997 1368 praeditus,
1048 1294 1438 1363 imperatorem
1487 1292 1725 1351 adiisse,
1771 1290 1932 1360 eique
1977 1298 2038 1344 ut

453 1390 784 1445 Arianorum
828 1394 1138 1442 conventus
1172 1386 1241 1439 ab
1279 1385 1509 1438 urbibus
1543 1392 1873 1446 semovcret,
1907 1397 2038 1452 sup-

452 1484 690 1555 plicasse
714 1481 940 1537 dicitur.
967 1479 1273 1549 Imperator
1295 1487 1504 1543 autem,
1531 1477 1856 1546 petitionem
1886 1492 2036 1539 eam,

453 1575 603 1645 quod
653 1574 848 1629 durior
896 1572 1366 1640 inhumaniorque
1413 1584 1534 1625 esse
1582 1568 1888 1633 videretur,
1926 1583 2036 1623 non

451 1667 863 1735 comprobavit.
898 1663 970 1719 At
1016 1664 1239 1732 sapiens
1290 1663 1384 1717 ille
1433 1676 1602 1716 senex
1645 1669 1761 1717 tum
1808 1660 2035 1729 quidem

454 1763 654 1815 tacitus
684 1760 841 1822 abiit,
872 1769 928 1814 et
960 1757 1194 1812 consilio
1221 1755 1422 1809 deinde
1455 1752 1784 1824 sapientiora
1815 1753 2028 1808 facinus

451 1854 722 1909 memoria
755 1852 983 1922 dignum
1027 1850 1181 1905 fecit.
1212 1850 1349 1903 Cum
1382 1862 1620 1917 namque
1650 1861 1868 1901 rursum
1904 1860 2030 1900 cum

453 1949 684 2019 reliquis
709 1947 987 2016 episcopis
1024 1946 1076 1998 in
1115 1944 1296 1998 aulam
1345 1944 1607 2007 venisset,
1639 1950 1695 1996 et
1735 1941 2033 2010 imperato-

450 2058 593 2107 rem,
626 2043 698 2096 ita
736 2051 795 2095 ut
826 2040 1005 2105 decet,
1042 2046 1206 2107 atque
1251 2046 1311 2090 ut
1354 2037 1445 2091 alii
1482 2035 1727 2106 episcopi
1765 2038 2032 2098 fecerant,

453 2136 545 2204 pie
591 2144 649 2189 et
699 2133 945 2188 suaviter
995 2131 1290 2185 admodum
1344 2130 1747 2184 consalutasset
1789 2146 1803 2182 :
1861 2126 2031 2183 ﬁlium

455 2227 630 2296 ipsius
672 2224 990 2289 Arcadium,
1027 2223 1121 2292 qui
1174 2237 1354 2291 nuper
1398 2222 1466 2276 ad
1512 2221 1805 2291 imperium
1858 2221 2035 2276 lectus

453 2318 656 2383 fuerat,
691 2334 799 2372 non
831 2317 1023 2372 eadem
1062 2317 1137 2370 illi
1173 2315 1454 2386 impertita
1484 2315 1812 2370 reverentiae
1845 2314 2035 2370 obser-

454 2421 662 2471 Vanl'a,
697 2411 1088 2466 inhonoratum
1126 2409 1373 2479 reliquit.
1418 2410 1619 2465 Verum
1661 2408 1731 2463 ad
1772 2423 1898 2463 eum
1939 2423 2032 2463 ac-

452 2506 675 2565 cedens,
703 2514 760 2558 et
792 2504 957 2558 veluti
996 2518 1119 2557 cum
1162 2496 1338 2572 puero
1377 2502 1722 2571 colloquens,
1754 2517 2033 2570 manuque

452 2613 580 2651 eum
634 2596 955 2649 den-uirens
992 2612 1007 2650 :
1053 2614 1071 2646 ι
1115 2594 1274 2649 Salve
1304 2603 1363 2649 et
1396 2602 1480 2655 tu.
1512 2608 1544 2648 ο
1576 2608 1736 2663 puer,
1771 2593 1966 2662 inquit.
2008 2613 2026 2644 ι

454 2686 782 2754 Imperator,
837 2685 985 2755 quod
1047 2698 1237 2739 senem
1292 2684 1744 2755 Amphilochium
1821 2685 2033 2740 rudiori

452 2781 639 2833 animo
668 2793 813 2842 esse,
867 2787 924 2832 et
979 2778 1243 2834 rusticius
1277 2793 1439 2849 agere
1484 2778 1852 2845 existimaret,
1893 2795 2032 2848 quo-

456 2870 622 2929 modo
673 2870 846 2924 ﬁlium
894 2870 1136 2924 salutare
1161 2868 1414 2934 deberet,
1454 2870 1663 2926 docuit.
1700 2871 1880 2941 Atque
1918 2872 2030 2933 ille,

453 2962 705 3019 suﬁicere
733 2964 783 3017 ei
815 2963 1080 3018 honorem
1112 2962 1299 3029 talem,
1325 2963 1483 3019 dixit.
1513 2964 1817 3035 Imperator
1846 2975 2031 3018 autem

453 3058 533 3110 ira
568 3056 836 3124 percitus,
867 3064 924 3109 et
958 3056 1130 3110 veluti
1171 3055 1317 3111 ﬁlius
1348 3056 1550 3128 injuria
1592 3055 1821 3112 aﬁ‘ectus
1859 3065 2029 3118 esset,

450 3148 695 3220 graviter
735 3158 1071 3215 commotus,
1117 3163 1245 3204 cum
1284 3149 1539 3204 convicio
1571 3151 1892 3219 episcopum
1930 3148 2032 3202 ab-
2060 3182 2106 3245 ο

451 3241 578 3296 duci
600 3242 786 3311 jussit.
822 3241 918 3297 Ille
944 3255 1110 3310 porro
1140 3242 1392 3312 quamvis
1423 3242 1864 3312 protruderetnr,
1900 3256 2033 3296 con-

454 3346 651 3388 versus
694 3342 875 3387 tamen
934 3334 1257 3403 paululum,
1304 3335 1704 3405 consiliumque
1745 3332 1802 3388 in
1848 3335 2035 3390 animo

451 3424 789 3480 occultatum
857 3425 1148 3494 proferens
1178 3444 1193 3480 :
1233 3445 1252 3478 ι
1289 3427 1550 3491 Videsne,
1575 3428 1772 3495 inquit,
1797 3443 1830 3481 ο
1862 3428 2036 3496 impe-

452 3529 628 3585 rator,
651 3534 814 3590 quam
847 3529 905 3572 tu
929 3519 1238 3589 procaciter
1265 3518 1377 3575 ﬁlio
1402 3520 1609 3574 illatam
1638 3520 2032 3575 contumeliam

456 3627 566 3666 non
609 3611 759 3675 fers,
800 3611 895 3667 sed
935 3612 1312 3667 amaruleuter
1352 3621 1579 3682 propter
1614 3613 2034 3669 submissiorem

455 3704 975 3775 compellationcm,
1010 3704 1064 3758 in
1109 3719 1213 3759 nos
1258 3705 1654 3761 exeandescis?
1693 3704 1785 3761 Sic
1825 3706 2036 3762 scilicet

455 3795 776 3850 existimare
807 3804 860 3849 te
891 3795 1162 3865 oportuit,
1196 3810 1529 3851 succensere
1555 3796 1722 3851 etiam
1751 3797 2032 3853 caelestem

455 3888 855 3956 Imperatorem
884 3896 941 3941 et
963 3888 1180 3943 Patrem
1213 3888 1519 3960 Unigeniti,
1552 3898 1780 3959 prepter
1807 3902 1903 3943 eos
1940 3889 2034 3959 qui

452 3996 564 4036 non
602 3994 950 4037 communem
994 3980 1077 4036 illi
1121 3982 1374 4037 tribuunt
1403 3981 1695 4048 honorem,
1733 3982 1826 4037 sed
1869 3982 2035 4038 dissi-

454 4074 641 4129 milem
690 4085 748 4130 et
794 4075 957 4145 longe
998 4075 1269 4130 minorem
1311 4075 1472 4130 Patre
1501 4088 1700 4130 vocare
1741 4075 1967 4131 audent.
2009 4094 2029 4128 ι

452 4168 759 4239 Imperator
801 4184 924 4223 cum
980 4169 1108 4224 inde
1162 4183 1277 4222 rem
1325 4176 1504 4223 actam
1553 4167 1921 4239 intelligeret,
1979 4177 2037 4223 et

453 4261 620 4316 verba
659 4276 724 4316 ea
762 4260 1158 4324 admiraretur,
1193 4260 1604 4330 quamprimum
1643 4259 1712 4315 ad
1755 4275 1815 4314 se
1851 4274 2035 4316 sacer-

451 4351 640 4406 dotem
669 4350 766 4407 Dei
797 4352 1113 4419 accersivit,
1146 4360 1202 4407 et
1231 4350 1299 4407 ad
1333 4350 1504 4421 pedes
1536 4351 1658 4423 ejus
1686 4350 2030 4421 provolutus,

450 4445 668 4498 veniam
696 4444 767 4498 ab
798 4459 871 4499 eo
902 4446 1082 4515 petiit.
1117 4445 1307 4517 Neque
1340 4444 1501 4499 aliter
1526 4459 1689 4514 quam
1720 4446 1837 4516 ipse
1863 4445 2033 4500 dixis-

1679 334 2118 399 NICEPHORI
2162 334 2511 401 CALLISTI
3598 343 3685 405 772

2741 453 2994 511 ΚΕΦᾹΛ.
3035 453 3114 512 6'.

2143 542 2280 613 Περὶ
2333 542 2440 611 τῆς
2468 543 2618 613 πρὸς
2649 544 2975 615 Θεοδόσιον
3026 544 3372 612 «adducier;
3405 545 3506 600 τοῦ
3535 548 3688 615 ἁγίου

2329 615 2714 683 Ἀμφιλοχίου
2746 614 2848 670 τοῦ
2884 615 3227 671 ἐπισκόπου
3272 618 3534 673 Ἰκονίου.

2210 728 2489 789 Τοιούτων
2550 730 2616 802 δὴ
2677 731 3004 802 γινομένων,
3060 732 3155 787 καὶ
3211 733 3313 800 τῆς
3375 733 3502 804 περὶ
3541 734 3693 788 ταῦτα

2141 821 2379 892 σπουδῆς
2431 824 2583 892 παρὰ
2617 822 2925 893 ’Δρειανσῖς
2953 824 3337 895 ἀκμαζούσης,
3377 824 3587 892 λέγεται
3612 829 3692 881 τὸν

2141 912 2309 965 πολὺν
2345 913 2717 986 ’Δμφιλὸχιον,
2744 914 2806 969 οὗ
2840 918 2935 969 καὶ
2967 916 3163 987 πρώην
3212 917 3581 988 ἐμνήσθημεν,
3609 920 3699 975 ινα

2139 1018 2203 1067 γε
2242 1001 2372 1056 ὅντα
2424 1005 2535 1057 τῶν
2564 1006 2982 1076 έπιδημούντων
3032 1008 3376 1073 ιπισκόπων,
3421 1009 3695 1079 πράγμασι

2142 1092 2243 1161 μὲν
2270 1093 2474 1164 ἣκιστα
2507 1098 2754 1167 έντριδῆ,
2805 1099 3129 1169 πρεσϐύτην
3154 1100 3199 1151 δ’
3238 1100 3422 1164 ἄλλως
3461 1102 3554 1155 καὶ
3581 1110 3698 1175 περὶ

2137 1184 2206 1237 τὰ.
2228 1185 2348 1241 θεῖα
2383 1186 2512 1245 νοξν
2542 1189 2760 1259 ἔχοντα,
2789 1190 3003 1260 βασιλεῖ
3033 1192 3348 1263 προσιέναι,
3383 1197 3476 1248 καὶ
3503 1196 3702 1250 ἀντισο-

2138 1279 2302 1347 λῆσαι
2347 1280 2477 1344 τοὺς
2527 1282 2639 1337 τῶν
2663 1283 2963 1353 ’Δρειανῶν
3013 1286 3305 1354 συλλόγους
3357 1288 3466 1342 τῶν
3505 1288 3701 1343 πόλεων

2139 1371 2547 1437 ἐξελαύνεσθαι.
2588 1378 2648 1431 'U
2703 1379 2763 1432 δὲ
2794 1378 3073 1450 βασιλεὺς,
3125 1380 3202 1442 ὥς
3258 1381 3325 1435 ἂν
3380 1382 3567 1452 ἀπηνῆ
3609 1385 3701 1453 τὴν

2136 1471 2359 1542 αἴτησιν
2383 1473 2756 1543 ἡγησάμενος,
2787 1475 2891 1528 οὐκ
2923 1471 3167 1538 έδιξατο.
3209 1473 3267 1527 ’0
3294 1474 3353 1526 δὲ
3382 1474 3544 1542 σοφὸς
3569 1476 3703 1526 ἐκεῖ·

2139 1580 2229 1627 νος
2281 1566 2623 1637 πρεσϐύτης,
2672 1566 2736 1619 τό
2767 1583 2833 1634 γε
2881 1567 2978 1620 νῦν
3010 1567 3134 1639 εχον
3163 1569 3222 1621 ὲν
3270 1572 3401 1638 σιγῇ
3428 1567 3703 1636 παρελθὼν

2137 1658 2355 1731 ἐπινοίᾳ
2381 1660 2688 1731 σοφωτέρᾳ,
2724 1661 2950 1731 μνήμης
2980 1660 3131 1725 ἄξιον
3173 1661 3526 1730 διεπράξατο.
3551 1659 3708 1722 Αὖθις

2140 1751 2249 1821 γὰρ
2303 1754 2402 1806 σὺν
2435 1755 2548 1816 τοῖς
2599 1753 2814 1816 λοιποῖς
2842 1756 3171 1820 ἐπισκόποις
3218 1758 3300 1819 είς
3350 1756 3424 1809 τὰ
3472 1755 3709 1823 βασίλεια

2142 1839 2455 1916 παρελθὼν,
2492 1846 2584 1899 τδν
2623 1847 2723 1917 μὲν
2748 1847 2994 1917 βασιλέα,
3026 1847 3105 1910 ὥς
3144 1865 3208 1918 γε
3241 1849 3414 1913 εἰκὸς,
3444 1848 3587 1902 καθὰ
3615 1848 3706 1900 καὶ

2141 1938 2191 1990 ol
2219 1939 2399 1992 λοιποὶ
2419 1939 2530 1992 τῶν
2566 1941 2779 2011 ἱερέων,
2811 1942 3102 2011 ἠσπάσατο
3145 1942 3387 2005 εὐσεϐῶς
3419 1943 3515 1996 καὶ
3540 1942 3706 2011 ἠπίως

2144 2030 2291 2099 μάλα
2310 2045 2326 2061 ’
2357 2031 2437 2102 τῷ
2458 2033 2518 2085 δὲ
2548 2032 2642 2086 τοῦ
2698 2034 2960 2104 βασιλέως
2999 2035 3155 2087 παιδὶ
3183 2033 3486 2105 Ἀρκαδίω,
3523 2037 3709 2087 νεωστὶ

2138 2122 2193 2175 δὲ
2223 2123 2321 2193 τὴν
2350 2125 2446 2193 τῆς
2477 2124 2750 2190 βασιλείας
2780 2126 3115 2195 χειροτονίαν
3138 2126 3376 2195 εἰλήφει,
3408 2128 3707 2197 ἀγέραστον

2140 2217 2499 2269 καταλέλοιπε
2569 2218 2644 2289 μὴ
2683 2220 2783 2289 τὴν
2831 2220 2955 2289 ῑσην
2981 2218 3286 2288 ἀπονείμας
3331 2220 3519 2291 τιμήν.
3550 2219 3712 2273 Ἀλλὰ

2142 2311 2478 2377 προσελθὼν,
2540 2313 2685 2365 καθὰ
2726 2312 2792 2382 δὴ
2842 2312 3026 2384 νηπίῳ
3064 2313 3471 2384 διαλεγόμενος,
3499 2312 3575 2383 τῷ
3614 2316 3713 2369 δα-

2141 2401 2322 2472 κτύλῳ
2348 2403 2575 2470 σαίνων,
2617 2422 2637 2455 ι
2678 2406 2909 2477 Χαίροιε
2944 2407 3040 2459 καὶ
3090 2406 3178 2472 σὺ,
3214 2408 3450 2470 παιδίον,
3498 2425 3516 2459 ι
3559 2410 3709 2476 φησί.

2143 2493 2409 2557 Βασιλεὺς
2444 2494 2501 2548 δὲ
2527 2498 2951 2568 ἰδιωτικώτερον
2978 2492 3069 2552 οἶά
3098 2516 3162 2567 γε
3200 2499 3521 2571 πρεσϐύτην
3564 2499 3715 2569 νομε-

2142 2603 2240 2647 σας
2275 2586 2582 2641 διακεῖσθαι
2635 2588 2729 2642 τὸν
2770 2589 3145 2661 ’Δμφιλόχιον,
3175 2591 3330 2653 ὅπως
3364 2591 3449 2645 δεῖ
3473 2591 3714 2654 ἀσπάζε-

2140 2680 2264 2733 σθαι
2286 2680 2379 2733 τὸν
2400 2681 2536 2749 υἱὸν,
2565 2680 2935 2747 ὲξεπαίδευεν.
2967 2683 3030 2738 ’0
3059 2683 3125 2750 δ’,
3159 2702 3178 2735 ι
3208 2683 3472 2755 Ἀπόχρη,
3491 2702 3511 2735 ι
3538 2684 3711 2750 ἔλεγε,

2145 2790 2163 2822 ι
2217 2776 2310 2825 καὶ
2357 2773 2562 2843 ταύτης
2619 2775 2769 2845 αὐτῷ
2835 2776 2937 2846 τῆς
2984 2778 3176 2847 τιμῆς.
3234 2795 3253 2829 ι
3305 2778 3610 2849 Περιοργης
3655 2778 3712 2831 δὲ

2137 2865 2437 2934 γενόμενος
2492 2866 2749 2937 βασιλεὺς
2801 2868 2877 2932 ὡς
2930 2869 3389 2942 περιυϐρισμένῳ
3431 2872 3509 2941 τῷ
3561 2871 3714 2925 παιδὶ

2137 2955 2505 3025 χαλεπαίνων,
2540 2960 2889 3033 μεθ’ὓσρεων
2913 2961 3130 3028 ἐξάγειν
3147 2960 3238 3015 τὸν
3264 2963 3413 3032 ίιρέα
3437 2963 3712 3019 ἐκέλευεν.

2148 3054 2209 3108 ’0
2244 3054 2301 3108 δὲ
2327 3056 2533 3126 καίπερ
2561 3057 2898 3127 ὡῦούμενος,
2933 3059 3134 3129 μικρὸν
3164 3061 3552 3131 ἐπιστραφεὶς,
3584 3060 3710 3129 ἔφη,

2138 3148 2230 3200 τὸν
2282 3150 2498 3218 ἐπινοίᾳ
2574 3150 2958 3221 κρυπτόμενον
3016 3150 3419 3206 ἀνακαλύπτων
3470 3155 3712 3209 σκοπόν

2144 3261 2162 3293 ι
2215 3242 2400 3315 Ὁρᾷς,
2432 3236 2479 3297 ὧ
2530 3244 2781 3315 βασιλεῦ,
2815 3244 2893 3309 ὡς
2940 3246 3002 3298 οὑ
3035 3247 3224 3318 φέρεις
3261 3247 3358 3319 τὴν
3384 3248 3478 3303 τοῦ
3526 3250 3715 3312 παιδὸς

2138 3335 2451 3406 παροινίαν,
2510 3337 2628 3390 ἀλλ’
2668 3339 2804 3409 ημῖν
2855 3338 3206 3409 χαλεπαίνεις
3264 3341 3476 3412 πικρῶς
3512 3341 3595 3413 τῷ
3619 3346 3715 3411 τῆς

2140 3432 2500 3502 προσρήσεως
2554 3432 2876 3502 ὑφειμένως
2910 3432 3070 3487 Οὕτω
3129 3433 3196 3504 δὴ
3239 3436 3484 3508 νομίζειν
3533 3439 3716 3510 χρεὼν

2138 3525 2354 3575 καὶτὸν
2389 3524 2648 3593 οὐράνιον
2681 3524 2921 3578 Βασιλέα
2970 3527 3064 3578 καὶ
3111 3527 3339 3597 Πατέρα
3382 3528 3716 3597 ἀγανακτεῖν

2137 3612 2230 3667 τοῦ
2257 3614 2622 3681 Μονογενοῦς,
2657 3614 2787 3680 τοὺς
2840 3616 2915 3687 μὴ
2944 3600 3007 3668 τὸ
3057 3617 3174 3671 ἴσον
3228 3618 3428 3688 ἐκείνῳ
3480 3625 3716 3691 προσνέ-

2139 3721 2343 3774 μοντας
2373 3708 2564 3776 γέρας,
2595 3706 2711 3761 ἀλλ’
2762 3709 2950 3763 ἄνισον
3001 3712 3097 3764 καὶ
3144 3710 3328 3781 πολλῷ
3372 3712 3466 3767 τοῦ
3500 3715 3717 3785 Πατρδς
3828 3704 3833 3715 ’

2135 3797 2337 3868 ἥττονα
2384 3786 2713 3871 τολμῶντας
2746 3800 3071 3860 ἀποκαλεῖν.
3119 3822 3138 3857 ι
3175 3805 3364 3870 Συνεὶς
3389 3805 3438 3858 δ’
3460 3808 3716 3867 ἐντεῦθεν

2136 3892 2163 3941 ὁ
2196 3890 2451 3961 βασιλεὺς
2481 3893 2551 3946 τά
2580 3911 2640 3946 τε
2670 3897 3041 3967 πεπραγμένα
3072 3899 3166 3951 καὶ
3200 3901 3270 3954 τὰ
3292 3902 3563 3971 εἰρημένα
3592 3905 3719 3958 Θαυ-

2140 3987 2343 4051 μάσας,
2372 3987 2449 4051 ὼς
2478 3987 2645 4058 τάχος
2668 3988 2761 4042 τδν
2794 3990 2949 4061 ἱερέα
2974 3989 3113 4044 Θεοῦ
3150 3994 3541 4064 μετεστέλλετο
3568 4013 3584 4026 °
3624 3999 3717 4052 καὶ

2135 4080 2251 4143 τοῖς
2281 4081 2443 4133 ποσὶν
2478 4080 2692 4135 ἐκείνου
2741 4082 2935 4135 ἑαυτὸν
2971 4083 3340 4156 έπιρῤίπτων,
3378 4088 3716 4161 συγγνώμην

2136 4169 2281 4242 ᾔτει,
2315 4173 2413 4226 καὶ
2444 4172 2522 4242 μὴ
2551 4172 2726 4238 ἄλλως
2750 4173 2898 4245 ἔχειν
2943 4174 3173 4229 ἐτίθετο.
3210 4177 3315 4230 Καὶ
3350 4179 3407 4231 έν
3436 4178 3512 4248 τῷ
3532 4181 3719 4252 ἀσφα-

2137 4263 2224 4319 λεῖ
2251 4268 2569 4336 γενόμενος,
2618 4268 2713 4320 τοῦ
2745 4267 2938 4321 λοιποῦ
2988 4269 3118 4334 τοὺς
3167 4270 3319 4340 παρὰ
3350 4273 3411 4323 τὸ
3458 4271 3625 4339 δόξαν
3660 4277 3716 4326 έν

2136 4356 2185 4410 Ν
2195 4356 2347 4429 maia
2381 4356 2726 4424 δοξάζοντας,
2756 4358 3087 4431 ἐξετρέπετο
3108 4378 3122 4396 ο
3169 4362 3271 4428 τάς
3307 4363 3356 4415 τ’
3384 4361 3473 4416 ἐπ’
3503 4365 3715 4437 ἀγορᾶς

2137 4449 2321 4518 ἔριδας
2376 4449 2476 4503 καὶ
2528 4450 2659 4513 τοὺς
2713 4451 2976 4522 έπικενῆς
3012 4453 3307 4522 συλλόγους
3345 4456 3543 4526 ἀνέσχε
3565 4473 3587 4490 ο
3622 4458 3715 4512 καὶ

452 4541 559 4595 set,
590 4547 651 4587 se
685 4549 801 4588 rem
838 4534 1058 4597 habere,
1091 4543 1375 4605 professus
1416 4551 1521 4592 est.
1559 4537 1726 4609 238
1754 4538 1932 4608 Atque
1974 4540 2027 4594 in

2140 4545 2267 4615 περὶ
2296 4542 2430 4598 Θεοῦ
2463 4544 2561 4598 καὶ
2587 4544 2688 4614 τῆς
2718 4545 2886 4599 αὐτοῦ
2917 4520 3138 4615 φύσεως
3167 4520 3362 4619 λόγους
3385 4520 3558 4603 κινεξν
3586 4569 3716 4605 παν.

450 4638 521 4678 ea
569 4625 845 4680 sententia
897 4628 1294 4691 conﬁrmatus,
1343 4641 1536 4699 postea
1581 4645 1678 4685 eos
1729 4630 1821 4702 qui
1869 4631 2031 4686 aliter

450 4731 620 4786 quam
646 4715 843 4772 Nicaeae
871 4725 1134 4773 statutum
1168 4718 1368 4785 fuerat,
1394 4719 1779 4791 Opinarentur,
1811 4737 2032 4777 aversa-

450 4794 575 4862 ιιιῖ
577 4815 683 4863 est.
712 4807 1114 4866 Contentiones
1146 4812 1203 4866 in
1249 4811 1368 4866 foro
1401 4823 1455 4867 et
1493 4814 1687 4869 inanes
1720 4825 2031 4872 conventus

450 4899 697 4955 inhibuit
728 4901 829 4970 (I),
863 4901 1331 4972 disputationibus
1360 4904 1427 4960 de
1462 4903 1571 4961 Deo
1596 4914 1652 4961 et
1681 4917 1877 4963 natura
1903 4910 2024 4992 ejus

451 4992 618 5048 ﬁnem
665 4997 894 5052 omnino
943 4998 1246 5068 imposuit:
1276 5007 1333 5053 et
1373 5000 1769 5056 constitutione
1810 5004 2029 5072 publice

450 5088 757 5156 proposita,
791 5089 1095 5159 periculum
1130 5093 1223 5162 qui
1267 5092 1316 5146 ei
1355 5109 1465 5147 non
1499 5104 1773 5163 parerent,
1813 5097 2022 5151 denun-

2138 4635 2378 4689 τάπασιν
2397 4636 2629 4692 ἔπαυσε.
2663 4637 2771 4689 Καὶ
2789 4637 2954 4709 νόμον
2980 4640 3027 4692 δ’
3052 4640 3144 4693 ἐπὶ
3175 4640 3344 4711 μέσου
3377 4644 3593 4713 ὁρίσας,
3615 4646 3713 4698 οὐκ

2137 4730 2425 4784 ἀκίνδυνον
2457 4731 2692 4785 ἐποιεῖτο
2719 4730 2811 4784 τὸν
2840 4731 2916 4803 μὴ
2948 4732 3285 4802 φυλάττοντα
3306 4750 3321 4765 ι
3348 4737 3710 4807 προσηπείλει

2142 4823 2330 4893 μέντοι
2365 4823 2459 4877 καὶ
2495 4824 2766 4895 τιμωρίαν
2794 4825 3027 4895 ἐπάγειν
3075 4826 3155 4897 τῷ
3189 4826 3458 4899 τολμητῇ.
3490 4827 3710 4894 Ἐξελα-

2140 4914 2349 4967 θέντων
2398 4913 2446 4967 δ’
2475 4915 2729 4968 ἐντεῦθεν
2761 4917 3063 4987 Ἀρειανῶν
3093 4935 3154 4971 τε
3189 4919 3283 4970 καὶ
3331 4918 3707 4988 Εὑνομιανῶν,

2137 5009 2185 5059 οἱ
2211 5009 2311 5076 τῆς
2343 5006 2639 5077 ὀμοουσίου
2679 5006 2917 5071 πίστεως
2949 5008 3059 5060 τῶν
3103 5008 3409 5078 ἐκκλησιῶν
3437 5012 3710 5083 κατεκρά-

2134 5116 2330 5170 τησαν.

452 5183 640 5246 tinvit,
675 5199 893 5255 put-nam
940 5186 989 5242 ei
1023 5203 1245 5258 quoque
1277 5190 1370 5259 qui
1411 5202 1603 5245 contra
1636 5194 1825 5249 venire
1896 5213 2065 5255 ausus
2101 5209 2267 5261 esset,
2298 5198 2689 5253 comminatus.
2755 5199 2832 5254 Ita
2865 5200 3094 5268 factum,
3123 5211 3183 5256 ut
3214 5202 3431 5257 Arianis
3452 5214 3508 5258 ct
3534 5204 3708 5259 Euno-

452 5277 657 5335 mianis
690 5280 883 5349 pulsis,
913 5282 1007 5336 τοῦ
1055 5285 1369 5354 ὁμοουσίου,
1417 5286 1931 5357 consubstantialis,
1981 5294 2107 5350 ﬁdei
2147 5284 2489 5364 professores
2516 5295 2782 5351 ecclesias
2807 5298 3253 5353 moderarentur.

524 5422 604 5494 (I)
630 5421 969 5483 Theodosius
988 5430 1349 5486 conventibus
1369 5432 1601 5507 publicis
1626 5441 1787 5489 secta:
1808 5434 2023 5490 Ariana:
2060 5436 2362 5501 interdicit,
2391 5439 2427 5492 l.
2464 5454 2498 5492 ιι
2528 5438 2589 5493 C.
2628 5438 2700 5493 De
2731 5456 2870 5494 sum.
2896 5439 3039 5496 Trin.
3071 5451 3119 5495 et
3146 5440 3242 5509 ῥά.
3272 5443 3412 5496 cath.

2023 5649 2102 5674 κ
