3918 6552
203 383 304 445 777

1158 388 1754 451 ECCLESIASTICAS
1794 368 2195 455 Hismara."
2221 391 2361 453 LIB.
2404 388 2539 452 XII.

3332 386 3441 451 778

198 492 546 561 κοσμοῦντεςο
576 490 622 545 οἳ
651 493 716 564 δὴ
752 494 954 558 πάντες
994 494 1053 548 τ’)
1087 497 1335 567 πραχθὲν
1365 500 1755 566 μυσαττόμενοι

1866 511 2171 559 successor,
2224 505 2279 551 et
2327 495 2421 551 alii
2485 493 2877 564 quamplurimi
2930 493 3199 563 episcOpi,
3232 493 3441 564 egregii

195 585 299 639 τῶν
326 586 647 651 Αἰγυπτίων
673 586 1064 658 διακριθέντες,
1100 590 1179 659 τῷ
1215 591 1439 661 μεγάλῳ
1470 592 1761 664 Γρηγορίῳ

199 677 451 745 συνῆσαν.
484 680 594 732 Καὶ
620 680 735 749 ἀμα
764 680 1064 750 γινόμενοι,
1093 683 1190 745 τάς
1211 700 1270 736 τε
1296 686 1641 755 πανηγύρεις
1667 687 1761 740 καὶ

198 771 412 833 τελετὰς
460 773 560 825 καὶ
610 772 832 841 σύμπαν
866 776 930 842 τῇ
976 774 1275 846 Ἐκκλησία
1321 778 1383 829 τὸ
1437 777 1649 840 είωθδς,
1685 779 1761 843 ὡς

196 863 350 925 εἰκὸς,
384 862 560 927 ἀδεῶς
592 864 899 917 ἐπετέλουν.
933 864 1041 930 Οὒς
1063 869 1091 920 ό
1119 867 1260 931 θεῖος
1292 870 1594 938 παρεκάλει
1621 871 1763 940 Γρη-

197 958 390 1028 γόριος,
411 961 824 1025 ἐπιεικέστατος
850 964 945 1016 καὶ
967 962 1300 1033 ἀτυφότατος
1318 965 1437 1018 εἶπε
1446 983 1477 1036 ρ
1503 983 1586 1029 τις
1611 966 1759 1034 μάλα

199 1052 499 1119 γενόμενος,
538 1058 855 1123 συμφωνεῖν
905 1056 1042 1123 πρὸς
1085 1058 1353 1129 ἀλλήλους
1388 1058 1628 1123 ἑλέσθαι,
1668 1059 1761 1113 καὶ

197 1145 287 1215 τὴν
314 1145 547 1216 εἰρήνην
598 1145 966 1210 ἀσπάζεσθαι·
998 1149 1080 1203 ὅτι
1119 1167 1175 1218 γε
1212 1151 1310 1204 καὶ
1345 1150 1444 1222 τὴν
1473 1151 1760 1223 συνάθροι-

198 1255 275 1291 σιν
298 1237 384 1289 διὰ
414 1238 623 1308 ταύτην
656 1240 938 1305 γενέσθαι’
967 1243 1062 1296 καὶ
1098 1246 1373 1315 προτιμᾷν
1410 1245 1509 1315 μὲν
1561 1245 1757 1318 αὐτὴν,

196 1327 281 1394 τῆς
305 1325 347 1376 δ’
371 1327 493 1388 ἐνὸς
524 1326 739 1391 ἀδικίας
770 1330 976 1401 ὑπερορ
993 1331 1067 1400 ἓν.
1105 1350 1124 1382 ι
1155 1334 1262 1387 Καὶ
1286 1334 1393 1405 γάρ
1420 1334 1549 1404 ἐγὼ,
1579 1336 1756 1406 ἔλεγε,

196 1419 292 1472 τῶν
337 1420 553 1474 πολλῶν
592 1424 889 1493 φροντίδων
928 1427 1283 1496 ἀπαλλαγεὶς,
1312 1429 1413 1499 τὴν
1453 1430 1517 1482 ἐκ
1556 1431 1759 1485 πολλοῦ

200 1530 279 1581 μοι
311 1513 474 1583 φίλην
523 1511 680 1579 αὖθις
732 1518 964 1588 ἡσυχίαν
1014 1520 1357 1591 άσπάσομαι·
1400 1525 1494 1577 καὶ
1543 1523 1757 1596 ύμῶνή

197 1605 660 1673 περισπούδαστος
689 1609 880 1678 εἰρήνη
925 1609 1297 1681 προσγένηται
1336 1612 1474 1681 μετά
1507 1614 1598 1666 τὸν
1646 1632 1756 1681 μα-

196 1695 315 1763 κρὸν
336 1697 548 1749 ἐκεῖνον
575 1700 671 1752 καὶ
700 1699 1214 1770 δυσκαταγώνιστον
1239 1703 1498 1774 πόλεμον,
1522 1705 1756 1775 Ἔμοιγε

196 1790 292 1857 γὰρ
317 1790 421 1841 τῶν
453 1788 577 1842 λίαν
607 1792 826 1844 ἀτόπων
860 1790 999 1847 εἶναι
1038 1793 1337 1862 λογίζεται,
1372 1797 1496 1866 ἄρτι
1527 1797 1628 1867 τῆς
1650 1798 1757 1852 τῶν

1868 587 2090 642 virtutis
2138 587 2359 642 athletae
2383 585 2447 642 ὀι
2478 593 2890 641 concertateres
2918 625 2932 648 ,
2968 585 3278 639 doctrinam
3332 585 3440 639 vita

1869 680 1983 750 ipsa
2011 688 2360 735 exornantes.
2378 678 2479 746 Qui
2505 693 2695 733 omnes
2715 677 2918 732 factum
2940 679 3046 734 tale
3065 687 3441 738 exsecrantes,

1868 788 1926 827 se
1955 772 2023 826 ab
2069 771 2336 843 Egyptiis
2383 773 2762 841 sejunxerunt,
2823 780 2881 826 et
2929 770 3196 840 Gregorio
3242 784 3439 840 magno

1867 863 2164 919 affuerunt.
2218 863 2375 935 24],
2412 863 2546 918 Nam
2581 877 2688 917 una
2737 877 2862 917 cum
2910 877 2976 916 eo
3006 872 3329 921 conventus.
3382 870 3439 916 et

1867 964 2113 1018 sacra,et
2149 956 2285 1010 ritus
2303 955 2579 1018 Ecclesiae,
2612 964 2838 1025 recepto
2865 970 3019 1010 more
3050 969 3242 1009 omnes
3265 953 3441 1009 libere

1868 1048 2220 1118 peragebant.
2264 1048 2413 1114 Quos
2443 1049 2663 1104 divinus
2692 1047 3014 1120 Gregorius,
3039 1048 3082 1103 si
3110 1048 3236 1117 quis
3271 1047 3436 1113 alius,

1866 1149 1923 1194 et
1960 1140 2077 1210 ipse
2120 1141 2393 1197 humanus
2444 1150 2501 1197 et
2549 1142 2772 1197 humilis
2797 1180 2813 1205 ,
2849 1141 3084 1196 maxime
3114 1140 3441 1196 adhortatus

1866 1243 1970 1297 est,
2001 1241 2057 1287 ut
2094 1234 2446 1289 concordiam
2476 1242 2530 1289 et
2569 1249 2753 1303 pacem
2783 1234 2928 1289 inter
2961 1248 3040 1299 se,
3067 1234 3228 1304 cujus
3260 1233 3436 1304 gratia

1866 1336 2172 1382 conventus
2205 1342 2424 1398 quoque
2451 1337 2673 1383 coactus
2701 1334 2874 1390 esset,
2896 1327 3168 1395 colerent,
3203 1341 3439 1397 eamque

1868 1417 2082 1489 injuriae
2108 1419 2348 1474 hominis
2377 1418 2561 1485 unius,
2612 1433 2773 1487 quam
2806 1429 3161 1474 contemnere
3191 1418 3434 1482 deceret,

1864 1511 2205 1582 praeferrent.
2244 1530 2263 1563 ι
2296 1510 2409 1583 Ego
2442 1511 2611 1577 enim,
2648 1511 2846 1581 inquit,
2878 1512 3028 1568 curis
3071 1511 3257 1566 multis
3296 1511 3436 1566 libe-

1865 1612 2035 1666 ratus,
2089 1611 2398 1672 exoptatam
2445 1602 2578 1657 mihi
2608 1602 2816 1658 dudum
2859 1611 2915 1658 et
2941 1612 3146 1673 gratam
3189 1603 3430 1673 quietem

1867 1710 2180 1767 persequar.
2232 1695 2298 1751 Et
2344 1695 2502 1752 vobis
2550 1696 2735 1763 simul,
2785 1696 3258 1767 postdiuturnum
3294 1696 3430 1751 illud

1866 1796 1919 1841 et
1950 1788 2372 1860 inexpugnabile
2401 1787 2629 1852 bellum,
2670 1795 2821 1843 tanto
2847 1788 3031 1843 studio
3063 1789 3298 1857 expetita
3326 1804 3432 1859 pax

197 1883 439 1934 ἐναντίων
471 1885 660 1954 μάχης
694 1859 1139 1954 ἀπαλλαγέντας,
1178 1889 1299 1942 κατ’
1323 1859 1755 1959 ἀλλήλωνόπλί-

1862 1879 2161 1950 contiuget.
2187 1879 2306 1935 Meo
2344 1880 2567 1950 quidem
2593 1880 2806 1951 judicio
2836 1879 3237 1949 perabsurdum
3260 1891 3434 1945 esset,

199 1974 392 2039 ζεσθαι,
420 1979 516 2029 καί¹
550 1976 768 2046 βάλλειν
795 1979 869 2042 ὡς
905 1978 1087 2051 ἔτυχε,
1122 1981 1215 2034 καὶ
1246 1981 1343 2053 τὴν
1370 1983 1527 2054 ἰσχὺν
1555 1985 1613 2037 ἐν
1646 1987 1758 2048 τοῖς

200 2068 267 2139 μὴ
305 2072 684 2140 προσήκουσιν
734 2071 1073 2127 ἀναλίσκειν·
1125 2072 1271 2128 οὕτω
1310 2075 1420 2145 γάρ
1472 2076 1757 2148 ἐπίχαρτοι

199 2162 280 2214 καὶ
307 2164 412 2225 τοῖς
444 2162 743 2230 δυσμενέσι
777 2163 1233 2235 γενοίμεθα.Εἱ’γε
1262 2168 1445 2220 τοίνυν
1479 2168 1604 2237 ἐμοὶ
1640 2171 1760 2222 πεί-

198 2253 383 2316 θοισθε,
412 2236 590 2325 ἄνδρα
619 2257 743 2310 τινὰ
786 2257 1085 2328 εὑρηκότες
1124 2258 1217 2312 τοῦ
1255 2258 1449 2330 θρόνου
1479 2236 1754 2327 ἀντάξιον,

196 2344 281 2397 καὶ
312 2341 434 2396 νοῦν
480 2343 631 2397 θεῖον
663 2343 873 2413 ἔχοντα,
920 2347 1021 2414 τὴν
1059 2346 1160 2416 τῆς
1208 2347 1536 2417 Ἐκκλησίας
1580 2351 1757 2421 τούτῳ

198 2435 514 2502 προστασίαν
546 2432 836 2488 ἀνάθεσθε·
866 2435 924 2495 ὃς
955 2436 1074 2508 Θεῷ
1105 2435 1547 2509 κυϐερνώμενος,
1575 2440 1758 2503 καλῶς

196 2526 289 2595 ἄρα
311 2525 550 2579 διάθοιτο
576 2528 775 2582 πάντα.
802 2546 821 2580 ι
854 2527 1079 2593 Τούτοις
1109 2530 1309 2583 ἐκεῖνοι
1343 2531 1417 2602 μὴ
1449 2532 1756 2602 ἀντιλέγειν

198 2617 414 2686 ἔχοντες,
445 2618 549 2670 καὶ
576 2618 803 2680 ἄκοντες
833 2618 1159 2675 ἐνεδίδοσαν.
1196 2621 1306 2675 Καὶ
1332 2622 1425 2676 τὸν
1458 2622 1555 2693 μὲν
1591 2625 1758 2679 Κυνι-

197 2711 280 2765 κον
309 2711 565 2779 Μάξιμον
593 2709 757 2773 εὐθὺς
782 2710 880 2781 τῆς
916 2711 1204 2782 ἱερατικῆς
1243 2713 1403 2780 ἀξίας
1427 2715 1755 2785 γυμνώσαν-

197 2820 294 2867 τες,
328 2804 431 2856 τῶν
472 2805 639 2874 ἱερῶν
686 2803 991 2874 περιϐόλων
1046 2805 1357 2877 ἐξήλαυνον,
1412 2809 1755 2878 ἐκκήρυκτον

200 2897 572 2967 ποιησάμενοι,
603 2897 697 2950 καὶ
736 2896 824 2951 διὰ
872 2898 934 2952 τὸ
964 2899 1294 2968 παραλόγως
1334 2900 1433 2971 μὲν
1470 2900 1551 2972 τῷ
1579 2902 1756 2974 θρόνῳ

198 2990 544 3061 ἐπιπηδῆσαι,
573 2991 808 3060 μάλιστα
838 2991 884 3044 δ’
907 2992 1012 3055 ὅτι,
1045 2991 1238 3063 ὥσπερ
1269 2993 1507 3066 εἴρηται,
1534 2996 1627 3048 καὶ
1655 2998 1757 3068 τῆς

207 3081 609 3153 Ἀπολλιναρίου
646 3082 1069 3152 φρενοόλαὸείας
1099 3083 1355 3155 ἔμπλεως
1379 3087 1753 3160 καθειστήκει.

1861 1969 1905 2023 si
1936 1985 2109 2039 nuper
2123 1971 2418 2026 admodum
2443 1971 2661 2027 hostilis
2676 1986 2872 2041 pugna:
2887 1970 3131 2040 periculo
3161 1968 3428 2036 defuncti,

1861 2074 2010 2115 arma
2054 2061 2199 2117 inter
2245 2077 2345 2117 nos
2375 2063 2522 2132 ipsos
2565 2078 2907 2118 sumeremus
2934 2101 2949 2127 ,
2998 2071 3054 2116 et
3102 2062 3261 2116 sicuti
3307 2076 3430 2117 sors

1859 2148 2047 2216 ferret,
2080 2152 2183 2206 tela
2217 2161 2421 2208 temere
2468 2154 2869 2225 eonjiceremus
2892 2194 2908 2219 ,
2960 2155 3239 2223 roburque
3264 2169 3429 2209 omne

1859 2241 1917 2296 in
1973 2243 2173 2313 quibus
2234 2244 2460 2299 minime
2502 2240 2677 2318 decct_
2701 2245 3095 2303 certaminibus
3141 2261 3434 2302 consume-

1861 2347 2066 2388 remus.
2101 2333 2193 2389 Sic
2222 2335 2430 2390 scilicet
2466 2336 2718 2392 hostibus
2749 2352 2970 2407 quoque
2998 2337 3153 2407 ipsis,
3184 2347 3245 2393 ut
3277 2330 3430 2393 clade

1860 2434 2043 2480 nostra
2071 2425 2407 2493 laetarentur,
2427 2445 2646 2485 causam
2678 2431 3066 2502 pra-heremus.
3084 2433 3433 2505 Quapropter

1860 2516 1906 2571 si
1947 2518 2241 2573 consilium
2279 2536 2461 2575 meum
2509 2524 2662 2595 sequi
2716 2525 2914 2581 voletis
2938 2565 2954 2592 ,
2985 2525 3104 2580 viro
3132 2528 3296 2582 alicui
3334 2543 3432 2597 per

1862 2609 2306 2681 disquisitionem
2331 2614 2575 2681 invento,
2609 2619 2703 2687 qui
2733 2619 2913 2673 divina
2943 2628 3123 2675 mente
3147 2621 3429 2691 przndilus,

1860 2704 1989 2759 sede
2040 2706 2142 2761 hac
2171 2706 2369 2776 dignus
2403 2708 2495 2774 sit,
2528 2709 2733 2780 quique
2770 2710 2877 2767 Deo
2905 2712 3150 2767 actiones
3176 2713 3297 2784 ejus
3327 2729 3431 2784 gu-

1858 2792 2147 2860 bernante,
2181 2796 2285 2850 rite
2320 2797 2502 2850 omnia
2531 2807 2588 2852 et
2618 2799 2809 2865 ordine
2834 2799 2996 2854 faciat
3025 2810 3191 2871 atque
3222 2802 3432 2857 consti-

1811 2957 1818 2964 .
1863 2893 2000 2951 tuat,
2044 2887 2290 2941 ecclesiae
2330 2887 2710 2958 przefeeturam
2757 2891 3133 2946 committetis.
3169 2912 3187 2944 ι
3221 2893 3425 2948 Contra

1859 2976 2023 3033 verba
2058 2977 2197 3045 lucc,
2226 2994 2351 3034 cum
2385 2985 2529 3050 quod
2564 2980 2841 3046 dicerent,
2877 2998 2985 3038 non
3023 2983 3307 3049 baberent,
3344 2988 3431 3041 vel

1860 3068 2015 3124 inviti
2044 3070 2094 3126 ei
2128 3073 2518 3130 cesserunt.Et
2540 3073 2826 3129 confestim
2858 3075 3144 3132 Maximum
3163 3077 3425 3150 Cynicum

197 3174 482 3244 Γρηγόριος
541 3175 597 3229 δὲ
647 3176 738 3230 τὸν
774 3175 962 3246 θρόνον
1005 3177 1203 3242 λιπὼν,
1233 3180 1327 3234 ἐπὶ
1371 3180 1469 3251 τὴν
1523 3182 1755 3253 πατρίδα

1862 3162 2157 3233 episcopali
2195 3164 2461 3235 dignitate
2491 3165 2754 3222 nudatum
2787 3162 2952 3238 atque
2978 3173 3428 3229 excommunica-

198 3265 485 3333 Ναζιανζὸν
516 3267 787 3339 ἀνεχώρει
818 3264 997 3334 αὖθις,
1032 3271 1124 3324 καὶ
1154 3272 1336 3341 ἠσυχῆ
1372 3272 1616 3345 καθῆστο
1640 3276 1757 3331 διά-

199 3377 298 3429 γων
346 3361 469 3415 καθ’
532 3361 748 3426 ἑαυτὸν,
813 3362 1008 3433 μηδενὶ
1072 3363 1371 3419 σκανδάλου
1434 3368 1756 3423 καταλιπὼν

198 3453 470 3521 πρόφασιν,
507 3452 588 3525 τῷ
642 3452 783 3507 ἑκὼν
834 3455 1194 3527 ὑποχωρῆσαι
1240 3455 1337 3509 τοῦ
1384 3458 1595 3524 θρόνου.
1645 3461 1756 3515 Καί

196 3562 251 3611 γε
283 3547 425 3600 τόνδε
461 3547 559 3600 τὸν
593 3545 762 3615 ἄνδρα
809 3546 1125 3616 σοφώτατον
1175 3550 1324 3619 μάλα
1373 3550 1757 3621 διαγενόμενον

199 3640 283 3690 καὶ
321 3641 427 3692 τῶν
472 3639 654 3694 ἄλλων
702 3640 920 3693 πάντων
958 3639 1144 3702 ἕνεκα,
1196 3641 1294 3711 οὐχ
1333 3642 1535 3712 ἥκιστα
1570 3644 1626 3697 δὲ
1661 3647 1756 3700 καὶ

195 3731 277 3782 τοῦ
303 3733 566 3801 παρόντος
598 3732 776 3784 ἔπεισί
819 3749 907 3801 μοι
945 3732 1273 3801 θαυμάζειν.
1316 3734 1456 3789 Οὔτε
1494 3737 1600 3808 γὰρ
1650 3739 1755 3793 ὑπὸ

194 3821 283 3888 τῆς
327 3820 663 3888 εὐγλωττίας
714 3819 944 3890 ἐπῆρτο,
995 3819 1119 3875 οὔτε
1175 3824 1284 3892 μὴν
1341 3825 1527 3894 ἥττονι
1588 3828 1756 3897 κενῆς

194 3908 334 3980 δόξης
351 3911 596 3978 ὀφθέντι,
620 3911 805 3981 ἔφεσις
830 3913 1146 3984 ὑπεισὲρρει
1174 3918 1502 3985 προστατεῖν
1551 3920 1754 3990 smn.

197 4002 303 4065 σίας
329 4003 622 4073 τοσαύτης,
648 4003 714 4075 ἢν
745 4003 871 4073 μηδ’
895 3999 1034 4057 εἶναι
1061 3996 1499 4069 κινδυνεύουσαν.
1528 4011 1586 4072 ἐς
1617 4011 1749 4064 πολύ

195 4109 241 4145 τι
283 4096 373 4147 καὶ
425 4096 574 4163 μέγα
620 4095 900 4149 ἐπιδοῦναι
947 4096 1063 4158 ταῖς
1102 4096 1330 4161 οἰκείαις
1374 4097 1753 4164 διδασκαλίαις

197 4190 654 4257 παρεσκευάσατο·
691 4187 824 4240 ἀλλά
856 4188 948 4239 καὶ
986 4189 1085 4259 τὴν
1122 4190 1603 4260 παρακαταθήκην
1638 4195 1751 4255 τοῖς

1862 3266 1974 3314 tum
2000 3257 2209 3313 aedibus
2236 3258 2407 3314 sacris
2434 3260 2733 3330 ejecerunt,
2766 3277 2889 3316 cum
2917 3266 3063 3332 quod
3097 3274 3296 3336 praeter
3340 3281 3431 3321 ra-

1863 3352 2067 3407 tionem
2098 3350 2380 3421 illegitime
2401 3350 2657 3405 thronum
2685 3353 2977 3409 invasisset
2996 3364 3141 3420 ,tum
3170 3359 3424 3423 maxime,

1860 3443 2021 3498 sicuti
2058 3442 2262 3498 dictum
2283 3452 2389 3510 est,
2420 3443 2566 3514 quod
2587 3445 2941 3515 EApollinaris
2980 3451 3306 3506 vecordibus
3341 3453 3426 3506 iu-
3488 3489 3504 3500 .

1863 3536 2146 3607 temperiis
2175 3537 2498 3606 agitaretur.
2534 3536 2832 3609 Gregorius
2855 3548 3037 3595 autem
3060 3542 3188 3598 sede
3217 3544 3424 3608 relicta,

1860 3628 1911 3682 in
1969 3629 2197 3698 patriam
2253 3628 2589 3683 Nazianzum
2647 3646 2924 3695 reversus,
2976 3633 3141 3686 vitam
3184 3637 3427 3705 quietam

1857 3721 2102 3789 privatus
2157 3722 2459 3791 transegit:
2516 3737 2696 3793 neque
2746 3723 2984 3793 cuipiam
3027 3740 3092 3778 eo
3138 3727 3281 3795 quod
3329 3742 3426 3784 sua

1857 3821 2051 3882 sponte
2084 3812 2281 3868 throno
2311 3815 2498 3877 cessit,
2523 3814 2761 3869 scaudali
2783 3816 2898 3871 sive
2918 3817 3231 3873 omendieuli
3261 3835 3424 3875 occu-

1857 3907 2063 3960 siouetu
2097 3905 2352 3974 praebuit.
2392 3905 2497 3961 Sed
2539 3908 2686 3961 enim
2722 3908 2902 3961 virum
2954 3910 3103 3965 hunc
3130 3910 3289 3983 longe
3330 3930 3423 3967 sa-

1854 3997 2280 4067 pientissimum,
2314 4011 2438 4051 cum
2470 3997 2604 4052 alias
2645 3997 2717 4052 ob
2751 4013 2836 4053 res
2873 4014 3064 4055 omnes
3091 4001 3269 4065 valde,
3304 4011 3419 4058 tum

1853 4104 1986 4143 vero
2014 4088 2114 4143 hac
2143 4088 2259 4158 ipsa
2300 4089 2366 4144 de
2397 4104 2560 4143 causa
2599 4105 2708 4144 non
2745 4091 2925 4146 minus
2962 4093 3219 4149 admirari
3262 4096 3420 4151 libet.

1853 4180 2041 4251 Neque
2089 4181 2235 4235 enim
2285 4181 2635 4251 eloquentia,
2664 4197 2768 4251 qua
2822 4183 3117 4253 plurimum
3162 4185 3420 4256 pollebat,

192 4289 496 4347 ἐπισκόποις
526 4281 687 4343 εὐθὺς
718 4278 1023 4342 ἀπέδωκεν,
1056 4279 1179 4334 οὔτε
1213 4282 1340 4346 τοὺς
1381 4284 1577 4347 πόνους
1613 4302 1747 4354 προ-

1862 4272 1918 4325 ad
1974 4273 2287 4342 superbiam
2331 4273 2509 4327 elatus
2541 4282 2667 4327 est:
2717 4289 2894 4341 neque
2929 4275 2997 4329 ab
3033 4276 3181 4331 inani
3239 4281 3411 4349 gloria

194 4378 509 4448 ϐεϐλημένος
535 4375 568 4447 ἢ
598 4372 725 4433 τοὺς
752 4370 1056 4435 κινδύνους,
1080 4371 1174 4435 οὓς
1202 4373 1453 4445 διήνεγκε
1489 4377 1625 4443 πρὸς
1651 4377 1749 4439 τάς

195 4476 415 4542 αἱρέσεις
460 4466 815 4537 ζυγομαχῶν.
865 4465 1062 4518 Καίτοι
1092 4482 1157 4533 γε
1202 4454 1262 4517 τὸ
1312 4467 1748 4535 προσιστάμενον

1852 4365 2049 4431 victus,
2085 4363 2613 4420 administrationem
2651 4367 2896 4422 ecclesia:
2934 4376 3096 4424 tantm-
3133 4374 3417 4441 expetivit,

1851 4472 2015 4528 quam
2050 4457 2186 4527 ipse,
2219 4472 2345 4511 cum
2374 4472 2540 4528 prope
2561 4457 2672 4528 jam
2704 4458 3022 4525 iuteriisset,
3049 4461 3117 4515 ad
3145 4478 3264 4520 eam
3301 4481 3422 4520 rur-

194 4539 356 4630 ὀλίγον
384 4563 417 4633 ἦ
448 4561 603 4614 οὐδὲν
652 4554 744 4628 ἦν,
792 4555 932 4610 ὥστε
974 4555 1227 4625 κατέχειν
1277 4556 1368 4608 τὸν
1421 4556 1615 4626 θρόνον
1650 4561 1743 4611 καὶ

1862 4565 1973 4606 sum
2029 4548 2446 4618 amplitudinem
2493 4549 2743 4604 doctrina
2784 4565 2882 4605 sua
2922 4565 3248 4622 provexerat
3280 4560 3417 4612 :Sl‘d

194 4656 425 4724 ἡγεῖσθαι
455 4657 554 4722 τῆς
590 4648 1030 4712 Κωνσταντίνου,
1053 4647 1242 4716 ἐτέρου
1273 4647 1572 4701 ἐπισκόπου
1604 4651 1745 4704 κατά

1862 4641 1997 4725 illico
2036 4639 2309 4709 cpisc0pis
2347 4639 2659 4710 depositum
2699 4641 2961 4707 reddidit,
2994 4661 3172 4716 neque
3203 4647 3420 4705 labores

195 4747 481 4812 Ναξιοινζὺν
520 4740 1099 4813 ἐπικηρυχθέντος.”ἰι
1144 4755 1207 4807 γε
1255 4738 1361 4810 μὴν
1408 4739 1625 4803 σύνοδος
1676 4742 1744 4795 τὰ

1862 4746 1987 4802 quos
2011 4731 2316 4800 pertulerat
2341 4739 2435 4784 aut
2471 4731 2717 4801 pericula
2740 4748 2861 4803 qua:
2896 4733 3156 4791 adversus
3178 4736 3418 4794 IItBI‘CSt‘S

193 4840 247 4904 ἐξ
272 4839 493 4909 ἀρχαίου
520 4836 864 4905 φυλάττουσα
895 4831 1080 4899 ἔθιμα,
1115 4830 1143 4882 ὃ
1170 4830 1527 4900 ἐγχειρίσασα
1560 4831 1741 4903 ὤφθη,

1862 4841 1943 4893 per
1974 4824 2293 4879 intestinum
2327 4822 2530 4878 bellum
2552 4839 2798 4894 pugnans
2820 4826 3050 4894 adierat,
3079 4832 3370 4898 praetendit
3395 4850 3410 4885 :

196 4930 309 5000 παρ’
338 4931 551 4990 ἐκόντος
583 4926 876 4995 ἀπείληφε,
905 4923 1073 4992 μηδὲν
1100 4922 1199 4975 ὅσα
1229 4921 1308 4990 τῷ
1344 4921 1501 4991 ἀνδρὶ¹
1533 4924 1743 4993 προσῆ-

1862 4918 2007 4990 242
2035 4934 2159 4973 cum
2195 4916 2419 4986 quidem
2457 4927 2516 4971 ut
2543 4921 2727 4972 sedem
2756 4932 2874 4973 eam
2911 4921 3212 4987 retineret,
3244 4933 3299 4978 et
3326 4938 3416 4978 ec-

194 5037 281 5072 σαν
310 5022 421 5074 θεῖα
458 5018 930 5085 πλεονεκτήματα,
962 5011 1144 5075 αἰδοῦς
1170 5009 1472 5076 ἀξιώσασα.

1862 5013 2066 5068 :lesiatn
2085 5009 2722 5080 Constantinopolianam
2735 5010 3161 5077 administraret,
3182 5014 3290 5067 alio
3297 5014 3407 5087 jam
3452 5035 3457 5041 ·

191 5115 421 5169 Naziauzi
446 5116 704 5185 episcopo
745 5111 1021 5165 declarato
1048 5149 1063 5173 ,
1101 5109 1184 5162 vel
1222 5124 1411 5177 parum
1441 5149 1454 5171 ,
1488 5109 1574 5163 vel
1601 5109 1735 5164 nihil
1775 5124 2001 5180 prorsus
2041 5106 2411 5177 impedimenti
2475 5115 2642 5161 esset.
2711 5106 2889 5176 Atque
2920 5108 3161 5178 synodus
3187 5111 3408 5194 quidem

193 5222 356 5263 mores
418 5210 631 5279 priscos
676 5221 1029 5267 conservans,
1066 5203 1119 5258 id
1151 5203 1296 5274 quod
1362 5203 1415 5258 ei
1476 5204 1530 5259 in
1582 5221 1776 5261 manus
1818 5205 2139 5271 tradiderat,
2207 5203 2276 5259 ab
2326 5204 2442 5273 ipso
2482 5218 2591 5258 non
2637 5203 2809 5258 invito
2845 5203 3050 5273 recepit
3079 5220 3094 5257 :
3128 5206 3263 5261 nihil
3290 5222 3413 5263 om-

191 5302 306 5357 nino
358 5303 571 5359 divinas
621 5299 819 5363 dotes,
871 5312 992 5366 quie
1044 5297 1098 5350 iu
1155 5310 1223 5349 eo
1270 5297 1386 5351 viro
1432 5306 1634 5361 erant,
1676 5298 1936 5353 reverita.

756 5409 1006 5461 ΚΕΦΔΛ.
1046 5407 1148 5460 IB’.

189 5505 312 5573 Περὶ
339 5506 481 5569 ,ϐίου
518 5501 615 5556 καί
644 5498 883 5573 ἀγωγῆς
908 5498 1258 5573 ζνεκταρίου,
1304 5496 1372 5573 de
1408 5498 1739 5573 Γρηγόριρν

248 5569 541 5638 διεδέξατο
567 5589 579 5600 ·
638 5571 739 5624 καὶ
792 5570 873 5633 ὡς
902 5570 1436 5639 ἀρτιβαπτισθεὶςι
1468 5571 1569 5623 ἐπὶ
1625 5569 1739 5637 τὴν

253 5645 534 5714 καθέδραν
565 5641 902 5696 ἀνέϐαινεν.

250 5737 485 5805 Μεγίστη
514 5734 572 5787 δὲ
608 5734 703 5786 καὶ
730 5730 1176 5803 πεφροντισμένη
1206 5730 1369 5805 βουλὴ
1397 5731 1472 5802 τῷ
1496 5748 1551 5784 τε
1586 5730 1737 5801 βασι-

2440 5402 2663 5458 CAPUT
2702 5402 2815 5457 XII.
2831 5456 2843 5469 ι

1848 5500 1921 5554 De
1953 5501 2059 5553 vita
2086 5507 2133 5550 et
2159 5494 2383 5550 moribus
2416 5494 2675 5556 Nectarii,
2720 5494 2958 5565 Gregorii
2985 5499 3294 5553 successoris
3319 5514 3337 5554 :
3365 5508 3414 5554 et

1916 5579 1972 5622 ut
2002 5584 2167 5690 asper
2203 5566 2525 5636 baptizatus,
2570 5567 2873 5621 cathedram
2916 5567 3264 5639 episcapalem
3293 5586 3416 5624 con-

1916 5656 2030 5690 scen
2071 5647 2189 5690 erit.

1914 5647 2189 5693 accnderit.

1916 5730 2185 5786 Caeterum
2211 5729 2443 5783 maxima
2472 5744 2602 5783 cura
2650 5738 2703 5784 ct
2735 5728 3059 5785 deliberatio
3090 5728 3410 5801 imperaturi

194 5829 266 5882 λεῖ
294 5832 383 5886 καὶ
417 5830 528 5891 τοῖς
563 5827 887 5888 ἐπισκόποις
937 5824 1176 5892 ἐγένετο,
1228 5826 1321 5879 καὶ
1359 5825 1595 5896 μάλιστα
1644 5825 1736 5877 τοῦ

1862 5831 1898 5881 :t
1929 5822 2229 5897 CpISC(lDIS_
2255 5820 2645 5889 incumbebat,
2687 5823 3020 5894 imperatore
3069 5823 3411 5892 potissimum

385 5934 652 5989 Ρλτιιοι..
684 5924 778 5987 Gn
837 5920 1078 5986 CXLVI

2970 5923 3023 5951 re

2971 5945 3046 5980 Εἰ)
