3918 6546
192 383 285 449 781

1097 379 1698 441 ECCLESlASTlC.’E
1744 380 2133 440 HISTORIA?!
2177 382 2317 443 LiB.
2366 381 2507 442 ΧΠ.

3308 384 3416 447 782

194 499 375 560 πάντες
406 492 711 563 συμϐάντες
755 493 855 565 τὴν
897 493 992 548 τοῦ
1032 493 1367 565 κρατοῦντος
1406 493 1589 563 ψῆφον
1620 491 1736 546 ἐκύ-

1848 507 2066 559 canum,
2089 501 2149 547 ut
2189 508 2405 561 :uquum
2437 492 2637 552 fuerat,
2658 490 2928 545 initiatum
2958 490 3128 546 fuisse
3159 491 3415 561 opinatus

192 608 326 660 ρουν,
355 586 512 649 εὐθὺς
539 586 756 656 ἐμυεῖτο
784 585 1112 653 Νεκτάριος.
1138 585 1261 637 Ἔτι
1305 584 1359 636 δὲ
1394 586 1492 653 τὴν
1538 599 1734 653 μυστι-

189 683 281 752 κὴν
304 681 501 750 ἐσθῆτα
533 677 929 749 ἠμφιεσμένος,
968 680 1122 746 κοινῇ
1175 677 1274 746 τῆς
1309 676 1527 729 συνόδου
1571 676 1738 745 ψήφῳ

191 775 279 843 τῆς
299 771 701 827 Κωνσταντίνου
739 770 1039 831 ἐπίσκοπος
1071 769 1430 839 ἀνηγόρευτο.
1465 766 1650 820 Ταῦτα
1692 766 1738 820 δ’

190 866 318 919 οὕτω
345 863 616 933 συμϐῆναι
667 861 880 927 πολλοῖς
925 861 1246 933 ἐπιστεύθη,
1292 858 1428 913 Θεοῦ
1462 859 1539 928 τῷ
1580 862 1738 929 βασις

190 960 262 1011 λεῖ
281 960 601 1027 χρήσαντος.
629 954 691 1009 Εἰ
718 955 766 1009 δ’
796 955 1019 1023 ἀληθὲς,
1053 956 1166 1008 εἴτε
1197 954 1290 1007 καὶ
1322 954 1419 1022 μὴ,
1455 954 1556 1005 οὐκ
1583 952 1735 1005 sisi-

193 1067 286 1101 παν
313 1050 432 1117 ἐμοὶ
459 1048 821 1114 ἀκριϐοῦσθαι
854 1045 1024 1100 ἔστιν*
1054 1045 1290 1112 ἐμαυτὸν
1317 1045 1361 1097 δ’
1390 1046 1499 1113 ἄρα
1525 1044 1741 1096 πεισαί-

195 1159 306 1209 μην,
334 1139 404 1211 μὴ
432 1139 588 1192 ἀθεεὶ
610 1139 707 1209 τὴν
733 1139 990 1211 τοιαύτην
1022 1138 1297 1208 συμϐῆναι
1334 1137 1552 1206 πρᾶξιν,
1576 1134 1657 1205 τῷ
1676 1151 1735 1186 τε

191 1231 327 1297 ἀήθει
354 1233 448 1299 τῆς
472 1231 809 1299 χειροτονίας
835 1230 927 1282 καὶ
951 1227 1110 1298 ξένῳ,
1138 1229 1234 1283 καὶ
1258 1231 1367 1289 τοῖς
1399 1227 1537 1295 μετὰ
1558 1227 1734 1278 ταῦτα

188 1320 649 1388 τεκμηριούμενος.
708 1320 881 1391 Upim
934 1320 1043 1388 γὰρ
1097 1319 1211 1373 ὄντι
1270 1317 1369 1371 καὶ
1420 1316 1611 1386 ἀγαθῷ
1664 1315 1731 1367 τὰ

191 1417 364 1469 ταντα.
392 1412 541 1474 sua;
583 1412 716 1463 Θεὸν
746 1412 846 1482 τὴν
884 1412 1185 1482 ἱερωσύνην
1209 1409 1298 1463 διὰ
1322 1410 1422 1476 τῆς
1460 1407 1736 1477 τοσαύτης

193 1502 387 1554 συνίδου
433 1503 741 1571 ἐγχειρίσαι
794 1503 964 1573 αὐτῷ.
1010 1501 1073 1555 'H
1125 1503 1223 1572 μὲν
1275 1497 1372 1554 οῦν
1423 1499 1735 1569 Νεκταρίου

191 1593 466 1663 χειροτονία
516 1593 659 1646 οῦτω
702 1593 803 1665 τὴν
850 1595 1024 1665 ἀρχὴν
1071 1593 1350 1662 συμϐᾶσα,
1395 1592 1599 1645 τοιόνδε
1642 1596 1736 1647 καὶ

189 1685 339 1753 πέρας
365 1684 536 1737 αἴσιον
566 1684 744 1756 ἔσχεν.

1838 595 1946 640 est.
1980 587 2090 656 Ego
2111 601 2243 641 vero
2270 600 2378 641 non
2412 584 2530 640 sine
2548 593 2684 639 nutu
2718 582 2812 639 Dei
2852 583 2955 638 hoc
2979 582 3244 639 accidisse
3261 593 3414 654 puto.

1843 678 2020 747 Atque
2057 677 2147 732 ubi
2175 677 2227 731 id
2265 677 2519 747 princeps
2544 690 2763 746 quoque
2790 675 3030 737 rescivit,
3065 677 3315 744 quamvis
3344 691 3416 732 ex

1840 768 2119 838 episcopis
2148 768 2301 821 multi
2334 780 2523 823 contra
2555 768 2882 831 niterentur,
2917 768 2969 820 in
3015 770 3287 821 sententia
3336 776 3417 821 ta-

1846 877 1972 915 men
2005 877 2099 916 sua
2136 860 2225 916 ille
2270 860 2604 929 conquievit.
2640 860 2932 929 Postquam
2957 874 3089 912 vero
3112 899 3126 922 ,
3159 860 3252 928 qui
3288 875 3422 913 con-

1846 962 2135 1016 venerant,
2180 967 2371 1005 omnes
2407 953 2751 1021 imperatoris
2807 934 3079 1005 calculum
3123 951 3418 1004 conﬁrma-

1846 1059 1992 1108 runt,
2015 1044 2293 1112 extemplo
2316 1042 2607 1098 Nectarius
2635 1043 2908 1112 baptismo
2941 1040 3185 1095 initiatus
3206 1079 3219 1101 ,
3251 1048 3417 1109 atque

1835 1137 2142 1191 etiamnum
2186 1134 2419 1206 mySIica
2449 1143 2601 1189 veste
2626 1134 2876 1194 indutus,
2909 1133 3295 1187 communibus
3328 1146 3422 1203 sy-

1839 1222 1968 1276 nodi
2005 1222 2280 1289 sull‘ragiis
2305 1222 2596 1291 cpiscopus
2632 1221 3113 1290 Constantinopoli
3171 1222 3422 1277 declara-

1837 1321 1926 1367 tus
1984 1323 2090 1367 est.
2152 1310 2276 1367 llaec
2313 1313 2391 1366 sic
2430 1313 2723 1379 accidisse,
2769 1312 2877 1368 Deo
2924 1325 3184 1383 tanquam
3219 1313 3396 1367 instru

1844 1415 2030 1467 mento
2063 1402 2180 1473 ipso
2209 1405 2459 1474 principe
2495 1415 2702 1472 uleutc,
2743 1422 2773 1461 a
2803 1408 2992 1461 multis
3012 1408 3283 1462 credi-.um
3309 1416 3416 1462 est.

1845 1497 1955 1551 Sed
1986 1512 2247 1551 verumne
2285 1497 2335 1549 id
2371 1500 2462 1559 sit,
2513 1514 2581 1552 an
2610 1513 2791 1563 secus,
2826 1497 3099 1554 allirmare
3129 1512 3281 1554 certo
3310 1514 3419 1552 nou

1844 1605 2088 1662 possum.
2108 1591 2236 1645 Mihi
2267 1591 2487 1661 quidem
2515 1594 2630 1661 ipse
2657 1595 3045 1662 persuaserim.
3074 1608 3188 1647 rem
3211 1602 3419 1647 tantam
3492 1606 3501 1621 ι

1846 1698 1955 1737 non
1986 1684 2105 1738 sine
2132 1683 2479 1739 Providentia
2521 1684 2708 1739 divina
2738 1694 2917 1741 actam
2954 1701 3094 1748 esse.
3129 1700 3255 1740 cum
3289 1698 3422 1754 pro~

191 1787 294 1845 pter
316 1777 591 1832 insolitum
612 1796 922 1851 novumque
957 1779 1244 1836 electionis
1316 1787 1372 1833 et
1427 1776 1864 1833 consecrationis
1930 1792 2159 1839 morem,
2225 1785 2339 1859 tum
2376 1787 2602 1848 pr0pter
2638 1794 2831 1833 earum
2866 1795 3050 1834 rerum
3081 1795 3203 1848 quae
3227 1791 3421 1833 conse-

190 1883 308 1925 cutae
336 1874 1345 1944 sunt,magnitudinem,conjecturam
1365 1874 1507 1927 hanc
1525 1872 1756 1927 faciens.
1795 1870 1959 1943 2M
1996 1870 2151 1937 Quod
2182 1889 2417 1943 namque
2450 1874 2718 1945 placidus,
2785 1883 2840 1929 et
2882 1872 2936 1927 in
2971 1875 3132 1928 rebus
3160 1872 3421 1930 onmibus

189 1966 341 2021 bonus
370 1966 488 2031 fuit,
520 1968 826 2023 verisimile
853 1979 957 2031 est,
989 1969 1159 2025 Deum
1193 1970 1268 2023 illi
1318 1984 1415 2037 per
1455 1968 1726 2039 synodum
1761 1977 1988 2030 tantam,
2050 1967 2431 2055 episcopatum
2480 1968 2840 2025 commisisse.
2907 1966 3265 2023 Consecratio
3299 1966 3422 2036 qui-

187 2063 288 2113 dem
331 2059 559 2115 Nectarii
617 2061 721 2116 tale
764 2069 1056 2118 consecuta
1100 2063 1318 2117 initium
1342 2100 1358 2127 ,
1391 2063 1733 2131 auspicatum
1772 2074 1994 2129 quoque
2021 2060 2215 2116 habuit
2244 2062 2430 2118 linem.

764 2180 1017 2234 ΚΕΦΔΛ.
1057 2179 1158 2236 1Γ’.

192 2272 306 2337 Περὶ
334 2266 415 2341 ὧν
462 2272 499 2338 ἡ
550 2272 695 2341 ἁγία
724 2273 971 2341 δευτέρα
1002 2273 1398 2340 ὀίκουμενικὴ
1452 2272 1740 2327 ἐθέσπισε

250 2340 518 2411 σύνοδος.
541 2340 834 2396 διελοῦσα
854 2340 961 2408 τὰς
985 2345 1297 2411 ἐπαρχίας.
1323 2341 1651 2411 κυρώσασά
1676 2359 1739 2395 τε

250 2411 432 2474 tith
468 2410 694 2484 Νικαίᾳ
722 2414 952 2478 πίστιν,
973 2414 1072 2484 καί
1102 2410 1171 2484 τὸ
1198 2410 1441 2481 Πνεῦμα
1470 2415 1534 2467 τὸ
1568 2413 1740 2484 ἅγιον

249 2482 680 2551 θεολογήσασα,
716 2484 981 2549 κανόνας
1020 2482 1277 2548 ἐξέθετο.

252 2655 465 2708 Ἔπειτα
512 2657 570 2718 ἐς
631 2658 796 2710 ταυτδ
849 2659 899 2710 οἱ
953 2660 1117 2729 ἱερεῖς
1167 2659 1409 2724 ἅπαντες
1466 2663 1740 2723 συνιόντες

200 2746 294 2815 ἅμα
332 2747 642 2819 Νεκταρίῳ,
693 2751 969 2818 τάσφαλὲς
1019 2750 1111 2803 τὸν
1164 2752 1290 2821 ὅρον
1342 2752 1487 2822 ἔχειν
1538 2754 1634 2823 τῆς
1680 2758 1741 2807 ἐν

195 2838 370 2911 Νικαίᾳ
416 2842 660 2906 πίστεως
709 2845 1102 2913 ἐπρυτάνευον,
1154 2844 1251 2897 καὶ
1300 2848 1483 2898 πᾶσαν
1526 2846 1739 2916 αἵρεσιν

198 2932 559 3001 ἀπεκήρυττον.
637 2935 742 2985 Καὶ
812 2938 911 2995 τὰς
972 2935 1240 3005 ἐπαρχίας
1298 2935 1736 3006 διανειμάμενοι,

196 3014 504 3095 πατριάρχας
537 3028 911 3094 κατέστησαν·
960 3025 1255 3081 ὲθέεπισάν
1308 3044 1369 3081 τε
1424 3031 1565 3082 κατὰ
1614 3033 1739 3093 τοῦς

198 3115 341 3167 πάλαι
362 3119 592 3180 κανόνας
617 3117 744 3179 τοὺς
770 3119 1107 3181 ἐπισκόπους
1131 3120 1223 3172 ἐπὶ
1242 3119 1353 3173 τῶν
1382 3120 1527 3173 ίόίων
1554 3122 1739 3191 μένειν

198 3207 491 3279 ἐκκλησιῶν,
527 3213 736 3284 καὶμὴ
782 3212 855 3276 ὠς
910 3214 1072 3283 ἔτυχε
1120 3217 1236 3277 ταῖς
1280 3214 1591 3286 ἀλλοτρίαις
1624 3218 1739 3269 ἐνο-

200 3301 321 3370 ρίαις
361 3305 700 3370 ἐπιδαίνειν,
768 3304 904 3376 μηδὲ
968 3308 1261 3383 ἀκλήτους
1305 3308 1470 3380 μηδὲν
1532 3328 1739 3380 προση-

199 3395 391 3457 κούσαις
432 3399 795 3468 χειροτονίαις
829 3399 1170 3454 ἐπιϐάλλειν.
1197 3401 1370 3454 Τοῦτο
1408 3403 1517 3471 γὰρ
1546 3404 1739 3473 πρώην

2428 2181 2652 2240 CAPUT
2693 2182 2837 2240 Xlll.

1843 2270 1922 2324 De
1937 2272 2125 2346 quibus
2154 2273 2305 2346 rebus
2352 2284 2535 2346 sancta
2568 2276 2795 2329 secunda
2841 2276 3152 2330 universalis
3188 2275 3419 2346 synodus

1911 2342 2121 2414 decreta
2150 2342 2351 2405 tulerit,
2398 2344 2641 2398 dimcrscs
2673 2356 2721 2397 et
2770 2347 3068 2414 provincias
3106 2342 3421 2400 ecclesiasti-

1911 2429 1998 2466 cas
2013 2413 2278 2488 ordinans
2311 2428 2329 2465 :
2377 2424 2423 2466 et
2468 2423 2524 2466 ut
2568 2413 2851 2488 Nirwnom
2883 2420 3020 2470 idem
3047 2416 3419 2488 comprobata,

1913 2492 1962 2535 et
1989 2483 2064 2557 de
2082 2482 2282 2557 Spiritu
2303 2496 2485 2537 sancto
2522 2487 2840 2541 sententiam
2869 2502 3130 2557 exponens
3151 2482 3173 2552 ,’
3196 2503 3420 2541 canones

1911 2553 2224 2619 condiderit.

1910 2666 2110 2723 Postea
2160 2668 2405 2738 episcopi
2451 2684 2645 2726 omnes
2682 2686 2790 2724 una
2833 2685 2957 2725 cum
3003 2671 3259 2727 Nectario
3289 2686 3424 2728 con-

1841 2760 2070 2830 gregati,
2129 2768 2189 2813 ut
2232 2760 2465 2815 Nicaeum
2507 2760 2632 2815 fidei
2677 2763 2956 2816 decretum
3005 2773 3217 2819 certum
3253 2776 3418 2827 esset,

1840 2858 2269 2912 constituerunt.
2321 2856 2581 2912 Haeresitn
2634 2873 2853 2913 omnem
2910 2858 3242 2913 damnarunt
3285 2872 3303 2912 :
3365 2870 3423 2914 et

1839 2949 2145 3019 provinciis
2174 2949 2386 3015 divisis,
2418 2949 2756 3019 patriarchas
2806 2952 3231 3006 constituerunt.
3280 2950 3427 3007 San-

1841 3052 2037 3096 xerunt
2061 3057 2279 3112 quoque
2313 3043 2462 3110 juxta
2495 3053 2707 3098 veteres
2752 3059 3026 3107 canones,
3071 3055 3131 3099 ut
3173 3045 3419 3114 episcopi

1842 3134 1895 3187 in
1935 3134 2183 3189 ecclesiis
2237 3135 2353 3189 suis
2388 3145 2690 3199 manentes,
2710 3152 2816 3190 non
2868 3145 3072 3191 temere
3100 3138 3152 3191 in
3185 3138 3422 3193 aliarum

1841 3227 2162 3282 dimcesium
2208 3228 2344 3282 lines
2377 3229 2711 3291 transirent,
2746 3245 2883 3283 neve
2913 3243 2971 3284 se
3004 3230 3303 3301 illegitituis
3329 3248 3423 3285 or-

1840 3318 2218 3374 dinationibus
2250 3335 2358 3373 non
2384 3320 2559 3373 vocati
2587 3318 2897 3389 ingererent
2929 3337 2943 3374 :
2983 3320 3034 3374 id
3062 3322 3210 3391 quod
3235 3333 3419 3388 antea,

1841 3426 1966 3465 cum
2012 3412 2340 3466 universalis
2370 3410 2613 3467 Ecclesia
2666 3412 3150 3483 persecutionibus
3173 3415 3421 3486 exagita-

201 3490 487 3556 συνέϐαινε,
551 3492 655 3560 τῆς
707 3492 939 3546 καθόλου
1000 3494 1326 3565 Ἐκκλησίις
1374 3494 1735 3565 διωκομένης.

1848 3511 2019 3567 retur,
2051 3502 2255 3557 factum
2290 3503 2490 3557 fuerat.
2524 3503 2876 3574 Quaecunque
2928 3519 3057 3558 vero
3092 3504 3234 3574 apud
3257 3521 3424 3575 quos-

198 3581 316 3633 Ὅσα
355 3600 415 3651 γε
472 3585 581 3654 μὴν
634 3586 765 3655 παρ’
825 3586 1080 3649 ἑκάστοις
1134 3585 1450 3656 συμδαίνει,
1486 3591 1585 3656 τὴν
1641 3590 1737 3640 τοῦ

199 3674 356 3739 ἔθνους
414 3679 657 3741 σόνοδον,
707 3678 784 3742 ὠς
855 3682 1042 3751 ἐκείνῃ
1086 3680 1335 3749 κριθείη,
1398 3680 1623 3735 διοικεῖν
1678 3699 1736 3734 τε

202 3770 275 3819 καὶ
310 3771 582 3837 πράττειν.
610 3774 765 3826 Μετὰ
806 3772 864 3825 δὲ
910 3777 1002 3826 τὸν
1036 3773 1259 3843 Ῥώμης
1316 3772 1405 3827 τὸν
1440 3775 1536 3844 τῆς
1588 3775 1740 3827 Κων-

205 3863 452 3916 σταντίνου
479 3866 784 3918 ἐπίσκοπον
810 3867 869 3919 τὸ
897 3866 1187 3938 πρεσϐεῖον
1218 3866 1386 3936 ἔχειν,
1415 3868 1510 3921 an
1545 3868 1606 3938 δὴ
1640 3869 1738 3939 τῆς

198 3954 305 4017 νέας
340 3955 551 4027 Ῥώμης
576 3957 709 4011 δντα
735 3958 1050 4029 ἐπίτροπον.
1076 3959 1151 4011 Ού
1187 3958 1349 4028 μόνον
1380 3959 1487 4029 γὰρ
1523 3962 1555 4031 ἡ
1584 3959 1737 4023 πόλις

198 4044 319 4099 οὕτω
341 4052 793 4121 προσηγορεύετο,
825 4051 1088 4124 γερουσίᾳ
1115 4067 1175 4105 τε
1210 4053 1302 4106 καὶ
1327 4053 1519 4122 δήμων
1548 4058 1736 4124 τιμαῖς

200 4142 279 4193 καὶ
300 4148 478 4215 ἀρχαῖς
505 4146 854 4215 ἐσεμνύνετο·
882 4148 1020 4201 ἀλλὰ
1049 4150 1145 4203 καὶ
1170 4150 1415 4221 σύμϐολα
1447 4154 1540 4203 καὶ
1572 4150 1736 4220 ἔθιμα

201 4234 293 4284 τῶν
319 4240 370 4287 ἐν
407 4239 607 4310 Ἰταλίᾳ
647 4239 937 4304 Ῥωμαίων
966 4238 1148 4312 ηὔχει·
1176 4242 1247 4295 τά
1280 4259 1339 4295 τε
1369 4246 1508 4312 γέρα
1539 4244 1631 4296 καὶ
1669 4245 1737 4295 τὰ

199 4327 251 4377 ἐκ
274 4333 418 4398 τιμῆς
443 4332 628 4384 δίκαια
659 4333 857 4404 ἐπίσης
879 4332 1117 4403 ἑκατέρα
1152 4334 1241 4386 ἴσα
1269 4330 1356 4405 ἦν.
1392 4335 1607 4404 Ἀμέλει
1642 4337 1739 4387 καὶ

202 4420 462 4493 κληροῦται
510 4425 820 4494 Νεκτάριος
870 4426 970 4494 τὴν
1014 4426 1238 4497 Θρᾴκην
1289 4427 1461 4497 αὐτὴν
1497 4430 1590 4479 καὶ
1639 4427 1736 4498 τὴν

203 4513 569 4581 Μεγαλόπολιν
617 4520 718 4589 τὴν
766 4519 822 4573 δέ
870 4519 1011 4573 κατὰ
1059 4520 1261 4573 Πόντον
1311 4519 1582 4588 διοίκητιν
1630 4518 1737 4571 ἀπὸ

205 4603 412 4658 Βιθυνῶν
445 4608 603 4679 ἄχρις
649 4609 953 4680 Ἀρμενίων
997 4607 1253 4674 Ἑλλαδίῳ
1286 4607 1363 4678 τῷ
1399 4610 1540 4676 μετα
1573 4608 1738 4660 Βασί-

202 4692 319 4748 λειον
342 4701 429 4769 τῆς
457 4702 836 4753 Καππαδοκῶν
868 4700 1205 4770 ὴγησαμένῳ
1231 4700 1439 4764 ἔδοσαν,
1473 4701 1565 4754 καὶ
1592 4702 1737 4772 Γρη-

202 4790 347 4860 γορίῳ
376 4791 451 4861 τῷ
483 4794 726 4863 Nasam-
757 4793 992 4857 πόλιςδέ
1029 4799 1121 4847 καὶ
1148 4792 1288 4864 α’ύτη
1328 4794 1733 4848 Καππαδοκῶν.

1848 3609 1956 3663 que
1988 3594 2322 3658 acciderent,
2353 3604 2413 3650 ut
2442 3597 2621 3666 gentis
2646 3596 2766 3666 ejus
2795 3596 3037 3667 synodus
3063 3614 3162 3669 pro
3188 3600 3418 3657 arbitrio

1847 3700 1948 3739 suo
1977 3701 2040 3740 ea
2074 3686 2356 3747 ordinaret
2383 3698 2439 3744 et
2474 3698 2763 3743 statueret.
2808 3689 3100 3759 Praeterea,
3129 3701 3187 3745 ut
3218 3707 3418 3748 secun-

1846 3778 1977 3832 dum
2036 3779 2295 3833 Romana:
2326 3780 2479 3835 urbis
2522 3782 2878 3852 episcopum,
2915 3781 3423 3857 Constantinopoli-

1848 3880 2008 3925 lanus
2066 3871 2295 3925 antistes
2342 3875 2581 3940 primum
2640 3889 2703 3928 ac
2754 3877 3092 3945 praecipuum
3140 3878 3422 3936 obtineret

1846 3961 2136 4024 honorem,
2164 3969 2224 4015 ut
2252 3963 2345 4030 qui
2375 3978 2533 4017 nova:
2563 3962 2749 4019 Roma:
2777 3974 2997 4019 curator
3016 3967 3105 4021 sit.
3130 3967 3249 4021 Non
3268 3970 3416 4024 enim

1846 4055 1981 4110 urbs
2016 4070 2080 4110 ea
2108 4062 2321 4110 tantum
2360 4055 2434 4109 ita
2462 4056 2739 4111 nominata
2775 4065 2899 4123 est,
2931 4070 2987 4114 et
3018 4059 3204 4130 populi
3238 4061 3419 4116 hono-

1846 4149 2001 4202 ribus
2056 4148 2577 4219 magistratibusque
2636 4160 2929 4214 exoruata,
2985 4166 3175 4205 verum
3247 4153 3414 4206 etiam

1845 4239 2015 4308 signis
2069 4239 2426 4308 moribusque
2484 4247 2541 4294 et
2598 4240 2813 4309 legibus
2862 4257 2987 4296 cum
3043 4240 3305 4298 Romanis
3359 4244 3416 4298 in

1845 4328 1996 4383 ltalia
2040 4331 2247 4385 eisdem
2296 4332 2587 4402 gloriatur,
2623 4342 2788 4402 atque
2846 4336 3067 4405 utrique
3136 4351 3203 4389 ex
3255 4351 3416 4406 aquo

1845 4423 1999 4493 paria
2031 4433 2161 4477 sunt
2185 4433 2242 4479 et
2276 4424 2561 4495 dignitatis
2593 4427 2841 4497 pranuia,
2872 4437 2929 4482 et
2968 4428 3239 4484 honorum
3269 4433 3415 4500 jura.

1846 4515 2015 4586 Igitur
2070 4515 2403 4572 dioecesibus
2465 4516 2792 4573 ordinandis
2850 4519 3138 4575 Ne‘ctarius
3193 4521 3418 4592 quidem

1845 4606 2129 4662 Thraciam
2162 4608 2387 4663 sortitus
2402 4618 2504 4674 est,
2532 4620 2586 4664 et
2607 4610 3069 4683 Megalopolimﬂ)
3093 4631 3106 4667 :
3133 4613 3418 4671 Ponticam

1844 4709 2027 4754 autem
2060 4701 2343 4755 dioecesim
2368 4701 2444 4771 (Ξ)
2466 4718 2495 4755 a
2520 4701 2771 4773 Bithynia
2793 4718 2965 4773 usque
2998 4705 3064 4759 ad
3098 4706 3415 4773 Armenios,

1845 4789 2240 4859 Helladio,'qui
2275 4790 2475 4846 Basilio
2510 4793 2563 4847 in
2587 4791 2930 4863 Cappadocia
2962 4809 3336 4854 sitccesserat:
3362 4811 3419 4855 et

204 4878 237 4929 Τ
243 4886 295 4947 ην
331 4883 381 4935 δὲ
419 4888 514 4954 τῆς
560 4887 874 4957 Μελιτηνῆς
911 4886 1179 4957 ἐπαρχίαν
1219 4885 1453 4957 Ὀτρηῖῳ
1487 4887 1733 4956 ἀφῆκαν.

1848 4882 2105 4952 Gregorio
2125 4883 2348 4955 Nyssaz,
2380 4898 2501 4954 qua:
2540 4894 2596 4941 et
2636 4889 2749 4956 ipsa
2791 4888 3176 4957 Cappadocum
3224 4892 3417 4948 civitas

203 4970 295 5041 Τὴν
323 4975 363 5027 δ’
412 4978 664 5050 ’Δσιανὴν
711 4980 985 5050 διοίκησιν
1030 4979 1435 5051 Ἀμφιλόχιοςὸ
1487 4981 1735 5048 Ἰκονίου,

203 5066 552 5141 καὶὌπτιμος
571 5074 600 5126 ὁ
626 5072 725 5140 τῆς
779 5072 1015 5125 Πισίδων
1044 5072 1381 5142 Ἀντιοχείας
1409 5074 1730 5145 ἐλάγχανον·

203 5158 442 5225 Αἴγυπτος
473 5164 527 5216 δὲ
551 5163 629 5234 τῷ
674 5162 1089 5233 Ἀλεξανδρείας
1114 5163 1369 5235 Τιμοθέῳ
1399 5167 1603 5221 ἀνεῖτο.
1624 5167 1735 5238 Τὴν

180 5243 250 5296 ιδὲ
274 5247 522 5320 διοίκησιν
561 5253 674 5306 τῶν
719 5253 864 5305 κατα
907 5252 1007 5322 τὴν
1040 5252 1116 5305 ἕω
1154 5253 1465 5323 ἐκκλησιῶν
1495 5255 1609 5317 τοῖς
1642 5254 1733 5307 ὑπ’

205 5337 347 5427 αὔξην
393 5345 704 5408 ἐπισκόποις
744 5343 1079 5415 ἐπέτρεψανο
1127 5341 1238 5399 οἷον
1281 5345 1360 5415 τῷ
1412 5345 1737 5412 Λαοδικείας

209 5430 444 5505 Πελαγίαν,
475 5442 566 5493 καὶ⁵
590 5438 844 5509 Διοδώρῳ
870 5437 946 5508 τῷ
979 5439 1195 5511 Ταρσοῦ
1227 5440 1325 5509 τῆς
1358 5438 1638 5504 Κιλικίας
1666 5442 1736 5494 τὰ

205 5522 350 5577 οἰκεία
381 5529 640 5597 πρεσϐεῖα
695 5530 834 5601 μόνα
870 5531 936 5600 τῇ
990 5530 1267 5600 Ἀντιόχου
1313 5525 1729 5600 καταλιπόντες,

263 5683 328 5751 (l)
358 5685 449 5759 Per
481 5687 855 5759 Megalopolim
879 5727 893 5748 .
930 5686 1037 5759 hoc
1066 5693 1149 5759 est
1175 5726 1190 5750 ,
1221 5701 1470 5759 magnam
1512 5688 1729 5753 urbem,

207 5745 664 5827 Constantinopolis
686 5745 794 5812 hoc
815 5745 934 5812 loco
964 5745 1339 5826 intelligenda:

265 5823 329 5890 (2;
356 5825 499 5895 ApuJ
528 5823 893 5886 Sazomenum
924 5837 1009 5885 est
1043 5845 1055 5882 :
1084 5823 1369 5883 Diieccsim
1396 5826 1557 5884 istam
1584 5830 1731 5884 Pon-

1842 4988 1947 5039 est,
1978 4976 2240 5045 episcopo
2264 4977 2661 5031 attribuerunt.
2693 4977 3039 5032 Provinciam
3084 4992 3267 5034 autem
3301 4982 3413 5037 ille-

1838 5066 2155 5122 litinensem
2190 5068 2376 5122 Otreio
2434 5067 2801 5136 reliquerunt.
2843 5068 3098 5122 Asianam
3148 5085 3280 5125 vero
3315 5071 3417 5126 ad-

1843 5158 2299 5213 ministrationem
2349 5150 2769 5228 Amphilochius
2814 5159 3023 5226 lconii,
3059 5169 3115 5214 ct
3164 5163 3418 5229 Optimus

1841 5253 2146 5307 Antiochiae
2169 5253 2221 5305 in
2256 5250 2734 5322 Pisidia,episcupi
2766 5263 3122 5322 acceperunt.
3143 5255 3414 5329 Egyptus

1841 5360 2006 5415 porro
2063 5344 2165 5399 sub
2200 5344 2490 5397 Tnnotheo
2535 5344 2906 5398 Alexandrino
2949 5351 3271 5416 permansit.
3306 5348 3418 5405 Gu-

1844 5436 2224 5491 bernatiouem
2264 5445 2448 5489 autem
2500 5434 2858 5493 Oiicntalitun
2911 5438 3273 5492 ecclesiarum
3302 5442 3417 5504 cpi-

1841 5528 2023 5597 scopis
2048 5544 2236 5583 carum
2278 5531 2609 5600 permisere,
2648 5529 2902 5584 videlicet
2950 5528 3169 5601 Pelagia
3204 5530 3412 5587 Laodi-

1844 5685 2004 5740 ticam
2036 5701 2067 5740 a
2097 5685 2352 5758 Bithynia
2386 5703 2559 5756 usque
2609 5688 2675 5743 ad
2706 5689 2998 5744 Armenios
3028 5705 3151 5745 esse
3183 5707 3407 5747 conces-

1842 5772 1959 5831 sam
1982 5756 2243 5831 llelladio
2268 5757 2613 5831 Caesariensi,
2640 5768 2695 5814 et
2736 5760 3001 5831 Gregorio
3031 5761 3277 5831 Nysseno
3303 5801 3319 5829 ,
3353 5772 3411 5819 et

1843 5826 2031 5884 Otreio
2061 5828 2414 5896 Melitinensi,
2448 5830 2741 5897 cpiscoois.
2769 5826 2889 5887 Lib.
2911 5847 3004 5898 vn,
3035 5826 3152 5900 cap.
3182 5836 3235 5887 υ.
