3918 6574
467 478 570 540 787

1700 474 2120 538 NICEPHOBI
2160 478 2499 541 CALLISTI

3574 482 3663 548 783

473 603 702 645 vacuam
748 589 1161 660 inducerentur,
1194 609 1303 650 non
1339 604 1517 664 parva:
1543 596 1747 644 exortae
1772 597 1902 643 sunt
1931 587 2040 643 tur-

2148 587 2256 640 άπδ
2284 588 2384 659 τῆς
2410 591 2637 647 καθόλου
2668 591 3020 664 Ἐκκλησὲαςο
3047 591 3149 647 οὐκ
3177 591 3442 662 ἐλάχισται
3465 599 3667 665 ταραχαὶ

471 684 581 737 bac.
642 680 989 754 Quapropter
1030 686 1329 755 imperator
1375 681 1717 738 Theodosius
1765 681 1960 751 exiguo
2009 694 2042 734 a

471 773 656 845 priore
710 775 919 847 synodo
973 777 1237 847 temporis
1291 773 1597 839 intervallo,
1656 771 2041 842 antesignanos

471 866 772 936 visentium
813 877 926 921 tum
990 867 1279 923 haeres-ium
1332 881 1549 922 rursum
1599 863 1944 926 convocavit.
1980 871 2042 918 ut

474 958 747 1014 alternum
776 959 1003 1014 istorum
1034 961 1188 1015 fieret
1221 978 1234 1014 :
1268 959 1540 1022 videlicet,
1572 968 1632 1013 ut
1662 957 1748 1012 vel
1783 956 1887 1027 ipsi
1915 955 2038 1010 aliis

473 1049 788 1120 Opinionem
839 1067 990 1106 suam
1046 1051 1462 1123 persuaderent,
1520 1050 1605 1105 vel
1663 1050 1733 1105 ab
1789 1048 1912 1104 aliis
1970 1048 2036 1103 ad

472 1143 634 1197 aliam
697 1141 1162 1211 complectendam
1211 1141 1698 1213 persuaderentur,
1752 1141 1821 1196 de
1872 1141 2039 1196 rebus

470 1248 595 1305 quae
631 1233 684 1288 in
708 1235 1082 1289 controversia
1133 1243 1317 1289 essent
1346 1250 1363 1293 :
1392 1234 1446 1289 in
1489 1249 1650 1289 unam
1680 1233 2039 1303 eamdemque

470 1325 795 1380 sententiam
842 1341 1031 1381 omnes
1064 1325 1359 1382 adductum
1408 1326 1475 1381 iri
1510 1334 1691 1391 ratus,
1741 1326 1784 1381 si
1837 1325 1892 1381 in
1938 1342 2038 1397 pu-

469 1417 617 1471 blico
645 1416 921 1472 auditorio
955 1418 1243 1489 opiniones
1275 1418 1456 1474 dubia:
1489 1434 1588 1489 per
1609 1417 2033 1488 disputationem

468 1508 895 1565 discuterentur.
945 1510 1081 1567 Cum
1121 1520 1304 1566 autem
1366 1510 1607 1565 universi
1651 1510 2038 1566 convenissent

470 1601 695 1669 (factum
754 1601 809 1658 id
839 1618 906 1657 eo
955 1619 1099 1658 anno
1125 1645 1139 1669 ,
1166 1618 1275 1674 quo
1318 1602 1487 1657 lilium
1524 1602 1816 1658 Arcadium
1855 1603 2041 1672 Augu-

468 1701 611 1747 stum
642 1693 1022 1761 renuntiavit),
1045 1694 1330 1749 consilium
1362 1693 1432 1748 de
1469 1692 1677 1764 synodo
1710 1692 2036 1748 celebranda

466 1799 590 1838 cum
642 1784 897 1840 Nectario
944 1784 1554 1854 Constantinopolitano
1579 1784 2032 1849 communicavit,

466 1875 810 1939 cohortatus,
842 1884 901 1930 ut
923 1876 1256 1946 quzestioncs
1283 1875 1427 1931 unde
1466 1875 1703 1931 haereses
1729 1876 2031 1940 orirentur,

2141 680 2355 745 τούτοις
2398 683 2740 754 συνέδησαν⁹
2776 678 2837 738 οὗ
2877 683 3038 755 χάριν
3070 684 3099 737 ὁ
3143 682 3390 753 βασιλεὺς
3426 684 3668 751 Θεοδόσιος

2140 772 2321 841 ὀλίγον
2357 774 2624 830 διαλιπὼν
2653 777 2756 846 τῆς
2789 776 3065 848 προτέρας
3097 776 3337 840 συνόδου.
3371 777 3488 840 τοὺς
3517 781 3670 847 ἀρχη·

2140 864 2271 931 γοὺς
2306 864 2415 919 τῶν
2446 865 2812 935 ἁκμαζουσῶν
2842 865 3142 935 τηνικαῦτα
3176 864 3435 926 αίρέσεων
3468 881 3667 933 μετεκαρ

2140 954 2285 1010 λεῖτο
2317 951 2493 1022 αὖθις,
2527 958 2615 1012 ἵνα
2646 958 2873 1027 θάτερον
2905 960 3127 1029 γένηται
3153 974 3170 990 ·
3199 958 3293 1012 καὶ
3321 956 3352 1027 ἢ
3385 958 3666 1027 πείσωσινῆ

2142 1045 2442 1099 πεισθῶσιν
2485 1043 2567 1111 οἷς
2611 1048 2945 1116 διεφέροντο.
2987 1050 3248 1119 Οίόμενος
3284 1052 3389 1119 γὰρ
3428 1045 3490 1118 ἦν
3528 1050 3670 1104 ταυτδ

2142 1139 2399 1209 φρόνημα
2432 1141 2599 1193 πᾶσιν
2628 1140 2881 1205 ἐνθεῖναι,
2909 1141 2979 1194 τὰ
3004 1141 3110 1193 τῶν
3137 1142 3299 1205 δοξῶν
3328 1141 3581 1210 ἀμφίϐολα
3603 1145 3668 1205 τίς

2141 1230 2328 1301 κοινὴν
2368 1212 2632 1301 άκρόασιν
2670 1234 2717 1286 εί
2761 1235 3115 1305 γυμνάσειεν.
3152 1234 3303 1287 Ἐπεὶ
3339 1233 3393 1286 δὲ
3435 1233 3666 1304 συνῄεσαν

2143 1322 2404 1389 ἅπαντες,
2448 1324 2611 1396 ἡνίκα
2655 1325 2750 1379 καί⁵
2790 1326 2884 1380 τὸν
2928 1327 3045 1380 υίὶν
3075 1326 3357 1394 Ἀρκάδιον
3397 1324 3667 1392 Αὔγουστον

2140 1413 2466 1485 ἀνηγόρευε,
2499 1415 2579 1487 τῷ
2608 1417 2705 1484 τῆς
2735 1416 3140 1471 Κωνσταντίνου
3172 1416 3451 1487 Νεκταρίῳ
3478 1418 3667 1470 ὲκοινωυ

2139 1504 2298 1558 νοῦτο
2331 1509 2458 1578 περὶ
2489 1507 2589 1576 τῆς
2621 1508 2993 1579 γενησομένης
3029 1509 3251 1561 σινόδου
3272 1523 3288 1541 ο
3322 1508 3591 1577 παρηγγύα
3617 1525 3664 1561 τε

2139 1596 2240 1650 ὅσα
2271 1597 2376 1650 τῶν
2407 1598 2740 1670 ζητημάτων
2771 1602 2869 1664 τὰς
2898 1600 3140 1665 αίρέσεις
3169 1599 3342 1652 ἐποίει
3363 1638 3380 1665 ,
3408 1599 3483 1663 είς
3511 1600 3668 1669 κοινὴν

2139 1690 2466 1759 προκεῖσθαι
2497 1692 2734 1758 διάλεξιν
2759 1708 2775 1723 ο
2805 1692 2881 1756 ὡς
2912 1692 2977 1746 ἂν
3002 1693 3298 1762 Ἐκκλησία
3335 1692 3429 1762 μία
3458 1694 3668 1760 γένοιτο,

2137 1784 2227 1837 καὶ
2275 1782 2334 1838 ἓν
2380 1782 2561 1854 δόγμα
2612 1784 2903 1853 σύμφωνον
2952 1784 3127 1838 ἅπασι
3177 1782 3515 1851 κατασταίη·
3557 1782 3668 1835 καθὸ

2138 1872 2467 1943 θρησκεύειν
2503 1875 2713 1938 πάντας
2764 1875 3054 1944 προσήκει,
3099 1873 3172 1944 μή
3213 1890 3279 1939 τι
3308 1874 3426 1941 ἔχον
3461 1873 3671 1944 ἀμφήρι-

467 1968 758 2028 omnes.in
810 1940 1081 2039 publicam
1132 1967 1540 2024 deducerentur
1581 1967 2031 2038 disputationem,

2142 1940 2286 2020 στον.
2311 1967 2545 2019 Πλεῖστα
2569 1967 2627 2019 δὲ
2657 1940 2938 2038 μεριμνῶν
2962 1940 3289 2037 Νεκτάριος,
3308 1940 3670 2035 ’Ᾰγέλιονμετ-

466 2073 575 2127 quo
618 2073 743 2113 cum
805 2075 909 2114 una
957 2060 1111 2113 ﬁeret
1140 2058 1421 2124 Ecclesia,
1455 2066 1620 2128 atque
1670 2070 1836 2111 unum
1891 2056 2035 2110 inter

466 2165 661 2205 omnes
686 2134 1039 2207 consentiens
1064 2152 1491 2207 constitueretur
1519 2150 1732 2222 dogma,
1767 2158 1880 2205 tum
1910 2150 2036 2204 uni-

355 2311 361 2317 _
466 2244 611 2300 versi
668 2245 1031 2317 religionem,
1082 2245 1157 2299 ita
1203 2244 1281 2299 uti
1340 2243 1516 2307 decet,
1553 2242 1820 2307 colerent,
1856 2257 2035 2311 neque

467 2337 766 2407 quidquam
827 2337 1213 2394 controversia:
1267 2336 1692 2405 relinqueretur.
1744 2332 2035 2389 Nectarius

467 2430 701 2500 plurima
756 2446 942 2486 secum
1004 2432 1186 2490 animo
1244 2430 1562 2495 revolvens,
1605 2427 2033 2483 Novatianorum

465 2522 785 2592 episcopum
818 2522 1068 2593 Agelium
1123 2521 1398 2588 accersiit,
1442 2520 1686 2591 ejusdem
1728 2521 1886 2591 cujus
1917 2520 2036 2587 ipse

465 2621 585 2666 erat
614 2606 711 2668 'de
761 2612 1216 2668 consubstantiali
1266 2612 1550 2667 sententiae
1604 2611 1832 2665 virum:
1871 2609 2037 2682 25,8

421 2754 426 2758 .
465 2703 560 2770 qui
593 2704 739 2774 quod
773 2703 937 2769 factis
963 2688 1435 2774 potius‘virtutem
1485 2705 1561 2773 (l)
1616 2702 1937 2763 declararet,
1981 2711 2036 2757 et

466 2811 495 2848 a
554 2797 843 2851 verborum
900 2796 1248 2867 nugamentis
1290 2807 1347 2851 et
1395 2795 1533 2852 fastu
1565 2795 1777 2852 alienus
1808 2810 2034 2865 prorsus

466 2899 629 2955 esset,
683 2889 848 2944 alium
901 2890 1075 2945 vicem
1135 2904 1289 2944 suam
1340 2890 1406 2944 ad
1457 2888 1860 2959 dispiciendum
1900 2888 2033 2958 quid

468 2976 614 3035 facto
636 2994 775 3049 opus
800 2990 965 3045 esset,
1006 2988 1169 3050 atque
1215 2981 1379 3035 etiam
1427 2980 1492 3048 (si
1521 2979 1626 3034 hoc
1664 2995 1798 3036 usus
1846 2978 2033 3049 ferret)

467 3070 530 3123 ad
552 3068 965 3140 disputandum,
999 3069 1324 3140 designavit,
1367 3068 1630 3126 Sisinium
1659 3071 1900 3133 nomine.
1939 3070 2035 3140 qui

468 3159 666 3214 tumin
720 3159 983 3215 lectorum
1037 3160 1228 3217 ordine
1270 3159 1564 3239 enitebat;
1615 3170 1672 3215 et
1724 3159 1878 3214 brevi
1912 3168 2037 3231 post

469 3251 849 3321 cpisc0patum
881 3253 1001 3323 ejus
1031 3252 1272 3323 suscepit
1304 3269 1317 3305 :
1350 3252 1628 3308 hominem
1656 3251 1723 3306 ad
1752 3251 2033 3307 invenien-
2062 3280 2107 3339 ο

471 3342 599 3395 itum
647 3357 907 3412 perquam
953 3344 1322 3414 ingeniosum,
1350 3352 1406 3400 et
1430 3344 1497 3398 ad
1536 3343 1593 3398 id
1616 3343 1763 3414 quod
1794 3343 2037 3399 invenis-

472 3441 574 3498 set,
601 3433 973 3506 eloquendum
1000 3437 1154 3493 valde
1189 3434 1535 3490 commodum
1574 3451 1590 3490 :
1627 3450 1728 3490 nec
1763 3435 1944 3490 minus
1969 3434 2036 3490 ad

473 3541 704 3582 areanos
736 3536 791 3582 et
819 3528 1051 3584 latentes
1083 3544 1250 3584 sacrm
1294 3527 1595 3597 Scriptura:
1627 3541 1824 3583 sensus
1852 3526 2039 3598 inqui-

474 3619 726 3689 rendum,
760 3636 965 3692 eosque
999 3621 1221 3693 copiose
1246 3620 1398 3677 suavi
1423 3620 1609 3691 lingua
1632 3620 2037 3690 exponendum,

476 3727 604 3768 sane
637 3699 801 3784 quam
846 3715 1126 3778 idoneum,
1177 3729 1278 3769 nec
1309 3728 1419 3769 non
1470 3714 1714 3787 profanae
1766 3715 1933 3770 simul
1986 3722 2041 3769 et

477 3817 643 3858 sacrae
698 3804 1056 3874 philosophia
1084 3805 1301 3876 egregie
1349 3807 1612 3877 peritum.
1654 3805 1724 3869 ls,
1759 3803 1905 3875 quod
1956 3819 2044 3861 re-

477 3897 717 3953 ciissime
750 3908 864 3953 tum
897 3897 1080 3955 dicere
1111 3898 1264 3955 visus
1309 3908 1393 3955 est
1413 3941 1427 3967 ,
1464 3914 1656 3955 suasor
1688 3899 1810 3965 fuit,
1839 3915 1909 3956 ne
1935 3915 2043 3970 qua

477 4004 600 4044 eum
624 3989 705 4047 eis
728 3992 820 4061 qui
846 3992 1005 4046 aliter
1024 3991 1404 4063 opinarentur,
1437 3991 1811 4062 susciperetur
1842 3990 2039 4062 dispu-

479 4084 631 4147 tatio.
666 4092 867 4154 utquae
913 4084 1072 4138 aliam
1100 4099 1169 4140 ex
1208 4084 1312 4139 alia
1342 4085 1514 4139 rixam
1545 4091 1601 4138 et
1627 4082 2041 4140 contentionem

476 4190 672 4246 parere
699 4176 898 4231 soleret
929 4193 942 4231 :
980 4176 1072 4231 sed
1103 4184 1165 4231 ut
1210 4174 1286 4229 illi
1330 4176 1823 4245 interregarentur,
1856 4187 1924 4227 an
1951 4186 2046 4227 eos

478 4285 759 4326 sacrorum
792 4269 1142 4324 oraculorum
1185 4269 1513 4337 interpretes
1532 4309 1547 4332 ,
1572 4268 1664 4337 qui
1690 4267 1843 4336 prius
1872 4264 2044 4319 exsti-

483 4361 670 4426 terint,
701 4376 860 4429 quam
888 4361 1157 4415 dissensio
1191 4360 1246 4413 in
1270 4358 1519 4414 ecclesiis
1547 4366 1667 4414 orta
1697 4356 1805 4422 sit,
1844 4357 2046 4411 admit-

483 4461 682 4506 terent.
711 4454 791 4505 Ae
834 4451 1107 4521 siquidem
1148 4451 1452 4506 sententias
1479 4449 1698 4504 illorum
1733 4449 2044 4519 rejicerent,

484 4553 597 4595 tum
653 4544 767 4597 fore
799 4542 955 4608 dixit,
984 4551 1045 4597 ut
1078 4557 1173 4597 eos
1207 4542 1370 4596 etiam
1416 4540 1667 4596 factionis
1711 4555 1822 4595 sua:
1877 4555 2049 4609 popu-

2137 2060 2418 2114 εστέλλετο
2457 2060 2551 2114 τὸν
2593 2060 2694 2128 τῆς
2734 2060 3098 2113 Ναυατιανῶν
3141 2058 3402 2129 αἱρέσεως
3445 2059 3672 2129 προῖστάο

2140 2167 2300 2220 μενον
2314 2166 2327 2179 ·
2349 2150 2449 2220 τῆς
2470 2148 2584 2219 γὰρ
2604 2147 2772 2216 αὐτῆς
2796 2147 2952 2218 δόξης
2975 2148 3173 2218 ἐκείνῳ
3190 2148 3333 2201 κατὰ
3349 2148 3408 2200 τὸ
3425 2149 3671 2217 δμοούσιον

2135 2238 2239 2313 ἦν’
2288 2244 2316 2295 ὁ
2352 2242 2410 2295 δὲ
2449 2243 2564 2304 τοῖς
2603 2240 2782 2311 ἔργοις
2826 2242 3029 2306 μᾶλλον
3067 2242 3168 2310 τὴν
3207 2240 3410 2311 ἀρετὴν
3450 2239 3672 2292 ὲπιδεδει-

2137 2332 2339 2401 γμένος
2363 2347 2381 2366 ο
2422 2334 2489 2401 τῇ
2527 2331 2585 2384 δὲ
2616 2330 2879 2402 τερθρεέᾳ
2912 2331 3021 2381 τῶν
3053 2330 3231 2397 λόγων
3268 2329 3361 2382 καὶ
3394 2330 3470 2399 τῷ
3498 2328 3673 2399 ταύτης

2137 2427 2334 2499 κομψῷ
2376 2430 2726 2482 παντάπασιν
2759 2428 2992 2498 ἀτριεὴς
3037 2426 3145 2493 ὢν,
3183 2428 3373 2495 ἕτερον
3408 2424 3513 2478 ἀντ’
3536 2423 3674 2477 αὖτοῦ

2137 2518 2230 2574 τοῦ
2265 2519 2520 2588 ποιητέου
2555 2517 2962 2587 προσεϐάλλετο
2983 2557 2996 2581 ,
3031 2515 3147 2583 εἴγε
3181 2513 3349 2583 χρεία
3378 2510 3573 2580 γένοιτο
3598 2510 3676 2563 καὶ

2137 2613 2218 2675 είς
2247 2609 2481 2679 ἅμιλλαν
2511 2610 2849 2678 καταστῆναι
2880 2609 3089 2677 λόγων,
3123 2607 3359 2659 Σισίνιον
3388 2604 3575 2673 ὄνομα,
3599 2619 3675 2673 τη-

2138 2704 2367 2758 νικαῦτα
2410 2703 2486 2775 τῷ
2526 2704 2634 2757 τῶν
2676 2701 3040 2771 ἀναγνωστῶν
3083 2698 3282 2770 βαθμῷ
3321 2697 3671 2767 διαπρέποντα,

2135 2795 2195 2858 ὃς
2227 2795 2364 2865 μετὰ
2394 2795 2591 2865 μικρὸν
2617 2796 2713 2847 καὶ
2734 2793 2831 2864 τὴν
2858 2791 3024 2846 αὐτοῦ
3053 2791 3343 2859 ἐπετράπη
3369 2786 3673 2855 ἐπισκοπήνο

2137 2888 2329 2957 νοῆσαι
2358 2887 2458 2956 μιν
2482 2886 2686 2954 δεξιὸν,
2714 2885 2921 2956 φράσαι
2947 2884 3004 2938 δὲ
3030 2884 3091 2937 τὸ
3116 2883 3314 2952 νοηθὲν
3342 2879 3484 2949 μάλα
3504 2878 3671 2931 δεινόν’

2136 2980 2445 3052 ἐπιτήδειον
2476 2979 2532 3033 δὲ
2570 2980 2747 3042 άλλως
2779 2978 2879 3047 τῆς
2925 2978 3078 3045 ἱερᾶς
3117 2976 3349 3045 Γραφῆς
3388 2971 3676 3038 numam

2107 3076 2111 3080 '
2136 3067 2197 3122 τδ
2232 3066 2422 3137 βάθος,
2446 3070 2541 3121 καὶ
2569 3067 2792 3137 λαμυρᾷ
2824 3065 3048 3137 γλώσσῃ
3081 3061 3537 3135 ὲπεξηγήσασθαι,
3566 3061 3677 3129 ίδριν

2137 3177 2197 3213 τε
2237 3160 2347 3214 τῶν
2387 3160 2519 3230 παρ’
2545 3160 2773 3232 Ἕλλησι
2818 3161 2912 3214 καὶ
2948 3160 3059 3214 τῶν
3099 3159 3230 3229 παρ’
3256 3160 3393 3230 ἡμῖν.
3425 3156 3679 3225 φιλοσοφη-

2143 3250 2355 3305 σάντων
2378 3268 2395 3284 ο
2424 3251 2482 3316 ὃς
2513 3252 2576 3323 δὴ
2606 3253 2720 3307 τότ’
2743 3252 2942 3321 ἄριστα
2970 3252 3153 3321 λέγειν
3182 3252 3384 3315 δοκῶν,
3415 3247 3678 3319 σύμϐουλος

2139 3340 2208 3416 ἦν
2231 3387 2245 3411 ,
2277 3344 2353 3409 ὥς
2382 3362 2441 3399 τε
2471 3345 2570 3410 τὰς
2606 3346 2707 3416 μὲν
2738 3345 2846 3399 τῶν
2877 3343 3055 3408 ἄλλως
3086 3344 3423 3409 δοξαζὸντων
3452 3341 3676 3405 διαλέξεις

2139 3438 2408 3504 ἐκκλῖναι,
2440 3438 2534 3492 ἆτε
2564 3438 2629 3508 δὴ
2662 3437 2846 3508 μάχην
2872 3437 2967 3491 καὶ
2996 3436 3113 3509 εριν
3140 3437 3344 3508 γεννᾷν
3375 3433 3551 3496 ἱκανάς
3571 3449 3584 3464 ·
3612 3432 3677 3492 είς

2142 3530 2410 3603 ἑρώτησίν
2441 3547 2505 3600 γε
2548 3532 2657 3601 μὴν
2692 3531 2867 3583 ἐλθεῖν
2892 3569 2907 3592 .
2952 3531 3000 3583 εί
3037 3530 3161 3592 τοὺς
3196 3529 3312 3583 τῶν
3346 3527 3501 3598 ἱερῶν
3531 3525 3677 3591 λόγων

2142 3626 2486 3697 καθηγητὰς,
2517 3626 2568 3680 οἶ
2601 3624 2730 3695 πρὶν
2754 3623 2786 3694 ἢ
2817 3623 2915 3694 τὴν
2941 3623 3231 3678 διάστασιν
3256 3624 3375 3685 ταῖς
3403 3617 3678 3688 ἐκκλησίαις

2141 3722 2428 3793 γεννῆσαι,
2472 3721 2815 3792 προσίενται.
2859 3718 2978 3773 Κᾶν
3020 3718 3127 3788 ἄρα
3167 3720 3268 3780 τὰς
3307 3716 3521 3771 ἐκείνων
3551 3712 3679 3775 δόξας

2142 3812 2493 3878 ἁπώσωνται,
2532 3811 2752 3874 πάντως
2784 3811 2880 3863 καὶ
2914 3809 3022 3862 ὑπὸ
3054 3809 3164 3863 τῶν
3199 3808 3268 3863 τά
3303 3809 3527 3878 σφέτερα
3555 3803 3681 3869 δοξα-

2145 3903 2347 3969 ζόντων
2390 3903 2810 3974 ὲξελαθήσονται
2836 3918 2851 3933 ·
2888 3903 2934 3955 εἰ
2974 3903 3031 3955 δὲ
3069 3903 3149 3965 εἰς
3193 3902 3462 3965 ἀπόδειξιν
3499 3896 3681 3956 ἱκανοὺς

2144 3993 2287 4051 εἶναι
2336 3996 2445 4050 τῶν
2496 3996 2924 4068 παρισταμένων
2970 3993 3323 4062 λογίσονται,
3373 3992 3560 4047 αὐτίκα
3600 3986 3682 4046 τὰς

2145 4088 2370 4143 ἐκείνων
2406 4087 2622 4158 βίϐλους
2662 4087 2756 4140 ἐπὶ
2798 4086 2966 4156 μέσου
3008 4087 3424 4157 προσενεγκεῖν.
3450 4078 3682 4151 ’Δκριὸὦς

2144 4181 2256 4252 γὰρ
2286 4181 2558 4251 ἠπίστατο
2584 4179 2659 4244 ὡς
2688 4179 2739 4233 οἱ
2768 4180 2986 4233 παλαιοὶ
3019 4179 3296 4232 συναΐδιον
3324 4178 3399 4249 τῷ
3428 4175 3586 4245 “arpi
3609 4170 3682 4224 rint

2147 4274 2276 4328 Υίδν
2323 4273 2618 4343 εὑρηκότες
2660 4274 2780 4335 ταῖς
2822 4272 2998 4335 θείαις
3041 4271 3328 4341 Γραφαῖς,
3372 4266 3602 4337 οὐδαμῶς
3637 4263 3682 4328 ἐξ

2147 4365 2325 4437 ἀρχῆς
2364 4381 2509 4428 τινος
2547 4365 2649 4435 τὴν
2686 4363 2943 4434 γέννησιν
2984 4363 3127 4434 ἔχειν
3172 4365 3355 4417 εἰπεῖν
3392 4361 3680 4431 ἐτόλμησαν.

2158 4459 2248 4523 Ὧς
2286 4458 2344 4513 δὲ
2387 4459 2481 4512 καὶ
2522 4456 2813 4527 Νεκταρίῳ
2854 4458 2948 4510 καὶ
2990 4454 3202 4526 βασιλεῖ
3242 4455 3439 4526 ἀρίστη
3480 4454 3509 4524 ἡ
3548 4447 3683 4521 βουλὴ

2154 4552 2457 4615 συνεδόκει,
2496 4547 2818 4617 συναγαγὼν
2853 4550 3132 4615 ἅπαντας,
3168 4548 3432 4617 ἐπειρᾶτο
3461 4540 3683 4611 διαγινὼ·

478 4635 625 4688 lares
659 4635 921 4705 ejiciunt:
971 4635 1057 4688 sin
1091 4648 1217 4688 vero
1267 4632 1494 4688 idoneos
1533 4634 1658 4688 illos
1701 4633 1765 4687 ad
1800 4633 2040 4687 declara-

2154 4659 2329 4706 σκειν,
2364 4640 2481 4704 πῶς
2521 4656 2651 4692 ποτε
2697 4640 2921 4709 γνώμης
2959 4640 3143 4708 ἔχουσι
3187 4639 3319 4709 περὶ
3355 4639 3450 4700 τὰς
3481 4637 3578 4689 τῶν
3606 4647 3688 4684 πα-

482 4730 687 4783 tioncm
729 4742 825 4781 seu
869 4727 1199 4781 decisiouem
1245 4728 1744 4781 controversiarum
1799 4742 1919 4782 esse
1949 4742 2049 4797 pu—

483 4829 681 4885 tarent,
719 4819 902 4875 statim
959 4819 1178 4874 illorum
1224 4817 1398 4873 libros
1443 4819 1499 4873 in
1547 4819 1786 4873 medium
1812 4818 2049 4889 proferri

482 4917 709 4972 debere.
758 4914 934 4984 Atque
988 4913 1093 4968 hoc
1136 4915 1215 4968 sic
1265 4913 1459 4979 suasit,
1503 4914 1647 4983 quod
1675 4923 1827 4967 certo
1857 4912 2049 4977 sciret,

478 5018 698 5064 veteres
744 5021 869 5062 cum
920 5005 975 5060 in
1026 5004 1228 5059 divinis
1268 5004 1469 5059 litteris
1517 5014 1847 5060 coarteruum
1902 5002 2051 5056 Patri

482 5103 677 5156 Filium
732 5099 1087 5165 invenerint,
1142 5097 1566 5168 haudquaquam
1647 5095 1808 5149 initio
1864 5095 2050 5163 aliquo

480 5193 888 5263 generationem
923 5191 1044 5261 ejus
1088 5190 1358 5260 incepisse
1382 5228 1401 5255 ,
1436 5189 1621 5243 dicere
1654 5203 1818 5242 ausos
1854 5186 2044 5241 fuisse.

479 5286 550 5341 lit
582 5295 766 5340 autem
806 5292 864 5339 et
900 5283 1154 5339 Nectario
1184 5292 1233 5337 et
1285 5279 1600 5350 imperatori
1629 5279 1896 5348 Optimum
1945 5278 2051 5332 hoc

481 5378 771 5433 consilium
825 5390 950 5432 esse
997 5376 1181 5430 visum
1242 5382 1350 5435 est.
1397 5372 1653 5427 omnibus
1704 5371 1797 5440 qui
1837 5369 2052 5425 evocati

480 5470 700 5524 fuerant
732 5469 955 5529 coactis.
989 5481 1320 5537 cognoscere
1371 5466 1606 5535 primum
1633 5506 1648 5530 ,
1683 5464 1811 5532 quid
1850 5462 1918 5517 de
1959 5479 2051 5516 ve-

483 5571 665 5614 terum
697 5560 915 5629 scriptis
945 5557 1023 5613 illi
1054 5556 1344 5623 sentirent,
1376 5558 1625 5610 tentavit.
1646 5555 1826 5623 Atque
1856 5552 1948 5607 ubi
1974 5552 2050 5606 illi

482 5654 722 5707 riamore
754 5659 809 5705 et
838 5649 1198 5704 admiratione
1222 5663 1375 5703 suam
1405 5662 1532 5718 erga
1556 5646 1678 5701 illos
1702 5645 2048 5700 ati‘ectionem

480 5758 538 5801 et
587 5744 846 5815 pietatem
896 5742 1234 5808 indicarunt,
1279 5749 1466 5811 aperte
1522 5738 1937 5811 pronuntiavit:
2001 5740 2047 5795 si

477 5945 541 5986 20
549 5948 619 5985 ιιι.

2152 4735 2449 4805 λαιοτέρων
2491 4734 2730 4804 γραφάς.
2781 4733 2904 4785 Τῶν
2949 4732 3006 4785 δὲ
3055 4733 3149 4803 βοῇ
3200 4732 3297 4785 καὶ
3343 4730 3570 4800 θαύματι
3606 4725 3686 4791 τὴν

2156 4827 2284 4897 περὶ
2324 4824 2567 4887 ἐκείνους
2609 4823 2967 4896 μηνυσάντων
3009 4825 3277 4895 στοργήν,
3325 4825 3405 4883 είς
3446 4815 3685 4889 προῦπτον

2154 4918 2368 4987 “meo,
2407 4918 2483 4979 ὼς
2523 4918 2573 4969 εἰ
2619 4916 2893 4986 μάρτυρες
2937 4913 3084 4969 οὗτοι
3125 4916 3219 4970 τοῦ
3264 4917 3528 4986 δόγματος
3555 4909 3684 4989 ,ἀξιό-

2155 5025 2322 5079 κρειρο
2354 5009 2461 5079 ἄρα
2490 5026 2553 5077 γε
2585 5010 2681 5062 καὶ
2708 5009 2809 5072 τὰς
2838 5007 2923 5077 ἐφ’
2951 5008 3166 5078 ἑκάστῳ
3190 5008 3453 5079 ζητήσεις
3484 5004 3684 5057 παύσου-

2154 5098 2259 5163 σιν,
2286 5098 2340 5152 εί
2365 5115 2428 5166 γε
2464 5098 2765 5169 στέρξειαν,
2795 5097 2870 5161 ὡς
2900 5096 2987 5169 άρ’
3011 5097 3241 5161 ἐκείνοις
3269 5097 3487 5163 δοξάσαι
3515 5094 3599 5147 καὶ
3623 5090 3685 5143 εί-

2154 5193 2279 5244 πεῐν
2312 5192 2442 5261 περὶ
2469 5190 2672 5243 τούτων
2699 5189 2938 5258 ἐγένετο.
2977 5189 3128 5242 Ἐπεὶ
3157 5189 3213 5242 δὲ
3244 5192 3340 5245 καὶ
3368 5189 3492 5258 περὶ
3515 5183 3685 5239 τούτων

2150 5281 2202 5333 οί
2236 5281 2345 5333 τῶν
2379 5280 2641 5351 αἱρέσεων
2673 5281 2908 5351 ἀρχηγοὶ
2944 5280 3066 5350 διχῆ
3109 5280 3369 5352 διῄρηντο
3400 5280 3491 5351 (οὐ
3522 5277 3581 5330 τὰ
3614 5275 3686 5327 In

2154 5376 2260 5445 γὰρ
2291 5377 2427 5428 πᾶσι
2460 5377 2587 5445 περὶ
2615 5379 2710 5438 τὰς
2738 5377 2846 5428 τῶν
2880 5373 3255 5443 παλαιοτέρων
3285 5372 3443 5436 δόξας
3472 5365 3684 5432 ἐδόκει),

2157 5466 2483 5521 καθ’ὲαυτδν
2503 5467 2789 5535 γενόμενος
2811 5468 2839 5518 ὁ
2862 5465 3098 5536 κρατῶν,
3122 5464 3354 5532 συνῇκεν
3372 5463 3445 5525 ὡς
3462 5460 3540 5515 διὰ
3557 5455 3687 5510 τοῖτο

2157 5560 2218 5612 τὸ
2254 5560 2515 5630 προτεθὲν
2557 5559 2931 5623 οποσείονται,
2967 5556 3062 5609 ἅτε
3100 5555 3164 5626 δὴ
3200 5557 3314 5617 τοῖς
3350 5554 3561 5611 οἰκείοις
3588 5549 3687 5601 δια·

2156 5650 2335 5718 λόγοις
2358 5650 2777 5721 τεθαρρηκότες.
2805 5651 2913 5702 Καὶ
2936 5649 3070 5719 δῆτα
3094 5649 3171 5717 τῷ
3193 5647 3292 5717 τῆς
3317 5645 3532 5715 γνώμης
3553 5638 3691 5708 ἀχθε·

2114 5730 2117 5733 ’
2159 5740 2307 5806 σθεὶς
2346 5743 2641 5813 ἀνωμάλῳ,
2677 5742 2967 5796 ἐκέλευσεν
3005 5740 3243 5808 ἑκάστην
3284 5737 3492 5808 αἵρεσιν
3529 5729 3688 5802 γραφῇ

550 5860 624 5927 (ί)
654 5856 764 5929 τὴν
791 5858 989 5931 ἀρετὴν
1017 5858 1109 5913 τοῦ
1144 5857 1260 5930 βίου
1311 5856 1400 5914 διὰ
1450 5857 1559 5911 τῶν
1627 5855 1805 5928 ἔργων
1869 5855 2072 5928 φέρων
2110 5859 2453 5933 κομψότητος
2498 5861 2554 5915 δὲ
2597 5861 2692 5916 καὶ
2764 5857 3050 5931 τερθρείας
3103 5855 3278 5923 λόγων
3330 5849 3564 5923 ἀτρισής-
3608 5845 3693 5900 δο-
