3918 6536
220 444 331 508 781

1188 452 1782 515 ECCLESIASTICE
1821 450 2207 514 HISTORl/E
2250 453 2397 511 [ΑΒ.
2442 452 2581 511 ΧΠ.

3370 439 3492 501 790"

220 560 322 621 τὴν
349 561 559 615 οίκείαν
589 562 1032 634 ἐγχαράττουσαν
1060 538 1247 633 δόξαν,
1270 568 1594 639 ἐγχειρίζειν
1624 566 1790 636 αὐτῷ.

1914 578 2065 624 μίξεως
2106 567 2182 621 illi
2211 566 2483 637 dogmatis
2518 561 2736 620 classici
2780 571 2832 616 et
2871 558 3053 614 idonei
3083 563 3287 617 essent,
3314 553 3472 607 facile

234 654 323 715 Ὠς
338 653 385 706 δ’
413 648 549 724 ἧκεν
571 655 753 725 ἡμέρα
783 657 905 710 καθ’
932 658 998 729 ἢν
1023 656 1224 729 ὥριστο
1253 661 1448 722 ταῦτα,
1475 663 1537 714 ὲκ
1573 660 1672 731 μὲν
1689 661 1801 713 τῶν

1914 676 2000 718 eos
2038 661 2398 731 quaestionem
2431 660 2511 711 rei
2534 654 2831 726 cujuslibet
2875 652 3180 710 decisuros.
3211 647 3257 701 si
3283 646 3383 714 ipsi
3419 648 3479 698 in

223 745 518 812 ὁμοούτιον
547 746 882 811 δοξαζόντων
912 749 1118 819 Τριάδα
1155 750 1336 820 παρῆν
1369 752 1678 822 Νεκτάριος
1707 753 1804 805 καὶ

237 835 507 902 Ἀγέλιος,
542 838 654 889 τῶν
703 839 760 892 δὲ
800 840 902 908 τῆς
955 841 1221 911 αἱρέσεως
1266 844 1482 914 ’Δρεῐου
1527 860 1807 916 παρασπι-

230 925 440 980 ἰύντων
474 930 802 998 Δημόφιλος.
841 931 1107 1001 Εύνόμιος
1134 933 1190 986 δὲ
1241 935 1406 1000 αὐτὸς
1434 936 1576 1006 ὑπερ
1608 939 1706 1005 τῆς
1730 937 1805 988 οἱ·

229 1018 384 1081 κτίας
437 1019 598 1088 δόξης
637 1022 852 1091 παρῆιν
904 1022 1176 1087 Ἐλεύσιος
1209 1025 1264 1078 δὲ
1304 1028 1331 1080 ὁ
1378 1026 1619 1091 Κυζίκου
1665 1027 1806 1098 ὑπὲρ

229 1108 336 1160 τῶν
361 1110 718 1179 καλουμένων
762 1114 1201 1170 Μακεδονιανῶν.
1250 1117 1437 1181 Πάσας
1465 1118 1523 1171 δὲ
1566 1119 1665 1182 τὰς
1697 1121 1805 1173 τῶν

230 1201 503 1271 αἱρέσεων
534 1203 777 1257 ἐπελθὼν
803 1206 961 1272 δόξας
990 1208 1017 1260 ὁ
1062 1208 1339 1277 βασιλεὺς,
1371 1212 1541 1279 μόνην
1586 1212 1807 1284 ἔκρινεν

230 1291 409 1362 ἀληθῆ
440 1294 537 1346 καὶ
583 1294 671 1347 διὰ
703 1295 979 1365 θαύματος
1007 1295 1166 1370 ἦγεν,
1195 1301 1229 1371 ἢ
1258 1301 1320 1373 δὴ
1354 1302 1566 1373 Τριάδα
1608 1305 1807 1374 ὀμοού-

208 1399 352 1457 ,σιον
417 1387 735 1456 εἰσηγεῖτο·
791 1390 889 1454 τάς
914 1390 971 1443 δὲ
1014 1391 1210 1457 λοιπὰς
1255 1393 1554 1467 διερῤήγνυ
1607 1397 1684 1461 ὡς
1739 1400 1806 1468 τῇ

229 1475 467 1548 ἀληθείᾳ
492 1479 922 1550 διαμαχομένας.
946 1485 1010 1537 Οἱ
1035 1484 1137 1554 μὲν
1171 1481 1268 1540 οὖν
1296 1486 1396 1558 τὴν
1441 1489 1694 1544 Ναυάτου
1726 1506 1812 1542 νο-

234 1567 467 1634 σοῦντες
489 1571 703 1640 αἵρεσιν
732 1574 944 1644 οὐδαμῆ
971 1577 1160 1641 κακῶς
1200 1578 1492 1650 ἔπραττον,
1521 1580 1615 1635 ἅτε
1646 1580 1710 1653 δὴ
1742 1584 1807 1651 τῇ

233 1659 473 1712 καθόλου
512 1662 827 1735 Ἑκκλὴσίᾳ,
866 1666 1007 1737 πλὴν
1053 1667 1192 1731 ἑνὸς,
1223 1668 1293 1723 τὰ
1337 1670 1428 1723 ἶσα
1462 1671 1807 1741 φρονοῦντες,

234 1751 329 1803 καὶ
361 1750 442 1821 τῷ
478 1753 749 1825 ὀμοουσίῳ
781 1756 929 1826 μάλα
966 1759 1392 1831 προσκείμενοι⁸
1429 1763 1484 1816 αἱ
1514 1762 1571 1817 δὲ
1619 1764 1808 1817 λοιπαὶ

232 1841 344 1895 τών
380 1844 668 1914 αἱρέσεων,
716 1851 906 1914 κακῶς
947 1853 1088 1923 πρὸς
1128 1853 1256 1916 τοὺς
1297 1856 1595 1926 σφετέρους
1640 1857 1808 1926 ἱερεῖς

234 1934 618 2038 ἔξαλέπαινῖν,
644 1942 740 1994 au
771 1942 835 2013 δὴ
863 1945 1090 2014 ἀμαθῶς
1119 1947 1197 2017 τῷ
1234 1947 1529 2018 κρατοῦντι
1556 1949 1803 2020 διομιλη·

235 2024 473 2091 σάμενοι
499 2042 514 2059 ο
541 2021 617 2082 ὧν
644 2031 692 2082 oi
727 2033 971 2085 πλεῖστοι
1001 2037 1094 2088 καὶ
1131 2035 1232 2098 τὰς
1254 2037 1482 2092 ἐκείνων
1507 2038 1665 2103 δόξας
1689 2040 1806 2093 δια-

235 2112 585 2182 πτύσαντες,
630 2119 767 2187 πρὸς
826 2122 926 2193 τὴν
970 2125 1355 2180 ὲπαινεθεϊσαν
1424 2129 1808 2200 μετερῤύησαν

234 2206 446 2261 πίστιν.
472 2209 737 2275 Βασιλεὺς
762 2213 810 2267 δ’
842 2217 1095 2271 ἐντεῦθεν
1141 2220 1305 2291 νόμον
1339 2219 1528 2284 ἐτίθει,
1562 2223 1808 2286 καὶτοὺς

238 2297 315 2367 μὴ
364 2300 444 2371 τῷ
479 2302 759 2376 ὁμοουσὲῳ
800 2308 1155 2378 στοιχοῦντας
1205 2314 1426 2367 ἐκέλευε
1492 2316 1616 2386 μηδ’
1672 2317 1809 2381 ὅλως

235 2391 661 2464 ἑκκλησιάζειν·
699 2400 837 2455 ἀλλὰ
863 2403 1000 2473 μηδὲ
1032 2407 1165 2474 περὶ
1216 2393 1454 2472 πίστεως
1491 2410 1587 2463 τοῦ
1618 2410 1808 2464 λοιποῦ

234 2490 450 2559 τολμᾷν
480 2489 758 2545 διδάσκειν
780 2508 794 2525 ·
828 2493 964 2547 ἀλλὰ
1002 2497 1138 2565 μηδὲ
1168 2497 1269 2569 τὴν
1308 2498 1427 2553 οταν
1456 2500 1519 2573 δή
1549 2517 1672 2555 τινα
1699 2520 1816 2573 χει-

240 2582 492 2651 ροτονίαν
545 2584 759 2639 ποιεῑνξ
822 2586 1207 2651 ἐξελαύνεσθαι
1262 2591 1318 2644 δὲ
1378 2594 1502 2658 τοὺς
1567 2595 1667 2664 μὲν
1714 2597 1811 2649 καὶ

236 2671 427 2743 ἀγρῶν
449 2675 544 2726 καὶ
575 2675 784 2729 πόλεων
804 2693 817 2709 ·
851 2679 1082 2749 ἀτίμους
1109 2681 1155 2736 δ’
1193 2682 1388 2747 ἀλλους
1410 2681 1572 2750 εῖναι,
1607 2688 1704 2741 καὶ
1736 2688 1811 2759 μὴ

237 2767 339 2834 τῆς
373 2765 496 2836 ἴσης
536 2768 813 2834 πολιτείας
847 2773 1098 2843 μετέχειν
1126 2777 1241 2839 τοῖς
1293 2777 1499 2842 ἄλλοις.
1528 2779 1814 2850 Προσεπέο

238 2872 424 2926 γραφε
458 2858 516 2911 δὲ
541 2861 657 2924 τοῖς
682 2860 870 2930 νόμοις
923 2864 1019 2918 ml.
1063 2868 1336 2938 τιμωρίας
1374 2870 1635 2941 σφοδρὰς,
1682 2874 1736 2926 εἱ
1760 2891 1812 2927 τι

241 2952 400 3024 γνοίη
454 2955 607 3026 παρά
662 2959 724 3011 τὸ
765 2958 1133 3032 νομοθετηθὲν
1185 2961 1487 3034 δρώμενον.
1535 2963 1678 3018 Ἀλλ’
1713 2966 1815 3020 οὐκ

242 3043 464 3114 ἐπεξῄει
488 3060 503 3075 °
533 3048 591 3110 ἐς
616 3048 738 3111 δέος
768 3050 878 3122 γὰρ
901 3052 1030 3116 τοὺς
1072 3054 1418 3120 σπουδαστὰς
1453 3059 1682 3112 ἐκείνων
1712 3060 1813 3130 ὲμ-

241 3135 466 3192 sanan:
524 3139 704 3210 ἦθελε.
739 3143 852 3196 Καὶ
888 3145 1112 3216 ’σπουδή
1150 3163 1237 3212 τις
1267 3144 1335 3218 ἦν
1382 3148 1483 3219 τὴν
1529 3150 1623 3205 ὑπ’
1665 3152 1815 3223 αὐτῷ

1905 771 1970 809 eo
2001 754 2439 824 acquiescerent,
2471 748 2617 821 quod
2676 747 2753 802 illi
2796 746 2862 801 de
2905 741 3294 799 controversiis
3326 742 3478 809 ejus-

1905 845 2054 902 modi
2071 854 2126 901 et
2155 843 2431 901 senserint
2455 851 2511 898 et
2533 839 2792 897 dixerint.
2819 833 3270 905 Quandoquidem
3293 842 3473 885 autem

1905 939 2070 994 etiam
2102 937 2182 992 'de
2238 951 2306 991 eo
2358 933 2650 990 bzeresium
2696 931 2867 987 duces
2914 925 3312 982 dissentiebant
3341 922 3475 992 (non

1907 1030 2165 1085 omnibus
2190 1029 2338 1086 enim
2376 1015 2566 1083 eadem
2589 1024 2658 1080 de
2686 1020 2932 1078 veterum
2963 1014 3319 1089 opinionibus
3344 1026 3477 1068 sen-

1911 1123 2080 1179 tentia
2111 1122 2274 1192 erat),
2310 1136 2425 1177 rem
2459 1133 2645 1175 secum
2687 1117 2805 1187 ipse
2842 1110 3190 1186 perpendens
3236 1107 3478 1176 impera-

1911 1226 1997 1271 tor
2027 1214 2297 1271 intellexit
2341 1222 2627 1284 propterea
2674 1210 2800 1266 illos
2828 1197 3164 1279 prepositam
3202 1199 3306 1284 sibi
3349 1213 3483 1254 con-

1908 1310 2171 1364 ditionem
2234 1306 2526 1377 repudiare
2557 1348 2573 1372 ,
2626 1304 2772 1375 quod
2842 1294 3310 1371 disputationibus
3364 1292 3504 1346 suis-

1910 1399 2272 1455 conﬁderent.
2287 1398 2654 1466 Quamobrem
2678 1394 2921 1463 iniquam
2941 1388 3270 1446 sententiam
3284 1398 3500 1440 eorum-

1913 1491 2137 1547 moleste
2167 1490 2371 1554 ferens,
2423 1487 2672 1543 haeresim
2710 1499 2989 1555 quamque
3033 1479 3309 1537 libellum.
3361 1476 3486 1543 θυι-

1913 1584 2129 1637 nionem
2206 1581 2472 1651 cujusque
2550 1578 3049 1645 complectentem,
3115 1571 3326 1625 olferre
3376 1564 3501 1621 sibis

1908 1673 2089 1741 jussit.
2114 1670 2280 1742 249
2310 1671 2489 1741 Atque
2543 1669 2630 1723 ubi
2663 1667 2783 1722 dies
2814 1663 3114 1721 constituta
3146 1658 3390 1719 advenit,
3420 1671 3486 1710 ex

1913 1764 1995 1818 eis
2009 1764 2103 1832 qui
2119 1763 2443 1817 Trinitatem
2462 1760 2770 1833 ὁμοούσιον,
2792 1753 3335 1817 consubstantialem,
3363 1764 3491 1819 pro-

1920 1855 2239 1919 fitebantur,
2266 1854 2558 1909 Nectarius
2598 1852 2774 1913 alluit,
2801 1859 2859 1906 et
2879 1848 3102 1919 Agelius
3129 1863 3144 1900 :
3175 1861 3240 1901 ex
3270 1843 3490 1897 Arianis

1912 1955 2116 2009 autem.
2161 1946 2568 2015 Demophilus:
2623 1943 2853 1999 ltmresis
2889 1956 3002 1996 sum
3037 1938 3280 2002 nomine,
3305 1936 3490 1990 Euno-

1910 2042 2098 2097 mins:
2157 2038 2411 2094 Eleusius
2450 2051 2633 2093 autem
2694 2036 3016 2107 Cyzicenus,
3066 2029 3489 2087 Macedoniam—

1910 2149 2028 2189 rum
2058 2140 2244 2203 partes
2264 2144 2636 2200 propugnans.
2679 2125 2851 2182 Porro
2883 2125 3181 2194 imperator
3205 2117 3487 2189 opinioni-

1911 2226 2015 2281 bus
2067 2224 2452 2279 haereticorum
2483 2218 2745 2276 omnibus
2774 2215 3062 2288 perlectis,
3105 2213 3280 2268 solam
3318 2209 3492 2264 admi-

1911 2327 2064 2372 ratus
2085 2326 2192 2379 est,
2227 2325 2283 2371 et
2307 2330 2493 2370 veram
2526 2325 2644 2367 esse
2682 2309 2979 2375 indicavit,
3011 2320 3132 2377 quae
3160 2303 3497 2360 Trinitatem

1912 2409 2219 2479 ὁμοούσιον,
2253 2404 2807 2468 consubstantialem,
2831 2400 3167 2472 deprardicat
3205 2416 3218 2452 :
3250 2398 3491 2465 reliquas

1911 2519 2045 2560 vero
2076 2514 2138 2558 ut
2175 2502 2391 2557 veritati
2437 2508 2825 2570 repugnantes,
2872 2496 3161 2553 conscidit.
3198 2493 3499 2547 Enimvero

1912 2597 1995 2652 eis
2024 2596 2120 2667 qui
2153 2594 2348 2651 Novati
2375 2593 2572 2648 haeresi
2606 2592 2880 2654 laborant,
2929 2588 3065 2643 nihil
3097 2586 3316 2642 adversi
3345 2584 3493 2639 acci-

1914 2690 2042 2743 dit:
2095 2688 2299 2759 quippe
2322 2688 2416 2757 qui
2465 2685 2725 2741 Ecclesiae
2774 2683 3079 2747 catholicae,
3122 2689 3488 2751 prmterquam

1914 2784 1967 2836 itt
2004 2796 2061 2836 re
2103 2796 2230 2846 una,
2262 2777 2659 2843 consentirent,
2701 2786 2756 2832 et
2777 2775 3070 2846 ὁμοουσίῳ,
3131 2770 3497 2826 consubstan-

1918 2874 2053 2938 tiali,
2075 2870 2371 2927 admodum
2397 2869 2732 2925 inhzererent
2773 2865 3020 2935 Reliquae
3040 2872 3222 2918 autem
3254 2861 3501 2914 haereses

1915 2968 2151 3037 graviter
2187 2966 2477 3037 episcopos
2514 2976 2644 3018 suos
2697 2974 2993 3030 accepere,
3027 2955 3177 3027 quod
3216 2969 3326 3008 non
3356 2953 3516 3028 satis.

1916 3059 2261 3117 considerate
2289 3071 2416 3114 cum
2443 3057 2775 3126 imperatore
2795 3053 3057 3124 egissent.
3074 3049 3302 3105 Plurimi
3325 3048 3495 3102 etiam

1917 3168 1984 3207 ex
2008 3151 2112 3218 eis,
2134 3149 2397 3222 opinione
2419 3148 2638 3204 illorum
2673 3156 2878 3217 spreta,
2913 3145 2979 3200 ad
3022 3143 3352 3199 sententiam
3371 3141 3499 3195 lau-

241 3229 561 3302 ἀρχομένην
611 3235 941 3306 ὀμοφρονεῐν
992 3238 1144 3311 αὐτῷ
1195 3244 1324 3309 περὶ
1377 3242 1478 3314 τὴν
1522 3243 1616 3297 τοῦ
1668 3245 1812 3299 θείου

1917 3246 2097 3300 datam
2131 3244 2415 3298 transiere.
2448 3239 2655 3297 Deinde
2702 3240 3001 3308 imperator
3025 3236 3198 3307 legem
3232 3234 3357 3287 tulit
3390 3231 3493 3304 (l),

241 3322 632 3390 δόξανε’“”Οθεν
665 3331 761 3383 καὶ
793 3331 883 3385 διὰ
930 3332 1138 3402 πολλῆς
1163 3328 1270 3405 ἦγε
1299 3336 1489 3406 τιμῆς,
1514 3336 1608 3400 οὒς
1649 3356 1820 3409 μετα⁴

243 3417 567 3489 τιθεμένους
600 3420 659 3485 ἐξ
680 3422 949 3495 αἱρέσεων
979 3425 1320 3495 διεγίνωσκε.
1346 3427 1460 3500 Τῆς
1490 3431 1547 3484 δὲ
1593 3432 1819 3486 συνόδου

239 3508 453 3579 ταύτης
477 3514 965 3586 συγκροτουμένης
993 3518 1058 3571 ὲκ
1086 3517 1343 3589 δευτέρου
1369 3523 1436 3591 τῇ
1467 3524 1823 3578 Κωνσταντί-

245 3619 363 3668 νου,
391 3603 466 3666 ὡς
524 3605 782 3675 εἴρηται,
821 3607 1107 3664 Θεοδοσίου
1158 3611 1511 3682 κρατοῦντος,
1571 3610 1710 3687 ἧκεν
1762 3616 1824 3682 ἐξ

256 3691 537 3763 Ἐσπὲρας
567 3698 780 3759 τούτοις
804 3697 1061 3770 ὶπιστολή
1082 3714 1099 3730 ·
1132 3700 1273 3755 ὥστε
1308 3702 1445 3773 πρὸς
1466 3705 1566 3775 τὴν
1603 3704 1823 3777 Ῥώμην

245 3788 343 3841 καὶ
369 3788 571 3852 αὐτοὺς
604 3791 901 3858 ἀφικέσθαι
934 3793 1154 3848 συνόδου
1192 3797 1459 3867 μεγίστης
1495 3799 1660 3853 κάκεῖ
1693 3817 1825 3867 κρο-

243 3883 540 3953 τουμένης,
572 3884 668 3937 καὶ
700 3885 785 3937 ἵνα
810 3886 907 3939 καὶ
948 3885 1016 3940 τὰ
1046 3888 1167 3942 κατ’
1202 3890 1541 3960 Ἀντιόχειαν
1569 3893 1822 3964 Παυλίνῳ

243 3977 344 4029 καὶ
366 3976 659 4049 Φλαδιανῷ
712 3980 987 4050 γενόμενα
1041 3982 1330 4052 διαγνοῖεν.
1377 3983 1541 4040 Ἀλλὰ
1573 3987 1674 4058 τὴν
1723 3988 1823 4059 μὲν

246 4067 389 4135 πρὸς
418 4067 640 4137 Ῥώμην
669 4070 1008 4141 ἀποδημίαν,
1042 4073 1118 4138 ώς
1149 4075 1381 4146 ἀκερδῆ,
1408 4076 1457 4130 οἱ
1487 4077 1544 4130 ἐν
1573 4080 1640 4149 τῇ
1670 4080 1826 4134 Κων-

253 4162 532 4215 σταντίνου
589 4163 978 4235 ἀθροισθέντες
1050 4166 1338 4221 ἐπίσκοποι
1392 4172 1822 4242 παρῃτήσαντο·

254 4256 571 4309 ἐπέστελλον
595 4257 652 4309 δὲ
683 4260 774 4309 καὶ
800 4256 969 4322 οὗτοι,
999 4258 1093 4312 τόν
1120 4260 1166 4312 τ’
1191 4261 1563 4333 ὲπεγερθέντα
1596 4267 1663 4335 τῇ
1702 4264 1826 4318 Ἐκ·

257 4348 457 4419 κλησὲᾳ
506 4347 771 4417 μέγιστον
811 4347 1061 4403 κλύδωνα
1110 4349 1221 4404 τῶν
1275 4351 1545 4423 αἱρέσεων
1582 4354 1826 4424 διαγγέλ-

1921 3353 1991 3393 ne
2019 3352 2048 3390 a
2069 3333 2563 3392 Consubstantialis
2589 3331 2714 3387 fidei
2734 3330 3078 3404 professione
3109 3327 3495 3386 abhorrentes,

1920 3439 2226 3486 conventus
2277 3427 2493 3498 aliquos
2547 3424 2953 3482 ecclesiasticos
3008 3431 3233 3493 agerent
3278 3433 3294 3473 ι
3354 3432 3497 3472 neve

1921 3533 2114 3592 postea
2155 3522 2226 3577 de
2257 3520 2362 3577 fide
2405 3520 2604 3577 docere
2642 3519 2947 3583 auderent,
2977 3527 3070 3572 aut
3098 3512 3334 3585 eligendi
3371 3526 3503 3568 con-

1922 3615 2284 3686 secraudique
2307 3614 2639 3685 quempiam.
2657 3620 2982 3685 potestatem
3003 3610 3290 3665 haberent.
3311 3606 3505 3662 Sanxit

1921 3718 2210 3781 praeterea,
2265 3719 2325 3765 ut
2364 3708 2442 3764 illi
2470 3708 2667 3777 partim
2709 3722 2776 3762 ex
2811 3705 2957 3776 agris
2989 3713 3045 3759 et
3076 3703 3308 3756 urbibus
3333 3700 3504 3771 pelle-
3559 3770 3566 3778 .

1894 3835 1898 3839 ‹
1923 3810 2139 3864 rentur,
2155 3800 2353 3870 partim
2381 3798 2603 3852 infamia
2637 3804 2978 3859 notarentur,
2999 3808 3178 3862 neque
3197 3791 3504 3861 quidquam

1923 3908 2047 3950 cum
2096 3891 2328 3960 reliquis
2356 3890 2572 3946 civibus
2614 3903 2906 3944 commune
2958 3886 3248 3940 haberent.
3285 3882 3506 3938 Consti-

1925 3983 2230 4039 tutionibus
2260 3981 2338 4053 (2)
2389 3981 2658 4050 ejusmodi
2709 3995 2898 4051 poenas
2939 3992 3133 4049 graves
3177 3975 3424 4037 addidit,
3457 3974 3543 4028 si.

1923 4093 2257 4151 quemquam
2291 4085 2482 4133 contra
2516 4076 2736 4131 decreta
2775 4090 2874 4130 sua
2901 4074 3243 4130 commisisse
3277 4086 3507 4139 compc-

1928 4173 2109 4228 risset.
2142 4171 2249 4227 Sed
2278 4186 2372 4226 eas
2418 4169 2758 4226 exsecutioni
2788 4182 2895 4222 non
2931 4166 3248 4221 mandavit:
3284 4172 3494 4219 metam

1925 4264 2072 4320 enim
2107 4272 2318 4319 tantum
2342 4261 2635 4317 hteresium
2661 4259 2926 4315 studiosis
2944 4260 3191 4313 incutere
3214 4255 3389 4312 voluit
3408 4262 3507 4321 ;rct

1926 4361 1981 4415 id
2032 4358 2265 4413 maxime
2311 4356 2497 4411 studio
2545 4353 2759 4419 habuit,
2796 4360 2860 4408 ut
2898 4351 3088 4423 populi
3123 4351 3355 4421 imperio
3385 4350 3506 4420 ejus

256 4437 436 4503 λοντες
463 4455 477 4470 ·
515 4440 703 4508 ἠρέμα
749 4440 805 4494 δέ
852 4457 971 4504 πως
1004 4442 1100 4495 καὶ
1147 4444 1248 4513 τῆς
1292 4445 1506 4498 ἑκείνου
1559 4447 1812 4517 ἀμελείας

1928 4449 2456 4521 subjecti,eatndem
2487 4461 2672 4504 secum
2705 4445 2776 4502 de
2805 4446 2919 4501 Deo
2945 4439 3509 4511 obtinerentxopiuio-

261 4532 595 4601 καθήπτοντο
617 4547 631 4562 ·
659 4534 716 4584 ὲν
749 4532 1033 4603 κεφαλαίῳ
1056 4534 1113 4588 δὲ
1144 4536 1206 4588 τὸ
1263 4536 1626 4592 ἀποστολικδν
1687 4540 1812 4612 φρό-

1927 4558 2075 4596 nem.
2101 4541 2448 4611 Quapropter
2479 4552 2680 4610 magno
2713 4538 2878 4593 etiam
2931 4550 3028 4591 eos
3066 4542 3393 4605 prosecutus
3423 4538 3509 4586 est

264 4641 404 4691 νημα
431 4624 510 4695 τῷ
542 4627 837 4696 γράμματι
884 4626 1348 4699 ἐγκατέσπειραν.
1381 4630 1721 4701 Σαφέστερον
1766 4632 1812 4685 δὲ

1930 4635 2162 4697 honore,
2191 4649 2331 4703 quos
2370 4632 2438 4688 ab
2469 4630 2745 4687 haereticis
2771 4630 2840 4685 ad
2889 4628 3195 4684 ecclesiam;
3223 4626 3506 4681 universa~

263 4720 349 4769 τὶν
403 4718 649 4786 ἀνδρεῖον
678 4718 908 4772 ἐκείνων
959 4717 1088 4773 νοῦν
1118 4721 1214 4774 καὶ
1245 4720 1345 4789 τὴν
1374 4721 1550 4793 ἀληθῆ
1606 4724 1812 4791 σοφίαν1

1931 4725 2037 4779 lem
2064 4724 2345 4779 transiisse
2371 4722 2646 4793 cognovit.
2683 4720 2820 4778 Cum
2844 4719 3089 4794 synodus
3122 4717 3509 4775 GonSIantino-

264 4809 393 4862 αὐτά
416 4809 467 4877 γ’
496 4811 676 4861 ἐκεῖνα
700 4810 1047 4881 παραστήσει
1079 4810 1146 4863 τὰ
1169 4811 1497 4882 γράμματα,
1523 4812 1649 4867 τάδε
1683 4816 1812 4869 κατὰ

1933 4818 2045 4886 poli
2106 4818 2345 4882 iterum,
2400 4814 2563 4870 sicuti
2598 4814 2805 4869 dictum
2860 4821 2965 4878 est,
3027 4811 3131 4866 sub
3181 4811 3515 4879 imperatore

267 4903 408 4973 ῥῆμα
439 4903 705 4969 διεξιόντα
726 4921 739 4934 ο

1938 4908 2247 4963 Theodosio
2275 4916 2636 4976 ageretur,es
2669 4904 2967 4961 Occidente
2997 4903 3194 4958 littera:
3220 4910 3507 4962 venerunt,

267 5011 320 5053 ut
346 5001 444 5071 ipsi
478 5018 698 5073 quoque
731 5001 959 5058 Romam
998 5003 1065 5057 ad
1097 5003 1392 5059 concilium
1424 5004 1496 5059 ibi
1533 5004 1829 5060 maximum
1873 5005 2285 5071 i.ustitututn,in
2314 5021 2423 5074 quo
2444 5004 2511 5059 de
2562 5004 2731 5059 rebus
2748 5002 2913 5057 etiam
2945 4998 3305 5054 Antiochenis
3359 4997 3510 5051 inter

263 5094 540 5151 Paulinum
571 5108 628 5152 et
652 5097 969 5152 Flavianum
1033 5096 1402 5161 decideretur,
1472 5096 1745 5151 venirent.
1818 5099 2085 5152 Cancrum
2143 5099 2236 5170 qui
2288 5096 2758 5165 Constantinopoli
2809 5092 3121 5165 congregati
3189 5099 3345 5146 erant
3387 5092 3505 5160 epiv

264 5191 427 5260 scopi,
458 5191 855 5260 profectionem
890 5190 1188 5245 Romanam
1215 5200 1274 5244 ut
1324 5190 1725 5244 incommodam
1793 5191 2189 5247 detrectarunt.
2271 5191 2568 5261 Epistolatn
2624 5199 2806 5244 autem
2848 5174 3223 5256 scripserunt,
3293 5185 3348 5238 in
3399 5199 3509 5254 qua

261 5284 543 5338 excitatam
580 5283 632 5336 in
673 5285 909 5341 Ecclesia
945 5285 1014 5339 ab
1065 5284 1337 5339 harclicis
1384 5284 1679 5354 procellam
1760 5285 2048 5339 maximam
2114 5297 2517 5353 exposuerunt:
2548 5292 2604 5339 et
2656 5279 3052 5351 aliquantulum
3124 5276 3511 5347 negligentiam

262 5385 314 5428 et
348 5376 620 5433 incuriam
650 5378 865 5433 illorum
935 5378 1393 5449 perstrinxerunt,
1436 5378 1860 5448 sutnmatimque
1904 5378 2254 5449 apostolicam
2313 5377 2638 5432 sententiam
2678 5375 3053 5429 inseruerunt.
3091 5369 3256 5441 250
3293 5369 3400 5425 Sed
3435 5371 3511 5423 vi-

261 5472 411 5526 rilem
461 5488 653 5528 eorum
694 5474 962 5539 animum,
1033 5486 1341 5542 veramque
1371 5470 1736 5540 sapientiam,
1801 5474 1906 5528 illac
1942 5473 2071 5543 ipsae
2129 5473 2327 5528 litterae
2389 5471 2780 5537 declarabant,
2845 5448 2926 5523 in.
2962 5466 3079 5520 haec
3148 5462 3321 5518 verba
3376 5475 3509 5518 com-

259 5578 424 5638 ceptat
459 5584 474 5625 :

309 5696 404 5795 ll)
430 5726 493 5784 ιι.
525 5728 716 5782 Omnes
750 5729 921 5783 uetita:
948 5729 1008 5783 υ.
1044 5731 1119 5787 De
1150 5731 1397 5787 batrelic.
1424 5742 1481 5786 et
1513 5692 1753 5785 ιιιιηῑαιι.
1789 5719 1797 5726 ’

326 5800 405 5869 (“3)
466 5799 531 5856 ιι.
591 5799 778 5855 Cuncti
824 5802 1105 5890 Ineraticin
1142 5818 1265 5859 cutn
1312 5803 1402 5857 ιι.
1456 5803 1843 5869 sequentibus.
1888 5796 2024 5853 Eud.
