3918 6552
442 416 546 484 791

1020 536 1246 596 CAPUT
1298 538 1415 595 XVI
1423 581 1435 594 .

448 625 692 699 Epistola
719 627 1323 712 Constantinopolitanae
1336 631 1543 713 synodi,
1563 633 1634 686 ad
1661 630 2021 690 Occidentales

970 716 1236 770 episcopos
1272 712 1494 769 scripta.

521 831 541 864 ι
577 813 1078 871 Reverendissimis
1120 816 1376 884 dominis,
1412 828 1469 876 et
1504 820 1737 878 maxime
1769 823 1877 893 piis
1908 824 2022 881 fra-

452 902 628 959 tribus
655 914 822 977 alque
849 907 1095 978 collegis,
1124 908 1376 976 Damaso,
1408 911 1717 981 Ambrosio,
1761 914 2017 985 Brittoni,

448 995 759 1059 Valeriane,
813 997 1092 1062 Ascholie,
1131 999 1382 1068 Anemio,
1417 1011 1474 1059 et
1528 1005 1759 1075 reliquis
1808 1008 2021 1064 sanctis

448 1085 743 1157 episcOpis,
777 1088 831 1142 in
863 1105 1059 1161 magna
1107 1091 1243 1147 urbe
1277 1093 1521 1149 Romana
1559 1096 1801 1165 coactis;
1834 1109 2021 1156 sancta

446 1176 689 1248 synodus
719 1180 1147 1238 orthodoxorum
1176 1194 1231 1240 et
1252 1196 1399 1243 recte
1429 1188 1784 1246 sentientium
1808 1192 2024 1263 episeo-

446 1281 646 1336 porum
698 1268 752 1323 in
788 1286 980 1342 magna
1034 1274 1172 1330 urbe
1231 1274 1837 1350 Constantinopolitana
1886 1297 2020 1337 cen-

447 1369 820 1430 gregatorum,
852 1363 906 1419 in
936 1364 1165 1423 Domino
1199 1369 1454 1425 salutem.
1485 1372 1753 1427 Pietatem
1784 1383 2019 1430 vestram

449 1464 704 1524 tanquam
737 1455 980 1526 ignaram
1012 1457 1309 1526 docere,et
1331 1477 1697 1538 aerumnarum
1717 1466 1831 1521 vim
1858 1466 2022 1524 nobis

444 1545 515 1600 ab
580 1546 881 1616 impotenti
911 1549 1286 1608 dominatione
1346 1552 1677 1611 Arianorum
1744 1558 2019 1614 illatarum

445 1651 902 1706 commemorare,
927 1643 1267 1712 snperlluum
1307 1644 1540 1702 fortasse
1567 1657 1672 1702 est.
1707 1648 1827 1703 Non
1870 1652 2018 1706 enim

447 1733 858 1793 exsistimamus
910 1741 1167 1808 pietatem
1214 1753 1478 1810 vestram,
1516 1761 1604 1801 res
1653 1757 1871 1804 nostras
1909 1758 2017 1804 tam

443 1826 581 1882 nihil
611 1826 680 1882 ad
717 1843 777 1883 se
802 1831 1077 1900 pertinere
1105 1834 1377 1904 judicare,
1411 1843 1470 1889 ut
1504 1836 1572 1891 de
1600 1837 1682 1890 eis
1703 1852 2017 1894 commone-

444 1919 698 1975 facienda
750 1923 844 1987 sit,
882 1923 936 1978 in
976 1926 1181 1994 quibus
1226 1927 1523 1983 condolere
1568 1945 1685 1984 eam
1732 1931 2019 1987 nobiscum

444 2011 712 2079 oportuit.
749 2012 936 2084 Neque
988 2017 1124 2071 tales
1173 2030 1463 2089 suntquas
1508 2022 1838 2090 pertulimus
1887 2032 2025 2079 tem-

444 2114 709 2173 pestates,
744 2118 804 2161 ut
825 2107 997 2165 latere
1028 2113 1297 2167 tenuitate
1325 2128 1422 2169 sua
1458 2116 1761 2184 potuerint.
1785 2117 1854 2171 Et
1882 2127 2022 2172 tem-

442 2211 549 2264 pus
604 2201 1052 2267 persecutionum
1085 2205 1478 2276 propinquum,
1532 2218 1805 2265 recentem
1839 2209 2024 2267 adhuc

444 2291 771 2346 memoriam
816 2304 1125 2361 conservat,
1175 2312 1287 2352 non
1334 2298 1417 2353 eis
1462 2308 1670 2354 tantum
1698 2301 1794 2370 qui
1838 2282 2023 2358 amicti

444 2392 598 2449 sunt,
648 2384 741 2439 sed
811 2387 978 2441 etiam
1026 2389 1121 2458 qui
1168 2405 1268 2459 per
1319 2390 1643 2447 charitatem
1697 2393 2022 2451 afﬂictarum

444 2474 719 2541 miserias,
757 2492 886 2533 suas
942 2480 1188 2550 ipsorum
1245 2498 1521 2540 aerumnas
1572 2500 1694 2542 esse
1742 2498 2022 2558 reputant.

443 2565 576 2620 lteri
620 2582 877 2639 namque.
916 2573 1346 2641 propemodum,
1387 2585 1446 2630 et
1494 2591 1671 2647 nuper
1701 2577 2021 2645 admodum,

444 2658 540 2714 alii
570 2659 794 2730 quidem
821 2663 999 2718 exsilii
1034 2664 1268 2721 vinculis
1298 2667 1486 2733 soluti,
1516 2669 1581 2723 ad
1609 2671 1875 2727 ecclesias
1896 2688 2024 2730 suas

446 2767 543 2821 per
563 2752 888 2810 afllictiones
910 2758 1339 2817 innumerabiles
1355 2762 1695 2830 postliminio
1718 2764 2039 2821 redierunt”

443 2847 815 2913 Quorumdam
867 2859 1050 2905 autem
1085 2853 1136 2907 in
1164 2854 1358 2910 exsilio
1399 2854 1785 2913 defunctorum
1843 2858 2027 2914 relatae

446 2944 578 2991 sunt
641 2938 910 3008 reliquiae.
937 2940 1170 3008 Quidam
1210 2944 1377 3000 etiam
1426 2956 1552 3016 post
1594 2947 1857 3016 reditum,
1895 2965 2022 3005 cum

444 3027 505 3084 in
533 3027 838 3086 ferventem
873 3032 1057 3089 adhuc
1081 3035 1467 3095 haereticorum
1511 3039 1839 3097 incidissent
1868 3039 2023 3097 furo-

444 3135 586 3185 rem,
619 3123 905 3180 acerbiora
941 3140 1163 3198 quoque
1212 3128 1384 3195 domi,
1423 3145 1586 3201 quam
1631 3132 1684 3187 in
1712 3132 2028 3204 longinquis

1633 429 2053 493 NICEPHORI
2095 436 2440 501 CALLISTI

2040 548 2089 609 A

2056 1901 2095 1953 Β

2702 554 2958 609 ΚΕΦΑΔ.
2998 556 3113 622 ις’.

2137 641 2468 711 Ἐπιστολή
2496 641 2609 710 τῆς
2646 642 2719 697 ἐν
2749 646 3382 700 Κωνσταντινουπόλει
3429 647 3672 706 συνόδου

2231 712 2383 782 πρὸς
2404 712 2546 781 τοὺς
2573 713 2855 780 ὃυτικοὺς
2878 714 3248 781 ἐπισκόπους
3279 718 3577 787 τραφεῖσα.

2201 846 2223 881 ι
2259 828 2486 895 κυρίοις
2511 828 2867 899 τιμιωτάτοις
2889 829 2986 883 καὶ
3006 828 3420 893 εὐλαδεστάιτοις
3441 832 3673 901 ἀδελφοῖς

2121 923 2217 977 καὶ
2240 922 2711 992 ισυλλειτουργοτς,
2740 923 3008 992 Δαμάσῳ,
3038 919 3375 992 ’Δμὸροσίιεη
3404 924 3671 994 Βρίττωνι,

2122 1015 2495 1086 Οὐαλεριανῷ,
2532 1014 2820 1085 Ἀσχολίῳ,
2856 1014 3117 1087 Ἀνεμίῳ,
3152 1015 3440 1087 Βασιλείῳ,
3464 1018 3677 1081 καὶτοῖς

2119 1108 2332 1172 λοιποῖς
2356 1107 2538 1177 ἁγίοις
2569 1102 3035 1171 ὲπισκόποιςητοίς
3072 1106 3493 1176 συνεληλυθόσιν
3521 1109 3578 1161 ὲν
3616 1113 3675 1181 τῇ

2125 1198 2339 1272 μεγάλῃ
2385 1198 2540 1255 πόλει
2580 1197 2864 1271 Tritum!)
2905 1198 3039 1266 άγία
3079 1197 3302 1261 σύνοδος
3344 1199 3454 1252 τῶν
3481 1199 3678 1267 ὀρθοδό-

2123 1292 2227 1357 ξων
2276 1290 2595 1346 ἐπισκόπων
2644 1291 2755 1346 τῶν
2804 1290 3248 1362 συνεληλυθότων
3286 1291 3347 1344 ιν
3382 1292 3447 1361 τῇ
3490 1293 3679 1365 μεγάλῃ

2122 1383 2277 1437 πόλει
2306 1381 2888 1438 Κωνσταντινουπόλει
2908 1383 2967 1435 ιν
3015 1381 3206 1453 Κυρίῳ
3232 1381 3463 1453 χαίρειν.
3493 1383 3562 1434 Τδ
3592 1386 3680 1453 μὲν

2118 1473 2196 1536 ὡς
2228 1474 2537 1543 ἁγνοοῦσαν
2563 1473 2841 1529 διδάσκειν
2856 1474 2957 1545 τὴν
2983 1474 3571 1545 ύμετέρανεύλάϐειαν,
3599 1476 3679 1529 καὶ

2120 1566 2430 1636 διηγεῖσθαι
2480 1565 2592 1622 τῶν
2648 1566 2997 1637 παθημάτων
3040 1566 3103 1619 τὸ
3151 1566 3380 1635 πλῆθος,
3412 1566 3519 1619 τῶν
3556 1567 3679 1620 ἐπα-

2120 1658 2359 1730 χθέντων
2384 1659 2519 1730 ἡμῖν
2550 1658 2701 1731 παρὰ
2731 1659 2835 1728 τῆς
2880 1657 3178 1729 Ἀρειανῶν
3216 1658 3557 1721 δυναστείας,
3584 1675 3675 1711 πε-

2125 1749 2306 1821 ριττδν
2341 1750 2493 1814 ἴσως.
2530 1747 2669 1804 Οῧτε
2694 1750 2806 1820 γὰρ
2830 1748 2975 1804 οὕτω
3001 1751 3282 1819 πάρεργον
3313 1749 3382 1803 τά
3415 1751 3532 1805 καθ’
3548 1753 3680 1821 ἡμᾶς

2123 1841 2330 1913 κρίνειν
2360 1843 2460 1913 τὴν
2495 1842 2769 1913 ὑμετέραν
2796 1840 3085 1912 ἡγούμεθα
3119 1841 3453 1907 θεοσέϐειαν,
3486 1841 3559 1904 ὡς
3580 1843 3678 1895 δεί-

2127 1934 2250 1987 σθαι
2277 1933 2373 1987 τοῦ
2421 1932 2617 2003 μαθεῖν
2643 1932 2821 1987 ταῦτα
2865 1925 2945 1993 οἷς
2993 1932 3166 2002 ἐχρῆν
3212 1929 3538 1999 συναλγεῖν·
3569 1929 3678 1984 οὔτε

2124 2024 2367 2079 τοιοῦτοί
2396 2041 2545 2088 τινες
2576 2026 2625 2079 ei
2685 2021 3048 2093 περισχόντες
3101 2022 3253 2091 ἡμᾶς
3304 2021 3587 2092 χειμῶνες,
3611 2022 3679 2085 ὠς

2125 2114 2414 2169 λανθάνειν
2440 2114 2547 2167 ὑπὸ
2596 2113 2967 2183 σμικρότητος
2987 2128 3002 2144 ο
3028 2112 3057 2165 ὅ
3089 2129 3149 2165 τε
3181 2111 3376 2181 χρόνος
3404 2111 3512 2165 τῶν
3535 2112 3678 2179 διωγο

2128 2208 2248 2278 μῶν
2277 2206 2492 2277 νεαρὸς,
2528 2204 2755 2260 ἔναυλον
2802 2204 2882 2258 ἔτι
2926 2204 3221 2273 φυλάττων
3247 2203 3349 2274 τὴν
3390 2203 3599 2274 μνήμην
3624 2204 3677 2255 οὗ

2122 2301 2237 2364 τοῖς
2267 2299 2567 2353 πεπονθόσι
2611 2297 2793 2369 μόνον,
2831 2296 2970 2351 ἀλλὰ
3000 2297 3096 2350 καὶ
3128 2298 3244 2359 τοῖς
3286 2295 3359 2349 δι’
3383 2295 3594 2364 ἀγάπην
3616 2294 3677 2348 τά

2123 2393 2235 2447 τῶν
2258 2388 2608 2446 πεπονθότων
2634 2390 3046 2461 οίκειουμένοις.
3080 2388 3223 2452 Χθὲς
3250 2388 3382 2457 γάρ,
3408 2388 3480 2450 ὡς
3501 2388 3677 2451 εἰπεῖν,

2126 2484 2208 2538 ἔτι
2232 2486 2329 2539 καὶ
2362 2485 2557 2556 πρώην
2584 2484 2637 2537 et
2674 2482 2774 2551 μὲν
2796 2483 2906 2536 τῶν
2934 2482 3036 2551 τῆς
3069 2480 3286 2551 ὲξορίας
3314 2479 3555 2542 λυθέντες
3576 2478 3677 2531 δεσ-

2131 2579 2247 2649 μῶν
2274 2581 2354 2642 είς
2381 2577 2478 2642 τὰς
2516 2577 2731 2631 ἑαυτῶν
2785 2576 3085 2648 ἐκκλησίας
3114 2575 3205 2628 διὰ
3238 2575 3451 2646 μυρίων
3492 2573 3674 2643 δπανήο

2110 2688 2260 2741 κκασι
2315 2671 2587 2740 θλίψεωνθ
2618 2670 2729 2724 τῶν
2782 2669 2841 2724 δὲ
2875 2670 2970 2723 καὶ
3030 2667 3442 2722 τελειωθέντων
3477 2666 3534 2720 ιν
3573 2668 3676 2728 ταῖς

2126 2762 2366 2835 εξορίαις
2389 2762 2805 2831 ὲπανεκομίσθη
2825 2761 2893 2816 τά
2917 2760 3166 2831 λείψανα.
3192 2756 3353 2823 Τινὲς
3372 2758 3427 2813 δὲ
3446 2758 3534 2814 καὶ
3559 2757 3678 2826 μετὰ

2127 2856 2227 2927 τὴν
2255 2856 2355 2927 τῆς
2403 2855 2622 2926 ὲξορίας
2674 2855 2955 2919 ἐπάνοδον,
3009 2854 3093 2906 ἔτι
3143 2852 3446 2925 βράσσοντι
3488 2850 3560 2919 τῷ
3584 2847 3679 2900 τῶν

2130 2948 2428 3019 αἱρετικῶν
2481 2949 2877 3020 περιπεσόντες
2905 2947 3086 3018 θυμῷ,
3121 2949 3433 3017 πικρότερα
3474 2944 3573 2996 τῶν
3598 2945 3677 2995 ἐπὶ

2128 3039 2233 3108 τῆς
2260 3039 2573 3107 ἀλλοτρίας,
2610 3038 2704 3092 ἐπὶ
2735 3037 2834 3108 τῆς
2888 3037 3098 3098 οἰκείας
3153 3035 3479 3106 ὑπέμειναν,
3521 3030 3677 3090 λίθους

2132 3131 2266 3202 παρ’
2297 3132 2475 3185 αὐτῶν
2528 3130 2911 3194 τελειωθέντες
2943 3130 3089 3185 κατὰ
3148 3129 3241 3182 τὸν
3274 3126 3543 3198 μακάριον
3573 3123 3681 3177 Στέ-

446 3227 503 3269 et
535 3215 729 3271 alienis
750 3219 933 3306 terris,
969 3220 1108 3274 mala
1152 3222 1424 3292 pertulere
1453 3239 1470 3278 :
1504 3224 1778 3295 lapidibus
1816 3226 1887 3281 ad
1928 3243 2027 3283 ne-

2134 3242 2303 3295 φανον
2329 3242 2345 3258 ο
2387 3226 2540 3281 ἄλλοι
2574 3226 2856 3295 διαφόροις
2893 3221 3331 3290 καταξανθέντες
3365 3220 3579 3280 αίκίαις,
3612 3215 3678 3317 ἔα

449 3323 568 3366 cem
621 3305 1028 3380 usque,sicuti
1066 3313 1260 3372 beatus
1310 3315 1645 3387 Stephanus,
1682 3318 1888 3375 obruti.
1923 3321 2027 3377 Alii

2132 3318 2202 3373 τά
2238 3319 2524 3388 στίγματα
2546 3316 2642 3371 τοῦ
2670 3314 2912 3387 Χριστοῦ
2939 3316 3033 3370 καὶ
3061 3315 3187 3376 τοὺς
3220 3313 3499 3384 μώλωπας
3537 3313 3590 3362 ἐν
3614 3305 3679 3376 τῷ

447 3400 618 3456 variis
647 3403 853 3458 concisi
880 3404 1206 3461 verberibus
1228 3415 1278 3462 ct
1302 3408 1504 3479 flagris,
1520 3410 1771 3480 stigmata
1790 3421 1846 3467 et
1872 3422 2032 3469 notas

449 3494 634 3551 adhuc
657 3494 862 3551 Christi
910 3506 968 3552 et
1004 3496 1218 3552 vibices
1244 3499 1299 3553 in
1341 3514 1573 3571 corpore
1600 3517 1702 3557 suo
1739 3504 2032 3567 circumfe-

448 3598 602 3642 runt.
630 3589 999 3645 Pecuniarum
1041 3606 1173 3645 vero
1206 3590 1426 3654 multas,
1463 3602 1520 3648 et
1543 3596 1902 3651 excussiones
1933 3611 2029 3649 ur-

448 3680 628 3744 bium,
656 3691 712 3735 et
738 3680 1079 3750 privatorum
1118 3679 1385 3737 bonorum
1426 3683 1830 3754 publicationes
1851 3724 1865 3749 ,
1899 3685 2032 3741 insi-

448 3773 572 3828 dias
620 3781 878 3839 structas,
939 3776 1321 3842 contumelias,
1380 3784 1435 3831 et
1479 3777 1723 3844 vincula,
1777 3779 2028 3849 quisnam

449 3881 777 3922 enumerare
827 3868 1032 3937 queat?
1075 3868 1287 3923 Revera
1327 3869 1579 3939 profecto
1605 3869 1662 3926 in
1695 3870 1860 3927 nobis
1893 3870 2031 3926 allii-

450 3959 663 4016 ctiones
692 3960 1067 4031 multiplicatae
1093 3974 1225 4017 sunt
1262 3977 1431 4033 supra
1462 3965 2031 4031 numerum,fortasse

450 4054 537 4109 vel
589 4055 735 4125 quod
789 4064 1137 4125 peccatorum
1189 4070 1380 4125 poenas
1410 4058 1826 4126 persolvimus:
1867 4058 2026 4129 251

450 4135 539 4204 vel
568 4145 714 4217 quod
742 4146 1011 4218 benignus
1031 4148 1175 4202 Deus
1198 4163 1299 4219 pro
1328 4163 1430 4204 suo
1458 4149 1514 4203 in
1548 4149 1801 4206 homines
1823 4164 2028 4215 amore,

450 4258 551 4312 per
610 4250 814 4298 tantam
852 4242 961 4297 vim
1013 4251 1070 4297 et
1128 4223 1864 4299 multitudinem'malorum
1929 4260 2031 4299 nos

448 4338 722 4394 exercuit.
758 4335 880 4402 Quo
909 4337 1134 4391 nomine
1168 4336 1278 4392 Deo
1301 4336 1515 4407 agimus
1544 4338 1768 4409 gratias,
1809 4337 1902 4408 qui
1934 4353 2032 4407 per

450 4437 534 4485 tot
578 4439 636 4485 et
668 4438 851 4484 tantas
879 4428 1205 4485 aﬂlictiones
1245 4445 1435 4485 servos
1474 4439 1606 4485 suos
1630 4428 1953 4500 castigarit,
1975 4437 2031 4484 et

450 4522 757 4577 secundum
786 4521 1194 4577 multitudinem
1223 4522 1639 4577 miseratienum
1673 4537 1895 4577 suarum
1928 4537 2030 4577 nos

450 4628 673 4669 rursum
718 4613 978 4669 eduxerit
1022 4614 1078 4669 in
1109 4613 1475 4685 refrigerium.
1511 4614 1683 4671 Nobis
1717 4631 1845 4670 vero
1904 4614 2033 4670 diu-

452 4715 617 4762 tnrno
643 4722 783 4778 Opus
806 4715 953 4762 esset
997 4707 1132 4772 otio,
1171 4714 1228 4763 et
1255 4717 1501 4777 tempore
1527 4708 1724 4772 multo,
1755 4708 1822 4763 ad
1855 4710 2032 4764 eccle-

450 4802 659 4857 siarum
714 4800 1142 4866 restitutionem,
1188 4807 1247 4855 ut
1279 4802 1507 4870 perinde
1552 4811 1716 4870 atque
1763 4816 1830 4857 ex
1871 4802 2031 4872 longa

448 4894 799 4966 aegritudine,
833 4893 1098 4963 paulatim
1144 4892 1338 4950 sedula
1373 4909 1505 4949 cura
1538 4893 1796 4949 Ecclesia:
1832 4909 2033 4964 corpus

451 4988 872 5068 confirmantes,
899 4987 966 5043 ad
1004 4988 1294 5058 pristinam
1333 4986 1705 5042 valetudinem
1737 4996 1790 5041 et
1829 4987 2033 5042 sanita-

452 5093 565 5139 tem
604 5084 1019 5139 reduceremus.
1054 5081 1381 5151 Quanquam
1423 5081 1574 5136 enim
1607 5081 1844 5136 maxime
1874 5097 1906 5136 a
1935 5097 2033 5137 ve-

452 5178 698 5233 hementi
736 5176 933 5248 injuria
971 5176 1421 5247 persecutionum
1459 5175 1715 5230 videmur
1745 5191 1869 5232 esse
1894 5176 2035 5232 libe-

454 5270 583 5337 rati,
607 5281 661 5325 οι
687 5270 952 5326 ecclesias
969 5268 1181 5324 diutius
1204 5268 1273 5323 ab
1300 5268 1576 5324 haereticis
1590 5267 1842 5323 detentas
1860 5284 2035 5338 nuper

453 5364 906 5432 recuperat-imus
940 5378 955 5417 :
989 5375 1184 5431 graves
1223 5369 1404 5415 tamen
1437 5360 1622 5415 adhuc
1662 5361 1823 5416 nobis
1849 5361 2033 5415 immi-

453 5462 590 5509 nent
617 5455 753 5523 lupi,
784 5454 878 5523 qui
911 5454 1075 5508 etiam
1106 5467 1174 5508 ex
1218 5453 1455 5509 ovilibus
1490 5452 1729 5524 depulsi,
1790 5453 1845 5507 in
1881 5453 2036 5508 silvis

455 5557 514 5602 et
546 5546 778 5602 saltibus
802 5562 992 5617 greges
1022 5546 1323 5617 diripiunt,
1358 5557 1666 5603 conventus
1691 5557 1884 5603 contra
1907 5548 2034 5616 {nos

456 5648 681 5709 cogunt,
714 5639 858 5708 vulgi
923 5638 1221 5695 seditiones
1255 5649 1495 5705 movent,
1532 5650 1586 5695 et
1628 5641 1768 5700 nihil
1796 5639 1942 5710 quod
1980 5641 2032 5693 in

455 5734 815 5788 ecclesiarum
847 5732 1239 5787 detrimentum
1274 5733 1451 5797 cedat,
1489 5747 1596 5786 non
1634 5740 1864 5797 tentant,
1891 5732 2037 5799 Qua-

454 5835 700 5899 propter,
754 5825 903 5896 quod
934 5823 1196 5891 diximus,
1227 5826 1491 5895 ampliore
1522 5840 1623 5879 nos
1652 5825 1765 5878 otio
1813 5836 1865 5879 et
1901 5834 2035 5879 tem-

461 5936 587 5980 uere
623 5917 867 5999 longiore
919 5916 1202 5974 abundare
1243 5917 1547 5975 onertebat.
1589 5915 1695 5972 Sed
1726 5914 1871 5972 enim
1905 5930 2027 5970 cum

2135 3410 2355 3481 σώματι
2380 3410 2767 3482 περιφέρουσι.
2795 3409 3116 3482 Χρημάτων
3148 3408 3207 3463 δὲ
3226 3407 3430 3478 ζημίας
3460 3404 3550 3460 καὶ
3566 3417 3677 3473 προ-

2131 3505 2391 3575 τιμήσεις
2422 3505 2655 3568 πόλεων,
2693 3504 2787 3557 καὶ
2828 3503 2930 3567 τὰς
2971 3503 3083 3555 τῶν
3122 3501 3251 3556 καθ’
3282 3500 3379 3556 ἕνα
3418 3498 3679 3569 δημεύσεις

2134 3595 2229 3647 καὶ
2263 3592 2563 3657 συσκευὰς,
2593 3594 2693 3646 καὶ
2742 3590 2933 3662 ὕϐρεις
2970 3592 3065 3646 καὶ
3093 3590 3465 3660 δεσμωτήρια,
3495 3585 3573 3647 τίς
3620 3582 3679 3636 ἂν

2133 3687 2618 3759 ἐξαριθμήσασθαι
2644 3686 2900 3752 δύναιτος
2939 3687 3150 3746 Ὄντως
3197 3685 3287 3754 ἐφ’
3319 3684 3462 3755 ἡμᾶς
3490 3683 3541 3735 αἱ
3580 3675 3676 3731 θλί-

2134 3780 2256 3850 ψεις
2281 3777 2702 3849 ἑπληθύνθησαν
2733 3778 2872 3849 ὑπὲρ
2901 3776 3171 3846 ἀριθμόν·
3205 3776 3338 3838 ἴσως
3378 3772 3493 3843 μὲν,
3517 3766 3677 3835 ἐπειδὴ

2134 3868 2291 3932 δίκας
2319 3867 2742 3936 ἁμαρτημάτων
2769 3866 3023 3934 ἐτίνομεν
3041 3878 3057 3895 ⁸
3091 3863 3224 3926 ἴσως
3254 3862 3334 3929 δὲ,
3373 3862 3464 3916 καλ⁵
3492 3856 3580 3912 τοῦ
3602 3874 3679 3925 φια-

2133 3960 2458 4028 λανθρώπου
2491 3958 2627 4012 Θεοῦ
2659 3959 2751 4013 διὰ
2794 3959 2890 4012 τοῦ
2924 3956 3169 4027 πλήθους
3214 3956 3329 4010 τῶν
3372 3950 3681 4022 παθημάτων

2132 4053 2281 4125 ἡμᾶς
2323 4050 2721 4122 γυμνάζοντος.
2752 4050 2977 4106 Τούτων
3006 4050 3107 4120 μὲν
3134 4044 3230 4103 οὖν
3277 4048 3355 4118 τῷ
3383 4044 3499 4114 Θεῷ
3518 4043 3676 4114 χάρις,

2133 4146 2192 4211 ὃς
2216 4148 2313 4200 καὶ
2339 4146 2431 4200 διὰ
2456 4145 2729 4200 τοσούτων
2759 4146 2889 4208 τοὺς
2918 4141 3124 4196 ἑαυτοῦ
3150 4141 3377 4203 δούλους
3399 4137 3675 4194 ἐπαίδευσε,

2134 4240 2229 4296 καὶ
2254 4239 2401 4293 κατὰ
2426 4239 2487 4291 τὸ
2519 4237 2720 4307 πλῆθος
2744 4236 2854 4291 τῶν
2879 4233 3184 4305 οἰκτιρμῶν
3204 4232 3373 4288 αὐτοῦ
3399 4230 3551 4284 πάλιν
3573 4225 3678 4294 ἐξή-

2133 4349 2307 4403 γαγεν
2345 4333 2495 4405 ἡμᾶς
2540 4334 2619 4395 είς
2653 4328 2978 4401 ἀναψυχήν·
3011 4330 3146 4399 ἡμῖν
3194 4327 3278 4390 δὲ,
3331 4324 3539 4396 μακρᾶς
3594 4318 3679 4389 μὲν

2134 4427 2244 4482 ἔδει
2273 4426 2471 4497 σχολῆς
2499 4425 2595 4481 καὶ
2621 4422 2824 4477 πολλοῦ
2857 4424 3054 4494 χρόνου
3078 4421 3216 4493 πρὸς
3239 4420 3338 4491 τὴν
3367 4418 3471 4473 τῶν
3502 4412 3677 4479 ἐκκλη-

2138 4520 2268 4574 σιῶν
2303 4518 2704 4590 ἒπανόρθωσιν,
2740 4517 2806 4570 ἶν’
2841 4515 3032 4586 ὥσπερ
3064 4517 3127 4569 ἐκ
3154 4515 3377 4585 μακρᾶς
3397 4504 3675 4581 ἀρρωστίας

2064 4612 2109 4671 D
2135 4615 2256 4678 ταῖς
2283 4612 2425 4667 κατὰ
2450 4612 2648 4682 μικρὸν
2680 4608 3022 4680 ἐπιμελείαις
3050 4608 3113 4662 τὸ
3156 4608 3318 4676 σῶμα
3354 4604 3451 4673 τῆς
3477 4597 3679 4663 Ἐκκλη-

2136 4707 2255 4769 ala;
2286 4703 2761 4774 ὲκνοσηλεύοντες,
2794 4700 2932 4770 πρὸς
2955 4701 3056 4769 τὴν
3084 4698 3323 4770 ἀρχαίαν
3348 4695 3444 4765 τῆς
3478 4689 3679 4758 Ἐκκλη-

2135 4799 2258 4862 σίας
2292 4796 2506 4866 ὑγίειαν
2530 4794 2991 4863 ὲπαναγάγωμεν.
3021 4793 3132 4847 Καὶ
3160 4794 3269 4859 γάρ
3292 4790 3340 4843 εί
3371 4788 3447 4842 τά
3468 4786 3678 4857 μάλιστα

2135 4889 2405 4960 δοκοῦμεν
2434 4890 2531 4955 τῆς
2561 4887 2669 4941 τῶν
2701 4885 2961 4956 διωγμῶν
3016 4881 3366 4954 ἀπηλλάχθαι
3417 4877 3679 4948 σφοδρότη-

2134 5001 2248 5048 τος,
2278 4988 2371 5037 καὶ
2399 4983 2497 5046 τάς
2527 4980 2824 5051 ἐκκλησίας
2847 4979 3081 5051 χρονίως
3106 4978 3258 5048 παρὰ
3285 4976 3392 5028 τῶν
3415 4965 3676 5042 αἱρετικῶν

2136 5074 2576 5144 κατασχεθείσας
2628 5073 2831 5141 ἀρτίως
2884 5068 3337 5139 ἀνακομίζεσθαι,
3376 5064 3509 5133 πλὴν
3562 5055 3676 5112 άλλᾶ

2140 5168 2331 5238 βαρεῖς
2358 5168 2491 5237 ἡμῖν
2527 5164 2575 5218 οἱ
2599 5163 2773 5227 λύκοι,
2795 5164 2890 5216 καὶ
2925 5163 3064 5233 μετά
3092 5161 3152 5215 τὸ
3172 5162 3270 5231 τῆς
3301 5157 3532 5228 μάνδρας
3558 5150 3673 5213 ἔξω·

2141 5246 2355 5327 σθῆναι,
2388 5255 2532 5307 κατὰ
2561 5255 2661 5317 τὰς
2697 5253 2879 5312 νάπας
2926 5250 2995 5304 τὰ
3029 5249 3261 5319 ποίμνια
3290 5243 3675 5317 διαρπάζοντες,

2139 5348 2515 5414 ἁντισυνάξεις
2560 5346 2897 5417 τολμῶντες,
2937 5344 3129 5415 δήμων
3170 5342 3442 5402 κινοῦντες
3497 5338 3674 5389 ἐπανα-

2140 5444 2381 5506 στάσεις,
2417 5439 2708 5503 ὀκνοῦντες
2753 5439 2908 5493 οὐδὲν
2955 5439 3036 5501 είς
3071 5437 3171 5510 τὴν
3230 5437 3336 5490 τῶν
3372 5425 3674 5497 Ἐκκλησιῶν

2140 5536 2364 5607 βλάῖην.
2395 5531 2507 5587 Ἦν
2544 5532 2644 5602 μὲν
2700 5529 2814 5598 οὖν,
2847 5534 2984 5601 ὅπερ
3034 5532 3359 5600 είρήκαμεν,
3410 5518 3674 5590 ἀναγκαῖον

2140 5631 2363 5683 πλείονα
2427 5630 2575 5697 ἡμᾶς
2640 5625 3159 5698 προσασχοληθῆναι
3219 5622 3439 5694 χρόνον
3507 5608 3672 5677 ἐπειδὴ

2145 5727 2328 5795 μέντοι
2366 5722 2467 5793 τὴν
2491 5739 2557 5774 πε
2568 5722 2620 5792 ρὶ
2643 5721 2792 5792 ἡμᾶς
2833 5704 3132 5785 ἀδελφικὴν
3164 5718 3420 5781 σώζοντες
3443 5702 3670 5779 στοργήν,

2140 5819 2235 5871 καὶ
2274 5816 2373 5886 τὴν
2424 5815 2648 5884 ἀγάπην
2698 5812 3163 5883 ἐπιδεικνύμενοι,
3200 5807 3414 5864 σύνοδον
3459 5802 3542 5856 ὲπὶ
3585 5798 3671 5865 τῆς

2151 5910 2370 5977 Ῥώμης
2405 5909 2539 5962 θεοῦ
2572 5909 2822 5974 βουλήσει
2846 5905 3294 5974 συγκροτοῦντες,
3323 5900 3409 5956 καὶ
3437 5896 3569 5965 ἡμᾶς
3606 5888 3668 5952 ὡς
