3800 6554
179 458 272 521 733

1071 450 1673 510 ECCLESIASTICAE
1715 450 2110 513 HISTORIE
2153 456 2300 516 LIB.
2337 455 2474 516 XII.

3281 452 3386 516 ’794

177 566 339 625 οίκεῑα·
358 563 488 632 μέλη
534 559 1009 629 προσεκαλέσασθε
1039 561 1130 614 διὰ
1173 560 1282 614 τῶν
1313 561 1405 614 τοὺ
1467 561 1697 631 θεοφιλεη

1819 564 2115 622 fraternam
2144 579 2379 624 vestram
2406 582 2531 636 erga
2560 579 2658 620 nos
2684 569 2942 635 pietatem
2975 571 3384 628 conservantes,

178 661 354 717 στάτου
403 654 664 726 βασιλέως
715 654 1080 723 γραμμάτων,
1119 654 1188 706 ἵν’
1225 655 1411 724 ἐπειδὴ
1459 655 1580 708 τότε
1614 656 1714 718 τὰς

178 753 360 820 θλίψεις
385 748 533 817 μόνοι
559 745 1063 814 κατεδικάσθημεν,
1088 745 1184 798 νῦν
1214 747 1273 798 ἐν
1307 749 1375 816 τῇ
1409 745 1518 798 τῶν
1549 746 1712 798 αὑτο-

175 841 430 913 κρατόρων
473 838 597 906 περὶ
629 837 727 909 τὴν
761 837 1048 891 εὐσέϐειαν
1095 838 1384 908 συμφωνίᾳ
1421 839 1496 908 μὴ
1544 837 1714 907 χωρὶς

173 930 310 1003 ἡμῶν
335 927 708 999 βασιλεὺσητε,
743 927 880 982 ἀλλὰ
919 930 1014 982 καὶ
1059 929 1224 997 ἡμεῖς
1266 929 1394 997 ὑμῖν
1443 929 1584 981 κατὰ
1614 928 1712 996 τὴν

174 1018 510 1084 ἁποστολικὴν
539 1018 726 1086 φωνὴν
756 1017 1288 1088 συμϐασιλεύσωμεν
1313 1035 1327 1049 ο
1360 1018 1494 1089 εὑχὴ
1525 1019 1622 1086 μέν
1644 1015 1712 1090 ἦν

171 1115 304 1181 ἡμῖν,
346 1112 392 1162 εί
425 1109 652 1162 δυνατὸν
699 1109 902 1164 ἅπασιν
959 1110 1174 1180 ἁθρόως
1220 1110 1584 1164 καταλιποῦσι
1615 1114 1713 1175 τὰς

172 1200 461 1269 ἐκκλησίας,
498 1200 574 1269 τῷ
610 1201 762 1271 πόθῳ
814 1203 846 1270 ἢ
903 1204 968 1272 τῇ
1007 1202 1170 1273 χρείᾳ
1221 1202 1576 1274 χαρίσασθαι.
1616 1205 1712 1268 Ti;

169 1297 262 1362 γὰρ
283 1294 406 1361 ἡμῖν
434 1292 508 1361 δῷ
539 1293 818 1361 πτέρυγας
845 1294 983 1346 ὡσεὶ
1016 1297 1372 1366 περιστερᾶς,
1409 1297 1503 1349 καὶ
1545 1315 1712 1351 πετα-

171 1384 475 1454 σθησόμεθα,
521 1385 614 1437 καὶ
647 1385 782 1454 πρὸς
818 1387 962 1453 ὑμᾶς
981 1387 1428 1456 ,καταπαύσομεν
1455 1388 1710 1459 ;Ἐπειδὴ

169 1477 217 1529 δὲ
241 1475 387 1528 τοῦτο
419 1475 698 1538 παντελῶς
725 1476 964 1547 ἐγύμνου
993 1479 1090 1541 τὰς
1129 1479 1426 1550 ἐκκλησίας
1453 1478 1578 1550 ἄρτι
1612 1484 1711 1552 τῆς

169 1566 487 1629 ἀνανεώσεως
517 1570 847 1639 ἀρχομένας,
880 1571 974 1623 καὶ
1000 1570 1058 1624 τὸ
1089 1574 1321 1644 πρᾶγμα
1360 1576 1711 1628 παντάπασιν

166 1657 224 1731 ἦν
251 1662 352 1721 τοῖς
386 1660 605 1722 πολλοῖς
665 1661 926 1715 ἀδύνατον
951 1678 966 1694 ·
1007 1664 1545 1735 συνδεδραμήκειμεν
1599 1667 1710 1735 γὰρ

166 1754 232 1815 είς
257 1756 346 1820 τὴν
371 1751 948 1806 Κωνσταντινούπολιν
972 1755 1037 1808 ἐκ
1073 1756 1182 1808 τῶν
1216 1759 1415 1827 πέρυσι
1447 1759 1711 1828 γραμμά-

163 1859 252 1894 των
281 1840 380 1892 τῶν
411 1841 564 1912 παρὰ
616 1842 718 1910 τῆς
751 1843 1026 1915 ὑμετέρας
1061 1850 1378 1919 τιμιότητος
1428 1851 1565 1920 μετὰ
1609 1852 1707 1920 τὴν

173 1932 434 2002 ’Λκυληΐας
498 1933 719 1987 σύνοδον
749 1935 884 2004 πρὸς
912 1937 1002 1990 τὸν
1035 1940 1449 2006 θεοφιλέστατον
1482 1941 1706 2009 βασιλέα

162 2025 405 2076 Θεοδόσιον
447 2025 911 2090 ἐπισταλθέντων,
965 2029 1102 2098 πρὸς
1151 2031 1320 2101 μόνην
1369 2032 1574 2101 ταύτην
1606 2033 1705 2102 τὴν

163 2119 301 2188 μέχρι
334 2119 962 2184 Κωνσταντινουπόλεως
992 2124 1571 2193 παρασκευασάμενοι,
1617 2126 1707 2178 καί⁵

160 2208 292 2278 παρὰ
319 2210 526 2278 ταύτης
569 2211 736 2280 μόνης
783 2211 882 2280 τῆς
913 2214 1135 2284 συνόδου
1165 2212 1275 2266 τῶν
1302 2216 1360 2267 ἐν
1391 2219 1506 2279 ταῖς
1533 2218 1706 2288 ἐπαρ-

161 2306 284 2373 χίαις
315 2304 616 2370 μεινάντων
641 2305 960 2357 ἐπισκόπων
993 2306 1395 2373 συγκατάθεσιν
1428 2308 1706 2374 ἐπαγόμε-

157 2406 254 2443 νοι·
292 2392 538 2460 μείζονος
582 2392 638 2445 δὲ
681 2392 1012 2462 ἀποδημίας,
1049 2395 1185 2463 μήτε
1231 2395 1706 2464 προσδοκήσαντες

157 2482 341 2550 χρείαν,
381 2484 518 2552 μήτε
579 2483 1017 2553 προακούσαντες
1059 2485 1216 2552 ὅλως,
1273 2487 1402 2556 πρὶν
1447 2488 1505 2540 ἐν
1553 2489 1707 2541 Κων-

159 2576 578 2628 σταντινουπόλει
605 2577 882 2628 συνελθεῖν
903 2592 918 2608 ο
967 2577 1101 2645 πρὸς
1135 2577 1190 2629 δὲ
1241 2579 1450 2640 τούτοις
1481 2581 1574 2631 καὶ
1606 2581 1703 2648 τῆς

156 2667 471 2737 προθεσμίας
520 2669 608 2722 διὰ
661 2670 956 2740 στενότητα
995 2671 1132 2738 μήτε
1173 2671 1307 2740 πρὸς
1349 2672 1704 2741 παρασκευὴν

159 2759 480 2830 μακροτέρας
545 2760 857 2830 ἀποδημίας
910 2761 1222 2829 ἐνδιδούσης
1293 2763 1506 2832 καιρὸν,
1562 2763 1701 2832 μήτε

156 2853 339 2915 πάντας
365 2855 498 2914 τοὺς
527 2855 587 2907 ἐν
614 2856 734 2915 ταῖς
757 2855 1053 2924 ἐπαρχίαις
1096 2857 1447 2918 κοινωνικους
1475 2856 1701 2908 ἐπισκό-

155 2963 272 3008 πους
309 2946 868 3016 ὑπομνηματισθῆναι
909 2949 1003 3000 καὶ
1036 2949 1135 3012 τὰς
1193 2947 1322 3017 παρ’
1355 2948 1536 3000 αὑτῶν
1575 2965 1704 3016 συγ-

153 3037 448 3102 καταθέσεις
495 3038 717 3092 λαϐεῖν·
753 3039 939 3109 ἐπειδὴ
970 3039 1164 3106 ταῦτα,
1196 3040 1290 3092 καί⁵
1352 3040 1526 3092 πολλὰ.
1562 3040 1700 3110 πρὸς

152 3134 338 3196 τούτοις
374 3131 542 3204 ἕτερα
567 3134 666 3205 τὴν
700 3149 805 3184 των
831 3132 1090 3186 πλειόνων
1123 3133 1308 3201 ἄφιξιν
1331 3132 1658 3186 διεκώλυσεν
1681 3150 1697 3166 ·

1816 665 1869 710 et
1900 656 2251 713 dilectionem
2297 657 2640 719 exhibentes,
2692 655 2897 710 indicto
2935 653 3140 718 Rolnaa,
3170 654 3236 708 de
3290 669 3387 707 vo-
3437 682 3441 686 ~

1818 747 2024 803 Iuntate
2057 749 2176 816 Dei,
2213 750 2468 815 concilio,
2499 765 2597 819 per
2632 747 2726 802 Dei
2759 747 3115 802 amantissimi
3155 746 3388 814 impera-

1818 839 1954 892 toris
1988 839 2219 904 litteras,
2249 855 2352 896 nos
2380 854 2599 910 quoque
2626 877 2641 900 ,
2672 847 2732 892 ut
2765 837 3007 892 membra
3047 844 3227 890 vestra
3257 849 3387 903 pro-

1815 930 1956 998 pria,
2004 945 2070 985 eo
2097 931 2480 993 evocaveritis,
2527 940 2586 984 ut
2617 938 2970 1000 posteaquam
3005 936 3120 980 tum
3161 925 3386 994 quidem

1815 1021 1916 1074 soli
1980 1036 2080 1076 nos
2131 1023 2536 1077 calamitatibus
2592 1020 2796 1076 addicti
2854 1029 3020 1088 atque
3084 1016 3384 1088 adjudicati

1815 1113 2040 1176 fuimus,
2082 1131 2229 1170 nunc
2265 1115 2482 1170 tandem
2522 1115 2576 1169 in
2605 1111 2975 1168 consentienti
3007 1111 3252 1179 ipsorum
3283 1108 3388 1160 im-

1816 1215 2130 1276 peratorum
2188 1207 2256 1262 de
2318 1224 2446 1262 vera
2508 1207 2709 1277 pietate
2743 1203 3059 1267 concordia,
3103 1217 3213 1254 non
3267 1200 3387 1252 sine

1814 1297 1976 1353 nobis
2017 1298 2258 1367 regnetis
2288 1338 2302 1360 ,
2334 1297 2428 1352 sed
2463 1306 2520 1352 et
2584 1312 2688 1351 nos
2721 1311 2828 1350 una
2880 1293 3190 1354 vobiscum,
3230 1292 3386 1360 juxta

1813 1389 2168 1454 apostolicam
2201 1404 2412 1453 vocem,
2442 1404 2764 1460 regnemus:
2799 1389 2854 1442 in
2885 1385 3030 1439 votis
3064 1385 3221 1438 nobis
3245 1393 3383 1449 erat,

1813 1477 1858 1531 si
1893 1478 2011 1532 ﬁeri
2057 1488 2262 1548 posset,
2290 1487 2349 1532 ut
2395 1479 2558 1533 simul
2598 1492 2811 1540 omnes,
2859 1474 3108 1529 ecclesiis
3154 1473 3382 1537 relictis,

1813 1585 1910 1623 seu
1943 1569 2218 1624 desiderio
2249 1586 2344 1626 seu
2382 1571 2502 1626 usui
2534 1578 2738 1634 vestro,
2765 1584 2861 1637 per
2886 1566 3229 1637 gratiﬁcandi
3271 1580 3388 1620 Stu-

1811 1660 1962 1713 dium
2002 1660 2467 1716 satisfaceremus.
2499 1659 2634 1726 Quis
2680 1659 2827 1714 enim
2866 1657 3028 1711 nobis
3058 1657 3173 1710 alas
3214 1655 3384 1710 veluti

1811 1753 2077 1808 columba:
2117 1753 2344 1815 tribuat,
2395 1760 2455 1807 ut
2502 1751 2817 1812 volitemus,
2862 1757 2918 1804 et
2969 1749 3114 1818 apud
3160 1763 3256 1802 vos
3304 1763 3387 1802 re-

1810 1843 2197 1914 quiescamus?
2229 1843 2362 1899 Cum
2396 1859 2523 1898 vero
2558 1843 2634 1903 id,
2663 1843 2708 1897 si
2746 1843 2923 1904 ﬁeret,
2960 1854 3186 1910 prorsus
3213 1839 3387 1892 eccle-

1809 1935 1919 1990 sias
1955 1936 2211 2002 nudaret,
2237 1951 2358 2005 qua:
2386 1952 2559 2006 nuper
2590 1935 2839 1989 renovari
2864 1942 3177 2002 cmperunt,
3211 1940 3266 1984 et
3298 1945 3385 1984 res

1809 2027 1925 2082 haec
1965 2028 2152 2082 multis
2181 2028 2410 2082 omnino
2467 2026 2823 2096 impossibilis
2864 2025 2934 2078 sit
2966 2041 2978 2077 :
3017 2022 3383 2077 convenimus

1809 2136 2044 2189 namque
2064 2119 2597 2190 Constantinopolim
2622 2117 2822 2173 litteris
2852 2116 3116 2185 proximis
3135 2114 3383 2177 adducti,

1807 2225 1945 2279 quas
2001 2211 2309 2264 reverentia
2350 2217 2529 2264 vestra
2590 2217 2714 2278 post
2748 2207 3015 2277 synodum
3066 2205 3384 2272 Aquileien-

1805 2317 1942 2366 sem,
1979 2301 2046 2355 ad
2093 2302 2190 2356 Dei
2221 2301 2659 2354 amantissimum
2708 2298 3096 2367 imperatorem
3132 2295 3384 2349 Theodo-

1804 2395 1945 2449 sium
1973 2393 2142 2458 dedit,
2169 2393 2234 2446 ad
2256 2393 2425 2446 solam
2451 2393 2612 2453 hanc,
2627 2389 3160 2455 Constantinopolim
3185 2403 3384 2456 usque,

1806 2487 2198 2558 profectionem
2228 2484 2506 2550 instructi,
2527 2483 2686 2552 252
2719 2490 2774 2535 et
2804 2482 2869 2536 de
2909 2495 3018 2535 una
3051 2480 3150 2532 hac
3173 2477 3383 2549 synodo

1805 2578 1874 2632 ab
1923 2578 2006 2632 eis
2058 2577 2152 2644 qui
2217 2578 2271 2630 in
2315 2575 2616 2646 provinciis
2677 2587 3026 2642 permansere
3083 2569 3379 2639 episcopis,

1805 2671 2178 2726 assensionem
2214 2679 2491 2739 acceptam
2523 2668 2804 2721 habentes.
2827 2666 2899 2717 De
2921 2663 3165 2732 longiore
3197 2672 3382 2715 autem

1803 2763 2144 2833 proiectione
2172 2776 2351 2830 neque
2393 2759 2774 2815 necessitatem
2822 2757 3058 2824 aliquam
3095 2763 3383 2823 exspecta-

1804 2857 1985 2910 vimus
2020 2872 2034 2909 :
2070 2869 2246 2922 neque
2271 2853 2570 2922 quidquam
2603 2851 2830 2906 omnino
2863 2847 3016 2918 prius
3045 2847 3379 2912 audivimus,

1803 2962 1967 3017 quam
1987 2943 2469 3012 Constantinopoli
2498 2941 2877 2998 convenimus.
2907 2939 2987 2992 Ad
3029 2939 3162 2999 haec,
3196 2953 3258 2991 ca
3295 2945 3382 2991 est

1803 3039 2090 3094 constituti
2117 3038 2383 3107 temporis
2412 3035 2686 3101 angustia,
2719 3040 2780 3087 ut
2823 3047 3003 3101 neque
3033 3029 3099 3083 ad
3128 3030 3231 3082 iter
3260 3029 3383 3083 lon-

1805 3133 1924 3201 gius
1958 3147 2058 3186 nos
2094 3129 2396 3184 instruendi
2421 3129 2659 3198 spatium
2693 3125 3025 3180 habeamus:
3061 3138 3238 3191 neque
3262 3136 3382 3175 om-

153 3224 175 3275 ὃ
206 3224 447 3295 δεύτερον
473 3222 541 3296 ἦν
569 3227 647 3288 είς
686 3243 744 3279 τε
779 3217 882 3279 τών
916 3226 1260 3297 πραγμάτων
1301 3227 1697 3302 ἐπανόρθωσιν,

1808 3241 1904 3284 nes
1938 3225 1990 3282 in
2027 3223 2329 3297 provinciis
2367 3218 2771 3275 communionis
2816 3225 3014 3270 nostrae
3062 3214 3375 3282 episcopos,

153 3318 232 3368 καὶ
255 3318 347 3387 τὴν
373 3318 474 3383 τῆς
502 3319 771 3387 ὑμετέρας
793 3321 917 3389 περὶ
951 3322 1098 3389 ἡμᾶς
1148 3323 1371 3392 ἀγάπης
1399 3324 1694 3389 ἀπόδειξιν,

149 3409 285 3462 τοῦτο
308 3427 370 3462 πε
384 3411 714 3480 ποιήκαμεν,
745 3416 871 3474 τοὺς
894 3405 1353 3482 αίδεσιμωτάτούς
1386 3417 1480 3468 καὶ
1504 3433 1699 3486 τιμιω-

144 3503 315 3564 τάτους
343 3503 604 3570 ἀδελφοὺς
635 3504 727 3556 καὶ
777 3504 1235 3574 συλλειτουργοὺς
1268 3506 1424 3576 ἡμῶν
1469 3508 1694 3560 ἐπισκό-

145 3609 286 3655 πους,
309 3593 607 3661 κυριακὸν,
645 3593 920 3659 Εὑσέϐιον,
970 3597 1063 3646 καὶ
1095 3596 1444 3663 Πρισκιανδν,
1490 3597 1696 3668 προθύ-

145 3700 246 3751 μως
275 3687 473 3754 καμεῖν
500 3685 658 3754 ἄχρις
693 3686 849 3753 ὑμῶν
883 3685 1308 3756 δυσωπήσαντες
1330 3704 1346 3722 ο
1382 3689 1449 3742 δι’
1493 3685 1566 3743 ὧν
1596 3691 1694 3761 τὴν

141 3777 403 3846 ἡμετέραν
442 3776 764 3846 προαίρεσιν
801 3776 1086 3847 εἰρηνικὴν
1119 3777 1284 3831 οὖσαν
1335 3781 1429 3833 καὶ
1488 3782 1692 3836 σκοπὸν

143 3869 369 3934 ἐνώσεως
396 3870 624 3941 ἔχουσαν
649 3871 1034 3941 ἐπιδείκνυμεν
1057 3887 1070 3901 ·
1099 3872 1190 3924 καὶ
1221 3872 1312 3924 τὸν
1349 3873 1510 3944 ζῆλον
1536 3876 1693 3944 ἡμῶν

141 3961 219 4012 τόν
249 3963 384 4031 ὑπὲρ
433 3961 532 4030 τῆς
590 3960 778 4029 ὑγιοῦς
830 3961 1067 4023 πίστεως
1124 3963 1358 4030 φανερὸν
1408 3963 1692 4031 ποιοῦμεν.

150 4052 328 4122 Ἡμεῖς
355 4055 480 4122 γὰρ,
514 4054 624 4104 εἴτε
650 4052 946 4120 διωγμοὺς,
985 4052 1092 4104 εἴτε
1124 4053 1356 4121 θλίψεις,
1393 4055 1503 4108 εἴτε
1539 4055 1694 4124 βασι-

139 4143 279 4206 λικὰς
329 4145 579 4208 ἀπειλὰς,
621 4142 729 4195 εἴτε
763 4143 858 4202 τὰς
887 4141 996 4192 τῶν
1050 4143 1326 4212 ἀρχόντων
1377 4143 1688 4214 ὠμότητας.

140 4239 238 4290 εἴτε
276 4238 395 4290 τινὰ
427 4236 733 4306 πειρασμὸν
784 4236 974 4304 ἓτερον
1029 4236 1182 4306 παρὰ
1234 4237 1342 4289 τῶν
1398 4238 1688 4308 αίρετικῶν

141 4331 522 4400 ὑπεμείναμεν,
585 4330 726 4396 ὑπὲρ
781 4331 878 4399 τῆς
923 4329 1290 4398 εὑαγγελικῆς
1323 4332 1556 4392 πίστεως
1590 4335 1689 4400 τῆς

141 4425 191 4475 ἐν
221 4424 420 4494 Nomia
472 4425 570 4491 τῆς
607 4421 855 4484 Βιθυνίας
887 4421 1038 4491 παρὰ
1083 4423 1192 4474 τῶν
1224 4424 1556 4492 τριακοσίων
1605 4425 1690 4475 δε-

142 4516 344 4568 καοκτὼ
391 4516 648 4585 Πατέρων
702 4514 1045 4583 κυρωθείσης
1098 4514 1434 4581 ὑπέστημεν.
1473 4514 1687 4583 Ταύτην

1805 3320 1872 3375 de
1904 3319 2246 3389 profectione
2288 3314 2376 3368 tali
2407 3312 2673 3366 certiores
2720 3311 2932 3372 facere,
2961 3316 3016 3361 et
3043 3319 3372 3360 consensum

1800 3427 1991 3467 eorum
2015 3410 2262 3479 accipere
2294 3407 2586 3476 possimus.
2617 3401 2752 3458 Cum
2782 3401 2917 3466 haec,
2953 3407 3008 3454 et
3043 3399 3210 3451 multa
3235 3413 3371 3466 pra».-

1803 3514 1946 3559 terea
1975 3501 2413 3566 alia,adventum
2447 3498 2810 3566 complurium
2840 3493 3168 3562 impedirent
3189 3509 3200 3542 :
3220 3489 3368 3560 quod

1799 3603 2070 3670 reliquum
2100 3608 2236 3664 erat,
2266 3597 2426 3652 simul
2454 3604 2510 3649 et
2540 3594 2605 3646 ad
2645 3608 2733 3646 res
2764 3593 3052 3661 plerasque
3092 3589 3368 3658 corrigen-

1799 3693 1921 3758 das,
1949 3702 2004 3745 et
2037 3699 2282 3744 nostram
2323 3701 2448 3756 erga
2480 3701 2575 3738 vos
2604 3684 2926 3738 charitatem
2961 3680 3369 3746 declarandam,

1797 3784 2107 3840 faciendum
2140 3783 2418 3842 duximus,
2460 3788 2516 3831 ut
2552 3777 3043 3833 rcverendissimos
3076 3787 3238 3845 atque
3268 3774 3371 3828 ho-

1796 3873 2072 3930 norandos
2100 3873 2333 3925 maxime
2364 3871 2562 3924 lratres
2611 3877 2666 3923 et
2704 3869 2943 3938 collegas
2994 3877 3237 3930 nostros,
3268 3866 3374 3936 Cy-

1797 3967 2030 4029 riaeum,
2060 3965 2381 4028 Eusebium,
2423 3971 2476 4016 et
2514 3962 2876 4022 Priscianum,
2910 3961 3223 4030 episcopos,
3264 3975 3372 4029 quo

1795 4066 1898 4118 viae
1920 4063 2159 4115 laborem
2193 4059 2423 4113 Romam
2458 4072 2633 4126 usque
2668 4055 2942 4110 alacribus
2973 4057 3224 4110 subirent
3255 4056 3372 4108 ani-

1796 4155 1919 4217 n‘tis,
1951 4164 2310 4207 exoraremus
2349 4167 2362 4203 :
2403 4163 2500 4218 per
2531 4162 2671 4216 quos
2695 4147 3030 4200 voluntatem
3066 4155 3122 4200 et
3147 4152 3371 4199 senten-

1798 4249 1928 4302 tiam
1987 4245 2228 4299 n'ostram
2279 4241 2562 4312 paciﬁcam
2593 4254 2735 4302 esse,
2767 4247 2823 4294 et
2870 4237 3091 4293 unionis
3137 4238 3369 4306 conjun-

1793 4336 2102 4406 ctionisque
2159 4333 2448 4388 consilium
2545 4341 2601 4384 et
2693 4330 2858 4384 tinem
2919 4329 3022 4383 sibi
3085 4329 3368 4398 proposita

1794 4430 2020 4491 habere,
2061 4428 2430 4482 ostendimus:
2463 4425 2825 4492 ardoremque
2845 4423 3004 4478 simul
3025 4439 3122 4491 pro
3145 4423 3372 4478 saniore

1795 4521 1899 4574 (ide
1923 4529 2193 4580 nostrum,
2214 4516 2506 4571 manifesto
2534 4515 2900 4570 declaramus.
2921 4514 3030 4569 Nos
3058 4516 3229 4581 enim,
3252 4515 3367 4571 sive

138 4608 236 4676 γὰρ
263 4609 354 4661 καὶ
383 4610 514 4678 ἡμῖν
570 4609 662 4661 καὶ
707 4609 840 4661 πᾶσι
895 4609 1009 4668 τοῖς
1056 4606 1128 4676 μὴ
1179 4607 1566 4676 διαστρέφουσι
1597 4611 1685 4660 τὸν

1801 4608 2232 4679 persecutiones,
2283 4621 2379 4660 seu
2422 4605 2768 4669 aﬂlictiones,
2800 4607 2916 4660 sive
2973 4607 3365 4676 imperatorum

138 4696 284 4762 λόγον
331 4698 427 4766 τῆς
457 4695 695 4766 ἀληθοῦς
748 4697 982 4758 πίστεως
1026 4698 1384 4766 συναρέσκειν
1439 4697 1561 4748 δείο
1617 4699 1684 4766 ἦν

139 4787 282 4854 μόλις
315 4788 440 4844 ποτὲ
493 4787 876 4858 πρεσϐυτάτην
927 4787 1094 4840 οὖσαν
1145 4788 1237 4840 καὶ
1289 4787 1580 4840 ἀκόλουθον
1607 4785 1685 4856 τῷ

138 4879 479 4949 βαπτίσματι,
510 4883 607 4933 καὶ
639 4880 998 4933 διδάσκουσαν
1037 4881 1182 4950 ἡμᾶς
1216 4879 1494 4932 πιστεύειν
1525 4884 1604 4942 εἰς
1624 4880 1684 4933 τὸ

127 4971 294 5052 ρνομα
343 4975 432 5026 τοῦ
485 4975 700 5045 [ἰατρὸς
763 4973 984 5027 καὶτοῦ
1041 4975 1173 5027 me
1230 4977 1325 5026 καὶ
1376 4975 1468 5028 τοῦ
1526 4975 1682 5042 ἁγίου

136 5064 472 5134 Πνεύματοςτ
507 5067 710 5137 δηλαδὴ
743 5067 998 5136 θεότητος
1027 5071 1118 5120 καὶ
1151 5067 1436 5136 δυνάμεως
1477 5069 1572 5120 καὶ
1595 5068 1685 5119 οὑν

136 5154 249 5217 σίας
300 5160 421 5226 μιᾶς
447 5160 539 5211 τοῦ
576 5159 792 5230 [ἰατρὸς
822 5161 916 5211 καὶ
951 5159 1045 5212 τοῦ
1087 5159 1217 5212 Υίοῦ
1269 5160 1363 5212 καὶ
1397 5159 1490 5212 τοὺ
1524 5160 1680 5226 ἁγίου

139 5246 436 5317 Πνεὺματος
489 5251 909 5320 πιστευομένης,
958 5251 1226 5320 ὁμοτίμου
1261 5268 1317 5302 τε
1367 5250 1468 5319 τῆς
1525 5251 1682 5314 ἀξίας

138 5341 224 5393 καὶ
257 5343 515 5396 συναῐδίου
573 5345 669 5412 τῆς
704 5343 983 5412 βασιλείας
1025 5345 1081 5394 ἐν
1136 5345 1284 5412 τριτὶ
1313 5343 1682 5405 τελειοτάταις

137 5435 252 5496 ταῖς
281 5433 658 5499 ὑποστάσεσιν,
685 5435 854 5504 ἧγουν
879 5437 1028 5504 τρισὶ
1060 5434 1285 5495 τελείοις
1326 5433 1640 5501 προσώποις
1661 5449 1676 5465 ο

136 5521 206 5586 ὡς
236 5527 361 5596 μήτε
389 5530 486 5596 τὴν
509 5526 799 5580 Σαϐελλίου
827 5527 980 5580 νόσον
1007 5525 1191 5597 χώραν
1219 5525 1427 5591 λαϐεῖν,
1457 5541 1682 5594 συγχεο-

136 5613 301 5686 μένων
329 5621 434 5676 τῶν
463 5622 836 5687 ὑποστάσεων,
871 5622 1046 5674 είτουν
1075 5621 1182 5672 τῶν
1224 5619 1502 5689 ίδιοτήτων
1527 5621 1682 5673 ἀναι-

137 5715 415 5783 ρουμένων,
454 5717 592 5785 μήτε
626 5717 731 5784 μὴν
765 5714 862 5786 τὴν
884 5713 1229 5782 Εὑνομιανῶν
1262 5714 1354 5766 καὶ
1382 5712 1678 5781 ’Δρειανῶν

137 5806 226 5855 καὶ
273 5807 741 5877 Πνιυματομάχων
771 5805 1120 5876 βλασφημίαν
1165 5803 1392 5874 ίτχύειν,
1427 5806 1529 5874 τῆς
1589 5804 1680 5858 οὑ-

140 5893 251 5959 σίας
276 5897 305 5968 ἦ
333 5900 424 5969 τῆς
451 5901 667 5969 apium;
707 5899 738 5968 ἦ
770 5899 869 5968 τῆς
904 5898 1158 5968 θεότητος
1192 5897 1553 5968 τεμνομένης,
1580 5897 1674 5949 καὶ

1793 4703 1992 4766 minas,
2021 4716 2118 4755 seu
2145 4700 2560 4769 magistratuum
2589 4699 2971 4754 crudelitatem
2991 4740 3004 4764 ,
3037 4700 3152 4754 sive
3193 4700 3376 4756 etiam.

1790 4795 1952 4850 aliam
1987 4794 2298 4864 quampiam
2334 4793 2690 4847 tentationem
2729 4800 2784 4846 et
2813 4791 3116 4862 periculum
3143 4791 3212 4846 ab
3251 4793 3363 4847 ha:-

1793 4889 1978 4943 reticis
2008 4889 2396 4948 sustinuimus,
2421 4904 2518 4957 pro
2541 4888 2853 4957 evangelica
2875 4887 2978 4942 {ide
3010 4887 3200 4941 Nicaeae
3217 4889 3360 4956 apud

1787 4981 2050 5053 Bithynos
2083 4995 2114 5034 a
2165 4982 2428 5035 trecentis
2465 4982 2652 5035 decem
2679 4988 2733 5033 et
2788 4988 2913 5032 octo
2954 4979 3209 5033 Patribus
3236 4993 3365 5032 con-

1790 5074 2022 5141 ﬁrmata,
2065 5073 2332 5144 quidquid
2367 5072 2418 5125 id
2476 5073 2597 5134 fuit,
2628 5071 2975 5140 pertulimus.
3015 5068 3144 5122 Eam
3209 5070 3358 5124 enim

1785 5172 1841 5216 et
1867 5161 2045 5223 nobis.
2079 5172 2133 5216 et
2166 5161 2344 5225 vobis,
2372 5160 2605 5228 aliisque
2633 5158 2770 5212 adeo
2807 5158 3066 5214 omnibus
3091 5159 3183 5227 qui
3217 5173 3358 5213 verte

1788 5253 1911 5307 ﬁdei
1937 5253 2164 5307 verbum
2198 5269 2305 5306 non
2328 5260 2688 5321 pervertunt,
2723 5249 3062 5317 complaccre
3091 5261 3308 5319 oportet
3342 5265 3357 5303 :

1787 5347 1989 5417 quippe
2018 5361 2138 5414 qua:
2161 5343 2544 5412 antiquissima
2590 5350 2644 5396 ct
2689 5342 2960 5410 baptismo
2989 5352 3358 5396 consentanea

1785 5423 1875 5502 sit,
1903 5438 2128 5493 credere
2169 5451 2268 5490 nos
2303 5436 2506 5489 docens
2544 5434 2596 5488 in
2630 5449 2828 5488 nomen
2868 5433 3044 5488 Patris
3074 5444 3128 5487 et
3149 5433 3271 5488 Filii
3303 5444 3360 5489 et

1785 5528 2026 5598 Spiritus
2075 5525 2271 5591 sancti,
2317 5525 2576 5578 videlicet
2607 5533 2667 5578 ut
2713 5523 2970 5578 divinitas
3002 5533 3060 5578 et
3113 5533 3363 5594 potestas

1787 5636 1892 5673 una
1940 5619 2116 5674 Patris
2147 5627 2202 5672 et
2248 5617 2371 5672 Filii
2416 5627 2470 5672 et
2500 5617 2742 5686 Spiritus
2771 5616 2966 5679 sancti,
3007 5624 3062 5669 et
3105 5616 3358 5686 ejusdem

1785 5711 2014 5764 honoris
2057 5709 2322 5778 dignitas,
2381 5718 2433 5761 ct
2470 5717 2802 5762 coaaternum
2838 5723 3066 5775 regnum
3098 5707 3152 5762 in
3183 5708 3362 5762 tribus

1785 5801 2040 5872 perfectis
2057 5800 2448 5866 subsistentiis,
2477 5801 2591 5855 sive
2617 5801 2791 5854 tribus
2811 5800 3067 5868 perfectis
3087 5801 3360 5870 personis,

1783 5896 2035 5950 credatur
2072 5911 2084 5948 :
2124 5895 2198 5948 ita
2247 5902 2305 5948 ut
2359 5910 2534 5964 neque
2590 5894 2808 5951 Sabellii
2862 5893 3113 5963 contagio
3172 5893 3360 5948 locum
