3918 6572
449 451 556 513 7'15

1674 461 2087 525 NICEPHOBI
2131 459 2477 523 CALLISTI
3042 516 3045 523 .
3570 468 3661 532 796

451 570 668 633 habeat,
716 571 1089 628 subsistentiis
1129 578 1407 640 confusis.
1441 595 1536 635 seu
1582 582 2010 651 proprietatibus

2132 579 2178 647 πῇ
2206 575 2447 646 ἁκτίστῳ
2479 574 2574 628 καὶ
2610 574 2886 642 όμοουσίῳ
2934 574 3027 629 καὶ
3060 575 3319 648 συναῖδίῳ
3361 579 3544 651 Τριάδι
3582 602 3665 653 μι.

450 662 682 716 sublatis
710 678 725 715 :
751 678 930 732 neque
962 665 1432 725 Eunomiauorum
1491 682 1546 726 et
1591 673 1923 733 Arianorum
1964 683 2019 727 et

451 749 1077 808 Pneumatomachorum
1125 757 1461 827 blasphemia
1492 776 1589 816 seu
1636 762 2019 817 maledicentia

450 838 793 895 invalescere
830 846 1021 910 possit,
1067 845 1370 901 substantia
1406 849 1487 902 vel
1524 859 1717 904 natura
1753 852 1838 906 vel
1881 852 2022 906 divi-

450 930 628 985 nitate
652 931 966 998 dividenda,
997 944 1052 989 et
1082 936 1335 993 increatm
1370 942 1930 1014 consubstantialique
1967 953 2022 999 et

452 1034 737 1078 cnseternae
762 1023 1038 1085 Trinitati.
1065 1029 1371 1096 posteriore.
1407 1033 1662 1101 quapiam
1689 1035 1804 1089 sive
1839 1047 2018 1090 creata

457 1129 554 1169 seu
590 1115 745 1170 alteri
782 1117 1125 1172 substantiali
1164 1129 1355 1175 natura
1383 1123 1710 1181 inducenda.
1746 1126 1906 1197 253
1931 1128 2022 1181 ln-

454 1206 865 1261 humanationis
888 1208 1051 1263 etiam
1084 1210 1297 1264 Domini
1342 1214 1606 1270 rationem
1649 1218 1873 1273 minime
1901 1234 2023 1289 pcr-

454 1314 667 1353 versam
731 1300 1055 1366 retinemus,
1093 1319 1270 1373 neque
1322 1305 1407 1360 vel
1456 1307 1634 1361 anima
1690 1309 1775 1363 vel
1840 1322 2021 1367 mente

453 1399 750 1454 carentem,
778 1402 871 1445 aut
919 1392 1292 1463 imperfectam
1338 1398 1520 1453 carnis
1554 1399 2019 1469 dispensationem

455 1480 778 1536 credentes:
808 1491 962 1537 certo
997 1485 1203 1555 quippe
1256 1486 1514 1549 scientes,
1550 1489 1855 1558 perfectum
1892 1491 2021 1560 qui-

456 1572 579 1626 dem
611 1582 739 1627 ante
769 1575 965 1629 saecula
996 1575 1165 1630 fuisse.
1191 1577 1358 1631 Deum
1391 1578 1632 1634 Verbum
1654 1621 1669 1643 ,
1714 1582 2019 1649 perfectum

456 1681 588 1719 vero
617 1665 893 1722 hominem
932 1668 985 1721 in
1019 1672 1279 1726 extremis
1308 1672 1506 1728 diebus
1537 1684 1762 1743 prapter
1788 1677 2021 1732 salutem

458 1766 697 1812 nostram
738 1774 860 1813 esse
895 1759 1119 1817 factum.
1146 1763 1211 1817 Et
1233 1764 1365 1819 ﬁdes
1388 1766 1610 1836 quidem
1652 1784 1775 1838 qua:
1806 1786 1836 1824 a
1863 1771 2023 1826 nobis

457 1859 775 1904 constanter
805 1853 1229 1922 deprardlcatur,
1262 1856 1314 1911 in
1340 1871 1551 1912 summa
1590 1860 1669 1913 sic
1714 1875 1771 1914 se
1822 1860 2020 1917 habet:

457 1941 526 1997 de
556 1958 662 2009 qua
692 1946 1011 2011 ampliorem
1049 1948 1213 2001 etiam
1246 1950 1555 2004 animorum
1589 1953 2023 2009 consolationem

458 2037 745 2105 percipere
791 2038 1064 2106 poteritis,
1120 2041 1163 2093 si
1234 2058 1341 2097 non
1392 2044 1754 2111 gravabimini
1814 2046 2023 2101 decreti

458 2124 725 2189 libellum,
776 2128 920 2196 quod
950 2129 1306 2187 Antiochitea
1357 2134 1564 2204 synodo
1613 2136 1689 2190 ibi
1724 2147 1910 2192 coacta
1945 2139 2027 2192 fa-

460 2227 633 2280 ctum,
673 2229 727 2273 et
760 2219 887 2273 item
918 2223 968 2273 id
994 2237 1213 2291 quoque
1244 2224 1389 2292 quod
1442 2226 1685 2295 proxime
1715 2227 2027 2283 Constanti-

459 2309 643 2378 nopoli
696 2310 765 2365 ab
813 2312 1109 2365 universali
1164 2315 1400 2368 concilio
1445 2318 1862 2387 'promulgatum
1918 2331 2025 2380 est.

461 2402 662 2471 legere.
693 2403 753 2457 In
780 2405 978 2473 quibus
1030 2416 1086 2460 et
1115 2407 1292 2464 fusius
1348 2408 1507 2463 [idem
1554 2413 1782 2479 professi
1814 2429 2025 2477 sumus,

462 2502 518 2548 et
538 2495 774 2549 haereses
803 2511 979 2565 nuper
1011 2513 1108 2566 per
1132 2514 1221 2554 res
1252 2514 1441 2561 novas,
1471 2513 1712 2568 exortas,
1738 2513 1794 2558 et
1823 2522 1850 2558 a
1870 2506 2028 2560 nobis

460 2587 810 2641 anathemate
862 2590 1177 2653 confessas,
1251 2592 1304 2645 in
1375 2593 1640 2662 scripturn
1716 2597 2025 2653 retulimus.

464 2678 632 2733 l‘orro
661 2679 727 2733 de
778 2681 1147 2751 singularibus
1177 2686 1537 2741 ecclesiarum
1593 2690 2027 2745 administratio-

464 2771 646 2836 nibus,
675 2783 917 2827 veterem
947 2777 1100 2830 scilis
1132 2793 1252 2831 esse
1288 2780 1651 2842 Sanctionem,
1699 2793 1755 2837 et
1810 2793 2030 2839 sancto-

463 2878 585 2917 rum
616 2865 808 2920 Nic-axe
844 2879 1295 2938 congregatarum
1342 2873 1565 2927 Patrum
1600 2874 1881 2930 decretum
1906 2918 1921 2941 ,
1971 2887 2030 2931 ut

464 2951 519 3003 in
555 2954 836 3021 provincia
866 2972 1101 3027 quaque,
1137 2961 1434 3028 provincia!
1488 2963 1608 3032 ejus
1658 2965 1922 3033 episcopi,
1974 2975 2031 3019 et

375 3109 386 3120 .
462 3058 588 3099 eum
612 3045 711 3107 eis,
755 3047 799 3100 si
833 3048 908 3102 illi
932 3050 1120 3115 velint,
1153 3054 1367 3107 linitimi
1391 3071 1609 3125 quoque
1639 3057 1937 3112 electiones
1975 3069 2029 3114 et

463 3138 931 3199 consecrationes.
989 3157 1055 3195 ex
1102 3159 1202 3197 usu
1254 3147 1476 3214 publico
1532 3160 1813 3217 peragant.
1867 3149 2028 3206 Juxta

2121 666 2526 737 ταγενεστέρας
2558 666 2706 730 τινὸς
2737 666 2769 737 ἢ
2795 666 3021 737 κτιστῆς
3050 667 3080 739 ἦ
3111 669 3447 739 ἐτεροουσίου
3473 672 3666 742 φύσεως

2122 760 2497 828 ὲπαγομένης.
2554 760 2665 813 Καὶ
2705 757 2799 810 τὸν
2830 759 2929 828 τῆς
2979 759 3449 831 ἑνανθρωπήσεως
3492 765 3545 818 δι
3582 768 3667 823 τοῦ

2122 851 2330 921 Κυρίου
2365 849 2527 918 λόγον
2575 849 2941 920 ἀδιάστροφον
2972 851 3244 919 σώζομεν,
3295 851 3417 906 οὔτε
3460 854 3664 929 ἄψυχον,

2120 939 2244 993 οὔτε
2270 937 2514 1008 amna
2553 938 2717 1007 ἀτελῆ
2750 938 2848 1008 τὴν
2875 938 2978 1007 τῆς
3011 939 3215 1009 σαρκὸς
3242 942 3550 1012 οἰκονομίαν
3574 963 3668 999 πα-

2123 1030 2479 1099 ραδεχόμενοι
2505 1045 2519 1059 ·
2561 1029 2681 1083 ὅλον
2710 1030 2767 1083 δὲ
2820 1030 3019 1092 είδότες
3053 1031 3263 1084 τέλειον
3301 1034 3401 1101 μὲν
3425 1034 3527 1102 πρὸ
3553 1038 3668 1089 αίῶ-

2123 1139 2229 1175 νων
2275 1122 2407 1178 ὄντα
2468 1122 2603 1175 Θεὸν
2658 1123 2869 1190 Λόγον,
2917 1123 3130 1177 τέλειον
3170 1124 3224 1177 δὲ
3270 1125 3554 1197 ἄνθρωπον
3595 1129 3670 1183 ἐπ’

2122 1214 2352 1281 ἐσχάτου
2384 1211 2494 1266 τῶν
2528 1213 2755 1283 ἡμερῶν
2811 1213 2901 1266 διὰ
2952 1215 3053 1283 τὴν
3102 1215 3384 1285 ἡμετέραν
3416 1219 3672 1287 σωτηρίαν

2121 1307 2438 1372 γενόμενον.
2478 1304 2559 1357 Τὰ
2593 1304 2695 1374 μιν
2747 1301 2839 1358 οὖν
2869 1305 3013 1359 κατὰ
3068 1306 3169 1376 τὴν
3209 1306 3397 1361 πίστιν
3435 1309 3533 1365 τὴν
3561 1310 3672 1380 παρ’

2121 1396 2283 1467 ἡμῶν
2308 1395 2698 1457 ἀνυποστόλως
2734 1398 3174 1467 κηρυττομὲνην,
3203 1399 3281 1462 ῶς
3316 1400 3376 1452 εν
3419 1403 3673 1475 κεφαλαίῳ

2122 1486 2380 1540 τοιαῦτα’
2422 1488 2555 1556 περὶ
2602 1479 2681 1540 ὧν
2724 1488 2819 1540 ttat
2861 1489 2956 1540 ἐπὶ
2988 1487 3174 1542 πλεῖον
3225 1490 3670 1565 ψυχαγωΥηΘῆναι

2121 1577 2438 1647 δυνήσεσθε,
2468 1577 2549 1645 τῷ
2575 1594 2634 1631 τε
2661 1580 2722 1632 ιν
2764 1579 3069 1650 Ἀντιοχείᾳ
3096 1581 3250 1651 τόμῳ
3278 1590 3430 1652 παρά
3454 1585 3551 1651 τῆς
3576 1588 3672 1639 ἐκεῖ

2123 1670 2482 1738 συνελθούσης
2514 1670 2734 1724 συνόδου
2763 1675 3119 1742 γεγενημένῳ
3147 1675 3582 1741 καταξιώσαντες
3604 1680 3672 1731 ὲν.-

2125 1763 2325 1831 τυχεῐν,
2364 1760 2560 1832 καὶτῷ
2588 1764 2821 1828 πέρυσιν
2846 1764 2904 1815 ἐν
2935 1765 3511 1821 Κωνσταντινουπόλει
3540 1773 3671 1840 παρὰ

2125 1855 2222 1922 τῆς
2251 1853 2637 1924 οίκουμενικῆς
2668 1856 2944 1911 ἑκτεθὲντι
2977 1858 3203 1911 συνόδου
3228 1874 3241 1887 ·
3285 1861 3345 1912 ὲν
3375 1854 3457 1923 οἷς
3495 1861 3673 1916 πλατύς

2130 1964 2282 2016 τερον
2309 1946 2409 2016 τὴν
2452 1948 2640 2001 πίστιν
2693 1947 3153 2018 ὡμολογήσαμεν,
3189 1953 3285 2005 καὶ
3332 1953 3439 2005 τῶν
3472 1953 3670 2023 ἔναγχος

2131 2040 2630 2109 καινοτομηθεισῶν
2683 2040 2949 2111 αἱρέσεων
3002 2044 3452 2114 ἀναθεματισμὸν
3497 2045 3671 2116 ἐγγρα-

2129 2149 2228 2200 φον
2254 2134 2653 2203 πεποιήκαμεν.
2685 2135 2817 2205 Περὶ
2839 2134 2896 2187 δὲ
2920 2134 3028 2188 τῶν
3055 2136 3381 2207 οἰκονομιῶν
3408 2137 3509 2191 τῶν
3540 2141 3664 2192 uati

2135 2225 2294 2292 μέρος
2330 2226 2385 2276 ἑν
2412 2227 2530 2288 ταῖς
2580 2225 2900 2295 ἐκκλησίαις
2930 2226 3182 2290 παλαιὸς,
3227 2229 3304 2291 ῶς
3334 2230 3467 2294 ίστε,
3493 2229 3671 2300 θεσμὸς

2129 2318 2464 2387 κεκράτηκε,
2488 2319 2584 2371 καὶ
2613 2318 2725 2369 τῶν
2746 2319 2801 2369 ἐν
2823 2318 3031 2391 Νικαίᾳ
3059 2320 3234 2388 ἁγίων
3264 2322 3519 2390 Πατέρων
3536 2324 3668 2391 ὄρος·

2130 2407 2251 2459 καθ’
2275 2408 2515 2479 ἑκάστην
2544 2409 2813 2479 ἐπαρχίαν
2845 2411 2970 2471 τοὺς
2995 2411 3094 2481 τῆς
3121 2414 3396 2481 ἐπαρχίας
3421 2415 3511 2466 καὶ
3535 2415 3671 2483 εἴπερ

2130 2501 2328 2552 ἐκεῖνοι
2360 2499 2664 2569 βούλοιντο,
2698 2502 2795 2554 σὺν
2823 2501 3007 2564 αὐτοῖς
3039 2503 3166 2563 τοὺς
3210 2504 3447 2573 ὁμόρους
3471 2504 3594 2574 πρὸς
3618 2504 3671 2556 τὸ

2131 2591 2414 2661 συμφέρον
2434 2592 2707 2645 ποιεῖσθαι
2727 2593 2824 2655 τὰς
2850 2593 3186 2663 χειροτονίας
3205 2609 3221 2623 ⁸
3260 2590 3342 2657 οἷς
3368 2596 3668 2661 ἀκολούθως,

2128 2679 2228 2741 τάς
2257 2695 2313 2731 τε
2365 2676 2558 2741 λοιπὰς
2593 2680 2889 2749 ἐκκλησίας
2942 2682 3075 2751 παρ⁹
3106 2684 3244 2752 ἡμῖν
3291 2685 3668 2755 οἰκονομεῖσθαι

2130 2770 2428 2837 γινώσκετε
2450 2787 2463 2801 ·
2494 2773 2591 2824 καὶ
2635 2773 2746 2824 τῶν
2774 2773 3531 2846 ὲπισημοτάτωνῒκκλψιῶν
3557 2779 3670 2831 ἀνι-

2130 2861 2399 2933 δεδεῐχθαι
2423 2863 2549 2925 τοὺς
2576 2864 2775 2934 ἱερεῖς’
2821 2863 2947 2918 ὅθεν
2983 2865 3084 2935 τῆς
3124 2867 3225 2936 μὲν
3267 2869 3328 2921 ὲν
3357 2870 3670 2925 Κωνσταντι·

2130 2956 2731 3023 νουπόλεινεοπαγοῦς,
2781 2956 2854 3020 ὼς
2899 2957 2966 3011 ἂν
3010 2960 3154 3012 είποι
3209 2976 3320 3024 τις.
3377 2961 3665 3033 ἐκκλησίας,

2131 3050 2198 3116 ην
2236 3046 2428 3118 ῶσπερ
2455 3049 2520 3101 ἐκ
2573 3048 2842 3118 στόματος
2895 3048 3107 3113 λέοντος
3135 3052 3237 3122 τῆς
3267 3053 3379 3106 τῶν
3405 3052 3668 3124 αίρετικῶν

2133 3139 2487 3210 βλασφημίας
2515 3141 2775 3208 ὑπόγυιον
2808 3141 3201 3213 ἑξηρπάσαμεν
3243 3145 3334 3198 διὰ
3355 3146 3461 3198 τῶν
3488 3147 3671 3215 οίκτιρο

463 3228 731 3300 ejusmodi
763 3233 1239 3301 constitutionem,
1272 3253 1396 3293 cum
1432 3239 1565 3293 alias
1609 3243 1749 3311 apud
1804 3258 1903 3297 nos
1947 3259 2030 3297 cc-

2142 3232 2260 3301 μῶν
2289 3231 2382 3285 τοῦ
2411 3231 2572 3298 Θεοῦ,
2607 3233 2702 3286 τὸν
2735 3232 3161 3303 αίδεσιμώτατον
3213 3239 3315 3291 καὶ
3354 3237 3668 3307 θεοφιλέστα-

465 3320 661 3376 elcsias
695 3323 940 3378 ordinari
979 3336 1144 3395 atque
1191 3329 1566 3385 administrari
1594 3371 1609 3394 ,
1650 3343 1764 3386 tum
1800 3334 1855 3388 in
1885 3336 2031 3391 cele-

469 3412 724 3469 berrimis
779 3416 1091 3487 quibusque
1160 3422 1432 3478 antistites
1486 3427 1833 3482 renuntiatos
1886 3443 2028 3494 esse,

467 3505 685 3562 scitote.
718 3508 956 3564 Proinde
996 3510 1049 3564 iu
1080 3527 1273 3568 recens
1322 3515 1569 3583 fundata,
1617 3527 1676 3573 ut
1719 3521 1789 3574 ita
1835 3522 2033 3591 aliquis

468 3596 639 3660 dicat,
678 3597 1287 3671 Constantiuopolitana
1342 3607 1609 3671 ecclesia,
1652 3626 1812 3679 quam
1860 3628 2035 3682 nuper

470 3697 728 3758 tanquam
767 3706 833 3746 ex
864 3707 959 3748 ore
980 3694 1176 3757 leonis.
1209 3699 1287 3753 sic
1322 3714 1387 3753 ex
1413 3699 1748 3770 blaSphemia
1779 3714 1835 3757 et
1862 3704 2035 3759 male-

470 3782 705 3838 dicentia
736 3784 1118 3841 haereticorum
1153 3788 1459 3858 eripuimus
1483 3834 1497 3857 ,
1530 3807 1629 3863 per
1655 3795 2036 3851 miserationes

470 3873 589 3938 Dei,
630 3874 687 3928 in
741 3877 1034 3934 universali
1093 3881 1320 3951 synodo,
1370 3886 1650 3940 communi
1709 3896 1765 3941 et
1796 3888 2035 3957 'publico

471 3983 743 4025 consensu
796 3971 850 4025 iu
904 3972 1076 4039 ipsius
1132 3976 1225 4029 Dei
1275 3978 1637 4035 amantissimi
1687 3981 2037 4050 imperatoris

472 4062 765 4119 TheodOsii
796 4078 1114 4137 conspectu,
1147 4069 1295 4125 clero
1323 4073 1469 4126 oumi
1502 4084 1554 4127 et
1588 4074 1809 4128 civitate
1839 4086 2035 4130 cuncta

470 4159 823 4237 sullragante,
853 4164 1370 4219 reverendissimum
1397 4174 1453 4221 et
1485 4167 1577 4222 Dei
1598 4168 2036 4225 amantissimum

470 4253 783 4309 Nectarium
841 4255 1159 4326 episcopum
1223 4256 1476 4328 legimus.
1541 4258 1599 4312 ln
1660 4259 2034 4313 vetustissima

471 4359 622 4409 vero,
681 4347 1022 4417 proindeque
1086 4348 1384 4417 apostolica
1431 4350 1665 4404 ecclesia
1733 4349 2038 4404 Antiochia:

470 4436 611 4505 apud
644 4434 831 4507 Syros,
865 4438 920 4491 in
951 4454 1056 4507 qua
1085 4439 1260 4508 prima
1293 4443 1665 4494 venerandum
1697 4440 2034 4496 Christiano-

472 4544 594 4581 rum
620 4543 816 4583 nomen
846 4530 1075 4597 exstitit,
1106 4531 1469 4600 provinciales
1501 4541 1556 4587 et
1583 4532 1878 4588 Orientalis
1902 4534 2038 4587 dio:-

2131 3341 2224 3376 τον
2250 3324 2556 3395 Νεκτάριον
2581 3326 2880 3379 ἐπίσκοπον
2912 3329 3449 3399 κεχειροτονήκαμεν
3469 3332 3551 3382 ἰπὶ
3584 3328 3669 3396 τῆς

2133 3415 2518 3484 οίκουμενικῆς
2579 3416 2799 3467 συνόδου
2857 3417 2998 3485 μετὰ
3049 3416 3242 3487 κοινῆς
3300 3420 3544 3489 ὁμονοίας
3587 3419 3670 3472 ὑπ’

2133 3506 2290 3574 ὄψεσι
2319 3509 2415 3559 καὶ
2465 3507 2561 3560 τοῦ
2599 3505 3019 3576 θεοφιλεστάτου
3076 3509 3348 3577 βασιλέως
3393 3511 3667 3571 Θεοδοσίου,

2136 3599 2338 3662 παντός
2366 3615 2425 3651 τε
2474 3598 2568 3651 τοῦ
2613 3598 2818 3671 κλήρου
2854 3601 2948 3653 καὶ
2996 3602 3175 3672 πάσης
3222 3603 3672 3673 δπιψηφιζομένης

2133 3691 2234 3760 τῆς
2259 3690 2485 3753 πόλεως.
2532 3691 2647 3761 Τῆς
2676 3692 2732 3743 δὲ
2769 3692 3152 3763 πρεσϐυτάτης
3185 3695 3286 3747 καὶ
3342 3694 3512 3757 οὕτως
3550 3696 3670 3747 ἁπο-

2138 3782 2393 3852 στολικῆς
2430 3782 2758 3851 Ἐκκλησίας
2787 3784 2888 3853 τῆς
2915 3786 2975 3837 ιν
3011 3785 3321 3857 Ἀντιοχείᾳ
3346 3787 3445 3855 τῆς
3474 3786 3667 3857 Συρίας,

2136 3878 2196 3929 ὲν
2295 3877 2489 3949 πρώτῃ
2513 3878 2575 3931 τὸ
2593 3878 2775 3946 τίμιον
2802 3876 2913 3930 τῶν
2943 3879 3296 3949 Χριστιανῶν
3330 3880 3672 3952 ἐχρημάτισεν

2135 3968 2328 4038 ὄνομα.
2358 3968 2453 4022 τὸν
2476 3967 2905 4040 αίδεσιμὼτατον
2926 3971 3019 4024 καὶ
3045 3969 3462 4041 θεοφιλέστατον
3481 3972 3674 4026 ὲπίσιιο⁴

2137 4079 2238 4115 πον
2265 4061 2567 4117 Φλαϐιανδν
2593 4064 2725 4117 οἵτε
2751 4064 2853 4132 τῆς
2899 4065 3170 4135 ἔπαρχίας
3198 4066 3299 4119 καὶ
3325 4067 3424 4137 τῆς
3455 4065 3673 4120 ἀνατολι-

2137 4156 2240 4224 κῆς
2286 4156 2610 4225 διοικήσεως
2657 4156 3056 4228 συνδραμόντες
3085 4159 3393 4223 κανονικῶς
3436 4156 3672 4229 ἐχειροτό-

2137 4266 2335 4319 νησανί
2356 4248 2538 4319 πάσης
2568 4248 2866 4319 συμψήφου
2898 4249 2996 4318 τῆς
3035 4248 3384 4318 Ἐκκλησίας,
3406 4250 3580 4319 ὥσπερ
3599 4247 3672 4300 διὰ

2142 4343 2272 4411 μιᾶς
2297 4344 2502 4411 φωνῆς,
2530 4340 2621 4394 τὸν
2647 4340 2814 4411 ἄνδρα
2841 4341 3156 4412 τιμησὰσης
3177 4355 3192 4371 ⁶
3226 4343 3408 4414 ἥνπερ
3441 4340 3671 4407 ἔνθεσμον

2139 4436 2478 4508 χειροτονίαν
2508 4437 2747 4502 ἐδέξατο,
2780 4436 2877 4491 καὶ
2903 4437 2964 4491 τὸ
2990 4438 3093 4508 τῆς
3117 4437 3337 4490 συνόδου
3370 4436 3556 4490 κοικόν.
3574 4433 3670 4500 Τῆς

2139 4530 2195 4582 δέ
2229 4546 2293 4597 γε
2327 4530 2533 4599 μητρὸς
2562 4529 2788 4582 ἁπασῶν
2815 4528 2927 4581 τῶν
2958 4527 3265 4599 ἐκκλησιῶν
3309 4528 3410 4597 τῆς
3439 4530 3493 4581 ὲν
3525 4528 3671 4594 Ἰεροο

471 4621 615 4676 cesis
644 4621 887 4691 episcopi
912 4632 1183 4677 conventu
1215 4633 1359 4689 acto,
1402 4626 1669 4681 canonice
1707 4634 1761 4681 et
1790 4627 2030 4696 legitime

2142 4619 2393 4689 σολύμοις
2421 4620 2516 4673 τὸν
2553 4618 2979 4688 αίδεσιμώτατον
3010 4620 3108 4672 καὶ
3145 4620 3550 4689 θεοφιλέστατον
3573 4615 3671 4669 Κύ-

472 4711 988 4767 reverendissimum
1017 4722 1072 4768 ct
1114 4714 1211 4768 Dei
1244 4717 1680 4771 amantissimum
1716 4718 2031 4772 Flavianum

470 4805 773 4861 antistitem
808 4816 1089 4871 crearunt,
1125 4809 1355 4862 ecclesia
1407 4818 1516 4862 tota
1553 4811 1954 4869 consentiente.
1980 4817 2037 4863 et

469 4898 627 4970 quasi
675 4912 807 4952 voce
856 4914 958 4952 uua
998 4900 1175 4953 virum
1226 4917 1351 4955 eum
1410 4903 1822 4955 cohonestante.
1873 4902 2037 4973 254

469 4991 640 5055 Quam
678 4990 1145 5044 consecrationem
1179 5000 1239 5044 ut
1260 4992 1591 5046 ordinarium
1625 5002 1680 5048 et
1713 4993 2034 5063 legitimam,

471 5080 663 5146 synodi
704 5081 866 5133 etiam
895 5082 1263 5136 communitas
1294 5085 1692 5152 comprobavit.
1730 5085 1788 5137 ln
1815 5100 1875 5137 ea
1907 5099 2037 5139 vero

474 5173 710 5228 ecclesia
734 5212 749 5237 ,
799 5188 918 5243 qum
954 5175 1185 5229 aliarum
1227 5176 1473 5230 onmium
1519 5186 1691 5230 mater
1713 5186 1818 5243 est,
1847 5177 2040 5232 lliero-

474 5264 720 5336 solymis,
793 5268 1311 5322 reverendissimum
1363 5279 1419 5321 et
1467 5267 1562 5322 Dei
1598 5269 2036 5323 amantissimum

473 5353 732 5425 Cyrillum
767 5359 1083 5428 episcopum
1111 5376 1232 5415 esse
1266 5359 1494 5423 scimus,
1528 5360 1630 5414 rite
1652 5359 1973 5430 jamdudum
2002 5377 2036 5435 ρ

474 5448 902 5519 provincialibus
922 5451 1191 5521 episcopis
1228 5451 1598 5521 clectum,qui
1635 5467 1766 5507 sane
1804 5452 2040 5506 diversis

476 5538 533 5594 in
564 5539 699 5594 locis
716 5540 1010 5619 plurimum
1030 5543 1295 5598 adversus
1309 5544 1541 5598 Arianos
1569 5544 1891 5599 decertavit.
1910 5545 2041 5610 Quae

475 5648 601 5687 cum
638 5632 875 5703 legitime
896 5644 952 5689 et
973 5636 1236 5691 canonice
1261 5637 1406 5707 apud
1448 5651 1549 5693 nos
1579 5646 1699 5692 acta
1731 5637 2039 5701 obtineant,

477 5732 539 5778 ut
570 5724 624 5778 in
651 5724 734 5778 eis
778 5724 954 5793 pietas
979 5725 1146 5780 etiam
1180 5736 1358 5780 vestra
1403 5727 1525 5780 laeta
1555 5738 1609 5780 et
1642 5726 2039 5798 gratulabunda

471 5819 815 5886 acquiescat,
867 5817 1171 5882 hortamur,
1208 5819 1475 5887 spirituali
1522 5820 1731 5874 scilicet
1774 5820 2042 5874 charitatc

474 5906 873 5975 intercedente,
915 5917 969 5962 ct
999 5907 1206 5961 Duniini
1239 5909 1433 5963 timore
1480 5909 1717 5964 favorem
1758 5910 2040 5964 hominum

2140 4708 2318 4780 ριλλον
2357 4709 2657 4761 ἐπίσκοπον
2702 4704 2843 4761 εἶναι
2899 4708 3265 4780 γνωρίζομεν,
3308 4706 3595 4769 κανονικῶς
3621 4719 3669 4755 τε

2136 4802 2291 4871 παρὰ
2322 4801 2430 4854 τῶν
2462 4802 2560 4870 τῆς
2588 4801 2856 4872 ἐπαρχίας
2894 4802 3340 4872 χειροτονηθέντα
3390 4801 3565 4862 πάλαι,
3593 4797 3669 4850 καὶ

2137 4893 2369 4946 πλείστα
2414 4893 2553 4962 πρὸς
2589 4895 2713 4956 τοὺς
2755 4894 3069 4964 Ἀρειανοίις
3097 4894 3156 4946 ὲν
3196 4894 3478 4965 διαφόροις
3506 4891 3670 4950 τόποις

2136 4985 2445 5057 ἀθλήσαντα
2470 5002 2484 5017 ο
2514 4981 2596 5051 οἷς
2643 4988 2718 5051 ῶς
2769 4988 3045 5057 ὲνθέσμως
3087 4991 3181 5041 καὶ
3212 4986 3506 5049 κανονικῶς
3553 4980 3668 5051 παρ’

2138 5081 2270 5150 ἡμῖν
2317 5083 2708 5149 κεκρατηκόσι,
2769 5080 2866 5133 καὶ
2915 5081 3014 5151 τὴν
3061 5081 3336 5150 ὑμετέραν
3380 5074 3670 5147 συγχαίρειν

2139 5170 2568 5240 παρακαλοῦμεν
2620 5171 2931 5237 εὐλάϐειαν,
2964 5173 3065 5238 τῆς
3119 5171 3491 5242 πνευματικῆς
3535 5183 3668 5238 μεσι-

2138 5264 2402 5335 τευούσης
2431 5264 2673 5333 ἀγάπης,
2702 5264 2799 5318 καὶ
2838 5263 2935 5317 τοῦ
2985 5264 3264 5335 Κυριακοῦ
3308 5263 3471 5333 φόϐου
3511 5260 3671 5313 πᾶσαν

2143 5356 2242 5423 μὲν
2277 5354 2732 5416 καταστέλλοντος
2784 5355 3137 5427 ἀνθρωπίνην
3162 5357 3548 5428 προσπάθειαν,
3584 5351 3670 5419 τὴν

2139 5446 2195 5498 δὲ
2228 5446 2336 5499 τῶν
2359 5446 2670 5516 ἐκκλησιῶν
2711 5448 3005 5518 οἰκοδομὴν
3037 5450 3440 5519 προτιμοτέραν
3483 5443 3671 5498 ποιοῦν-

2140 5539 2341 5610 τοςτῆς
2371 5540 2507 5611 πρὸς
2522 5542 2614 5595 τὸν
2646 5540 2766 5594 καθ’
2785 5542 2882 5595 ινα
2909 5543 3199 5613 συνηθείας
3232 5544 3263 5612 ἢ
3292 5536 3670 5614 χάριτος.οὖτω

2141 5632 2252 5701 γὰρ
2286 5631 2381 5683 τοῦ
2412 5648 2472 5685 τε
2504 5632 2603 5702 τῆς
2633 5633 2870 5696 πίστεως
2899 5634 3353 5703 συμφωνηθέντος
3381 5633 3553 5700 λόγον,
3589 5626 3672 5680 καὶ

2141 5725 2242 5790 τῆς
2293 5725 2685 5794 Χριστιανικῆς
2730 5724 3074 5797 κυρωθείσης
3127 5727 3187 5779 ἐν
3243 5728 3374 5795 ἡμῖν
3439 5723 3667 5790 ἀγάπης.

2146 5816 2467 5886 παυσόμεθα
2494 5817 2746 5886 λέγοντες
2772 5818 2833 5870 τὸ
2857 5835 2929 5871 πα
2940 5819 3006 5887 ρὰ
3034 5819 3146 5872 τῶν
3171 5818 3474 5873 ἀποστόλων
3497 5826 3669 5873 κατεί-

2145 5909 2421 5980 νωσμένον
2437 5924 2452 5941 ⁸
2472 5910 2617 5980 Ἐγὼ
2631 5909 2746 5978 μέν
2768 5911 2883 5980 ειμι
2904 5912 3171 5978 Παύλου,
3197 5910 3306 5982 ἐγὼ
3326 5909 3389 5963 δὲ
3409 5897 3669 5961 Ἀπολλὼς
