3918 6544
243 464 338 528 τοι
1158 468 1755 532 ΕϐίῖιΕΞΙΑΞΤΙΩ.Ἐ
1791 470 2180 532 ΙΙΙΞΤΟΠΙΕ
2216 468 2355 529 ΠΒ.
2379 466 2530 529 .Xll.

3371 462 3476 525 799

245 579 348 650 ἐγὼ
380 578 450 634 δὲ
478 579 679 650 Κηφᾶ.
710 581 919 645 Πάντες
963 581 1019 636 δί
1056 583 1296 653 Χριστοῦ
1329 583 1613 651 φανέντες,
1654 582 1714 646 δς
1753 583 1810 636 ἰν

1918 596 2136 638 omnem
2191 589 2248 636 et
2300 575 2608 635 aﬁ‘ectionis
2662 577 2715 631 in
2778 576 3015 646 aliquem
3068 573 3481 630 inclinationem

246 673 368 739 ἡμῖν
416 671 478 723 οὗ
519 672 885 753 μεμέρισται,
915 672 1054 725 θεοῦ
1110 674 1495 739 καταξιοῦντος
1550 673 1809 744 ἄσχιστον

241 763 295 815 τὸ
321 761 479 831 σῶμα
503 765 605 833 τῆς
643 764 974 833 Ἑκκλησίας
1010 768 1345 836 τηρήσομεν,
1376 766 1471 819 καὶ
1499 764 1578 835 τῷ
1602 765 1808 835 βήματι

238 853 328 904 τοῦ
390 854 604 922 Κυρίου
663 854 803 921 μετὰ
852 855 1167 926 παρρησίας
1240 854 1725 927 παραστησόμεθα.
1782 874 1801 907 ι

243 942 420 997 Ταῦτα
470 945 619 1000 κατά
647 962 705 998 τε
740 948 840 1016 τῆς
882 946 1096 1014 Ἀρείου
1152 949 1244 1001 καί
1280 949 1487 1002 ’Δετίου
1527 949 1622 1002 καὶ
1643 946 1808 1001 Εὐνο-

241 1034 358 1102 pica
394 1035 625 1103 μανίας,
674 1036 769 1089 καὶ
819 1037 1005 1106 μέντοι
1051 1038 1322 1093 καὶκατὰ
1369 1039 1666 1093 Σαϐελλίου
1710 1040 1806 1093 καὶ

235 1125 525 1192 Φωτεινοῦ,
558 1128 885 1198 Μαρκέλλου
915 1148 976 1183 τε
1009 1133 1103 1184 καὶ
1145 1132 1361 1184 Παύλου
1412 1132 1507 1185 τοῦ
1558 1132 1808 1201 Σαμοσά-

234 1218 389 1282 τέως,
415 1219 513 1272 καὶ
549 1221 890 1274 Μακεδονίου
914 1224 1284 1292 γεγράφασιν.
1327 1223 1600 1285 Ὡσαύτως
1626 1223 1680 1276 δὲ
1709 1222 1806 1275 καὶ

233 1312 329 1379 τὴν
388 1311 808 1386 Ἀπολλιναρίου
856 1316 1211 1382 καινοτομίαν
1255 1316 1551 1387 προφανῶς
1595 1316 1807 1385 ἀπεκή-

239 1401 421 1469 ρυξαν,
450 1403 747 1473 εἰρηκότες
772 1420 788 1435 ο
826 1422 845 1456 ι
880 1407 989 1459 Καὶ
1034 1406 1137 1463 τὸν,
1177 1407 1277 1477 τῆς
1332 1407 1808 1477 ἐνανθρωπήσιως

234 1493 288 1547 δὲ
317 1491 411 1546 τοῦ
465 1495 681 1563 Κυρίου
736 1497 894 1564 λόγον
939 1497 1304 1569 ἀδιάστροφον
1356 1499 1625 1567 σώζομεν,
1683 1496 1807 1551 οῦτε

234 1584 455 1656 ἄψυχον,
480 1586 611 1641 οῦτε
652 1588 816 1643 ἄνουν
841 1587 875 1658 ἢ
905 1587 1071 1660 ἀτελῆ
1095 1591 1194 1661 τὴν
1237 1591 1337 1660 τῆς
1368 1589 1571 1662 σαρκὸς
1600 1589 1809 1643 οἰκονο-

239 1678 359 1746 μίαν
388 1696 462 1730 πα
472 1678 674 1750 ραδεχό
682 1695 858 1748 μενοι.

1910 673 2292 737 contrahente,
2325 672 2792 739 ecclesiarumque
2816 668 3232 723 zdiﬁcationem
3252 676 3309 722 et
3330 680 3483 720 com-

1911 763 2134 820 modum
2191 762 2574 820 co:tsuetudini
2617 771 2673 817 et
2714 761 2901 831 gratia:
2947 759 3181 828 alicujus
3214 755 3484 828 singulari

1909 855 2257 925 praferente.
2289 853 2380 911 Sic
2410 870 2648 924 namque
2681 852 2808 907 ﬁdei
2853 851 3024 907 verbo
3056 850 3123 904 ad
3152 863 3486 905 consensum

1908 956 1962 1002 et
1992 948 2346 1004 concordiam
2371 949 2614 1013 redacto,
2641 954 2698 1002 et
2724 944 3035 1002 Christiana
3065 942 3330 998 charitate
3353 955 3488 995 con-

1910 1039 2309 1127 ﬁrmztta,_illud
2339 1054 2626 1127 usurp'are,
2660 1037 2805 1108 quod
2830 1038 2899 1091 ab
2924 1034 3192 1105 apostotis
3220 1041 3307 1087 est
3335 1032 3488 1086 dam-

1909 1140 2099 1186 natum
2129 1114 2559 1196 ,‘desinemus‘:
2603 1129 2717 1200 Ego
2760 1128 2969 1198 quidem
3012 1143 3131 1180 sum
3175 1124 3350 1187 Pauli,
3392 1140 3486 1195 ego

1909 1232 2087 1278 autem
2133 1222 2347 1293 Apollo,
2376 1238 2469 1293 ego
2502 1237 2623 1277 uero
2668 1221 2917 1292 Ceplue‘.
2972 1219 3079 1275 Sed
3123 1234 3245 1272 cum
3296 1231 3488 1271 omnes

1910 1330 2016 1373 nos
2056 1315 2263 1370 Christi
2311 1330 2432 1370 esse
2462 1315 2794 1377 constiterit,
2850 1314 2940 1384 qui
2974 1314 3028 1368 in
3066 1311 3226 1367 nobis
3280 1310 3489 1365 divisus

1911 1424 2023 1463 non
2049 1417 2156 1471 est,
2180 1409 2293 1463 Deo
2336 1408 2476 1463 bene
2500 1407 2749 1478 iuvante.
2797 1406 3067 1475 integrum
3100 1413 3264 1473 atque
3292 1401 3491 1456 indivi-

1913 1516 2035 1557 sum
2058 1498 2318 1555 Ecclesiae
2341 1514 2543 1569 corpus
2570 1496 3043 1555 conservabimus,
3067 1503 3124 1549 et
3144 1494 3211 1549 ad
3247 1492 3489 1548 tribunal

1913 1592 2132 1648 Domini
2166 1608 2291 1647 cum
2323 1591 2521 1647 ﬁducia
2540 1600 2596 1646 et
2616 1590 2872 1646 libertate
2896 1587 3287 1643 consistemus.
3318 1604 3336 1637 ι
3362 1584 3490 1640 ῐίωο

1915 1685 1995 1739 illi
2020 1695 2212 1741 contra
2253 1685 2444 1740 Arium
2475 1693 2530 1739 et
2576 1683 2792 1738 Aetium
2833 1690 2887 1735 et
2916 1680 3268 1746 Eunomium,
3324 1687 3488 1748 atque

235 1767 494 1823 adversus
551 1770 763 1825 rabiem
820 1783 876 1828 et
933 1772 1199 1828 insaniam
1255 1772 1502 1838 Sabellii,
1554 1772 1799 1840 Photini,
1840 1774 2103 1840 Marcelli,
2138 1775 2293 1831 Pauli
2364 1774 2732 1836 Samosateni.
2766 1782 2824 1827 et
2857 1772 3181 1836 Macedonii,
3249 1772 3487 1839 scripse-

236 1869 377 1916 runt.
427 1862 613 1931 Atque
664 1865 856 1920 itidem
889 1867 1223 1935 Apollinaris
1263 1880 1484 1937 quoque
1514 1881 1602 1921 res
1635 1880 1806 1921 novas
1844 1868 2125 1937 propalam
2191 1870 2614 1928 damnaverunt,
2640 1867 2913 1922 dicentes:
2974 1862 3488 1918 tlnltumanationis

234 1967 447 2022 quoque
477 1954 705 2011 Domini
752 1957 1019 2012 rationem
1069 1959 1297 2014 minime
1366 1974 1679 2029 perversam
1740 1958 2067 2027 retinemus,
2118 1976 2297 2030 neque
2361 1961 2450 2017 vel
2487 1961 2668 2015 anima
2712 1959 2798 2014 vel
2866 1963 3353 2022 mentecarentem
3396 1949 3490 2007 aut

235 2045 610 2117 imperfectam
642 2051 825 2105 carnis
867 2050 1328 2127 dispensationem
1368 2052 1673 2108 credentes.
1712 2070 1732 2105 ι

823 2187 1073 2243 ΚΕΦΑΛ.
1120 2185 1216 2243 IZ'.

284 2297 626 2353 Συνοδικύν
654 2300 937 2369 Δαμάσου
966 2302 1309 2358 ἐπισκόπου
1351 2302 1587 2372 Ῥώμης
1619 2302 1769 2357 κατὰ

414 2372 882 2438 Ἀκολλιναριόυ
918 2372 1017 2426 καί
1058 2372 1336 2442 Τιμοθέου
1383 2373 1631 2443 γραφέν.

300 2483 410 2536 Καὶ
433 2484 700 2552 Δάμασος
730 2484 788 2538 δὲ
810 2486 839 2537 6
862 2485 1222 2556 πανεύφημος
1248 2487 1450 2559 ταύτην
1477 2488 1665 2559 μαθὼν
1685 2492 1816 2544 ἀνα·

239 2576 456 2643 φυείσαν
487 2576 590 2647 τὴν
619 2574 853 2646 αἵρεσιν,
890 2579 991 2631 οὑκ
1019 2578 1434 2650 ’Λπολλινάριον
1466 2580 1648 2649 μόνον,
1682 2582 1817 2635 ἀλλὰ

239 2667 325 2720 καὶ
342 2666 618 2738 Τιμόθεον
646 2669 739 2723 τὸν
762 2652 975 2722 ἐκείνου
1005 2686 1066 2739 γε
1105 2671 1367 2740 φοιτητὴν
1401 2670 1644 2724 καθελὼν
1678 2672 1817 2725 ἀπε-

240 2758 457 2829 κήρυξε.
491 2760 616 2813 Καὶ
643 2760 804 2814 τοῦτο
826 2764 937 2825 τοῖς
971 2760 1070 2831 τὴν
1085 2760 1257 2832 Ἐᾠαν
1288 2762 1558 2818 ἰθύνουσιν
1587 2764 1816 2818 ἐπισκό-

234 2867 347 2915 ποις
391 2853 481 2906 διά
525 2854 871 2924 γραμμάτων
912 2854 1246 2924 δεδήλωκενο
1292 2854 1436 2925 ἅπερ
1476 2857 1707 2911 ἐνθεῖναι
1746 2860 1812 2929 τῇ

236 2949 531 3015 συγγραφῇ
557 2944 819 3015 νενόμικα
849 2946 1377 3016 χρήσιμον.”Εχουσι
1403 2948 1459 3001 δὲ
1489 2948 1584 3002 ἐπὶ
1621 2949 1817 3015 λέξεως

234 3035 388 3100 οὕτως
414 3052 430 3068 ο
467 3056 489 3090 ι
517 3036 644 3092 Ὀτι
665 3040 730 3108 τῇ
762 3038 1089 3108 ἁποστολικῇ
1121 3039 1361 3111 καθέδρα
1396 3040 1497 3111 τὴν
1528 3040 1816 3110 ὀφειλομέ-

236 3147 326 3202 νην
353 3132 485 3185 αἰδῶ
521 3133 554 3201 η
572 3131 764 3200 ἀγάπη
788 3130 945 3200 ὑμῶν
962 3131 1249 3200 ἀπονέμει.
1277 3132 1473 3203 ἑαυτῆς
1494 3132 1554 3187 τὸ
1569 3133 1817 3188 πλεῖστον

237 3224 571 3295 παρέχεσθε,
605 3225 710 3278 uici.
735 3224 1079 3293 τιμιώτατοι,
1110 3224 1204 3277 καί
1221 3224 1287 3278 τὰ
1313 3225 1552 3293 μάλιστα
1580 3229 1645 3297 τῇ
1684 3226 1818 3296 ἁγία

237 3314 550 3388 Ἐκκλησίᾳ,
581 3311 699 3389 tto-ﬁ
731 3318 758 3371 6
779 3317 932 3386 ἅγιος
958 3315 1280 3380 ’Δπόστολος
1301 3317 1636 3387 καθεζόμενο
1654 3341 1685 3385 ·,
1711 3321 1819 3373 ἐδί-

237 3408 353 3473 δαξε
403 3409 533 3472 πῶς
576 3410 846 3479 προσήκει
890 3410 1037 3480 ἡμᾶς
1073 3409 1200 3473 τοὺς
1233 3413 1427 3474 οῐακας
1477 3411 1680 3465 ἰθύνειν
1723 3410 1815 3475 οὓς

238 3501 827 3605 ἀῖεδεξάμεθαίομως
858 3500 1233 3572 ὁμολογοῦμεν
1263 3503 1495 3567 ἑαυτοὺς
1525 3504 1814 3567 ἐλάττονας
1839 3540 1885 3605 c

240 3589 370 3647 εἶναι
406 3594 516 3665 τῆς
546 3593 733 3664 τιμῆς.
780 3593 940 3647 ’Λλλά
962 3593 1048 3648 διὰ
1077 3593 1233 3648 τοῦτο
1257 3595 1353 3666 οἵῳ
1376 3597 1443 3665 δή
1473 3613 1603 3649 ποτε
1626 3596 1814 3666 τρόπῳ

243 3687 636 3757 σπουδάζομεν,
667 3688 848 3750 εῐπως
869 3686 1228 3758 δυνηθείημεν
1253 3688 1388 3758 πρὸς
1409 3688 1507 3759 τὴν
1531 3689 1691 3755 δόξαν
1720 3690 1816 3759 τῆς

245 3781 642 3851 μακαριότητος
662 3779 832 3850 αὐτῆς
854 3780 1276 3851 παραγενέσθαι.
1306 3779 1611 3834 Γινώσκετε
1635 3782 1815 3834 τοίνυν

241 3872 315 3924 ὅτι
344 3873 436 3925 τὸν
496 3870 667 3925 πάλαι
715 3871 982 3941 Τιμόθεον
1012 3871 1102 3924 τὸν
1142 3870 1391 3941 βέϐηλον,
1424 3870 1514 3925 τὸν
1566 3871 1816 3942 μαθητὴν

240 3967 328 4018 τοῦ
374 3965 792 4038 ’Δπολλιναρίου
840 3967 935 4018 τοῦ
964 3964 1244 4035 αἰρετικοῦ
1276 3969 1414 4037 μετὰ
1450 3965 1544 4019 τοῦ
1586 3966 1818 4030 ἀσεϐοῦς

244 4058 400 4112 αὑτοῦ
431 4058 708 4128 δόγματος
744 4057 1074 4127 καθείλομεν
1095 4072 1111 4087 ⁶
1152 4058 1248 4111 καί
1280 4058 1530 4127 οὐδαμῶς
1564 4058 1818 4112 πιστεύο-

251 4167 344 4218 μεν
374 4149 546 4205 αὑτοῦ
576 4153 644 4204 τὰ
671 4150 899 4220 λείψανα
927 4149 1072 4221 λόγῳ
1104 4150 1211 4203 τινὶ
1240 4149 1333 4203 τοῦ
1363 4148 1551 4203 λοιποῦ
1583 4149 1814 4220 ἰσχύειν.

248 4242 305 4295 Εἰ
326 4241 369 4295 δ’
400 4242 484 4296 ἔτι
513 4243 721 4305 ἐκεῖνος
750 4244 780 4296 6
813 4241 935 4311 ὄφις
959 4243 989 4296 6
1017 4242 1242 4307 παλαιὸς
1275 4243 1423 4308 ἅπαξ
1452 4245 1545 4297 καὶ
1566 4244 1819 4316 δεύτερον

247 4332 601 4404 καταδηχθείς
626 4332 758 4401 πρὸς
792 4324 929 4387 ἰδίαν
961 4334 1233 4402 τιμωρίαν
1259 4334 1453 4404 άναζῇ,
1485 4334 1636 4398 ὅστις
1662 4336 1819 4399 ἐκτὸς

242 4422 333 4485 τῆς
372 4422 703 4489 Ἐκκλησίας
733 4421 989 4490 ὑπάρχει,
1019 4420 1078 4485 ὃς
1109 4422 1315 4493 σφῆλαι
1347 4424 1456 4485 τοῖς
1479 4421 1677 4478 ἑαυτοῦ
1718 4423 1818 4476 θα-

244 4513 567 4584 νατηφόροις
605 4512 920 4582 φαρμάκοις
959 4513 1112 4576 τινὰς
1152 4513 1416 4576 ἀπίστους
1451 4512 1819 4584 διαπειράζων

244 4602 298 4653 οὐ
325 4603 588 4669 παύεται,
632 4602 837 4672 ταύτην
873 4603 1063 4674 ὥσπερ
1094 4602 1299 4673 φθοράν
1346 4622 1468 4658 τινα
1510 4606 1816 4660 ἑκκλίνατε.

247 4693 426 4764 Ὅμως
451 4695 617 4764 ὑμεῖς
667 4695 1009 4765 μεμνημένοι
1036 4699 1135 4766 τῆς
1176 4697 1543 4766 ἁποστολικῆς
1566 4698 1818 4763 ιπίστεως

243 4787 460 4859 ταύτης,
499 4787 735 4859 μάλιστα
761 4788 881 4859 ἥτις
914 4791 972 4842 ὲν
1002 4789 1206 4860 Νικαία
1237 4790 1387 4861 παρὰ
1427 4788 1535 4845 τῶν
1561 4790 1818 4860 Πατέρων

2418 2258 2419 2261 γ
2482 2186 2707 2244 CAPUT
2757 2186 2919 2242 xvu.

1918 2304 2200 2376 Synodalis
2223 2303 2443 2376 epistola
2482 2304 2721 2376 Damasi
2744 2300 2970 2376 episcopi
3006 2297 3232 2376 Romani
3258 2338 3272 2363 ,
3304 2306 3488 2353 contra

2198 2371 2562 2446 Apollinarem
2595 2382 2641 2426 et
2666 2371 2987 2425 Timotheum
3018 2371 3237 2439 scriptu.

1988 2490 2092 2546 Sed
2126 2489 2273 2544 enim
2310 2487 2595 2551 Damasus,
2643 2484 2728 2539 vir
2754 2484 3176 2549 celeberrimus,
3209 2482 3301 2537 ubi
3341 2482 3484 2535 hanc

1916 2596 2133 2652 quoque
2166 2582 2415 2635 htercsim
2440 2588 2684 2633 exortam
2713 2592 2834 2632 esse
2874 2577 3148 2647 cognovit,
3186 2591 3293 2630 non
3326 2575 3491 2645 Apol-

1916 2673 2148 2728 linarem
2205 2671 2390 2734 modo,
2416 2670 2509 2725 sed
2542 2681 2597 2724 et
2626 2669 2977 2723 Timotheum
3010 2677 3338 2723 sectatorem
3370 2666 3489 2735 ejus

1917 2773 2331 2818 exauctoratum
2350 2762 2515 2817 semel
2532 2773 2695 2830 atque
2723 2760 2921 2814 iterum
2944 2757 3288 2828 proscripsit.
3309 2756 3487 2825 Atque

1920 2856 1972 2910 id
1998 2855 2271 2925 episcopis
2293 2854 2666 2910 Orientalibus
2682 2868 2778 2922 per
2806 2851 3092 2920 epistolam
3125 2848 3485 2920 significavit:

1918 2965 2079 3019 quam
2118 2959 2176 3002 ut
2208 2950 2452 3003 historia:
2487 2948 2859 3003 aduectervm,
2892 2959 2957 2998 ex
2994 2958 3090 2998 usu
3120 2957 3241 2996 esse
3275 2939 3487 3010 putavi.

1919 3040 1994 3094 Ea
2028 3038 2097 3093 dc
2119 3040 2286 3094 verbo
2320 3038 2386 3092 ad
2414 3038 2637 3091 verbum
2670 3037 2749 3091 sic
2780 3028 2942 3090 habet
2971 3050 2985 3086 :
3032 3051 3049 3083 ι
3069 3032 3225 3100 Quod
3260 3042 3483 3101 aposto-

1917 3132 2039 3187 licae
2092 3131 2209 3186 sedi
2251 3129 2411 3201 255
2444 3130 2680 3183 charitas
2735 3140 2914 3182 vestra
2972 3126 3208 3181 debitam
3266 3124 3488 3180 exhibet

1919 3221 2345 3286 observantiam,
2380 3220 2538 3275 vobis
2580 3220 2713 3289 ipsis
2768 3220 3088 3290 plurimum,
3144 3226 3200 3272 et
3256 3218 3487 3272 maxime

1919 3316 2181 3372 Ecclesiae
2226 3322 2429 3369 sanctae
2457 3329 2523 3369 eo
2561 3315 2773 3367 honore
2805 3312 3067 3374 tribuitis,
3103 3309 3196 3363 ﬁlii
3226 3324 3487 3364 reveren—

1918 3408 2159 3473 dissimi,
2186 3408 2239 3461 iu
2257 3423 2362 3476 qua
2392 3406 2684 3461 considens
2711 3413 2935 3460 sanctus
2958 3403 3250 3472 Apostolus
3274 3402 3484 3465 docuit,

1919 3496 2195 3567 quomodo
2225 3511 2323 3551 nos
2357 3512 2477 3565 qua:
2513 3495 2857 3563 suscepimus
2887 3493 3257 3563 gubernacula
3293 3507 3485 3561 regere

1919 3586 2231 3643 conveniat.
2268 3589 2343 3640 Ac
2369 3602 2470 3641 nos
2500 3587 2725 3656 quidem
2763 3584 2970 3655 judicio
3011 3594 3218 3649 nostro,
3279 3582 3488 3635 honore

1921 3686 2074 3732 tanto
2092 3676 2386 3731 inferiores
2419 3691 2612 3730 sumus
2644 3693 2657 3728 :
2690 3691 2880 3745 verum
2916 3683 3093 3727 tamen
3115 3688 3178 3727 ea
3211 3673 3277 3727 de
3301 3687 3485 3736 causa,

1917 3784 2251 3841 quocunque
2287 3785 2578 3840 possumus
2612 3768 3039 3838 modo,operam
3068 3766 3282 3829 damus,
3322 3765 3365 3819 si
3384 3765 3485 3818 ali-

1918 3881 2026 3935 qua
2058 3879 2125 3919 ex
2158 3863 2407 3933 parte'ad
2435 3861 2662 3932 gloriam
2690 3859 3049 3915 beatitudinis
3084 3860 3202 3930 ejus
3224 3856 3488 3912 accedere
3534 3843 3559 3867 ⁶

1920 3957 2217 4028 possimus.
2271 3954 2481 4009 Scitote
2535 3954 2724 4024 igitur,
2793 3951 3146 4006 Timotheum
3192 3951 3302 4021 jam
3355 3950 3487 4004 olim

1920 4052 2204 4121 impurum
2241 4064 2305 4103 ac
2335 4046 2624 4117 profanum
2650 4044 2983 4115 Apollinaris
3035 4042 3281 4097 haeretici
3317 4042 3482 4096 disci-

1921 4143 2133 4213 pulum,
2175 4155 2281 4195 una
2312 4153 2438 4192 cum
2468 4136 2636 4204 impio
2664 4134 2783 4200 ejus
2831 4132 3104 4202 dogmate,
3129 4145 3157 4182 a
3186 4128 3341 4182 nobis
3392 4144 3488 4181 ex-

1920 4238 2291 4296 auctoratum,
2324 4230 2754 4295 damnatumque
2794 4238 2935 4278 esse.
2967 4223 3034 4277 Et
3066 4219 3486 4289 haudquaquam

1921 4323 2224 4386 credimus,
2262 4319 2526 4388 reliquias
2559 4317 2678 4387 ejus
2707 4314 2919 4368 ratione
2937 4312 3117 4381 aliqua
3146 4311 3200 4365 in
3236 4310 3481 4363 futurum
3554 4351 3563 4359 .

1923 4414 2093 4470 robur
2128 4422 2475 4483 accepturas.
2502 4408 2599 4463 Sin
2632 4421 2766 4462 vero
2790 4420 3015 4475 serpens
3055 4404 3143 4458 ille
3202 4403 3483 4471 antiquus,

1921 4506 2014 4577 qui
2036 4514 2186 4560 extra
2206 4502 2506 4559 Ecclesiam
2536 4508 2641 4565 est,
2671 4498 2839 4553 semel
2870 4508 3034 4562 atque
3067 4497 3265 4551 iterum
3298 4509 3483 4547 morsu

1921 4604 2172 4660 enectus,
2206 4594 2272 4648 ad
2308 4608 2463 4647 suam
2498 4592 2673 4661 ipsius
2704 4604 2918 4660 pinnam
2981 4588 3290 4653 reviviscat,
3322 4597 3377 4640 et
3428 4597 3488 4639 ut

1921 4686 2207 4741 mortifero
2229 4698 2443 4739 veneno
2466 4697 2567 4737 suo
2585 4681 2833 4735 inﬁdeles
2864 4668 3135 4750 quosdam
3148 4677 3484 4748 pessumdet.

1925 4785 2137 4832 tentare
2158 4788 2269 4829 non
2297 4774 2533 4837 desinat,
2559 4786 2686 4825 eum
2718 4771 2945 4840 perinde
2971 4780 3136 4840 atque
3163 4779 3485 4838 praesentem

244 4880 526 4949 ἐγγράφως
568 4879 806 4949 ἐξετέθη,
836 4878 1038 4948 βεϐαίῳ
1063 4879 1257 4951 βαθμῷ
1277 4882 1511 4952 ἰσχυρῶς
1542 4883 1601 4952 τῇ
1636 4884 1810 4935 πίστει

1924 4880 2130 4939 pestem
2181 4865 2475 4921 declinate.
2528 4864 2597 4918 Et
2646 4863 2809 4917 simul
2864 4863 3127 4916 memoria
3186 4861 3484 4913 retinentes

244 4970 627 5040 ἀμετακίνητοι
671 4969 980 5039 διαμείνατε
1004 4986 1019 5001 ⁸
1055 4973 1148 5024 καὶ
1186 4969 1261 5042 μὴ
1303 4971 1688 5041 ματαιολογίας
1720 4974 1817 5025 καὶ

244 5061 616 5132 ἡφανισμένας
637 5062 894 5132 ζητήσεις
918 5062 1222 5131 μετὰτοῦτο
1244 5062 1573 5133 ὑπομείνητε
1598 5062 1815 5117 ἀκούειν

243 5153 360 5217 τοὺς
392 5155 690 5224 κληρικοις
713 5155 741 5226 ἢ
772 5154 897 5217 τοὺς
924 5155 1144 5217 λαῖκοὺς
1187 5156 1507 5224 ὑμῶν.”ΙΙδη
1534 5157 1642 5225 γὰρ
1668 5154 1813 5222 ἅπαξ

245 5245 404 5301 τύπον
430 5247 734 5317 ἐδώκαμεν,
770 5247 857 5300 ἵνα
886 5249 915 5301 ὁ
950 5246 1235 5315 γινώσκων
1259 5246 1452 5301 ἑαυτὸν
1485 5249 1812 5317 Χριστιανὸν

233 5338 411 5392 ’ἐκεῖνο
434 5340 695 5409 φυλάττοι
716 5340 852 5410 ὅπερ
874 5340 1027 5409 παρὰ
1050 5338 1156 5391 τῶν
1178 5341 1491 5393 ἀποστόλων
1512 5340 1810 5410 παρεδίθη,

247 5426 485 5495 λέγοντος
532 5430 626 5484 τοῦ
675 5431 829 5499 ἁγίου
864 5431 1095 5491 Παύλου.
1130 5431 1204 5486 El
1237 5448 1323 5498 τις
1369 5432 1521 5500 ὑμᾶς
1563 5434 1810 5500 enarre-

244 5517 449 5578 λίζὲται
480 5522 616 5588 παρ’
644 5520 675 5574 ὃ
697 5521 1080 5590 παρελάϐετε,
1108 5522 1374 5592 ἀνάθεμα
1397 5523 1571 5577 ἔστω.
1612 5524 1672 5577 '0
1700 5525 1809 5595 γὰρ

247 5608 468 5673 Fin-:16;
497 5615 528 5666 6
559 5612 685 5675 Υἱὸς
724 5613 818 5666 τοῦ
854 5613 988 5666 Θεοῦ
1023 5616 1051 5668 6
1105 5613 1307 5683 κύριος
1340 5614 1510 5685 ἡμῶν,
1545 5614 1621 5684 τῷ
1665 5616 1811 5682 γένει

245 5701 346 5752 τῶν
401 5704 704 5775 ἀνθρώπων
732 5705 822 5758 διὰ
871 5704 965 5758 τοῦ
1019 5704 1149 5758 ἰξίου
1186 5707 1388 5771 πάθους
1427 5707 1810 5777 πληρεστάτην

250 5791 482 5850 ἀτιδωκε
506 5797 606 5867 τὴν
639 5798 935 5868 σωτηρίαν,
972 5799 1056 5854 ἵνα
1080 5798 1198 5854 ὅλον
1227 5799 1316 5853 τὸν
1350 5799 1654 5870 ἄνθρωπον,
1690 5799 1810 5861 τοίς

322 5915 544 5972 ‘lCor.
576 5931 613 5979 ι,
658 5913 741 5968 12.

1920 4960 2080 5015 ﬁdem
2136 4956 2528 5025 Apostolicam,
2557 4969 2788 5023 eamque
2818 4955 2870 5007 in
2905 4953 3094 5023 primis
3144 4967 3265 5022 quae
3294 4953 3484 5005 Nicen:

1919 5069 1948 5108 a
1982 5051 2236 5107 Patribus
2275 5051 2328 5105 in
2358 5048 2621 5117 scriptum
2656 5056 2741 5102 est
2792 5048 2984 5108 relata,
3047 5047 3101 5098 in
3158 5044 3263 5098 ﬁde
3311 5045 3481 5113 gradu

1922 5150 2077 5201 tirmo
2135 5143 2447 5199 immobiles
2533 5140 2752 5194 fortiter
2845 5147 3009 5207 atque
3062 5148 3485 5206 perseveranter

1922 5239 2226 5295 consistite.
2258 5236 2327 5291 Et
2382 5232 2610 5304 posthac
2642 5229 2875 5285 clericos
2902 5237 2996 5282 aut
3041 5228 3210 5283 laicos
3251 5242 3482 5293 vestros,

1918 5346 2089 5387 vanas
2143 5327 2591 5397 disceptationes,
2661 5333 2719 5378 et
2770 5324 3063 5393 abrogatas
3122 5324 3482 5391 qumstiones,

1915 5423 2106 5477 audire
2164 5434 2270 5472 non
2329 5415 2601 5486 patimini.
2656 5412 2775 5468 Jam
2808 5414 2956 5467 enim
3003 5413 3170 5467 semel
3203 5424 3388 5484 typum
3428 5423 3484 5469 et

1917 5522 2147 5574 formam
2172 5514 2573 5585 proposuimus,
2594 5511 2980 5581 utquicunque
3024 5526 3082 5567 se
3111 5510 3483 5567 Christianum

1915 5628 2041 5667 esse
2070 5606 2339 5680 agnoscit,
2373 5604 2507 5659 illud
2569 5617 2751 5658 servet
2784 5603 2933 5674 quod
2989 5604 3058 5659 ab
3106 5604 3371 5674 apostolis
3398 5613 3484 5659 est

1918 5704 2176 5759 traditum
2203 5719 2218 5758 :
2248 5707 2438 5755 sancto
2468 5697 2638 5752 Paulo
2676 5698 2937 5752 vidrlicet
2970 5699 3225 5754 dicente:
3274 5698 3482 5767 Siquis

1916 5796 2054 5851 vobis
2094 5792 2529 5866 evangelimverit
2611 5800 2805 5860 praeter
2859 5791 2915 5846 id
2964 5792 3100 5862 quod
3164 5790 3476 5861 accepistis,
