3918 6548
443 467 552 529 799

1669 460 2086 525 NiCEl‘IIORI
2117 454 2461 517 CALLISTI

3575 452 3669 523 8th

446 581 730 633 anathema
763 578 855 633 sit.
899 578 1184 648 Siquidem
1209 578 1464 634 Christus
1483 577 1658 632 Filius
1682 575 1799 641 Dei,
1826 572 2011 629 Domi-

2127 566 2416 634 ἁμαρτίαις
2447 564 2787 635 ἐνεχόμενον,
2813 564 2993 635 πάσης
3032 564 3305 635 ἁμαρτίας
3328 564 3668 641 ἐλευθερώσῃ.

447 684 549 725 nus
573 677 781 735 noster,
806 670 1095 725 hominum
1122 669 1309 741 generi
1334 684 1435 741 per
1484 668 1798 739 passionem
1853 678 2010 719 suam

443 764 819 835 plenissimam
844 763 1080 819 contulit
1101 764 1358 827 salutem,
1390 773 1452 817 ut
1480 761 1758 817 hominem
1790 758 2014 813 univer-

448 869 572 912 sum
614 858 855 928 peccatis
883 856 1177 913 obnoxium
1210 872 1240 911 a
1267 863 1495 925 peccato
1544 851 1694 907 omni
1723 852 2012 906 liberaret.

447 949 606 1005 iinne
648 951 692 1006 si
719 950 855 1021 quis
879 949 996 1006 sive
1028 950 1080 1003 in
1113 948 1476 1011 humanitate,
1510 960 1607 1002 seu
1634 946 1689 999 in
1721 940 2015 997 divinitate

445 1043 717 1097 deiectum
751 1041 988 1112 aliquem
1017 1041 1275 1096 habuisse
1303 1040 1469 1103 dicat,
1504 1034 1765 1093 diabolici
1817 1036 1864 1089 is
1898 1033 2012 1102 spi-

446 1138 588 1191 ritus
612 1135 827 1206 plenus,
858 1135 1123 1206 gehennae
1144 1149 1203 1190 se
1231 1134 1402 1189 tilium
1421 1148 1545 1188 esse
1581 1127 1846 1187 ostendit.
1872 1124 2014 1193 Quid

447 1226 616 1296 igitur
653 1227 836 1281 denuo
868 1242 898 1280 a
923 1242 1009 1281 me
1045 1224 1322 1280 Timothei
1373 1221 1889 1280 condemnationem
1920 1232 2016 1289 pe-

447 1319 601 1381 titis,
628 1319 723 1389 qui
758 1330 813 1374 et
840 1319 929 1375 hic
963 1320 1280 1389 apostolicae
1313 1318 1461 1373 sedis
1486 1316 1713 1388 judicio,
1749 1319 2018 1383 praesente

444 1406 610 1461 etiam
643 1406 1025 1463 Alexandrinae
1056 1408 1208 1463 urbis
1237 1408 1503 1477 episcopo
1534 1405 1695 1460 Petro
1725 1402 2020 1457 damnatus

445 1503 549 1558 est,
576 1510 683 1550 una
714 1512 837 1551 cum
876 1498 1139 1567 magistro
1183 1511 1284 1552 suo
1313 1495 1653 1566 Apollinari?
1686 1492 1787 1559 Qui
1848 1492 2016 1546 etiam

448 1588 504 1641 in
532 1587 729 1658 judicii
757 1589 848 1644 die
904 1589 1121 1644 debitas
1148 1604 1339 1658 poenas
1373 1599 1425 1644 et
1475 1588 1752 1642 cruciatus
1781 1583 2021 1639 sustine-

445 1680 548 1735 bit.
608 1683 705 1737 Sin
764 1681 1002 1737 leviores
1033 1683 1303 1752 quosdam
1334 1681 1606 1745 homines,
1655 1680 1750 1734 ille
1785 1674 2017 1748 perinde

447 1781 614 1842 atque
632 1788 784 1844 spem
810 1775 1050 1844 aliquam
1077 1776 1307 1839 habens,
1334 1772 1691 1844 persuasione
1712 1786 1808 1825 sua
1836 1769 2015 1835 ducit,

447 1866 771 1937 quicunque
827 1881 1014 1923 veram
1052 1869 1107 1922 in
1153 1867 1436 1923 Christum
1478 1880 1630 1936 spem
1670 1862 2017 1933 professione

2114 658 2339 724 Τοῦτον,
2366 658 2420 711 ei
2452 673 2538 721 τις
2567 658 2687 728 ἢτοι
2714 657 3179 730 ἀνθρωπότητοςῆ
3205 655 3453 726 θεότητος
3471 658 3671 714 ἔλαττον

2115 750 2410 821 ἐσχηκέναι
2428 750 2595 816 είποι,
2620 750 2929 820 πνεύματος
2958 749 3209 803 διαϐόλου
3236 749 3669 818 πεπληρωμένος,

2113 845 2212 913 τῆς
2245 843 2466 914 γεέννης
2485 843 2599 896 υίὸν
2623 843 2818 896 ἑαυτὸν
2844 841 3211 896 ἀποδείκνυσι.
3228 841 3297 894 'i‘i
3322 841 3499 894 τοίνυν
3525 843 3676 896 πάλιν

2116 934 2247 1007 παρ’
2286 934 2418 1006 ἐμοῦ
2452 935 2662 1005 ζητεῖτε
2698 936 2798 1005 τὴν
2837 934 3158 1004 καθαίρεσιν
3187 934 3478 1004 Τιμοθέου,
3507 933 3561 997 ὃς
3586 926 3674 989 καὶ

2115 1028 2353 1083 ἐνταῦθα
2385 1027 2565 1098 κρίσει
2592 1028 2692 1097 τῆς
2717 1027 3085 1096 άποστολικῆς
3110 1025 3401 1095 καθέδρας.
3430 1025 3675 1094 παρόντος

2116 1120 2215 1174 καὶ
2243 1118 2453 1190 Πέτρου
2481 1118 2575 1172 τοῦ
2606 1118 2907 1173 ἐπισκόπου
2930 1117 3031 1185 τῆς
3046 1116 3437 1184 Ἀλεξανδρέων
3461 1116 3672 1182 πόλεως,

2116 1211 2397 1283 καθῃρέθη
2439 1212 2556 1282 ἃμα
2587 1212 2665 1282 τῷ
2704 1211 3009 1281 διδασκάλῳ
3042 1207 3208 1263 αὐτοῦ
3258 1208 3673 1278 ’Δπολλιναρίῳ;

2123 1310 2220 1373 ⁸’ος
2250 1308 2345 1361 καὶ
2374 1309 2434 1360 ὲν
2463 1308 2650 1379 ἡμέρᾳ
2677 1307 2775 1378 τῆς
2815 1307 3051 1377 κρίσεως
3089 1306 3187 1368 τὰς
3214 1303 3565 1373 ὀφειλομένας
3603 1320 3675 1356 τι-

2121 1401 2335 1471 μωρίας
2364 1401 2458 1453 καὶ
2488 1398 2757 1471 βασάνους
2788 1400 3068 1468 ὑπομενεῖ.
3106 1399 3168 1451 Ei
3208 1397 3266 1450 δέ
3294 1413 3448 1459 τινας
3496 1413 3677 1464 κουφο-

2117 1494 2311 1564 τέρους
2356 1493 2533 1547 πείθει
2566 1495 2776 1557 ἐκεῖνος
2819 1492 2895 1554 ὥς
2927 1509 3048 1546 τινα
3093 1490 3286 1544 ἐλπίδα
3317 1489 3497 1568 ⁴ἔχων,
3546 1488 3678 1551 ὅστις

2115 1587 2215 1655 τὴν
2248 1585 2420 1657 άληθῆ
2452 1586 2644 1640 ἐλπίδα
2668 1586 2766 1656 τὴν
2797 1585 2880 1648 είς
2910 1583 3145 1655 Χριστὸν
3173 1584 3238 1653 τῇ
3272 1579 3535 1649 ὁμολογίᾳ
3564 1594 3678 1646 μετ-

2117 1677 2303 1741 έϐαλε,
2330 1678 2468 1747 μετὰ
2495 1678 2687 1731 τούτου
2717 1678 2920 1747 ὁμοίως
2944 1675 3254 1739 ἀπολεῖται,
3279 1672 3359 1743 τῷ
3392 1672 3569 1723 κανόνι
3590 1667 3677 1737 τῆς

2130 1768 2460 1841 Ἐκκλησίας
2512 1767 2929 1830 άντιπαλαίσας.
2979 1767 3040 1819 '0
3074 1766 3208 1825 Θεὸς
3243 1765 3386 1836 ὑμᾶς
3433 1760 3678 1832 ὐγιαίνον·

2121 1880 2220 1927 τας
2248 1865 2623 1934 διαφυλάττοι,
2664 1865 2769 1919 υίοὶ
2794 1862 3143 1933 τιμιώτατοι.
3189 1878 3207 1911 ι

447 1960 785 2027 Apollinaris
828 1963 1083 2027 mutavit,
1114 1962 1279 2033 256
1308 1961 1503 2016 itidem
1561 1971 1622 2015 ut
1695 1960 1787 2015 ille
1827 1958 2051 2026 peribit,
2092 1959 2351 2017 Ecclesiae
2379 1962 2576 2018 canoni
2601 1962 2902 2018 reluctans.
2950 1961 3098 2015 Deus
3118 1970 3219 2012 vos
3282 1954 3378 2011 lilii
3445 1965 3679 2008 reveren-

446 2054 681 2120 dissitni,
703 2065 985 2111 conservet
1020 2056 1342 2111 incolumes.
1358 2071 1378 2106 ι

1008 2164 1238 2221 CAPUT
1296 2164 1485 2221 XVIII.

444 2256 603 2313 Aliud
623 2256 878 2327 synodaie
892 2256 1126 2326 ejusdem
1146 2257 1391 2319 edictum,
1407 2264 1590 2311 contra
1609 2257 1783 2311 varias
1800 2257 2018 2310 hereses

1068 2331 1432 2397 compositum.

516 2429 812 2496 Enimvero
837 2440 1088 2510 quedam
1109 2443 1273 2497 etiam
1296 2442 1424 2504 alia,
1451 2442 1543 2512 qui
1568 2442 1623 2495 in
1657 2456 1853 2510 magna
1883 2437 2019 2494 urbe

457 2534 632 2590 Roma
677 2534 990 2605 congregati
1047 2544 1222 2599 erant,
1276 2535 1539 2594 adversus
1579 2533 1757 2588 varias
1784 2533 1991 2587 h:erese

446 2625 739 2695 scripsere.
791 2620 1213 2680 Ealnecessario
1267 2628 1419 2696 operi
1472 2639 1664 2682 nostro
1717 2623 2009 2679 inferenda

445 2731 569 2773 esse
598 2715 750 2770 duxi.
803 2716 871 2771 Et
920 2717 1157 2789 ptimum
1195 2718 1525 2774 universalis
1562 2717 1685 2772 iidei
1726 2717 2019 2788 professio-

446 2823 571 2862 nem
640 2808 917 2864 Damasus
967 2824 1104 2881 papa
1154 2809 1221 2863 ad
1276 2809 1564 2864 Paulinum
1597 2811 1652 2864 in
1700 2809 2017 2865 Macedonia

444 2902 787 2970 episcopum,
806 2902 903 2971 qui
925 2900 1509 2959 etiam'i'hessaionicze
1531 2903 1730 2969 fuerat,
1750 2904 1900 2958 misit
1915 2904 2014 2974 (Ι).

444 2995 625 3063 Atque
670 2994 814 3049 inter
846 2994 950 3049 alia
1014 2996 1104 3051 ille
1160 2995 1275 3050 haec
1304 3010 1524 3066 quoque
1580 3004 2014 3049 commemorat:

453 3084 939 3155 «Quandoquidem
966 3094 1089 3161 post
1108 3086 1401 3142 concilium
1421 3087 1701 3143 Niemnum
1714 3102 1872 3144 error
1909 3088 2015 3144 iste

446 3175 692 3242 emersit,
753 3185 812 3231 ut
840 3176 1064 3247 quidam
1120 3177 1339 3246 impuro
1405 3194 1505 3233 ore
1550 3180 1741 3236 dicere
1791 3181 2014 3248 audeat,

449 3266 716 3337 Spiritum
760 3279 1011 3324 sanctum
1040 3284 1141 3335 per
1186 3269 1384 3324 Filium
1456 3286 1608 3326 esse:
1664 3274 2014 3328 anathemate

447 3374 543 3412 eos
568 3359 818 3424 ierimus,
848 3358 942 3430 qui
980 3374 1085 3415 non
1111 3375 1238 3415 eum
1264 3361 1518 3418 libertate
1548 3365 1723 3428 omni,
1757 3380 1863 3419 una
1884 3379 2010 3419 cum

449 3451 610 3507 Petro
652 3464 707 3505 et
737 3450 877 3506 Filio
919 3452 1080 3508 unius
1110 3460 1166 3508 et
1204 3452 1450 3521 ejusdem
1477 3456 1800 3511 substantia:
1828 3466 1884 3511 et
1914 3472 2013 3526 po-

2713 2161 2960 2215 ΚΕΦΑΛ.
3017 2159 3118 2214 iB’.

2131 2251 2375 2321 Ἕτερον
2402 2252 2735 2308 συνοδικὸν
2776 2251 2884 2306 τοῦ
2911 2251 3120 2314 αὐτοῦ,
3152 2250 3517 2320 σχεδιασθὲν
3549 2248 3680 2306 κατὰ

2585 2322 2726 2392 διαερ
2735 2324 2887 2390 ὥρων
2938 2323 3245 2389 αιρέὸνεων.

2199 2438 2311 2491 Kal.
2338 2437 2471 2490 ἄλλα
2504 2436 2560 2491 δέ
2594 2456 2714 2492 τινα
2765 2436 3247 2507 συναθροισθέντες
3287 2438 3345 2491 ὲν
3393 2439 3456 2507 τῇ
3492 2435 3678 2506 μεγάλη

2138 2530 2325 2604 Ῥώμῃ
2377 2532 2690 2601 γεγράφασι
2741 2549 2879 2585 κατα
2922 2531 3196 2601 διαφόρων
3226 2532 3513 2600 αἱρέσεων,
3556 2530 3680 2597 άπερ

2126 2623 2421 2692 ἀναγκαῖον
2450 2623 2637 2696 ᾠήθην
2672 2626 2901 2677 ἐντεῖναι
2928 2626 2993 2694 τῇ
3027 2625 3351 2694 συγγραφῇ⁸
3370 2620 3461 2675 καὶ
3489 2621 3679 2691 πρῶτον

2123 2715 2225 2783 τὴν
2251 2715 2540 2785 ὁμολογίαν
2568 2717 2669 2785 τῆς
2695 2716 2994 2784 καθολικῆς
3026 2709 3287 2780 πίστεως,
3318 2714 3386 2787 ἢν
3417 2718 3445 2769 ὁ
3474 2720 3678 2776 πάππας

2124 2804 2375 2875 Δάμασος
2416 2809 2551 2876 πρὶς
2580 2806 2670 2859 τὸν
2719 2805 3020 2859 ἐπίσκοπον
3063 2807 3335 2858 Παυλῖνον
3367 2806 3423 2859 ὲν
3463 2802 3683 2859 Μακεδο-

2125 2897 2214 2970 νίᾳ
2260 2899 2600 2965 ἀπέστειλεν,
2631 2898 2688 2962 ὃς
2716 2899 2777 2952 ὲν
2825 2898 3198 2967 Θεσσαλονίκῃ
3230 2897 3450 2966 ἐγένετο
3470 2912 3483 2926 ³
3524 2898 3576 2947 ὲν
3609 2889 3677 2958 οἷς

2124 2994 2215 3043 καὶ
2243 2990 2365 3045 τάδε
2405 2991 2817 3061 διαγορεύουσιν
2842 3008 2856 3022 ο
2892 3009 2912 3044 t
2948 2989 3170 3062 Ἐπειδὴ
3204 2989 3348 3060 μετὰ
3379 2990 3475 3060 τὴν
3504 2992 3556 3042 ὲν
3586 2987 3674 3040 Νι·

2124 3081 2255 3153 καίᾳ
2286 3080 2504 3135 σύνοδον
2530 3080 2666 3152 αὕτη
2700 3083 2733 3152 ἡ
2767 3082 2943 3153 πλάνη
2982 3081 3254 3151 ἀνέκυψεν
3282 3124 3298 3151 ,
3334 3080 3473 3136 ὥστε
3500 3079 3680 3149 τολμᾷν

2122 3189 2246 3227 τινα
2276 3173 2488 3245 βεϐήλῳ
2524 3177 2751 3243 στόματι
2777 3174 2952 3227 εἰπεῖν
2983 3176 3042 3228 τὸ
3074 3175 3302 3245 Πνεῦμα
3343 3173 3404 3227 τὸ
3434 3172 3578 3240 ἆγιον
3602 3187 3679 3238 γε·

2124 3265 2383 3337 γενῆσθαι
2412 3267 2499 3320 διὰ
2524 3268 2614 3320 τοῦ
2639 3267 2790 3331 Υίοῦ,
2824 3266 3301 3338 ἀναθεματίζομεν
3318 3268 3443 3330 τοὺς
3466 3268 3536 3335 μὴ
3561 3262 3677 3338 est”;

2123 3362 2303 3428 πάσης
2359 3357 2670 3430 ἐλευθερίας
2714 3359 3083 3431 κηρύττοντας
3137 3360 3234 3413 σὺν
3276 3358 3354 3430 τῷ
3402 3359 3566 3428 Πατρὶ
3603 3333 3679 3409 καἱ

2125 3453 2239 3524 Υίῷ
2272 3452 2371 3523 τῆς
2403 3453 2534 3523 μιᾶς
2562 3453 2657 3505 καὶ
2684 3454 2783 3522 τῆς
2811 3455 2976 3521 αὐτῆς
3010 3454 3197 3516 οὐσίας
3245 3470 3308 3506 τε
3338 3452 3434 3506 καὶ
3464 3450 3681 3517 ἐξουσίας

453 3540 666 3596 testatis
687 3543 952 3597 exsistere
978 3542 1242 3613 Spiritum
1260 3555 1510 3600 sanctum
1532 3547 1851 3616 prmdicant.
1877 3549 2019 3604 Ana-

2127 3547 2394 3616 ὑπάρχειν
2424 3547 2483 3600 τδ
2512 3546 2664 3615 ἆγιον
2696 3544 2939 3615 Πνεῦμα.
2957 3546 3190 3614 Ὁμοίως
3215 3545 3274 3598 δὲ
3308 3537 3679 3613 ἂναϐεματίζο-

452 3637 681 3692 themati
717 3637 906 3692 itidem
939 3639 1264 3709 subjicimus
1290 3638 1514 3696 Sabeliii
1542 3642 1751 3697 erroris
1786 3653 2021 3699 sectato-

453 3744 563 3793 res,
584 3730 677 3799 qui
706 3729 926 3783 Patrem
951 3739 1008 3783 et
1029 3729 1225 3792 Filium
1253 3731 1508 3787 eumdem
1541 3748 1660 3789 esse
1690 3732 1843 3789 dicit.
1877 3735 2021 3789 Ana-

454 3828 693 3877 tttemate
751 3822 1065 3893 jugulamus
1129 3822 1319 3877 Arium
1397 3834 1453 3879 et
1513 3825 1868 3891 Eunomium,
1929 3826 2022 3897 qui

454 3915 671 3971 tametsi
723 3915 959 3971 diversis
1026 3917 1230 3984 verbis,
1289 3919 1406 3988 pari
1480 3928 1659 3975 tamen
1724 3920 2022 3989 impietate,

454 4008 651 4065 Filium
668 4020 724 4065 et
751 4009 1012 4079 Spiritum
1032 4019 1278 4066 sanctum
1298 4026 1464 4065 unum
1489 4025 1611 4067 esse
1646 4011 2020 4066 conﬁrmavit.

454 4101 589 4155 item
621 4100 1060 4168 Macedonianos,
1087 4102 1181 4172 qui
1216 4119 1281 4158 ex
1302 4104 1414 4158 Arii
1451 4103 1638 4158 radice
1670 4118 2026 4158 succreseen-

456 4203 558 4257 tes,
591 4207 701 4247 non
741 4193 1105 4262 impietatem.
1143 4194 1238 4249 sed
1279 4209 1587 4264 cognomen
1632 4202 1846 4249 tantum
1904 4210 2025 4249 mu-

455 4294 661 4339 tarunt.
749 4284 882 4339 item
944 4285 1263 4349 Photinum,
1326 4287 1422 4356 qui
1474 4280 1699 4342 Ebiottis
1778 4282 2026 4343 haeresim

455 4391 745 4439 renovans,
776 4375 1065 4431 Dominum
1122 4389 1367 4432 nostrum
1395 4378 1582 4434 Jesum
1625 4378 1905 4435 Christum
1962 4395 2030 4436 ex

453 4467 623 4522 Maria
664 4476 871 4522 tantum
902 4469 1208 4538 proﬁtetur.
1248 4470 1384 4526 item
1444 4486 1541 4527 eos
1572 4472 1663 4542 qui
1716 4471 1857 4527 duos
1908 4488 2029 4529 esse

455 4558 630 4613 Filios
660 4559 955 4624 aliirmant,
985 4560 1213 4615 alterum
1243 4571 1369 4616 ante
1398 4563 1620 4629 saacuia,
1650 4565 1880 4618 alterum
1908 4574 2031 4634 post

454 4661 678 4701 carnem
726 4663 794 4702 ex
861 4660 1123 4719 perpetua
1196 4653 1409 4721 virgine
1453 4653 1624 4708 Maria
1669 4665 2027 4726 assumptam.

453 4738 819 4794 Anathemate
905 4751 1169 4810 praeterea
1219 4754 1522 4799 mactamus
1578 4743 1725 4812 illos,
1778 4750 1873 4816 qui
1933 4747 2029 4801 Dei

2127 3654 2227 3709 μεν
2272 3637 2365 3692 καὶ
2421 3640 2546 3699 τοὺς
2594 3640 2660 3708 τῇ
2700 3636 2990 3691 Σαϐελλίου
3022 3636 3454 3701 ἀκολουθοῦντας
3488 3634 3678 3703 πλάνῃ⁹

2124 3730 2215 3783 τὸν
2248 3731 2410 3784 αὑτὸν
2435 3729 2693 3798 λέγοντας
2722 3731 2817 3784 καὶ
2851 3730 3070 3799 Πατέρα
3102 3733 3197 3783 καὶ
3231 3728 3680 3793 Υίόν.“ΛναΘεμα-

2125 3821 2350 3891 τίζομεν
2398 3823 2618 3894 Ἀρειον
2640 3821 2737 3875 καὶ
2764 3822 3048 3892 Εὐνόμιον,
3068 3820 3117 3875 οἳ
3152 3823 3218 3893 τῇ
3273 3822 3369 3893 (an
3397 3816 3678 3885 δυσσεϐείᾳ,

2126 3917 2174 3967 εἰ
2207 3916 2299 3969 καὶ
2347 3916 2460 3977 τοῖς
2509 3916 2721 3986 ῥήμασι
2768 3913 3138 3983 διαφέρονται,
3193 3912 3290 3967 τὸν
3335 3912 3462 3966 Υίὸν
3507 3912 3592 3964 καὶ
3629 3907 3679 3959 τὸ

2129 4007 2285 4073 ᾶγιον
2334 4005 2560 4076 Πνεῦμα
2587 4005 2645 4060 ἓν
2678 4001 2816 4060 εἶναι
2860 4007 3314 4079 διισχυρίζονται.
3356 4000 3678 4073 Ἀναοεματί-

2130 4090 2311 4171 ζομεν’
2338 4100 2465 4165 τοὺς
2508 4098 2971 4166 Μακεδονιανοὺς,
3012 4101 3208 4165 οἵτινες
3248 4099 3316 4154 ἐκ
3350 4099 3447 4170 τῆς
3496 4094 3678 4166 Ἀρείου

2133 4192 2291 4266 ῥίζης
2340 4193 2735 4263 καταγόμενοι,
2786 4193 2909 4264 οὐχὶ
2953 4189 3052 4262 τὴν
3105 4191 3383 4258 ἀσέϐειαν,
3434 4188 3561 4245 ἀλλὰ
3597 4186 3681 4253 τὴν

2131 4286 2506 4357 προσηγορίαν
2536 4284 2855 4357 ὲνὴλλαξαν.
2902 4283 3402 4355 Ἀναθεματίζομεν
3424 4279 3681 4341 Φωτεινδν,

2130 4378 2186 4441 δς
2214 4379 2314 4449 τὴν
2338 4378 2433 4432 τοῦ
2474 4378 2726 4442 Ἐὅίωνος
2754 4378 2969 4450 αἵρεσιν
2992 4377 3378 4442 ἀνακαινίζων,
3399 4375 3486 4430 τὸν
3506 4374 3682 4443 Κύριον

2130 4471 2291 4542 ἡμῶν
2338 4471 2545 4541 Ἰησοῦν
2578 4470 2812 4543 Χριστόν
2842 4472 3004 4543 μόνον
3043 4472 3107 4525 ὲκ
3135 4471 3234 4540 τῆς
3268 4469 3485 4540 Μαρίας
3519 4466 3683 4536 ὁμολο-

2134 4567 2241 4635 γεῖ.
2289 4565 2790 4636 ’Δναθεματίζομεν
2828 4566 2923 4619 καὶ
2958 4565 3082 4627 τοὺς
3120 4564 3215 4618 δύο
3250 4564 3414 4627 Υίοὺς
3442 4559 3571 4617 εἶναι
3596 4560 3681 4612 διι-

2135 4657 2559 4729 σχυριζομένους
2580 4674 2591 4688 '
2617 4658 2710 4711 ἕνα
2742 4657 2853 4726 πρὸ
2880 4656 2989 4711 τῶν
3005 4655 3242 4734 ,αίώνων,
3275 4658 3372 4712 καὶ
3401 4656 3549 4711 ἄλλον
3566 4649 3683 4723 μετά

2132 4753 2233 4822 τὴν
2266 4752 2365 4821 τῆς
2392 4750 2595 4821 σαρκὸς
2632 4752 2694 4804 ὲκ
2724 4754 2819 4821 τῆς
2850 4748 3213 4822 ἁειπαρϐένου
3259 4749 3480 4820 Μαρίας
3509 4745 3683 4813 ἀνάλη-

453 4829 698 4884 Verbum
730 4845 829 4900 pro
852 4831 1104 4885 rationali
1145 4834 1323 4887 anima
1353 4834 1407 4888 in
1436 4849 1603 4890 carne
1629 4839 1869 4891 humana
1896 4852 2019 4892 ver-

2131 4844 2245 4914 ψιν.
2294 4842 2793 4915 Ἀναοεματίζομεν
2828 4844 3136 4909 κάκείνους,
3163 4845 3362 4908 οἵτινες
3396 4845 3513 4896 ἀντὶ
3554 4841 3682 4907 λογιο

450 4930 631 4977 satum
670 4936 791 4977 esse
838 4925 1200 4978 contendunt.
1266 4926 1381 4983 Hoc
1412 4927 1591 4997 ipsum
1634 4944 1876 4998 namque
1924 4929 2021 4985 Dei

456 5014 725 5081 Verbum,
756 5030 866 5070 non
905 5032 1006 5084 pro
1043 5017 1294 5071 rationali
1323 5027 1380 5072 et
1434 5019 1792 5074 intellectuali
1842 5021 2026 5078 anima

448 5110 509 5161 in
539 5123 638 5162 suo
669 5108 843 5178 ipsius
885 5124 1117 5180 corpore
1153 5110 1288 5165 fuit:
1324 5110 1420 5165 sed
1483 5120 1750 5178 nostram,
1796 5112 1902 5168 hoc
1946 5123 2028 5169 est

454 5203 777 5257 rationalem
806 5213 861 5259 et
886 5204 1314 5259 intellectualem
1352 5206 1471 5259 sine
1526 5215 1752 5274 peccato
1784 5207 2024 5262 animam

455 5293 696 5362 suscepit
718 5304 774 5348 et
808 5296 1069 5349 servavit.
1103 5294 1222 5350 Non
1241 5295 1424 5351 minus
1452 5297 1805 5353 anathemate
1836 5315 2026 5369 perse-

455 5387 680 5456 quimur
707 5402 801 5440 eos
829 5386 923 5455 qui
951 5386 1162 5450 dicunt,
1187 5388 1426 5442 Verbum
1459 5389 1554 5443 Dei
1586 5404 1617 5443 a
1644 5390 1801 5445 Patre
1837 5400 2028 5447 exten-

457 5478 615 5531 sione
640 5489 695 5531 et
714 5478 1094 5534 contractione
1112 5492 1459 5551 segregatum
1492 5496 1634 5546 esse,
1654 5497 1708 5539 et
1724 5485 2028 5543 subsistere

459 5570 517 5626 id
549 5586 655 5625 non
681 5585 886 5640 posse;
920 5580 1015 5625 aut
1043 5571 1138 5641 qui
1173 5571 1336 5628 tinem
1400 5574 1453 5630 id
1506 5590 1665 5630 suum
1710 5576 2029 5633 habiturum

458 5680 581 5721 esse
612 5663 1020 5734 blasphemant.
1081 5664 1190 5719 Eos
1237 5679 1403 5735 porro
1444 5668 1538 5737 qui
1570 5684 1637 5722 ex
1691 5670 1941 5725 ecclesiis
1972 5671 2029 5725 in

461 5759 598 5816 alias
631 5767 918 5813 transeunt
943 5756 1245 5813 ecclesias:
1309 5759 1470 5830 257
1502 5762 1763 5834 tantisper
1819 5763 2031 5819 alienos

2131 4935 2235 5004 κῆς
2281 4933 2458 5005 ψυχῆς
2515 4933 2963 5006 διισχυρίζονται,
3014 4935 3094 4989 ὃτι
3142 4935 3169 4989 ὁ
3218 4935 3311 4989 τοῦ
3349 4933 3480 4988 Θεοῦ
3534 4932 3682 4999 Λόγος

2131 5028 2377 5096 ἐστράφη
2407 5029 2464 5079 ὲν
2505 5027 2571 5096 τῇ
2603 5025 2924 5099 ἀνθρωπίνῃ
2963 5027 3147 5099 σαρκί.
3176 5028 3347 5091 Αὐτὸς
3367 5028 3472 5098 γὰρ
3497 5020 3681 5083 οὗτοςὀ

2129 5119 2225 5174 τοῦ
2251 5120 2385 5173 Θεοῦ
2412 5120 2584 5187 Λόγος
2611 5119 2732 5189 οὐχὶ
2759 5120 2882 5173 ἀντὶ
2907 5120 3004 5191 τῆς
3027 5120 3255 5190 λογικῆς
3285 5122 3375 5176 καὶ
3406 5115 3679 5190 νοερᾶςψυ·

2130 5216 2232 5286 χῆς
2264 5217 2320 5267 ὲν
2350 5213 2428 5284 τῷ
2456 5192 2649 5266 ἑαυτοῦ
2682 5211 2893 5283 σώματι
2920 5213 3144 5283 γέγονεν
3165 5229 3179 5245 ’
3211 5214 3347 5267 ἀλλὰ
3384 5214 3478 5282 τὴν
3504 5206 3678 5280 ἡμετέ-

2134 5324 2254 5377 ραν,
2290 5308 2540 5359 τουτέστι
2561 5305 2784 5374 λογικὴν
2808 5305 2901 5357 καὶ⁵
2933 5305 3145 5378 γοερὰν,
3165 5306 3293 5360 ἄνευ
3315 5305 3409 5375 τῆς
3437 5300 3679 5373 ἁμαρτίας
3764 5348 3767 5351 ν

2133 5398 2311 5469 ψυχὴν
2362 5397 2591 5451 ἀνέλαϐε
2641 5398 2735 5450 καὶ
2777 5398 3005 5454 ἔσωσεν.
3061 5397 3547 5466 Ἀναοεματίζομεν
3598 5389 3679 5444 καὶ

2134 5492 2260 5554 τοῦς
2295 5491 2555 5557 λέγοντας
2579 5491 2671 5542 τὸν
2702 5491 2873 5559 Λόγον
2898 5489 2990 5543 τοῦ
3018 5490 3153 5544 Θεοῦ
3184 5492 3247 5561 τῇ
3272 5489 3483 5543 ἐκτάσει
3514 5484 3597 5539 καὶ
3622 5482 3677 5551 τῇ

2137 5583 2369 5654 συστολῇ
2422 5582 2531 5637 ἀπὸ
2556 5580 2650 5636 τοῦ
2667 5583 2879 5654 Πατρὸς
2902 5582 3261 5653 κεχωρίσθαι,
3292 5582 3383 5634 καὶ
3407 5577 3680 5633 ἀνυπόσταο

2134 5689 2227 5724 τον
2250 5673 2410 5725 αὑτὸν
2437 5667 2602 5738 εἶναι,
2630 5671 2662 5743 ἦ
2695 5671 2911 5742 μέλλειν
2935 5673 3196 5744 τελευτᾷν
3232 5666 3675 5744 βλασφημοῦντας.

2135 5764 2275 5827 Τοὺς
2323 5762 2380 5816 δὲ
2411 5762 2516 5817 ἀπὸ
2546 5763 2852 5834 ἐκκλησιῶν
2885 5766 2964 5829 είς
3010 5764 3204 5836 ἐτέρας
3254 5760 3539 5834 ἐκκλησίας
3568 5770 3678 5829 μετ-

535 5944 610 6015 (ι)
641 5945 695 5999 ιιι
736 5959 799 6003 co
832 5943 973 6003 forte
1006 5956 1298 6015 conventu,
1341 5947 1404 6003 de
1451 5962 1560 6015 quo
1585 5960 1749 6016 supra
1784 5963 1903 6018 cap.
1947 5948 2026 6004 l0.
2068 5947 2174 6005 Sed
2202 5948 2248 6004 is
2305 5955 2609 6004 conventus
2635 5944 3107 6015 Constantinopoli
3134 5954 3306 6001 actus.
