3918 6544
221 372 326 437 801

1147 367 1753 429 ECCLESIASTIC/E
1800 363 2193 425 HISTORI/E
2232 362 2383 421 LIB.
2425 358 2564 420 XII.

3470 244 3503 257 κ

3391 349 3502 424 802

221 485 477 544 eaeam:
501 481 631 553 ἄχρι
655 479 916 535 τοσούτου
948 479 1056 534 ἀπὸ
1093 480 1195 550 τῆς
1216 481 1495 552 ἡμετέρας
1520 480 1810 543 κοινωνίας

1929 476 2352 533 tcommunione
2378 482 2565 530 nostra
2586 485 2706 528 esse
2719 470 2994 534 ducimus,
3021 470 3151 525 dum
3169 469 3236 526 ad
3256 471 3503 527 easdem.

221 577 538 650 ἀλλοτρίους
578 577 796 646 ἔχομεν,
823 575 985 645 ἄχρις
1004 567 1066 627 οὗ
1095 574 1231 646 πρὸς
1259 574 1430 638 acri;
1460 571 1801 628 ὲπανέλθωσι

220 674 324 737 τὰς
371 672 575 734 πόλεις,
625 671 683 723 ὲν
718 664 806 733 αἷς
856 668 1075 740 πρῶτον
1119 667 1625 739 ἐχειροτονήθησαν.
1678 665 1804 725 Ἐἀν

222 765 275 819 δέ
318 781 428 829 τις,
460 763 624 818 ἄλλου
654 763 764 817 ἀπὸ
808 763 975 819 τόπου
1003 763 1085 825 είς
1126 762 1294 815 τόπον
1341 760 1712 831 μετελθόντος,
1746 760 1807 813 ὲν

222 860 373 927 τόπῳ
397 857 492 911 τοῦ
524 858 724 923 ζῶντος
767 855 1173 927 δχειροτονήθη,
1212 855 1342 926 ἄχρι
1382 852 1643 907 τοσούτου
1682 870 1807 923 σχο-

222 952 375 1005 λάσει
423 950 531 1004 ἀπὸ
558 949 654 1003 τοῦ
687 947 1080 1021 ἀρχιερατικοῦ
1111 947 1423 1017 ἀξιώματος
1473 948 1500 1000 ὁ
1535 946 1633 1018 τὴν
1670 946 1807 1000 ίδίαν

222 1046 376 1098 πόλιν
414 1041 777 1111 καταλείψας,
829 1042 988 1113 άχρις
1032 1035 1096 1096 οῦ
1131 1043 1161 1096 ὁ
1202 1039 1589 1110 διαδεξάμενος
1622 1036 1809 1093 ἀὐτὸν

223 1136 611 1206 ἀναπαύσηται
643 1136 702 1190 ὲν
733 1135 944 1206 Κυρίῳ.
983 1135 1048 1188 Εἴ
1076 1151 1160 1197 τις
1202 1134 1276 1203 μὴ
1311 1132 1440 1203 εἴπῃ
1472 1132 1565 1186 ἀεὶ
1591 1133 1681 1185 τὸν
1702 1132 1811 1184 Πα-

220 1224 356 1293 τέρα
395 1223 488 1277 καὶ
517 1222 608 1277 ἀεὶ
653 1221 743 1275 τὸν
775 1222 905 1281 Υίδν
940 1223 1034 1276 καὶ
1064 1220 1155 1275 ἀεὶ
1194 1220 1255 1275 τδ
1291 1218 1520 1289 Πνεῦμα
1563 1218 1624 1273 τὸ
1653 1218 1811 1289 ἅγιον

1910 570 1966 625 itt
1992 569 2200 639 quibus
2227 566 2465 639 primum
2487 563 2727 620 ordinati
2748 572 2900 628 sunt,
2928 563 3098 618 urbes
3121 571 3501 619 revertantur.

1911 661 1967 716 Si
1985 663 2110 732 quis
2123 674 2277 726 vero,
2295 660 2424 726 alio,
2443 673 2510 713 ex
2529 672 2641 712 uno
2665 656 2788 711 loco
2811 653 3059 723 injalium
3083 663 3429 719 transeunte,
3448 655 3503 710 in

1929 755 2077 810 illius
2092 753 2274 809 adhuc
2294 750 2529 807 viventis
2555 749 2732 804 locum
2750 748 2821 803 sit
2848 759 2942 817 per
2962 747 3363 803 ordinationem
3382 762 3508 802 sur-

1914 858 2158 917 rogatus,
2176 844 2384 900 tamdiu
2407 843 2495 898 ille
2520 842 2615 913 qui
2638 841 2828 896 urbem
2848 854 3005 894 suam
3024 839 3270 909 reliquit,
3286 841 3505 907 episco-

1913 939 2018 1010 pali
2038 939 2299 1009 dignitate
2317 937 2545 1001 carebit,
2560 934 2735 988 donec
2754 946 3041 988 successor
3066 931 3185 1003 ejus
3198 932 3253 985 in
3272 930 3506 986 Domino

1925 1031 2305 1087 obdormierit.
2326 1029 2384 1084 Si
2403 1028 2524 1098 quis
2544 1043 2651 1082 non
2671 1038 2936 1096 perpetuo
2968 1024 3188 1079 Patrem
3221 1031 3278 1079 et
3304 1038 3505 1094 perpe-

1917 1138 2013 1183 tuo
2064 1125 2289 1193 Filium,
2348 1132 2405 1180 et
2467 1132 2734 1195 perpetuo
2796 1121 3064 1193 Spiritum
3095 1127 3347 1176 sanctum
3382 1134 3505 1175 esse

1916 1224 2084 1287 dicat,
2138 1221 2427 1276 anathema
2467 1218 2562 1273 sit.
2593 1215 2653 1270 Si
2679 1214 2805 1286 quis
2845 1229 2953 1268 non
2990 1212 3159 1279 dicat,
3179 1211 3377 1267 Filium
3408 1225 3505 1282 ge-

220 1306 390 1376 εῐναι,
421 1311 671 1382 ἀνάθεμα
719 1311 881 1366 ἔστω.
913 1312 979 1365 Εἴ
1011 1329 1094 1374 τις
1133 1310 1207 1382 μὴ
1231 1311 1360 1383 εἴπῃ
1383 1309 1639 1380 ἀληθινὸν
1679 1309 1814 1364 Θεὸν

1929 1315 2181 1371 nitumex
2216 1313 2396 1378 Patre,
2423 1311 2528 1365 hoc
2562 1317 2664 1373 est,
2689 1323 2759 1363 ex
2791 1306 3102 1362 substantia
3129 1305 3250 1374 ejus
3292 1303 3502 1366 divina,

220 1402 313 1454 τὸν
354 1401 479 1453 Υἱὸν
514 1399 610 1452 τοῦ
642 1400 803 1465 Θεοῦ,
835 1400 911 1463 ὡς
950 1400 1208 1470 ἀληθινὸν
1238 1399 1333 1454 τὸν
1369 1400 1589 1469 Πατέρα
1617 1397 1810 1464 αὑτοῦ,

1929 1407 2211 1462 anathema
2241 1405 2334 1460 sit.
2361 1403 2418 1459 Si
2457 1402 2584 1473 quis
2607 1416 2720 1455 non
2757 1399 2928 1464 dicat,
2970 1413 3160 1453 verum
3179 1398 3351 1452 Deum
3384 1411 3507 1451 esse

221 1497 311 1548 καὶ
343 1496 525 1549 πάντα
555 1491 841 1555 δύνασθαι.
874 1494 965 1546 καὶ
1001 1492 1179 1546 πάντα
1212 1492 1434 1557 εἰδέναι,
1460 1491 1556 1547 καὶ
1585 1490 1666 1562 τῷ
1702 1492 1817 1544 Πα-

1929 1496 2264 1560 DciFilinm,
2315 1495 2395 1550 sic
2425 1495 2505 1549 uti
2541 1507 2733 1547 verum
2782 1492 2956 1545 Deum
3001 1489 3219 1543 Patrem
3251 1487 3396 1557 ejus,
3449 1495 3503 1540 et

218 1587 307 1655 τρὶ
344 1586 483 1652 ἴσον,
536 1586 786 1655 ἀνάθεμα
818 1583 983 1640 ἔστω.
1018 1582 1087 1640 Εἴ
1116 1602 1203 1649 τις
1248 1585 1376 1657 εἴπῃ
1431 1586 1513 1639 ὅτι
1544 1585 1604 1638 ιν
1649 1587 1818 1655 σαρκὶ

1929 1570 2076 1645 ill/um
2106 1587 2288 1643 omnia
2323 1601 2503 1658 posse,
2538 1593 2596 1641 et
2624 1583 2810 1639 omnia
2839 1596 3025 1649 nosse,
3063 1579 3325 1650 Patrique
3351 1578 3506 1634 simi-

218 1678 425 1746 διάγων
453 1680 483 1731 ὁ
506 1676 632 1740 Υἱὸς
659 1677 755 1730 τοῦ
781 1677 915 1731 Θεοῦ
947 1678 1036 1731 ὅτε
1066 1672 1135 1748 ἦν
1173 1679 1233 1731 ὲν
1262 1680 1327 1750 τῇ
1363 1681 1458 1745 γῆ,
1492 1678 1550 1730 ὲν
1579 1678 1693 1741 τοῖς
1720 1678 1815 1731 οὐ·

1929 1679 2028 1734 Iem
2059 1694 2202 1742 esse,
2227 1681 2574 1732 anathemata
2632 1677 2724 1730 sit.
2766 1673 2822 1729 Si
2880 1673 3006 1743 quis
3050 1671 3218 1737 dicat,
3276 1660 3413 1727 cum‘
3449 1668 3505 1722 in

222 1770 411 1839 ρανοίς
453 1767 551 1822 καὶ
580 1769 679 1822 σὺν
704 1768 782 1838 τῷ
809 1770 986 1839 Πατρὶ
1016 1770 1116 1823 οὐκ
1150 1764 1239 1842 ἦν,
1276 1768 1528 1840 ἀνάθεμα
1560 1769 1720 1825 ἐστω.
1750 1770 1818 1834 Et

1929 1787 2093 1827 carne
2127 1772 2331 1843 degens
2358 1770 2533 1825 Filius
2584 1766 2680 1822 Dei
2714 1767 2771 1821 in
2807 1766 2968 1822 terris
3012 1765 3136 1831 fuit,
3167 1763 3422 1820 eumdem
3450 1762 3504 1817 in

220 1877 307 1922 τις
355 1859 489 1931 εἴπῃ
508 1861 591 1914 ὅτι
639 1863 696 1913 ἐν
725 1860 804 1931 τῷ
838 1860 1003 1915 πάθει
1032 1861 1130 1914 τοῦ
1179 1860 1422 1933 σταυροῦ
1473 1860 1575 1933 τὴν
1626 1860 1822 1932 ὀδύνην

1929 1865 2083 1922 οωιίε
2104 1873 2159 1920 et
2196 1880 2320 1919 cum
2348 1862 2509 1919 Patre
2567 1878 2676 1917 non
2730 1860 2918 1925 fuisse,
2978 1859 3274 1914 anathema
3307 1859 3399 1914 sit.
3448 1856 3503 1913 Si

224 1953 519 2023 ὑπέμεινεν
550 1957 579 2007 ὁ
612 1954 745 2017 Υἱὸς
771 1954 866 2008 τοῦ
899 1953 1034 2006 Θεοῦ
1068 1955 1163 2008 καὶ
1194 1954 1328 2017 Θεὸς
1355 1954 1550 2023 Λόγος,
1576 1956 1677 2009 καὶ
1700 1955 1823 2025 οὐχὶ

224 2046 257 2113 ὴ
292 2044 432 2114 σὰρξ
464 2044 563 2098 σὺν
597 2047 662 2114 τῇ
690 2045 836 2117 ψυχῇ
861 2046 1036 2118 ἥνπερ
1071 2046 1380 2110 ἐνεδύσατο,
1417 2047 1450 2117 ἢ
1481 2044 1667 2118 μορφὴ
1698 2046 1824 2100 δού-

221 2136 309 2189 λου
332 2136 515 2208 ἤνπερ
543 2137 723 2208 ἑαυτῷ
744 2136 1029 2204 ἀνέλαϐεν,
1058 2134 1132 2199 ὡς
1147 2138 1369 2207 εἴρηκεν
1397 2138 1426 2207 ἡ
1449 2137 1577 2200 ἀγία
1604 2137 1817 2209 Γραφὴ.

223 2230 479 2299 ἀνάθεμα
510 2228 674 2282 ἔστω.
711 2231 772 2282 Εἴ
800 2247 885 2293 τις
922 2228 996 2301 μὴ
1024 2230 1157 2303 εἴπῃ
1184 2232 1278 2283 τὸν
1305 2228 1442 2283 Θεοῦ
1475 2230 1648 2296 Λόγον
1700 2240 1823 2283 ’πα-

225 2318 393 2372 θῦντα
426 2319 592 2390 σαρκὶ
633 2318 732 2372 καὶ
771 2319 1192 2390 ἐσταυρωμένον
1242 2322 1428 2391 σαρκὶ,
1470 2322 1567 2374 καὶ
1588 2320 1820 2376 θανάτου

224 2414 571 2483 γευσάμενον
604 2413 790 2484 σαρκὶ,
825 2413 1091 2495 γεγονότα
1125 2431 1183 2468 τε
1220 2416 1567 2486 πρωτότοκον
1615 2416 1679 2469 ὲκ
1711 2415 1822 2469 τῶν

226 2506 439 2576 νεκρῶν
474 2504 611 2558 καθὸ
635 2504 750 2576 ζωή
789 2507 908 2559 ἐστι
936 2509 1030 2559 καὶ
1057 2508 1348 2573 ζωοποιὸς,
1389 2509 1465 2573 ὡς
1497 2509 1654 2573 Θεὸς,
1692 2509 1821 2563 ἀνά-

228 2596 372 2665 θεμα
405 2594 573 2649 ἔστω.
611 2592 679 2647 Εἴ
702 2612 788 2658 τις
824 2594 899 2664 μὴ
942 2597 1073 2667 εἴπῃ
1100 2596 1182 2650 ὅτι
1217 2597 1275 2650 ιν
1300 2600 1364 2669 τῇ
1398 2599 1565 2668 σαρκὶ
1597 2599 1663 2668 ἢν
1693 2600 1819 2652 ἀνέ-

228 2689 382 2755 λαϐε,
411 2688 705 2753 καθέζεται
736 2690 795 2744 ἑν
820 2688 971 2756 δεξιᾷ
994 2690 1090 2743 τοῦ
1120 2690 1352 2762 Πατρὸς,
1386 2692 1444 2745 ὲν
1548 2695 1642 2748 καὶ
1670 2692 1823 2746 ἐλεύ-

230 2803 384 2840 σεται
419 2787 604 2856 κρίναι
639 2784 850 2848 ζῶντας
879 2786 973 2838 καί⁵
998 2784 1248 2854 νεκροὺς,
1287 2784 1539 2854 ἀνάθεμα
1565 2786 1824 2842 ἑστωυίὶἴ

227 2898 310 2944 τις
344 2880 424 2951 μὴ
457 2878 588 2950 εἴπῃ
628 2878 691 2933 τὸ
754 2875 982 2948 Πνεῦμα
1011 2878 1067 2930 τὸ
1093 2875 1251 2946 ἅγιον
1274 2880 1335 2930 ὲκ
1361 2876 1456 2931 τοῦ
1489 2879 1704 2949 Πατρὸς
1736 2875 1819 2932 εἴ·

230 2989 315 3026 ναι
340 2971 562 3041 ἀληθῶς
590 2971 687 3024 καὶ
707 2969 935 3037 κυρίως,
966 2967 1043 3033 ὠς
1069 2968 1166 3023 καί⁵
1197 2968 1287 3022 τὸν
1309 2969 1439 3022 Υίὸν
1461 2972 1524 3023 ὲκ
1548 2973 1645 3040 τῆς
1668 2968 1822 3034 θείας

228 3064 419 3127 οὐσίας
449 3064 546 3116 καὶ
573 3061 711 3115 Θεὸν
758 3061 894 3114 Θεοῦ
935 3060 1130 3129 Λόγον,
1165 3059 1417 3130 ἀνάθεμα
1443 3059 1605 3115 ἔστω.
1632 3060 1704 3115 Εἴ
1733 3079 1821 3124 τις

232 3158 304 3228 μὴ
347 3156 480 3227 εἴπῃ
523 3156 703 3209 πάντα
742 3154 1005 3209 δύνασθαι
1030 3153 1090 3207 τὸ
1123 3152 1349 3223 Πνεῦμα
1399 3154 1460 3206 τὸ
1508 3154 1684 3223 ἅγιον,
1729 3157 1823 3208 καὶ

231 3252 411 3304 πάντα
457 3248 674 3314 εἰδέναι¹
709 3248 806 3301 καὶ
833 3246 1114 3317 πανταχοῦ
1155 3249 1437 3318 παρεῖναι,
1480 3247 1558 3310 ὡς
1599 3248 1694 3301 καὶ
1732 3249 1822 3301 τὴν

229 3345 360 3400 Υξὺν
387 3345 485 3398 καὶ
514 3345 608 3397 τὸν
640 3342 884 3414 Πατέρα,
918 3341 1173 3412 ἀνάθεμα
1200 3343 1362 3399 ἔστω,
1386 3342 1449 3396 Εἴ
1473 3361 1557 3408 τις
1589 3346 1733 3398 εἴποι
1761 3344 1823 3397 τὸ

233 3440 462 3511 Πνεῦμα
483 3439 543 3494 τὸ
570 3440 727 3507 ἀγιον
747 3440 983 3509 ποίημα,
1014 3438 1047 3511 ἢ
1074 3438 1162 3492 διὰ
1184 3437 1277 3500 τοῦ
1306 3438 1436 3492 Υίοῦ
1467 3439 1818 3508 γεγενῆσθαι,

230 3536 483 3605 ἀνάθεμα
512 3534 673 3590 ἔστω.
708 3533 774 3587 Εἴ
818 3550 900 3595 τις
951 3533 1027 3603 μὴ
1060 3532 1193 3604 εἴπῃ
1230 3533 1405 3586 πάντα
1434 3532 1523 3588 διὰ
1554 3532 1647 3586 τοῦ
1681 3533 1841 3586 Υἱοῦί

231 3628 328 3682 καὶ
358 3628 458 3681 τοῦ
489 3627 646 3697 ἁγίου
689 3626 1012 3696 Πνεῦματος
1039 3626 1132 3679 τὸν
1178 3626 1400 3697 Πατέρα
1436 3627 1818 3693 πεποιηκέναι,

227 3721 487 3775 τουτέστι
516 3721 585 3773 τά
620 3720 790 3790 ὁρατὰ
825 3719 920 3773 καὶ
943 3720 1010 3774 τά
1032 3719 1264 3789 ἀόρατα,
1296 3719 1546 3790 ἀνάθεμα
1570 3719 1729 3773 ἔστω.
1761 3719 1828 3771 Ei

229 3833 315 3879 τις
343 3814 421 3885 μὴ
453 3816 585 3886 εἴπῃ
614 3811 709 3869 τοῦ
748 3811 959 3882 Πατρὺς
991 3810 1086 3864 καὶ
1121 3810 1216 3864 τοῦ
1260 3810 1392 3865 Υίοῦ
1421 3811 1623 3866 καὶτοῦ
1663 3811 1821 3879 ἁγίου

230 3908 549 3978 Πνεύμντος
585 3907 716 3977 μίαν
750 3905 981 3975 θεότητα
1008 3944 1024 3970 ,
1053 3903 1324 3970 ἑξουσίαν,
1356 3904 1631 3975 θειότητά,
1664 3904 1824 3958 δυνα-

231 4004 441 4069 στείαν,
473 4001 604 4070 μίαν
633 3999 817 4064 δόξαν,
846 4002 1166 4070 κυριότητα,
1193 4000 1323 4069 μίαν
1360 3998 1660 4069 βασιλείαν,
1693 3999 1822 4068 μίαν

231 4095 476 4167 θέλησιν,
512 4094 607 4148 καὶ
658 4092 942 4164 ἀλήθειαν,
993 4090 1247 4159 ἀνάθεμα
1281 4089 1441 4143 ἔστω.
1494 4089 1564 4145 Εἴ
1582 4106 1669 4152 τις
1695 4090 1825 4160 τρία

232 4189 506 4258 πρόσωπα
542 4186 617 4258 μὴ
648 4185 779 4258 εἴπῃ
814 4183 1045 4255 ἀληθινὰ
1072 4184 1166 4236 τοῦ
1196 4181 1411 4254 Πατρδς
1440 4181 1536 4236 καὶ
1565 4181 1660 4236 τοῦ
1690 4182 1824 4236 Υίοῦ

231 4283 329 4334 καὶ
361 4279 458 4334 τοῦ
494 4278 659 4347 ἁγίου
693 4277 1036 4346 Πνεύματος,
1067 4275 1182 4340 ἴσα,
1213 4273 1302 4328 ἀεὶ
1334 4275 1535 4341 ζῶντα,
1557 4275 1625 4330 τὰ
1646 4278 1824 4331 πάντα

233 4374 535 4443 κατέχοντα
570 4370 635 4423 τά
667 4369 842 4440 δρατὰ
869 4368 961 4422 καὶ¹
979 4367 1046 4423 τά
1074 4368 1305 4437 ἀόρατα,
1334 4369 1510 4423 πάντα
1527 4369 1823 4439 δυνάμενα,

234 4464 418 4516 πάντα
440 4460 718 4531 κρίνοντα,
734 4459 912 4512 πάντα
942 4456 1339 4522 ζωοποιοῦντα,
1367 4459 1546 4513 πάντα
1565 4460 1827 4529 δημιουρ-

1927 1957 2052 2027 quis
2077 1956 2245 2022 dicat,
2272 1956 2324 2010 in
2349 1954 2602 2025 passione
2635 1953 2818 2009 crucis
2854 1954 3051 2010 Filium
3099 1952 3196 2007 Dei
3250 1961 3304 2006 et
3333 1951 3505 2006 Deum

1929 2049 2196 2114 Verbum,
2229 2048 2539 2113 divinitate,
2562 2057 2619 2102 ct
2649 2062 2759 2100 non
2791 2061 2955 2101 carne
2987 2061 3093 2101 una
3132 2059 3258 2100 cum
3296 2044 3502 2107 anima,

1926 2158 2090 2213 quam
2118 2142 2172 2195 in
2204 2140 2346 2197 servi
2375 2140 2480 2195 sibi
2500 2149 2779 2208 assumpta
2817 2140 3017 2202 forma,
3054 2147 3110 2191 ut
3141 2147 3328 2192 sancta
3357 2136 3512 2191 Scri-

1927 2245 2089 2306 ptura
2125 2234 2284 2298 dixit,
2316 2233 2515 2296 induit,
2535 2231 2784 2286 dolorem
2846 2229 3158 2300 pertulisse,
3214 2227 3507 2282 anathema

1926 2328 2018 2381 sit.
2051 2325 2108 2380 Si
2143 2326 2269 2396 quis
2299 2340 2410 2378 non
2433 2324 2579 2378 dicat
2611 2322 2706 2376 Dei
2741 2322 2976 2376 Verbum
3000 2335 3164 2375 carne
3196 2326 3511 2388 passum,at

1926 2435 2095 2475 carne
2124 2417 2480 2482 cruciﬁxum,
2511 2428 2568 2472 ct
2599 2432 2765 2472 carne
2800 2427 3034 2472 mortem
3080 2422 3350 2483 gustasse,
3393 2425 3510 2480 prt-

1928 2508 2266 2579 mogenitum
2302 2506 2503 2561 factum
2522 2521 2590 2561 ex
2630 2507 2887 2572 mortuis,
2919 2520 3019 2576 pro
3078 2520 3147 2559 eo
3184 2513 3351 2571 atque
3398 2501 3508 2557 vita

1925 2612 2096 2657 estet
2142 2600 2445 2665 viriticans,
2503 2601 2709 2671 quippe
2739 2601 2908 2663 Deus,
2974 2600 3272 2654 anathema
3304 2600 3395 2652 sit.
3450 2597 3507 2649 Si

1925 2696 2049 2764 quis
2082 2709 2188 2748 non
2225 2693 2394 2755 dicat,
2432 2708 2557 2746 eunt
2592 2693 2644 2745 in
2679 2706 2847 2747 carne
2875 2706 3041 2761 quam
3074 2690 3395 2759 assumpsit,
3438 2688 3508 2741 ad

1925 2787 2174 2842 dextram
2204 2787 2386 2840 Patris
2412 2784 2630 2852 sedere,
2665 2768 2718 2838 in
2750 2800 2857 2854 qua
2892 2785 3057 2840 etiam
3093 2784 3343 2839 adveniet
3373 2782 3515 2847 iudi-

1924 2889 2150 2937 caturus
2175 2876 2326 2931 vivos
2345 2885 2402 2932 et
2427 2886 2698 2944 mortuos,
2722 2876 3012 2932 anathema
3045 2875 3140 2930 sit.
3165 2876 3220 2931 Si
3248 2876 3374 2946 quis
3399 2890 3510 2930 non

1925 2974 2096 3039 dicat,
2144 2972 2408 3043 Spiritum
2438 2976 2687 3025 sa’nctum
2715 2986 2843 3025 vere
2874 2979 2930 3024 et
2962 2969 3188 3040 proprie
3249 2985 3314 3024 ex
3351 2970 3514 3025 Patre

1926 3080 2069 3128 esse,
2105 3064 2569 3135 quemadmodum
2601 3072 2655 3118 et
2683 3062 2908 3129 Filium,
2939 3062 3307 3132 eumdemque
3338 3056 3513 3117 Deum

1851 3192 1894 3248 ο
1930 3159 2027 3214 Dei
2061 3158 2332 3222 Verbum,
2373 3174 2441 3213 ex
2482 3158 2672 3213 divina
2714 3157 3047 3224 substantia,
3079 3158 3371 3213 anathema
3416 3158 3514 3215 sit.

1933 3252 1991 3308 Si
2023 3252 2149 3322 quis
2176 3251 2347 3317 dicat,
2382 3251 2649 3322 Spiritum
2683 3260 2936 3307 sanctum
2968 3267 3081 3306 non
3112 3252 3345 3321 perinde
3396 3266 3517 3307 om-

1930 3344 2021 3397 nia
2054 3358 2242 3415 posse,
2274 3344 2458 3398 omnia
2488 3343 2655 3409 scire,
2689 3354 2746 3400 et
2777 3343 2983 3414 ubique
3006 3353 3279 3399 terrarum
3301 3343 3514 3409 adesse,

1933 3442 1995 3489 ut
2023 3435 2239 3490 Patrem
2274 3447 2328 3490 et
2358 3434 2899 3499 Filittm,‘anatltema
2934 3436 3024 3491 sit.
3063 3435 3119 3489 Si
3189 3434 3313 3505 quis
3347 3436 3514 3500 dicat,

1933 3526 2197 3598 Spiritum
2216 3538 2466 3583 sanctum
2496 3538 2830 3595 creaturam,
2862 3537 3068 3599 autper
3090 3527 3286 3583 Filium
3313 3528 3519 3583 factum

1934 3635 2079 3686 esse,
2107 3620 2400 3676 anathema
2434 3622 2527 3675 sit.
2567 3621 2623 3676 Si
2655 3622 2781 3692 quis
2810 3635 2922 3676 non
2960 3622 3131 3688 dicat,
3170 3621 3382 3675 Patrem
3414 3636 3517 3691 per

1933 3712 2139 3768 Filiqu
2188 3725 2380 3783 postea
2427 3715 2774 3771 int-amatum
2831 3725 2889 3772 et
2944 3716 3210 3785 Spiritum
3264 3723 3518 3770 sanetum

1932 3821 2151 3861 creasse
2169 3808 2376 3870 omnia,
2401 3809 2639 3864 visibilia
2665 3809 2940 3876 videlicet,
2968 3820 3024 3866 et
3047 3809 3369 3869 invisibilia.
3391 3826 3524 3865 ana-

1935 3898 2116 3952 thema
2134 3897 2227 3952 sit.
2251 3896 2305 3952 Si
2322 3898 2448 3967 quis
2466 3915 2575 3954 non
2600 3900 2770 3967 dicat,
2793 3902 2972 3956 Patris
2986 3912 3039 3957 et
3063 3902 3179 3957 Filii
3201 3912 3256 3957 et
3280 3903 3522 3973 Spiritus

1932 3988 2107 4042 sancti
2146 4003 2307 4043 unam
2335 3990 2614 4052 deitatem,
2651 4001 3000 4061 potestatem,
3032 3993 3397 4061 divinitatem,
3421 4011 3519 4065 po-

1935 4080 2180 4149 tentiam,
2219 4097 2383 4137 unam
2415 4085 2669 4156 gloriam,
2701 4101 2865 4141 unam
2899 4088 3310 4158 proprietatem,
3345 4104 3517 4143 unum

1934 4189 2187 4246 regnum,
2220 4193 2383 4231 unam
2423 4180 2763 4234 voluntatem
2787 4189 2842 4235 ct
2883 4181 3195 4244 veritatem,
3225 4182 3521 4239 anathema

1934 4271 2025 4323 sit.
2047 4267 2103 4323 Si
2127 4270 2250 4340 quis
2270 4286 2378 4325 non
2403 4272 2570 4334 dicat,
2597 4281 2707 4327 tres
2729 4287 2853 4328 esse
2878 4289 3037 4327 veras
3059 4289 3322 4343 personas
3342 4273 3522 4331 Patris

1933 4370 1988 4416 et
2004 4361 2127 4416 Filii
2159 4371 2216 4417 et
2238 4361 2477 4433 Spiritus
2504 4364 2700 4428 sancti,
2720 4364 2980 4433 aequales,
3000 4382 3219 4435 semper
3247 4368 3518 4439 viventes,

1933 4455 2117 4510 omnia
2147 4466 2203 4512 et
2230 4457 2470 4511 visibilia
2502 4467 2556 4511 et
2580 4458 2879 4512 invisibilia
2929 4459 3301 4523 continentes,
3334 4463 3521 4519 omnia

234 4554 462 4623 γοῦντα,
491 4554 671 4607 πάντα
720 4550 986 4617 σώζοντα,
1035 4549 1285 4620 ἀνάθεμα
1329 4548 1488 4604 ἔστω.
1526 4549 1598 4605 Ei’
1629 4567 1711 4613 τις
1750 4551 1822 4622 μὴ

1933 4555 2213 4614 potentes,
2270 4547 2454 4603 omnia
2525 4548 2863 4619 iudicantes.
2915 4552 3100 4607 omnia
3152 4555 3521 4623 viviticantes,

235 4646 370 4721 εἴπῃ
407 4645 787 4715 προσκυνητδν
821 4644 883 4696 τὸ
923 4643 1151 4713 Πνεῦμα
1182 4643 1242 4697 τὸ
1274 4643 1433 4712 ἆγιον
1464 4642 1617 4713 ποιρά
1650 4644 1831 4711 πάσης

235 4739 338 4806 τῆς
367 4739 623 4803 κτίσεως,
651 4736 728 4801 ὡς
761 4736 856 4790 καὶ
886 4734 976 4790 τὸν
1016 4735 1135 4790 Υίδν
1171 4734 1386 4790 καὶτὸν
1419 4736 1663 4805 Πατέρα.
1696 4736 1827 4788 ἀνά-

237 4832 381 4901 θεμα
410 4832 571 4886 ¹ἔστω.
600 4830 668 4884 Εἴ
691 4846 776 4894 τις
805 4830 935 4900 περὶ
964 4828 1059 4882 τοῦ
1078 4826 1296 4899 Πατρδς
1320 4827 1534 4881 καὶτοῦ
1572 4827 1704 4881 Υίοῦ
1732 4845 1831 4882 κα·

236 4923 348 4986 λῖδς
375 4925 642 4995 φρονήσῃ,
685 4922 815 4992 περ)⁸
842 4922 898 4975 δὲ
928 4920 1023 4974 τοῦ
1053 4918 1213 4990 άγῖου
1253 4918 1576 4990 Πνεύιματος
1610 4918 1711 4971 οὐκ
1741 4919 1831 4989 δρ-

190 5050 196 5055 -
239 5016 348 5078 θῶς
381 5016 530 5085 ἔχει,
567 5015 848 5085 αἱρετικός
883 5015 997 5068 ἐστι
1023 5030 1037 5046 ο
1068 5013 1151 5067 ὅτι
1203 5012 1404 5075 πάντες
1456 5012 1506 5064 οἴ
1538 5011 1828 5083 αίρετικοὶ,

241 5109 371 5179 περὶ
395 5108 488 5163 τοῦ
517 5108 649 5161 Υῑοῦ
685 5108 780 5161 τοῦ
798 5105 934 5159 Θεοῦ
966 5105 1060 5160 καὶ
1088 5103 1222 5178 περὶ
1247 5103 1343 5159 τοῦ
1376 5104 1537 5172 ἀγέου
1574 5101 1832 5173 Πνεῦμα-

238 5218 328 5264 τος
360 5200 539 5263 κακῶς
575 5192 925 5270 φρονοῦντες,
957 5198 1013 5250 ὲν
1049 5197 1114 5268 τῇ
1167 5195 1276 5249 τῶν
1314 5194 1581 5248 Ἰουδαίων
1630 5194 1830 5265 καὶλτῇ

238 5295 348 5347 τῶν
380 5292 607 5346 ἐθνικῶν
665 5290 897 5363 ἀπιστίᾳ
932 5290 1226 5360 τυγχάνειν
1264 5287 1600 5359 ἐλέγχονται.
1655 5286 1724 5342 Εἴ
1747 5305 1831 5352 τις

241 5385 295 5438 δὲ
329 5386 528 5458 μερίσῃ
569 5382 822 5451 θεότητα,
846 5382 983 5434 θεὸν
1014 5381 1106 5433 τὸν
1138 5378 1359 5449 Πατέρα
1389 5378 1564 5447 λέγων
1597 5379 1702 5434 ἀνά
1738 5381 1834 5451 μέ·

248 5494 359 5547 ρος,
399 5477 494 5529 καὶ
543 5475 679 5528 Θεὸν
732 5472 823 5526 τὸν
873 5472 1022 5533 Υἱὸν.
1077 5472 1175 5525 καὶ
1227 5470 1362 5524 Θεὸν
1388 5469 1450 5531 το
1487 5469 1713 5542 Πνεῦμα
1773 5472 1833 5525 τδ

245 5572 417 5637 ᾰγιον,
467 5566 944 5639 διισχυριζόμενος
999 5568 1149 5634 τρεῖς
1207 5563 1375 5627 Θεοῦς
1423 5563 1705 5632 λέγεσθαι,
1736 5569 1833 5618 καὶ

244 5665 363 5733 οὐχὶ
408 5662 539 5735 μίαν
587 5660 819 5730 θεότητα
853 5661 912 5712 έν
945 5660 1127 5728 τρισὶν
1162 5658 1518 5721 ὑποστάσεσι,
1571 5658 1665 5710 καὶ
1701 5659 1853 5728 μίαν

315 5845 386 5916 (2)
418 5842 680 5911 Qumtlam
712 5839 1046 5908 exemplaria
1084 5855 1192 5897 non
1224 5839 1451 5905 habent,
1484 5847 1609 5893 (res.

1935 4639 2121 4693 omnia
2163 4649 2443 4711 creantes,
2472 4645 2655 4697 omnia
2711 4652 3019 4711 servantes,
3078 4647 3370 4704 anathema
3425 4651 3516 4705 sit.

1932 4731 2100 4803 258
2128 4732 2184 4787 Si
2221 4736 2347 4804 quis
2395 4753 2506 4791 non
2533 4738 2680 4793 dicat
2706 4738 2973 4807 Spirituui
3007 4751 3258 4796 sant-tum
3296 4743 3525 4811 perinde

1933 4834 2101 4897 atque
2126 4826 2325 4883 Filium
2350 4838 2405 4885 et
2452 4831 2673 4888 Patrem
2699 4834 2769 4890 ab
2799 4834 2951 4889 omni
3000 4846 3255 4890 creatura
3286 4835 3524 4892 adoran-

1934 4915 2065 4971 dunt
2102 4933 2248 4981 esse,
2277 4922 2573 4978 anathema
2616 4927 2708 4981 sit.
2737 4926 2790 4979 Si
2831 4926 2956 4996 quis
2987 4926 3056 4982 de
3106 4927 3266 4981 Patre
3296 4936 3352 4982 et
3385 4928 3525 4983 Filio

1944 5016 2095 5064 recte
2128 5014 2356 5078 sentiat,
2383 5014 2451 5070 de
2482 5014 2690 5086 Spiritu
2717 5032 2846 5071 vero
2882 5027 3076 5073 saneto
3131 5018 3521 5085 hallucinetur,

1937 5102 2235 5159 haereticus
2268 5115 2373 5161 est.
2406 5107 2675 5175 Quoniam
2706 5123 2898 5165 omnes
2923 5110 3235 5175 haereticos,
3277 5109 3347 5164 de
3387 5110 3527 5167 Filio

1938 5193 2055 5257 Dei,
2091 5205 2149 5252 et
2184 5198 2250 5252 de
2276 5197 2489 5268 Spiritu
2527 5210 2720 5257 sancto
2742 5217 3032 5271 perperam
3083 5203 3414 5269 sentientes,
3471 5203 3527 5258 iu

1934 5284 2248 5344 Judaaorum
2266 5291 2687 5348 etethnicorum
2712 5293 3034 5350 infidelitate
3062 5295 3270 5350 hatrere
3291 5306 3527 5355 constat.

1937 5377 1993 5434 Si
2017 5379 2505 5450 quisdivinitatem
2559 5385 2800 5450 dividat,
2857 5388 3142 5457 sigillatitn
3207 5388 3382 5444 Deum
3432 5389 3532 5443 Pa-

1938 5480 2076 5527 trem
2118 5473 2332 5537 dieens.
2376 5485 2431 5532 et
2465 5478 2635 5533 Deum
2687 5481 2903 5547 Filittm,
2936 5492 2993 5538 et
3024 5482 3195 5538 Deum
3262 5482 3531 5555 Spiritum

1933 5579 2205 5637 sanetum,
2236 5583 2291 5627 et
2318 5574 2615 5630 contendat
2644 5578 2845 5649 tres(l)
2877 5578 3010 5635 deos
3032 5578 3299 5635 dicendos
3317 5585 3535 5644 csse,et

1933 5678 2043 5719 non
2078 5680 2247 5721 unum
2272 5666 2442 5724 Deum
2472 5679 2700 5742 propter
2719 5687 2878 5727 unam
2900 5671 3248 5728 divinitatem
3275 5673 3326 5727 in
3356 5670 3536 5727 tribus
