  <div class='ocr_page' id='page_1' title='image "/cluster/home/n/w/nwhite01/storage/ocr_20150623/146/hvd.32044019208347/414.png"; bbox 0 0 3918 6544; ppageno 0'>
   <div class='ocr_carea' id='block_1_1' title="bbox 315 278 423 345">
    <p class='ocr_par' dir='ltr' id='par_1_1' title="bbox 315 278 423 345">
     <span class='ocr_line' id='line_1_1' title="bbox 315 278 423 345; baseline -0.009 0"><span class='ocrx_word' id='word_1_1' title='bbox 315 278 423 345; x_wconf 84' lang='grc'><strong>813</strong></span> 
     </span>
    </p>
   </div>
   <div class='ocr_carea' id='block_1_2' title="bbox 1235 254 2625 347">
    <p class='ocr_par' dir='ltr' id='par_1_2' title="bbox 1235 254 2625 347">
     <span class='ocr_line' id='line_1_2' title="bbox 1235 254 2625 347; baseline -0.004 -3"><span class='ocrx_word' id='word_1_2' title='bbox 1235 285 1835 347; x_wconf 51' lang='grc' dir='ltr'>Εαιῖεεειίιδτιοίιῑ</span> <span class='ocrx_word' id='word_1_3' title='bbox 1872 264 2257 346; x_wconf 71' lang='lat' dir='ltr'><strong>HISTORIAS</strong></span> <span class='ocrx_word' id='word_1_4' title='bbox 2300 281 2445 344; x_wconf 83' lang='lat' dir='ltr'><strong>LIB.</strong></span> <span class='ocrx_word' id='word_1_5' title='bbox 2485 254 2625 340; x_wconf 72' lang='lat' dir='ltr'><strong>XII.</strong></span> 
     </span>
    </p>
   </div>
   <div class='ocr_carea' id='block_1_3' title="bbox 3445 269 3548 331">
    <p class='ocr_par' dir='ltr' id='par_1_3' title="bbox 3445 269 3548 331">
     <span class='ocr_line' id='line_1_3' title="bbox 3445 269 3548 331; baseline -0.019 0"><span class='ocrx_word' id='word_1_6' title='bbox 3445 269 3548 331; x_wconf 71' lang='lat' dir='ltr'>8H</span> 
     </span>
    </p>
   </div>
   <div class='ocr_carea' id='block_1_4' title="bbox 286 390 1888 470">
    <p class='ocr_par' dir='ltr' id='par_1_4' title="bbox 286 394 1867 470">
     <span class='ocr_line' id='line_1_4' title="bbox 286 394 1867 470; baseline 0.003 -23"><span class='ocrx_word' id='word_1_7' title='bbox 286 396 552 464; x_wconf 79' lang='grc' dir='ltr'>λωκότες,</span> <span class='ocrx_word' id='word_1_8' title='bbox 573 394 819 465; x_wconf 60' lang='grc' dir='ltr'><strong>ἀιιάγκης</strong></span> <span class='ocrx_word' id='word_1_9' title='bbox 837 396 1213 467; x_wconf 75' lang='grc' dir='ltr'>ἐπικειμένης,</span> <span class='ocrx_word' id='word_1_10' title='bbox 1250 399 1399 451; x_wconf 71' lang='grc' dir='ltr'>ἀλεῖν</span> <span class='ocrx_word' id='word_1_11' title='bbox 1426 399 1511 453; x_wconf 84' lang='grc' dir='ltr'>διὰ</span> <span class='ocrx_word' id='word_1_12' title='bbox 1543 400 1659 470; x_wconf 76' lang='grc' dir='ltr'>βίου</span> <span class='ocrx_word' id='word_1_13' title='bbox 1687 400 1867 452; x_wconf 73' lang='grc' dir='ltr'>κατεί-</span> 
     </span>
    </p>
   </div>
   <div class='ocr_carea' id='block_1_5' title="bbox 1993 390 3547 470">
    <p class='ocr_par' dir='ltr' id='par_1_5' title="bbox 1993 390 3547 463">
     <span class='ocr_line' id='line_1_5' title="bbox 1993 390 3547 463; baseline -0.008 -11"><span class='ocrx_word' id='word_1_14' title='bbox 1993 396 2277 453; x_wconf 72' lang='grc' dir='ltr'>ιοσίιίεὶιιιι.</span> <span class='ocrx_word' id='word_1_15' title='bbox 2320 395 2423 463; x_wconf 86' lang='lat' dir='ltr'><strong>Qui</strong></span> <span class='ocrx_word' id='word_1_16' title='bbox 2473 394 2675 450; x_wconf 88' lang='lat' dir='ltr'><strong>deinde</strong></span> <span class='ocrx_word' id='word_1_17' title='bbox 2725 392 2791 448; x_wconf 91' lang='lat' dir='ltr'><strong>ad</strong></span> <span class='ocrx_word' id='word_1_18' title='bbox 2840 407 2966 449; x_wconf 89' lang='lat' dir='ltr'><strong>eum</strong></span> <span class='ocrx_word' id='word_1_19' title='bbox 3021 391 3241 448; x_wconf 90' lang='lat' dir='ltr'><strong>modum</strong></span> <span class='ocrx_word' id='word_1_20' title='bbox 3291 390 3459 461; x_wconf 80' lang='lat' dir='ltr'><strong>capti,</strong></span> <span class='ocrx_word' id='word_1_21' title='bbox 3495 401 3547 444; x_wconf 85' lang='lat' dir='ltr'><strong>et</strong></span> 
     </span>
    </p>
   </div>
   <div class='ocr_carea' id='block_1_6' title="bbox 286 488 1863 561">
    <p class='ocr_par' dir='ltr' id='par_1_6' title="bbox 286 488 1863 561">
     <span class='ocr_line' id='line_1_6' title="bbox 286 488 1863 561; baseline 0.001 -19"><span class='ocrx_word' id='word_1_22' title='bbox 286 492 476 560; x_wconf 76' lang='grc' dir='ltr'>κοντο,</span> <span class='ocrx_word' id='word_1_23' title='bbox 515 488 591 559; x_wconf 79' lang='grc' dir='ltr'><strong>μὴ</strong></span> <span class='ocrx_word' id='word_1_24' title='bbox 618 489 716 559; x_wconf 73' lang='grc' dir='ltr'>τὴν</span> <span class='ocrx_word' id='word_1_25' title='bbox 746 490 958 542; x_wconf 80' lang='grc' dir='ltr'>ἐκεῖθεν</span> <span class='ocrx_word' id='word_1_26' title='bbox 988 490 1142 543; x_wconf 78' lang='grc' dir='ltr'>λύσιν</span> <span class='ocrx_word' id='word_1_27' title='bbox 1172 489 1351 553; x_wconf 82' lang='grc' dir='ltr'>ποσῶς</span> <span class='ocrx_word' id='word_1_28' title='bbox 1388 491 1831 561; x_wconf 82' lang='grc' dir='ltr'>συγχωρούμενοι</span> <span class='ocrx_word' id='word_1_29' title='bbox 1852 509 1863 521; x_wconf 89' lang='grc'><strong>·</strong></span> 
     </span>
    </p>
   </div>
   <div class='ocr_carea' id='block_1_7' title="bbox 284 572 1870 651">
    <p class='ocr_par' dir='ltr' id='par_1_7' title="bbox 284 572 1870 651">
     <span class='ocr_line' id='line_1_7' title="bbox 284 572 1870 651; baseline -0.001 -17"><span class='ocrx_word' id='word_1_30' title='bbox 284 581 368 645; x_wconf 83' lang='grc' dir='ltr'>ὡς</span> <span class='ocrx_word' id='word_1_31' title='bbox 400 581 497 634; x_wconf 69' lang='grc' dir='ltr'>καὶ</span> <span class='ocrx_word' id='word_1_32' title='bbox 537 585 651 643; x_wconf 84' lang='grc' dir='ltr'>τοῖς</span> <span class='ocrx_word' id='word_1_33' title='bbox 683 581 905 643; x_wconf 76' lang='grc' dir='ltr'>οἰκείοις</span> <span class='ocrx_word' id='word_1_34' title='bbox 947 581 1325 651; x_wconf 73' lang='grc' dir='ltr'><strong>παρεσχῆσθαι</strong></span> <span class='ocrx_word' id='word_1_35' title='bbox 1367 572 1545 648; x_wconf 61' lang='grc' dir='ltr'>δόξαν,</span> <span class='ocrx_word' id='word_1_36' title='bbox 1577 582 1658 635; x_wconf 83' lang='grc' dir='ltr'>ὅτι</span> <span class='ocrx_word' id='word_1_37' title='bbox 1702 582 1870 634; x_wconf 84' lang='grc' dir='ltr'>πάλαι</span> 
     </span>
    </p>
   </div>
   <div class='ocr_carea' id='block_1_8' title="bbox 284 671 1871 745">
    <p class='ocr_par' dir='ltr' id='par_1_8' title="bbox 284 671 1871 745">
     <span class='ocr_line' id='line_1_8' title="bbox 284 671 1871 745; baseline 0 -21"><span class='ocrx_word' id='word_1_38' title='bbox 284 671 587 743; x_wconf 74' lang='grc' dir='ltr'><strong>τεθνήκασι</strong></span> <span class='ocrx_word' id='word_1_39' title='bbox 622 672 795 744; x_wconf 80' lang='grc' dir='ltr'>ταύτῃ</span> <span class='ocrx_word' id='word_1_40' title='bbox 849 675 916 744; x_wconf 84' lang='grc' dir='ltr'>τῇ</span> <span class='ocrx_word' id='word_1_41' title='bbox 966 674 1135 745; x_wconf 73' lang='grc' dir='ltr'>ἄγρα.</span> <span class='ocrx_word' id='word_1_42' title='bbox 1183 674 1290 726; x_wconf 89' lang='grc' dir='ltr'><strong>Καί</strong></span> <span class='ocrx_word' id='word_1_43' title='bbox 1331 691 1412 736; x_wconf 86' lang='grc' dir='ltr'>τις</span> <span class='ocrx_word' id='word_1_44' title='bbox 1462 674 1572 726; x_wconf 81' lang='grc' dir='ltr'><strong>τῶν</strong></span> <span class='ocrx_word' id='word_1_45' title='bbox 1604 674 1871 743; x_wconf 83' lang='grc' dir='ltr'>Θεοδοσίῳ</span> 
     </span>
    </p>
   </div>
   <div class='ocr_carea' id='block_1_9' title="bbox 288 763 1873 836">
    <p class='ocr_par' dir='ltr' id='par_1_9' title="bbox 288 763 1873 836">
     <span class='ocr_line' id='line_1_9' title="bbox 288 763 1873 836; baseline 0.001 -21"><span class='ocrx_word' id='word_1_46' title='bbox 288 766 783 836; x_wconf 78' lang='grc' dir='ltr'>στρατευσαμένων</span> <span class='ocrx_word' id='word_1_47' title='bbox 808 764 1086 821; x_wconf 85' lang='grc' dir='ltr'>ἐνέπεσεν.</span> <span class='ocrx_word' id='word_1_48' title='bbox 1107 763 1195 827; x_wconf 84' lang='grc' dir='ltr'>Ὠς</span> <span class='ocrx_word' id='word_1_49' title='bbox 1225 763 1269 816; x_wconf 78' lang='grc' dir='ltr'>δ’</span> <span class='ocrx_word' id='word_1_50' title='bbox 1304 765 1506 834; x_wconf 74' lang='grc' dir='ltr'>ἣκιστα</span> <span class='ocrx_word' id='word_1_51' title='bbox 1536 763 1711 832; x_wconf 81' lang='grc' dir='ltr'>τούτῳ</span> <span class='ocrx_word' id='word_1_52' title='bbox 1752 780 1873 816; x_wconf 82' lang='grc' dir='ltr'>συν-</span> 
     </span>
    </p>
   </div>
   <div class='ocr_carea' id='block_1_10' title="bbox 285 855 1875 929">
    <p class='ocr_par' dir='ltr' id='par_1_10' title="bbox 285 855 1875 929">
     <span class='ocr_line' id='line_1_10' title="bbox 285 855 1875 929; baseline -0.001 -20"><span class='ocrx_word' id='word_1_53' title='bbox 285 860 559 928; x_wconf 82' lang='grc' dir='ltr'>εχωρεῖτο</span> <span class='ocrx_word' id='word_1_54' title='bbox 582 859 615 927; x_wconf 86' lang='grc' dir='ltr'><strong>ἠ</strong></span> <span class='ocrx_word' id='word_1_55' title='bbox 662 857 862 921; x_wconf 77' lang='grc' dir='ltr'><strong>ἔξοδος,</strong></span> <span class='ocrx_word' id='word_1_56' title='bbox 894 857 1040 911; x_wconf 78' lang='grc' dir='ltr'>καθὰ</span> <span class='ocrx_word' id='word_1_57' title='bbox 1074 856 1138 929; x_wconf 71' lang='grc' dir='ltr'>δὴ</span> <span class='ocrx_word' id='word_1_58' title='bbox 1170 857 1236 910; x_wconf 85' lang='grc' dir='ltr'>τὰ</span> <span class='ocrx_word' id='word_1_59' title='bbox 1267 859 1361 910; x_wconf 60' lang='grc' dir='ltr'>καὶ</span> <span class='ocrx_word' id='word_1_60' title='bbox 1396 857 1511 920; x_wconf 62' lang='grc' dir='ltr'><strong>⁸ιξοῖς</strong></span> <span class='ocrx_word' id='word_1_61' title='bbox 1544 858 1774 921; x_wconf 71' lang='grc' dir='ltr'>λοιποῖς,</span> <span class='ocrx_word' id='word_1_62' title='bbox 1816 855 1875 908; x_wconf 70' lang='grc' dir='ltr'><strong>τὸ</strong></span> 
     </span>
    </p>
   </div>
   <div class='ocr_carea' id='block_1_11' title="bbox 285 935 1871 1020">
    <p class='ocr_par' dir='ltr' id='par_1_11' title="bbox 285 935 1871 1020">
     <span class='ocr_line' id='line_1_11' title="bbox 285 935 1871 1020; baseline 0.001 -20"><span class='ocrx_word' id='word_1_63' title='bbox 285 954 449 1020; x_wconf 80' lang='grc' dir='ltr'>παρὰ</span> <span class='ocrx_word' id='word_1_64' title='bbox 500 948 611 1001; x_wconf 83' lang='grc' dir='ltr'><strong>τῶν</strong></span> <span class='ocrx_word' id='word_1_65' title='bbox 668 948 862 1020; x_wconf 80' lang='grc' dir='ltr'>μηρῶν</span> <span class='ocrx_word' id='word_1_66' title='bbox 919 950 1240 1020; x_wconf 75' lang='grc' dir='ltr'>ᾐωρημένον</span> <span class='ocrx_word' id='word_1_67' title='bbox 1294 935 1449 1019; x_wconf 77' lang='grc' dir='ltr'>ξίφος</span> <span class='ocrx_word' id='word_1_68' title='bbox 1500 949 1871 1018; x_wconf 73' lang='grc' dir='ltr'>σπασάμενος,</span> 
     </span>
    </p>
   </div>
   <div class='ocr_carea' id='block_1_12' title="bbox 283 1040 1875 1113">
    <p class='ocr_par' dir='ltr' id='par_1_12' title="bbox 283 1040 1875 1113">
     <span class='ocr_line' id='line_1_12' title="bbox 283 1040 1875 1113; baseline 0.001 -19"><span class='ocrx_word' id='word_1_69' title='bbox 283 1044 421 1104; x_wconf 79' lang='grc' dir='ltr'>τοὺς</span> <span class='ocrx_word' id='word_1_70' title='bbox 459 1040 757 1111; x_wconf 73' lang='grc' dir='ltr'>ἐπέχοντας</span> <span class='ocrx_word' id='word_1_71' title='bbox 789 1042 1136 1113; x_wconf 74' lang='grc' dir='ltr'><strong>διεχρήσατο.</strong></span> <span class='ocrx_word' id='word_1_72' title='bbox 1168 1044 1229 1095; x_wconf 85' lang='grc' dir='ltr'>Οί</span> <span class='ocrx_word' id='word_1_73' title='bbox 1258 1042 1302 1096; x_wconf 79' lang='grc' dir='ltr'>δ’</span> <span class='ocrx_word' id='word_1_74' title='bbox 1336 1043 1506 1106; x_wconf 82' lang='grc' dir='ltr'>ἄλλοι,</span> <span class='ocrx_word' id='word_1_75' title='bbox 1539 1043 1647 1095; x_wconf 79' lang='grc' dir='ltr'>δέει</span> <span class='ocrx_word' id='word_1_76' title='bbox 1676 1041 1771 1095; x_wconf 81' lang='grc' dir='ltr'>τοῦ</span> <span class='ocrx_word' id='word_1_77' title='bbox 1800 1041 1875 1110; x_wconf 82' lang='grc' dir='ltr'>μὴ</span> 
     </span>
    </p>
   </div>
   <div class='ocr_carea' id='block_1_13' title="bbox 281 1130 1876 1206">
    <p class='ocr_par' dir='ltr' id='par_1_13' title="bbox 281 1130 1876 1206">
     <span class='ocr_line' id='line_1_13' title="bbox 281 1130 1876 1206; baseline -0.001 -20"><span class='ocrx_word' id='word_1_78' title='bbox 281 1134 355 1187; x_wconf 70' lang='grc' dir='ltr'><strong>τὰ</strong></span> <span class='ocrx_word' id='word_1_79' title='bbox 409 1133 752 1196; x_wconf 75' lang='grc' dir='ltr'>ἴσα-παθεῖν,</span> <span class='ocrx_word' id='word_1_80' title='bbox 791 1130 1136 1205; x_wconf 55' lang='grc' dir='ltr'>συνεχώρουν</span> <span class='ocrx_word' id='word_1_81' title='bbox 1181 1135 1377 1206; x_wconf 84' lang='grc' dir='ltr'>ἐκείνῳ</span> <span class='ocrx_word' id='word_1_82' title='bbox 1425 1136 1525 1204; x_wconf 81' lang='grc' dir='ltr'>τὴν</span> <span class='ocrx_word' id='word_1_83' title='bbox 1558 1134 1760 1199; x_wconf 76' lang='grc' dir='ltr'>ἔξοδον.</span> <span class='ocrx_word' id='word_1_84' title='bbox 1810 1136 1876 1185; x_wconf 76' lang='grc' dir='ltr'><strong>Ἃ</strong></span> 
     </span>
    </p>
   </div>
   <div class='ocr_carea' id='block_1_14' title="bbox 280 1221 1873 1297">
    <p class='ocr_par' dir='ltr' id='par_1_14' title="bbox 280 1221 1873 1297">
     <span class='ocr_line' id='line_1_14' title="bbox 280 1221 1873 1297; baseline -0.001 -16"><span class='ocrx_word' id='word_1_85' title='bbox 280 1226 434 1295; x_wconf 83' lang='grc' dir='ltr'>δῆτα</span> <span class='ocrx_word' id='word_1_86' title='bbox 489 1221 679 1296; x_wconf 77' lang='grc' dir='ltr'>μαθὼν</span> <span class='ocrx_word' id='word_1_87' title='bbox 725 1228 1032 1291; x_wconf 80' lang='grc' dir='ltr'><strong>Θεοδόσιος,</strong></span> <span class='ocrx_word' id='word_1_88' title='bbox 1063 1229 1188 1289; x_wconf 80' lang='grc' dir='ltr'>τοὺς</span> <span class='ocrx_word' id='word_1_89' title='bbox 1242 1228 1340 1297; x_wconf 79' lang='grc' dir='ltr'><strong>μὲν</strong></span> <span class='ocrx_word' id='word_1_90' title='bbox 1391 1228 1611 1281; x_wconf 84' lang='grc' dir='ltr'>κολάσει</span> <span class='ocrx_word' id='word_1_91' title='bbox 1656 1227 1873 1296; x_wconf 71' lang='grc' dir='ltr'><strong>ὑπῆγε⁸</strong></span> 
     </span>
    </p>
   </div>
   <div class='ocr_carea' id='block_1_15' title="bbox 280 1319 1877 1395">
    <p class='ocr_par' dir='ltr' id='par_1_15' title="bbox 280 1319 1877 1395">
     <span class='ocr_line' id='line_1_15' title="bbox 280 1319 1877 1395; baseline -0.001 -25"><span class='ocrx_word' id='word_1_92' title='bbox 280 1320 423 1383; x_wconf 73' lang='grc' dir='ltr'>τοὺς</span> <span class='ocrx_word' id='word_1_93' title='bbox 450 1320 511 1372; x_wconf 79' lang='grc' dir='ltr'>δὲ</span> <span class='ocrx_word' id='word_1_94' title='bbox 551 1319 879 1395; x_wconf 75' lang='grc' dir='ltr'>λῃστρικοὺς</span> <span class='ocrx_word' id='word_1_95' title='bbox 910 1319 1152 1375; x_wconf 73' lang='grc' dir='ltr'>ἐκείνους</span> <span class='ocrx_word' id='word_1_96' title='bbox 1192 1319 1377 1384; x_wconf 84' lang='grc' dir='ltr'>οίκους</span> <span class='ocrx_word' id='word_1_97' title='bbox 1420 1320 1515 1372; x_wconf 71' lang='grc' dir='ltr'>καὶ</span> <span class='ocrx_word' id='word_1_98' title='bbox 1546 1319 1613 1374; x_wconf 74' lang='grc' dir='ltr'>τὰ</span> <span class='ocrx_word' id='word_1_99' title='bbox 1651 1321 1877 1389; x_wconf 86' lang='grc' dir='ltr'>πορνεῖα</span> 
     </span>
    </p>
   </div>
   <div class='ocr_carea' id='block_1_16' title="bbox 281 1404 1882 1485">
    <p class='ocr_par' dir='ltr' id='par_1_16' title="bbox 281 1404 1882 1485">
     <span class='ocr_line' id='line_1_16' title="bbox 281 1404 1882 1485; baseline -0.002 -17"><span class='ocrx_word' id='word_1_100' title='bbox 281 1416 352 1468; x_wconf 80' lang='grc' dir='ltr'><strong>ἐκ</strong></span> <span class='ocrx_word' id='word_1_101' title='bbox 396 1412 616 1485; x_wconf 75' lang='grc' dir='ltr'>βάθρων</span> <span class='ocrx_word' id='word_1_102' title='bbox 669 1412 959 1485; x_wconf 82' lang='grc' dir='ltr'>ἁνέτρεπε.</span> <span class='ocrx_word' id='word_1_103' title='bbox 1005 1414 1222 1483; x_wconf 78' lang='grc' dir='ltr'><strong>Ταύτην</strong></span> <span class='ocrx_word' id='word_1_104' title='bbox 1277 1413 1409 1483; x_wconf 80' lang='grc' dir='ltr'>μίαν</span> <span class='ocrx_word' id='word_1_105' title='bbox 1467 1411 1731 1481; x_wconf 74' lang='grc' dir='ltr'><strong>αἰσχύνην</strong></span> <span class='ocrx_word' id='word_1_106' title='bbox 1779 1404 1882 1480; x_wconf 67' lang='grc' dir='ltr'>τῆς</span> 
     </span>
    </p>
   </div>
   <div class='ocr_carea' id='block_1_17' title="bbox 283 1505 1879 1577">
    <p class='ocr_par' dir='ltr' id='par_1_17' title="bbox 283 1505 1879 1577">
     <span class='ocr_line' id='line_1_17' title="bbox 283 1505 1879 1577; baseline -0.001 -18"><span class='ocrx_word' id='word_1_107' title='bbox 283 1505 697 1577; x_wconf 74' lang='grc' dir='ltr'><strong>βασιλευούσης</strong></span> <span class='ocrx_word' id='word_1_108' title='bbox 746 1507 855 1560; x_wconf 81' lang='grc' dir='ltr'><strong>τῶν</strong></span> <span class='ocrx_word' id='word_1_109' title='bbox 904 1507 1113 1559; x_wconf 73' lang='grc' dir='ltr'>πόλεων</span> <span class='ocrx_word' id='word_1_110' title='bbox 1173 1506 1449 1577; x_wconf 81' lang='grc' dir='ltr'><strong>περιεῖλεν</strong></span> <span class='ocrx_word' id='word_1_111' title='bbox 1488 1507 1516 1558; x_wconf 86' lang='grc' dir='ltr'>ὁ</span> <span class='ocrx_word' id='word_1_112' title='bbox 1553 1505 1834 1567; x_wconf 74' lang='grc' dir='ltr'><strong>Θεοδόσιος</strong></span> <span class='ocrx_word' id='word_1_113' title='bbox 1864 1519 1879 1535; x_wconf 75' lang='grc'><strong>⁸</strong></span> 
     </span>
    </p>
   </div>
   <div class='ocr_carea' id='block_1_18' title="bbox 283 1595 1880 1669">
    <p class='ocr_par' dir='ltr' id='par_1_18' title="bbox 283 1595 1880 1669">
     <span class='ocr_line' id='line_1_18' title="bbox 283 1595 1880 1669; baseline 0.001 -20"><span class='ocrx_word' id='word_1_114' title='bbox 283 1598 493 1667; x_wconf 81' lang='grc' dir='ltr'>ἐτὲραν</span> <span class='ocrx_word' id='word_1_115' title='bbox 513 1598 569 1651; x_wconf 84' lang='grc' dir='ltr'><strong>δέ</strong></span> <span class='ocrx_word' id='word_1_116' title='bbox 588 1598 743 1668; x_wconf 82' lang='grc' dir='ltr'>τήνδε</span> <span class='ocrx_word' id='word_1_117' title='bbox 766 1615 779 1628; x_wconf 74' lang='grc' dir='ltr'><strong><em>ο</em></strong></span> <span class='ocrx_word' id='word_1_118' title='bbox 813 1597 881 1650; x_wconf 85' lang='lat' dir='ltr'><strong>El&#39;</strong></span> <span class='ocrx_word' id='word_1_119' title='bbox 907 1616 1034 1651; x_wconf 88' lang='grc' dir='ltr'>ποτε</span> <span class='ocrx_word' id='word_1_120' title='bbox 1057 1599 1302 1669; x_wconf 73' lang='grc' dir='ltr'>μοιχείας</span> <span class='ocrx_word' id='word_1_121' title='bbox 1337 1599 1499 1652; x_wconf 77' lang='grc' dir='ltr'>πάθει</span> <span class='ocrx_word' id='word_1_122' title='bbox 1521 1595 1659 1669; x_wconf 82' lang='grc' dir='ltr'>γυνὴ</span> <span class='ocrx_word' id='word_1_123' title='bbox 1678 1597 1880 1650; x_wconf 84' lang='grc' dir='ltr'>ἁλοῦσα</span> 
     </span>
    </p>
   </div>
   <div class='ocr_carea' id='block_1_19' title="bbox 280 1676 1878 1762">
    <p class='ocr_par' dir='ltr' id='par_1_19' title="bbox 280 1676 1878 1762">
     <span class='ocr_line' id='line_1_19' title="bbox 280 1676 1878 1762; baseline 0 -21"><span class='ocrx_word' id='word_1_124' title='bbox 280 1689 515 1759; x_wconf 71' lang='grc' dir='ltr'>ἔτυχεν,</span> <span class='ocrx_word' id='word_1_125' title='bbox 546 1691 646 1742; x_wconf 85' lang='grc' dir='ltr'><strong>οὐκ</strong></span> <span class='ocrx_word' id='word_1_126' title='bbox 677 1692 887 1761; x_wconf 79' lang='grc' dir='ltr'>ἐκκοπῇ</span> <span class='ocrx_word' id='word_1_127' title='bbox 930 1691 1027 1760; x_wconf 82' lang='grc' dir='ltr'><strong>τῆς</strong></span> <span class='ocrx_word' id='word_1_128' title='bbox 1059 1691 1391 1762; x_wconf 76' lang='grc' dir='ltr'>ἁμαρτάδος,</span> <span class='ocrx_word' id='word_1_129' title='bbox 1423 1676 1560 1744; x_wconf 82' lang='grc' dir='ltr'>ἀλλὰ</span> <span class='ocrx_word' id='word_1_130' title='bbox 1588 1689 1878 1762; x_wconf 75' lang='grc' dir='ltr'><strong>προσθήκῃ</strong></span> 
     </span>
    </p>
   </div>
   <div class='ocr_carea' id='block_1_20' title="bbox 1972 487 3548 557">
    <p class='ocr_par' dir='ltr' id='par_1_20' title="bbox 1972 487 3548 557">
     <span class='ocr_line' id='line_1_20' title="bbox 1972 487 3548 557; baseline -0.006 -11"><span class='ocrx_word' id='word_1_131' title='bbox 1972 490 2304 546; x_wconf 82' lang='lat' dir='ltr'><strong>necessitate</strong></span> <span class='ocrx_word' id='word_1_132' title='bbox 2340 488 2729 550; x_wconf 81' lang='lat' dir='ltr'><strong>circumventi,</strong></span> <span class='ocrx_word' id='word_1_133' title='bbox 2762 487 2968 542; x_wconf 82' lang='lat' dir='ltr'><strong>molere</strong></span> <span class='ocrx_word' id='word_1_134' title='bbox 2999 502 3097 557; x_wconf 88' lang='lat' dir='ltr'><strong>per</strong></span> <span class='ocrx_word' id='word_1_135' title='bbox 3127 487 3293 541; x_wconf 87' lang='lat' dir='ltr'><strong>vitam</strong></span> <span class='ocrx_word' id='word_1_136' title='bbox 3327 500 3548 541; x_wconf 87' lang='lat' dir='ltr'><strong>onmem</strong></span> 
     </span>
    </p>
   </div>
   <div class='ocr_carea' id='block_1_21' title="bbox 1972 562 3552 649">
    <p class='ocr_par' dir='ltr' id='par_1_21' title="bbox 1972 562 3552 649">
     <span class='ocr_line' id='line_1_21' title="bbox 1972 562 3552 649; baseline -0.004 -13"><span class='ocrx_word' id='word_1_137' title='bbox 1972 572 2335 645; x_wconf 71' lang='lat' dir='ltr'><strong>cogebantur,</strong></span> <span class='ocrx_word' id='word_1_138' title='bbox 2374 592 2549 649; x_wconf 79' lang='lat' dir='ltr'><strong>uSque</strong></span> <span class='ocrx_word' id='word_1_139' title='bbox 2600 577 2740 632; x_wconf 85' lang='lat' dir='ltr'><strong>adeo</strong></span> <span class='ocrx_word' id='word_1_140' title='bbox 2794 578 3051 634; x_wconf 81' lang='lat' dir='ltr'><strong>libertate</strong></span> <span class='ocrx_word' id='word_1_141' title='bbox 3102 588 3156 633; x_wconf 90' lang='lat' dir='ltr'><strong>et</strong></span> <span class='ocrx_word' id='word_1_142' title='bbox 3190 562 3377 647; x_wconf 85' lang='lat' dir='ltr'><strong>aliquo</strong></span> <span class='ocrx_word' id='word_1_143' title='bbox 3426 578 3552 630; x_wconf 86' lang='lat' dir='ltr'><strong>inde</strong></span> 
     </span>
    </p>
   </div>
   <div class='ocr_carea' id='block_1_22' title="bbox 1978 668 3550 744">
    <p class='ocr_par' dir='ltr' id='par_1_22' title="bbox 1978 668 3550 744">
     <span class='ocr_line' id='line_1_22' title="bbox 1978 668 3550 744; baseline -0.001 -20"><span class='ocrx_word' id='word_1_144' title='bbox 1978 674 2154 728; x_wconf 88' lang='lat' dir='ltr'><strong>reditu</strong></span> <span class='ocrx_word' id='word_1_145' title='bbox 2210 684 2429 744; x_wconf 72' lang='lat' dir='ltr'><strong>negato,</strong></span> <span class='ocrx_word' id='word_1_146' title='bbox 2463 681 2526 727; x_wconf 93' lang='lat' dir='ltr'><strong>ut</strong></span> <span class='ocrx_word' id='word_1_147' title='bbox 2571 672 2870 727; x_wconf 88' lang='lat' dir='ltr'><strong>necessarii</strong></span> <span class='ocrx_word' id='word_1_148' title='bbox 2912 681 2967 726; x_wconf 87' lang='lat' dir='ltr'><strong>et</strong></span> <span class='ocrx_word' id='word_1_149' title='bbox 3013 668 3309 741; x_wconf 85' lang='lat' dir='ltr'><strong>propinqui</strong></span> <span class='ocrx_word' id='word_1_150' title='bbox 3356 678 3550 726; x_wconf 86' lang='lat' dir='ltr'><strong>eorum</strong></span> 
     </span>
    </p>
   </div>
   <div class='ocr_carea' id='block_1_23' title="bbox 1973 763 3550 840">
    <p class='ocr_par' dir='ltr' id='par_1_23' title="bbox 1973 763 3550 840">
     <span class='ocr_line' id='line_1_23' title="bbox 1973 763 3550 840; baseline 0.001 -24"><span class='ocrx_word' id='word_1_151' title='bbox 1973 764 2295 833; x_wconf 83' lang='lat' dir='ltr'><strong>jamdudum</strong></span> <span class='ocrx_word' id='word_1_152' title='bbox 2349 779 2449 820; x_wconf 81' lang='lat' dir='ltr'><strong>cos</strong></span> <span class='ocrx_word' id='word_1_153' title='bbox 2498 763 2626 818; x_wconf 82' lang='lat' dir='ltr'><strong>fatis</strong></span> <span class='ocrx_word' id='word_1_154' title='bbox 2678 764 3018 819; x_wconf 82' lang='lat' dir='ltr'><strong>concessisse</strong></span> <span class='ocrx_word' id='word_1_155' title='bbox 3066 764 3446 840; x_wconf 85' lang='lat' dir='ltr'><strong>epinarcutur.</strong></span> <span class='ocrx_word' id='word_1_156' title='bbox 3491 764 3550 820; x_wconf 87' lang='lat' dir='ltr'><strong>In</strong></span> 
     </span>
    </p>
   </div>
   <div class='ocr_carea' id='block_1_24' title="bbox 1979 855 3556 926">
    <p class='ocr_par' dir='ltr' id='par_1_24' title="bbox 1979 855 3556 926">
     <span class='ocr_line' id='line_1_24' title="bbox 1979 855 3556 926; baseline 0.004 -19"><span class='ocrx_word' id='word_1_157' title='bbox 1979 855 2118 909; x_wconf 86' lang='lat' dir='ltr'><strong>hanc</strong></span> <span class='ocrx_word' id='word_1_158' title='bbox 2174 855 2485 926; x_wconf 88' lang='lat' dir='ltr'><strong>decipulam</strong></span> <span class='ocrx_word' id='word_1_159' title='bbox 2541 855 2764 925; x_wconf 89' lang='lat' dir='ltr'><strong>quidam</strong></span> <span class='ocrx_word' id='word_1_160' title='bbox 2818 855 2985 912; x_wconf 89' lang='lat' dir='ltr'><strong>etiam</strong></span> <span class='ocrx_word' id='word_1_161' title='bbox 3039 855 3340 912; x_wconf 84' lang='lat' dir='ltr'><strong>Theodosii</strong></span> <span class='ocrx_word' id='word_1_162' title='bbox 3396 858 3556 914; x_wconf 90' lang='lat' dir='ltr'><strong>miles</strong></span> 
     </span>
    </p>
   </div>
   <div class='ocr_carea' id='block_1_25' title="bbox 1979 946 3556 1023">
    <p class='ocr_par' dir='ltr' id='par_1_25' title="bbox 1979 946 3556 1023">
     <span class='ocr_line' id='line_1_25' title="bbox 1979 946 3556 1023; baseline 0.001 -22"><span class='ocrx_word' id='word_1_163' title='bbox 1979 946 2200 1002; x_wconf 89' lang='lat' dir='ltr'><strong>incidit.</strong></span> <span class='ocrx_word' id='word_1_164' title='bbox 2234 948 2414 1016; x_wconf 80' lang='lat' dir='ltr'><strong>Atque</strong></span> <span class='ocrx_word' id='word_1_165' title='bbox 2449 948 2540 1002; x_wconf 91' lang='lat' dir='ltr'><strong>ubi</strong></span> <span class='ocrx_word' id='word_1_166' title='bbox 2590 948 2668 1002; x_wconf 92' lang='lat' dir='ltr'><strong>illi</strong></span> <span class='ocrx_word' id='word_1_167' title='bbox 2704 962 2945 1019; x_wconf 89' lang='lat' dir='ltr'><strong>quoque,</strong></span> <span class='ocrx_word' id='word_1_168' title='bbox 2980 948 3146 1023; x_wconf 85' lang='lat' dir='ltr'><strong>sicuti</strong></span> <span class='ocrx_word' id='word_1_169' title='bbox 3196 958 3252 1003; x_wconf 90' lang='lat' dir='ltr'><strong>et</strong></span> <span class='ocrx_word' id='word_1_170' title='bbox 3302 949 3556 1020; x_wconf 86' lang='lat' dir='ltr'><strong>reliquis,</strong></span> 
     </span>
    </p>
   </div>
   <div class='ocr_carea' id='block_1_26' title="bbox 1978 1038 3557 1112">
    <p class='ocr_par' dir='ltr' id='par_1_26' title="bbox 1978 1038 3557 1112">
     <span class='ocr_line' id='line_1_26' title="bbox 1978 1038 3557 1112; baseline 0.002 -19"><span class='ocrx_word' id='word_1_171' title='bbox 1978 1038 2131 1095; x_wconf 88' lang='lat' dir='ltr'><strong>abire</strong></span> <span class='ocrx_word' id='word_1_172' title='bbox 2181 1039 2309 1094; x_wconf 86' lang='lat' dir='ltr'><strong>inde</strong></span> <span class='ocrx_word' id='word_1_173' title='bbox 2364 1056 2475 1095; x_wconf 92' lang='lat' dir='ltr'><strong>non</strong></span> <span class='ocrx_word' id='word_1_174' title='bbox 2526 1041 2967 1110; x_wconf 81' lang='lat' dir='ltr'><strong>permitteretur,</strong></span> <span class='ocrx_word' id='word_1_175' title='bbox 3023 1041 3220 1096; x_wconf 90' lang='lat' dir='ltr'><strong>stricto</strong></span> <span class='ocrx_word' id='word_1_176' title='bbox 3274 1056 3438 1112; x_wconf 86' lang='lat' dir='ltr'><strong>quem</strong></span> <span class='ocrx_word' id='word_1_177' title='bbox 3491 1043 3557 1096; x_wconf 89' lang='lat' dir='ltr'><strong>ad</strong></span> 
     </span>
    </p>
   </div>
   <div class='ocr_carea' id='block_1_27' title="bbox 1981 1125 3561 1200">
    <p class='ocr_par' dir='ltr' id='par_1_27' title="bbox 1981 1125 3561 1200">
     <span class='ocr_line' id='line_1_27' title="bbox 1981 1125 3561 1200; baseline 0.005 -21"><span class='ocrx_word' id='word_1_178' title='bbox 1981 1125 2162 1181; x_wconf 81' lang='lat' dir='ltr'><strong>femur</strong></span> <span class='ocrx_word' id='word_1_179' title='bbox 2195 1143 2525 1198; x_wconf 87' lang='lat' dir='ltr'><strong>suspensum</strong></span> <span class='ocrx_word' id='word_1_180' title='bbox 2558 1126 2785 1200; x_wconf 77' lang='lat' dir='ltr'><strong>gerebat</strong></span> <span class='ocrx_word' id='word_1_181' title='bbox 2815 1144 2973 1194; x_wconf 87' lang='lat' dir='ltr'><strong>ense,</strong></span> <span class='ocrx_word' id='word_1_182' title='bbox 3009 1145 3107 1185; x_wconf 85' lang='lat' dir='ltr'><strong>eos</strong></span> <span class='ocrx_word' id='word_1_183' title='bbox 3137 1131 3232 1200; x_wconf 91' lang='lat' dir='ltr'><strong>qui</strong></span> <span class='ocrx_word' id='word_1_184' title='bbox 3262 1146 3320 1185; x_wconf 90' lang='lat' dir='ltr'><strong>se</strong></span> <span class='ocrx_word' id='word_1_185' title='bbox 3355 1132 3561 1187; x_wconf 83' lang='lat' dir='ltr'><strong>retine-</strong></span> 
     </span>
    </p>
   </div>
   <div class='ocr_carea' id='block_1_28' title="bbox 1982 1210 3559 1292">
    <p class='ocr_par' dir='ltr' id='par_1_28' title="bbox 1982 1210 3559 1292">
     <span class='ocr_line' id='line_1_28' title="bbox 1982 1210 3559 1292; baseline 0.005 -22"><span class='ocrx_word' id='word_1_186' title='bbox 1982 1217 2138 1284; x_wconf 83' lang='lat' dir='ltr'><strong>bant,</strong></span> <span class='ocrx_word' id='word_1_187' title='bbox 2169 1219 2470 1274; x_wconf 84' lang='lat' dir='ltr'><strong>interemit.</strong></span> <span class='ocrx_word' id='word_1_188' title='bbox 2503 1210 2571 1275; x_wconf 84' lang='lat' dir='ltr'><strong>Et</strong></span> <span class='ocrx_word' id='word_1_189' title='bbox 2601 1221 2719 1286; x_wconf 83' lang='lat' dir='ltr'><strong>alii,</strong></span> <span class='ocrx_word' id='word_1_190' title='bbox 2753 1237 2823 1277; x_wconf 90' lang='lat' dir='ltr'><strong>ne</strong></span> <span class='ocrx_word' id='word_1_191' title='bbox 2856 1210 3000 1277; x_wconf 89' lang='lat' dir='ltr'><strong>idem</strong></span> <span class='ocrx_word' id='word_1_192' title='bbox 3030 1230 3375 1292; x_wconf 84' lang='lat' dir='ltr'><strong>paterentur,</strong></span> <span class='ocrx_word' id='word_1_193' title='bbox 3414 1236 3559 1278; x_wconf 89' lang='lat' dir='ltr'><strong>metu</strong></span> 
     </span>
    </p>
   </div>
   <div class='ocr_carea' id='block_1_29' title="bbox 1981 1308 3562 1388">
    <p class='ocr_par' dir='ltr' id='par_1_29' title="bbox 1981 1308 3562 1388">
     <span class='ocr_line' id='line_1_29' title="bbox 1981 1308 3562 1388; baseline 0.004 -26"><span class='ocrx_word' id='word_1_194' title='bbox 1981 1309 2293 1377; x_wconf 89' lang='lat' dir='ltr'><strong>conterriti,</strong></span> <span class='ocrx_word' id='word_1_195' title='bbox 2330 1308 2484 1365; x_wconf 87' lang='lat' dir='ltr'><strong>abire</strong></span> <span class='ocrx_word' id='word_1_196' title='bbox 2532 1327 2659 1365; x_wconf 88' lang='lat' dir='ltr'><strong>eum</strong></span> <span class='ocrx_word' id='word_1_197' title='bbox 2704 1320 2833 1366; x_wconf 89' lang='lat' dir='ltr'><strong>sunt</strong></span> <span class='ocrx_word' id='word_1_198' title='bbox 2871 1314 3042 1383; x_wconf 84' lang='lat' dir='ltr'><strong>passi.</strong></span> <span class='ocrx_word' id='word_1_199' title='bbox 3080 1313 3212 1388; x_wconf 89' lang='lat' dir='ltr'><strong>Eam</strong></span> <span class='ocrx_word' id='word_1_200' title='bbox 3254 1330 3369 1369; x_wconf 91' lang='lat' dir='ltr'><strong>rem</strong></span> <span class='ocrx_word' id='word_1_201' title='bbox 3414 1326 3562 1386; x_wconf 85' lang='lat' dir='ltr'><strong>post-</strong></span> 
     </span>
    </p>
   </div>
   <div class='ocr_carea' id='block_1_30' title="bbox 1982 1395 3564 1477">
    <p class='ocr_par' dir='ltr' id='par_1_30' title="bbox 1982 1395 3564 1477">
     <span class='ocr_line' id='line_1_30' title="bbox 1982 1395 3564 1477; baseline 0.006 -25"><span class='ocrx_word' id='word_1_202' title='bbox 1982 1414 2145 1470; x_wconf 80' lang='lat' dir='ltr'><strong>quam</strong></span> <span class='ocrx_word' id='word_1_203' title='bbox 2181 1399 2531 1457; x_wconf 85' lang='lat' dir='ltr'><strong>Theodosius</strong></span> <span class='ocrx_word' id='word_1_204' title='bbox 2562 1404 2840 1475; x_wconf 79' lang='lat' dir='ltr'><strong>cognovit,</strong></span> <span class='ocrx_word' id='word_1_205' title='bbox 2883 1422 3117 1477; x_wconf 87' lang='lat' dir='ltr'><strong>nequam</strong></span> <span class='ocrx_word' id='word_1_206' title='bbox 3154 1395 3278 1462; x_wconf 85' lang='lat' dir='ltr'><strong>illos</strong></span> <span class='ocrx_word' id='word_1_207' title='bbox 3312 1404 3564 1462; x_wconf 90' lang='lat' dir='ltr'><strong>homines</strong></span> 
     </span>
    </p>
   </div>
   <div class='ocr_carea' id='block_1_31' title="bbox 1983 1488 3563 1568">
    <p class='ocr_par' dir='ltr' id='par_1_31' title="bbox 1983 1488 3563 1568">
     <span class='ocr_line' id='line_1_31' title="bbox 1983 1488 3563 1568; baseline 0.006 -23"><span class='ocrx_word' id='word_1_208' title='bbox 1983 1491 2273 1562; x_wconf 87' lang='lat' dir='ltr'><strong>suppliciis</strong></span> <span class='ocrx_word' id='word_1_209' title='bbox 2306 1493 2577 1556; x_wconf 88' lang='lat' dir='ltr'><strong>subdidit,</strong></span> <span class='ocrx_word' id='word_1_210' title='bbox 2609 1496 3045 1568; x_wconf 65' lang='lat' dir='ltr'><strong>praedonumque</strong></span> <span class='ocrx_word' id='word_1_211' title='bbox 3076 1492 3318 1555; x_wconf 78' lang='lat' dir='ltr'><strong>latebras</strong></span> <span class='ocrx_word' id='word_1_212' title='bbox 3356 1488 3477 1555; x_wconf 83' lang='lat' dir='ltr'><strong>illas</strong></span> <span class='ocrx_word' id='word_1_213' title='bbox 3510 1512 3563 1555; x_wconf 90' lang='lat' dir='ltr'><strong>et</strong></span> 
     </span>
    </p>
   </div>
   <div class='ocr_carea' id='block_1_32' title="bbox 1983 1583 3563 1664">
    <p class='ocr_par' dir='ltr' id='par_1_32' title="bbox 1983 1583 3563 1664">
     <span class='ocr_line' id='line_1_32' title="bbox 1983 1583 3563 1664; baseline 0.006 -26"><span class='ocrx_word' id='word_1_214' title='bbox 1983 1583 2272 1654; x_wconf 85' lang='lat' dir='ltr'><strong>lupanaria</strong></span> <span class='ocrx_word' id='word_1_215' title='bbox 2331 1586 2400 1641; x_wconf 81' lang='lat' dir='ltr'><strong>ex</strong></span> <span class='ocrx_word' id='word_1_216' title='bbox 2462 1588 2837 1645; x_wconf 81' lang='lat' dir='ltr'><strong>fundamentis</strong></span> <span class='ocrx_word' id='word_1_217' title='bbox 2897 1592 3033 1661; x_wconf 86' lang='lat' dir='ltr'><strong>ipsis</strong></span> <span class='ocrx_word' id='word_1_218' title='bbox 3096 1595 3316 1649; x_wconf 76' lang='lat' dir='ltr'><strong>evertit.</strong></span> <span class='ocrx_word' id='word_1_219' title='bbox 3382 1596 3563 1664; x_wconf 85' lang='lat' dir='ltr'><strong>Atque</strong></span> 
     </span>
    </p>
   </div>
   <div class='ocr_carea' id='block_1_33' title="bbox 1986 1676 3565 1756">
    <p class='ocr_par' dir='ltr' id='par_1_33' title="bbox 1986 1676 3565 1756">
     <span class='ocr_line' id='line_1_33' title="bbox 1986 1676 3565 1756; baseline 0.007 -27"><span class='ocrx_word' id='word_1_220' title='bbox 1986 1680 2150 1739; x_wconf 85' lang='lat' dir='ltr'><strong>&#39;unam</strong></span> <span class='ocrx_word' id='word_1_221' title='bbox 2182 1677 2404 1747; x_wconf 89' lang='lat' dir='ltr'><strong>quidem</strong></span> <span class='ocrx_word' id='word_1_222' title='bbox 2435 1681 2577 1735; x_wconf 89' lang='lat' dir='ltr'><strong>hanc</strong></span> <span class='ocrx_word' id='word_1_223' title='bbox 2608 1676 2911 1737; x_wconf 70' lang='lat' dir='ltr'><strong>foeditatem</strong></span> <span class='ocrx_word' id='word_1_224' title='bbox 2948 1683 3002 1738; x_wconf 92' lang='lat' dir='ltr'><strong>in</strong></span> <span class='ocrx_word' id='word_1_225' title='bbox 3036 1684 3284 1756; x_wconf 88' lang='lat' dir='ltr'><strong>principe</strong></span> <span class='ocrx_word' id='word_1_226' title='bbox 3313 1686 3451 1741; x_wconf 90' lang='lat' dir='ltr'><strong>urbe</strong></span> <span class='ocrx_word' id='word_1_227' title='bbox 3484 1688 3565 1742; x_wconf 92' lang='lat' dir='ltr'><strong>sic</strong></span> 
     </span>
    </p>
   </div>
   <div class='ocr_carea' id='block_1_34' title="bbox 285 1752 1888 1853">
    <p class='ocr_par' dir='ltr' id='par_1_34' title="bbox 285 1752 1878 1853">
     <span class='ocr_line' id='line_1_34' title="bbox 285 1752 1878 1853; baseline -0.001 -18"><span class='ocrx_word' id='word_1_228' title='bbox 285 1752 509 1852; x_wconf 79' lang='grc' dir='ltr'>μᾶλλον</span> <span class='ocrx_word' id='word_1_229' title='bbox 538 1782 636 1851; x_wconf 81' lang='grc' dir='ltr'><strong>τῆς</strong></span> <span class='ocrx_word' id='word_1_230' title='bbox 660 1752 929 1852; x_wconf 67' lang='grc' dir='ltr'>ἀκρασίας</span> <span class='ocrx_word' id='word_1_231' title='bbox 955 1752 1051 1850; x_wconf 50' lang='grc' dir='ltr'><strong>τῆν</strong></span> <span class='ocrx_word' id='word_1_232' title='bbox 1067 1752 1878 1853; x_wconf 21' lang='grc' dir='ltr'>τιμωρίαν*Ῥωμαῖοιέπῆγονῗ</span> 
     </span>
    </p>
   </div>
   <div class='ocr_carea' id='block_1_35' title="bbox 1993 1752 3563 1853">
    <p class='ocr_par' dir='ltr' id='par_1_35' title="bbox 1993 1752 3563 1837">
     <span class='ocr_line' id='line_1_35' title="bbox 1993 1752 3563 1837; baseline 0.007 -14"><span class='ocrx_word' id='word_1_233' title='bbox 1993 1757 2334 1827; x_wconf 72' lang='lat' dir='ltr'><strong>Theodosius</strong></span> <span class='ocrx_word' id='word_1_234' title='bbox 2384 1769 2634 1829; x_wconf 77' lang='lat' dir='ltr'><strong>sustulit.</strong></span> <span class='ocrx_word' id='word_1_235' title='bbox 2693 1775 2936 1830; x_wconf 79' lang='lat' dir='ltr'><strong>Alteram</strong></span> <span class='ocrx_word' id='word_1_236' title='bbox 2974 1752 3181 1837; x_wconf 66' lang='lat' dir='ltr'><strong>,autem</strong></span> <span class='ocrx_word' id='word_1_237' title='bbox 3217 1752 3380 1835; x_wconf 79' lang='lat' dir='ltr'><strong>illam</strong></span> <span class='ocrx_word' id='word_1_238' title='bbox 3436 1797 3451 1834; x_wconf 95' lang='lat'><strong>:</strong></span> <span class='ocrx_word' id='word_1_239' title='bbox 3506 1782 3563 1834; x_wconf 87' lang='lat' dir='ltr'><strong>Si</strong></span> 
     </span>
    </p>
   </div>
   <div class='ocr_carea' id='block_1_36' title="bbox 284 1872 1880 1945">
    <p class='ocr_par' dir='ltr' id='par_1_36' title="bbox 284 1872 1880 1945">
     <span class='ocr_line' id='line_1_36' title="bbox 284 1872 1880 1945; baseline 0 -21"><span class='ocrx_word' id='word_1_240' title='bbox 284 1873 625 1942; x_wconf 80' lang='grc' dir='ltr'><strong>βραχυτάτῳ</strong></span> <span class='ocrx_word' id='word_1_241' title='bbox 652 1873 760 1945; x_wconf 72' lang='grc' dir='ltr'><strong>γὰρ</strong></span> <span class='ocrx_word' id='word_1_242' title='bbox 793 1874 1023 1942; x_wconf 75' lang='grc' dir='ltr'>οἰκίσκῳ</span> <span class='ocrx_word' id='word_1_243' title='bbox 1050 1874 1147 1941; x_wconf 77' lang='grc' dir='ltr'>τὴν</span> <span class='ocrx_word' id='word_1_244' title='bbox 1178 1874 1577 1944; x_wconf 67' lang='grc' dir='ltr'><strong>ἁμαρτήσασιν</strong></span> <span class='ocrx_word' id='word_1_245' title='bbox 1603 1872 1880 1943; x_wconf 83' lang='grc' dir='ltr'>περικλεί-</span> 
     </span>
    </p>
   </div>
   <div class='ocr_carea' id='block_1_37' title="bbox 281 1943 1879 2034">
    <p class='ocr_par' dir='ltr' id='par_1_37' title="bbox 281 1958 1879 2034">
     <span class='ocr_line' id='line_1_37' title="bbox 281 1958 1879 2034; baseline -0.001 -18"><span class='ocrx_word' id='word_1_246' title='bbox 281 1980 475 2029; x_wconf 81' lang='grc' dir='ltr'>οντες,</span> <span class='ocrx_word' id='word_1_247' title='bbox 508 1963 683 2017; x_wconf 72' lang='grc' dir='ltr'>ἔπειτ’</span> <span class='ocrx_word' id='word_1_248' title='bbox 716 1963 949 2027; x_wconf 77' lang='grc' dir='ltr'>ἀναιδῶς</span> <span class='ocrx_word' id='word_1_249' title='bbox 999 1966 1125 2016; x_wconf 84' lang='grc' dir='ltr'>εῖων</span> <span class='ocrx_word' id='word_1_250' title='bbox 1153 1963 1230 2032; x_wconf 84' lang='grc' dir='ltr'>τῷ</span> <span class='ocrx_word' id='word_1_251' title='bbox 1265 1958 1581 2034; x_wconf 78' lang='grc' dir='ltr'>βουλομένῳ</span> <span class='ocrx_word' id='word_1_252' title='bbox 1622 1963 1720 2029; x_wconf 78' lang='grc' dir='ltr'>τὴν</span> <span class='ocrx_word' id='word_1_253' title='bbox 1749 1964 1879 2015; x_wconf 76' lang='grc' dir='ltr'>ἀκό-</span> 
     </span>
    </p>
   </div>
   <div class='ocr_carea' id='block_1_38' title="bbox 280 2054 1879 2127">
    <p class='ocr_par' dir='ltr' id='par_1_38' title="bbox 280 2054 1879 2127">
     <span class='ocr_line' id='line_1_38' title="bbox 280 2054 1879 2127; baseline -0.001 -18"><span class='ocrx_word' id='word_1_254' title='bbox 280 2056 498 2110; x_wconf 84' lang='grc' dir='ltr'>λαστον</span> <span class='ocrx_word' id='word_1_255' title='bbox 530 2056 723 2125; x_wconf 67' lang='grc' dir='ltr'>ἡδονὴν</span> <span class='ocrx_word' id='word_1_256' title='bbox 750 2055 1079 2127; x_wconf 75' lang='grc' dir='ltr'>ἐκπληροῦν.</span> <span class='ocrx_word' id='word_1_257' title='bbox 1114 2056 1225 2110; x_wconf 69' lang='grc' dir='ltr'><strong>Καὶ</strong></span> <span class='ocrx_word' id='word_1_258' title='bbox 1252 2057 1311 2107; x_wconf 86' lang='grc' dir='ltr'>τὸ</span> <span class='ocrx_word' id='word_1_259' title='bbox 1338 2057 1402 2123; x_wconf 82' lang='grc' dir='ltr'>δὴ</span> <span class='ocrx_word' id='word_1_260' title='bbox 1441 2055 1620 2127; x_wconf 82' lang='grc' dir='ltr'>πάσης</span> <span class='ocrx_word' id='word_1_261' title='bbox 1650 2054 1879 2117; x_wconf 78' lang='grc' dir='ltr'>ἀτοπίας</span> 
     </span>
    </p>
   </div>
   <div class='ocr_carea' id='block_1_39' title="bbox 283 2144 1883 2217">
    <p class='ocr_par' dir='ltr' id='par_1_39' title="bbox 283 2144 1883 2217">
     <span class='ocr_line' id='line_1_39' title="bbox 283 2144 1883 2217; baseline -0.003 -17"><span class='ocrx_word' id='word_1_262' title='bbox 283 2148 580 2212; x_wconf 73' lang='grc' dir='ltr'>ἐπέκεινα,</span> <span class='ocrx_word' id='word_1_263' title='bbox 635 2147 717 2198; x_wconf 81' lang='grc' dir='ltr'>ὅτι</span> <span class='ocrx_word' id='word_1_264' title='bbox 775 2146 871 2199; x_wconf 72' lang='grc' dir='ltr'>καὶ</span> <span class='ocrx_word' id='word_1_265' title='bbox 923 2144 1180 2208; x_wconf 83' lang='grc' dir='ltr'><strong>κώδωνας</strong></span> <span class='ocrx_word' id='word_1_266' title='bbox 1245 2146 1544 2217; x_wconf 78' lang='grc' dir='ltr'>ἀπῃὼρουν</span> <span class='ocrx_word' id='word_1_267' title='bbox 1590 2145 1731 2197; x_wconf 84' lang='grc' dir='ltr'>κατὰ</span> <span class='ocrx_word' id='word_1_268' title='bbox 1790 2144 1883 2196; x_wconf 66' lang='grc' dir='ltr'>τθιν</span> 
     </span>
    </p>
   </div>
   <div class='ocr_carea' id='block_1_40' title="bbox 285 2236 1879 2309">
    <p class='ocr_par' dir='ltr' id='par_1_40' title="bbox 285 2236 1879 2309">
     <span class='ocr_line' id='line_1_40' title="bbox 285 2236 1879 2309; baseline -0.003 -17"><span class='ocrx_word' id='word_1_269' title='bbox 285 2241 501 2309; x_wconf 75' lang='grc' dir='ltr'>καιρὸν</span> <span class='ocrx_word' id='word_1_270' title='bbox 517 2240 616 2309; x_wconf 81' lang='grc' dir='ltr'><strong>τῆς</strong></span> <span class='ocrx_word' id='word_1_271' title='bbox 637 2236 949 2306; x_wconf 80' lang='grc' dir='ltr'>ἀκαθάρτου</span> <span class='ocrx_word' id='word_1_272' title='bbox 977 2236 1353 2307; x_wconf 71' lang='grc' dir='ltr'>μίξεωςδῶστε</span> <span class='ocrx_word' id='word_1_273' title='bbox 1376 2236 1693 2307; x_wconf 80' lang='grc' dir='ltr'>σειομένους</span> <span class='ocrx_word' id='word_1_274' title='bbox 1710 2236 1879 2307; x_wconf 55' lang='grc' dir='ltr'>ἠχεῖν,</span> 
     </span>
    </p>
   </div>
   <div class='ocr_carea' id='block_1_41' title="bbox 287 2325 1887 2402">
    <p class='ocr_par' dir='ltr' id='par_1_41' title="bbox 287 2325 1887 2402">
     <span class='ocr_line' id='line_1_41' title="bbox 287 2325 1887 2402; baseline -0.005 -16"><span class='ocrx_word' id='word_1_275' title='bbox 287 2332 384 2387; x_wconf 77' lang='grc' dir='ltr'>ἵνα</span> <span class='ocrx_word' id='word_1_276' title='bbox 423 2332 505 2402; x_wconf 77' lang='grc' dir='ltr'><strong>μὴ</strong></span> <span class='ocrx_word' id='word_1_277' title='bbox 549 2330 687 2402; x_wconf 72' lang='grc' dir='ltr'>λάθῃ</span> <span class='ocrx_word' id='word_1_278' title='bbox 720 2331 849 2391; x_wconf 75' lang='grc' dir='ltr'>τοὺς</span> <span class='ocrx_word' id='word_1_279' title='bbox 883 2330 1019 2383; x_wconf 79' lang='grc' dir='ltr'>ὅπου</span> <span class='ocrx_word' id='word_1_280' title='bbox 1051 2328 1115 2400; x_wconf 86' lang='grc' dir='ltr'>δή</span> <span class='ocrx_word' id='word_1_281' title='bbox 1152 2344 1281 2382; x_wconf 89' lang='grc' dir='ltr'>ποτε</span> <span class='ocrx_word' id='word_1_282' title='bbox 1322 2329 1621 2400; x_wconf 74' lang='grc' dir='ltr'>παριόντας</span> <span class='ocrx_word' id='word_1_283' title='bbox 1659 2330 1718 2380; x_wconf 83' lang='grc' dir='ltr'>τὸ</span> <span class='ocrx_word' id='word_1_284' title='bbox 1747 2325 1887 2395; x_wconf 79' lang='grc' dir='ltr'>δρώ-</span> 
     </span>
    </p>
   </div>
   <div class='ocr_carea' id='block_1_42' title="bbox 287 2418 1884 2492">
    <p class='ocr_par' dir='ltr' id='par_1_42' title="bbox 287 2418 1884 2492">
     <span class='ocr_line' id='line_1_42' title="bbox 287 2418 1884 2492; baseline -0.003 -17"><span class='ocrx_word' id='word_1_285' title='bbox 287 2438 490 2492; x_wconf 77' lang='grc' dir='ltr'>μενον,</span> <span class='ocrx_word' id='word_1_286' title='bbox 546 2420 683 2474; x_wconf 75' lang='grc' dir='ltr'>ἀλλὰ</span> <span class='ocrx_word' id='word_1_287' title='bbox 733 2422 799 2491; x_wconf 79' lang='grc' dir='ltr'><strong>τῇ</strong></span> <span class='ocrx_word' id='word_1_288' title='bbox 834 2420 943 2474; x_wconf 83' lang='grc' dir='ltr'><strong>τῶν</strong></span> <span class='ocrx_word' id='word_1_289' title='bbox 973 2419 1240 2474; x_wconf 80' lang='grc' dir='ltr'><strong>κωδώνων</strong></span> <span class='ocrx_word' id='word_1_290' title='bbox 1280 2420 1387 2490; x_wconf 69' lang='grc' dir='ltr'><strong>ἠχῇ</strong></span> <span class='ocrx_word' id='word_1_291' title='bbox 1424 2421 1456 2489; x_wconf 83' lang='grc' dir='ltr'><strong>ἡ</strong></span> <span class='ocrx_word' id='word_1_292' title='bbox 1509 2419 1629 2489; x_wconf 83' lang='grc' dir='ltr'>μεθ’</span> <span class='ocrx_word' id='word_1_293' title='bbox 1676 2418 1884 2491; x_wconf 78' lang='grc' dir='ltr'>ὕϐρεως</span> 
     </span>
    </p>
   </div>
   <div class='ocr_carea' id='block_1_43' title="bbox 267 2505 1886 2587">
    <p class='ocr_par' dir='ltr' id='par_1_43' title="bbox 267 2505 1886 2587">
     <span class='ocr_line' id='line_1_43' title="bbox 267 2505 1886 2587; baseline -0.001 -18"><span class='ocrx_word' id='word_1_294' title='bbox 267 2505 547 2587; x_wconf 69' lang='grc' dir='ltr'>’τιμωρία</span> <span class='ocrx_word' id='word_1_295' title='bbox 594 2514 932 2585; x_wconf 59' lang='grc' dir='ltr'>γνωρίζοιτα</span> <span class='ocrx_word' id='word_1_296' title='bbox 962 2518 1067 2570; x_wconf 87' lang='grc' dir='ltr'>Ἦν</span> <span class='ocrx_word' id='word_1_297' title='bbox 1115 2516 1209 2570; x_wconf 74' lang='grc' dir='ltr'>καὶ</span> <span class='ocrx_word' id='word_1_298' title='bbox 1247 2517 1454 2586; x_wconf 78' lang='grc' dir='ltr'>ταύτην</span> <span class='ocrx_word' id='word_1_299' title='bbox 1509 2516 1810 2585; x_wconf 70' lang='grc' dir='ltr'><strong>πυῖόμενος</strong></span> <span class='ocrx_word' id='word_1_300' title='bbox 1859 2517 1886 2567; x_wconf 78' lang='grc' dir='ltr'>ὁ</span> 
     </span>
    </p>
   </div>
   <div class='ocr_carea' id='block_1_44' title="bbox 288 2608 1888 2679">
    <p class='ocr_par' dir='ltr' id='par_1_44' title="bbox 288 2608 1888 2679">
     <span class='ocr_line' id='line_1_44' title="bbox 288 2608 1888 2679; baseline -0.011 -14"><span class='ocrx_word' id='word_1_301' title='bbox 288 2611 753 2679; x_wconf 82' lang='grc' dir='ltr'>σωφρονέστατος</span> <span class='ocrx_word' id='word_1_302' title='bbox 785 2611 885 2662; x_wconf 81' lang='grc' dir='ltr'><strong>οὐκ</strong></span> <span class='ocrx_word' id='word_1_303' title='bbox 911 2610 1111 2677; x_wconf 75' lang='grc' dir='ltr'>ἤνεγκε</span> <span class='ocrx_word' id='word_1_304' title='bbox 1147 2609 1403 2679; x_wconf 79' lang='grc' dir='ltr'>βασιλεύς</span> <span class='ocrx_word' id='word_1_305' title='bbox 1426 2624 1442 2642; x_wconf 81' lang='grc' dir='ltr'><strong><em>ο</em></strong></span> <span class='ocrx_word' id='word_1_306' title='bbox 1481 2609 1615 2662; x_wconf 84' lang='grc' dir='ltr'><strong>ἀλλά</strong></span> <span class='ocrx_word' id='word_1_307' title='bbox 1648 2610 1739 2662; x_wconf 62' lang='grc' dir='ltr'><strong>καὶ</strong></span> <span class='ocrx_word' id='word_1_308' title='bbox 1760 2608 1888 2661; x_wconf 60' lang='lat' dir='ltr'><strong>m3;</strong></span> 
     </span>
    </p>
   </div>
   <div class='ocr_carea' id='block_1_45' title="bbox 289 2696 1886 2770">
    <p class='ocr_par' dir='ltr' id='par_1_45' title="bbox 289 2696 1886 2770">
     <span class='ocr_line' id='line_1_45' title="bbox 289 2696 1886 2770; baseline -0.004 -17"><span class='ocrx_word' id='word_1_309' title='bbox 289 2716 402 2770; x_wconf 78' lang='grc' dir='ltr'>την</span> <span class='ocrx_word' id='word_1_310' title='bbox 472 2698 574 2770; x_wconf 80' lang='grc' dir='ltr'>τὴν</span> <span class='ocrx_word' id='word_1_311' title='bbox 628 2700 821 2769; x_wconf 78' lang='grc' dir='ltr'>ἀναιδῆ</span> <span class='ocrx_word' id='word_1_312' title='bbox 879 2698 1170 2768; x_wconf 78' lang='grc' dir='ltr'>συνήθειαν</span> <span class='ocrx_word' id='word_1_313' title='bbox 1214 2696 1628 2766; x_wconf 73' lang='grc' dir='ltr'>ἐξηφάνιζε,τὰ</span> <span class='ocrx_word' id='word_1_314' title='bbox 1663 2698 1886 2765; x_wconf 83' lang='grc' dir='ltr'>σεῖστρα</span> 
     </span>
    </p>
   </div>
   <div class='ocr_carea' id='block_1_46' title="bbox 295 2789 1891 2861">
    <p class='ocr_par' dir='ltr' id='par_1_46' title="bbox 295 2789 1891 2861">
     <span class='ocr_line' id='line_1_46' title="bbox 295 2789 1891 2861; baseline -0.003 -15"><span class='ocrx_word' id='word_1_315' title='bbox 295 2793 667 2847; x_wconf 79' lang='grc' dir='ltr'>παντάπασιν</span> <span class='ocrx_word' id='word_1_316' title='bbox 697 2792 989 2860; x_wconf 83' lang='grc' dir='ltr'>ἀφανίσας.</span> <span class='ocrx_word' id='word_1_317' title='bbox 1017 2791 1176 2844; x_wconf 72' lang='grc' dir='ltr'>Οὕτω</span> <span class='ocrx_word' id='word_1_318' title='bbox 1206 2792 1313 2861; x_wconf 81' lang='grc' dir='ltr'><strong>γὰρ</strong></span> <span class='ocrx_word' id='word_1_319' title='bbox 1344 2791 1410 2844; x_wconf 78' lang='grc' dir='ltr'><strong>τὰ</strong></span> <span class='ocrx_word' id='word_1_320' title='bbox 1434 2791 1518 2858; x_wconf 78' lang='grc' dir='ltr'>ἐφ’</span> <span class='ocrx_word' id='word_1_321' title='bbox 1551 2789 1705 2860; x_wconf 76' lang='grc' dir='ltr'>ὕϐρει</span> <span class='ocrx_word' id='word_1_322' title='bbox 1740 2790 1891 2861; x_wconf 62' lang='grc' dir='ltr'><strong>οίιεῆι·</strong></span> 
     </span>
    </p>
   </div>
   <div class='ocr_carea' id='block_1_47' title="bbox 301 2880 1890 2958">
    <p class='ocr_par' dir='ltr' id='par_1_47' title="bbox 301 2880 1890 2958">
     <span class='ocr_line' id='line_1_47' title="bbox 301 2880 1890 2958; baseline -0.002 -19"><span class='ocrx_word' id='word_1_323' title='bbox 301 2902 467 2958; x_wconf 80' lang='grc' dir='ltr'>ματα</span> <span class='ocrx_word' id='word_1_324' title='bbox 504 2886 688 2939; x_wconf 84' lang='grc' dir='ltr'>ἐκεῖνα</span> <span class='ocrx_word' id='word_1_325' title='bbox 721 2883 952 2939; x_wconf 76' lang='grc' dir='ltr'>ἐκάλουν</span> <span class='ocrx_word' id='word_1_326' title='bbox 974 2900 990 2917; x_wconf 79' lang='grc'><em>’</em></span> <span class='ocrx_word' id='word_1_327' title='bbox 1025 2885 1207 2948; x_wconf 82' lang='grc' dir='ltr'>ἄλλοις</span> <span class='ocrx_word' id='word_1_328' title='bbox 1235 2884 1292 2937; x_wconf 76' lang='grc' dir='ltr'>δὲ</span> <span class='ocrx_word' id='word_1_329' title='bbox 1344 2885 1529 2952; x_wconf 83' lang='grc' dir='ltr'>νόμοις</span> <span class='ocrx_word' id='word_1_330' title='bbox 1565 2880 1890 2939; x_wconf 61' lang='grc' dir='ltr'>ὑποκεῖσθαι</span> 
     </span>
    </p>
   </div>
   <div class='ocr_carea' id='block_1_48' title="bbox 297 2974 1890 3045">
    <p class='ocr_par' dir='ltr' id='par_1_48' title="bbox 297 2974 1890 3045">
     <span class='ocr_line' id='line_1_48' title="bbox 297 2974 1890 3045; baseline -0.003 -15"><span class='ocrx_word' id='word_1_331' title='bbox 297 2978 405 3041; x_wconf 74' lang='grc' dir='ltr'>τὰς</span> <span class='ocrx_word' id='word_1_332' title='bbox 439 2976 616 3039; x_wconf 73' lang='grc' dir='ltr'>οὕτως</span> <span class='ocrx_word' id='word_1_333' title='bbox 651 2975 889 3039; x_wconf 77' lang='grc' dir='ltr'>ἁλούσας</span> <span class='ocrx_word' id='word_1_334' title='bbox 928 2976 1259 3045; x_wconf 79' lang='grc' dir='ltr'>ἐνομοθέτει.</span> <span class='ocrx_word' id='word_1_335' title='bbox 1288 2974 1409 3028; x_wconf 82' lang='grc' dir='ltr'><strong>Τῶν</strong></span> <span class='ocrx_word' id='word_1_336' title='bbox 1440 2976 1538 3044; x_wconf 81' lang='grc' dir='ltr'><strong>μὲν</strong></span> <span class='ocrx_word' id='word_1_337' title='bbox 1564 2975 1657 3027; x_wconf 83' lang='grc' dir='ltr'><strong>δύο</strong></span> <span class='ocrx_word' id='word_1_338' title='bbox 1684 2976 1890 3027; x_wconf 73' lang='grc' dir='ltr'>τούτων</span> 
     </span>
    </p>
   </div>
   <div class='ocr_carea' id='block_1_49' title="bbox 1983 1864 3563 1941">
    <p class='ocr_par' dir='ltr' id='par_1_49' title="bbox 1983 1864 3563 1941">
     <span class='ocr_line' id='line_1_49' title="bbox 1983 1864 3563 1941; baseline 0.006 -22"><span class='ocrx_word' id='word_1_339' title='bbox 1983 1866 2205 1935; x_wconf 91' lang='lat' dir='ltr'><strong>quando</strong></span> <span class='ocrx_word' id='word_1_340' title='bbox 2264 1865 2464 1921; x_wconf 90' lang='lat' dir='ltr'><strong>mulier</strong></span> <span class='ocrx_word' id='word_1_341' title='bbox 2525 1869 2578 1922; x_wconf 90' lang='lat' dir='ltr'><strong>in</strong></span> <span class='ocrx_word' id='word_1_342' title='bbox 2642 1869 2916 1925; x_wconf 89' lang='lat' dir='ltr'><strong>adulterio</strong></span> <span class='ocrx_word' id='word_1_343' title='bbox 2972 1864 3563 1941; x_wconf 84' lang='lat' dir='ltr'><strong>comprehenderetur,</strong></span> 
     </span>
    </p>
   </div>
   <div class='ocr_carea' id='block_1_50' title="bbox 1985 1952 3565 2041">
    <p class='ocr_par' dir='ltr' id='par_1_50' title="bbox 1985 1952 3565 2041">
     <span class='ocr_line' id='line_1_50' title="bbox 1985 1952 3565 2041; baseline 0.005 -30"><span class='ocrx_word' id='word_1_344' title='bbox 1985 1963 2093 2012; x_wconf 76' lang='lat' dir='ltr'><strong>utin</strong></span> <span class='ocrx_word' id='word_1_345' title='bbox 2133 1960 2469 2015; x_wconf 86' lang='lat' dir='ltr'><strong>coercitione</strong></span> <span class='ocrx_word' id='word_1_346' title='bbox 2522 1960 2794 2028; x_wconf 89' lang='lat' dir='ltr'><strong>criminis,</strong></span> <span class='ocrx_word' id='word_1_347' title='bbox 2842 1952 2950 2041; x_wconf 79' lang='lat' dir='ltr'><strong>sed</strong></span> <span class='ocrx_word' id='word_1_348' title='bbox 3011 1962 3196 2035; x_wconf 86' lang='lat' dir='ltr'><strong>potius</strong></span> <span class='ocrx_word' id='word_1_349' title='bbox 3235 1969 3565 2022; x_wconf 84' lang='lat' dir='ltr'><strong>accensioue</strong></span> 
     </span>
    </p>
   </div>
   <div class='ocr_carea' id='block_1_51' title="bbox 1984 2040 3567 2117">
    <p class='ocr_par' dir='ltr' id='par_1_51' title="bbox 1984 2040 3567 2117">
     <span class='ocr_line' id='line_1_51' title="bbox 1984 2040 3567 2117; baseline 0.006 -15"><span class='ocrx_word' id='word_1_350' title='bbox 1984 2046 2255 2117; x_wconf 89' lang='lat' dir='ltr'><strong>libidinis,</strong></span> <span class='ocrx_word' id='word_1_351' title='bbox 2286 2040 2518 2106; x_wconf 69' lang='lat' dir='ltr'><strong>Romani</strong></span> <span class='ocrx_word' id='word_1_352' title='bbox 2541 2053 2594 2107; x_wconf 92' lang='lat' dir='ltr'><strong>in</strong></span> <span class='ocrx_word' id='word_1_353' title='bbox 2618 2068 2737 2108; x_wconf 84' lang='lat' dir='ltr'><strong>eam</strong></span> <span class='ocrx_word' id='word_1_354' title='bbox 2755 2040 3291 2111; x_wconf 82' lang='lat' dir='ltr'><strong>animadvertebant.</strong></span> <span class='ocrx_word' id='word_1_355' title='bbox 3329 2056 3567 2112; x_wconf 85' lang='lat' dir='ltr'><strong>Domuu-</strong></span> 
     </span>
    </p>
   </div>
   <div class='ocr_carea' id='block_1_52' title="bbox 1986 2138 3564 2212">
    <p class='ocr_par' dir='ltr' id='par_1_52' title="bbox 1986 2138 3564 2212">
     <span class='ocr_line' id='line_1_52' title="bbox 1986 2138 3564 2212; baseline 0.007 -22"><span class='ocrx_word' id='word_1_356' title='bbox 1986 2140 2125 2192; x_wconf 68' lang='lat' dir='ltr'><strong>culte</strong></span> <span class='ocrx_word' id='word_1_357' title='bbox 2182 2140 2329 2194; x_wconf 76' lang='lat' dir='ltr'><strong>enim</strong></span> <span class='ocrx_word' id='word_1_358' title='bbox 2386 2152 2572 2205; x_wconf 75' lang='lat' dir='ltr'><strong>arctte,</strong></span> <span class='ocrx_word' id='word_1_359' title='bbox 2610 2159 2731 2212; x_wconf 76' lang='lat' dir='ltr'><strong>quae</strong></span> <span class='ocrx_word' id='word_1_360' title='bbox 2787 2138 3123 2201; x_wconf 81' lang='lat' dir='ltr'><strong>adulterium</strong></span> <span class='ocrx_word' id='word_1_361' title='bbox 3174 2148 3564 2209; x_wconf 83' lang='lat' dir='ltr'><strong>commisisset,</strong></span> 
     </span>
    </p>
   </div>
   <div class='ocr_carea' id='block_1_53' title="bbox 1986 2222 3570 2310">
    <p class='ocr_par' dir='ltr' id='par_1_53' title="bbox 1986 2222 3570 2310">
     <span class='ocr_line' id='line_1_53' title="bbox 1986 2222 3570 2310; baseline 0.009 -29"><span class='ocrx_word' id='word_1_362' title='bbox 1986 2228 2293 2296; x_wconf 82' lang='lat' dir='ltr'><strong>lncldsam,</strong></span> <span class='ocrx_word' id='word_1_363' title='bbox 2341 2231 2693 2302; x_wconf 84' lang='lat' dir='ltr'><strong>impudenter</strong></span> <span class='ocrx_word' id='word_1_364' title='bbox 2737 2222 2936 2289; x_wconf 86' lang='lat' dir='ltr'><strong>deinde</strong></span> <span class='ocrx_word' id='word_1_365' title='bbox 2983 2237 3342 2305; x_wconf 85' lang='lat' dir='ltr'><strong>impotentem</strong></span> <span class='ocrx_word' id='word_1_366' title='bbox 3384 2241 3570 2310; x_wconf 68' lang='lat' dir='ltr'><strong>cujus~</strong></span> 
     </span>
    </p>
   </div>
   <div class='ocr_carea' id='block_1_54' title="bbox 1991 2321 3569 2402">
    <p class='ocr_par' dir='ltr' id='par_1_54' title="bbox 1991 2321 3569 2402">
     <span class='ocr_line' id='line_1_54' title="bbox 1991 2321 3569 2402; baseline 0.01 -27"><span class='ocrx_word' id='word_1_367' title='bbox 1991 2321 2125 2377; x_wconf 87' lang='lat' dir='ltr'><strong>libet</strong></span> <span class='ocrx_word' id='word_1_368' title='bbox 2155 2323 2493 2396; x_wconf 83' lang='lat' dir='ltr'><strong>voluptatem</strong></span> <span class='ocrx_word' id='word_1_369' title='bbox 2541 2336 2597 2381; x_wconf 90' lang='lat' dir='ltr'><strong>et</strong></span> <span class='ocrx_word' id='word_1_370' title='bbox 2633 2329 2996 2397; x_wconf 88' lang='lat' dir='ltr'><strong>petulantiam</strong></span> <span class='ocrx_word' id='word_1_371' title='bbox 3032 2331 3253 2401; x_wconf 83' lang='lat' dir='ltr'><strong>explere</strong></span> <span class='ocrx_word' id='word_1_372' title='bbox 3284 2336 3569 2402; x_wconf 87' lang='lat' dir='ltr'><strong>permitte-</strong></span> 
     </span>
    </p>
   </div>
   <div class='ocr_carea' id='block_1_55' title="bbox 1990 2412 3565 2486">
    <p class='ocr_par' dir='ltr' id='par_1_55' title="bbox 1990 2412 3565 2486">
     <span class='ocr_line' id='line_1_55' title="bbox 1990 2412 3565 2486; baseline 0.009 -20"><span class='ocrx_word' id='word_1_373' title='bbox 1990 2412 2143 2470; x_wconf 90' lang='lat' dir='ltr'><strong>bant.</strong></span> <span class='ocrx_word' id='word_1_374' title='bbox 2178 2415 2243 2471; x_wconf 90' lang='lat' dir='ltr'><strong>Et</strong></span> <span class='ocrx_word' id='word_1_375' title='bbox 2275 2418 2422 2486; x_wconf 93' lang='lat' dir='ltr'><strong>quod</strong></span> <span class='ocrx_word' id='word_1_376' title='bbox 2470 2434 2688 2473; x_wconf 89' lang='lat' dir='ltr'><strong>omnem</strong></span> <span class='ocrx_word' id='word_1_377' title='bbox 2737 2414 2955 2477; x_wconf 66' lang='lat' dir='ltr'><strong>excedit</strong></span> <span class='ocrx_word' id='word_1_378' title='bbox 2997 2422 3417 2485; x_wconf 84' lang='lat' dir='ltr'><strong>absurditatcm.</strong></span> <span class='ocrx_word' id='word_1_379' title='bbox 3454 2429 3565 2482; x_wconf 92' lang='lat' dir='ltr'><strong>tin-</strong></span> 
     </span>
    </p>
   </div>
   <div class='ocr_carea' id='block_1_56' title="bbox 1991 2496 3568 2587">
    <p class='ocr_par' dir='ltr' id='par_1_56' title="bbox 1991 2496 3568 2587">
     <span class='ocr_line' id='line_1_56' title="bbox 1991 2496 3568 2587; baseline 0.011 -29"><span class='ocrx_word' id='word_1_380' title='bbox 1991 2508 2274 2562; x_wconf 85' lang='lat' dir='ltr'><strong>tinnabula</strong></span> <span class='ocrx_word' id='word_1_381' title='bbox 2319 2510 2423 2564; x_wconf 89' lang='lat' dir='ltr'><strong>sibi</strong></span> <span class='ocrx_word' id='word_1_382' title='bbox 2473 2508 2723 2567; x_wconf 87' lang='lat' dir='ltr'><strong>homines</strong></span> <span class='ocrx_word' id='word_1_383' title='bbox 2771 2514 3076 2582; x_wconf 87' lang='lat' dir='ltr'><strong>libidinosi,</strong></span> <span class='ocrx_word' id='word_1_384' title='bbox 3104 2496 3315 2587; x_wconf 78' lang='lat' dir='ltr'><strong>impuri</strong></span> <span class='ocrx_word' id='word_1_385' title='bbox 3364 2536 3568 2575; x_wconf 85' lang='lat' dir='ltr'><strong>concu-</strong></span> 
     </span>
    </p>
   </div>
   <div class='ocr_carea' id='block_1_57' title="bbox 1992 2601 3566 2674">
    <p class='ocr_par' dir='ltr' id='par_1_57' title="bbox 1992 2601 3566 2674">
     <span class='ocr_line' id='line_1_57' title="bbox 1992 2601 3566 2674; baseline 0.009 -21"><span class='ocrx_word' id='word_1_386' title='bbox 1992 2601 2141 2656; x_wconf 84' lang='lat' dir='ltr'><strong>bitus</strong></span> <span class='ocrx_word' id='word_1_387' title='bbox 2190 2602 2435 2674; x_wconf 88' lang='lat' dir='ltr'><strong>tempore</strong></span> <span class='ocrx_word' id='word_1_388' title='bbox 2487 2604 3001 2673; x_wconf 86' lang='lat' dir='ltr'><strong>accomtnodabant,</strong></span> <span class='ocrx_word' id='word_1_389' title='bbox 3046 2610 3105 2663; x_wconf 79' lang='grc' dir='ltr'><strong>ιιι</strong></span> <span class='ocrx_word' id='word_1_390' title='bbox 3152 2614 3425 2667; x_wconf 80' lang='lat' dir='ltr'><strong>cetnmota</strong></span> <span class='ocrx_word' id='word_1_391' title='bbox 3477 2615 3566 2670; x_wconf 76' lang='lat' dir='ltr'><strong>illa</strong></span> 
     </span>
    </p>
   </div>
   <div class='ocr_carea' id='block_1_58' title="bbox 1993 2690 3570 2775">
    <p class='ocr_par' dir='ltr' id='par_1_58' title="bbox 1993 2690 3570 2775">
     <span class='ocr_line' id='line_1_58' title="bbox 1993 2690 3570 2775; baseline 0.009 -29"><span class='ocrx_word' id='word_1_392' title='bbox 1993 2690 2338 2760; x_wconf 85' lang='lat' dir='ltr'><strong>resonarent,</strong></span> <span class='ocrx_word' id='word_1_393' title='bbox 2380 2707 2434 2750; x_wconf 89' lang='lat' dir='ltr'><strong>et</strong></span> <span class='ocrx_word' id='word_1_394' title='bbox 2484 2694 2883 2767; x_wconf 63' lang='lat' dir='ltr'><strong>przrtereuntes</strong></span> <span class='ocrx_word' id='word_1_395' title='bbox 2929 2702 3373 2775; x_wconf 90' lang='lat' dir='ltr'><strong>quandocunque</strong></span> <span class='ocrx_word' id='word_1_396' title='bbox 3419 2706 3570 2775; x_wconf 73' lang='lat' dir='ltr'><strong>ﬂagi-</strong></span> 
     </span>
    </p>
   </div>
   <div class='ocr_carea' id='block_1_59' title="bbox 1993 2782 3567 2864">
    <p class='ocr_par' dir='ltr' id='par_1_59' title="bbox 1993 2782 3567 2864">
     <span class='ocr_line' id='line_1_59' title="bbox 1993 2782 3567 2864; baseline 0.01 -25"><span class='ocrx_word' id='word_1_397' title='bbox 1993 2788 2130 2841; x_wconf 87' lang='lat' dir='ltr'><strong>tium</strong></span> <span class='ocrx_word' id='word_1_398' title='bbox 2170 2796 2382 2845; x_wconf 88' lang='lat' dir='ltr'><strong>tautum</strong></span> <span class='ocrx_word' id='word_1_399' title='bbox 2419 2808 2527 2845; x_wconf 91' lang='lat' dir='ltr'><strong>non</strong></span> <span class='ocrx_word' id='word_1_400' title='bbox 2572 2790 2789 2860; x_wconf 82' lang='lat' dir='ltr'><strong>lateret,</strong></span> <span class='ocrx_word' id='word_1_401' title='bbox 2822 2782 2916 2849; x_wconf 80' lang='lat' dir='ltr'><strong>sed</strong></span> <span class='ocrx_word' id='word_1_402' title='bbox 2955 2794 3138 2864; x_wconf 90' lang='lat' dir='ltr'><strong>potius</strong></span> <span class='ocrx_word' id='word_1_403' title='bbox 3165 2791 3567 2854; x_wconf 78' lang='lat' dir='ltr'><strong>tintinnabulo-</strong></span> 
     </span>
    </p>
   </div>
   <div class='ocr_carea' id='block_1_60' title="bbox 1993 2882 3569 2957">
    <p class='ocr_par' dir='ltr' id='par_1_60' title="bbox 1993 2882 3569 2957">
     <span class='ocr_line' id='line_1_60' title="bbox 1993 2882 3569 2957; baseline 0.01 -25"><span class='ocrx_word' id='word_1_404' title='bbox 1993 2888 2114 2934; x_wconf 88' lang='lat' dir='ltr'><strong>rutu</strong></span> <span class='ocrx_word' id='word_1_405' title='bbox 2150 2882 2333 2936; x_wconf 86' lang='lat' dir='ltr'><strong>sonitu</strong></span> <span class='ocrx_word' id='word_1_406' title='bbox 2376 2894 2534 2952; x_wconf 78' lang='lat' dir='ltr'><strong>poma</strong></span> <span class='ocrx_word' id='word_1_407' title='bbox 2581 2884 2671 2938; x_wconf 91' lang='lat' dir='ltr'><strong>illa</strong></span> <span class='ocrx_word' id='word_1_408' title='bbox 2718 2900 2843 2940; x_wconf 90' lang='lat' dir='ltr'><strong>cum</strong></span> <span class='ocrx_word' id='word_1_409' title='bbox 2896 2885 3094 2957; x_wconf 85' lang='lat' dir='ltr'><strong>injuria</strong></span> <span class='ocrx_word' id='word_1_410' title='bbox 3140 2897 3195 2943; x_wconf 90' lang='lat' dir='ltr'><strong>et</strong></span> <span class='ocrx_word' id='word_1_411' title='bbox 3237 2893 3569 2947; x_wconf 77' lang='lat' dir='ltr'><strong>contumelia</strong></span> 
     </span>
    </p>
   </div>
   <div class='ocr_carea' id='block_1_61' title="bbox 1994 2972 3572 3052">
    <p class='ocr_par' dir='ltr' id='par_1_61' title="bbox 1994 2972 3572 3052">
     <span class='ocr_line' id='line_1_61' title="bbox 1994 2972 3572 3052; baseline 0.007 -28"><span class='ocrx_word' id='word_1_412' title='bbox 1994 2972 2288 3042; x_wconf 84' lang='lat' dir='ltr'><strong>conjuncta</strong></span> <span class='ocrx_word' id='word_1_413' title='bbox 2329 2972 2689 3029; x_wconf 86' lang='lat' dir='ltr'><strong>indicaretur.</strong></span> <span class='ocrx_word' id='word_1_414' title='bbox 2721 2972 2894 3039; x_wconf 87' lang='lat' dir='ltr'><strong>Quam</strong></span> <span class='ocrx_word' id='word_1_415' title='bbox 2929 2985 2983 3029; x_wconf 88' lang='lat' dir='ltr'><strong>et</strong></span> <span class='ocrx_word' id='word_1_416' title='bbox 3023 2976 3193 3046; x_wconf 89' lang='lat' dir='ltr'><strong>ipsam</strong></span> <span class='ocrx_word' id='word_1_417' title='bbox 3230 2979 3321 3034; x_wconf 92' lang='lat' dir='ltr'><strong>ubi</strong></span> <span class='ocrx_word' id='word_1_418' title='bbox 3369 2996 3572 3052; x_wconf 64' lang='lat' dir='ltr'><strong>coguoo</strong></span> 
     </span>
    </p>
   </div>
   <div class='ocr_carea' id='block_1_62' title="bbox 295 3064 1888 3149">
    <p class='ocr_par' dir='ltr' id='par_1_62' title="bbox 295 3064 1888 3139">
     <span class='ocr_line' id='line_1_62' title="bbox 295 3064 1888 3139; baseline -0.001 -19"><span class='ocrx_word' id='word_1_419' title='bbox 295 3067 660 3139; x_wconf 75' lang='grc' dir='ltr'>ἐφυϐρίστων</span> <span class='ocrx_word' id='word_1_420' title='bbox 677 3066 980 3137; x_wconf 82' lang='grc' dir='ltr'>συνηοειῶν</span> <span class='ocrx_word' id='word_1_421' title='bbox 997 3066 1023 3118; x_wconf 83' lang='grc' dir='ltr'><strong>ὁ</strong></span> <span class='ocrx_word' id='word_1_422' title='bbox 1045 3065 1318 3127; x_wconf 80' lang='grc' dir='ltr'>θειότατος</span> <span class='ocrx_word' id='word_1_423' title='bbox 1346 3064 1606 3133; x_wconf 82' lang='grc' dir='ltr'>βασιλεὺς</span> <span class='ocrx_word' id='word_1_424' title='bbox 1627 3065 1724 3136; x_wconf 79' lang='grc' dir='ltr'>τὴν</span> <span class='ocrx_word' id='word_1_425' title='bbox 1759 3067 1888 3121; x_wconf 79' lang='grc' dir='ltr'><strong>Ῥω-</strong></span> 
     </span>
    </p>
   </div>
   <div class='ocr_carea' id='block_1_63' title="bbox 1993 3064 3573 3149">
    <p class='ocr_par' dir='ltr' id='par_1_63' title="bbox 1996 3064 3573 3137">
     <span class='ocr_line' id='line_1_63' title="bbox 1996 3064 3573 3137; baseline 0.008 -21"><span class='ocrx_word' id='word_1_426' title='bbox 1996 3064 2095 3129; x_wconf 86' lang='lat' dir='ltr'><strong>vit,</strong></span> <span class='ocrx_word' id='word_1_427' title='bbox 2123 3065 2513 3134; x_wconf 85' lang='lat' dir='ltr'><strong>pudicissimus</strong></span> <span class='ocrx_word' id='word_1_428' title='bbox 2539 3082 2648 3119; x_wconf 87' lang='lat' dir='ltr'><strong>non</strong></span> <span class='ocrx_word' id='word_1_429' title='bbox 2690 3066 2815 3121; x_wconf 90' lang='lat' dir='ltr'><strong>tulit</strong></span> <span class='ocrx_word' id='word_1_430' title='bbox 2846 3066 3164 3137; x_wconf 82' lang='lat' dir='ltr'><strong>imperator,</strong></span> <span class='ocrx_word' id='word_1_431' title='bbox 3202 3073 3296 3126; x_wconf 88' lang='lat' dir='ltr'><strong>sed</strong></span> <span class='ocrx_word' id='word_1_432' title='bbox 3325 3082 3432 3127; x_wconf 91' lang='lat' dir='ltr'><strong>tam</strong></span> <span class='ocrx_word' id='word_1_433' title='bbox 3472 3074 3573 3128; x_wconf 81' lang='lat' dir='ltr'><strong>itu-</strong></span> 
     </span>
    </p>
   </div>
   <div class='ocr_carea' id='block_1_64' title="bbox 298 3155 1891 3230">
    <p class='ocr_par' dir='ltr' id='par_1_64' title="bbox 298 3155 1891 3230">
     <span class='ocr_line' id='line_1_64' title="bbox 298 3155 1891 3230; baseline -0.003 -17"><span class='ocrx_word' id='word_1_434' title='bbox 298 3161 495 3230; x_wconf 85' lang='grc' dir='ltr'>μαίων</span> <span class='ocrx_word' id='word_1_435' title='bbox 554 3158 709 3213; x_wconf 79' lang='grc' dir='ltr'>πόλιν</span> <span class='ocrx_word' id='word_1_436' title='bbox 754 3156 1035 3228; x_wconf 78' lang='grc' dir='ltr'><strong>ἀπήλλαξε</strong></span> <span class='ocrx_word' id='word_1_437' title='bbox 1060 3173 1076 3189; x_wconf 72' lang='grc' dir='ltr'><strong>ο</strong></span> <span class='ocrx_word' id='word_1_438' title='bbox 1116 3159 1293 3210; x_wconf 85' lang='grc' dir='ltr'>πάντα</span> <span class='ocrx_word' id='word_1_439' title='bbox 1321 3155 1377 3209; x_wconf 71' lang='grc' dir='ltr'>δὲ</span> <span class='ocrx_word' id='word_1_440' title='bbox 1408 3159 1891 3228; x_wconf 75' lang='grc' dir='ltr'>καταστησάμενος</span> 
     </span>
    </p>
   </div>
   <div class='ocr_carea' id='block_1_65' title="bbox 294 3249 1893 3323">
    <p class='ocr_par' dir='ltr' id='par_1_65' title="bbox 294 3249 1893 3323">
     <span class='ocr_line' id='line_1_65' title="bbox 294 3249 1893 3323; baseline -0.001 -18"><span class='ocrx_word' id='word_1_441' title='bbox 294 3253 377 3316; x_wconf 80' lang='grc' dir='ltr'><strong>ὡς</strong></span> <span class='ocrx_word' id='word_1_442' title='bbox 428 3249 629 3323; x_wconf 78' lang='grc' dir='ltr'>χρεὼν,</span> <span class='ocrx_word' id='word_1_443' title='bbox 683 3253 749 3322; x_wconf 77' lang='grc' dir='ltr'><strong>τῇ</strong></span> <span class='ocrx_word' id='word_1_444' title='bbox 800 3250 898 3320; x_wconf 80' lang='grc' dir='ltr'><strong>μὲν</strong></span> <span class='ocrx_word' id='word_1_445' title='bbox 938 3249 1130 3321; x_wconf 80' lang='grc' dir='ltr'><strong>Ῥώμῃ</strong></span> <span class='ocrx_word' id='word_1_446' title='bbox 1159 3249 1252 3302; x_wconf 83' lang='grc' dir='ltr'>τὸν</span> <span class='ocrx_word' id='word_1_447' title='bbox 1304 3249 1751 3305; x_wconf 79' lang='grc' dir='ltr'>Οὐαλεντινιανὸν</span> <span class='ocrx_word' id='word_1_448' title='bbox 1794 3252 1893 3323; x_wconf 79' lang='grc' dir='ltr'>τὴν</span> 
     </span>
    </p>
   </div>
   <div class='ocr_carea' id='block_1_66' title="bbox 299 3340 1893 3417">
    <p class='ocr_par' dir='ltr' id='par_1_66' title="bbox 299 3340 1893 3417">
     <span class='ocr_line' id='line_1_66' title="bbox 299 3340 1893 3417; baseline -0.004 -16"><span class='ocrx_word' id='word_1_449' title='bbox 299 3345 597 3417; x_wconf 80' lang='grc' dir='ltr'>βασιλείαν</span> <span class='ocrx_word' id='word_1_450' title='bbox 628 3345 804 3397; x_wconf 88' lang='grc' dir='ltr'>ἐκεῖσε</span> <span class='ocrx_word' id='word_1_451' title='bbox 841 3343 1046 3397; x_wconf 82' lang='grc' dir='ltr'>διέπειν</span> <span class='ocrx_word' id='word_1_452' title='bbox 1097 3343 1308 3411; x_wconf 78' lang='grc' dir='ltr'>ἀφῆκεν</span> <span class='ocrx_word' id='word_1_453' title='bbox 1335 3357 1349 3373; x_wconf 73' lang='grc' dir='ltr'><strong>ο</strong></span> <span class='ocrx_word' id='word_1_454' title='bbox 1380 3343 1544 3405; x_wconf 64' lang='grc' dir='ltr'>αὐτὸς</span> <span class='ocrx_word' id='word_1_455' title='bbox 1583 3340 1641 3394; x_wconf 74' lang='grc' dir='ltr'>δὲ</span> <span class='ocrx_word' id='word_1_456' title='bbox 1675 3341 1893 3413; x_wconf 80' lang='grc' dir='ltr'>σύναμα</span> 
     </span>
    </p>
   </div>
   <div class='ocr_carea' id='block_1_67' title="bbox 295 3433 1895 3510">
    <p class='ocr_par' dir='ltr' id='par_1_67' title="bbox 295 3433 1895 3510">
     <span class='ocr_line' id='line_1_67' title="bbox 295 3433 1895 3510; baseline -0.004 -17"><span class='ocrx_word' id='word_1_457' title='bbox 295 3440 381 3510; x_wconf 84' lang='grc' dir='ltr'>τῷ</span> <span class='ocrx_word' id='word_1_458' title='bbox 457 3439 616 3493; x_wconf 57' lang='grc' dir='ltr'><strong>’παιδὶ⁵</strong></span> <span class='ocrx_word' id='word_1_459' title='bbox 688 3436 932 3508; x_wconf 83' lang='grc' dir='ltr'>Ὀνωρίῳ</span> <span class='ocrx_word' id='word_1_460' title='bbox 996 3436 1076 3499; x_wconf 84' lang='grc' dir='ltr'>είς</span> <span class='ocrx_word' id='word_1_461' title='bbox 1143 3436 1243 3504; x_wconf 81' lang='grc' dir='ltr'>τὴν</span> <span class='ocrx_word' id='word_1_462' title='bbox 1314 3433 1895 3489; x_wconf 74' lang='grc' dir='ltr'>Κωνσταντινούπολιν</span> 
     </span>
    </p>
   </div>
   <div class='ocr_carea' id='block_1_68' title="bbox 299 3530 475 3606">
    <p class='ocr_par' dir='ltr' id='par_1_68' title="bbox 299 3530 475 3606">
     <span class='ocr_line' id='line_1_68' title="bbox 299 3530 475 3606; baseline -0.006 -19"><span class='ocrx_word' id='word_1_463' title='bbox 299 3530 475 3606; x_wconf 72' lang='grc' dir='ltr'>ἦλθε.</span> 
     </span>
    </p>
   </div>
   <div class='ocr_carea' id='block_1_69' title="bbox 1997 3154 3572 3225">
    <p class='ocr_par' dir='ltr' id='par_1_69' title="bbox 1997 3154 3572 3225">
     <span class='ocr_line' id='line_1_69' title="bbox 1997 3154 3572 3225; baseline 0.008 -16"><span class='ocrx_word' id='word_1_464' title='bbox 1997 3154 2293 3225; x_wconf 82' lang='lat' dir='ltr'><strong>pudentem</strong></span> <span class='ocrx_word' id='word_1_465' title='bbox 2341 3166 2396 3210; x_wconf 91' lang='lat' dir='ltr'><strong>ct</strong></span> <span class='ocrx_word' id='word_1_466' title='bbox 2454 3157 2750 3212; x_wconf 81' lang='lat' dir='ltr'><strong>obScenam</strong></span> <span class='ocrx_word' id='word_1_467' title='bbox 2809 3162 3265 3217; x_wconf 80' lang='lat' dir='ltr'><strong>consuetudinem</strong></span> <span class='ocrx_word' id='word_1_468' title='bbox 3312 3167 3572 3221; x_wconf 72' lang='lat' dir='ltr'><strong>abolevit.</strong></span> 
     </span>
    </p>
   </div>
   <div class='ocr_carea' id='block_1_70' title="bbox 1997 3242 3573 3322">
    <p class='ocr_par' dir='ltr' id='par_1_70' title="bbox 1997 3242 3573 3322">
     <span class='ocr_line' id='line_1_70' title="bbox 1997 3242 3573 3322; baseline 0.007 -20"><span class='ocrx_word' id='word_1_469' title='bbox 1997 3248 2128 3304; x_wconf 79' lang='lat' dir='ltr'><strong>Nam</strong></span> <span class='ocrx_word' id='word_1_470' title='bbox 2163 3242 2218 3304; x_wconf 80' lang='lat' dir='ltr'><strong>ci.</strong></span> <span class='ocrx_word' id='word_1_471' title='bbox 2259 3251 2419 3304; x_wconf 86' lang='lat' dir='ltr'><strong>sistra</strong></span> <span class='ocrx_word' id='word_1_472' title='bbox 2457 3251 2554 3319; x_wconf 87' lang='lat' dir='ltr'><strong>(ita</strong></span> <span class='ocrx_word' id='word_1_473' title='bbox 2588 3252 2734 3304; x_wconf 86' lang='lat' dir='ltr'><strong>enim</strong></span> <span class='ocrx_word' id='word_1_474' title='bbox 2781 3250 2904 3322; x_wconf 77' lang='lat' dir='ltr'><strong>quae</strong></span> <span class='ocrx_word' id='word_1_475' title='bbox 2940 3254 3007 3307; x_wconf 87' lang='lat' dir='ltr'><strong>ad</strong></span> <span class='ocrx_word' id='word_1_476' title='bbox 3053 3265 3255 3310; x_wconf 90' lang='lat' dir='ltr'><strong>tantam</strong></span> <span class='ocrx_word' id='word_1_477' title='bbox 3289 3268 3573 3314; x_wconf 87' lang='lat' dir='ltr'><strong>contume-</strong></span> 
     </span>
    </p>
   </div>
   <div class='ocr_carea' id='block_1_71' title="bbox 2003 3341 3575 3421">
    <p class='ocr_par' dir='ltr' id='par_1_71' title="bbox 2003 3341 3575 3421">
     <span class='ocr_line' id='line_1_71' title="bbox 2003 3341 3575 3421; baseline 0.006 -25"><span class='ocrx_word' id='word_1_478' title='bbox 2003 3341 2133 3396; x_wconf 87' lang='lat' dir='ltr'><strong>liam</strong></span> <span class='ocrx_word' id='word_1_479' title='bbox 2197 3354 2493 3397; x_wconf 71' lang='lat' dir='ltr'><strong>exstructae</strong></span> <span class='ocrx_word' id='word_1_480' title='bbox 2569 3354 2730 3399; x_wconf 90' lang='lat' dir='ltr'><strong>erant</strong></span> <span class='ocrx_word' id='word_1_481' title='bbox 2789 3346 3136 3403; x_wconf 83' lang='lat' dir='ltr'><strong>domuncqu</strong></span> <span class='ocrx_word' id='word_1_482' title='bbox 3199 3350 3575 3421; x_wconf 78' lang='lat' dir='ltr'><strong>vocabantur)</strong></span> 
     </span>
    </p>
   </div>
   <div class='ocr_carea' id='block_1_72' title="bbox 2000 3434 3572 3511">
    <p class='ocr_par' dir='ltr' id='par_1_72' title="bbox 2000 3434 3572 3511">
     <span class='ocr_line' id='line_1_72' title="bbox 2000 3434 3572 3511; baseline 0.005 -22"><span class='ocrx_word' id='word_1_483' title='bbox 2000 3437 2226 3490; x_wconf 85' lang='lat' dir='ltr'><strong>omnino</strong></span> <span class='ocrx_word' id='word_1_484' title='bbox 2264 3437 2482 3500; x_wconf 83' lang='lat' dir='ltr'><strong>evertit,</strong></span> <span class='ocrx_word' id='word_1_485' title='bbox 2512 3434 2568 3491; x_wconf 87' lang='lat' dir='ltr'><strong>et</strong></span> <span class='ocrx_word' id='word_1_486' title='bbox 2606 3436 2887 3491; x_wconf 88' lang='lat' dir='ltr'><strong>adulteras</strong></span> <span class='ocrx_word' id='word_1_487' title='bbox 2920 3438 3152 3493; x_wconf 88' lang='lat' dir='ltr'><strong>aliarum</strong></span> <span class='ocrx_word' id='word_1_488' title='bbox 3193 3441 3372 3511; x_wconf 69' lang='lat' dir='ltr'><strong>legum</strong></span> <span class='ocrx_word' id='word_1_489' title='bbox 3412 3459 3572 3498; x_wconf 80' lang='lat' dir='ltr'><strong>Coer-</strong></span> 
     </span>
    </p>
   </div>
   <div class='ocr_carea' id='block_1_73' title="bbox 2003 3528 3576 3604">
    <p class='ocr_par' dir='ltr' id='par_1_73' title="bbox 2003 3528 3576 3604">
     <span class='ocr_line' id='line_1_73' title="bbox 2003 3528 3576 3604; baseline 0.004 -20"><span class='ocrx_word' id='word_1_490' title='bbox 2003 3528 2305 3584; x_wconf 76' lang='lat' dir='ltr'><strong>citionibus</strong></span> <span class='ocrx_word' id='word_1_491' title='bbox 2353 3530 2752 3585; x_wconf 74' lang='lat' dir='ltr'><strong>&#39;coustitutione</strong></span> <span class='ocrx_word' id='word_1_492' title='bbox 2790 3530 2897 3585; x_wconf 90' lang='lat' dir='ltr'><strong>lata</strong></span> <span class='ocrx_word' id='word_1_493' title='bbox 2934 3531 3013 3601; x_wconf 78' lang='grc'><strong>(1)</strong></span> <span class='ocrx_word' id='word_1_494' title='bbox 3059 3532 3314 3604; x_wconf 89' lang='lat' dir='ltr'><strong>subjecit.</strong></span> <span class='ocrx_word' id='word_1_495' title='bbox 3353 3535 3576 3592; x_wconf 82' lang='lat' dir='ltr'><strong>Duabus</strong></span> 
     </span>
    </p>
   </div>
   <div class='ocr_carea' id='block_1_74' title="bbox 305 3624 3577 3704">
    <p class='ocr_par' dir='ltr' id='par_1_74' title="bbox 305 3624 3577 3704">
     <span class='ocr_line' id='line_1_74' title="bbox 305 3624 3577 3704; baseline 0 -17"><span class='ocrx_word' id='word_1_496' title='bbox 305 3635 479 3687; x_wconf 89' lang='lat' dir='ltr'><strong>hisce</strong></span> <span class='ocrx_word' id='word_1_497' title='bbox 508 3628 845 3685; x_wconf 89' lang='lat' dir='ltr'><strong>contumelia</strong></span> <span class='ocrx_word' id='word_1_498' title='bbox 876 3624 1055 3698; x_wconf 81' lang='lat' dir='ltr'><strong>plenis</strong></span> <span class='ocrx_word' id='word_1_499' title='bbox 1120 3626 1622 3682; x_wconf 80' lang='lat' dir='ltr'><strong>consuetudinibus</strong></span> <span class='ocrx_word' id='word_1_500' title='bbox 1655 3625 2033 3682; x_wconf 75' lang='lat' dir='ltr'><strong>divinissitnus</strong></span> <span class='ocrx_word' id='word_1_501' title='bbox 2097 3626 2394 3704; x_wconf 78' lang='lat' dir='ltr'><strong>imperator</strong></span> <span class='ocrx_word' id='word_1_502' title='bbox 2462 3629 2653 3683; x_wconf 89' lang='lat' dir='ltr'><strong>urbem</strong></span> <span class='ocrx_word' id='word_1_503' title='bbox 2724 3627 2954 3683; x_wconf 83' lang='lat' dir='ltr'><strong>Romam</strong></span> <span class='ocrx_word' id='word_1_504' title='bbox 3002 3628 3275 3686; x_wconf 88' lang='lat' dir='ltr'><strong>liberavit.</strong></span> <span class='ocrx_word' id='word_1_505' title='bbox 3312 3631 3376 3687; x_wconf 84' lang='lat' dir='ltr'><strong>Et</strong></span> <span class='ocrx_word' id='word_1_506' title='bbox 3413 3632 3577 3688; x_wconf 87' lang='lat' dir='ltr'><strong>rebus</strong></span> 
     </span>
    </p>
   </div>
   <div class='ocr_carea' id='block_1_75' title="bbox 303 3719 3572 3797">
    <p class='ocr_par' dir='ltr' id='par_1_75' title="bbox 303 3719 3572 3797">
     <span class='ocr_line' id='line_1_75' title="bbox 303 3719 3572 3797; baseline 0.001 -15"><span class='ocrx_word' id='word_1_507' title='bbox 303 3726 582 3797; x_wconf 84' lang='lat' dir='ltr'><strong>omnibus</strong></span> <span class='ocrx_word' id='word_1_508' title='bbox 627 3733 776 3779; x_wconf 89' lang='lat' dir='ltr'><strong>recte</strong></span> <span class='ocrx_word' id='word_1_509' title='bbox 814 3723 1153 3789; x_wconf 88' lang='lat' dir='ltr'><strong>constitutis,</strong></span> <span class='ocrx_word' id='word_1_510' title='bbox 1189 3722 1418 3779; x_wconf 81' lang='lat' dir='ltr'><strong>Romam</strong></span> <span class='ocrx_word' id='word_1_511' title='bbox 1453 3726 1675 3794; x_wconf 89' lang='lat' dir='ltr'><strong>quidem</strong></span> <span class='ocrx_word' id='word_1_512' title='bbox 1744 3735 1800 3779; x_wconf 89' lang='lat' dir='ltr'><strong>et</strong></span> <span class='ocrx_word' id='word_1_513' title='bbox 1870 3724 2163 3797; x_wconf 84' lang='lat' dir='ltr'><strong>imperium</strong></span> <span class='ocrx_word' id='word_1_514' title='bbox 2228 3723 2582 3779; x_wconf 75' lang='lat' dir='ltr'><strong>Occidentale</strong></span> <span class='ocrx_word' id='word_1_515' title='bbox 2656 3719 3036 3782; x_wconf 82' lang='lat' dir='ltr'><strong>Valentiniano</strong></span> <span class='ocrx_word' id='word_1_516' title='bbox 3079 3727 3572 3786; x_wconf 77' lang='lat' dir='ltr'><strong>administrandum</strong></span> 
     </span>
    </p>
   </div>
   <div class='ocr_carea' id='block_1_76' title="bbox 306 3820 2491 3894">
    <p class='ocr_par' dir='ltr' id='par_1_76' title="bbox 306 3820 2491 3894">
     <span class='ocr_line' id='line_1_76' title="bbox 306 3820 2491 3894; baseline -0 -17"><span class='ocrx_word' id='word_1_517' title='bbox 306 3825 549 3894; x_wconf 86' lang='lat' dir='ltr'><strong>reliquit</strong></span> <span class='ocrx_word' id='word_1_518' title='bbox 581 3840 597 3880; x_wconf 89' lang='lat'><strong>:</strong></span> <span class='ocrx_word' id='word_1_519' title='bbox 630 3824 747 3893; x_wconf 90' lang='lat' dir='ltr'><strong>ipse</strong></span> <span class='ocrx_word' id='word_1_520' title='bbox 778 3840 911 3882; x_wconf 89' lang='lat' dir='ltr'><strong>vero</strong></span> <span class='ocrx_word' id='word_1_521' title='bbox 939 3841 1063 3881; x_wconf 89' lang='lat' dir='ltr'><strong>cum</strong></span> <span class='ocrx_word' id='word_1_522' title='bbox 1098 3823 1344 3882; x_wconf 83' lang='lat' dir='ltr'><strong>Honorio</strong></span> <span class='ocrx_word' id='word_1_523' title='bbox 1374 3823 1488 3878; x_wconf 81' lang='lat' dir='ltr'><strong>lilio</strong></span> <span class='ocrx_word' id='word_1_524' title='bbox 1513 3820 2044 3892; x_wconf 86' lang='lat' dir='ltr'><strong>Constantinopolim</strong></span> <span class='ocrx_word' id='word_1_525' title='bbox 2080 3831 2161 3880; x_wconf 91' lang='lat' dir='ltr'><strong>cst</strong></span> <span class='ocrx_word' id='word_1_526' title='bbox 2217 3820 2491 3876; x_wconf 82' lang='lat' dir='ltr'><strong>reversus.</strong></span> 
     </span>
    </p>
   </div>
   <div class='ocr_carea' id='block_1_77' title="bbox 903 3964 1312 4021">
    <p class='ocr_par' dir='ltr' id='par_1_77' title="bbox 903 3964 1312 4021">
     <span class='ocr_line' id='line_1_77' title="bbox 903 3964 1312 4021; baseline 0 -1"><span class='ocrx_word' id='word_1_527' title='bbox 903 3967 1152 4021; x_wconf 81' lang='grc' dir='ltr'><strong>ΚΕΦΔΛ.</strong></span> <span class='ocrx_word' id='word_1_528' title='bbox 1189 3964 1312 4020; x_wconf 77' lang='grc' dir='ltr'><strong>ΚΓ.</strong></span> 
     </span>
    </p>
   </div>
   <div class='ocr_carea' id='block_1_78' title="bbox 309 4048 1893 4130">
    <p class='ocr_par' dir='ltr' id='par_1_78' title="bbox 309 4048 1893 4130">
     <span class='ocr_line' id='line_1_78' title="bbox 309 4048 1893 4130; baseline -0.002 -14"><span class='ocrx_word' id='word_1_529' title='bbox 309 4061 460 4130; x_wconf 77' lang='grc' dir='ltr'>Περὶ</span> <span class='ocrx_word' id='word_1_530' title='bbox 487 4059 596 4126; x_wconf 78' lang='grc' dir='ltr'><strong>τῆς</strong></span> <span class='ocrx_word' id='word_1_531' title='bbox 631 4060 956 4130; x_wconf 67' lang='grc' dir='ltr'>ίσαγγέλου</span> <span class='ocrx_word' id='word_1_532' title='bbox 982 4059 1288 4130; x_wconf 73' lang='grc' dir='ltr'>πολιτείας</span> <span class='ocrx_word' id='word_1_533' title='bbox 1317 4058 1627 4130; x_wconf 66' lang='grc' dir='ltr'><strong>’ᾼρσενίοιν</strong></span> <span class='ocrx_word' id='word_1_534' title='bbox 1648 4058 1755 4113; x_wconf 73' lang='grc' dir='ltr'>τοῦ</span> <span class='ocrx_word' id='word_1_535' title='bbox 1777 4048 1893 4115; x_wconf 77' lang='grc' dir='ltr'><strong>Με-</strong></span> 
     </span>
    </p>
   </div>
   <div class='ocr_carea' id='block_1_79' title="bbox 383 4128 1894 4216">
    <p class='ocr_par' dir='ltr' id='par_1_79' title="bbox 383 4128 1894 4216">
     <span class='ocr_line' id='line_1_79' title="bbox 383 4128 1894 4216; baseline 0.004 -37"><span class='ocrx_word' id='word_1_536' title='bbox 383 4128 586 4216; x_wconf 55' lang='grc' dir='ltr'><strong>ἀιάλορ</strong></span> <span class='ocrx_word' id='word_1_537' title='bbox 608 4148 620 4159; x_wconf 91' lang='grc'><strong>·</strong></span> <span class='ocrx_word' id='word_1_538' title='bbox 645 4130 710 4196; x_wconf 81' lang='grc' dir='ltr'>ὃς</span> <span class='ocrx_word' id='word_1_539' title='bbox 745 4128 865 4183; x_wconf 73' lang='grc' dir='ltr'>τῶν</span> <span class='ocrx_word' id='word_1_540' title='bbox 889 4130 1212 4194; x_wconf 72' lang='grc' dir='ltr'>βασιλέων</span> <span class='ocrx_word' id='word_1_541' title='bbox 1256 4128 1627 4195; x_wconf 69' lang='grc' dir='ltr'>διδάσκαλος</span> <span class='ocrx_word' id='word_1_542' title='bbox 1681 4138 1894 4199; x_wconf 79' lang='grc' dir='ltr'>πρότε-</span> 
     </span>
    </p>
   </div>
   <div class='ocr_carea' id='block_1_80' title="bbox 375 4217 626 4270">
    <p class='ocr_par' dir='ltr' id='par_1_80' title="bbox 375 4217 626 4270">
     <span class='ocr_line' id='line_1_80' title="bbox 375 4217 626 4270; baseline 0 -16"><span class='ocrx_word' id='word_1_543' title='bbox 375 4218 502 4269; x_wconf 78' lang='grc' dir='ltr'>ρον</span> <span class='ocrx_word' id='word_1_544' title='bbox 526 4217 626 4270; x_wconf 81' lang='grc' dir='ltr'><strong>ην.</strong></span> 
     </span>
    </p>
   </div>
   <div class='ocr_carea' id='block_1_81' title="bbox 2569 3968 3024 4030">
    <p class='ocr_par' dir='ltr' id='par_1_81' title="bbox 2569 3968 3024 4030">
     <span class='ocr_line' id='line_1_81' title="bbox 2569 3968 3024 4030; baseline 0.015 -7"><span class='ocrx_word' id='word_1_545' title='bbox 2569 3968 2795 4027; x_wconf 80' lang='lat' dir='ltr'><strong>CAPUT</strong></span> <span class='ocrx_word' id='word_1_546' title='bbox 2837 3969 3024 4030; x_wconf 79' lang='lat' dir='ltr'><strong>XXIII.</strong></span> 
     </span>
    </p>
   </div>
   <div class='ocr_carea' id='block_1_82' title="bbox 2010 4058 3577 4141">
    <p class='ocr_par' dir='ltr' id='par_1_82' title="bbox 2010 4058 3577 4141">
     <span class='ocr_line' id='line_1_82' title="bbox 2010 4058 3577 4141; baseline 0.01 -30"><span class='ocrx_word' id='word_1_547' title='bbox 2010 4058 2080 4111; x_wconf 85' lang='lat' dir='ltr'><strong>Dc</strong></span> <span class='ocrx_word' id='word_1_548' title='bbox 2113 4058 2349 4128; x_wconf 76' lang='lat' dir='ltr'><strong>angelica</strong></span> <span class='ocrx_word' id='word_1_549' title='bbox 2382 4062 2583 4114; x_wconf 52' lang='lat' dir='ltr'><strong>Arst&#39;m&#39;i</strong></span> <span class='ocrx_word' id='word_1_550' title='bbox 2611 4062 2788 4131; x_wconf 75' lang='lat' dir='ltr'><strong>Magni</strong></span> <span class='ocrx_word' id='word_1_551' title='bbox 2824 4066 2966 4141; x_wconf 39' lang='lat' dir='ltr'><strong>rita‘,</strong></span> <span class='ocrx_word' id='word_1_552' title='bbox 2995 4068 3085 4133; x_wconf 80' lang='lat' dir='ltr'><strong>qui</strong></span> <span class='ocrx_word' id='word_1_553' title='bbox 3110 4079 3266 4121; x_wconf 84' lang='lat' dir='ltr'><strong>antea</strong></span> <span class='ocrx_word' id='word_1_554' title='bbox 3293 4072 3577 4141; x_wconf 78' lang='lat' dir='ltr'><strong>imperato-</strong></span> 
     </span>
    </p>
   </div>
   <div class='ocr_carea' id='block_1_83' title="bbox 2388 4136 3111 4204">
    <p class='ocr_par' dir='ltr' id='par_1_83' title="bbox 2388 4136 3111 4204">
     <span class='ocr_line' id='line_1_83' title="bbox 2388 4136 3111 4204; baseline 0.012 -23"><span class='ocrx_word' id='word_1_555' title='bbox 2388 4162 2395 4167; x_wconf 91' lang='lat'><strong><em>-</em></strong></span> <span class='ocrx_word' id='word_1_556' title='bbox 2459 4147 2577 4183; x_wconf 82' lang='lat' dir='ltr'><strong>rum</strong></span> <span class='ocrx_word' id='word_1_557' title='bbox 2608 4143 2897 4202; x_wconf 70' lang='lat' dir='ltr'><strong>prarceptar</strong></span> <span class='ocrx_word' id='word_1_558' title='bbox 2919 4136 3111 4204; x_wconf 75' lang='lat' dir='ltr'><strong>fuerat.</strong></span> 
     </span>
    </p>
   </div>
   <div class='ocr_carea' id='block_1_84' title="bbox 385 4299 1888 4388">
    <p class='ocr_par' dir='ltr' id='par_1_84' title="bbox 385 4316 1888 4386">
     <span class='ocr_line' id='line_1_84' title="bbox 385 4316 1888 4386; baseline -0.003 -14"><span class='ocrx_word' id='word_1_559' title='bbox 385 4319 557 4372; x_wconf 80' lang='grc' dir='ltr'>Κατὰ</span> <span class='ocrx_word' id='word_1_560' title='bbox 581 4317 637 4369; x_wconf 82' lang='grc' dir='ltr'>δὲ</span> <span class='ocrx_word' id='word_1_561' title='bbox 669 4316 861 4370; x_wconf 79' lang='grc' dir='ltr'>τοῦτον</span> <span class='ocrx_word' id='word_1_562' title='bbox 883 4316 981 4369; x_wconf 76' lang='grc' dir='ltr'>τὸν</span> <span class='ocrx_word' id='word_1_563' title='bbox 1016 4318 1229 4386; x_wconf 84' lang='grc' dir='ltr'>χρόνον,</span> <span class='ocrx_word' id='word_1_564' title='bbox 1256 4318 1281 4368; x_wconf 84' lang='grc' dir='ltr'>ὁ</span> <span class='ocrx_word' id='word_1_565' title='bbox 1316 4316 1572 4385; x_wconf 75' lang='grc' dir='ltr'>βασιλεὺς</span> <span class='ocrx_word' id='word_1_566' title='bbox 1592 4318 1704 4379; x_wconf 89' lang='grc' dir='ltr'>τοῖς</span> <span class='ocrx_word' id='word_1_567' title='bbox 1743 4318 1888 4369; x_wconf 54' lang='lat' dir='ltr'><strong>toto?</strong></span> 
     </span>
    </p>
   </div>
   <div class='ocr_carea' id='block_1_85' title="bbox 1993 4299 3578 4388">
    <p class='ocr_par' dir='ltr' id='par_1_85' title="bbox 2075 4308 3578 4388">
     <span class='ocr_line' id='line_1_85' title="bbox 2075 4308 3578 4388; baseline 0.014 -25"><span class='ocrx_word' id='word_1_568' title='bbox 2075 4312 2239 4383; x_wconf 71' lang='lat'><strong>266</strong></span> <span class='ocrx_word' id='word_1_569' title='bbox 2269 4310 2383 4367; x_wconf 91' lang='lat' dir='ltr'><strong>Sub</strong></span> <span class='ocrx_word' id='word_1_570' title='bbox 2417 4313 2562 4367; x_wconf 86' lang='lat' dir='ltr'><strong>idem</strong></span> <span class='ocrx_word' id='word_1_571' title='bbox 2594 4314 2832 4386; x_wconf 86' lang='lat' dir='ltr'><strong>tempus,</strong></span> <span class='ocrx_word' id='word_1_572' title='bbox 2866 4308 3186 4388; x_wconf 72' lang='lat' dir='ltr'><strong>imperator,</strong></span> <span class='ocrx_word' id='word_1_573' title='bbox 3223 4324 3420 4382; x_wconf 89' lang='lat' dir='ltr'><strong>liberis</strong></span> <span class='ocrx_word' id='word_1_574' title='bbox 3458 4330 3578 4383; x_wconf 88' lang='lat' dir='ltr'><strong>suis</strong></span> 
     </span>
    </p>
   </div>
   <div class='ocr_carea' id='block_1_86' title="bbox 310 4404 1900 4479">
    <p class='ocr_par' dir='ltr' id='par_1_86' title="bbox 310 4404 1900 4479">
     <span class='ocr_line' id='line_1_86' title="bbox 310 4404 1900 4479; baseline -0.003 -14"><span class='ocrx_word' id='word_1_575' title='bbox 310 4411 645 4465; x_wconf 73' lang='grc' dir='ltr'>διδάσκαλον</span> <span class='ocrx_word' id='word_1_576' title='bbox 690 4409 895 4479; x_wconf 75' lang='grc' dir='ltr'>ἀρετῆς</span> <span class='ocrx_word' id='word_1_577' title='bbox 959 4409 1257 4477; x_wconf 79' lang='grc' dir='ltr'>ἐπιστῆσαι</span> <span class='ocrx_word' id='word_1_578' title='bbox 1308 4404 1563 4478; x_wconf 79' lang='grc' dir='ltr'>θελήσας,</span> <span class='ocrx_word' id='word_1_579' title='bbox 1625 4409 1900 4477; x_wconf 77' lang='grc' dir='ltr'>’Δρσένιον</span> 
     </span>
    </p>
   </div>
   <div class='ocr_carea' id='block_1_87' title="bbox 312 4496 1901 4572">
    <p class='ocr_par' dir='ltr' id='par_1_87' title="bbox 312 4496 1901 4572">
     <span class='ocr_line' id='line_1_87' title="bbox 312 4496 1901 4572; baseline -0.003 -15"><span class='ocrx_word' id='word_1_580' title='bbox 312 4508 534 4558; x_wconf 82' lang='grc' dir='ltr'>ἐκεῖ-ον</span> <span class='ocrx_word' id='word_1_581' title='bbox 556 4496 617 4557; x_wconf 67' lang='grc' dir='ltr'>οὗ</span> <span class='ocrx_word' id='word_1_582' title='bbox 665 4502 726 4556; x_wconf 78' lang='grc' dir='ltr'><strong>τὸ</strong></span> <span class='ocrx_word' id='word_1_583' title='bbox 750 4503 902 4564; x_wconf 78' lang='grc' dir='ltr'>κλέος</span> <span class='ocrx_word' id='word_1_584' title='bbox 930 4504 1030 4570; x_wconf 76' lang='grc' dir='ltr'><strong>τῆς</strong></span> <span class='ocrx_word' id='word_1_585' title='bbox 1081 4503 1286 4572; x_wconf 81' lang='grc' dir='ltr'>ἀρετῆς</span> <span class='ocrx_word' id='word_1_586' title='bbox 1317 4503 1398 4565; x_wconf 87' lang='grc' dir='ltr'>είς</span> <span class='ocrx_word' id='word_1_587' title='bbox 1431 4504 1616 4557; x_wconf 75' lang='grc' dir='ltr'>πᾶσαν</span> <span class='ocrx_word' id='word_1_588' title='bbox 1642 4502 1901 4572; x_wconf 76' lang='grc' dir='ltr'>διέδραμε</span> 
     </span>
    </p>
   </div>
   <div class='ocr_carea' id='block_1_88' title="bbox 313 4588 1899 4661">
    <p class='ocr_par' dir='ltr' id='par_1_88' title="bbox 313 4588 1899 4661">
     <span class='ocr_line' id='line_1_88' title="bbox 313 4588 1899 4661; baseline 0 -18"><span class='ocrx_word' id='word_1_589' title='bbox 313 4592 420 4661; x_wconf 77' lang='grc' dir='ltr'>τὴν</span> <span class='ocrx_word' id='word_1_590' title='bbox 464 4590 559 4643; x_wconf 82' lang='grc' dir='ltr'><strong>ὑπ’</strong></span> <span class='ocrx_word' id='word_1_591' title='bbox 590 4589 822 4660; x_wconf 77' lang='grc' dir='ltr'>οὐρανὸν</span> <span class='ocrx_word' id='word_1_592' title='bbox 844 4590 1121 4658; x_wconf 65' lang='grc' dir='ltr'><strong>εὑρηκὼς,</strong></span> <span class='ocrx_word' id='word_1_593' title='bbox 1150 4588 1451 4659; x_wconf 75' lang='grc' dir='ltr'>ἐγχειρίζει</span> <span class='ocrx_word' id='word_1_594' title='bbox 1474 4590 1698 4650; x_wconf 82' lang='grc' dir='ltr'>τούτους</span> <span class='ocrx_word' id='word_1_595' title='bbox 1730 4591 1899 4658; x_wconf 78' lang='grc' dir='ltr'>αὐτῷ.</span> 
     </span>
    </p>
   </div>
   <div class='ocr_carea' id='block_1_89' title="bbox 321 4681 1901 4752">
    <p class='ocr_par' dir='ltr' id='par_1_89' title="bbox 321 4681 1901 4752">
     <span class='ocr_line' id='line_1_89' title="bbox 321 4681 1901 4752; baseline -0.004 -14"><span class='ocrx_word' id='word_1_596' title='bbox 321 4683 439 4738; x_wconf 73' lang='grc' dir='ltr'><strong>Καὶ</strong></span> <span class='ocrx_word' id='word_1_597' title='bbox 474 4684 534 4745; x_wconf 78' lang='grc' dir='ltr'><strong>ὃς</strong></span> <span class='ocrx_word' id='word_1_598' title='bbox 594 4682 720 4745; x_wconf 81' lang='grc' dir='ltr'>τοὺς</span> <span class='ocrx_word' id='word_1_599' title='bbox 779 4683 974 4745; x_wconf 81' lang='grc' dir='ltr'>παῖδας</span> <span class='ocrx_word' id='word_1_600' title='bbox 1031 4681 1378 4747; x_wconf 77' lang='grc' dir='ltr'>καταλαϐὼν,</span> <span class='ocrx_word' id='word_1_601' title='bbox 1409 4682 1627 4752; x_wconf 79' lang='grc' dir='ltr'><strong>ἁπάσης</strong></span> <span class='ocrx_word' id='word_1_602' title='bbox 1657 4681 1901 4743; x_wconf 79' lang='grc' dir='ltr'>παιδείας</span> 
     </span>
    </p>
   </div>
   <div class='ocr_carea' id='block_1_90' title="bbox 320 4772 1902 4844">
    <p class='ocr_par' dir='ltr' id='par_1_90' title="bbox 320 4772 1902 4844">
     <span class='ocr_line' id='line_1_90' title="bbox 320 4772 1902 4844; baseline -0.004 -15"><span class='ocrx_word' id='word_1_603' title='bbox 320 4775 655 4844; x_wconf 61' lang='grc' dir='ltr'><strong>καθηγητῆς</strong></span> <span class='ocrx_word' id='word_1_604' title='bbox 725 4772 1077 4842; x_wconf 77' lang='grc' dir='ltr'>ἐγνωρίζετο,</span> <span class='ocrx_word' id='word_1_605' title='bbox 1149 4772 1474 4843; x_wconf 76' lang='grc' dir='ltr'>ἐλευθερίως</span> <span class='ocrx_word' id='word_1_606' title='bbox 1523 4773 1758 4837; x_wconf 77' lang='grc' dir='ltr'>ἀνάγων,</span> <span class='ocrx_word' id='word_1_607' title='bbox 1807 4772 1902 4824; x_wconf 73' lang='grc' dir='ltr'>καὶ</span> 
     </span>
    </p>
   </div>
   <div class='ocr_carea' id='block_1_91' title="bbox 321 4862 1904 4933">
    <p class='ocr_par' dir='ltr' id='par_1_91' title="bbox 321 4862 1904 4933">
     <span class='ocr_line' id='line_1_91' title="bbox 321 4862 1904 4933; baseline -0.002 -16"><span class='ocrx_word' id='word_1_608' title='bbox 321 4865 540 4931; x_wconf 70' lang='grc' dir='ltr'>πατρὶς</span> <span class='ocrx_word' id='word_1_609' title='bbox 568 4863 767 4931; x_wconf 73' lang='grc' dir='ltr'>τρόπον</span> <span class='ocrx_word' id='word_1_610' title='bbox 807 4864 1019 4931; x_wconf 70' lang='grc' dir='ltr'>ἐπέχων</span> <span class='ocrx_word' id='word_1_611' title='bbox 1058 4864 1241 4927; x_wconf 75' lang='grc' dir='ltr'>αὐτοῖς</span> <span class='ocrx_word' id='word_1_612' title='bbox 1265 4879 1280 4894; x_wconf 84' lang='lat'><strong><em>°</em></strong></span> <span class='ocrx_word' id='word_1_613' title='bbox 1334 4862 1469 4933; x_wconf 79' lang='grc' dir='ltr'><strong>μηδὲ</strong></span> <span class='ocrx_word' id='word_1_614' title='bbox 1532 4870 1641 4932; x_wconf 72' lang='grc' dir='ltr'><strong>γὰρ</strong></span> <span class='ocrx_word' id='word_1_615' title='bbox 1675 4863 1904 4915; x_wconf 69' lang='grc' dir='ltr'>δεδιέναι</span> 
     </span>
    </p>
   </div>
   <div class='ocr_carea' id='block_1_92' title="bbox 323 4955 1905 5026">
    <p class='ocr_par' dir='ltr' id='par_1_92' title="bbox 323 4955 1905 5026">
     <span class='ocr_line' id='line_1_92' title="bbox 323 4955 1905 5026; baseline -0.001 -19"><span class='ocrx_word' id='word_1_616' title='bbox 323 4956 386 5009; x_wconf 73' lang='grc' dir='ltr'><strong>τὸ</strong></span> <span class='ocrx_word' id='word_1_617' title='bbox 418 4955 521 5024; x_wconf 80' lang='grc' dir='ltr'><strong>τῆς</strong></span> <span class='ocrx_word' id='word_1_618' title='bbox 552 4956 827 5025; x_wconf 78' lang='grc' dir='ltr'>βασιλείας</span> <span class='ocrx_word' id='word_1_619' title='bbox 848 4955 981 5024; x_wconf 69' lang='grc' dir='ltr'>ὕψος</span> <span class='ocrx_word' id='word_1_620' title='bbox 1003 4956 1197 5026; x_wconf 80' lang='grc' dir='ltr'>ἐκείνῳ</span> <span class='ocrx_word' id='word_1_621' title='bbox 1220 4955 1520 5025; x_wconf 71' lang='grc' dir='ltr'>παρηγγύα</span> <span class='ocrx_word' id='word_1_622' title='bbox 1551 4957 1580 5005; x_wconf 81' lang='grc' dir='ltr'>ὀ</span> <span class='ocrx_word' id='word_1_623' title='bbox 1606 4955 1905 5016; x_wconf 74' lang='grc' dir='ltr'>Θεοδόσιος,</span> 
     </span>
    </p>
   </div>
   <div class='ocr_carea' id='block_1_93' title="bbox 325 5045 1907 5119">
    <p class='ocr_par' dir='ltr' id='par_1_93' title="bbox 325 5045 1907 5119">
     <span class='ocr_line' id='line_1_93' title="bbox 325 5045 1907 5119; baseline -0.001 -20"><span class='ocrx_word' id='word_1_624' title='bbox 325 5045 568 5100; x_wconf 78' lang='grc' dir='ltr'>ἀλλ’ὄσα</span> <span class='ocrx_word' id='word_1_625' title='bbox 602 5048 695 5100; x_wconf 81' lang='grc' dir='ltr'>καὶ</span> <span class='ocrx_word' id='word_1_626' title='bbox 723 5048 932 5112; x_wconf 77' lang='grc' dir='ltr'>δούλοις</span> <span class='ocrx_word' id='word_1_627' title='bbox 963 5049 1149 5110; x_wconf 81' lang='grc' dir='ltr'>αὐτοῖς</span> <span class='ocrx_word' id='word_1_628' title='bbox 1179 5047 1435 5119; x_wconf 78' lang='grc' dir='ltr'><strong>χρῆσθαι.</strong></span> <span class='ocrx_word' id='word_1_629' title='bbox 1474 5048 1532 5099; x_wconf 84' lang='lat'><strong>&#39;0</strong></span> <span class='ocrx_word' id='word_1_630' title='bbox 1563 5047 1620 5099; x_wconf 80' lang='grc' dir='ltr'>δὲ</span> <span class='ocrx_word' id='word_1_631' title='bbox 1647 5050 1711 5117; x_wconf 79' lang='grc' dir='ltr'><strong>τῇ</strong></span> <span class='ocrx_word' id='word_1_632' title='bbox 1737 5048 1907 5115; x_wconf 72' lang='grc' dir='ltr'>πολλῇ</span> 
     </span>
    </p>
   </div>
   <div class='ocr_carea' id='block_1_94' title="bbox 332 5139 1908 5212">
    <p class='ocr_par' dir='ltr' id='par_1_94' title="bbox 332 5139 1908 5212">
     <span class='ocr_line' id='line_1_94' title="bbox 332 5139 1908 5212; baseline 0 -21"><span class='ocrx_word' id='word_1_633' title='bbox 332 5140 777 5212; x_wconf 62' lang='grc' dir='ltr'>μετριοςιροσύνῃ</span> <span class='ocrx_word' id='word_1_634' title='bbox 837 5141 1155 5195; x_wconf 77' lang='grc' dir='ltr'>τούναντίον</span> <span class='ocrx_word' id='word_1_635' title='bbox 1200 5141 1404 5210; x_wconf 76' lang='grc' dir='ltr'>μᾶλλον</span> <span class='ocrx_word' id='word_1_636' title='bbox 1462 5141 1674 5193; x_wconf 79' lang='grc' dir='ltr'>ἐποίει·</span> <span class='ocrx_word' id='word_1_637' title='bbox 1708 5139 1781 5202; x_wconf 84' lang='grc' dir='ltr'><strong>ὡς</strong></span> <span class='ocrx_word' id='word_1_638' title='bbox 1814 5142 1908 5192; x_wconf 89' lang='grc' dir='ltr'><strong>καί</strong></span> 
     </span>
    </p>
   </div>
   <div class='ocr_carea' id='block_1_95' title="bbox 329 5232 1904 5305">
    <p class='ocr_par' dir='ltr' id='par_1_95' title="bbox 329 5232 1904 5305">
     <span class='ocr_line' id='line_1_95' title="bbox 329 5232 1904 5305; baseline -0.001 -21"><span class='ocrx_word' id='word_1_639' title='bbox 329 5248 467 5284; x_wconf 82' lang='grc' dir='ltr'>ποτε</span> <span class='ocrx_word' id='word_1_640' title='bbox 508 5233 601 5285; x_wconf 79' lang='grc' dir='ltr'>τὸν</span> <span class='ocrx_word' id='word_1_641' title='bbox 674 5233 923 5301; x_wconf 73' lang='grc' dir='ltr'>βασιλέα,</span> <span class='ocrx_word' id='word_1_642' title='bbox 981 5234 1240 5305; x_wconf 77' lang='grc' dir='ltr'>ἐξαπίνης</span> <span class='ocrx_word' id='word_1_643' title='bbox 1307 5232 1548 5285; x_wconf 79' lang='grc' dir='ltr'>είσιὸντα</span> <span class='ocrx_word' id='word_1_644' title='bbox 1579 5233 1671 5285; x_wconf 80' lang='grc' dir='ltr'>τὸν</span> <span class='ocrx_word' id='word_1_645' title='bbox 1719 5232 1904 5300; x_wconf 82' lang='grc' dir='ltr'>δόμον,</span> 
     </span>
    </p>
   </div>
   <div class='ocr_carea' id='block_1_96' title="bbox 331 5322 1908 5397">
    <p class='ocr_par' dir='ltr' id='par_1_96' title="bbox 331 5322 1908 5397">
     <span class='ocr_line' id='line_1_96' title="bbox 331 5322 1908 5397; baseline 0 -21"><span class='ocrx_word' id='word_1_646' title='bbox 331 5327 521 5395; x_wconf 73' lang='grc' dir='ltr'>εὑρεῖν</span> <span class='ocrx_word' id='word_1_647' title='bbox 551 5327 650 5393; x_wconf 84' lang='grc' dir='ltr'><strong>μὲν</strong></span> <span class='ocrx_word' id='word_1_648' title='bbox 672 5328 916 5389; x_wconf 82' lang='grc' dir='ltr'>ἐκείνους</span> <span class='ocrx_word' id='word_1_649' title='bbox 948 5324 1195 5396; x_wconf 75' lang='grc' dir='ltr'>σοϐαρῶς</span> <span class='ocrx_word' id='word_1_650' title='bbox 1231 5324 1712 5397; x_wconf 76' lang='grc' dir='ltr'>προκαθημένους.</span> <span class='ocrx_word' id='word_1_651' title='bbox 1743 5324 1836 5375; x_wconf 70' lang='grc' dir='ltr'><strong>τὸν</strong></span> <span class='ocrx_word' id='word_1_652' title='bbox 1863 5322 1908 5376; x_wconf 82' lang='grc' dir='ltr'>δ’</span> 
     </span>
    </p>
   </div>
   <div class='ocr_carea' id='block_1_97' title="bbox 347 5415 1908 5487">
    <p class='ocr_par' dir='ltr' id='par_1_97' title="bbox 347 5415 1908 5487">
     <span class='ocr_line' id='line_1_97' title="bbox 347 5415 1908 5487; baseline 0 -22"><span class='ocrx_word' id='word_1_653' title='bbox 347 5415 629 5484; x_wconf 78' lang='grc' dir='ltr'>Ἀρσένιον</span> <span class='ocrx_word' id='word_1_654' title='bbox 645 5415 879 5479; x_wconf 81' lang='grc' dir='ltr'>ἑστῶτα,</span> <span class='ocrx_word' id='word_1_655' title='bbox 903 5418 997 5470; x_wconf 74' lang='grc' dir='ltr'>καὶ</span> <span class='ocrx_word' id='word_1_656' title='bbox 1021 5420 1117 5487; x_wconf 73' lang='grc' dir='ltr'>τὴν</span> <span class='ocrx_word' id='word_1_657' title='bbox 1137 5415 1489 5470; x_wconf 67' lang='grc' dir='ltr'>διδασκαλίαν</span> <span class='ocrx_word' id='word_1_658' title='bbox 1508 5415 1908 5484; x_wconf 78' lang='grc' dir='ltr'>προσφέροντα·</span> 
     </span>
    </p>
   </div>
   <div class='ocr_carea' id='block_1_98' title="bbox 334 5506 1911 5580">
    <p class='ocr_par' dir='ltr' id='par_1_98' title="bbox 334 5506 1911 5580">
     <span class='ocr_line' id='line_1_98' title="bbox 334 5506 1911 5580; baseline -0.001 -21"><span class='ocrx_word' id='word_1_659' title='bbox 334 5509 718 5577; x_wconf 79' lang='grc' dir='ltr'>χαλεπήναντα</span> <span class='ocrx_word' id='word_1_660' title='bbox 769 5510 814 5563; x_wconf 78' lang='grc' dir='ltr'>δ’</span> <span class='ocrx_word' id='word_1_661' title='bbox 879 5510 976 5563; x_wconf 79' lang='grc' dir='ltr'>ἐπὶ</span> <span class='ocrx_word' id='word_1_662' title='bbox 1011 5510 1188 5580; x_wconf 80' lang='grc' dir='ltr'>τούτῳ</span> <span class='ocrx_word' id='word_1_663' title='bbox 1244 5508 1334 5561; x_wconf 72' lang='grc' dir='ltr'><strong>τὸν</strong></span> <span class='ocrx_word' id='word_1_664' title='bbox 1375 5507 1626 5578; x_wconf 76' lang='grc' dir='ltr'>βασιλέα,</span> <span class='ocrx_word' id='word_1_665' title='bbox 1676 5506 1911 5574; x_wconf 76' lang='grc' dir='ltr'>ψιλώσαι</span> 
     </span>
    </p>
   </div>
   <div class='ocr_carea' id='block_1_99' title="bbox 2006 4406 3573 4482">
    <p class='ocr_par' dir='ltr' id='par_1_99' title="bbox 2006 4406 3573 4482">
     <span class='ocr_line' id='line_1_99' title="bbox 2006 4406 3573 4482; baseline 0.01 -23"><span class='ocrx_word' id='word_1_666' title='bbox 2006 4406 2231 4459; x_wconf 81' lang='lat' dir='ltr'><strong>virtutis</strong></span> <span class='ocrx_word' id='word_1_667' title='bbox 2280 4406 2602 4476; x_wconf 72' lang='lat' dir='ltr'><strong>magistrum</strong></span> <span class='ocrx_word' id='word_1_668' title='bbox 2638 4409 2921 4477; x_wconf 70' lang='lat' dir='ltr'><strong>prmiicere</strong></span> <span class='ocrx_word' id='word_1_669' title='bbox 2962 4413 3175 4478; x_wconf 85' lang='lat' dir='ltr'><strong>volens,</strong></span> <span class='ocrx_word' id='word_1_670' title='bbox 3208 4416 3442 4473; x_wconf 88' lang='lat' dir='ltr'><strong>Arscnio</strong></span> <span class='ocrx_word' id='word_1_671' title='bbox 3473 4421 3573 4482; x_wconf 84' lang='lat' dir='ltr'><strong>illi,</strong></span> 
     </span>
    </p>
   </div>
   <div class='ocr_carea' id='block_1_100' title="bbox 2005 4494 3574 4577">
    <p class='ocr_par' dir='ltr' id='par_1_100' title="bbox 2005 4494 3574 4577">
     <span class='ocr_line' id='line_1_100' title="bbox 2005 4494 3574 4577; baseline 0.011 -29"><span class='ocrx_word' id='word_1_672' title='bbox 2005 4495 2162 4565; x_wconf 82' lang='lat' dir='ltr'><strong>cujus</strong></span> <span class='ocrx_word' id='word_1_673' title='bbox 2197 4494 2369 4563; x_wconf 78' lang='lat' dir='ltr'><strong>gloria</strong></span> <span class='ocrx_word' id='word_1_674' title='bbox 2392 4500 2591 4550; x_wconf 81' lang='lat' dir='ltr'><strong>terram</strong></span> <span class='ocrx_word' id='word_1_675' title='bbox 2620 4498 2723 4551; x_wconf 87' lang='lat' dir='ltr'><strong>suh</strong></span> <span class='ocrx_word' id='word_1_676' title='bbox 2751 4499 2867 4554; x_wconf 87' lang='lat' dir='ltr'><strong>sole</strong></span> <span class='ocrx_word' id='word_1_677' title='bbox 2898 4516 3119 4557; x_wconf 85' lang='lat' dir='ltr'><strong>omnem</strong></span> <span class='ocrx_word' id='word_1_678' title='bbox 3147 4518 3441 4577; x_wconf 77' lang='lat' dir='ltr'><strong>pervagata</strong></span> <span class='ocrx_word' id='word_1_679' title='bbox 3465 4523 3574 4571; x_wconf 86' lang='lat' dir='ltr'><strong>est,</strong></span> 
     </span>
    </p>
   </div>
   <div class='ocr_carea' id='block_1_101' title="bbox 2006 4587 3576 4668">
    <p class='ocr_par' dir='ltr' id='par_1_101' title="bbox 2006 4587 3576 4668">
     <span class='ocr_line' id='line_1_101' title="bbox 2006 4587 3576 4668; baseline 0.01 -28"><span class='ocrx_word' id='word_1_680' title='bbox 2006 4587 2254 4650; x_wconf 83' lang='lat' dir='ltr'><strong>invento,</strong></span> <span class='ocrx_word' id='word_1_681' title='bbox 2285 4603 2383 4641; x_wconf 89' lang='lat' dir='ltr'><strong>eos</strong></span> <span class='ocrx_word' id='word_1_682' title='bbox 2409 4590 2685 4644; x_wconf 90' lang='lat' dir='ltr'><strong>commisit</strong></span> <span class='ocrx_word' id='word_1_683' title='bbox 2720 4608 2735 4645; x_wconf 90' lang='lat'>:</span> <span class='ocrx_word' id='word_1_684' title='bbox 2768 4593 2971 4662; x_wconf 89' lang='lat' dir='ltr'><strong>quibus</strong></span> <span class='ocrx_word' id='word_1_685' title='bbox 2999 4594 3091 4650; x_wconf 91' lang='lat' dir='ltr'><strong>ille</strong></span> <span class='ocrx_word' id='word_1_686' title='bbox 3120 4602 3414 4668; x_wconf 80' lang='lat' dir='ltr'><strong>susceptis,</strong></span> <span class='ocrx_word' id='word_1_687' title='bbox 3450 4618 3576 4656; x_wconf 92' lang='lat' dir='ltr'><strong>cum</strong></span> 
     </span>
    </p>
   </div>
   <div class='ocr_carea' id='block_1_102' title="bbox 2005 4679 3579 4752">
    <p class='ocr_par' dir='ltr' id='par_1_102' title="bbox 2005 4679 3579 4752">
     <span class='ocr_line' id='line_1_102' title="bbox 2005 4679 3579 4752; baseline 0.009 -20"><span class='ocrx_word' id='word_1_688' title='bbox 2005 4679 2296 4748; x_wconf 85' lang='lat' dir='ltr'><strong>disciplina</strong></span> <span class='ocrx_word' id='word_1_689' title='bbox 2346 4682 2495 4733; x_wconf 89' lang='lat' dir='ltr'><strong>omni</strong></span> <span class='ocrx_word' id='word_1_690' title='bbox 2539 4686 2916 4752; x_wconf 68' lang='lat' dir='ltr'><strong>prtnceptoris,</strong></span> <span class='ocrx_word' id='word_1_691' title='bbox 2951 4688 3326 4743; x_wconf 84' lang='lat' dir='ltr'><strong>tum-liberali</strong></span> <span class='ocrx_word' id='word_1_692' title='bbox 3376 4694 3579 4745; x_wconf 78' lang='lat' dir='ltr'><strong>educa-</strong></span> 
     </span>
    </p>
   </div>
   <div class='ocr_carea' id='block_1_103' title="bbox 2010 4772 3576 4849">
    <p class='ocr_par' dir='ltr' id='par_1_103' title="bbox 2010 4772 3576 4849">
     <span class='ocr_line' id='line_1_103' title="bbox 2010 4772 3576 4849; baseline 0.011 -26"><span class='ocrx_word' id='word_1_693' title='bbox 2010 4772 2157 4825; x_wconf 85' lang='lat' dir='ltr'><strong>tione</strong></span> <span class='ocrx_word' id='word_1_694' title='bbox 2192 4772 2365 4841; x_wconf 87' lang='lat' dir='ltr'><strong>patris</strong></span> <span class='ocrx_word' id='word_1_695' title='bbox 2411 4773 2519 4827; x_wconf 88' lang='lat' dir='ltr'><strong>illis</strong></span> <span class='ocrx_word' id='word_1_696' title='bbox 2553 4776 2674 4829; x_wconf 86' lang='lat' dir='ltr'><strong>loco</strong></span> <span class='ocrx_word' id='word_1_697' title='bbox 2714 4776 2836 4832; x_wconf 78' lang='lat' dir='ltr'><strong>fuit.</strong></span> <span class='ocrx_word' id='word_1_698' title='bbox 2873 4776 3175 4849; x_wconf 80' lang='lat' dir='ltr'><strong>Imperator</strong></span> <span class='ocrx_word' id='word_1_699' title='bbox 3204 4798 3350 4836; x_wconf 84' lang='lat' dir='ltr'><strong>euuu</strong></span> <span class='ocrx_word' id='word_1_700' title='bbox 3400 4786 3576 4842; x_wconf 90' lang='lat' dir='ltr'><strong>illum.</strong></span> 
     </span>
    </p>
   </div>
   <div class='ocr_carea' id='block_1_104' title="bbox 2009 4868 3577 4944">
    <p class='ocr_par' dir='ltr' id='par_1_104' title="bbox 2009 4868 3577 4944">
     <span class='ocr_line' id='line_1_104' title="bbox 2009 4868 3577 4944; baseline 0.009 -29"><span class='ocrx_word' id='word_1_701' title='bbox 2009 4878 2078 4916; x_wconf 85' lang='lat' dir='ltr'><strong>ne</strong></span> <span class='ocrx_word' id='word_1_702' title='bbox 2104 4881 2266 4932; x_wconf 85' lang='lat' dir='ltr'><strong>quem</strong></span> <span class='ocrx_word' id='word_1_703' title='bbox 2300 4879 2366 4921; x_wconf 79' lang='lat' dir='ltr'><strong>ex</strong></span> <span class='ocrx_word' id='word_1_704' title='bbox 2403 4868 2617 4936; x_wconf 84' lang='lat' dir='ltr'><strong>imperii</strong></span> <span class='ocrx_word' id='word_1_705' title='bbox 2644 4871 2982 4927; x_wconf 85' lang='lat' dir='ltr'><strong>sublimitate</strong></span> <span class='ocrx_word' id='word_1_706' title='bbox 3002 4875 3321 4944; x_wconf 80' lang='lat' dir='ltr'><strong>conciperet</strong></span> <span class='ocrx_word' id='word_1_707' title='bbox 3349 4891 3577 4938; x_wconf 84' lang='lat' dir='ltr'><strong>metum,</strong></span> 
     </span>
    </p>
   </div>
   <div class='ocr_carea' id='block_1_105' title="bbox 2009 4955 3577 5031">
    <p class='ocr_par' dir='ltr' id='par_1_105' title="bbox 2009 4955 3577 5031">
     <span class='ocr_line' id='line_1_105' title="bbox 2009 4955 3577 5031; baseline 0.01 -26"><span class='ocrx_word' id='word_1_708' title='bbox 2009 4955 2102 5009; x_wconf 76' lang='lat' dir='ltr'><strong>sed</strong></span> <span class='ocrx_word' id='word_1_709' title='bbox 2153 4956 2262 5010; x_wconf 85' lang='lat' dir='ltr'><strong>illis</strong></span> <span class='ocrx_word' id='word_1_710' title='bbox 2310 4959 2493 5027; x_wconf 87' lang='lat' dir='ltr'><strong>potius</strong></span> <span class='ocrx_word' id='word_1_711' title='bbox 2540 4970 2595 5014; x_wconf 89' lang='lat' dir='ltr'><strong>ut</strong></span> <span class='ocrx_word' id='word_1_712' title='bbox 2644 4962 2821 5015; x_wconf 77' lang='lat' dir='ltr'><strong>servis</strong></span> <span class='ocrx_word' id='word_1_713' title='bbox 2873 4973 3143 5031; x_wconf 88' lang='lat' dir='ltr'><strong>uteretur,</strong></span> <span class='ocrx_word' id='word_1_714' title='bbox 3193 4970 3577 5021; x_wconf 86' lang='lat' dir='ltr'><strong>adtuonuerat.</strong></span> 
     </span>
    </p>
   </div>
   <div class='ocr_carea' id='block_1_106' title="bbox 2010 5044 3580 5128">
    <p class='ocr_par' dir='ltr' id='par_1_106' title="bbox 2010 5044 3580 5128">
     <span class='ocr_line' id='line_1_106' title="bbox 2010 5044 3580 5128; baseline 0.009 -30"><span class='ocrx_word' id='word_1_715' title='bbox 2010 5044 2245 5099; x_wconf 83' lang='lat' dir='ltr'><strong>Tantum</strong></span> <span class='ocrx_word' id='word_1_716' title='bbox 2285 5064 2439 5111; x_wconf 84' lang='lat' dir='ltr'><strong>vero,</strong></span> <span class='ocrx_word' id='word_1_717' title='bbox 2492 5060 2550 5103; x_wconf 84' lang='grc' dir='ltr'><strong>ιιι</strong></span> <span class='ocrx_word' id='word_1_718' title='bbox 2590 5050 2640 5103; x_wconf 90' lang='lat' dir='ltr'><strong>id</strong></span> <span class='ocrx_word' id='word_1_719' title='bbox 2677 5052 2766 5104; x_wconf 89' lang='lat' dir='ltr'><strong>ille</strong></span> <span class='ocrx_word' id='word_1_720' title='bbox 2805 5048 3023 5114; x_wconf 82' lang='lat' dir='ltr'><strong>iecerit.</strong></span> <span class='ocrx_word' id='word_1_721' title='bbox 3070 5056 3249 5120; x_wconf 85' lang='lat' dir='ltr'><strong>abest,</strong></span> <span class='ocrx_word' id='word_1_722' title='bbox 3285 5067 3344 5109; x_wconf 91' lang='lat' dir='ltr'><strong>ut</strong></span> <span class='ocrx_word' id='word_1_723' title='bbox 3378 5058 3580 5128; x_wconf 75' lang='lat' dir='ltr'><strong>insigni</strong></span> 
     </span>
    </p>
   </div>
   <div class='ocr_carea' id='block_1_107' title="bbox 2013 5139 3578 5217">
    <p class='ocr_par' dir='ltr' id='par_1_107' title="bbox 2013 5139 3578 5217">
     <span class='ocr_line' id='line_1_107' title="bbox 2013 5139 3578 5217; baseline 0.01 -27"><span class='ocrx_word' id='word_1_724' title='bbox 2013 5139 2279 5193; x_wconf 81' lang='lat' dir='ltr'><strong>modestia</strong></span> <span class='ocrx_word' id='word_1_725' title='bbox 2307 5151 2361 5195; x_wconf 84' lang='lat' dir='ltr'><strong>et</strong></span> <span class='ocrx_word' id='word_1_726' title='bbox 2400 5143 2779 5199; x_wconf 75' lang='lat' dir='ltr'><strong>moderatione</strong></span> <span class='ocrx_word' id='word_1_727' title='bbox 2826 5145 3107 5201; x_wconf 82' lang='lat' dir='ltr'><strong>diversum</strong></span> <span class='ocrx_word' id='word_1_728' title='bbox 3144 5150 3330 5217; x_wconf 83' lang='lat' dir='ltr'><strong>potius</strong></span> <span class='ocrx_word' id='word_1_729' title='bbox 3361 5150 3578 5207; x_wconf 81' lang='lat' dir='ltr'><strong>fecerit.</strong></span> 
     </span>
    </p>
   </div>
   <div class='ocr_carea' id='block_1_108' title="bbox 2012 5233 3584 5315">
    <p class='ocr_par' dir='ltr' id='par_1_108' title="bbox 2012 5233 3584 5315">
     <span class='ocr_line' id='line_1_108' title="bbox 2012 5233 3584 5315; baseline 0.009 -28"><span class='ocrx_word' id='word_1_730' title='bbox 2012 5233 2078 5287; x_wconf 84' lang='lat' dir='ltr'><strong>Et</strong></span> <span class='ocrx_word' id='word_1_731' title='bbox 2109 5237 2580 5315; x_wconf 33' lang='lat' dir='ltr'><strong>cumlderepente</strong></span> <span class='ocrx_word' id='word_1_732' title='bbox 2632 5238 2977 5297; x_wconf 88' lang='lat' dir='ltr'><strong>Theodosius</strong></span> <span class='ocrx_word' id='word_1_733' title='bbox 3016 5244 3081 5297; x_wconf 91' lang='lat' dir='ltr'><strong>ad</strong></span> <span class='ocrx_word' id='word_1_734' title='bbox 3133 5259 3229 5297; x_wconf 74' lang='lat' dir='ltr'><strong>eos</strong></span> <span class='ocrx_word' id='word_1_735' title='bbox 3282 5246 3584 5315; x_wconf 87' lang='lat' dir='ltr'><strong>aliquando</strong></span> 
     </span>
    </p>
   </div>
   <div class='ocr_carea' id='block_1_109' title="bbox 2014 5308 3585 5409">
    <p class='ocr_par' dir='ltr' id='par_1_109' title="bbox 2014 5308 3585 5409">
     <span class='ocr_line' id='line_1_109' title="bbox 2014 5308 3585 5409; baseline 0.011 -33"><span class='ocrx_word' id='word_1_736' title='bbox 2014 5308 2274 5389; x_wconf 43' lang='lat' dir='ltr'><strong>venisset‘,</strong></span> <span class='ocrx_word' id='word_1_737' title='bbox 2304 5343 2505 5395; x_wconf 82' lang='lat' dir='ltr'><strong>pueros</strong></span> <span class='ocrx_word' id='word_1_738' title='bbox 2534 5330 2761 5398; x_wconf 82' lang='lat' dir='ltr'><strong>quidem</strong></span> <span class='ocrx_word' id='word_1_739' title='bbox 2788 5349 2915 5386; x_wconf 88' lang='lat' dir='ltr'><strong>cum</strong></span> <span class='ocrx_word' id='word_1_740' title='bbox 2959 5335 3254 5405; x_wconf 89' lang='lat' dir='ltr'><strong>splendore</strong></span> <span class='ocrx_word' id='word_1_741' title='bbox 3289 5339 3585 5409; x_wconf 74' lang='lat' dir='ltr'><strong>magnifico</strong></span> 
     </span>
    </p>
   </div>
   <div class='ocr_carea' id='block_1_110' title="bbox 2012 5411 3584 5485">
    <p class='ocr_par' dir='ltr' id='par_1_110' title="bbox 2012 5411 3584 5485">
     <span class='ocr_line' id='line_1_110' title="bbox 2012 5411 3584 5485; baseline 0.009 -14"><span class='ocrx_word' id='word_1_742' title='bbox 2012 5418 2387 5481; x_wconf 85' lang='lat' dir='ltr'><strong>cottsidetttes,</strong></span> <span class='ocrx_word' id='word_1_743' title='bbox 2420 5418 2716 5474; x_wconf 86' lang='lat' dir='ltr'><strong>Arseuium</strong></span> <span class='ocrx_word' id='word_1_744' title='bbox 2747 5411 2929 5479; x_wconf 78' lang='lat' dir='ltr'><strong>autem</strong></span> <span class='ocrx_word' id='word_1_745' title='bbox 2972 5427 3117 5483; x_wconf 84' lang='lat' dir='ltr'><strong>inter</strong></span> <span class='ocrx_word' id='word_1_746' title='bbox 3144 5428 3459 5485; x_wconf 84' lang='lat' dir='ltr'><strong>docendum</strong></span> <span class='ocrx_word' id='word_1_747' title='bbox 3500 5432 3584 5485; x_wconf 85' lang='lat' dir='ltr'><strong>eis</strong></span> 
     </span>
    </p>
   </div>
   <div class='ocr_carea' id='block_1_111' title="bbox 2014 5513 3585 5595">
    <p class='ocr_par' dir='ltr' id='par_1_111' title="bbox 2014 5513 3585 5595">
     <span class='ocr_line' id='line_1_111' title="bbox 2014 5513 3585 5595; baseline 0.011 -33"><span class='ocrx_word' id='word_1_748' title='bbox 2014 5518 2288 5564; x_wconf 82' lang='lat' dir='ltr'><strong>astantem</strong></span> <span class='ocrx_word' id='word_1_749' title='bbox 2336 5513 2561 5580; x_wconf 82' lang='lat' dir='ltr'><strong>reperit.</strong></span> <span class='ocrx_word' id='word_1_750' title='bbox 2610 5514 2725 5580; x_wconf 75' lang='lat' dir='ltr'><strong>Qua</strong></span> <span class='ocrx_word' id='word_1_751' title='bbox 2775 5518 2843 5572; x_wconf 89' lang='lat' dir='ltr'><strong>de</strong></span> <span class='ocrx_word' id='word_1_752' title='bbox 2894 5532 3057 5576; x_wconf 89' lang='lat' dir='ltr'><strong>causa</strong></span> <span class='ocrx_word' id='word_1_753' title='bbox 3105 5522 3407 5595; x_wconf 87' lang='lat' dir='ltr'><strong>imperator</strong></span> <span class='ocrx_word' id='word_1_754' title='bbox 3436 5524 3585 5579; x_wconf 58' lang='lat' dir='ltr'><strong>indic</strong></span> 
     </span>
    </p>
   </div>
   <div class='ocr_carea' id='block_1_112' title="bbox 340 5592 1888 5687">
    <p class='ocr_par' dir='ltr' id='par_1_112' title="bbox 340 5592 1888 5674">
     <span class='ocr_line' id='line_1_112' title="bbox 340 5592 1888 5674; baseline -0.002 -22"><span class='ocrx_word' id='word_1_755' title='bbox 340 5600 442 5668; x_wconf 74' lang='grc' dir='ltr'><strong>μὲν</strong></span> <span class='ocrx_word' id='word_1_756' title='bbox 465 5601 708 5667; x_wconf 82' lang='grc' dir='ltr'>ἐκείνους</span> <span class='ocrx_word' id='word_1_757' title='bbox 738 5603 847 5656; x_wconf 85' lang='grc' dir='ltr'><strong>τῶν</strong></span> <span class='ocrx_word' id='word_1_758' title='bbox 883 5592 1234 5674; x_wconf 61' lang='grc' dir='ltr'>παρασήμων</span> <span class='ocrx_word' id='word_1_759' title='bbox 1255 5619 1271 5637; x_wconf 78' lang='grc' dir='ltr'><strong><em>ο</em></strong></span> <span class='ocrx_word' id='word_1_760' title='bbox 1305 5603 1368 5654; x_wconf 83' lang='grc' dir='ltr'>τὸ</span> <span class='ocrx_word' id='word_1_761' title='bbox 1397 5600 1443 5653; x_wconf 79' lang='grc' dir='ltr'>δ’</span> <span class='ocrx_word' id='word_1_762' title='bbox 1470 5600 1715 5669; x_wconf 80' lang='grc' dir='ltr'>ἀοίδιμον</span> <span class='ocrx_word' id='word_1_763' title='bbox 1740 5600 1888 5653; x_wconf 66' lang='grc' dir='ltr'>ἐκεῖνι</span> 
     </span>
    </p>
   </div>
   <div class='ocr_carea' id='block_1_113' title="bbox 1993 5592 3588 5687">
    <p class='ocr_par' dir='ltr' id='par_1_113' title="bbox 2016 5592 3588 5687">
     <span class='ocr_line' id='line_1_113' title="bbox 2016 5592 3588 5687; baseline 0.01 -35"><span class='ocrx_word' id='word_1_764' title='bbox 2016 5609 2243 5670; x_wconf 76' lang='lat' dir='ltr'><strong>gnatus,</strong></span> <span class='ocrx_word' id='word_1_765' title='bbox 2284 5615 2410 5656; x_wconf 89' lang='lat' dir='ltr'><strong>cum</strong></span> <span class='ocrx_word' id='word_1_766' title='bbox 2438 5603 2567 5659; x_wconf 86' lang='lat' dir='ltr'><strong>illos</strong></span> <span class='ocrx_word' id='word_1_767' title='bbox 2604 5606 2919 5678; x_wconf 80' lang='lat' dir='ltr'><strong>insignibus</strong></span> <span class='ocrx_word' id='word_1_768' title='bbox 2959 5592 3368 5687; x_wconf 77' lang='lat' dir='ltr'><strong>principalibus</strong></span> <span class='ocrx_word' id='word_1_769' title='bbox 3404 5614 3588 5671; x_wconf 61' lang='lat' dir='ltr'><strong>nudsc</strong></span> 
     </span>
    </p>
   </div>
   <div class='ocr_carea' id='block_1_114' title="bbox 420 5740 2743 5817">
    <p class='ocr_par' dir='ltr' id='par_1_114' title="bbox 420 5740 2743 5817">
     <span class='ocr_line' id='line_1_114' title="bbox 420 5740 2743 5817; baseline 0.003 -19"><span class='ocrx_word' id='word_1_770' title='bbox 420 5743 497 5812; x_wconf 85' lang='grc'><strong>(1)</strong></span> <span class='ocrx_word' id='word_1_771' title='bbox 537 5746 778 5813; x_wconf 81' lang='lat' dir='ltr'><strong>Quatuor</strong></span> <span class='ocrx_word' id='word_1_772' title='bbox 809 5747 1365 5817; x_wconf 83' lang='lat' dir='ltr'><strong>ejuseoustitutiones</strong></span> <span class='ocrx_word' id='word_1_773' title='bbox 1386 5752 1599 5799; x_wconf 81' lang='lat' dir='ltr'><strong>exstant</strong></span> <span class='ocrx_word' id='word_1_774' title='bbox 1631 5741 1685 5796; x_wconf 91' lang='lat' dir='ltr'><strong>in</strong></span> <span class='ocrx_word' id='word_1_775' title='bbox 1719 5740 1778 5796; x_wconf 90' lang='lat' dir='ltr'><strong>C.</strong></span> <span class='ocrx_word' id='word_1_776' title='bbox 1807 5743 1907 5796; x_wconf 85' lang='lat' dir='ltr'><strong>sub</strong></span> <span class='ocrx_word' id='word_1_777' title='bbox 1947 5744 2030 5799; x_wconf 91' lang='lat' dir='ltr'><strong>tit.</strong></span> <span class='ocrx_word' id='word_1_778' title='bbox 2063 5744 2159 5799; x_wconf 74' lang='lat' dir='ltr'><strong>Ad.</strong></span> <span class='ocrx_word' id='word_1_779' title='bbox 2198 5745 2297 5813; x_wconf 73' lang='lat' dir='ltr'><strong>lt&#39;q.</strong></span> <span class='ocrx_word' id='word_1_780' title='bbox 2326 5742 2437 5804; x_wconf 81' lang='lat' dir='ltr'><strong>Jul.</strong></span> <span class='ocrx_word' id='word_1_781' title='bbox 2478 5751 2541 5802; x_wconf 85' lang='lat' dir='ltr'><strong>de</strong></span> <span class='ocrx_word' id='word_1_782' title='bbox 2571 5749 2743 5807; x_wconf 73' lang='lat' dir='ltr'><strong>aditu.</strong></span> 
     </span>
    </p>
   </div>
  </div>
