3918 6562
353 501 461 568 817

1282 506 1885 568 ECCLESlASTlCJ‘I
1917 506 2323 568 :HlSTORI/F.
2367 507 2514 566 LIB.
2559 506 2697 568 XII.

3490 508 3602 570 818

352 617 587 688 κριθεὶς,
624 618 834 675 ἐκεῖθεν
866 620 1016 689 ἥκων
1046 621 1343 689 προϊστατο
1376 623 1475 691 τῆς
1506 624 1815 695 αἱρέσεως..
1838 624 1924 677 Ἐν

2035 633 2315 690 prmesset,
2345 623 2559 678 electus
2593 623 2797 687 fuerat,
2830 628 3088 691 tanquam
3120 620 3216 676 illo
3261 618 3328 674 ad
3366 618 3416 675 id
3472 634 3597 672 mu-

349 710 408 765 δὲ
435 709 610 782 τούτῳ
632 713 727 766 καὶ
755 712 1021 766 Παυλίνου
1052 713 1108 765 ἐν
1145 713 1449 786 Ἀντιοχείᾳ
1474 703 1923 786 τελευτήσαντος,

348 804 400 854 ot
432 802 523 854 ὑπ’
551 802 750 873 ἐκείνῳ
780 803 1103 871 ταττόμενοι
1135 803 1243 873 ίδία
1273 805 1438 857 πάλιν
1470 807 1568 869 τὰς
1601 807 1925 875 συναγωγὰς

354 890 661 957 ἐποιοῦντο,
685 893 776 945 τὸν
798 893 1106 948 Φλαϐιανέν
1140 896 1557 964 ἐκτρεπόμενοι,
1591 897 1684 950 ἆτε
1711 897 1776 969 δὴ
1799 898 1922 962 τοὺς

284 1014 289 1017 ς
353 981 445 1030 ἐπὶ
485 980 736 1050 Μελετίῳ
793 977 1198 1053 γεγενημένους
1250 984 1468 1055 ὅρκους.
1533 978 1926 1056 μὴ’προσῆκον

347 1073 431 1139 δν,
466 1076 806 1144 παραϐάντα,
843 1078 1045 1149 καίπερ
1089 1080 1241 1133 οὐδὲν
1271 1081 1401 1149 περὶ
1443 1081 1504 1134 τὸ
1532 1081 1710 1152 δόγμα
1741 1082 1930 1150 διαφε-

348 1168 592 1232 ρῖμενοι.
642 1169 912 1238 Εὑάγριον
959 1169 1014 1223 δέ
1043 1188 1163 1224 τινα
1214 1171 1357 1238 μετὰ
1401 1171 1577 1227 ταῦτα
1619 1174 1687 1244 τῇ
1729 1173 1929 1227 Παυλί·

347 1274 443 1307 νον
478 1256 697 1327 διαδοχῇ
725 1259 1049 1317 καθιστῶσι.
1078 1262 1185 1316 Τοῦ
1216 1263 1273 1317 δέ
1297 1262 1473 1335 βραχύ
1504 1282 1558 1318 τι
1593 1263 1929 1318 ἐπιϐιώσαν-

346 1366 462 1410 τος,
501 1350 759 1419 οὐδαμῶς
789 1352 978 1420 ἐτερος
1012 1353 1091 1416 εἰς
1120 1354 1211 1407 τὸν
1237 1355 1449 1409 ἐκείνου
1472 1356 1640 1410 τόπον
1663 1357 1927 1426 κατέστη,

345 1440 655 1494 Φλαϐιανοῦ
682 1444 1164 1513 ἀντιπράττοντος.
1195 1445 1355 1500 Ὅσοι
1395 1447 1454 1501 δὲ
1497 1445 1595 1518 τὴν
1621 1447 1756 1518 πρὸς
1789 1448 1929 1500 Φλαο

348 1532 541 1585 ϐιανδν
589 1535 903 1597 ,κοινωνίαν
959 1535 1333 1604 ἐξετρέποντο,
1391 1538 1499 1607 ίδίᾳ
1563 1537 1927 1607 συναγόμενοι

346 1625 736 1693 ἐκκλησίαζον.
781 1626 842 1681 ὐ
875 1626 976 1695 μὲν
1000 1628 1106 1696 γὰρ
1142 1629 1401 1693 Παυλῖνος
1423 1629 1718 1700 ἐϐουλήθη,
1752 1630 1928 1683 Μελε-

345 1716 463 1767 τίου
502 1716 783 1782 θανόντος,
824 1720 923 1787 τὴν
956 1721 1425 1792 τῆςηῈκκλησίας
1463 1723 1686 1777 ἃπασαν
1719 1725 1928 1794 ἠγεμο-

345 1808 466 1860 νίαν
514 1809 735 1863 λαϐεῖν·
769 1812 1023 1879 ἀντέλεγε
1058 1814 1128 1888 ,δὲ
1163 1814 1190 1867 ὁ
1232 1815 1343 1868 τῶν
1390 1815 1587 1884 ίερέων
1618 1816 1800 1886 χορὸς,
1854 1817 1929 1888 μὴ

347 1899 558 1970 χρῆναι
585 1902 855 1968 λεγόντων
906 1905 997 1956 τὸν
1029 1903 1106 1975 μὴ
1140 1904 1240 1968 τὰς
1295 1904 1563 1960 Μελετίου
1615 1906 1931 1976 συμϐουλὰς

2032 729 2137 768 nus
2178 712 2496 769 obeundum
2534 714 2706 785 magis
2755 712 3006 779 idoneus,
3054 710 3592 780 Constantinopolim

2033 806 2162 862 inde
2208 808 2381 870 venit,
2415 798 2481 862 et
2523 818 2686 862 sectae
2730 821 2843 861 suae
2878 806 3074 876 prwiit.
3109 804 3322 860 Interea
3370 802 3602 859 Paulino

2028 913 2249 968 quoque
2278 898 2581 955 Antiochiae
2613 896 2896 963 defuncto,
2929 895 3022 967 qui
3055 895 3437 951 auctoritatem
3482 893 3603 962 ejus

2029 998 2084 1045 et
2115 988 2361 1058 auspicia
2398 991 2572 1045 secuti
2606 998 2786 1053 erant,
2819 1003 2949 1042 suos
2981 988 3086 1045 sibi
3122 994 3451 1049 conventus,
3480 984 3603 1039 Fla-

2031 1084 2253 1138 vianum
2282 1092 2625 1143 aversantes,
2656 1098 2841 1152 egere,
2884 1080 3055 1135 veluti
3086 1080 3180 1149 qui
3208 1078 3596 1150 jusjurandum

2033 1171 2250 1232 Meletio
2307 1172 2612 1242 praestitum
2670 1172 2851 1225 minus
2901 1170 3164 1224 decenter
3211 1178 3267 1225 et
3321 1168 3601 1238 illegitime

2031 1265 2295 1319 violasset
2323 1281 2335 1317 :
2363 1279 2488 1319 cum
2525 1263 2749 1333 quidem
2780 1263 2857 1317 illi
2891 1261 2958 1317 de
2988 1261 3245 1333 dogmate
3274 1260 3410 1315 nihil
3438 1260 3507 1316 ab
3538 1275 3603 1313 eo

2032 1354 2386 1414 dissiderent.
2444 1354 2737 1424 Evagrinm
2794 1363 2980 1409 autem
3037 1353 3333 1423 quemdam
3408 1359 3601 1423 postea

2030 1447 2260 1503 Paulino
2293 1448 2684 1517 subrogarnnt.
2717 1445 2967 1518 Cumque
3002 1445 3048 1499 is
3079 1447 3144 1498 ad
3176 1446 3343 1499 breve
3386 1456 3603 1512 tempus

2031 1544 2455 1613 supervixisset,
2501 1542 2645 1601 alius
2681 1545 2737 1604 in
2778 1543 2962 1601 locum
2990 1542 3134 1612 ejus,
3167 1541 3430 1595 Flaviano
3461 1540 3602 1593 reni-

2034 1644 2205 1695 lente.
2249 1634 2587 1689 substitutus
2629 1649 2735 1688 non
2781 1643 2886 1689 est.
2931 1631 3034 1709 Qui
3087 1633 3256 1703 igitur
3290 1648 3320 1687 a
3355 1630 3601 1698 Flaviani

2032 1726 2418 1780 communione
2464 1724 2865 1790 abhorrebant,
2901 1722 3157 1788 seorsim,
3185 1723 3345 1778 sicuti
3392 1720 3600 1777 dictum

2032 1825 2138 1881 est,
2185 1826 2495 1873 conventus
2548 1817 2957 1872 ecclesiasticos
3005 1815 3380 1872 celebrarunt.
3437 1814 3604 1887 268

2037 1907 2304 1962 Paulinus
2348 1907 2591 1977 quidem,
2633 1908 2723 1961 ubi
2774 1907 3026 1964 Meletius
3073 1907 3329 1969 decessit,
3375 1908 3598 1962 univer-

343 1993 787 2065 προσδεξάμενον
841 1997 984 2067 μετά
1024 1972 1284 2068 τελευτὴν
1331 1999 1423 2052 τὸν
1455 1972 1926 2070 ἐκείνου-κλῆρον

2033 2014 2147 2053 sam
2179 1999 2440 2056 Ecclesia:
2482 1999 3028 2055 administrationem
3081 2000 3370 2069 suseipere
3402 1999 3599 2053 voluit.

341 2085 552 2152 λαϐεῖν,
593 2086 708 2139 ἀλλ’
740 2089 948 2142 ἐκεῖνον
979 2088 1039 2152 ὃς
1090 2090 1308 2155 πολλοῖς
1342 2091 1527 2156 πόνοις
1577 2091 1677 2161 τὴν
1715 2093 1927 2147 ἐκείνου

341 2173 641 2244 διετήρησε
673 2174 938 2246 ποίμνην,
969 2178 1179 2231 ἐκεῖνον
1217 2179 1313 2233 καὶ
1345 2179 1454 2232 τῶν
1476 2180 1692 2235 ἐκείνου
1723 2181 1930 2251 προϐά-

342 2284 449 2318 των
477 2267 735 2334 γενέσθαι
762 2269 1026 2339 ποιμένα.
1077 2270 1143 2322 ’0
1183 2271 1271 2342 δὴ,
1297 2269 1373 2335 ὡς
1412 2272 1652 2343 εἴρηται,
1709 2276 1821 2336 τοῖς
1869 2289 1927 2327 τε

356 2357 671 2432 Ἐσπερίοις
689 2362 781 2414 καὶ
808 2361 1000 2433 Ἒῴοις
1019 2363 1345 2435 δυσμένειαν
1368 2367 1717 2437 μακροτάτην
1737 2367 1927 2437 εἰργά-

342 2471 480 2507 σατο
502 2472 518 2486 ·
573 2453 623 2507 οἶ
674 2454 797 2509 οὐδὲ
829 2456 973 2526 μετὰ
1001 2455 1094 2510 τὸν
1130 2455 1399 2511 Παυλίνου
1428 2456 1662 2512 θάνατον
1702 2460 1763 2511 τὸ
1786 2458 1927 2529 πρὸς

343 2546 562 2597 ἐκεῖνον
615 2546 996 2616 δυσμεναίνειν
1039 2548 1308 2602 ἀπέθεντο
1328 2565 1342 2581 ’
1379 2551 1516 2604 ἀλλὰ
1547 2552 1641 2603 καὶ
1669 2553 1810 2620 μετὰ
1836 2551 1928 2604 τὸν

346 2637 623 2706 Εὑάγριον
661 2639 948 2707 Φλαϐιανῷ
976 2641 1404 2711 χαλεπαίνοντες
1448 2637 1612 2713 ἦσαν,
1638 2645 1733 2695 καὶ
1760 2643 1929 2697 ταῦτα

341 2727 438 2782 τοῦ
472 2728 746 2800 Εὖαγρίου
807 2731 957 2799 παρὰ
1010 2731 1186 2789 πάντα
1240 2731 1694 2801 ἐκκλησιαστικὸν
1724 2734 1928 2803 προϐε-

347 2820 622 2891 ϐλημένου
680 2821 920 2891 θεσμόν⁸
983 2822 1012 2875 ὁ
1056 2821 1167 2891 γὰρ
1214 2822 1477 2886 Παυλῖνος
1533 2821 1694 2894 μόνος
1760 2825 1924 2876 αὐτόν

353 2913 748 2982 προεϐάλλετο,
775 2914 1007 2978 πολλοὺς
1032 2913 1264 2976 κανόνας
1296 2915 1378 2977 είς
1408 2916 1604 2968 ταυτὸν
1631 2915 1923 2987 ἀθετήσας.

349 3004 492 3057 Οὔτε
526 3007 632 3076 γὰρ
685 3006 876 3076 ἕτερον
931 3004 1049 3073 ᾁνθ’
1083 3004 1282 3059 ἐαυτοῦ
1313 3006 1404 3060 τὸν
1435 3006 1780 3060 τελευτῶντα
1807 3023 1924 3077 χει-

351 3100 592 3169 ροτονεῖν
622 3098 923 3152 ἐνδιδόασιν
947 3115 960 3130 ·
996 3100 1073 3163 εἰς
1100 3097 1160 3152 ἐν
1185 3098 1242 3152 δέ
1279 3099 1520 3152 συνιέναι
1551 3100 1790 3163 καὶτοὺς
1823 3098 1923 3169 τῆς

343 3192 620 3262 ἐπαρχίας
649 3191 894 3256 ἅπαντας
923 3191 1255 3256 ἐπισκόπους
1279 3193 1718 3264 διαγορεύουσιν.
1761 3172 1922 3247 Ἀλλὰ

2031 2093 2234 2147 Verum
2282 2092 2333 2147 ei
2379 2094 2735 2148 sacerdotum
2770 2093 2969 2147 restitit
3003 2101 3205 2151 cmtus.
3239 2090 3419 2144 Minus
3450 2091 3598 2144 enim

2030 2185 2329 2241 convenire
2372 2184 2655 2251 dicebant,
2708 2194 2767 2240 ut
2812 2186 2880 2251 is,
2931 2192 3053 2254 post
3087 2181 3290 2237 Melelii
3344 2191 3600 2242 mortem,

2030 2276 2210 2333 locum
2248 2277 2397 2333 illius
2431 2278 2623 2333 sortiri
2657 2278 2909 2342 deberet,
2946 2267 3041 2347 Qui
3069 2274 3296 2331 consilia
3352 2273 3472 2342 ejus
3518 2288 3601 2326 re-

2031 2371 2355 2437 pudiasset:
2387 2368 2484 2424 sed
2534 2379 2594 2423 ut
2629 2368 2721 2422 ille
2757 2369 2944 2439 potius
2980 2366 3167 2422 ovium
3197 2374 3386 2435 pastor
3423 2363 3598 2425 fieret,

2029 2462 2123 2532 qui
2177 2461 2368 2517 labore
2419 2461 2594 2514 tlillilo
2645 2461 2789 2515 ovile
2841 2460 2964 2531 ejus
3005 2462 3410 2513 conservasset.
3472 2453 3603 2520 Quae

2031 2568 2165 2609 sane
2213 2569 2324 2619 res,
2357 2553 2434 2622 uti
2486 2552 2695 2606 dictum
2745 2560 2849 2615 est,
2896 2547 3233 2604 simultatem
3281 2545 3600 2599 diuturnam

2033 2646 2180 2700 inter
2207 2643 2588 2701 Occidentales
2622 2652 2676 2696 et
2703 2641 3014 2698 Orientales
3043 2638 3322 2695 excitavit.
3352 2636 3417 2690 Et
3448 2634 3601 2690 Occi-

2029 2736 2282 2791 dentales
2331 2750 2512 2804 neque
2567 2744 2691 2804 post
2748 2732 2963 2787 Paulini
3024 2730 3238 2786 obitum
3289 2729 3599 2783 animorum

2029 2841 2258 2881 suorum
2307 2823 2578 2880 adversus
2632 2823 2957 2878 Flavianum
3015 2819 3374 2875 acerbitatem
3429 2819 3601 2889 depo-

2028 2929 2282 2984 suerunt,
2336 2927 2461 2980 post
2494 2917 2720 2988 Evagrii
2756 2916 2925 2970 etiam
2962 2922 3195 2968 mortem
3243 2911 3320 2966 illi
3369 2926 3597 2966 succen-

2028 3020 2239 3077 sentes,
2288 3011 2455 3082 idque
2507 3011 2741 3081 Evagrio
2792 3010 2991 3064 contra
3025 3004 3431 3062 ecclesiasticas
3475 3018 3601 3057 san-

2026 3102 2240 3157 ctioncs
2270 3116 2462 3156 omnes
2509 3100 2773 3154 antitiste
2806 3097 3116 3166 designato.
3153 3093 3315 3150 Solus
3363 3105 3600 3160 namque

2029 3193 2298 3249 Paulinus
2342 3192 2664 3264 episcopum
2709 3206 2838 3247 enm
2870 3188 3262 3250 destinaverat,
3294 3183 3600 3240 canonibus

345 3283 439 3334 ml.
481 3282 651 3351 τριῶν
690 3282 820 3334 ἄνευ
852 3281 1168 3335 ἐπισκόπων
1195 3281 1270 3353 μὴ
1300 3282 1552 3349 γίνεσθαι
1584 3285 1925 3353 χειροτονίαν

2030 3284 2217 3337 multis
2265 3278 2623 3353 procitlcatis.
2654 3281 2776 3336 Non
2812 3280 2961 3334 enim
2996 3277 3076 3332 illi
3121 3277 3395 3331 morituro
3429 3275 3595 3328 alium

280 3426 297 3437 κ
346 3374 653 3425 ἐπισκόπου
715 3372 1056 3437 θεσπίζουσι.
1114 3373 1280 3427 Ταῦτ’
1310 3375 1433 3428 ούδέ
1467 3375 1705 3429 συνιδεῖν
1738 3374 1927 3448 ἐθελή-

346 3479 564 3528 σαντες,
605 3462 873 3532 Εὑάγριον
924 3463 1024 3533 μὲν
1056 3463 1447 3533 προσεδέχοντο
1472 3509 1486 3530 ,
1523 3464 1826 3518 Φλαϐιανὸν
1872 3465 1928 3519 δὲ

348 3554 702 3609 παντάπασιν
733 3556 1071 3622 ἀπεσείοντο,
1103 3556 1200 3608 καὶ
1237 3555 1516 3621 τοσοῦτον,
1569 3557 1645 3621 ώς
1677 3561 1772 3610 καὶ
1802 3560 1923 3631 ταῖς

350 3638 657 3715 βασιλικαῖς
687 3648 924 3717 ἐνοχλεῖν
955 3647 1074 3700 κατ’
1108 3647 1275 3702 αὐτοῦ
1299 3650 1490 3713 ἀκοαῖς
1511 3666 1527 3679 ·
1551 3650 1607 3714 ὃς
1639 3650 1727 3704 διὰ
1752 3650 1927 3705 ταῦτα

350 3740 662 3811 ἐνοχληθεὶς
696 3742 955 3806 πολλάκις
976 3743 1152 3813 ἤγαγέ
1184 3760 1243 3798 τε
1303 3744 1468 3797 αὐτὸν
1522 3746 1604 3803 εἰς
1638 3749 1740 3816 τὴν
1774 3747 1930 3799 Κων-

356 3833 662 3899 σταντίνου,
699 3833 794 3887 καὶ
833 3836 914 3897 είς
977 3834 1203 3903 Ῥώμην
1239 3837 1541 3904 ἀφικέσθαι
1595 3837 1832 3901 ἐϐίαζεν.
1870 3839 1927 3892 '0

351 3928 406 3978 δὲ
451 3929 546 3979 τὸν
596 3926 841 3997 χειμῶνα
876 3926 1333 3997 προϐαλλόμενος,
1367 3925 1525 3998 ἔαρος
1571 3928 1927 3999 ὑπολάμπον-

353 4037 441 4081 τος
487 4005 802 4089 ὑπισχνεῖτο
859 4020 1097 4088 περᾶναι
1149 4019 1210 4071 τὸ
1271 4019 1762 4089 προσταττόμενον.
1818 4020 1927 4074 Καὶ

355 4112 475 4163 τότε
510 4110 608 4179 μέν
641 4110 887 4178 ἀφεθεὶς,
917 4110 999 4174 είς
1028 4111 1130 4182 τὴν
1163 4109 1372 4164 οίκείαν
1402 4112 1642 4183 ποίμνην
1664 4112 1891 4181 ἀφίκετο
1910 4128 1925 4144 ο

356 4205 449 4256 καὶ
480 4204 661 4257 πάντα
689 4204 859 4268 λίθον,
894 4205 954 4256 τὸ
984 4204 1078 4258 τοῦ
1112 4205 1298 4275 λόγου,
1324 4204 1492 4258 ἐκίνει
1522 4205 1614 4273 ὑφ’
1644 4204 1836 4259 ἑαυτὸν
1869 4203 1928 4257 τδ

360 4295 654 4358 στασιάζον
700 4296 949 4365 ποιῆσαι.
998 4298 1064 4349 '0
1093 4296 1156 4366 δὴ
1203 4299 1298 4351 καὶ
1328 4297 1467 4350 κατὰ
1513 4295 1710 4367 μικρὸν
1740 4296 1926 4365 ἴσχυσε

357 4381 784 4454 διαπράξασθαι,
840 4384 1295 4454 ἐκμειλιξάμενος
1359 4384 1620 4454 Θεόφιλον
1681 4382 1772 4437 τὸν
1829 4385 1927 4453 τῆς

369 4476 722 4545 Ἀλεξάνδρου
757 4475 1081 4540 ἐπίσκοπον,
1106 4475 1174 4529 δι’
1194 4471 1255 4529 οὗ
1282 4476 1375 4530 καὶ
1415 4475 1673 4545 Δάμασον
1706 4474 1798 4528 τον
1825 4474 1927 4544 τῆς

367 4566 588 4638 Ῥώμης
620 4566 923 4620 ἐπίσκοπον
971 4567 1209 4638 ἀρίστως
1259 4567 1586 4639 κατήλλαξε.
1622 4568 1734 4622 Καὶ
1760 4568 1926 4637 ἄμφω

2031 3374 2087 3430 in
2131 3375 2312 3431 locum
2342 3390 2501 3429 suum
2546 3375 2849 3445 subrogare
2877 3370 3202 3443 episcopum
3251 3369 3597 3440 permittunt,

2029 3468 2125 3524 sed
2158 3468 2447 3538 episcopos
2481 3467 2782 3537 provinciae
2813 3479 3006 3520 omnes
3031 3463 3099 3517 ad
3130 3446 3461 3517 electionem
3493 3459 3601 3514 SCi?

2027 3560 2160 3616 licet
2188 3562 2339 3615 coire
2377 3559 2610 3630 jubent:
2644 3564 2780 3629 quin
2815 3558 2983 3613 etiam
3013 3555 3132 3612 sine
3176 3553 3355 3608 tribus
3385 3550 3601 3620 episco-

2028 3642 2397 3723 pis'episcopi
2442 3651 2849 3708 ordinationem
2898 3647 3019 3703 fieri
3071 3662 3182 3701 non
3224 3644 3428 3700 debere
3483 3650 3594 3697 sta‘

2029 3753 2212 3799 tnunt.
2246 3743 2373 3798 Haec
2412 3758 2536 3797 cum
2587 3741 2897 3810 intelligere
2927 3739 3159 3804 nollent,
3192 3734 3487 3805 Evagrium
3523 3732 3595 3784 illi

2028 3831 2253 3901 quidem
2287 3841 2674 3900 susceperunt,
2726 3828 3047 3884 Flavianum
3082 3840 3215 3881 vero
3250 3838 3482 3894 prorsus
3512 3837 3597 3874 re-

2029 3924 2351 3994 pudiarunt,
2386 3939 2560 3992 usque
2606 3923 2744 3977 adeo
2777 3931 2835 3976 ut
2876 3915 2998 3992 ejus
3029 3934 3198 3975 causa
3248 3916 3598 3988 imperatoris

2026 4016 2190 4072 etiam
2239 4014 2614 4070 obtunderent
2658 4028 2843 4068 aures.
2892 4011 2999 4079 Qui
3045 4024 3170 4066 cum
3205 4007 3455 4063 molestia
3495 4006 3597 4064 hac

2029 4107 2097 4164 de
2126 4123 2192 4163 re
2222 4106 2420 4177 swpius
2453 4114 2781 4168 conventus,
2818 4118 2945 4158 cum
2972 4102 3294 4158 Flavianum
3321 4099 3596 4156 Constan-

2031 4197 2317 4269 tinopolim
2351 4196 2621 4261 evocavit,
2668 4205 2785 4251 tum
2819 4195 3049 4251 Romam
3081 4193 3249 4249 etiam
3305 4191 3459 4247 adire
3501 4205 3597 4245 co-

2026 4289 2162 4359 egit.
2192 4288 2370 4359 Atque
2394 4288 2484 4343 ille
2508 4287 2704 4343 hiemis
2736 4285 3235 4342 incommoditatent
3266 4291 3595 4354 praetexens,

2029 4396 2159 4437 vere
2195 4381 2570 4441 illucescente,
2621 4380 2886 4449 imperata
2934 4393 2992 4433 se
3032 4388 3421 4433 exsecuturum
3472 4390 3595 4429 esse.

2029 4472 2307 4542 pollicitus
2330 4479 2433 4526 est.
2469 4472 2546 4525 Ac
2572 4479 2685 4524 tum
2719 4468 2939 4540 quidem
2970 4469 3254 4532 dimissus,
3273 4466 3347 4523 ad
3373 4482 3592 4539 gregem

2030 4578 2191 4619 suum
2222 4562 2518 4618 Flavianus
2556 4562 2741 4625 rediit,
2775 4558 3026 4633 nihilque
3071 4575 3180 4616 non
3231 4560 3488 4627 tentavit,
3537 4569 3596 4613 ut

359 4660 466 4729 γὰρ
495 4661 549 4723 ἐς
579 4659 831 4712 πλεῖστον
878 4660 1022 4713 κατὰ
1074 4659 1382 4714 Φλαϐιανοῦ
1437 4660 1789 4729 ἐχαλέπαινον
1814 4675 1829 4691 ο
1861 4660 1921 4712 οὐ

2029 4671 2126 4710 eos
2156 4656 2250 4726 qui
2283 4671 2380 4725 per
2424 4654 2756 4710 seditionem
2796 4662 3163 4718 secesserant,
3194 4651 3303 4709 sibi
3354 4652 3593 4722 conjun-

362 4754 525 4820 μόνον
550 4752 630 4805 ὅτι
691 4752 748 4804 ἐν
777 4751 1021 4823 δευτέρῳ
1051 4752 1179 4814 τοὺς
1233 4751 1432 4821 ὅρκους
1469 4751 1661 4818 ἐποίει,
1692 4749 1811 4805 ἀλλ’
1843 4752 1925 4803 ὄτι

352 4846 453 4892 καὶ
506 4842 690 4895 αἰτίαν
745 4843 845 4895 οὐκ
901 4841 1196 4911 ἐλαχίστην
1253 4843 1483 4912 παρεῖχε
1537 4841 1664 4903 τοὺς
1699 4841 1759 4895 τὸ
1810 4842 1925 4894 ίσον

358 4935 534 5003 δόγμα
569 4934 975 5005 πρεσϐεύοντας
1000 4934 1095 4987 ἐπὶ
1136 4934 1289 4987 τόσον
1315 4931 1671 5004 διείργεσθαι.
1715 4933 1924 5003 Βραδύ-

360 5039 503 5074 νοντι
525 5022 581 5074 δὲ
614 5022 713 5092 τὴν
742 5023 801 5084 ἐς
843 5021 1060 5091 Ῥώμην
1106 5020 1293 5090 ἄφιξιν
1321 5020 1399 5091 τῷ
1431 5021 1739 5091 Φλαϐιανῷ,
1777 5026 1803 5077 ὁ
1834 5022 1925 5075 θε-

360 5118 580 5175 σπέσιος
607 5115 883 5183 Δάμασος,
942 5115 1034 5167 καὶ
1057 5113 1085 5166 δ
1122 5111 1240 5183 μετ’
1293 5113 1504 5167 ἐκεῖνον
1536 5114 1794 5182 Σιρίκιος,
1832 5116 1925 5168 καὶ

370 5208 719 5270 Ἀναστάσιος
741 5206 800 5271 ὃς
831 5207 1075 5278 Σιρίκιον
1101 5207 1391 5273 διεδέξατο,
1415 5207 1509 5261 τοῦ
1542 5208 1800 5272 εὐσεϐοῦς
1826 5209 1925 5278 βα-

361 5301 551 5379 σιλέως
614 5301 903 5371 γράμμασι
971 5300 1329 5372 σφοδρότερον
1357 5303 1625 5371 ἣπτοντοο
1671 5303 1795 5365 τοὺς
1828 5302 1924 5371 μὲν

363 5394 657 5461 σφετέρους
710 5393 961 5462 λέγοντες
1013 5392 1208 5446 θᾶττον
1260 5393 1555 5447 καταλύειν
1620 5393 1922 5467 πολέμους,

361 5488 484 5547 τοὺς
506 5486 561 5539 δὲ
592 5488 732 5540 κατὰ
757 5485 1000 5557 Χριστοῦ
1023 5486 1487 5557 θρασυνομένους,
1520 5487 1617 5541 καὶ
1649 5488 1757 5540 τῶν
1781 5488 1925 5539 ἐκεῖ·

363 5593 452 5629 νου
489 5578 651 5631 θείων
688 5578 907 5647 θεσμῶν
959 5579 1267 5647 ἀλογίστως
1313 5580 1556 5647 ἔχοντας,
1604 5578 1776 5643 οὕτως
1832 5579 1925 5633 ἐπὶ

360 5669 457 5735 τῆς
490 5670 806 5740 τυραννίδος
831 5671 947 5742 ἐᾷν.
996 5670 1161 5724 Ὅθεν
1188 5673 1280 5725 καὶ
1310 5671 1471 5725 πάλιν
1523 5674 1729 5725 ἐκεῖνον
1753 5689 1924 5743 μετα-

368 5761 720 5830 καλούμενος,
770 5764 869 5833 τὴν
900 5765 992 5817 ἐπὶ
1037 5762 1259 5835 Ῥώμην
1307 5763 1622 5817 στέλλεσθαι
1654 5767 1925 5832 κατηνάγ-

366 5850 528 5913 καζε·
586 5854 677 5905 καὶ
728 5852 862 5919 δῆτα
918 5850 1111 5917 ἐλθὼν,
1150 5855 1231 5927 ,τῇ
1287 5853 1576 5922 σοφωτάτῃ
1640 5852 1926 5922 παρρησία

366 5941 702 6006 vomitusve;
742 5942 1107 6008 ἁιεφθέγξατο
1130 5960 1144 5976 ο
1186 5962 1204 5996 ι
1246 5944 1304 5998 ΕΞ
1340 5944 1459 6008 μὲν,
1485 5937 1529 5996 ὦ
1554 5943 1798 6009 βασιλεῦ,
1825 5945 1925 6011 τῆς

2028 4759 2202 4820 geret.
2235 4745 2392 4811 Quod
2420 4747 2595 4803 etiam
2618 4747 2883 4818 paulatim
2919 4746 3140 4800 demum
3166 4744 3373 4808 ell'eeit,
3403 4744 3594 4800 conci-

2026 4840 2292 4906 liatosibi
2330 4847 2518 4910 postea
2558 4838 2932 4893 Alexandrino
2964 4838 3222 4907 episcopo
3244 4834 3580 4904 Theophilo,

2030 4948 2127 5001 per
2160 4947 2325 5001 quem
2361 4933 2568 5002 optime
2606 4946 2823 5002 quoque
2856 4930 3073 4983 Damasi
3107 4929 3337 4983 Romani
3366 4927 3589 4980 antisti-

2031 5024 2103 5077 tis
2146 5023 2387 5077 favorem
2420 5033 2509 5078 est
2553 5031 2909 5078 consecutus.
2946 5019 3124 5074 Ambo
3157 5019 3305 5074 enim
3345 5019 3437 5072 isti
3473 5018 3593 5077 Fla-

2028 5114 2193 5169 viano
2240 5114 2541 5185 plurimum
2594 5112 2795 5168 infensi
2830 5110 3073 5177 fuerant,
3106 5109 3249 5180 quod
3282 5126 3391 5165 non
3426 5110 3592 5184 modo

2023 5208 2384 5280 jurisjurandi
2420 5217 2827 5262 sacramentum
2878 5207 3160 5268 violasset,
3199 5221 3388 5259 verum
3420 5208 3587 5259 etiam

2029 5296 2325 5370 plurimum
2380 5314 2559 5354 causa:
2612 5298 2956 5368 prwhuisset,
2996 5308 3059 5353 ut
3112 5299 3385 5370 homines,
3445 5299 3586 5359 idem

2028 5396 2220 5462 dogma
2287 5393 2646 5464 profitentes,
2714 5401 2999 5469 tantopere
3065 5409 3161 5464 per
3212 5396 3589 5461 secessionem

2026 5488 2172 5543 inter
2203 5502 2262 5542 se
2305 5485 2662 5540 dissiderent.
2702 5483 2805 5543 Ubi
2837 5500 2969 5538 vero
2998 5485 3227 5559 Romam
3263 5485 3421 5543 adire
3463 5487 3586 5541 Fla-

2025 5579 2224 5633 vianus
2280 5576 2521 5642 distulit,
2577 5576 2740 5633 divus
2791 5576 3078 5641 Damasus,
3144 5588 3201 5631 et
3262 5588 3382 5648 post
3440 5579 3590 5633 hunc

2028 5670 2284 5735 Sirieius,
2321 5680 2487 5739 atque
2509 5669 2674 5742 hujus
2709 5680 2896 5740 postea
2931 5686 3223 5747 successor
3244 5672 3589 5736 Anastasius,

2026 5761 2228 5816 litteris
2262 5762 2377 5816 suis
2408 5761 2668 5831 pietatem
2707 5761 3057 5831 imperatoris
3098 5764 3539 5833 perstrinxerat“
3573 5783 3586 5819 :

2028 5852 2161 5906 illud
2213 5852 2264 5907 ei
2314 5851 2668 5923 objicientes,
2699 5853 2844 5923 quod
2884 5853 3025 5908 bella
3075 5854 3166 5910 ille
3214 5853 3436 5923 quidem
3489 5872 3588 5918 sua

2029 5945 2207 6024 primo
2248 5961 2471 6034 quoque
2519 5955 2768 6031 tempore
2799 5948 3132 6011 conficeret,
3170 5946 3334 6027 269
3360 5961 3457 6001 cos
3490 5962 3589 6028 an;
