3918 6578
512 547 616 612 827

1747 545 2173 610 NICEPHORI
2213 546 2571 608 CALLISTI
2928 586 2937 594 -
3627 563 3711 629 823

511 660 782 733 Serapidi,
815 661 911 717 sed
961 662 1189 732 ﬁguram
1221 677 1342 718 eam
1378 661 1524 717 aliud
1576 660 1799 733 quidem
1829 661 2069 718 Christia

2200 658 2470 728 Σαράπιδι
2503 660 2688 731 ἔλεγον
2712 677 2725 695 ·
2761 658 2878 716 ἀλλ’
2908 661 3188 733 ἃγχωροῦν
3216 657 3352 721 εἶναι
3380 665 3438 721 τὺ
3464 670 3579 731 αὐτὸ
3605 678 3711 749 σχῇ.

509 759 619 826 nis,
647 759 795 814 aliud
832 774 963 813 vero
987 758 1193 814 Graecis
1246 758 1669 829 superstitiosis,
1694 759 2006 830 signiﬁcare
2041 768 2097 815 et

507 849 837 917 portendere
866 865 1027 919 posse
1081 850 1360 905 dixerunt.
1421 851 1537 918 Qua
1599 851 1669 908 de
1722 867 1780 908 re
1835 868 1964 907 cum
2013 852 2095 910 sic

507 941 905 1010 ambigeretur,
944 942 1099 997 multi
1134 944 1350 997 illorum
1386 932 1866 999 Christianismum
1903 959 2094 1001 susce-

508 1048 654 1099 pere.
675 1032 777 1098 Qui
814 1034 976 1087 etiam
1006 1034 1543 1104 hiemglyplticarum
1573 1036 1882 1091 litterarum
1924 1037 2094 1092 inter-

506 1122 898 1189 pretandarum
953 1123 1111 1192 periti
1182 1124 1284 1193 (ί),
1345 1125 1721 1181 characterem
1753 1127 1857 1185 sub
1910 1128 2091 1183 crucis

506 1218 701 1273 turnia.
741 1217 904 1268 vitam
946 1214 1188 1269 futuram
1255 1216 1566 1285 significare
1617 1217 1898 1275 dixerunt.
1931 1217 2085 1287 Quod

501 1305 800 1359 Christiani
830 1305 1129 1371 plurimum
1154 1305 1219 1360 ad
1248 1307 1564 1377 religionem
1596 1324 1750 1363 suam
1781 1310 2085 1373 trahentes,

504 1411 560 1449 ut
593 1402 896 1465 permultos
927 1400 992 1453 ad
1024 1401 1356 1454 sententiam
1388 1417 1542 1457 suam
1600 1402 1960 1470 adducerent,
1990 1420 2086 1460 oc-

499 1491 774 1544 uisionem
834 1490 1074 1543 habuere
1116 1500 1451 1560 :pmpterea
1499 1495 1645 1563 quod
1693 1495 1814 1557 alia:
1866 1512 2085 1567 quoque

497 1583 693 1636 litterae.
721 1592 911 1651 aperte
962 1582 1333 1649 declararunt,
1368 1585 1632 1655 templum
1692 1586 1746 1641 id
1806 1585 2086 1658 Serapidis

498 1674 921 1743 relinquemlum
966 1691 1190 1743 prorsus
1223 1691 1365 1743 esse,
1396 1694 1519 1737 cum
1548 1678 1731 1737 crucis
1767 1680 1856 1735 ille
1887 1681 2082 1735 chara-

496 1775 635 1828 cter,
659 1767 751 1834 qui
778 1767 1017 1820 obscure
1052 1776 1336 1847 venturam
1371 1770 1538 1825 vitam
1592 1771 1952 1841 signiﬁcaret.
2023 1775 2081 1829 in

496 1868 747 1927 apertum
810 1858 1109 1929 productus
1147 1870 1312 1918 esset.
1382 1864 1557 1932 Atque
1613 1864 1665 1918 id
1702 1865 1965 1934 templum
2011 1868 2078 1922 ad

500 1952 651 2005 hunc
680 1952 903 2007 modum
956 1960 1042 2007 est
1075 1968 1350 2009 eversum.
1382 1955 1584 2009 Verum
1637 1967 1745 2010 non
1796 1957 1869 2012 ita
1908 1959 2080 2014 multo

2203 770 2279 824 μα
2310 753 2439 807 ἄλλο
2489 756 2589 825 μὲν
2621 755 2773 825 παρὰ
2831 756 3201 828 Χριπιανοῖς,
3233 758 3358 813 ἄλλο
3379 759 3431 814 δὲ
3475 767 3712 834 σημαίνειν

2199 845 2334 916 παρ’
2371 845 2623 916 Ἕλλησι.
2661 848 2933 917 Τοιαύτης
2968 847 3026 903 δὲ
3081 850 3383 922 κρατούσης
3414 853 3710 926 ἀμφιϐολίας,

2197 939 2384 993 πολλοὶ
2415 940 2640 994 ἐκείνων
2673 940 2752 1011 τῷ
2798 940 3218 1013 Χριστιανισμῷ
3264 945 3645 1012 προσετίθεντο⁸
3671 950 3711 1006 οἰ

2196 1031 2426 1086 καὶτῶν
2469 1032 2870 1104 ἱερογλυφικῶν
2904 1034 3249 1105 γραμμάτων
3297 1034 3390 1099 τὰς
3417 1036 3583 1100 λύσεις
3624 1038 3712 1108 ἐξε-

2197 1123 2542 1193 πιστάμενοι,
2576 1123 2945 1195 διηρμήνευον
2981 1126 3072 1179 τὸν
3105 1127 3414 1197 σταυροειδῆ
3437 1131 3708 1203 χαρακτῆρα

2196 1218 2423 1279 ἐκεῖνον,
2463 1218 2609 1288 ζωὴν
2644 1218 3025 1289 ἐπερχομένην
3074 1218 3378 1289 σημαίνειν.
3423 1221 3483 1273 ⁸0
3524 1221 3580 1291 δὴ
3607 1223 3709 1292 Χρι.

2193 1309 2402 1365 στιανοὶ
2432 1308 2508 1373 ὡς
2551 1310 2807 1363 πλεῖστον
2861 1311 2941 1373 εἰς
2974 1309 3075 1380 τὴν
3102 1309 3307 1363 οἰκείαν
3336 1308 3607 1382 θρησκείαν
3631 1315 3707 1385 ἁρ-

2192 1401 2489 1466 πάσαντες,
2525 1400 2801 1471 πρόφασιν
2839 1395 2984 1473 εἰχον
3006 1401 3238 1465 πολλοὺς
3268 1403 3344 1465 εἰς
3370 1402 3462 1475 τὴν
3488 1409 3707 1478 σφετέραν

2188 1490 2347 1555 δόξαν
2380 1491 2643 1562 μετάγειν
2667 1508 2681 1524 ο
2713 1493 2796 1546 ὅτι
2826 1509 2890 1561 γε
2914 1493 3011 1546 καὶ
3029 1492 3161 1548 ἄλλα
3181 1494 3476 1563 γράμματα
3502 1497 3707 1565 ἐμφανῶς

2188 1582 2440 1657 ἐδήλουν,
2469 1582 2532 1637 τὸ
2567 1583 2711 1657 ἱερὸν
2737 1584 2915 1638 έκεῖνο
2956 1585 3051 1638 τοῦ
3082 1584 3385 1655 Σαράπιδος
3416 1588 3706 1642 παντάπασιν

2188 1654 2457 1743 ἐκλιπεῖν,
2511 1654 2755 1747 ὁπηνίκα
2796 1678 2825 1731 ό
2858 1654 3233 1748 στάυροειδῆςῗ
3262 1678 3461 1741 ἐκεῖνος
3506 1680 3705 1751 ἀναφινῇ

2185 1767 2497 1838 χαρακτήρ.
2541 1766 2746 1821 Τοῦτον
2778 1768 2887 1838 γὰρ
2923 1766 3262 1821 αἰνίττεσθαι
3304 1764 3437 1822 εἰναι
3464 1768 3553 1840 τὴν
3581 1770 3706 1838 insp-

2185 1858 2423 1929 χομένην
2466 1859 2634 1927 ζωήν.
2682 1858 2846 1912 Ἀλλὰ
2894 1860 2953 1912 τὸ
2984 1859 3087 1929 μὲν
3123 1859 3399 1928 Σαράπιον
3427 1858 3555 1913 οῦτω
3580 1861 3708 1913 κατέ-

2185 1967 2463 2022 στραπται
2485 1966 2502 1981 ⁸
2534 1951 2636 2004 οὐκ
2661 1951 2741 2014 εἰς
2766 1950 2988 2023 μακρὰν
3013 1950 3069 2003 δὲ
3099 1950 3237 2022 πρὸς
3266 1951 3544 2023 ἐκκλησίας
3561 1952 3708 2023 σχῆμα

497 2055 616 2113 post
646 2045 703 2101 in
749 2047 993 2101 ecclesia:
1054 2046 1285 2109 formam
1318 2048 1420 2103 sub
1448 2049 1669 2104 Arcadii
1717 2054 1940 2108 nomine
1998 2064 2071 2109 est

2187 2040 2603 2111 μετεσκευάσθη
2640 2040 2930 2114 Ἀρκαδίαν
2975 2041 3289 2111 ἐπώνυμον.
3335 2041 3471 2112 Ἐγὼ
3496 2043 3537 2097 δ’
3561 2047 3703 2114 οἴομαι

497 2138 804 2194 redactum.
861 2139 971 2209 Ego
1007 2140 1230 2210 quidem
1266 2142 1586 2196 sacerdotes
1639 2140 1954 2214 A‘Igyptios,
1985 2146 2081 2217 qui

492 2231 562 2285 de
586 2230 804 2288 Christo
834 2232 971 2296 nihil
996 2249 1222 2303 prorsus
1249 2234 1626 2304 praeviderint,
1648 2236 1860 2293 litteras
1883 2237 1961 2309 (2)
1986 2255 2080 2296 eas

491 2325 598 2380 sub
621 2327 805 2380 crucis
831 2324 1005 2379 forma
1029 2342 1141 2381 non
1174 2328 1542 2398 exsculpsisse
1565 2340 1719 2400 puto.
1759 2330 1813 2388 Si
1845 2348 2080 2402 namque

490 2417 562 2473 ab
592 2418 724 2487 ipsis
746 2418 962 2475 saeculis
993 2419 1314 2490 mysterium
1340 2422 1641 2489 (utPaulus
1670 2423 1870 2496 inquit)
1893 2427 2079 2481 occul-

492 2517 692 2574 tatum,
723 2509 1027 2580 principem
1062 2511 1419 2567 tenebrarum
1470 2513 1666 2570 latuit:
1710 2516 1882 2571 multo
1910 2517 2078 2593 magis

488 2615 707 2669 aequum
740 2608 844 2660 est.
872 2600 1021 2663 illius
1051 2618 1273 2673 quoque
1331 2605 1708 2672 sacerdotibus
1743 2607 1987 2676 ignotum
2022 2608 2076 2664 id

489 2690 658 2744 fuisse
692 2690 1034 2748 existimare.
1065 2692 1210 2760 Quin
1273 2695 1458 2764 potius
1486 2697 1847 2766 providentiae
1878 2700 2077 2757 divina:

487 2797 628 2852 opus
658 2783 714 2838 id
753 2800 873 2838 esse
902 2786 1177 2855 quispiam
1204 2787 1531 2858 arbitretur,
1561 2799 1621 2846 ut
1655 2793 1897 2862 quaestio
1924 2795 2074 2849 scili-

485 2883 576 2928 cet
603 2875 669 2929 de
704 2876 909 2931 litteris
938 2878 1281 2948 ejuscemodi
1348 2881 1526 2936 tieret.
1582 2881 1642 2937 Id
1676 2885 1822 2954 quod
1883 2887 2073 2941 itidem

486 2980 647 3024 antea
691 2971 746 3025 in
777 2971 1029 3041 apostolo
1064 2973 1235 3029 Paulo
1274 2976 1482 3031 evenit.
1509 2976 1673 3047 275
1717 2978 1811 3033 Ille
1832 2994 2072 3048 namque

486 3065 757 3133 Spirituali
787 3065 1055 3135 sapientia
1089 3068 1306 3138 plenus,
1342 3071 1533 3126 eadem
1584 3074 1799 3130 ratione
1834 3084 1893 3130 et
1950 3086 2072 3131 arte

487 3158 632 3225 apud
666 3158 1040 3213 Athenienses
1062 3175 1212 3222 usus,
1242 3164 1529 3217 oraculum
1544 3165 1778 3220 consilio
1809 3174 1864 3220 et
1895 3182 2074 3222 causa:

486 3266 599 3303 suae
624 3251 1087 3315 accommodavit,
1119 3261 1174 3306 et
1207 3254 1410 3308 multos
1440 3254 1505 3308 ad
1535 3271 1717 3311 veram
1749 3258 2066 3328 religionem

485 3341 739 3395 adduxit.
760 3341 875 3396 Nisi
899 3345 1042 3399 forte
1082 3343 1218 3398 illud
1242 3346 1406 3400 etiam
1436 3346 1707 3417 quispiam
1736 3348 1906 3412 dicat.
1925 3350 2066 3406 idem
2094 3366 2139 3430 ο

490 3445 603 3487 ιιιιιι
642 3434 736 3490 Dei
772 3430 1005 3490 Verbum
1061 3453 1159 3508 per
1189 3436 1478 3510 Egyptios
1529 3441 1867 3507 sacerdotes,
1922 3446 2069 3514 quod

486 3539 645 3582 antea
710 3545 806 3597 per
832 3530 1046 3584 Balaam
1099 3542 1306 3597 egerat.
1355 3532 1571 3589 fecisse.
1598 3535 2070 3602 Quemadmodum

487 3635 707 3689 quoque
741 3620 1033 3689 iu-Caipha
1066 3623 1337 3678 accidisse
1372 3625 1645 3680 novimus.
1676 3626 1855 3684 Ambo
1898 3631 2067 3692 enini,

487 3712 655 3765 etiam
686 3711 865 3772 inviti,
888 3712 954 3766 de
985 3714 1151 3768 rebus
1185 3714 1343 3771 bonis
1373 3711 1504 3772 sunt
1535 3719 1837 3778 vaticinati.
1867 3722 2067 3781 Verum

487 3804 554 3856 llt,‘
580 3804 667 3857 his
696 3804 987 3861 hactenus.
1011 3806 1350 3875 Theophilus
1365 3821 1546 3868 autem
1573 3814 1739 3870 rebus
1765 3831 1886 3885 quae
1909 3816 2069 3873 dictae

483 3908 638 3957 sunt.
668 3914 773 3951 nou
810 3910 1127 3967 contentus,
1171 3902 1275 3958 hac
1311 3902 1365 3958 in
1410 3916 1566 3974 parte
1613 3922 1724 3963 non
1776 3910 2067 3981 constitit,

488 3989 581 4043 sed
635 3990 880 4046 fraudem
919 3995 1265 4070 sacerdotum
1323 3998 1581 4054 omnibus
1601 3999 1681 4055 eis
1730 4001 1824 4070 qui
1850 4001 2064 4057 seducti

488 4084 725 4142 inerant,
763 4066 1102 4137 manifestam
1132 4101 1253 4139 esse
1292 4086 1480 4141 voluit.
1547 4087 1854 4144 Simulacra
1913 4091 2062 4145 enim

488 4170 588 4232 ili,
611 4171 725 4225 sive
754 4187 893 4226 aaiea
911 4188 1009 4228 seu
1042 4175 1241 4244 lignea,
1269 4176 1532 4246 pleraque
1564 4178 1743 4233 omnia
1779 4179 1849 4233 ita
1878 4180 2066 4245 elabo-

486 4275 700 4327 rarunt,
738 4277 882 4321 utea
923 4282 1059 4322 cava
1097 4268 1248 4324 intus
1294 4279 1502 4335 essent,
1559 4280 1615 4327 et
1658 4258 1873 4327 eorum.
1916 4281 2064 4344 terga

487 4359 819 4428 templorum
859 4361 1164 4429 parietibus
1207 4361 1643 4431 .adaptarentur,
1678 4364 1911 4420 occultis
1942 4365 2068 4435 qui-

484 4452 713 4505 busdam
740 4453 1011 4507 meatibus
1037 4455 1088 4506 in
1121 4470 1279 4508 muro
1307 4456 1530 4510 relictis.
1579 4456 1786 4511 Deinde
1818 4473 1915 4526 per
1955 4458 2063 4515 alia

485 4542 730 4611 quaedam
760 4558 958 4596 arcana
992 4544 1151 4614 adyta
1179 4544 1233 4597 in
1263 4545 1683 4601 simulacrorum
1710 4564 1908 4603 cavum
1930 4551 2063 4606 sub-

484 4622 660 4701 ibant,
693 4646 749 4691 et
782 4637 909 4691 itide
952 4654 1072 4706 quae
1101 4639 1182 4692 eis
1218 4639 1329 4693 visa
1380 4652 1561 4696 essent
1629 4658 1892 4713 respousa
1932 4645 2060 4701 cde-

2186 2132 2354 2203 μηδέν
2412 2149 2462 2185 τι
2499 2132 2822 2197 προειδότας
2870 2131 2999 2195 τοὺς
3051 2132 3373 2200 Αἰγυπτίων
3420 2132 3566 2203 ίερεϊς
3608 2134 3706 2207 περὶ

2182 2225 2276 2278 τοῦ
2301 2224 2568 2295 Χριστοῦ,
2601 2225 2661 2277 τὸ
2687 2223 2983 2293 σταυρικὸν
3014 2224 3195 2277 ἐκεῖνο
3226 2224 3453 2294 γράμμα
3485 2225 3538 2277 οὐ
3560 2224 3704 2278 διατυ-

2183 2322 2402 2376 πῶσαι’
2448 2323 2498 2377 εί
2551 2320 2662 2393 γὰρ
2694 2319 2755 2374 τὸ
2789 2320 2899 2374 ἀπὸ
2950 2319 3060 2374 τῶν
3121 2318 3338 2378 αἰώνων
3379 2317 3705 2389 κεκρυμμένον

2184 2413 2490 2490 μυστήριον
2535 2407 2592 2484 (ᾖ
2630 2422 2764 2482 φησι
2799 2411 3038 2481 Παῦλος)
3076 2413 3166 2465 τὸν
3205 2410 3296 2464 τοῦ
3325 2410 3535 2477 σκότους
3562 2408 3707 2461 ἔλαθεν

2181 2507 2449 2584 ἄρχοντα,
2475 2503 2657 2577 πολλῷ
2679 2505 2884 2576 μᾶλλον
2906 2505 3053 2567 εἰκὸς
3081 2502 3457 2573 ἐκλογίζεσθαι
3474 2501 3582 2573 τοὺς
3600 2499 3707 2552 ὲκεί-

2179 2618 2272 2654 νου
2310 2600 2602 2670 διαφυγεῖν
2632 2600 2824 2672 ίερεϊς.
2871 2598 2988 2667 Τῆς
3020 2596 3079 2652 δὲ
3114 2596 3379 2667 Προνοίας
3407 2595 3623 2668 ξργονᾶν
3643 2609 3706 2655 τις

2177 2692 2480 2760 λογίσαιτο,
2537 2693 2614 2757 ὡς
2650 2693 2716 2748 ἄν
2748 2710 2810 2763 γε
2865 2691 3106 2763 ζήτησις
3139 2689 3275 2762 περὶ
3306 2688 3399 2743 τοῦ
3430 2687 3704 2759 γράμματος

2175 2788 2407 2853 γένοιτο.
2448 2786 2513 2839 Ὀ
2553 2784 2618 2856 δὴ
2664 2786 2758 2839 καὶ
2805 2785 2905 2838 ἐπὶ
2961 2784 3041 2855 τῷ
3075 2782 3363 2853 ἁποστόλῳ
3410 2780 3585 2849 Παύλῳ
3610 2796 3704 2831 σνν-

2175 2877 2362 2931 έὸαινε
2398 2876 2691 2949 πρότερον.
2718 2876 2889 2949 Σοφίᾳ
2922 2876 3032 2949 γὰρ
3071 2875 3488 2947 μεμεστωμένος
3507 2889 3705 2943 πνευμαο

2175 2975 2328 3041 τικῇ,
2363 2974 2431 3042 τῇ
2475 2972 2567 3042 [an
2603 2969 2813 3041 μεθόδῳ
2846 2970 2985 3041 πρὸς
3028 2968 3349 3039 Ἀθηναίους
3392 2967 3701 3048 χρησάμενος,

2175 3064 2407 3127 πολλοὺς
2438 3066 2503 3118 ὲκ
2530 3064 2640 3117 τῶν
2682 3063 3188 3133 ἐπιγεγραμμένων
3242 3061 3320 3132 τῷ
3364 3058 3520 3130 βωμῷ
3543 3060 3607 3121 είς
3626 3056 3704 3127 τὴν

2174 3156 2354 3227 ἀληθῆ
2412 3157 2597 3209 πίστιν
2653 3155 2987 3225 μετήνεγκε,
3025 3153 3103 3224 τῷ
3145 3152 3264 3224 ἰδίῳ
3321 3152 3460 3222 λόγῳ
3507 3149 3704 3237 χρησμὸν

2174 3248 2572 3319 προσαρμόσας
2593 3262 2607 3277 ·
2664 3249 2713 3300 εἰ
2750 3248 2936 3318 μήπου
2963 3264 3047 3311 τις
3074 3246 3182 3316 ἄρα
3213 3248 3308 3303 καὶ
3334 3245 3483 3315 τοῦτο
3517 3243 3628 3310 ὲρεί,
3653 3240 3704 3290 τὰ

2176 3341 2266 3394 ἴσα
2289 3340 2366 3410 τῷ
2398 3339 2631 3409 Βαλαὰμ
2660 3338 2860 3409 δρᾶσαι
2891 3339 2988 3410 καὶ
3035 3339 3129 3391 ἐπὶ
3157 3340 3289 3402 τοὺς
3332 3336 3619 3405 Αἰγυπτίων
3642 3334 3700 3385 ἰε-

2172 3436 2286 3505 ρείς
2315 3434 2409 3487 τὸν
2433 3432 2527 3486 τοῦ
2560 3432 2698 3487 Θεοῦ
2727 3432 2904 3513 Λόγον
2924 3448 2938 3463 ο
2970 3431 3112 3484 καθὰ
3135 3432 3204 3502 δὴ
3242 3431 3336 3484 καὶ
3364 3430 3453 3483 ἐπὶ
3474 3426 3545 3498 τῷ
3567 3424 3701 3480 Κοιῑᾶ-

2144 3544 2251 3600 ’φα
2280 3526 2495 3597 συμὸᾲν
2540 3525 2791 3594 ἔγνωμεν
2815 3540 2830 3554 ·
2891 3526 3123 3588 ἄκοντες
3151 3526 3266 3594 γὰρ
3298 3524 3391 3577 καὶ
3418 3522 3571 3590 ἄμφω
3608 3515 3702 3584 περὶ

2168 3605 2278 3674 τῶν
2308 3618 2530 3689 ἀγαθῶν
2555 3619 3002 3690 προεψήτευσαν.
3049 3617 3215 3671 Ἀλλὰ
3261 3618 3388 3687 περὶ
3423 3615 3516 3687 μὲν
3541 3610 3703 3666 τούτων

2169 3712 2452 3766 τοσαῦτα³
2519 3710 2777 3778 Θεόφιλος
2838 3710 2896 3764 δὲ
2960 3710 3020 3763 ού
3075 3710 3244 3779 μέχρι
3297 3708 3495 3762 τούτων
3522 3706 3745 3789 ἵστατοον

2169 3808 2306 3862 ἀλλὰ
2335 3806 2431 3860 καὶ
2462 3804 2560 3877 τὴν
2590 3804 2873 3875 ὲξαπάτην
2900 3803 3011 3857 τῶν
3059 3803 3259 3875 ἱερέων
3288 3802 3453 3873 δήλην
3468 3801 3567 3861 τοῖς
3590 3799 3702 3850 απα-

2166 3901 2434 3971 τωμένοις
2467 3898 2676 3954 ἐποίει·
2731 3900 2801 3953 τὰ
2839 3899 2947 3970 γὰρ
2978 3892 3065 3953 οἷα
3095 3898 3304 3968 δήποτε
3334 3896 3490 3963 ξόανα
3535 3886 3701 3963 χαλκοῦ

2165 4013 2225 4049 τε
2256 3997 2350 4049 καὶ
2388 3995 2551 4062 ξύλου
2586 3993 2960 4069 πεποιημένα,
2990 3993 3123 4047 κενὰ
3156 3992 3369 4047 ἔνδοθεν
3393 3987 3701 4043 διαπλάττον-

2166 4103 2278 4152 τες,
2309 4082 2426 4140 εἶτα
2458 4087 2528 4157 τὰ
2557 4085 2764 4141 τούτων
2798 4085 2943 4155 νῶτα
2973 4087 3086 4146 τοῖς
3128 4086 3313 4137 ἐκεῖσε
3350 4075 3704 4156 προδταρμρξονδ

2166 4198 2256 4244 τες
2282 4179 2509 4248 τοίχοις,
2543 4178 2745 4249 πόρους
2775 4177 2933 4246 τινας
2964 4178 3193 4245 ἀφανεῖς
3224 4179 3340 4241 τοῖς
3367 4175 3555 4251 τοίχοις
3579 4164 3706 4251 in“?

2168 4287 2299 4326 σαν·
2357 4270 2549 4339 ἔπειτα
2593 4270 2660 4323 δι’
2694 4271 2902 4341 ἑτέρων
2935 4269 3180 4334 ἀνιόντες
3235 4268 3465 4331 ἀδύτων,
3502 4260 3704 4320 καὶτοῖς

2166 4363 2421 4434 ὲγκάτρις
2466 4361 2576 4432 τῶν
2604 4362 2810 4430 ξοάνων
2868 4361 3294 4432 καταδυόμενοι,
3322 4359 3389 4414 δι’
3412 4359 3616 4412 ἐκείνων
3632 4351 3705 4423 δῆ-

2165 4456 2258 4512 θεν
2287 4457 2348 4510 τδ
2381 4456 2793 4527 παριστάμενον
2814 4453 3159 4522 ὑπεφὼνουν.
3185 4454 3249 4507 Οἱ
3269 4452 3475 4513 τούτοις
3490 4449 3539 4500 δὲ
3566 4459 3705 4512 προσ·

2163 4548 2500 4622 τριϐόμενοι,
2551 4547 2653 4617 τὴν
2728 4547 2974 4617 φενάκην
3034 4545 3111 4617 μὴ
3160 4548 3455 4612 συνιέντες,
3488 4534 3567 4596 οτι
3594 4534 3705 4591 Θεοῦ

2165 4642 2505 4705 κελεύοντος,
2532 4641 2695 4704 εὐθὺς
2728 4640 2788 4692 τὸ
2818 4640 3185 4708 κελευόμενον
3217 4638 3407 4707 ἔδρων.
3445 4638 3506 4689 ’Δ
3527 4635 3583 4701 δὴ
3608 4630 3705 4681 τότε

484 4730 634 4784 bant.
690 4728 754 4783 Et
794 4729 901 4798 (qui
964 4730 1155 4785 sedulo
1207 4732 1348 4800 apud
1404 4749 1466 4788 ea
1498 4734 1883 4802 versabantur,
1912 4737 2057 4806 quod

2175 4732 2453 4788 καταλύων
2488 4733 2771 4802 Θεόφιλος,
2817 4734 2930 4793 τοῖς
2964 4730 3406 4800 ὲξηπατημένοις
3429 4727 3552 4795 δῆλα
3583 4719 3705 4775 καθί-

482 4821 729 4877 [rainlem
761 4834 808 4877 et
832 4823 1186 4891 iiiipostiiraiii
1217 4841 1334 4879 eam
1368 4840 1477 4879 non
1514 4826 1915 4896 intelligerent,
1937 4845 2064 4899 per-

482 4916 611 4970 inde
643 4924 808 4986 atque
842 4916 951 4971 Deo
979 4917 1228 4986 jubente,
1259 4917 1445 4972 statim
1467 4920 1733 4988 imperata
1758 4919 2058 4978 faciebant.

484 5002 648 5060 Tales
677 5017 889 5062 statuas
920 5016 1032 5061 tum
1066 5007 1410 5078 Theophilus
1440 5010 1845 5076 comminuens,
1872 5010 2057 5066 dolum

480 5096 804 5152 hominibus
827 5100 1079 5167 deceptis
1121 5101 1590 5155 commonstravit.
1637 5100 1705 5158 Ut
1725 5118 1857 5158 vero
1881 5104 1932 5157 in
1963 5103 2061 5160 Se-

482 5193 688 5257 rapidis
718 5192 882 5246 etiam
917 5192 1181 5261 templum
1222 5193 1491 5259 ascendit,
1528 5192 1885 5251 simulacrum
1923 5197 2057 5253 illud

480 5285 619 5339 vidit
649 5285 1022 5353 magnitudine
1070 5295 1239 5349 tanta,
1299 5297 1357 5340 ut
1405 5287 1547 5342 mole
1601 5303 1699 5343 sua
1763 5289 2054 5345 horrorem

477 5379 646 5433 etiam
697 5389 748 5431 et
778 5387 982 5432 metum
1036 5380 1446 5449 spectatoribus
1502 5380 1800 5436 incuteret.
1843 5382 1918 5437 De
1944 5398 2053 5453 quo

478 5472 669 5539 opinio
698 5470 862 5524 etiam
901 5471 1061 5537 falsa,
1087 5488 1208 5541 qua:
1233 5475 1437 5529 multos
1462 5474 1704 5541 seduxit,
1739 5474 2048 5530 ferebatur:

479 5561 679 5630 Siquis
705 5562 913 5617 scilicet
937 5563 1019 5617 vel
1043 5564 1212 5633 digito
1242 5566 1294 5620 id
1325 5567 1595 5637 attingere
1643 5567 1833 5622 fuisset
1860 5583 2049 5634 ausus,

480 5662 683 5708 terram
741 5670 962 5711 omnem
994 5673 1026 5711 e
1062 5658 1289 5727 vestigio
1331 5673 1681 5723 concussum,
1725 5661 1845 5713 urbi
1873 5668 2052 5714 auti-m

480 5750 578 5801 toti
612 5748 1044 5802 internecionem
1098 5750 1332 5803 accitum
1366 5749 1456 5804 iri.
1492 5752 1623 5817 Qua:
1655 5754 1838 5807 omnia
1877 5752 2058 5807 Theo-

480 5840 665 5910 philus
732 5839 898 5895 anilia
952 5840 1298 5896 ebriosarum
1346 5841 1797 5898 muliercularum
1857 5843 2058 5898 di-lira-

551 5953 629 6022 (l)
660 5955 815 6011 Socr.
852 5954 946 6010 lib.
979 5970 1034 6021 ν,
1064 5970 1183 6025 cap.
1218 5957 1303 6011 l7.

2169 4844 2291 4881 στα.
2336 4826 2423 4890 '0;
2454 4826 2512 4879 δὲ
2556 4828 2649 4879 καὶ
2684 4828 2777 4880 ἐπὶ
2801 4825 2893 4877 τὸν
2931 4823 3026 4877 τοῦ
3075 4825 3386 4895 Σαράπιδος
3414 4820 3560 4891 ἀνῄει
3584 4815 3703 4870 ναὸν.

2165 4914 2274 4972 εἶδε
2314 4917 2414 4985 μὲν
2437 4918 2498 4971 τὸ
2528 4917 2719 4983 ξόανον
2747 4918 2945 4980 έκεῖνο,
2977 4915 3203 4985 μεγέθει
3238 4914 3341 4985 μὲν
3366 4915 3624 4984 μέγιστον,
3646 4903 3705 4965 ὥς

2165 5011 2260 5065 καὶ
2282 5009 2509 5064 δεδιέναι
2540 5007 2993 5079 παρασκευάζειν
3030 5010 3159 5070 τοὺς
3199 5002 3442 5077 δρῶντας
3461 5004 3534 5068 τῷ
3560 5000 3702 5066 map.

2175 5105 2292 5175 Ἐφ’
2316 5097 2360 5174 ᾧ
2389 5105 2453 5175 δὴ
2484 5103 2643 5173 λόγος
2699 5103 2826 5166 τοὺς
2876 5101 3106 5166 πολλοὺς
3158 5104 3417 5170 κατεῖχεν
3443 5090 3700 5162 ἀπατηλὸς.

2162 5199 2238 5262 ὡς
2267 5197 2322 5252 εἰ
2344 5215 2425 5262 τις
2452 5197 2630 5268 τούτῳ
2659 5195 2905 5265 καθάψαι
2953 5198 3017 5264 τῇ
3044 5199 3210 5266 χειρὶ,
3246 5192 3581 5262 σεισθήσεται
3623 5181 3703 5252 μὲν

2160 5291 2326 5353 εὐθὺς
2362 5292 2396 5360 ἡ
2425 5290 2496 5358 γῆ
2532 5291 2699 5354 πᾶσα,
2751 5288 3101 5359 πανωλεθρία
3148 5286 3204 5339 δὲ
3245 5286 3373 5348 τοὺς
3404 5283 3461 5335 ἐν
3484 5283 3545 5350 τῇ
3577 5273 3701 5328 tellit

2160 5381 2322 5445 εὐθὺς
2358 5380 2767 5452 καταλήψεταιο
2818 5380 2854 5445 ἃ
2881 5380 2945 5449 δὴ
2977 5382 3156 5434 πάντα
3199 5375 3460 5449 γρεῑδίων
3492 5371 3702 5425 κωθωνι-

2162 5474 2406 5544 ζομένων
2458 5471 2599 5527 εἶναι
2635 5474 2869 5543 νομίσας
2928 5473 3248 5542 ληρὴματα,
3280 5471 3374 5522 καὶ
3406 5466 3466 5531 τὸ
3505 5458 3701 5564 μέγεθος

2158 5570 2233 5629 ὡς
2265 5566 2598 5637 μικρότατον
2649 5565 3032 5634 λνιχισάμενος.
3070 5564 3179 5616 τῶν
3230 5580 3337 5615 τινι
3373 5559 3590 5626 πέλεκυν
3615 5559 3699 5601 ἀνι

2156 5659 2346 5728 χεῖρας
2380 5658 2560 5727 ἔχοντι
2611 5658 2797 5709 παίειν
2829 5655 3053 5710 ἐκέλευε
3105 5656 3198 5708 τον
3242 5654 3386 5708 θεόν.
3431 5649 3487 5702 '0
3513 5647 3565 5700 δὲ
3598 5655 3700 5708 γενα

2158 5751 2318 5803 ναίαν
2368 5751 2512 5820 μάλα
2562 5750 2658 5802 καὶ
2716 5749 3041 5821 ἐρρωμένην
3069 5746 3430 5818 κατήνεγκεν.
3460 5740 3518 5797 Οἱ
3545 5737 3594 5791 δὲ
3621 5747 3699 5784 πε·

2165 5843 2461 5913 ριεστῶτες
2519 5846 2583 5896 ἐκ
2620 5841 2821 5896 πολλοῦ
2881 5841 2944 5895 τὸ
3001 5838 3402 5911 Θρυλλούμενον
3454 5829 3696 5901 δείσὲντεῖ
3768 5860 3801 5907 ι.

461 6057 470 6065 -
551 6018 632 6087 12':
662 6026 935 6084 Divinitus
988 6018 1427 6089 hieroglyphicas
1476 6024 1609 6082 istas
1647 6027 1825 6083 crucis
1882 6026 2055 6083 forma
2091 6026 2367 6089 exhibitas
2401 6041 2539 6091 esse,
2579 6041 2701 6081 cum
2735 6024 2959 6081 Socrate
2982 6034 3169 6081 censet
3196 6018 3547 6088 Nicephorus.
