3918 6544
155 553 249 618 829
362 546 371 554 .

1002 566 1016 577 '
1049 555 1646 621 ECCLESIAS’I‘ICJ‘I
1686 558 2070 619 HISTORIE
2115 558 2255 621 LIB.
2303 557 2441 622 XII.

3288 557 3396 623 830
3424 556 3433 559 ’

155 667 459 736 ἀνεϐόησαν.
510 665 751 726 Ἐκεῖνος
799 665 857 720 δὲ
887 666 985 737 τὴν
1026 668 1242 739 πληγὴν
1276 671 1461 740 ἡρέμα
1493 669 1725 740 δεξάμε-

1840 680 2008 724 nenta
2035 685 2155 725 esse
2179 679 2396 740 pu:ans,
2423 676 2480 723 et
2511 665 2712 728 molem
2739 673 2945 728 vastam
2978 672 3038 721 ut
3067 680 3179 723 rem
3207 682 3400 738 quaut-

155 778 256 823 νος,
282 758 391 812 οὐτ’
433 756 642 829 ἤλγησε
697 756 907 822 ξύλινος
959 758 1056 825 ὢν,
1111 760 1226 815 οὒτ’
1257 764 1436 832 ἀφῆκε
1491 762 1712 831 φωνήν·

156 853 331 923 νεκρὸς
355 853 463 922 γὰρ
514 851 862 905 παντάπασιν
907 847 998 921 ἦν.
1032 852 1177 909 Ἀλλ’
1202 855 1314 908 οὐδ’
1341 855 1573 923 ἀμύνειν
1598 853 1714 925 εἶχε

160 947 316 1015 μέγας
348 944 658 1015 μεγαλωστὶ
686 945 823 1015 πρὸς
854 945 959 1016 γῆν
983 946 1248 1016 ἐνεχθείς.
1281 948 1369 1011 Ὠς
1402 947 1447 1000 δ’
1469 946 1718 1018 ἀφῄρητο

156 1047 240 1092 καὶ
275 1036 368 1107 τὴν
419 1036 598 1105 δεινὴν
624 1036 891 1107 κεφαλὴν,
926 1037 1061 1108 μύες
1095 1036 1359 1108 ἀγεληδὸν
1392 1038 1603 1092 ἐκεῖθεν
1626 1039 1720 1109 ep.

159 1125 390 1197 ῥύησαν·
447 1127 660 1195 μυωξία
716 1127 827 1198 γὰρ
879 1128 1142 1200 ἄντικρυς
1198 1129 1225 1181 ό
1257 1130 1369 1185 τῶν
1398 1130 1717 1199 Αἰγυπτίων

159 1220 264 1283 θεὸς
284 1217 604 1288 περιϐόητος
624 1215 711 1288 ἦν.
747 1221 839 1283 El;
884 1219 1056 1274 λεπτὰ
1092 1220 1138 1273 δ’
1168 1215 1262 1275 οὖν
1286 1222 1452 1275 αὐτὸν
1498 1222 1717 1292 διαιρή-

160 1325 351 1375 σαντες,
382 1309 450 1363 τά
508 1308 609 1377 μὲν
657 1307 904 1376 δαπάνην
933 1309 1155 1379 ἀφῆκαν
1208 1308 1381 1380 πυρίο
1420 1308 1521 1382 τὴν
1552 1307 1610 1361 δέ
1652 1323 1716 1375 γε

160 1401 349 1468 σεμνὴν
403 1398 623 1469 ἐκείνην
655 1399 751 1454 κού⁸
781 1400 1061 1469 αἰδέσιμον
1091 1400 1337 1470 κεφαλὴν
1384 1399 1474 1453 διὰ
1515 1401 1718 1463 παντὸς
1762 1436 1775 1449 ,

157 1493 239 1546 τοῦ
269 1493 456 1557 ἄστεος
486 1487 689 1559 εἷλκον,
721 1495 829 1548 τῶν
856 1493 1064 1564 ταύτην
1094 1494 1403 1565 σεϐομένων
1442 1495 1719 1566 ὁρώντων,

159 1582 362 1637 καὶτοῦ
396 1582 528 1656 παρ’
572 1585 754 1653 αὐτῶν
802 1587 1119 1657 τιμωμένου
1155 1588 1255 1657 τὴν
1282 1586 1572 1642 ἀσθένειαν
1599 1586 1718 1640 δια-

157 1675 535 1746 χλευαζόντων.

1821 762 1964 832 piam
2029 761 2284 833 exiguam
2340 759 2675 830 despiciens,
2736 756 3027 829 quemdam
3101 758 3195 828 qui
3251 772 3399 830 pone

1790 853 2018 916 stabat,
2078 853 2317 909 securim
2356 852 2411 908 in
2467 867 2635 907 manu
2689 849 3006 916 habentem,
3067 849 3268 906 vulnus
3293 850 3400 906 deo

1820 945 2067 1016 inﬂigere
2090 946 2276 1017 jussit.
2310 945 2490 1016 Atque
2514 945 2605 1001 ille
2641 944 2853 1017 plagam
2877 944 3159 1015 ingentem
3189 941 3243 996 vi
3284 957 3399 997 ma-

1823 1053 1927 1108 gna
1962 1036 2185 1092 fortiter
2215 1022 2420 1092 intulit.
2460 1037 2563 1103 Qui
2600 1051 2734 1092 vero
2761 1037 2837 1091 ibi
2870 1036 3123 1100 aderant,
3158 1032 3213 1088 id
3249 1031 3398 1103 quod
3450 1030 3460 1065 ξ

1825 1127 2032 1183 dudum
2056 1127 2203 1183 fama
2247 1130 2514 1201 jactatutu
2571 1128 2770 1196 iuerat,
2817 1129 3001 1193 veriti,
3064 1127 3397 1182 immensum

1824 1219 2084 1289 quiddam
2123 1220 2524 1276 exclamarunt.
2557 1222 2736 1289 Atque
2789 1219 2927 1275 deus
2972 1218 3128 1288 plaga
3184 1213 3400 1287 placide

1822 1320 2064 1381 accepta,
2093 1312 2241 1382 quod
2289 1312 2505 1382 ligneus
2534 1322 2705 1380 esset,
2732 1327 2910 1383 neque
2936 1310 3180 1369 dolorem
3203 1306 3397 1369 sensit,

1821 1420 2003 1475 neque
2027 1420 2217 1460 vocem
2246 1405 2484 1476 aliquam
2509 1406 2716 1468 emisit,
2755 1405 2961 1475 quippe
3014 1402 3107 1472 qui
3150 1408 3402 1456 mortuus

1824 1511 2049 1567 prorsus
2069 1506 2216 1552 esset
2244 1515 2257 1552 :
2294 1498 2388 1553 sed
2421 1513 2602 1567 neque
2622 1497 2918 1551 defendere
2942 1511 3024 1560 se,
3053 1507 3177 1553 cum
3209 1500 3263 1546 et
3285 1504 3402 1543 ma-

1823 1604 1962 1658 gnus
1984 1596 2149 1653 esset,
2171 1597 2227 1643 et
2257 1604 2452 1659 magno
2477 1592 2684 1658 impetu
2712 1588 2767 1643 in
2793 1598 2993 1642 terram
3019 1586 3275 1647 ferretur,
3303 1595 3403 1651 po-

1766 1741 1772 1747 _
1827 1681 1949 1736 tuit.
1978 1679 2086 1735 Ubi
2114 1697 2245 1737 vero
2269 1692 2325 1738 et
2363 1691 2528 1752 caput
2559 1682 2608 1737 ei
2641 1691 2913 1738 resectum
2937 1688 3042 1743 est,
3071 1674 3401 1731 muresindc

160 1772 405 1840 gregatim
467 1781 839 1828 emerserunt.
887 1772 1123 1827 Murium
1181 1773 1332 1827 enim
1371 1786 1608 1828 caverna
1664 1780 1721 1827 et
1761 1774 2164 1841 receptaculum
2235 1776 2466 1832 omnino
2506 1775 2831 1830 decantatus
2899 1774 2988 1828 ille
3022 1769 3399 1842 Egyptiorum

160 1864 286 1918 deus
315 1864 439 1919 fuit.
471 1865 635 1936 276
661 1863 933 1920 Caeterum
963 1874 1116 1921 vasto
1158 1866 1251 1921 illo
1282 1865 1428 1921 idolo
1456 1865 1508 1919 in
1538 1873 1724 1936 partes
1762 1867 2003 1922 minutas
2060 1867 2321 1934 dissecto,
2381 1868 2622 1939 reliquas
2639 1868 2861 1937 quidem
2896 1866 3005 1936 igni
3034 1862 3364 1920 mandarunt
3385 1898 3401 1923 ,

159 1976 359 2016 sacrum
414 1968 599 2015 autem
657 1960 793 2016 illud
825 1969 883 2017 et
945 1962 1321 2018 venerandum
1374 1968 1562 2032 caput,
1616 1976 1716 2031 per
1755 1961 1958 2017 urbem
2019 1978 2260 2030 onmem,
2312 1963 2397 2020 eis
2424 1965 2518 2034 qui
2585 1964 2636 2018 id
2671 1975 2924 2032 tanquam
2980 1955 3398 2015 numencoluc-

162 2062 288 2121 rant,
312 2052 770 2124 inspectantibus,
796 2063 852 2109 et
885 2056 1007 2128 ejus
1035 2064 1514 2128 quemJantOpere
1559 2056 1986 2123 bonoraveraut.
2023 2057 2398 2116 inﬁrmitatem
2444 2060 2774 2123 ridentibus,
2841 2065 3147 2128 raptaruut.

743 2178 1000 2235 ΚΕΦᾹΛ.
1035 2180 1164 2235 KZ'.

162 2268 294 2340 Hept_
312 2266 423 2335 τῆς
451 2267 521 2340 ἐν
548 2267 856 2339 διαφόροις
886 2271 1091 2326 ἔθνεσι
1119 2272 1398 2338 στάσεως
1425 2273 1578 2340 ὑπὲρ
1606 2270 1726 2326 τῶν

217 2336 542 2410 είδωλικῶν
590 2336 814 2410 ,βωμῶν
836 2358 849 2373 ·
882 2343 983 2394 καὶ
1031 2343 1164 2410 περὶ
1218 2336 1578 2410 Μαρκέλλοὺ
1618 2342 1725 2396 τοῦ

220 2409 552 2481 ἐπισκόπου
600 2409 941 2481 Ἀμιισείας,
979 2409 1377 2481 ὅσῃίσπουδῇ
1423 2413 1728 2480 ἐχρήσατο

222 2482 366 2553 κατά
400 2478 523 2553 τῶν
578 2480 909 2553 εἰδωλικῶν
938 2478 1116 2547 verbi,
1151 2481 1251 2537 καὶ
1280 2478 1371 2549 ὡς
1392 2478 1722 2553 τέζρῖειμαρ·

223 2549 425 2618 τυρίον
459 2548 786 2618 ἐχρήσατο.
951 2606 959 2627 ὲ

235 2664 322 2718 Ἐν
349 2662 394 2718 δ’
428 2665 623 2743 ἐκείνῳ
652 2664 732 2736 τῷ
777 2666 955 2739 χρόνῳ
988 2666 1174 2722 πολλοὶ
1210 2666 1322 2722 τῶν
1362 2666 1727 2738 Ἑλληνιστῶν

169 2755 296 2808 κατὰ
328 2755 511 2820 πόλεις
547 2756 690 2829 ὑπὲρ
716 2759 822 2811 τῶν
865 2758 1069 2830 βωμῶν
1120 2758 1240 2831 ἔριν
1285 2761 1572 2843 συνίστων,
1635 2760 1729 2813 καὶ

172 2848 322 2919 μέχρι
349 2849 579 2904 θανάτου
611 2852 1039 2920 διηγωνίζοντοο
1093 2854 1153 2908 ὲν
1207 2852 1309 2922 μὲν
1353 2850 1448 2909 οὖν
1496 2854 1731 2926 Ἀραϐίᾳ

171 2942 409 3012 Πετραῖοι
431 2944 524 2997 καί⁸
553 2942 946 3015 ’Δρεοπολῖται,
979 2947 1129 3017 παρὰ
1150 2947 1207 2999 δὲ
1242 2946 1573 3019 Παλαιστίνῃ
1605 2948 1732 3000 Ῥα-

172 3035 359 3103 what
389 3037 481 3090 καὶ
509 3037 755 3103 Γαζαῖοι,
806 3040 959 3110 παρὰ
983 3039 1039 3093 δὲ
1091 3039 1327 3106 Φοίνιξιν
1390 3039 1733 3093 Ἢλιουπολϊ-

168 3144 286 3182 ταισ
329 3131 422 3184 καὶ
462 3130 575 3184 τῶν
605 3132 792 3202 Σύρων
815 3132 870 3184 δὲ
909 3132 1149 3200 μάλιστα
1194 3134 1244 3186 οἱ
1269 3132 1364 3187 τοῦ
1398 3133 1528 3187 ναοῦ
1556 3133 1732 3186 ’Λπα-

172 3221 343 3291 μείας,
372 3222 405 3294 ἦ
435 3222 500 3293 δὴ
550 3221 822 3294 τῷἈξίῳ
880 3223 1118 3295 ποταμῷ
1171 3224 1578 3296 προσπελάζειο
1638 3224 1733 3290 οὓς

175 3316 466 3388 ιστοροῦσιν
489 3318 606 3370 ἐπὶ*
621 3319 837 3389 φυλακῇ
864 3317 974 3383 τῶν
999 3319 1262 3373 τοιούτων
1295 3319 1434 3374 νεῶν
1465 3320 1559 3373 καὶ
1590 3336 1731 3387 συμ-

177 3407 374 3475 μάχους
440 3402 923 3477 μετακαλέσασθαι
979 3406 1303 3470 Γαλιλαίους
1355 3408 1593 3479 ἄνδραςο
1639 3408 1735 3461 καί

2398 2181 2627 2237 CAPUT
2664 2179 2872 2235 XXVII.

1830 2271 1904 2327 De
1947 2278 2109 2331 variis
2161 2277 2305 2345 apud
2356 2276 2535 2330 varias
2584 2284 2761 2343 gentes
2797 2279 3021 2345 prapter
3068 2267 3405 2345 abolitionem

1898 2347 2176 2410 altarium,
2197 2340 2497 2405 idolorum,
2536 2340 2878 2399 seditionibus
2919 2353 2967 2394 et
2996 2340 3408 2410 tumultibusaet

1897 2418 1961 2475 de
1991 2407 2245 2488 Marcello
2275 2416 2540 2488 Amaseno
2575 2416 2834 2488 episcopo,
2883 2419 3080 2481 quanto
3112 2408 3284 2461 studio
3317 2407 3409 2488 de-

1902 2487 2178 2542 moliendis
2198 2486 2458 2540 idolorum
2475 2484 2683 2554 templis
2699 2500 2842 2547 usus,
2867 2490 3128 2553 postremo
3151 2484 3408 2548 martyrio

1900 2560 1968 2612 sit
1996 2558 2296 2628 defunctus.

1903 2670 2106 2725 Eodem
2140 2679 2388 2740 tempore
2429 2668 2584 2723 multi
2640 2666 2845 2721 Graeca:
2898 2656 3280 2732 superstitioni
3315 2653 3411 2708 adv

1830 2763 1962 2820 dicti
1992 2765 2046 2818 in
2079 2763 2326 2825 urbibus,
2362 2762 2430 2816 de
2486 2760 2599 2815 aris
2633 2760 2861 2813 deorum
2892 2753 3318 2809 contenderunt,
3350 2755 3410 2802 et

1831 2856 1897 2911 ad
1933 2865 2165 2939 mortem
2221 2869 2397 2924 usque
2440 2852 2820 2908 decertarunt.
2883 2846 3057 2902 Sicuti
3118 2842 3172 2896 in
3207 2837 3408 2894 Arabia

1833 2934 2026 3002 Petraei
2057 2957 2113 3001 et
2141 2945 2496 3014 Areopolitac,
2528 2942 2672 3014 apud
2695 2940 3017 3030 l’alaestinos
3046 2934 3330 3030 Βιιρὴῑοιαε
3352 2937 3411 3030 et

1833 3039 2034 3105 Gauri,
2088 3041 2231 3108 apud
2289 3037 2582 3095 Phoenices
2644 3021 3104 3102 lleliOpolitzmet
3147 3026 3201 3080 in
3253 3021 3410 3092 Syria

1833 3133 2068 3187 maxime
2128 3132 2389 3207 templum
2446 3133 2862 3202 pr0pugnarunt
2916 3118 3207 3192 Apamcni,
3268 3114 3410 3207 Axio
3479 3140 3486 3147 -

1834 3229 1978 3282 amni
2014 3205 2311 3297 propinqui
2339 3239 2354 3277 :
2412 3236 2553 3291 quos
2581 3216 2861 3274 memoriae
2895 3213 3171 3285 proditum
3204 3216 3309 3273 est,
3340 3205 3409 3259 ad

1835 3320 2164 3390 templorum
2240 3313 2510 3388 ejusmodi
2590 3309 2896 3367 custodiam
2952 3316 3010 3361 et
3072 3300 3410 3375 praesidium,

1836 3414 2016 3470 socios
2041 3422 2097 3467 et
2125 3410 2418 3466 auxiliares
2447 3406 2720 3469 Galilaeos,
2768 3415 2824 3458 et
2850 3399 3230 3472 quosdam-ex
3273 3393 3415 3449 vicis

170 3515 315 3561 τινας
351 3499 455 3552 ἀπὸ
488 3498 599 3551 τῶν
628 3499 836 3570 κωμῶν
869 3499 925 3553 αἳ
967 3499 1314 3571 περιοικοῦσι
1340 3499 1431 3554 τὸν
1459 3499 1694 3554 Λίϐανον
1713 3519 1729 3534 ο

1840 3522 2025 3562 eorum
2054 3505 2146 3576 qui
2178 3496 2383 3559 circum
2417 3498 2684 3555 Libanum
2710 3497 2949 3550 montem
2978 3491 3250 3553 habitant,
3282 3501 3416 3541 evo-

170 3592 222 3644 τδ
243 3592 285 3644 δ’
322 3590 550 3645 ὕστατον
575 3592 666 3645 ἐπὶ
713 3593 875 3645 τόσον
905 3592 1193 3664 προελθεῖν
1239 3591 1498 3663 θράσους,
1532 3591 1605 3654 ώς
1636 3592 1734 3645 καὶ

169 3685 249 3739 τὸν
274 3686 622 3755 περιώνυμον
656 3684 974 3756 Μάρκελλον
1001 3685 1126 3756 τῇδε
1149 3685 1599 3755 ὲπισκοπήσαντα
1621 3685 1737 3737 δια-

172 3779 492 3850 χρήσασθαι,
524 3782 625 3850 τῆς
664 3779 1155 3850 ἐγκεχειρισμένης
1189 3780 1401 3842 πόλεως
1432 3780 1500 3833 τὰ
1530 3774 1733 3849 τεμένη

171 3871 584 3940 ὲξαφανίσαντα,
624 3874 687 3942 τῇ
722 3871 858 3940 πρὸς
884 3870 1019 3925 Θεὸν
1048 3870 1328 3944 παρρησίᾳ
1367 3871 1569 3942 μᾶλλον
1600 3871 1633 3942 ἢ
1666 3873 1733 3943 τῇ

172 3964 481 4035 πολυχειρίᾳ
508 3963 874 4035 χρησάμενον.
915 3963 1069 4017 Ἐπεὶ
1096 3965 1203 4034 γὰρ
1243 3963 1524 4035 Ἰωάννης,
1558 3963 1618 4018 οὗ
1641 3965 1739 4017 καὶ

175 4059 400 4127 πρόσθεν
422 4056 725 4129 ἐμνήσθην,
782 4056 1036 4110 ἐτελεύτα
1064 4056 1156 4110 τὸν
1181 4056 1317 4128 βίον,
1347 4060 1376 4111 ό
1406 4059 1585 4113 πάντα
1616 4060 1738 4129 ἄρι-

175 4166 283 4213 στος
310 4150 494 4205 οὗτοσλ⁸
524 4149 849 4221 Μάρκελλος
883 4151 999 4204 ἀντ’
1031 4149 1244 4204 ἐκείνου
1297 4150 1399 4220 τῆς
1441 4150 1736 4221 Ἀπαμέων

73 4266 94 4323 3
175 4240 344 4310 χώρας
379 4241 481 4308 τὴν
530 4240 829 4311 προεδρίαν
881 4239 1121 4310 εἰλήφει,
1153 4240 1294 4302 ζέων
1344 4240 1422 4312 τῷ
1462 4241 1735 4312 πνεύματι

177 4336 307 4388 κατὰ
338 4335 431 4387 τὸν
455 4334 600 4387 θεῖον
643 4332 989 4388 Ἀπόστολον.
1030 4333 1186 4386 Ἐπεὶ
1223 4335 1279 4388 δὲ
1310 4334 1406 4387 καὶ
1434 4335 1462 4388 ό
1490 4333 1738 4405 ὕπαρχος

179 4428 266 4480 σὺν
294 4428 412 4481 δυσὶ
454 4414 764 4498 χιλιάρχοις
796 4428 876 4489 είς
908 4427 1007 4497 τὴν
1040 4427 1254 4481 ἐκείνου
1302 4426 1456 4482 πόλιν
1480 4428 1735 4497 ἀφίκετο,

178 4519 420 4588 πρόθεσις
454 4518 501 4571 δ’
527 4515 597 4591 ἦν
619 4518 688 4571 τὰ
722 4519 830 4571 τῶν
855 4518 1089 4571 εἰδώλων
1122 4517 1361 4572 διαλύειν
1411 4511 1636 4590 τεμένη,
1679 4518 1739 4572 τὸ

181 4613 270 4679 μὲν
298 4612 502 4683 πλῆθος
530 4611 641 4665 τῶν
693 4611 1045 4682 στρατιωτῶν
1091 4609 1407 4680 έφησύχαζε
1437 4610 1579 4665 δέειο
1628 4612 1658 4665 ό
1680 4611 1738 4665 δὲ

175 4704 244 4773 τῷ
268 4705 483 4772 τεμένει
519 4702 819 4775 προσέϐαλε
851 4702 945 4757 τοῦ
974 4703 1094 4767 Διὸς
1110 4703 1346 4759 διαλύειν
1373 4706 1734 4776 πειρώμενον

175 4794 199 4847 ὃ
224 4795 284 4866 δὴ
320 4795 577 4866 μέγιστόν
604 4810 662 4848 τε
690 4789 758 4864 ἦν
787 4794 876 4848 καὶ
902 4796 981 4859 είς
1020 4794 1215 4858 κάλλος
1238 4795 1479 4863 ἐξαίσιον
1500 4796 1740 4849 ὲποικίλ-

1840 3575 2122 3656 cassezad
2167 3603 2475 3650 extremum
2517 3600 2701 3646 autem
2733 3602 2799 3641 eo
2850 3583 3090 3640 audaciae
3116 3587 3174 3635 et
3238 3575 3414 3633 conti-

1839 3693 2040 3748 dentiat
2073 3689 2336 3749 evasisse,
2370 3693 2432 3740 ut
2459 3682 2830 3740 clarissimum
2884 3678 3065 3732 virum
3097 3669 3415 3728 Marcellum

1838 3781 2137 3856 episcopali
2189 3780 2264 3835 ibi
2319 3778 2639 3847 fungentem
2700 3783 2931 3827 munere
2993 3762 3411 3856 interemeriut:

1840 3851 2127 3945 propterea
2149 3869 2293 3940 quod
2318 3867 2628 3923 commissa:
2654 3863 2757 3918 sibi
2780 3860 2935 3915 urbis
2957 3856 3212 3918 delubra,
3242 3851 3417 3945 magis

1839 3944 1938 4021 sua
1962 3978 2088 4033 erga
2123 3962 2293 4017 Deum
2335 3957 2558 4022 ﬁducia,
2594 3968 2756 4025 quam
2814 3950 2943 4005 forti
2978 3948 3276 4005 multorum
3313 3944 3417 3997 lto-

1841 4056 2051 4111 minum
2082 4061 2272 4109 coacta
2317 4064 2481 4104 manu
2515 4046 2868 4102 abolevisset.
2893 4041 2998 4097 Ubi
3049 4039 3200 4094 enim
3249 4036 3417 4093 Joan—

1839 4164 1937 4204 nes
1969 4148 2067 4218 (l),
2103 4145 2262 4217 cujus
2290 4152 2450 4198 antea
2482 4152 2700 4209 quoque
2760 4134 3095 4190 mentidnem
3157 4129 3414 4192 fecimus,

1840 4240 2098 4304 decessit,
2147 4237 2315 4293 rebus
2347 4233 2607 4289 omnibus
2631 4230 2875 4298 optimus
2928 4224 3217 4280 Marcellus
3287 4222 3415 4284 iste,

1840 4330 2050 4405 proillo
2075 4329 2316 4399 regionis
2344 4325 2639 4396 Apameme
2665 4320 3036 4392 episcopalem
3058 4314 3416 4371 administra-

1840 4425 2041 4480 tionem
2076 4420 2304 4478 sortitus
2325 4428 2430 4480 est.
2456 4417 2656 4488 spiritu
2692 4415 2847 4486 juxta
2871 4413 3059 4467 divum
3095 4409 3414 4479 Apostolum

1841 4516 2083 4572 fervens.
2108 4515 2291 4583 Atque
2315 4510 2407 4565 ubi
2457 4507 2750 4581 praefectus
2772 4504 3018 4562 Orientis
3043 4519 3167 4559 cum
3195 4503 3418 4560 duobus

1840 4608 2078 4667 tribunis
2132 4606 2189 4662 in
2225 4605 2416 4662 urbem
2476 4619 2597 4659 eam
2634 4602 2879 4666 advenit,
2948 4615 3016 4657 eo
3068 4599 3303 4656 consilio
3355 4606 3419 4652 ut

1838 4702 2115 4759 idolorum
2137 4699 2263 4755 fana
2303 4696 2689 4762 demoliretur,
2728 4688 2908 4767 plebs
2954 4693 3202 4765 quidem,
3263 4689 3414 4762 quod

1843 4796 2139 4851 militarem
2175 4807 2396 4847 manum
2442 4797 2733 4852 metueret,
2766 4787 2952 4858 quieta
2994 4786 3095 4841 fuit
3136 4804 3150 4840 :
3199 4795 3256 4840 et
3279 4797 3419 4852 prte-

176 4886 316 4943 λετο.,
355 4887 515 4942 Ἀλλὰ
541 4888 637 4940 καὶ
665 4885 935 4957 στεγανὴν
960 4888 1052 4940 καὶ
1072 4888 1308 4960 στερρὰν
1331 4889 1430 4959 τὴν
1460 4888 1731 4960 συνθήκην

1842 4889 2019 4944 fectus
2067 4883 2223 4941 Jovis
2262 4881 2526 4952 templum
2561 4893 2757 4935 eruere
2792 4888 2878 4933 est
2902 4888 3210 4960 aggressus,
3269 4870 3417 4942 quod

176 4980 275 5033 τῶν
295 4980 454 5034 λίθων
497 4979 650 5045 ῑδὼν,
686 4976 826 5049 ᾤετο
847 4979 1134 5050 ἀμήχανον
1168 4976 1311 5034 εἶναι
1342 4981 1440 5053 τὴν
1464 4981 1735 5051 τοσαύτην

176 5074 426 5145 ἁρμονίαν
452 5073 771 5142 διαλυθῆναι
791 5087 808 5103 '
850 5070 1096 5143 μέγιστοι
1129 5073 1239 5146 γὰρ
1258 5073 1381 5129 λίαν
1407 5075 1556 5139 ὄντες
1577 5078 1625 5133 οἱ
1656 5075 1735 5130 λί-

176 5166 254 5220 θοι
286 5169 450 5238 παχεῖ
477 5164 680 5236 σιδήρῳ
720 5165 818 5219 καὶ
854 5164 1091 5236 μολίϐδῳ
1139 5164 1517 5238 διακεχυμένῳ
1565 5167 1738 5222 ἀπαν-

175 5258 332 5331 ταχοῦ
373 5258 801 5331 συνηρμόζοντο.
868 5257 928 5312 ’0
994 5260 1175 5313 τοίνυν
1232 5258 1375 5323 θεῖος
1412 5254 1735 5331 Μάρκελλος

175 5350 510 5422 δειμαίνοντα
537 5349 682 5405 οὓτω
709 5352 801 5405 τὸν
833 5350 1083 5421 ὕπαρχον
1118 5352 1478 5421 θεασάμενος,
1523 5354 1736 5408 ἐκεῖνον

181 5446 276 5511 μὲν
320 5443 451 5514 πρὸς
479 5443 577 5507 τὰς
599 5443 768 5508 ἄλλας
815 5443 925 5498 τῶν
953 5445 1163 5498 πόλεων
1215 5447 1414 5517 χωρεῖν
1445 5445 1698 5499 ἐκέλευεν
1719 5461 1735 5477 ο

179 5533 329 5597 αὐτὸς
357 5535 411 5587 δὲ
441 5533 581 5587 θεοῦ
610 5533 780 5588 ἐδεῖτο
824 5533 1010 5587 δοῦναι
1038 5534 1206 5603 πόρον
1232 5533 1311 5605 τῷ
1341 5534 1614 5605 ἀμηχάνῳ
1640 5533 1736 5586 τοῦ

181 5627 511 5697 πράγματος.
544 5628 651 5681 Καὶ
677 5627 740 5691 δή
772 5644 855 5690 τις
882 5627 1055 5681 ἔωθεν
1091 5626 1216 5698 ἥκει
1250 5628 1602 5697 αὐτόκλητος,
1627 5625 1740 5680 οὔτ’

181 5716 488 5786 οἰκοδομεῖν,
514 5717 638 5771 οὔτε
666 5717 847 5781 λίθους
882 5720 1123 5787 τέμνειν,
1177 5718 1304 5790 μήτ’
1326 5718 1494 5788 ἄλλην
1541 5720 1740 5789 τέχνην

183 5804 590 5879 ἐξεπιστάμενος
612 5828 629 5846 ο
663 5811 805 5882 μόνα
829 5811 887 5865 δὲ
936 5813 1065 5877 ξύλα
1096 5815 1191 5867 καὶ
1223 5812 1403 5875 λίθους
1433 5811 1612 5881 αἴρειν
1648 5811 1740 5865 ἐπὶ

182 5902 282 5954 τῶν
303 5903 461 5972 ὤμων
495 5904 851 5975 μεμαθηκώς.
901 5905 1223 5961 Ποοσελθὼν
1260 5905 1339 5973 δὲ,
1381 5905 1529 5961 δυοῖν
1567 5905 1742 5977 τεχνί-

250 6017 322 6088 (Ι)
354 6018 478 6091 Cap.
503 6038 529 6075 ι·
562 6018 685 6075 eod.

1845 4979 2068 5050 quidem
2097 4988 2154 5032 et
2183 4977 2481 5030 maximum
2507 4984 2563 5028 et
2583 4969 2927 5027 ornamentis
2954 4952 3129 5022 variis.
3148 4961 3417 5033 etpraeci-

1844 5070 1987 5141 puis-
2022 5066 2451 5138 pulcherrimum
2505 5064 2628 5120 fuit.
2670 5064 2871 5119 Verum
2916 5074 3041 5114 cum
3073 5056 3317 5127 lapidum
3358 5062 3419 5109 et

1843 5159 2092 5216 materia
2122 5166 2455 5214 structuram
2489 5154 2717 5210 solidam
2748 5160 2805 5207 et
2861 5150 3072 5204 ﬁrmant
3123 5146 3421 5201 admodum

1845 5254 2140 5327 praefectus
2175 5267 2295 5308 esse
2316 5257 2592 5310 cerneret,
2628 5248 2747 5301 ﬁeri
2780 5261 2889 5300 non
2911 5258 3072 5312 posse
3104 5241 3421 5313 putavit,ut

1847 5356 1996 5401 tanta
2013 5357 2277 5415 compago
2301 5342 2438 5397 solvi
2472 5347 2565 5394 aut
2599 5339 2742 5394 dirui
2769 5345 2970 5408 posset.
3006 5334 3236 5389 Maxima
3270 5347 3423 5387 nam-

1846 5456 1952 5513 que
1975 5454 2101 5495 saxa
2126 5435 2410 5492 immensis
2450 5432 2804 5488 ferramentis
2835 5440 2891 5485 et
2928 5429 3154 5501 plumbo
3200 5425 3421 5492 diﬂuso,

1845 5550 1909 5589 ex
1938 5531 2086 5587 οηιυί
2117 5539 2269 5601 parte
2290 5536 2415 5597 apte
2442 5532 2725 5596 compacta
2756 5521 3200 5592 etconglutinata
3228 5527 3412 5575 erant.

1846 5624 2009 5694 277
2040 5622 2208 5676 Divus
2240 5630 2423 5675 autem
2460 5616 2749 5673 Marceilus
2784 5614 3101 5686 przefectum
3154 5613 3234 5670 sic
3261 5614 3419 5669 labo-
3485 5621 3489 5625 '

1846 5731 1960 5770 rem
1995 5730 2118 5769 eum
2147 5711 2597 5767 refortnidantetn
2630 5723 2883 5772 cernens,
2910 5708 3060 5762 illum
3088 5706 3309 5777 quidem
3352 5705 3421 5761 ad

1846 5809 1981 5866 alias
2013 5808 2180 5864 urbes
2208 5806 2441 5862 transire
2475 5804 2675 5876 jussit:
2713 5805 2832 5874 ipse
2871 5811 3054 5858 autem
3080 5801 3253 5856 Deum
3289 5812 3420 5871 pre-

1844 5910 2002 5963 catus
2024 5910 2131 5969 est,
2156 5908 2213 5956 ut
2242 5900 2319 5957 rei
2356 5907 2466 5955 tam
2500 5897 2688 5955 dimcli
2746 5908 2804 5954 et
2860 5894 3164 5967 desperata
3208 5890 3418 5958 exitum
