  <div class='ocr_page' id='page_1' title='image "/cluster/home/n/w/nwhite01/storage/ocr_20150623/146/hvd.32044019208347/423.png"; bbox 0 0 3918 6550; ppageno 0'>
   <div class='ocr_carea' id='block_1_1' title="bbox 504 496 604 560">
    <p class='ocr_par' dir='ltr' id='par_1_1' title="bbox 504 496 604 560">
     <span class='ocr_line' id='line_1_1' title="bbox 504 496 604 560; baseline -0.01 -1"><span class='ocrx_word' id='word_1_1' title='bbox 504 496 604 560; x_wconf 84' lang='lat'><strong>831</strong></span> 
     </span>
    </p>
   </div>
   <div class='ocr_carea' id='block_1_2' title="bbox 1730 485 3749 555">
    <p class='ocr_par' dir='ltr' id='par_1_2' title="bbox 1730 485 3749 555">
     <span class='ocr_line' id='line_1_2' title="bbox 1730 485 3749 555; baseline -0.003 -1"><span class='ocrx_word' id='word_1_2' title='bbox 1730 488 2157 555; x_wconf 77' lang='lat' dir='ltr'><strong>NICEPHOBI</strong></span> <span class='ocrx_word' id='word_1_3' title='bbox 2194 487 2542 550; x_wconf 84' lang='lat' dir='ltr'><strong>CALLISTI</strong></span> <span class='ocrx_word' id='word_1_4' title='bbox 3547 534 3559 547; x_wconf 95' lang='lat'><strong>.</strong></span> <span class='ocrx_word' id='word_1_5' title='bbox 3655 485 3749 550; x_wconf 71' lang='lat'><strong>832</strong></span> 
     </span>
    </p>
   </div>
   <div class='ocr_carea' id='block_1_3' title="bbox 507 596 2093 677">
    <p class='ocr_par' dir='ltr' id='par_1_3' title="bbox 507 604 2089 677">
     <span class='ocr_line' id='line_1_3' title="bbox 507 604 2089 677; baseline -0.004 -15"><span class='ocrx_word' id='word_1_6' title='bbox 507 609 749 677; x_wconf 82' lang='lat' dir='ltr'><strong>aliquem</strong></span> <span class='ocrx_word' id='word_1_7' title='bbox 775 607 953 661; x_wconf 88' lang='lat' dir='ltr'><strong>daret.</strong></span> <span class='ocrx_word' id='word_1_8' title='bbox 996 604 1215 661; x_wconf 84' lang='lat' dir='ltr'><strong>Etecce</strong></span> <span class='ocrx_word' id='word_1_9' title='bbox 1271 619 1397 661; x_wconf 90' lang='lat' dir='ltr'><strong>cum</strong></span> <span class='ocrx_word' id='word_1_10' title='bbox 1451 605 1568 660; x_wconf 84' lang='lat' dir='ltr'><strong>sole</strong></span> <span class='ocrx_word' id='word_1_11' title='bbox 1626 604 1839 660; x_wconf 83' lang='lat' dir='ltr'><strong>oriente</strong></span> <span class='ocrx_word' id='word_1_12' title='bbox 1870 604 2089 675; x_wconf 88' lang='lat' dir='ltr'><strong>quidam</strong></span> 
     </span>
    </p>
   </div>
   <div class='ocr_carea' id='block_1_4' title="bbox 2198 596 3762 677">
    <p class='ocr_par' dir='ltr' id='par_1_4' title="bbox 2198 596 3762 672">
     <span class='ocr_line' id='line_1_4' title="bbox 2198 596 3762 672; baseline 0.001 -21"><span class='ocrx_word' id='word_1_13' title='bbox 2198 616 2317 653; x_wconf 86' lang='grc' dir='ltr'>ταιν</span> <span class='ocrx_word' id='word_1_14' title='bbox 2340 599 2461 671; x_wconf 70' lang='grc' dir='ltr'>ᾔτει</span> <span class='ocrx_word' id='word_1_15' title='bbox 2492 597 2712 670; x_wconf 76' lang='grc' dir='ltr'>μισθόν.</span> <span class='ocrx_word' id='word_1_16' title='bbox 2747 599 2842 652; x_wconf 86' lang='grc' dir='ltr'><strong>Ἐκ</strong></span> <span class='ocrx_word' id='word_1_17' title='bbox 2865 596 2960 652; x_wconf 74' lang='grc' dir='ltr'><strong>τοῦ</strong></span> <span class='ocrx_word' id='word_1_18' title='bbox 2999 597 3198 669; x_wconf 74' lang='grc' dir='ltr'>ῥᾴστου</span> <span class='ocrx_word' id='word_1_19' title='bbox 3232 597 3340 671; x_wconf 73' lang='grc' dir='ltr'>γὰρ</span> <span class='ocrx_word' id='word_1_20' title='bbox 3388 597 3589 653; x_wconf 83' lang='grc' dir='ltr'>ἐνεῖναι</span> <span class='ocrx_word' id='word_1_21' title='bbox 3628 600 3762 672; x_wconf 75' lang='grc' dir='ltr'>αύτῷ</span> 
     </span>
    </p>
   </div>
   <div class='ocr_carea' id='block_1_5' title="bbox 508 696 2088 770">
    <p class='ocr_par' dir='ltr' id='par_1_5' title="bbox 508 696 2088 770">
     <span class='ocr_line' id='line_1_5' title="bbox 508 696 2088 770; baseline -0.004 -15"><span class='ocrx_word' id='word_1_22' title='bbox 508 712 701 770; x_wconf 77' lang='lat' dir='ltr'><strong>suapte</strong></span> <span class='ocrx_word' id='word_1_23' title='bbox 728 708 923 769; x_wconf 91' lang='lat' dir='ltr'><strong>sponte</strong></span> <span class='ocrx_word' id='word_1_24' title='bbox 959 696 1200 761; x_wconf 89' lang='lat' dir='ltr'><strong>advenit,</strong></span> <span class='ocrx_word' id='word_1_25' title='bbox 1246 696 1338 766; x_wconf 91' lang='lat' dir='ltr'><strong>qui</strong></span> <span class='ocrx_word' id='word_1_26' title='bbox 1376 712 1555 766; x_wconf 83' lang='lat' dir='ltr'><strong>neque</strong></span> <span class='ocrx_word' id='word_1_27' title='bbox 1582 696 1727 751; x_wconf 69' lang='lat' dir='ltr'><strong>zedes</strong></span> <span class='ocrx_word' id='word_1_28' title='bbox 1778 704 2088 758; x_wconf 77' lang='lat' dir='ltr'><strong>exstruere,</strong></span> 
     </span>
    </p>
   </div>
   <div class='ocr_carea' id='block_1_6' title="bbox 502 786 2091 860">
    <p class='ocr_par' dir='ltr' id='par_1_6' title="bbox 502 786 2091 860">
     <span class='ocr_line' id='line_1_6' title="bbox 502 786 2091 860; baseline -0.006 -15"><span class='ocrx_word' id='word_1_29' title='bbox 502 801 600 846; x_wconf 80' lang='lat' dir='ltr'><strong>unt</strong></span> <span class='ocrx_word' id='word_1_30' title='bbox 660 790 869 860; x_wconf 84' lang='lat' dir='ltr'><strong>lapides</strong></span> <span class='ocrx_word' id='word_1_31' title='bbox 937 788 1145 843; x_wconf 75' lang='lat' dir='ltr'><strong>czedere</strong></span> <span class='ocrx_word' id='word_1_32' title='bbox 1216 796 1378 857; x_wconf 85' lang='lat' dir='ltr'><strong>atque</strong></span> <span class='ocrx_word' id='word_1_33' title='bbox 1428 786 1625 857; x_wconf 83' lang='lat' dir='ltr'><strong>polire,</strong></span> <span class='ocrx_word' id='word_1_34' title='bbox 1690 801 1863 855; x_wconf 86' lang='lat' dir='ltr'><strong>neque</strong></span> <span class='ocrx_word' id='word_1_35' title='bbox 1916 793 2091 838; x_wconf 81' lang='lat' dir='ltr'><strong>artem</strong></span> 
     </span>
    </p>
   </div>
   <div class='ocr_carea' id='block_1_7' title="bbox 501 878 2093 953">
    <p class='ocr_par' dir='ltr' id='par_1_7' title="bbox 501 878 2093 953">
     <span class='ocr_line' id='line_1_7' title="bbox 501 878 2093 953; baseline -0.003 -16"><span class='ocrx_word' id='word_1_36' title='bbox 501 885 823 953; x_wconf 73' lang='lat' dir='ltr'><strong>quampiam</strong></span> <span class='ocrx_word' id='word_1_37' title='bbox 858 883 1018 937; x_wconf 85' lang='lat' dir='ltr'><strong>aliam</strong></span> <span class='ocrx_word' id='word_1_38' title='bbox 1067 881 1253 943; x_wconf 85' lang='lat' dir='ltr'><strong>sciret,</strong></span> <span class='ocrx_word' id='word_1_39' title='bbox 1286 879 1431 950; x_wconf 76' lang='lat' dir='ltr'><strong>ligna</strong></span> <span class='ocrx_word' id='word_1_40' title='bbox 1507 888 1715 933; x_wconf 85' lang='lat' dir='ltr'><strong>tantum</strong></span> <span class='ocrx_word' id='word_1_41' title='bbox 1775 888 1830 933; x_wconf 92' lang='lat' dir='ltr'><strong>et</strong></span> <span class='ocrx_word' id='word_1_42' title='bbox 1882 878 2093 947; x_wconf 81' lang='lat' dir='ltr'><strong>lapides</strong></span> 
     </span>
    </p>
   </div>
   <div class='ocr_carea' id='block_1_8' title="bbox 505 969 2092 1051">
    <p class='ocr_par' dir='ltr' id='par_1_8' title="bbox 505 969 2092 1051">
     <span class='ocr_line' id='line_1_8' title="bbox 505 969 2092 1051; baseline -0.006 -20"><span class='ocrx_word' id='word_1_43' title='bbox 505 977 754 1031; x_wconf 81' lang='lat' dir='ltr'><strong>humeris</strong></span> <span class='ocrx_word' id='word_1_44' title='bbox 782 984 994 1045; x_wconf 77' lang='lat' dir='ltr'><strong>gestare</strong></span> <span class='ocrx_word' id='word_1_45' title='bbox 1021 984 1293 1051; x_wconf 69' lang='lat' dir='ltr'><strong>assuetus.</strong></span> <span class='ocrx_word' id='word_1_46' title='bbox 1330 972 1377 1026; x_wconf 86' lang='lat' dir='ltr'><strong>is</strong></span> <span class='ocrx_word' id='word_1_47' title='bbox 1412 971 1728 1025; x_wconf 80' lang='lat' dir='ltr'><strong>Marcellum</strong></span> <span class='ocrx_word' id='word_1_48' title='bbox 1785 971 1944 1033; x_wconf 90' lang='lat' dir='ltr'><strong>adiit,</strong></span> <span class='ocrx_word' id='word_1_49' title='bbox 1986 969 2092 1023; x_wconf 80' lang='lat' dir='ltr'><strong>du-</strong></span> 
     </span>
    </p>
   </div>
   <div class='ocr_carea' id='block_1_9' title="bbox 504 1063 2090 1140">
    <p class='ocr_par' dir='ltr' id='par_1_9' title="bbox 504 1063 2090 1140">
     <span class='ocr_line' id='line_1_9' title="bbox 504 1063 2090 1140; baseline -0.002 -20"><span class='ocrx_word' id='word_1_50' title='bbox 504 1071 811 1140; x_wconf 76' lang='lat' dir='ltr'><strong>pticemqne</strong></span> <span class='ocrx_word' id='word_1_51' title='bbox 841 1069 944 1124; x_wconf 88' lang='lat' dir='ltr'><strong>sibi</strong></span> <span class='ocrx_word' id='word_1_52' title='bbox 969 1067 1278 1121; x_wconf 88' lang='lat' dir='ltr'><strong>mercedem</strong></span> <span class='ocrx_word' id='word_1_53' title='bbox 1310 1066 1607 1135; x_wconf 83' lang='lat' dir='ltr'><strong>stipulatus</strong></span> <span class='ocrx_word' id='word_1_54' title='bbox 1644 1075 1762 1119; x_wconf 72' lang='lat' dir='ltr'><strong>est:</strong></span> <span class='ocrx_word' id='word_1_55' title='bbox 1793 1065 1955 1119; x_wconf 88' lang='lat' dir='ltr'><strong>facile</strong></span> <span class='ocrx_word' id='word_1_56' title='bbox 1984 1063 2090 1118; x_wconf 82' lang='lat' dir='ltr'><strong>sibi</strong></span> 
     </span>
    </p>
   </div>
   <div class='ocr_carea' id='block_1_10' title="bbox 508 1155 2092 1227">
    <p class='ocr_par' dir='ltr' id='par_1_10' title="bbox 508 1155 2092 1227">
     <span class='ocr_line' id='line_1_10' title="bbox 508 1155 2092 1227; baseline -0.001 -17"><span class='ocrx_word' id='word_1_57' title='bbox 508 1178 649 1225; x_wconf 70' lang='lat' dir='ltr'><strong>esse,</strong></span> <span class='ocrx_word' id='word_1_58' title='bbox 689 1173 747 1213; x_wconf 92' lang='lat' dir='ltr'><strong>ut</strong></span> <span class='ocrx_word' id='word_1_59' title='bbox 782 1159 1038 1227; x_wconf 75' lang='grc' dir='ltr'>ιυιιψίιιηι</span> <span class='ocrx_word' id='word_1_60' title='bbox 1095 1160 1356 1212; x_wconf 72' lang='lat' dir='ltr'><strong>celeriter</strong></span> <span class='ocrx_word' id='word_1_61' title='bbox 1394 1157 1749 1220; x_wconf 70' lang='lat' dir='ltr'><strong>«lenteliatur,</strong></span> <span class='ocrx_word' id='word_1_62' title='bbox 1810 1155 2092 1211; x_wconf 71' lang='lat' dir='ltr'><strong>dictitans.</strong></span> 
     </span>
    </p>
   </div>
   <div class='ocr_carea' id='block_1_11' title="bbox 515 1248 2091 1322">
    <p class='ocr_par' dir='ltr' id='par_1_11' title="bbox 515 1248 2091 1322">
     <span class='ocr_line' id='line_1_11' title="bbox 515 1248 2091 1322; baseline -0.004 -17"><span class='ocrx_word' id='word_1_63' title='bbox 515 1254 643 1305; x_wconf 74' lang='lat' dir='ltr'><strong>Eam</strong></span> <span class='ocrx_word' id='word_1_64' title='bbox 685 1261 968 1322; x_wconf 70' lang='lat' dir='ltr'><strong>postquam</strong></span> <span class='ocrx_word' id='word_1_65' title='bbox 1000 1250 1291 1305; x_wconf 75' lang='lat' dir='ltr'><strong>Marcellus</strong></span> <span class='ocrx_word' id='word_1_66' title='bbox 1342 1265 1401 1304; x_wconf 87' lang='lat' dir='ltr'><strong>se</strong></span> <span class='ocrx_word' id='word_1_67' title='bbox 1433 1249 1509 1303; x_wconf 89' lang='lat' dir='ltr'><strong>illi</strong></span> <span class='ocrx_word' id='word_1_68' title='bbox 1539 1251 1799 1303; x_wconf 90' lang='lat' dir='ltr'><strong>daturum</strong></span> <span class='ocrx_word' id='word_1_69' title='bbox 1860 1248 2091 1318; x_wconf 80' lang='lat' dir='ltr'><strong>recepit,</strong></span> 
     </span>
    </p>
   </div>
   <div class='ocr_carea' id='block_1_12' title="bbox 510 1339 2094 1412">
    <p class='ocr_par' dir='ltr' id='par_1_12' title="bbox 510 1339 2094 1412">
     <span class='ocr_line' id='line_1_12' title="bbox 510 1339 2094 1412; baseline -0.003 -16"><span class='ocrx_word' id='word_1_70' title='bbox 510 1343 898 1412; x_wconf 84' lang='lat' dir='ltr'><strong>talequiddam</strong></span> <span class='ocrx_word' id='word_1_71' title='bbox 934 1342 1023 1396; x_wconf 89' lang='lat' dir='ltr'><strong>ille</strong></span> <span class='ocrx_word' id='word_1_72' title='bbox 1052 1342 1397 1397; x_wconf 82' lang='lat' dir='ltr'><strong>machinatus</strong></span> <span class='ocrx_word' id='word_1_73' title='bbox 1423 1350 1526 1396; x_wconf 88' lang='lat' dir='ltr'><strong>est.</strong></span> <span class='ocrx_word' id='word_1_74' title='bbox 1561 1342 1861 1395; x_wconf 84' lang='lat' dir='ltr'><strong>Delubrnm</strong></span> <span class='ocrx_word' id='word_1_75' title='bbox 1890 1339 1942 1393; x_wconf 89' lang='lat' dir='ltr'><strong>id</strong></span> <span class='ocrx_word' id='word_1_76' title='bbox 1969 1355 2094 1408; x_wconf 87' lang='lat' dir='ltr'><strong>por-</strong></span> 
     </span>
    </p>
   </div>
   <div class='ocr_carea' id='block_1_13' title="bbox 512 1433 2090 1504">
    <p class='ocr_par' dir='ltr' id='par_1_13' title="bbox 512 1433 2090 1504">
     <span class='ocr_line' id='line_1_13' title="bbox 512 1433 2090 1504; baseline -0.002 -17"><span class='ocrx_word' id='word_1_77' title='bbox 512 1437 675 1488; x_wconf 83' lang='lat' dir='ltr'><strong>ticum</strong></span> <span class='ocrx_word' id='word_1_78' title='bbox 696 1435 1023 1504; x_wconf 83' lang='lat' dir='ltr'><strong>quadratam</strong></span> <span class='ocrx_word' id='word_1_79' title='bbox 1058 1434 1316 1496; x_wconf 87' lang='lat' dir='ltr'><strong>babcbat,</strong></span> <span class='ocrx_word' id='word_1_80' title='bbox 1344 1450 1464 1503; x_wconf 74' lang='lat' dir='ltr'><strong>qua:</strong></span> <span class='ocrx_word' id='word_1_81' title='bbox 1488 1435 1541 1488; x_wconf 91' lang='lat' dir='ltr'><strong>in</strong></span> <span class='ocrx_word' id='word_1_82' title='bbox 1574 1433 1809 1488; x_wconf 84' lang='lat' dir='ltr'><strong>sublime</strong></span> <span class='ocrx_word' id='word_1_83' title='bbox 1834 1433 2090 1495; x_wconf 78' lang='lat' dir='ltr'><strong>excitata,</strong></span> 
     </span>
    </p>
   </div>
   <div class='ocr_carea' id='block_1_14' title="bbox 508 1525 2095 1596">
    <p class='ocr_par' dir='ltr' id='par_1_14' title="bbox 508 1525 2095 1596">
     <span class='ocr_line' id='line_1_14' title="bbox 508 1525 2095 1596; baseline -0.002 -16"><span class='ocrx_word' id='word_1_84' title='bbox 508 1528 761 1596; x_wconf 85' lang='lat' dir='ltr'><strong>adaptata</strong></span> <span class='ocrx_word' id='word_1_85' title='bbox 795 1536 851 1581; x_wconf 90' lang='lat' dir='ltr'><strong>et</strong></span> <span class='ocrx_word' id='word_1_86' title='bbox 902 1527 1155 1596; x_wconf 91' lang='lat' dir='ltr'><strong>imposita</strong></span> <span class='ocrx_word' id='word_1_87' title='bbox 1219 1527 1270 1583; x_wconf 91' lang='lat' dir='ltr'><strong>ei</strong></span> <span class='ocrx_word' id='word_1_88' title='bbox 1326 1526 1523 1580; x_wconf 85' lang='lat' dir='ltr'><strong>fuerat.</strong></span> <span class='ocrx_word' id='word_1_89' title='bbox 1590 1525 1873 1580; x_wconf 79' lang='lat' dir='ltr'><strong>Columna:</strong></span> <span class='ocrx_word' id='word_1_90' title='bbox 1934 1532 2095 1579; x_wconf 88' lang='lat' dir='ltr'><strong>erant</strong></span> 
     </span>
    </p>
   </div>
   <div class='ocr_carea' id='block_1_15' title="bbox 513 1618 2092 1692">
    <p class='ocr_par' dir='ltr' id='par_1_15' title="bbox 513 1618 2092 1692">
     <span class='ocr_line' id='line_1_15' title="bbox 513 1618 2092 1692; baseline -0.004 -16"><span class='ocrx_word' id='word_1_91' title='bbox 513 1623 779 1681; x_wconf 71' lang='lat' dir='ltr'><strong>maximm,</strong></span> <span class='ocrx_word' id='word_1_92' title='bbox 815 1618 1192 1692; x_wconf 79' lang='lat' dir='ltr'><strong>magnitudine</strong></span> <span class='ocrx_word' id='word_1_93' title='bbox 1237 1619 1352 1688; x_wconf 86' lang='lat' dir='ltr'><strong>ipsa</strong></span> <span class='ocrx_word' id='word_1_94' title='bbox 1386 1618 1592 1688; x_wconf 90' lang='lat' dir='ltr'><strong>templo</strong></span> <span class='ocrx_word' id='word_1_95' title='bbox 1643 1618 1798 1688; x_wconf 77' lang='lat' dir='ltr'><strong>juxta</strong></span> <span class='ocrx_word' id='word_1_96' title='bbox 1854 1630 2092 1685; x_wconf 89' lang='lat' dir='ltr'><strong>propor-</strong></span> 
     </span>
    </p>
   </div>
   <div class='ocr_carea' id='block_1_16' title="bbox 512 1710 2095 1784">
    <p class='ocr_par' dir='ltr' id='par_1_16' title="bbox 512 1710 2095 1784">
     <span class='ocr_line' id='line_1_16' title="bbox 512 1710 2095 1784; baseline -0.003 -15"><span class='ocrx_word' id='word_1_97' title='bbox 512 1718 719 1770; x_wconf 89' lang='lat' dir='ltr'><strong>tionem</strong></span> <span class='ocrx_word' id='word_1_98' title='bbox 773 1713 1188 1784; x_wconf 89' lang='lat' dir='ltr'><strong>respondentes.</strong></span> <span class='ocrx_word' id='word_1_99' title='bbox 1217 1710 1498 1767; x_wconf 75' lang='lat' dir='ltr'><strong>Culumtta&#39;</strong></span> <span class='ocrx_word' id='word_1_100' title='bbox 1537 1712 1806 1780; x_wconf 79' lang='lat' dir='ltr'><strong>cujusque</strong></span> <span class='ocrx_word' id='word_1_101' title='bbox 1856 1710 2095 1764; x_wconf 88' lang='lat' dir='ltr'><strong>ambitus</strong></span> 
     </span>
    </p>
   </div>
   <div class='ocr_carea' id='block_1_17' title="bbox 506 1802 2091 1874">
    <p class='ocr_par' dir='ltr' id='par_1_17' title="bbox 506 1802 2091 1874">
     <span class='ocr_line' id='line_1_17' title="bbox 506 1802 2091 1874; baseline -0.004 -13"><span class='ocrx_word' id='word_1_102' title='bbox 506 1809 783 1862; x_wconf 62' lang='lat' dir='ltr'><strong>sexdecim</strong></span> <span class='ocrx_word' id='word_1_103' title='bbox 802 1807 1017 1861; x_wconf 87' lang='lat' dir='ltr'><strong>cubitos</strong></span> <span class='ocrx_word' id='word_1_104' title='bbox 1036 1805 1293 1861; x_wconf 81' lang='lat' dir='ltr'><strong>habebat.</strong></span> <span class='ocrx_word' id='word_1_105' title='bbox 1317 1803 1519 1858; x_wconf 85' lang='lat' dir='ltr'><strong>Natura</strong></span> <span class='ocrx_word' id='word_1_106' title='bbox 1545 1802 1793 1874; x_wconf 84' lang='lat' dir='ltr'><strong>lapidum</strong></span> <span class='ocrx_word' id='word_1_107' title='bbox 1827 1815 2091 1872; x_wconf 83' lang='lat' dir='ltr'><strong>perquam</strong></span> 
     </span>
    </p>
   </div>
   <div class='ocr_carea' id='block_1_18' title="bbox 512 1892 2095 1964">
    <p class='ocr_par' dir='ltr' id='par_1_18' title="bbox 512 1892 2095 1964">
     <span class='ocr_line' id='line_1_18' title="bbox 512 1892 2095 1964; baseline -0.003 -13"><span class='ocrx_word' id='word_1_108' title='bbox 512 1899 666 1954; x_wconf 78' lang='lat' dir='ltr'><strong>firma</strong></span> <span class='ocrx_word' id='word_1_109' title='bbox 696 1910 751 1955; x_wconf 90' lang='lat' dir='ltr'><strong>et</strong></span> <span class='ocrx_word' id='word_1_110' title='bbox 790 1899 1141 1953; x_wconf 84' lang='lat' dir='ltr'><strong>adamantina</strong></span> <span class='ocrx_word' id='word_1_111' title='bbox 1179 1896 1303 1964; x_wconf 87' lang='lat' dir='ltr'><strong>fuit,</strong></span> <span class='ocrx_word' id='word_1_112' title='bbox 1334 1896 1406 1950; x_wconf 90' lang='lat' dir='ltr'><strong>ita</strong></span> <span class='ocrx_word' id='word_1_113' title='bbox 1443 1905 1501 1949; x_wconf 91' lang='lat' dir='ltr'><strong>ut</strong></span> <span class='ocrx_word' id='word_1_114' title='bbox 1527 1910 1636 1949; x_wconf 88' lang='lat' dir='ltr'><strong>non</strong></span> <span class='ocrx_word' id='word_1_115' title='bbox 1693 1893 1853 1950; x_wconf 82' lang='lat' dir='ltr'><strong>facile</strong></span> <span class='ocrx_word' id='word_1_116' title='bbox 1902 1892 2095 1963; x_wconf 86' lang='lat' dir='ltr'><strong>lapici-</strong></span> 
     </span>
    </p>
   </div>
   <div class='ocr_carea' id='block_1_19' title="bbox 508 1987 2093 2055">
    <p class='ocr_par' dir='ltr' id='par_1_19' title="bbox 508 1987 2093 2055">
     <span class='ocr_line' id='line_1_19' title="bbox 508 1987 2093 2055; baseline -0.004 -10"><span class='ocrx_word' id='word_1_117' title='bbox 508 1994 705 2046; x_wconf 86' lang='lat' dir='ltr'><strong>darum</strong></span> <span class='ocrx_word' id='word_1_118' title='bbox 767 1993 986 2047; x_wconf 87' lang='lat' dir='ltr'><strong>cederet</strong></span> <span class='ocrx_word' id='word_1_119' title='bbox 1054 1990 1454 2046; x_wconf 82' lang='lat' dir='ltr'><strong>instrumentis.</strong></span> <span class='ocrx_word' id='word_1_120' title='bbox 1528 1989 1674 2055; x_wconf 85' lang='lat' dir='ltr'><strong>Quas</strong></span> <span class='ocrx_word' id='word_1_121' title='bbox 1734 1987 2093 2042; x_wconf 86' lang='lat' dir='ltr'><strong>circumcirca</strong></span> 
     </span>
    </p>
   </div>
   <div class='ocr_carea' id='block_1_20' title="bbox 516 2078 2093 2153">
    <p class='ocr_par' dir='ltr' id='par_1_20' title="bbox 516 2078 2093 2153">
     <span class='ocr_line' id='line_1_20' title="bbox 516 2078 2093 2153; baseline -0.004 -15"><span class='ocrx_word' id='word_1_122' title='bbox 516 2087 602 2140; x_wconf 88' lang='lat' dir='ltr'><strong>ille</strong></span> <span class='ocrx_word' id='word_1_123' title='bbox 628 2086 908 2149; x_wconf 84' lang='lat' dir='ltr'><strong>suffossas,</strong></span> <span class='ocrx_word' id='word_1_124' title='bbox 935 2084 1097 2153; x_wconf 83' lang='lat' dir='ltr'><strong>lignis</strong></span> <span class='ocrx_word' id='word_1_125' title='bbox 1154 2083 1424 2149; x_wconf 72' lang='lat' dir='ltr'><strong>oleaginis</strong></span> <span class='ocrx_word' id='word_1_126' title='bbox 1457 2079 1721 2136; x_wconf 82' lang='lat' dir='ltr'><strong>suffulsit.</strong></span> <span class='ocrx_word' id='word_1_127' title='bbox 1783 2080 1963 2149; x_wconf 86' lang='lat' dir='ltr'><strong>Atque</strong></span> <span class='ocrx_word' id='word_1_128' title='bbox 1999 2078 2093 2133; x_wconf 86' lang='lat' dir='ltr'><strong>ubi</strong></span> 
     </span>
    </p>
   </div>
   <div class='ocr_carea' id='block_1_21' title="bbox 511 2170 2096 2243">
    <p class='ocr_par' dir='ltr' id='par_1_21' title="bbox 511 2170 2096 2243">
     <span class='ocr_line' id='line_1_21' title="bbox 511 2170 2096 2243; baseline -0.005 -13"><span class='ocrx_word' id='word_1_129' title='bbox 511 2193 703 2231; x_wconf 80' lang='lat' dir='ltr'><strong>earum</strong></span> <span class='ocrx_word' id='word_1_130' title='bbox 729 2187 841 2231; x_wconf 90' lang='lat' dir='ltr'><strong>tres</strong></span> <span class='ocrx_word' id='word_1_131' title='bbox 872 2176 939 2230; x_wconf 88' lang='lat' dir='ltr'><strong>ad</strong></span> <span class='ocrx_word' id='word_1_132' title='bbox 970 2191 1095 2228; x_wconf 89' lang='lat' dir='ltr'><strong>eum</strong></span> <span class='ocrx_word' id='word_1_133' title='bbox 1123 2175 1346 2229; x_wconf 90' lang='lat' dir='ltr'><strong>modum</strong></span> <span class='ocrx_word' id='word_1_134' title='bbox 1382 2172 1734 2243; x_wconf 88' lang='lat' dir='ltr'><strong>perfodisset,</strong></span> <span class='ocrx_word' id='word_1_135' title='bbox 1768 2170 1947 2239; x_wconf 77' lang='lat' dir='ltr'><strong>ignem</strong></span> <span class='ocrx_word' id='word_1_136' title='bbox 1981 2184 2096 2223; x_wconf 85' lang='lat' dir='ltr'><strong>ma-</strong></span> 
     </span>
    </p>
   </div>
   <div class='ocr_carea' id='block_1_22' title="bbox 516 2263 2094 2339">
    <p class='ocr_par' dir='ltr' id='par_1_22' title="bbox 516 2263 2094 2339">
     <span class='ocr_line' id='line_1_22' title="bbox 516 2263 2094 2339; baseline -0.005 -16"><span class='ocrx_word' id='word_1_137' title='bbox 516 2272 670 2325; x_wconf 74' lang='lat' dir='ltr'><strong>terize</strong></span> <span class='ocrx_word' id='word_1_138' title='bbox 697 2268 949 2339; x_wconf 83' lang='lat' dir='ltr'><strong>subjecit.</strong></span> <span class='ocrx_word' id='word_1_139' title='bbox 983 2268 1051 2322; x_wconf 85' lang='lat' dir='ltr'><strong>Et</strong></span> <span class='ocrx_word' id='word_1_140' title='bbox 1079 2282 1309 2322; x_wconf 87' lang='lat' dir='ltr'><strong>accensa</strong></span> <span class='ocrx_word' id='word_1_141' title='bbox 1341 2266 1567 2335; x_wconf 89' lang='lat' dir='ltr'><strong>quidem</strong></span> <span class='ocrx_word' id='word_1_142' title='bbox 1619 2274 1703 2320; x_wconf 88' lang='lat' dir='ltr'><strong>est</strong></span> <span class='ocrx_word' id='word_1_143' title='bbox 1742 2264 1867 2318; x_wconf 90' lang='lat' dir='ltr'><strong>illa:</strong></span> <span class='ocrx_word' id='word_1_144' title='bbox 1896 2263 1993 2318; x_wconf 85' lang='lat' dir='ltr'><strong>sed</strong></span> <span class='ocrx_word' id='word_1_145' title='bbox 2026 2263 2094 2315; x_wconf 85' lang='lat' dir='ltr'><strong>ab</strong></span> 
     </span>
    </p>
   </div>
   <div class='ocr_carea' id='block_1_23' title="bbox 516 2360 2092 2434">
    <p class='ocr_par' dir='ltr' id='par_1_23' title="bbox 516 2360 2092 2434">
     <span class='ocr_line' id='line_1_23' title="bbox 516 2360 2092 2434; baseline -0.003 -15"><span class='ocrx_word' id='word_1_146' title='bbox 516 2368 664 2429; x_wconf 57' lang='lat' dir='ltr'><strong>igne,</strong></span> <span class='ocrx_word' id='word_1_147' title='bbox 697 2380 795 2434; x_wconf 93' lang='lat' dir='ltr'><strong>pro</strong></span> <span class='ocrx_word' id='word_1_148' title='bbox 832 2374 1024 2419; x_wconf 88' lang='lat' dir='ltr'><strong>natura</strong></span> <span class='ocrx_word' id='word_1_149' title='bbox 1074 2379 1169 2419; x_wconf 89' lang='lat' dir='ltr'><strong>sua</strong></span> <span class='ocrx_word' id='word_1_150' title='bbox 1230 2362 1482 2417; x_wconf 89' lang='lat' dir='ltr'><strong>consumi</strong></span> <span class='ocrx_word' id='word_1_151' title='bbox 1542 2361 1815 2432; x_wconf 85' lang='lat' dir='ltr'><strong>nequivit.</strong></span> <span class='ocrx_word' id='word_1_152' title='bbox 1868 2360 2092 2416; x_wconf 72' lang='lat' dir='ltr'><strong>Daemon</strong></span> 
     </span>
    </p>
   </div>
   <div class='ocr_carea' id='block_1_24' title="bbox 518 2454 2093 2527">
    <p class='ocr_par' dir='ltr' id='par_1_24' title="bbox 518 2454 2093 2527">
     <span class='ocr_line' id='line_1_24' title="bbox 518 2454 2093 2527; baseline -0.002 -15"><span class='ocrx_word' id='word_1_153' title='bbox 518 2474 754 2527; x_wconf 82' lang='lat' dir='ltr'><strong>namque</strong></span> <span class='ocrx_word' id='word_1_154' title='bbox 772 2456 994 2527; x_wconf 72' lang='lat' dir='ltr'><strong>quidam</strong></span> <span class='ocrx_word' id='word_1_155' title='bbox 1019 2466 1140 2511; x_wconf 90' lang='lat' dir='ltr'><strong>ater</strong></span> <span class='ocrx_word' id='word_1_156' title='bbox 1169 2468 1465 2526; x_wconf 82' lang='lat' dir='ltr'><strong>apparens.</strong></span> <span class='ocrx_word' id='word_1_157' title='bbox 1500 2464 1555 2510; x_wconf 79' lang='lat' dir='ltr'><strong>et</strong></span> <span class='ocrx_word' id='word_1_158' title='bbox 1589 2471 1710 2510; x_wconf 88' lang='lat' dir='ltr'><strong>sese</strong></span> <span class='ocrx_word' id='word_1_159' title='bbox 1743 2454 2093 2524; x_wconf 84' lang='lat' dir='ltr'><strong>provolvens,</strong></span> 
     </span>
    </p>
   </div>
   <div class='ocr_carea' id='block_1_25' title="bbox 513 2547 2092 2619">
    <p class='ocr_par' dir='ltr' id='par_1_25' title="bbox 513 2547 2092 2619">
     <span class='ocr_line' id='line_1_25' title="bbox 513 2547 2092 2619; baseline -0.002 -15"><span class='ocrx_word' id='word_1_160' title='bbox 513 2552 818 2604; x_wconf 79' lang='lat' dir='ltr'><strong>naturalem</strong></span> <span class='ocrx_word' id='word_1_161' title='bbox 847 2550 953 2604; x_wconf 90' lang='lat' dir='ltr'><strong>vim</strong></span> <span class='ocrx_word' id='word_1_162' title='bbox 983 2550 1121 2619; x_wconf 77' lang='lat' dir='ltr'><strong>ignis</strong></span> <span class='ocrx_word' id='word_1_163' title='bbox 1154 2548 1416 2603; x_wconf 83' lang='lat' dir='ltr'><strong>inhibuit.</strong></span> <span class='ocrx_word' id='word_1_164' title='bbox 1444 2547 1703 2603; x_wconf 88' lang='lat' dir='ltr'><strong>Sedenim</strong></span> <span class='ocrx_word' id='word_1_165' title='bbox 1724 2561 1788 2602; x_wconf 80' lang='lat' dir='ltr'><strong>ea</strong></span> <span class='ocrx_word' id='word_1_166' title='bbox 1814 2562 1871 2599; x_wconf 87' lang='lat' dir='ltr'><strong>re</strong></span> <span class='ocrx_word' id='word_1_167' title='bbox 1892 2547 2092 2615; x_wconf 66' lang='lat' dir='ltr'><strong>saepius</strong></span> 
     </span>
    </p>
   </div>
   <div class='ocr_carea' id='block_1_26' title="bbox 510 2639 2090 2711">
    <p class='ocr_par' dir='ltr' id='par_1_26' title="bbox 510 2639 2090 2711">
     <span class='ocr_line' id='line_1_26' title="bbox 510 2639 2090 2711; baseline -0.001 -17"><span class='ocrx_word' id='word_1_168' title='bbox 510 2652 742 2708; x_wconf 58' lang='lat' dir='ltr'><strong>seruata,</strong></span> <span class='ocrx_word' id='word_1_169' title='bbox 774 2658 899 2698; x_wconf 83' lang='lat' dir='ltr'><strong>cum</strong></span> <span class='ocrx_word' id='word_1_170' title='bbox 928 2653 1170 2711; x_wconf 74' lang='lat' dir='ltr'><strong>emptum</strong></span> <span class='ocrx_word' id='word_1_171' title='bbox 1202 2657 1361 2697; x_wconf 86' lang='lat' dir='ltr'><strong>suum</strong></span> <span class='ocrx_word' id='word_1_172' title='bbox 1386 2641 1587 2697; x_wconf 79' lang='lat' dir='ltr'><strong>frustra</strong></span> <span class='ocrx_word' id='word_1_173' title='bbox 1641 2654 1762 2694; x_wconf 87' lang='lat' dir='ltr'><strong>esse</strong></span> <span class='ocrx_word' id='word_1_174' title='bbox 1820 2639 2090 2702; x_wconf 76' lang='lat' dir='ltr'><strong>viderent,</strong></span> 
     </span>
    </p>
   </div>
   <div class='ocr_carea' id='block_1_27' title="bbox 504 2730 2096 2803">
    <p class='ocr_par' dir='ltr' id='par_1_27' title="bbox 504 2730 2096 2803">
     <span class='ocr_line' id='line_1_27' title="bbox 504 2730 2096 2803; baseline -0.006 -13"><span class='ocrx_word' id='word_1_175' title='bbox 504 2750 632 2791; x_wconf 70' lang='lat' dir='ltr'><strong>eam</strong></span> <span class='ocrx_word' id='word_1_176' title='bbox 662 2733 727 2788; x_wconf 82' lang='lat' dir='ltr'><strong>ad</strong></span> <span class='ocrx_word' id='word_1_177' title='bbox 752 2734 1069 2803; x_wconf 83' lang='lat' dir='ltr'><strong>episcopum</strong></span> <span class='ocrx_word' id='word_1_178' title='bbox 1095 2732 1199 2787; x_wconf 85' lang='lat' dir='ltr'><strong>sub</strong></span> <span class='ocrx_word' id='word_1_179' title='bbox 1220 2732 1511 2786; x_wconf 86' lang='lat' dir='ltr'><strong>meridiem</strong></span> <span class='ocrx_word' id='word_1_180' title='bbox 1541 2730 1912 2785; x_wconf 83' lang='lat' dir='ltr'><strong>dormientem</strong></span> <span class='ocrx_word' id='word_1_181' title='bbox 1947 2738 2096 2783; x_wconf 87' lang='lat' dir='ltr'><strong>retu-</strong></span> 
     </span>
    </p>
   </div>
   <div class='ocr_carea' id='block_1_28' title="bbox 505 2820 2091 2893">
    <p class='ocr_par' dir='ltr' id='par_1_28' title="bbox 505 2820 2091 2893">
     <span class='ocr_line' id='line_1_28' title="bbox 505 2820 2091 2893; baseline -0.004 -12"><span class='ocrx_word' id='word_1_182' title='bbox 505 2828 715 2888; x_wconf 75' lang='lat' dir='ltr'><strong>lerunt.</strong></span> <span class='ocrx_word' id='word_1_183' title='bbox 753 2826 846 2880; x_wconf 87' lang='lat' dir='ltr'><strong>Ille</strong></span> <span class='ocrx_word' id='word_1_184' title='bbox 879 2835 1062 2880; x_wconf 89' lang='lat' dir='ltr'><strong>autem</strong></span> <span class='ocrx_word' id='word_1_185' title='bbox 1096 2824 1150 2878; x_wconf 90' lang='lat' dir='ltr'><strong>in</strong></span> <span class='ocrx_word' id='word_1_186' title='bbox 1183 2839 1401 2879; x_wconf 87' lang='lat' dir='ltr'><strong>sacrum</strong></span> <span class='ocrx_word' id='word_1_187' title='bbox 1456 2826 1744 2893; x_wconf 74' lang='lat' dir='ltr'><strong>ingressus</strong></span> <span class='ocrx_word' id='word_1_188' title='bbox 1799 2820 2091 2891; x_wconf 85' lang='lat' dir='ltr'><strong>templum,</strong></span> 
     </span>
    </p>
   </div>
   <div class='ocr_carea' id='block_1_29' title="bbox 506 2914 2095 2990">
    <p class='ocr_par' dir='ltr' id='par_1_29' title="bbox 506 2914 2095 2990">
     <span class='ocr_line' id='line_1_29' title="bbox 506 2914 2095 2990; baseline -0.004 -15"><span class='ocrx_word' id='word_1_189' title='bbox 506 2935 710 2990; x_wconf 75' lang='lat' dir='ltr'><strong>aquam</strong></span> <span class='ocrx_word' id='word_1_190' title='bbox 745 2919 859 2973; x_wconf 90' lang='lat' dir='ltr'><strong>vasi</strong></span> <span class='ocrx_word' id='word_1_191' title='bbox 918 2918 1152 2973; x_wconf 87' lang='lat' dir='ltr'><strong>infusam</strong></span> <span class='ocrx_word' id='word_1_192' title='bbox 1177 2916 1280 2972; x_wconf 87' lang='lat' dir='ltr'><strong>sub</strong></span> <span class='ocrx_word' id='word_1_193' title='bbox 1332 2916 1607 2972; x_wconf 80' lang='lat' dir='ltr'><strong>sanctiore</strong></span> <span class='ocrx_word' id='word_1_194' title='bbox 1661 2915 1817 2970; x_wconf 89' lang='lat' dir='ltr'><strong>altari</strong></span> <span class='ocrx_word' id='word_1_195' title='bbox 1851 2914 2095 2969; x_wconf 77' lang='lat' dir='ltr'><strong>occulta-</strong></span> 
     </span>
    </p>
   </div>
   <div class='ocr_carea' id='block_1_30' title="bbox 512 3007 2081 3083">
    <p class='ocr_par' dir='ltr' id='par_1_30' title="bbox 512 3007 2081 3083">
     <span class='ocr_line' id='line_1_30' title="bbox 512 3007 2081 3083; baseline -0.003 -17"><span class='ocrx_word' id='word_1_196' title='bbox 512 3016 629 3068; x_wconf 89' lang='lat' dir='ltr'><strong>vit:</strong></span> <span class='ocrx_word' id='word_1_197' title='bbox 661 3023 717 3068; x_wconf 90' lang='lat' dir='ltr'><strong>ct</strong></span> <span class='ocrx_word' id='word_1_198' title='bbox 742 3028 838 3083; x_wconf 89' lang='lat' dir='ltr'><strong>pro</strong></span> <span class='ocrx_word' id='word_1_199' title='bbox 875 3013 1050 3067; x_wconf 83' lang='lat' dir='ltr'><strong>sacris</strong></span> <span class='ocrx_word' id='word_1_200' title='bbox 1079 3011 1341 3067; x_wconf 85' lang='lat' dir='ltr'><strong>cancellis</strong></span> <span class='ocrx_word' id='word_1_201' title='bbox 1375 3010 1528 3064; x_wconf 92' lang='lat' dir='ltr'><strong>humi</strong></span> <span class='ocrx_word' id='word_1_202' title='bbox 1572 3007 1922 3079; x_wconf 85' lang='lat' dir='ltr'><strong>provolutus.</strong></span> <span class='ocrx_word' id='word_1_203' title='bbox 1987 3021 2081 3078; x_wconf 75' lang='lat' dir='ltr'><strong>ge-</strong></span> 
     </span>
    </p>
   </div>
   <div class='ocr_carea' id='block_1_31' title="bbox 510 3099 2090 3172">
    <p class='ocr_par' dir='ltr' id='par_1_31' title="bbox 510 3099 2090 3172">
     <span class='ocr_line' id='line_1_31' title="bbox 510 3099 2090 3172; baseline -0.008 -7"><span class='ocrx_word' id='word_1_204' title='bbox 510 3109 667 3165; x_wconf 79' lang='lat' dir='ltr'><strong>neris</strong></span> <span class='ocrx_word' id='word_1_205' title='bbox 699 3108 924 3163; x_wconf 86' lang='lat' dir='ltr'><strong>humani</strong></span> <span class='ocrx_word' id='word_1_206' title='bbox 954 3117 1231 3161; x_wconf 88' lang='lat' dir='ltr'><strong>amantem</strong></span> <span class='ocrx_word' id='word_1_207' title='bbox 1289 3103 1584 3159; x_wconf 90' lang='lat' dir='ltr'><strong>Dominum</strong></span> <span class='ocrx_word' id='word_1_208' title='bbox 1634 3101 1865 3172; x_wconf 78' lang='lat' dir='ltr'><strong>supplex</strong></span> <span class='ocrx_word' id='word_1_209' title='bbox 1891 3099 2090 3165; x_wconf 85' lang='lat' dir='ltr'><strong>oravit,</strong></span> 
     </span>
    </p>
   </div>
   <div class='ocr_carea' id='block_1_32' title="bbox 510 3191 2090 3275">
    <p class='ocr_par' dir='ltr' id='par_1_32' title="bbox 510 3191 2090 3275">
     <span class='ocr_line' id='line_1_32' title="bbox 510 3191 2090 3275; baseline -0.007 -19"><span class='ocrx_word' id='word_1_210' title='bbox 510 3213 575 3256; x_wconf 77' lang='lat' dir='ltr'><strong>ut</strong></span> <span class='ocrx_word' id='word_1_211' title='bbox 609 3201 839 3271; x_wconf 87' lang='lat' dir='ltr'><strong>depulsa</strong></span> <span class='ocrx_word' id='word_1_212' title='bbox 896 3199 1163 3256; x_wconf 75' lang='lat' dir='ltr'><strong>daemonis</strong></span> <span class='ocrx_word' id='word_1_213' title='bbox 1212 3196 1524 3275; x_wconf 79' lang='lat' dir='ltr'><strong>tyrannide,</strong></span> <span class='ocrx_word' id='word_1_214' title='bbox 1581 3194 1733 3250; x_wconf 89' lang='lat' dir='ltr'><strong>illius</strong></span> <span class='ocrx_word' id='word_1_215' title='bbox 1777 3192 1999 3265; x_wconf 88' lang='lat' dir='ltr'><strong>quidem</strong></span> <span class='ocrx_word' id='word_1_216' title='bbox 2036 3191 2090 3246; x_wconf 90' lang='lat' dir='ltr'><strong>in</strong></span> 
     </span>
    </p>
   </div>
   <div class='ocr_carea' id='block_1_33' title="bbox 2198 689 3757 765">
    <p class='ocr_par' dir='ltr' id='par_1_33' title="bbox 2198 689 3757 765">
     <span class='ocr_line' id='line_1_33' title="bbox 2198 689 3757 765; baseline 0.002 -21"><span class='ocrx_word' id='word_1_217' title='bbox 2198 690 2397 744; x_wconf 77' lang='grc' dir='ltr'>θᾶττον</span> <span class='ocrx_word' id='word_1_218' title='bbox 2431 691 2521 743; x_wconf 79' lang='grc' dir='ltr'><strong>τὸν</strong></span> <span class='ocrx_word' id='word_1_219' title='bbox 2555 690 2690 743; x_wconf 85' lang='grc' dir='ltr'>νεὼν</span> <span class='ocrx_word' id='word_1_220' title='bbox 2743 689 3007 746; x_wconf 79' lang='grc' dir='ltr'>διαλύειν.</span> <span class='ocrx_word' id='word_1_221' title='bbox 3055 691 3142 754; x_wconf 81' lang='grc' dir='ltr'>Ὦς</span> <span class='ocrx_word' id='word_1_222' title='bbox 3190 690 3237 743; x_wconf 81' lang='grc' dir='ltr'>δ’</span> <span class='ocrx_word' id='word_1_223' title='bbox 3285 690 3596 761; x_wconf 75' lang='grc' dir='ltr'><strong>ὑπισχνεῖτο</strong></span> <span class='ocrx_word' id='word_1_224' title='bbox 3626 709 3757 765; x_wconf 67' lang='grc' dir='ltr'>παρα</span> 
     </span>
    </p>
   </div>
   <div class='ocr_carea' id='block_1_34' title="bbox 2195 782 3756 857">
    <p class='ocr_par' dir='ltr' id='par_1_34' title="bbox 2195 782 3756 857">
     <span class='ocr_line' id='line_1_34' title="bbox 2195 782 3756 857; baseline 0.003 -21"><span class='ocrx_word' id='word_1_225' title='bbox 2195 782 2346 853; x_wconf 84' lang='grc' dir='ltr'>ἐχειν</span> <span class='ocrx_word' id='word_1_226' title='bbox 2383 785 2411 837; x_wconf 81' lang='grc' dir='ltr'><strong>ὁ</strong></span> <span class='ocrx_word' id='word_1_227' title='bbox 2449 782 2795 853; x_wconf 72' lang='grc' dir='ltr'>Μάρκελλος,</span> <span class='ocrx_word' id='word_1_228' title='bbox 2845 784 3057 845; x_wconf 81' lang='grc' dir='ltr'>ἐκεῖνος</span> <span class='ocrx_word' id='word_1_229' title='bbox 3083 784 3285 839; x_wconf 67' lang='grc' dir='ltr'>τοιόνδε</span> <span class='ocrx_word' id='word_1_230' title='bbox 3319 803 3371 838; x_wconf 87' lang='grc' dir='ltr'>τι</span> <span class='ocrx_word' id='word_1_231' title='bbox 3410 786 3756 857; x_wconf 75' lang='grc' dir='ltr'><strong>ὲπετεχνᾶῖο·</strong></span> 
     </span>
    </p>
   </div>
   <div class='ocr_carea' id='block_1_35' title="bbox 2208 873 3759 950">
    <p class='ocr_par' dir='ltr' id='par_1_35' title="bbox 2208 873 3759 950">
     <span class='ocr_line' id='line_1_35' title="bbox 2208 873 3759 950; baseline 0.003 -23"><span class='ocrx_word' id='word_1_232' title='bbox 2208 875 2300 927; x_wconf 83' lang='grc' dir='ltr'>Ἐκ</span> <span class='ocrx_word' id='word_1_233' title='bbox 2333 876 2614 946; x_wconf 78' lang='grc' dir='ltr'><strong>τεττάρων</strong></span> <span class='ocrx_word' id='word_1_234' title='bbox 2644 875 2899 947; x_wconf 81' lang='grc' dir='ltr'><strong>πλευρῶν</strong></span> <span class='ocrx_word' id='word_1_235' title='bbox 2936 875 3098 931; x_wconf 78' lang='grc' dir='ltr'>στοὰν</span> <span class='ocrx_word' id='word_1_236' title='bbox 3129 879 3157 930; x_wconf 81' lang='grc' dir='ltr'><strong>ὁ</strong></span> <span class='ocrx_word' id='word_1_237' title='bbox 3183 875 3318 941; x_wconf 87' lang='grc' dir='ltr'>νεὼς</span> <span class='ocrx_word' id='word_1_238' title='bbox 3349 873 3519 948; x_wconf 75' lang='grc' dir='ltr'>εἶχεν,</span> <span class='ocrx_word' id='word_1_239' title='bbox 3554 879 3673 950; x_wconf 70' lang='grc' dir='ltr'>ητις</span> <span class='ocrx_word' id='word_1_240' title='bbox 3698 881 3759 943; x_wconf 78' lang='grc' dir='ltr'><strong>είς</strong></span> 
     </span>
    </p>
   </div>
   <div class='ocr_carea' id='block_1_36' title="bbox 2197 967 3759 1041">
    <p class='ocr_par' dir='ltr' id='par_1_36' title="bbox 2197 967 3759 1041">
     <span class='ocr_line' id='line_1_36' title="bbox 2197 967 3759 1041; baseline 0 -21"><span class='ocrx_word' id='word_1_241' title='bbox 2197 967 2331 1038; x_wconf 57' lang='grc' dir='ltr'>ὕψος</span> <span class='ocrx_word' id='word_1_242' title='bbox 2356 968 2684 1038; x_wconf 72' lang='grc' dir='ltr'>ὲγειρομένη</span> <span class='ocrx_word' id='word_1_243' title='bbox 2718 968 2911 1040; x_wconf 72' lang='grc' dir='ltr'>ἐκείνῳ</span> <span class='ocrx_word' id='word_1_244' title='bbox 2944 969 3283 1041; x_wconf 81' lang='grc' dir='ltr'>ἐφήρμοστο.</span> <span class='ocrx_word' id='word_1_245' title='bbox 3323 968 3585 1039; x_wconf 74' lang='grc' dir='ltr'>Μέγιστοι</span> <span class='ocrx_word' id='word_1_246' title='bbox 3608 971 3660 1023; x_wconf 77' lang='grc' dir='ltr'>δὲ</span> <span class='ocrx_word' id='word_1_247' title='bbox 3684 975 3759 1026; x_wconf 72' lang='grc' dir='ltr'><strong>καὶ</strong></span> 
     </span>
    </p>
   </div>
   <div class='ocr_carea' id='block_1_37' title="bbox 2198 1056 3759 1134">
    <p class='ocr_par' dir='ltr' id='par_1_37' title="bbox 2198 1056 3759 1134">
     <span class='ocr_line' id='line_1_37' title="bbox 2198 1056 3759 1134; baseline 0.002 -19"><span class='ocrx_word' id='word_1_248' title='bbox 2198 1062 2379 1123; x_wconf 80' lang='grc' dir='ltr'>κίονες</span> <span class='ocrx_word' id='word_1_249' title='bbox 2408 1056 2553 1132; x_wconf 80' lang='grc' dir='ltr'>ἦσαν</span> <span class='ocrx_word' id='word_1_250' title='bbox 2615 1061 2893 1133; x_wconf 74' lang='grc' dir='ltr'><strong>ἰσόμετροι</strong></span> <span class='ocrx_word' id='word_1_251' title='bbox 2926 1060 3004 1133; x_wconf 85' lang='grc' dir='ltr'>τῷ</span> <span class='ocrx_word' id='word_1_252' title='bbox 3053 1061 3195 1134; x_wconf 83' lang='grc' dir='ltr'>νεῴ·</span> <span class='ocrx_word' id='word_1_253' title='bbox 3250 1063 3484 1116; x_wconf 78' lang='grc' dir='ltr'>ἑκάστου</span> <span class='ocrx_word' id='word_1_254' title='bbox 3509 1063 3564 1115; x_wconf 82' lang='grc' dir='ltr'><strong>δέ</strong></span> <span class='ocrx_word' id='word_1_255' title='bbox 3609 1063 3759 1130; x_wconf 77' lang='grc' dir='ltr'>κίονος</span> 
     </span>
    </p>
   </div>
   <div class='ocr_carea' id='block_1_38' title="bbox 2198 1152 3759 1227">
    <p class='ocr_par' dir='ltr' id='par_1_38' title="bbox 2198 1152 3759 1227">
     <span class='ocr_line' id='line_1_38' title="bbox 2198 1152 3759 1227; baseline 0.001 -20"><span class='ocrx_word' id='word_1_256' title='bbox 2198 1155 2531 1225; x_wconf 77' lang='grc' dir='ltr'>τερίμετρος</span> <span class='ocrx_word' id='word_1_257' title='bbox 2585 1154 2882 1210; x_wconf 78' lang='grc' dir='ltr'>ἑκκαίδεκα</span> <span class='ocrx_word' id='word_1_258' title='bbox 2931 1156 3152 1227; x_wconf 76' lang='grc' dir='ltr'>πήχεων</span> <span class='ocrx_word' id='word_1_259' title='bbox 3209 1152 3302 1227; x_wconf 79' lang='grc' dir='ltr'><strong>ἦν.</strong></span> <span class='ocrx_word' id='word_1_260' title='bbox 3348 1153 3409 1208; x_wconf 83' lang='grc'><strong>’11</strong></span> <span class='ocrx_word' id='word_1_261' title='bbox 3448 1156 3505 1210; x_wconf 85' lang='grc' dir='ltr'><strong>δέ</strong></span> <span class='ocrx_word' id='word_1_262' title='bbox 3529 1173 3590 1223; x_wconf 86' lang='grc' dir='ltr'><strong>γε</strong></span> <span class='ocrx_word' id='word_1_263' title='bbox 3627 1157 3759 1224; x_wconf 82' lang='grc' dir='ltr'>φύσις</span> 
     </span>
    </p>
   </div>
   <div class='ocr_carea' id='block_1_39' title="bbox 2196 1248 3759 1321">
    <p class='ocr_par' dir='ltr' id='par_1_39' title="bbox 2196 1248 3759 1321">
     <span class='ocr_line' id='line_1_39' title="bbox 2196 1248 3759 1321; baseline -0.002 -20"><span class='ocrx_word' id='word_1_264' title='bbox 2196 1249 2307 1301; x_wconf 75' lang='grc' dir='ltr'><strong>τῶν</strong></span> <span class='ocrx_word' id='word_1_265' title='bbox 2340 1248 2506 1303; x_wconf 76' lang='grc' dir='ltr'>λίθων</span> <span class='ocrx_word' id='word_1_266' title='bbox 2538 1248 2745 1321; x_wconf 75' lang='grc' dir='ltr'>στεῤῥά</span> <span class='ocrx_word' id='word_1_267' title='bbox 2771 1266 2855 1313; x_wconf 86' lang='grc' dir='ltr'><strong>τις</strong></span> <span class='ocrx_word' id='word_1_268' title='bbox 2888 1250 3151 1320; x_wconf 75' lang='grc' dir='ltr'>ἐτύγχανε</span> <span class='ocrx_word' id='word_1_269' title='bbox 3184 1250 3281 1303; x_wconf 71' lang='grc' dir='ltr'>καὶ</span> <span class='ocrx_word' id='word_1_270' title='bbox 3311 1248 3676 1319; x_wconf 70' lang='grc' dir='ltr'><strong>ἀδαμαντίνη·</strong></span> <span class='ocrx_word' id='word_1_271' title='bbox 3703 1249 3759 1313; x_wconf 78' lang='grc' dir='ltr'>ὡς</span> 
     </span>
    </p>
   </div>
   <div class='ocr_carea' id='block_1_40' title="bbox 2201 1338 3759 1413">
    <p class='ocr_par' dir='ltr' id='par_1_40' title="bbox 2201 1338 3759 1413">
     <span class='ocr_line' id='line_1_40' title="bbox 2201 1338 3759 1413; baseline 0 -20"><span class='ocrx_word' id='word_1_272' title='bbox 2201 1340 2336 1412; x_wconf 79' lang='grc' dir='ltr'>μηδέ</span> <span class='ocrx_word' id='word_1_273' title='bbox 2395 1340 2599 1413; x_wconf 77' lang='grc' dir='ltr'>ῥᾳδίως</span> <span class='ocrx_word' id='word_1_274' title='bbox 2627 1343 2801 1395; x_wconf 77' lang='grc' dir='ltr'>εἴκειν</span> <span class='ocrx_word' id='word_1_275' title='bbox 2857 1341 3136 1411; x_wconf 75' lang='grc' dir='ltr'>αἱρεῖσθαι</span> <span class='ocrx_word' id='word_1_276' title='bbox 3175 1342 3287 1403; x_wconf 84' lang='grc' dir='ltr'>τοῖς</span> <span class='ocrx_word' id='word_1_277' title='bbox 3320 1340 3432 1393; x_wconf 64' lang='grc' dir='ltr'>ν’ἶιν</span> <span class='ocrx_word' id='word_1_278' title='bbox 3483 1338 3759 1410; x_wconf 71' lang='grc' dir='ltr'>λιθοτὸμων</span> 
     </span>
    </p>
   </div>
   <div class='ocr_carea' id='block_1_41' title="bbox 2195 1426 3758 1505">
    <p class='ocr_par' dir='ltr' id='par_1_41' title="bbox 2195 1426 3758 1505">
     <span class='ocr_line' id='line_1_41' title="bbox 2195 1426 3758 1505; baseline 0.001 -21"><span class='ocrx_word' id='word_1_279' title='bbox 2195 1432 2487 1504; x_wconf 79' lang='grc' dir='ltr'><strong>ὀργάνοις·</strong></span> <span class='ocrx_word' id='word_1_280' title='bbox 2530 1426 2605 1487; x_wconf 81' lang='grc' dir='ltr'>ὦν</span> <span class='ocrx_word' id='word_1_281' title='bbox 2659 1433 2898 1489; x_wconf 76' lang='grc' dir='ltr'>ἕκαστον</span> <span class='ocrx_word' id='word_1_282' title='bbox 2959 1433 3144 1505; x_wconf 76' lang='grc' dir='ltr'>κύκλῳ</span> <span class='ocrx_word' id='word_1_283' title='bbox 3207 1431 3509 1504; x_wconf 71' lang='grc' dir='ltr'><strong>διορύττων</strong></span> <span class='ocrx_word' id='word_1_284' title='bbox 3558 1434 3758 1499; x_wconf 74' lang='grc' dir='ltr'>ἐκείνας,</span> 
     </span>
    </p>
   </div>
   <div class='ocr_carea' id='block_1_42' title="bbox 2200 1524 3759 1597">
    <p class='ocr_par' dir='ltr' id='par_1_42' title="bbox 2200 1524 3759 1597">
     <span class='ocr_line' id='line_1_42' title="bbox 2200 1524 3759 1597; baseline 0.001 -19"><span class='ocrx_word' id='word_1_285' title='bbox 2200 1525 2461 1597; x_wconf 80' lang='grc' dir='ltr'>ὑπήρειδε</span> <span class='ocrx_word' id='word_1_286' title='bbox 2490 1524 2672 1592; x_wconf 79' lang='grc' dir='ltr'><strong>ξύλοις</strong></span> <span class='ocrx_word' id='word_1_287' title='bbox 2717 1526 2950 1589; x_wconf 72' lang='grc' dir='ltr'>ἐλαΐνοις</span> <span class='ocrx_word' id='word_1_288' title='bbox 2985 1527 3054 1578; x_wconf 80' lang='grc' dir='ltr'>τὰ</span> <span class='ocrx_word' id='word_1_289' title='bbox 3111 1524 3511 1597; x_wconf 77' lang='grc' dir='ltr'>ὑπερκείμενα.</span> <span class='ocrx_word' id='word_1_290' title='bbox 3560 1526 3703 1595; x_wconf 81' lang='grc' dir='ltr'>Τρεῖς</span> <span class='ocrx_word' id='word_1_291' title='bbox 3726 1526 3759 1580; x_wconf 79' lang='grc' dir='ltr'>δ’</span> 
     </span>
    </p>
   </div>
   <div class='ocr_carea' id='block_1_43' title="bbox 2198 1617 3760 1691">
    <p class='ocr_par' dir='ltr' id='par_1_43' title="bbox 2198 1617 3760 1691">
     <span class='ocr_line' id='line_1_43' title="bbox 2198 1617 3760 1691; baseline 0.001 -19"><span class='ocrx_word' id='word_1_292' title='bbox 2198 1618 2341 1672; x_wconf 74' lang='grc' dir='ltr'>οὕτω</span> <span class='ocrx_word' id='word_1_293' title='bbox 2371 1618 2480 1672; x_wconf 79' lang='grc' dir='ltr'>τῶν</span> <span class='ocrx_word' id='word_1_294' title='bbox 2508 1618 2706 1672; x_wconf 77' lang='grc' dir='ltr'>κιόνων</span> <span class='ocrx_word' id='word_1_295' title='bbox 2742 1618 2966 1691; x_wconf 81' lang='grc' dir='ltr'>ὀρύξας,</span> <span class='ocrx_word' id='word_1_296' title='bbox 3000 1618 3197 1673; x_wconf 73' lang='grc' dir='ltr'>ἔπειτα</span> <span class='ocrx_word' id='word_1_297' title='bbox 3228 1617 3338 1690; x_wconf 73' lang='grc' dir='ltr'>πῦρ</span> <span class='ocrx_word' id='word_1_298' title='bbox 3370 1618 3534 1687; x_wconf 75' lang='grc' dir='ltr'>ἐνῆκε</span> <span class='ocrx_word' id='word_1_299' title='bbox 3558 1621 3660 1682; x_wconf 74' lang='grc' dir='ltr'>τοῖς</span> <span class='ocrx_word' id='word_1_300' title='bbox 3692 1619 3760 1683; x_wconf 80' lang='grc' dir='ltr'><strong>ξύ·</strong></span> 
     </span>
    </p>
   </div>
   <div class='ocr_carea' id='block_1_44' title="bbox 2198 1708 3761 1781">
    <p class='ocr_par' dir='ltr' id='par_1_44' title="bbox 2198 1708 3761 1781">
     <span class='ocr_line' id='line_1_44' title="bbox 2198 1708 3761 1781; baseline 0.003 -21"><span class='ocrx_word' id='word_1_301' title='bbox 2198 1709 2310 1771; x_wconf 84' lang='grc' dir='ltr'>λοις</span> <span class='ocrx_word' id='word_1_302' title='bbox 2330 1723 2345 1738; x_wconf 79' lang='grc' dir='ltr'><strong>ο</strong></span> <span class='ocrx_word' id='word_1_303' title='bbox 2380 1710 2473 1761; x_wconf 71' lang='grc' dir='ltr'><strong>καὶ</strong></span> <span class='ocrx_word' id='word_1_304' title='bbox 2513 1710 2791 1780; x_wconf 79' lang='grc' dir='ltr'>ἀνήπτετο</span> <span class='ocrx_word' id='word_1_305' title='bbox 2827 1711 2946 1781; x_wconf 80' lang='grc' dir='ltr'>μὲν,</span> <span class='ocrx_word' id='word_1_306' title='bbox 2978 1711 3037 1763; x_wconf 78' lang='grc' dir='ltr'><strong>ού</strong></span> <span class='ocrx_word' id='word_1_307' title='bbox 3073 1712 3181 1781; x_wconf 85' lang='grc' dir='ltr'>μὴν</span> <span class='ocrx_word' id='word_1_308' title='bbox 3208 1710 3304 1763; x_wconf 75' lang='grc' dir='ltr'><strong>καὶ</strong></span> <span class='ocrx_word' id='word_1_309' title='bbox 3337 1708 3486 1763; x_wconf 81' lang='grc' dir='ltr'>κατὰ</span> <span class='ocrx_word' id='word_1_310' title='bbox 3517 1709 3669 1779; x_wconf 79' lang='grc' dir='ltr'>φύσιν</span> <span class='ocrx_word' id='word_1_311' title='bbox 3687 1711 3761 1765; x_wconf 75' lang='grc' dir='ltr'><strong>διο</strong></span> 
     </span>
    </p>
   </div>
   <div class='ocr_carea' id='block_1_45' title="bbox 2199 1800 3759 1874">
    <p class='ocr_par' dir='ltr' id='par_1_45' title="bbox 2199 1800 3759 1874">
     <span class='ocr_line' id='line_1_45' title="bbox 2199 1800 3759 1874; baseline 0.003 -23"><span class='ocrx_word' id='word_1_312' title='bbox 2199 1800 2479 1854; x_wconf 79' lang='grc' dir='ltr'>πανᾶσοαι</span> <span class='ocrx_word' id='word_1_313' title='bbox 2514 1805 2626 1864; x_wconf 87' lang='grc' dir='ltr'>τοῖς</span> <span class='ocrx_word' id='word_1_314' title='bbox 2659 1800 2835 1866; x_wconf 80' lang='grc' dir='ltr'>ξύλοις</span> <span class='ocrx_word' id='word_1_315' title='bbox 2873 1800 2977 1855; x_wconf 71' lang='grc' dir='ltr'><strong>ὑπὸ</strong></span> <span class='ocrx_word' id='word_1_316' title='bbox 3007 1800 3102 1856; x_wconf 88' lang='grc' dir='ltr'><strong>τοῦ</strong></span> <span class='ocrx_word' id='word_1_317' title='bbox 3154 1803 3328 1874; x_wconf 77' lang='grc' dir='ltr'>πυρὸς</span> <span class='ocrx_word' id='word_1_318' title='bbox 3364 1803 3518 1873; x_wconf 77' lang='grc' dir='ltr'>ἐνῆν.</span> <span class='ocrx_word' id='word_1_319' title='bbox 3565 1804 3759 1873; x_wconf 81' lang='grc' dir='ltr'>Δαίμων</span> 
     </span>
    </p>
   </div>
   <div class='ocr_carea' id='block_1_46' title="bbox 2199 1891 3757 1966">
    <p class='ocr_par' dir='ltr' id='par_1_46' title="bbox 2199 1891 3757 1966">
     <span class='ocr_line' id='line_1_46' title="bbox 2199 1891 3757 1966; baseline 0.003 -23"><span class='ocrx_word' id='word_1_320' title='bbox 2199 1893 2308 1961; x_wconf 82' lang='grc' dir='ltr'>γάρ</span> <span class='ocrx_word' id='word_1_321' title='bbox 2336 1907 2421 1953; x_wconf 76' lang='grc' dir='ltr'><strong>τις</strong></span> <span class='ocrx_word' id='word_1_322' title='bbox 2455 1891 2626 1962; x_wconf 73' lang='grc' dir='ltr'>μέλας</span> <span class='ocrx_word' id='word_1_323' title='bbox 2654 1891 3095 1962; x_wconf 72' lang='grc' dir='ltr'>προφαινόμενος</span> <span class='ocrx_word' id='word_1_324' title='bbox 3114 1894 3210 1948; x_wconf 73' lang='grc' dir='ltr'>καὶ</span> <span class='ocrx_word' id='word_1_325' title='bbox 3231 1894 3596 1964; x_wconf 74' lang='grc' dir='ltr'>προκαλινὸού</span> <span class='ocrx_word' id='word_1_326' title='bbox 3606 1913 3757 1966; x_wconf 78' lang='grc' dir='ltr'>μενος,</span> 
     </span>
    </p>
   </div>
   <div class='ocr_carea' id='block_1_47' title="bbox 2198 1982 3760 2058">
    <p class='ocr_par' dir='ltr' id='par_1_47' title="bbox 2198 1982 3760 2058">
     <span class='ocr_line' id='line_1_47' title="bbox 2198 1982 3760 2058; baseline 0.004 -23"><span class='ocrx_word' id='word_1_327' title='bbox 2198 1982 2450 2051; x_wconf 81' lang='grc' dir='ltr'>ἐμποδὼν</span> <span class='ocrx_word' id='word_1_328' title='bbox 2481 1985 2549 2055; x_wconf 76' lang='grc' dir='ltr'>τῇ</span> <span class='ocrx_word' id='word_1_329' title='bbox 2583 1984 2727 2039; x_wconf 77' lang='grc' dir='ltr'>κατὰ</span> <span class='ocrx_word' id='word_1_330' title='bbox 2758 1984 2923 2053; x_wconf 75' lang='grc' dir='ltr'>φύσιν</span> <span class='ocrx_word' id='word_1_331' title='bbox 2950 1986 3204 2058; x_wconf 75' lang='grc' dir='ltr'>ἐνεργείᾳ</span> <span class='ocrx_word' id='word_1_332' title='bbox 3256 1985 3577 2040; x_wconf 67' lang='grc' dir='ltr'>καθίστατο.</span> <span class='ocrx_word' id='word_1_333' title='bbox 3615 1988 3690 2050; x_wconf 80' lang='grc' dir='ltr'>Ὦς</span> <span class='ocrx_word' id='word_1_334' title='bbox 3715 1989 3760 2042; x_wconf 67' lang='grc' dir='ltr'>δὲ</span> 
     </span>
    </p>
   </div>
   <div class='ocr_carea' id='block_1_48' title="bbox 2199 2076 3759 2151">
    <p class='ocr_par' dir='ltr' id='par_1_48' title="bbox 2199 2076 3759 2151">
     <span class='ocr_line' id='line_1_48' title="bbox 2199 2076 3759 2151; baseline 0.002 -21"><span class='ocrx_word' id='word_1_335' title='bbox 2199 2076 2462 2141; x_wconf 73' lang='grc' dir='ltr'><strong>πολλάκις</strong></span> <span class='ocrx_word' id='word_1_336' title='bbox 2499 2079 2600 2147; x_wconf 79' lang='grc' dir='ltr'>τὴν</span> <span class='ocrx_word' id='word_1_337' title='bbox 2650 2079 2901 2151; x_wconf 75' lang='grc' dir='ltr'>μηχανὴν</span> <span class='ocrx_word' id='word_1_338' title='bbox 2928 2077 3251 2148; x_wconf 73' lang='grc' dir='ltr'>δεδρακότες</span> <span class='ocrx_word' id='word_1_339' title='bbox 3300 2081 3576 2149; x_wconf 74' lang='grc' dir='ltr'>ἀνήνυτον</span> <span class='ocrx_word' id='word_1_340' title='bbox 3603 2079 3759 2149; x_wconf 73' lang='grc' dir='ltr'>ἐώρων</span> 
     </span>
    </p>
   </div>
   <div class='ocr_carea' id='block_1_49' title="bbox 2198 2172 3757 2246">
    <p class='ocr_par' dir='ltr' id='par_1_49' title="bbox 2198 2172 3757 2246">
     <span class='ocr_line' id='line_1_49' title="bbox 2198 2172 3757 2246; baseline 0.002 -22"><span class='ocrx_word' id='word_1_341' title='bbox 2198 2172 2258 2225; x_wconf 79' lang='grc' dir='ltr'>τὸ</span> <span class='ocrx_word' id='word_1_342' title='bbox 2312 2172 2662 2244; x_wconf 83' lang='grc' dir='ltr'>σπούδασμα,</span> <span class='ocrx_word' id='word_1_343' title='bbox 2720 2173 2949 2244; x_wconf 73' lang='grc' dir='ltr'>δηλοῦσι</span> <span class='ocrx_word' id='word_1_344' title='bbox 2997 2173 3076 2246; x_wconf 78' lang='grc' dir='ltr'>τῷ</span> <span class='ocrx_word' id='word_1_345' title='bbox 3128 2175 3267 2245; x_wconf 76' lang='grc' dir='ltr'>ἱερεῖ</span> <span class='ocrx_word' id='word_1_346' title='bbox 3305 2174 3399 2228; x_wconf 79' lang='grc' dir='ltr'><strong>ἐπὶ</strong></span> <span class='ocrx_word' id='word_1_347' title='bbox 3432 2175 3757 2246; x_wconf 70' lang='grc' dir='ltr'>μεσημϐρίαν</span> 
     </span>
    </p>
   </div>
   <div class='ocr_carea' id='block_1_50' title="bbox 2199 2264 3756 2340">
    <p class='ocr_par' dir='ltr' id='par_1_50' title="bbox 2199 2264 3756 2340">
     <span class='ocr_line' id='line_1_50' title="bbox 2199 2264 3756 2340; baseline 0.003 -23"><span class='ocrx_word' id='word_1_348' title='bbox 2199 2264 2560 2322; x_wconf 82' lang='grc' dir='ltr'>ὑπνώττοντι.</span> <span class='ocrx_word' id='word_1_349' title='bbox 2595 2267 2657 2322; x_wconf 87' lang='lat'><strong>&#39;0</strong></span> <span class='ocrx_word' id='word_1_350' title='bbox 2688 2266 2734 2322; x_wconf 83' lang='grc' dir='ltr'>δ’</span> <span class='ocrx_word' id='word_1_351' title='bbox 2773 2268 2938 2332; x_wconf 75' lang='grc' dir='ltr'>εύθὺς</span> <span class='ocrx_word' id='word_1_352' title='bbox 2986 2266 3078 2321; x_wconf 80' lang='grc' dir='ltr'>τὸν</span> <span class='ocrx_word' id='word_1_353' title='bbox 3108 2267 3254 2322; x_wconf 79' lang='grc' dir='ltr'>θεῖον</span> <span class='ocrx_word' id='word_1_354' title='bbox 3285 2268 3413 2323; x_wconf 69' lang='grc' dir='ltr'>ναὸν</span> <span class='ocrx_word' id='word_1_355' title='bbox 3452 2268 3756 2340; x_wconf 66' lang='grc' dir='ltr'>είσδραμὼν,</span> 
     </span>
    </p>
   </div>
   <div class='ocr_carea' id='block_1_51' title="bbox 2198 2356 3757 2432">
    <p class='ocr_par' dir='ltr' id='par_1_51' title="bbox 2198 2356 3757 2432">
     <span class='ocr_line' id='line_1_51' title="bbox 2198 2356 3757 2432; baseline 0.002 -21"><span class='ocrx_word' id='word_1_356' title='bbox 2198 2356 2343 2429; x_wconf 80' lang='grc' dir='ltr'>ὕδωρ</span> <span class='ocrx_word' id='word_1_357' title='bbox 2379 2361 2458 2423; x_wconf 85' lang='grc' dir='ltr'><strong>είς</strong></span> <span class='ocrx_word' id='word_1_358' title='bbox 2499 2359 2670 2430; x_wconf 80' lang='grc' dir='ltr'>ἄγγος</span> <span class='ocrx_word' id='word_1_359' title='bbox 2704 2361 2894 2430; x_wconf 76' lang='grc' dir='ltr'>ἐνῆκε.</span> <span class='ocrx_word' id='word_1_360' title='bbox 2935 2362 3043 2415; x_wconf 70' lang='grc' dir='ltr'>Καὶ</span> <span class='ocrx_word' id='word_1_361' title='bbox 3067 2360 3229 2414; x_wconf 85' lang='grc' dir='ltr'>τοῦτο</span> <span class='ocrx_word' id='word_1_362' title='bbox 3262 2360 3364 2432; x_wconf 85' lang='grc' dir='ltr'><strong>μέν</strong></span> <span class='ocrx_word' id='word_1_363' title='bbox 3414 2360 3525 2414; x_wconf 63' lang='grc' dir='ltr'><strong>ὕπο</strong></span> <span class='ocrx_word' id='word_1_364' title='bbox 3559 2361 3614 2414; x_wconf 74' lang='grc' dir='ltr'>τὸ</span> <span class='ocrx_word' id='word_1_365' title='bbox 3638 2361 3757 2415; x_wconf 76' lang='grc' dir='ltr'>θεῖον</span> 
     </span>
    </p>
   </div>
   <div class='ocr_carea' id='block_1_52' title="bbox 2198 2448 3759 2525">
    <p class='ocr_par' dir='ltr' id='par_1_52' title="bbox 2198 2448 3759 2525">
     <span class='ocr_line' id='line_1_52' title="bbox 2198 2448 3759 2525; baseline 0.003 -22"><span class='ocrx_word' id='word_1_366' title='bbox 2198 2448 2596 2524; x_wconf 73' lang='grc' dir='ltr'><strong>θυσιαστήριον</strong></span> <span class='ocrx_word' id='word_1_367' title='bbox 2650 2451 2963 2525; x_wconf 77' lang='grc' dir='ltr'><strong>ἔκρυπτεν·</strong></span> <span class='ocrx_word' id='word_1_368' title='bbox 3008 2454 3174 2517; x_wconf 79' lang='grc' dir='ltr'>αὐτὸς</span> <span class='ocrx_word' id='word_1_369' title='bbox 3233 2453 3291 2508; x_wconf 82' lang='grc' dir='ltr'>δὲ</span> <span class='ocrx_word' id='word_1_370' title='bbox 3329 2455 3440 2525; x_wconf 75' lang='grc' dir='ltr'>πρὸ</span> <span class='ocrx_word' id='word_1_371' title='bbox 3476 2453 3585 2509; x_wconf 86' lang='grc' dir='ltr'><strong>τῶν</strong></span> <span class='ocrx_word' id='word_1_372' title='bbox 3624 2455 3759 2525; x_wconf 81' lang='grc' dir='ltr'>ίερῶν</span> 
     </span>
    </p>
   </div>
   <div class='ocr_carea' id='block_1_53' title="bbox 2197 2540 3760 2616">
    <p class='ocr_par' dir='ltr' id='par_1_53' title="bbox 2197 2540 3760 2616">
     <span class='ocr_line' id='line_1_53' title="bbox 2197 2540 3760 2616; baseline 0.003 -24"><span class='ocrx_word' id='word_1_373' title='bbox 2197 2541 2494 2609; x_wconf 78' lang='grc' dir='ltr'>κιγκλίδων</span> <span class='ocrx_word' id='word_1_374' title='bbox 2552 2542 2779 2605; x_wconf 79' lang='grc' dir='ltr'>πεσὼν.</span> <span class='ocrx_word' id='word_1_375' title='bbox 2829 2545 2922 2598; x_wconf 79' lang='grc' dir='ltr'><strong>τὸν</strong></span> <span class='ocrx_word' id='word_1_376' title='bbox 2977 2540 3372 2615; x_wconf 64' lang='grc' dir='ltr'>φιλάνθρωπον</span> <span class='ocrx_word' id='word_1_377' title='bbox 3405 2544 3669 2616; x_wconf 71' lang='grc' dir='ltr'>ἠντιϐόλει</span> <span class='ocrx_word' id='word_1_378' title='bbox 3693 2547 3760 2599; x_wconf 82' lang='grc' dir='ltr'>δε-</span> 
     </span>
    </p>
   </div>
   <div class='ocr_carea' id='block_1_54' title="bbox 2199 2633 3756 2708">
    <p class='ocr_par' dir='ltr' id='par_1_54' title="bbox 2199 2633 3756 2708">
     <span class='ocr_line' id='line_1_54' title="bbox 2199 2633 3756 2708; baseline 0.004 -22"><span class='ocrx_word' id='word_1_379' title='bbox 2199 2633 2408 2702; x_wconf 83' lang='grc' dir='ltr'>σπὸτην</span> <span class='ocrx_word' id='word_1_380' title='bbox 2439 2634 2543 2704; x_wconf 82' lang='grc' dir='ltr'>τῆς</span> <span class='ocrx_word' id='word_1_381' title='bbox 2569 2635 2895 2708; x_wconf 80' lang='grc' dir='ltr'>τυραννίδος</span> <span class='ocrx_word' id='word_1_382' title='bbox 2927 2637 3299 2692; x_wconf 77' lang='grc' dir='ltr'><strong>ἀπαλλάττειν</strong></span> <span class='ocrx_word' id='word_1_383' title='bbox 3346 2638 3444 2692; x_wconf 88' lang='grc' dir='ltr'><strong>τοῦ</strong></span> <span class='ocrx_word' id='word_1_384' title='bbox 3501 2638 3756 2707; x_wconf 81' lang='grc' dir='ltr'>δαίμονος·</span> 
     </span>
    </p>
   </div>
   <div class='ocr_carea' id='block_1_55' title="bbox 2197 2725 3753 2801">
    <p class='ocr_par' dir='ltr' id='par_1_55' title="bbox 2197 2725 3753 2801">
     <span class='ocr_line' id='line_1_55' title="bbox 2197 2725 3753 2801; baseline 0.004 -23"><span class='ocrx_word' id='word_1_385' title='bbox 2197 2725 2293 2779; x_wconf 77' lang='grc' dir='ltr'>καὶ</span> <span class='ocrx_word' id='word_1_386' title='bbox 2321 2727 2421 2799; x_wconf 76' lang='grc' dir='ltr'><strong>τὴν</strong></span> <span class='ocrx_word' id='word_1_387' title='bbox 2447 2728 2547 2798; x_wconf 72' lang='grc' dir='ltr'>μὲν</span> <span class='ocrx_word' id='word_1_388' title='bbox 2595 2730 2808 2785; x_wconf 77' lang='grc' dir='ltr'>ἐκείνου</span> <span class='ocrx_word' id='word_1_389' title='bbox 2844 2731 3091 2800; x_wconf 76' lang='grc' dir='ltr'>γυμνοῦν</span> <span class='ocrx_word' id='word_1_390' title='bbox 3120 2731 3410 2786; x_wconf 75' lang='grc' dir='ltr'>ἀσθένειαν</span> <span class='ocrx_word' id='word_1_391' title='bbox 3435 2774 3451 2801; x_wconf 86' lang='grc'><strong>,</strong></span> <span class='ocrx_word' id='word_1_392' title='bbox 3516 2733 3672 2787; x_wconf 77' lang='grc' dir='ltr'>αὐτοῦ</span> <span class='ocrx_word' id='word_1_393' title='bbox 3706 2733 3753 2785; x_wconf 77' lang='grc' dir='ltr'>δὲ</span> 
     </span>
    </p>
   </div>
   <div class='ocr_carea' id='block_1_56' title="bbox 2196 2820 3758 2897">
    <p class='ocr_par' dir='ltr' id='par_1_56' title="bbox 2196 2820 3758 2897">
     <span class='ocr_line' id='line_1_56' title="bbox 2196 2820 3758 2897; baseline 0.006 -27"><span class='ocrx_word' id='word_1_394' title='bbox 2196 2820 2600 2890; x_wconf 77' lang='grc' dir='ltr'><strong>παρῤησιάζιιν</strong></span> <span class='ocrx_word' id='word_1_395' title='bbox 2630 2821 2728 2893; x_wconf 75' lang='grc' dir='ltr'>τὴν</span> <span class='ocrx_word' id='word_1_396' title='bbox 2747 2822 3004 2893; x_wconf 85' lang='grc' dir='ltr'>δύναμιν,</span> <span class='ocrx_word' id='word_1_397' title='bbox 3030 2824 3119 2878; x_wconf 79' lang='grc' dir='ltr'>ἵνα</span> <span class='ocrx_word' id='word_1_398' title='bbox 3148 2824 3225 2896; x_wconf 78' lang='grc' dir='ltr'>μὴ</span> <span class='ocrx_word' id='word_1_399' title='bbox 3246 2825 3341 2879; x_wconf 59' lang='grc' dir='ltr'><strong>καὶ⁵</strong></span> <span class='ocrx_word' id='word_1_400' title='bbox 3371 2825 3577 2881; x_wconf 87' lang='grc' dir='ltr'>πλείων</span> <span class='ocrx_word' id='word_1_401' title='bbox 3604 2825 3758 2897; x_wconf 57' lang='lat' dir='ltr'><strong>spis-</strong></span> 
     </span>
    </p>
   </div>
   <div class='ocr_carea' id='block_1_57' title="bbox 2196 2908 3759 2989">
    <p class='ocr_par' dir='ltr' id='par_1_57' title="bbox 2196 2908 3759 2989">
     <span class='ocr_line' id='line_1_57' title="bbox 2196 2908 3759 2989; baseline 0.006 -26"><span class='ocrx_word' id='word_1_402' title='bbox 2196 2908 2268 2979; x_wconf 82' lang='grc' dir='ltr'>6η</span> <span class='ocrx_word' id='word_1_403' title='bbox 2293 2912 2405 2975; x_wconf 86' lang='grc' dir='ltr'>τοῖς</span> <span class='ocrx_word' id='word_1_404' title='bbox 2452 2913 2701 2968; x_wconf 81' lang='grc' dir='ltr'>ἀπειθεῖν</span> <span class='ocrx_word' id='word_1_405' title='bbox 2729 2916 3032 2988; x_wconf 68' lang='grc' dir='ltr'>ᾑρημένοις</span> <span class='ocrx_word' id='word_1_406' title='bbox 3062 2919 3462 2989; x_wconf 81' lang='grc' dir='ltr'>προσγένηται.</span> <span class='ocrx_word' id='word_1_407' title='bbox 3498 2918 3671 2972; x_wconf 84' lang='grc' dir='ltr'>Ταῦτα</span> <span class='ocrx_word' id='word_1_408' title='bbox 3690 2918 3759 2972; x_wconf 73' lang='grc' dir='ltr'>λί-</span> 
     </span>
    </p>
   </div>
   <div class='ocr_carea' id='block_1_58' title="bbox 2195 3007 3753 3082">
    <p class='ocr_par' dir='ltr' id='par_1_58' title="bbox 2195 3007 3753 3082">
     <span class='ocr_line' id='line_1_58' title="bbox 2195 3007 3753 3082; baseline 0.003 -23"><span class='ocrx_word' id='word_1_409' title='bbox 2195 3022 2333 3074; x_wconf 84' lang='grc' dir='ltr'>γων,</span> <span class='ocrx_word' id='word_1_410' title='bbox 2366 3008 2461 3060; x_wconf 70' lang='grc' dir='ltr'><strong>καὶ</strong></span> <span class='ocrx_word' id='word_1_411' title='bbox 2488 3008 2549 3061; x_wconf 85' lang='grc' dir='ltr'>τὸ</span> <span class='ocrx_word' id='word_1_412' title='bbox 2591 3007 2686 3062; x_wconf 87' lang='grc' dir='ltr'>τοῦ</span> <span class='ocrx_word' id='word_1_413' title='bbox 2736 3009 2972 3079; x_wconf 80' lang='grc' dir='ltr'>σταυροῦ</span> <span class='ocrx_word' id='word_1_414' title='bbox 3008 3011 3236 3081; x_wconf 83' lang='grc' dir='ltr'>σημεῖον</span> <span class='ocrx_word' id='word_1_415' title='bbox 3276 3011 3356 3082; x_wconf 83' lang='grc' dir='ltr'><strong>τῷ</strong></span> <span class='ocrx_word' id='word_1_416' title='bbox 3395 3011 3555 3065; x_wconf 74' lang='grc' dir='ltr'>ὕδατι</span> <span class='ocrx_word' id='word_1_417' title='bbox 3584 3011 3753 3065; x_wconf 76' lang='grc' dir='ltr'>ἐπιδα-</span> 
     </span>
    </p>
   </div>
   <div class='ocr_carea' id='block_1_59' title="bbox 2195 3099 3755 3178">
    <p class='ocr_par' dir='ltr' id='par_1_59' title="bbox 2195 3099 3755 3178">
     <span class='ocr_line' id='line_1_59' title="bbox 2195 3099 3755 3178; baseline 0.001 -26"><span class='ocrx_word' id='word_1_418' title='bbox 2195 3099 2327 3166; x_wconf 86' lang='grc' dir='ltr'>λὼν,</span> <span class='ocrx_word' id='word_1_419' title='bbox 2353 3101 2649 3173; x_wconf 85' lang='grc' dir='ltr'>Ἐκκοιτίῳ</span> <span class='ocrx_word' id='word_1_420' title='bbox 2697 3101 2810 3178; x_wconf 82' lang='grc' dir='ltr'>τινὶ</span> <span class='ocrx_word' id='word_1_421' title='bbox 2841 3102 3081 3173; x_wconf 66' lang='grc' dir='ltr'>διακόνῳ</span> <span class='ocrx_word' id='word_1_422' title='bbox 3118 3102 3280 3156; x_wconf 88' lang='grc' dir='ltr'>τοῦτο</span> <span class='ocrx_word' id='word_1_423' title='bbox 3333 3101 3550 3167; x_wconf 81' lang='grc' dir='ltr'>ἐδίδου,</span> <span class='ocrx_word' id='word_1_424' title='bbox 3594 3102 3755 3155; x_wconf 73' lang='grc' dir='ltr'>κελεύο</span> 
     </span>
    </p>
   </div>
   <div class='ocr_carea' id='block_1_60' title="bbox 3730 3186 3753 3214">
    <p class='ocr_par' dir='ltr' id='par_1_60' title="bbox 3730 3186 3753 3214">
     <span class='ocr_line' id='line_1_60' title="bbox 3730 3186 3753 3214; baseline 0 0"><span class='ocrx_word' id='word_1_425' title='bbox 3730 3186 3753 3214; x_wconf 62' lang='grc' dir='ltr'>τ</span> 
     </span>
    </p>
   </div>
   <div class='ocr_carea' id='block_1_61' title="bbox 2198 3187 3755 3264">
    <p class='ocr_par' dir='ltr' id='par_1_61' title="bbox 2198 3187 3755 3264">
     <span class='ocr_line' id='line_1_61' title="bbox 2198 3187 3755 3264; baseline 0.003 -20"><span class='ocrx_word' id='word_1_426' title='bbox 2198 3206 2298 3252; x_wconf 85' lang='grc' dir='ltr'>σας</span> <span class='ocrx_word' id='word_1_427' title='bbox 2351 3187 2432 3259; x_wconf 84' lang='grc' dir='ltr'><strong>τῷ</strong></span> <span class='ocrx_word' id='word_1_428' title='bbox 2485 3189 2586 3259; x_wconf 80' lang='grc' dir='ltr'>τῆς</span> <span class='ocrx_word' id='word_1_429' title='bbox 2644 3189 2846 3260; x_wconf 76' lang='grc' dir='ltr'>φλογὸς</span> <span class='ocrx_word' id='word_1_430' title='bbox 2903 3190 3211 3261; x_wconf 77' lang='grc' dir='ltr'>ἀκμάζοντι</span> <span class='ocrx_word' id='word_1_431' title='bbox 3274 3193 3650 3264; x_wconf 79' lang='grc' dir='ltr'>ἐπιρῤαίνιιν·</span> <span class='ocrx_word' id='word_1_432' title='bbox 3706 3187 3755 3248; x_wconf 77' lang='grc' dir='ltr'>οὗ</span> 
     </span>
    </p>
   </div>
   <div class='ocr_carea' id='block_1_62' title="bbox 515 3279 2093 3371">
    <p class='ocr_par' dir='ltr' id='par_1_62' title="bbox 515 3285 2091 3364">
     <span class='ocr_line' id='line_1_62' title="bbox 515 3285 2091 3364; baseline -0.006 -16"><span class='ocrx_word' id='word_1_433' title='bbox 515 3285 766 3364; x_wconf 80' lang='lat' dir='ltr'><strong>apertum</strong></span> <span class='ocrx_word' id='word_1_434' title='bbox 824 3293 1099 3363; x_wconf 78' lang='lat' dir='ltr'><strong>proferret</strong></span> <span class='ocrx_word' id='word_1_435' title='bbox 1194 3289 1657 3351; x_wconf 83' lang='lat' dir='ltr'><strong>imbecillitatem,</strong></span> <span class='ocrx_word' id='word_1_436' title='bbox 1705 3300 1860 3341; x_wconf 90' lang='lat' dir='ltr'><strong>suam</strong></span> <span class='ocrx_word' id='word_1_437' title='bbox 1907 3292 2091 3340; x_wconf 87' lang='lat' dir='ltr'><strong>autem</strong></span> 
     </span>
    </p>
   </div>
   <div class='ocr_carea' id='block_1_63' title="bbox 2198 3279 3755 3371">
    <p class='ocr_par' dir='ltr' id='par_1_63' title="bbox 2198 3279 3755 3356">
     <span class='ocr_line' id='line_1_63' title="bbox 2198 3279 3755 3356; baseline 0.001 -22"><span class='ocrx_word' id='word_1_438' title='bbox 2198 3282 2512 3350; x_wconf 73' lang='grc' dir='ltr'>γενομένου,</span> <span class='ocrx_word' id='word_1_439' title='bbox 2550 3282 2579 3334; x_wconf 81' lang='grc' dir='ltr'>ὁ</span> <span class='ocrx_word' id='word_1_440' title='bbox 2603 3279 2705 3350; x_wconf 82' lang='grc' dir='ltr'>μὲν</span> <span class='ocrx_word' id='word_1_441' title='bbox 2739 3281 2953 3351; x_wconf 86' lang='grc' dir='ltr'>δαίμων</span> <span class='ocrx_word' id='word_1_442' title='bbox 2996 3282 3290 3356; x_wconf 81' lang='grc' dir='ltr'><strong>ἀπηλλάγη</strong></span> <span class='ocrx_word' id='word_1_443' title='bbox 3341 3286 3440 3355; x_wconf 79' lang='grc' dir='ltr'><strong>τὴν</strong></span> <span class='ocrx_word' id='word_1_444' title='bbox 3467 3283 3565 3340; x_wconf 82' lang='grc' dir='ltr'>τοῦ</span> <span class='ocrx_word' id='word_1_445' title='bbox 3594 3285 3755 3348; x_wconf 73' lang='grc' dir='ltr'>ὕδατος</span> 
     </span>
    </p>
   </div>
   <div class='ocr_carea' id='block_1_64' title="bbox 515 3371 2093 3458">
    <p class='ocr_par' dir='ltr' id='par_1_64' title="bbox 515 3382 2092 3458">
     <span class='ocr_line' id='line_1_64' title="bbox 515 3382 2092 3458; baseline -0.003 -21"><span class='ocrx_word' id='word_1_446' title='bbox 515 3388 687 3458; x_wconf 70' lang='lat' dir='ltr'><strong>ipsius</strong></span> <span class='ocrx_word' id='word_1_447' title='bbox 740 3385 1032 3441; x_wconf 84' lang='lat' dir='ltr'><strong>manifesto</strong></span> <span class='ocrx_word' id='word_1_448' title='bbox 1058 3383 1353 3439; x_wconf 76' lang='lat' dir='ltr'><strong>exhiberet</strong></span> <span class='ocrx_word' id='word_1_449' title='bbox 1402 3382 1513 3437; x_wconf 87' lang='lat' dir='ltr'><strong>vim</strong></span> <span class='ocrx_word' id='word_1_450' title='bbox 1547 3388 1603 3437; x_wconf 84' lang='lat' dir='ltr'><strong>et.</strong></span> <span class='ocrx_word' id='word_1_451' title='bbox 1633 3382 1969 3452; x_wconf 85' lang='lat' dir='ltr'><strong>potentiam:</strong></span> <span class='ocrx_word' id='word_1_452' title='bbox 2022 3392 2092 3433; x_wconf 88' lang='lat' dir='ltr'><strong>ne</strong></span> 
     </span>
    </p>
   </div>
   <div class='ocr_carea' id='block_1_65' title="bbox 2198 3371 3753 3458">
    <p class='ocr_par' dir='ltr' id='par_1_65' title="bbox 2202 3371 3753 3449">
     <span class='ocr_line' id='line_1_65' title="bbox 2202 3371 3753 3449; baseline 0.005 -24"><span class='ocrx_word' id='word_1_453' title='bbox 2202 3374 2280 3446; x_wconf 75' lang='grc' dir='ltr'>μὴ</span> <span class='ocrx_word' id='word_1_454' title='bbox 2335 3371 2578 3441; x_wconf 75' lang='grc' dir='ltr'>ἐνεγκὼν</span> <span class='ocrx_word' id='word_1_455' title='bbox 2628 3374 2977 3444; x_wconf 75' lang='grc' dir='ltr'>προσδολήν·</span> <span class='ocrx_word' id='word_1_456' title='bbox 3024 3373 3087 3429; x_wconf 84' lang='grc' dir='ltr'><strong>τὸ</strong></span> <span class='ocrx_word' id='word_1_457' title='bbox 3131 3375 3191 3429; x_wconf 70' lang='grc' dir='ltr'>δὲ</span> <span class='ocrx_word' id='word_1_458' title='bbox 3243 3376 3357 3449; x_wconf 89' lang='grc' dir='ltr'>πῦρ</span> <span class='ocrx_word' id='word_1_459' title='bbox 3386 3371 3586 3449; x_wconf 74' lang='grc' dir='ltr'>οἷάπερ</span> <span class='ocrx_word' id='word_1_460' title='bbox 3617 3378 3753 3448; x_wconf 83' lang='grc' dir='ltr'>ἐλαίῳ</span> 
     </span>
    </p>
   </div>
   <div class='ocr_carea' id='block_1_66' title="bbox 510 3473 2095 3550">
    <p class='ocr_par' dir='ltr' id='par_1_66' title="bbox 510 3473 2095 3550">
     <span class='ocr_line' id='line_1_66' title="bbox 510 3473 2095 3550; baseline -0.008 -14"><span class='ocrx_word' id='word_1_461' title='bbox 510 3480 721 3536; x_wconf 85' lang='lat' dir='ltr'><strong>scilicet</strong></span> <span class='ocrx_word' id='word_1_462' title='bbox 760 3481 936 3550; x_wconf 83' lang='lat' dir='ltr'><strong>majus</strong></span> <span class='ocrx_word' id='word_1_463' title='bbox 966 3478 1131 3533; x_wconf 89' lang='lat' dir='ltr'><strong>etiam</strong></span> <span class='ocrx_word' id='word_1_464' title='bbox 1154 3476 1549 3532; x_wconf 89' lang='lat' dir='ltr'><strong>detrimentum</strong></span> <span class='ocrx_word' id='word_1_465' title='bbox 1578 3473 1647 3529; x_wconf 87' lang='lat' dir='ltr'><strong>ad</strong></span> <span class='ocrx_word' id='word_1_466' title='bbox 1680 3488 1800 3536; x_wconf 89' lang='lat' dir='ltr'><strong>eos,</strong></span> <span class='ocrx_word' id='word_1_467' title='bbox 1828 3474 1922 3545; x_wconf 88' lang='lat' dir='ltr'><strong>qui</strong></span> <span class='ocrx_word' id='word_1_468' title='bbox 1955 3486 2095 3526; x_wconf 87' lang='lat' dir='ltr'><strong>non-</strong></span> 
     </span>
    </p>
   </div>
   <div class='ocr_carea' id='block_1_67' title="bbox 514 3564 2092 3639">
    <p class='ocr_par' dir='ltr' id='par_1_67' title="bbox 514 3564 2092 3639">
     <span class='ocr_line' id='line_1_67' title="bbox 514 3564 2092 3639; baseline -0.003 -18"><span class='ocrx_word' id='word_1_469' title='bbox 514 3576 641 3626; x_wconf 79' lang='lat' dir='ltr'><strong>dum</strong></span> <span class='ocrx_word' id='word_1_470' title='bbox 678 3581 737 3625; x_wconf 92' lang='lat' dir='ltr'><strong>ut</strong></span> <span class='ocrx_word' id='word_1_471' title='bbox 763 3570 1088 3625; x_wconf 65' lang='lat' dir='ltr'><strong>Christianae</strong></span> <span class='ocrx_word' id='word_1_472' title='bbox 1118 3576 1377 3639; x_wconf 88' lang='lat' dir='ltr'><strong>parerent</strong></span> <span class='ocrx_word' id='word_1_473' title='bbox 1411 3564 1686 3636; x_wconf 79' lang='lat' dir='ltr'><strong>religioni,</strong></span> <span class='ocrx_word' id='word_1_474' title='bbox 1748 3565 1803 3619; x_wconf 91' lang='lat' dir='ltr'><strong>in</strong></span> <span class='ocrx_word' id='word_1_475' title='bbox 1846 3564 2092 3619; x_wconf 84' lang='lat' dir='ltr'><strong>animum</strong></span> 
     </span>
    </p>
   </div>
   <div class='ocr_carea' id='block_1_68' title="bbox 517 3656 2096 3732">
    <p class='ocr_par' dir='ltr' id='par_1_68' title="bbox 517 3656 2096 3732">
     <span class='ocr_line' id='line_1_68' title="bbox 517 3656 2096 3732; baseline -0.003 -14"><span class='ocrx_word' id='word_1_476' title='bbox 517 3663 886 3724; x_wconf 81' lang='lat' dir='ltr'><strong>induxissent,</strong></span> <span class='ocrx_word' id='word_1_477' title='bbox 910 3661 1245 3732; x_wconf 85' lang='lat' dir='ltr'><strong>perveniret.</strong></span> <span class='ocrx_word' id='word_1_478' title='bbox 1285 3658 1413 3715; x_wconf 70' lang='lat' dir='ltr'><strong>Haec</strong></span> <span class='ocrx_word' id='word_1_479' title='bbox 1443 3673 1567 3714; x_wconf 91' lang='lat' dir='ltr'><strong>cum</strong></span> <span class='ocrx_word' id='word_1_480' title='bbox 1598 3656 1852 3722; x_wconf 80' lang='lat' dir='ltr'><strong>dixisset,</strong></span> <span class='ocrx_word' id='word_1_481' title='bbox 1883 3664 1940 3712; x_wconf 84' lang='lat' dir='ltr'><strong>et</strong></span> <span class='ocrx_word' id='word_1_482' title='bbox 1964 3671 2096 3713; x_wconf 83' lang='lat' dir='ltr'><strong>crtL—</strong></span> 
     </span>
    </p>
   </div>
   <div class='ocr_carea' id='block_1_69' title="bbox 518 3748 2095 3826">
    <p class='ocr_par' dir='ltr' id='par_1_69' title="bbox 518 3748 2095 3826">
     <span class='ocr_line' id='line_1_69' title="bbox 518 3748 2095 3826; baseline -0.004 -16"><span class='ocrx_word' id='word_1_483' title='bbox 518 3758 598 3811; x_wconf 90' lang='lat' dir='ltr'><strong>cis</strong></span> <span class='ocrx_word' id='word_1_484' title='bbox 625 3756 840 3825; x_wconf 80' lang='lat' dir='ltr'><strong>signum</strong></span> <span class='ocrx_word' id='word_1_485' title='bbox 868 3769 1024 3822; x_wconf 77' lang='lat' dir='ltr'><strong>aqua:</strong></span> <span class='ocrx_word' id='word_1_486' title='bbox 1053 3752 1350 3826; x_wconf 89' lang='lat' dir='ltr'><strong>injecisset,</strong></span> <span class='ocrx_word' id='word_1_487' title='bbox 1371 3750 1589 3821; x_wconf 86' lang='lat' dir='ltr'><strong>Equitio</strong></span> <span class='ocrx_word' id='word_1_488' title='bbox 1608 3750 1829 3805; x_wconf 87' lang='lat' dir='ltr'><strong>cuidam</strong></span> <span class='ocrx_word' id='word_1_489' title='bbox 1861 3748 2095 3809; x_wconf 76' lang='lat' dir='ltr'><strong>diacono</strong></span> 
     </span>
    </p>
   </div>
   <div class='ocr_carea' id='block_1_70' title="bbox 515 3840 2094 3913">
    <p class='ocr_par' dir='ltr' id='par_1_70' title="bbox 515 3840 2094 3913">
     <span class='ocr_line' id='line_1_70' title="bbox 515 3840 2094 3913; baseline -0.005 -10"><span class='ocrx_word' id='word_1_490' title='bbox 515 3865 636 3903; x_wconf 86' lang='lat' dir='ltr'><strong>eam</strong></span> <span class='ocrx_word' id='word_1_491' title='bbox 671 3846 846 3911; x_wconf 85' lang='lat' dir='ltr'><strong>dedit,</strong></span> <span class='ocrx_word' id='word_1_492' title='bbox 882 3845 1159 3901; x_wconf 81' lang='lat' dir='ltr'><strong>ﬂammam</strong></span> <span class='ocrx_word' id='word_1_493' title='bbox 1191 3845 1465 3911; x_wconf 69' lang='lat' dir='ltr'><strong>vigentem</strong></span> <span class='ocrx_word' id='word_1_494' title='bbox 1519 3858 1585 3899; x_wconf 88' lang='lat' dir='ltr'><strong>ea</strong></span> <span class='ocrx_word' id='word_1_495' title='bbox 1616 3856 1982 3913; x_wconf 76' lang='lat' dir='ltr'><strong>conspergere</strong></span> <span class='ocrx_word' id='word_1_496' title='bbox 2000 3840 2094 3912; x_wconf 83' lang='lat' dir='ltr'><strong>ju-</strong></span> 
     </span>
    </p>
   </div>
   <div class='ocr_carea' id='block_1_71' title="bbox 516 3932 2083 4004">
    <p class='ocr_par' dir='ltr' id='par_1_71' title="bbox 516 3932 2083 4004">
     <span class='ocr_line' id='line_1_71' title="bbox 516 3932 2083 4004; baseline -0.004 -11"><span class='ocrx_word' id='word_1_497' title='bbox 516 3940 674 3994; x_wconf 84' lang='lat' dir='ltr'><strong>bcns.</strong></span> <span class='ocrx_word' id='word_1_498' title='bbox 704 3938 857 4004; x_wconf 83' lang='lat' dir='ltr'><strong>Quod</strong></span> <span class='ocrx_word' id='word_1_499' title='bbox 898 3936 987 3991; x_wconf 88' lang='lat' dir='ltr'><strong>ubi</strong></span> <span class='ocrx_word' id='word_1_500' title='bbox 1013 3945 1098 3991; x_wconf 88' lang='lat' dir='ltr'><strong>est</strong></span> <span class='ocrx_word' id='word_1_501' title='bbox 1127 3935 1355 4000; x_wconf 89' lang='lat' dir='ltr'><strong>factum,</strong></span> <span class='ocrx_word' id='word_1_502' title='bbox 1388 3934 1604 3997; x_wconf 71' lang='lat' dir='ltr'><strong>dremon</strong></span> <span class='ocrx_word' id='word_1_503' title='bbox 1649 3933 1740 3997; x_wconf 73' lang='lat' dir='ltr'><strong>ille</strong></span> <span class='ocrx_word' id='word_1_504' title='bbox 1772 3948 1929 4002; x_wconf 68' lang='lat' dir='ltr'><strong>aqua:</strong></span> <span class='ocrx_word' id='word_1_505' title='bbox 1973 3932 2083 3987; x_wconf 91' lang='lat' dir='ltr'><strong>vim</strong></span> 
     </span>
    </p>
   </div>
   <div class='ocr_carea' id='block_1_72' title="bbox 517 4025 2094 4102">
    <p class='ocr_par' dir='ltr' id='par_1_72' title="bbox 517 4025 2094 4102">
     <span class='ocr_line' id='line_1_72' title="bbox 517 4025 2094 4102; baseline -0.003 -16"><span class='ocrx_word' id='word_1_506' title='bbox 517 4047 627 4086; x_wconf 86' lang='lat' dir='ltr'><strong>non</strong></span> <span class='ocrx_word' id='word_1_507' title='bbox 658 4031 861 4097; x_wconf 88' lang='lat' dir='ltr'><strong>ferens,</strong></span> <span class='ocrx_word' id='word_1_508' title='bbox 894 4029 1177 4102; x_wconf 81' lang='lat' dir='ltr'><strong>profugit:</strong></span> <span class='ocrx_word' id='word_1_509' title='bbox 1227 4038 1283 4084; x_wconf 89' lang='lat' dir='ltr'><strong>et</strong></span> <span class='ocrx_word' id='word_1_510' title='bbox 1330 4030 1472 4100; x_wconf 75' lang='lat' dir='ltr'><strong>ignis</strong></span> <span class='ocrx_word' id='word_1_511' title='bbox 1500 4026 1784 4087; x_wconf 73' lang='lat' dir='ltr'><strong>contraria</strong></span> <span class='ocrx_word' id='word_1_512' title='bbox 1817 4025 1922 4082; x_wconf 88' lang='lat' dir='ltr'><strong>sibi</strong></span> <span class='ocrx_word' id='word_1_513' title='bbox 1955 4041 2094 4096; x_wconf 88' lang='lat' dir='ltr'><strong>aqua</strong></span> 
     </span>
    </p>
   </div>
   <div class='ocr_carea' id='block_1_73' title="bbox 513 4115 2094 4206">
    <p class='ocr_par' dir='ltr' id='par_1_73' title="bbox 513 4115 2094 4206">
     <span class='ocr_line' id='line_1_73' title="bbox 513 4115 2094 4206; baseline -0.004 -31"><span class='ocrx_word' id='word_1_514' title='bbox 513 4120 743 4206; x_wconf 80' lang='lat' dir='ltr'><strong>perinde</strong></span> <span class='ocrx_word' id='word_1_515' title='bbox 766 4131 932 4191; x_wconf 85' lang='lat' dir='ltr'><strong>atque</strong></span> <span class='ocrx_word' id='word_1_516' title='bbox 950 4120 1072 4175; x_wconf 89' lang='lat' dir='ltr'><strong>oleo</strong></span> <span class='ocrx_word' id='word_1_517' title='bbox 1093 4134 1246 4183; x_wconf 87' lang='lat' dir='ltr'><strong>usus,</strong></span> <span class='ocrx_word' id='word_1_518' title='bbox 1271 4118 1419 4190; x_wconf 77' lang='lat' dir='ltr'><strong>ligna</strong></span> <span class='ocrx_word' id='word_1_519' title='bbox 1447 4117 1653 4188; x_wconf 89' lang='lat' dir='ltr'><strong>optime</strong></span> <span class='ocrx_word' id='word_1_520' title='bbox 1674 4115 2094 4186; x_wconf 83' lang='lat' dir='ltr'><strong>comprehensa,</strong></span> 
     </span>
    </p>
   </div>
   <div class='ocr_carea' id='block_1_74' title="bbox 514 4207 2100 4301">
    <p class='ocr_par' dir='ltr' id='par_1_74' title="bbox 514 4207 2100 4301">
     <span class='ocr_line' id='line_1_74' title="bbox 514 4207 2100 4301; baseline -0.003 -35"><span class='ocrx_word' id='word_1_521' title='bbox 514 4229 691 4301; x_wconf 69' lang='lat' dir='ltr'><strong>parvo</strong></span> <span class='ocrx_word' id='word_1_522' title='bbox 742 4220 1022 4273; x_wconf 78' lang='lat' dir='ltr'><strong>momento</strong></span> <span class='ocrx_word' id='word_1_523' title='bbox 1055 4211 1417 4281; x_wconf 79' lang='lat' dir='ltr'><strong>consumpsit.</strong></span> <span class='ocrx_word' id='word_1_524' title='bbox 1457 4219 1512 4265; x_wconf 92' lang='lat' dir='ltr'><strong>et</strong></span> <span class='ocrx_word' id='word_1_525' title='bbox 1550 4210 1931 4266; x_wconf 90' lang='lat' dir='ltr'><strong>columnarum</strong></span> <span class='ocrx_word' id='word_1_526' title='bbox 1993 4207 2100 4263; x_wconf 87' lang='lat' dir='ltr'><strong>ful-</strong></span> 
     </span>
    </p>
   </div>
   <div class='ocr_carea' id='block_1_75' title="bbox 507 4301 2093 4376">
    <p class='ocr_par' dir='ltr' id='par_1_75' title="bbox 507 4301 2093 4376">
     <span class='ocr_line' id='line_1_75' title="bbox 507 4301 2093 4376; baseline -0.003 -16"><span class='ocrx_word' id='word_1_527' title='bbox 507 4309 628 4376; x_wconf 64' lang='lat' dir='ltr'><strong>pris</strong></span> <span class='ocrx_word' id='word_1_528' title='bbox 649 4304 1132 4370; x_wconf 64' lang='lat' dir='ltr'><strong>evanescentibus,</strong></span> <span class='ocrx_word' id='word_1_529' title='bbox 1166 4314 1222 4361; x_wconf 91' lang='lat' dir='ltr'><strong>et</strong></span> <span class='ocrx_word' id='word_1_530' title='bbox 1254 4304 1383 4374; x_wconf 72' lang='lat' dir='ltr'><strong>ipsa:</strong></span> <span class='ocrx_word' id='word_1_531' title='bbox 1395 4301 1687 4358; x_wconf 85' lang='lat' dir='ltr'><strong>confestim</strong></span> <span class='ocrx_word' id='word_1_532' title='bbox 1709 4301 2093 4367; x_wconf 83' lang='lat' dir='ltr'><strong>conciderunt,</strong></span> 
     </span>
    </p>
   </div>
   <div class='ocr_carea' id='block_1_76' title="bbox 510 4395 2100 4466">
    <p class='ocr_par' dir='ltr' id='par_1_76' title="bbox 510 4395 2100 4466">
     <span class='ocr_line' id='line_1_76' title="bbox 510 4395 2100 4466; baseline -0.004 -11"><span class='ocrx_word' id='word_1_533' title='bbox 510 4409 569 4461; x_wconf 73' lang='lat' dir='ltr'><strong>rt</strong></span> <span class='ocrx_word' id='word_1_534' title='bbox 598 4400 734 4466; x_wconf 66' lang='lat' dir='ltr'><strong>alias</strong></span> <span class='ocrx_word' id='word_1_535' title='bbox 760 4397 1048 4453; x_wconf 89' lang='lat' dir='ltr'><strong>duodecim</strong></span> <span class='ocrx_word' id='word_1_536' title='bbox 1089 4398 1145 4452; x_wconf 89' lang='lat' dir='ltr'><strong>in</strong></span> <span class='ocrx_word' id='word_1_537' title='bbox 1180 4396 1432 4451; x_wconf 87' lang='lat' dir='ltr'><strong>eamdem</strong></span> <span class='ocrx_word' id='word_1_538' title='bbox 1463 4395 1681 4451; x_wconf 89' lang='lat' dir='ltr'><strong>ruinam</strong></span> <span class='ocrx_word' id='word_1_539' title='bbox 1707 4408 1893 4450; x_wconf 84' lang='lat' dir='ltr'><strong>secum</strong></span> <span class='ocrx_word' id='word_1_540' title='bbox 1923 4402 2100 4449; x_wconf 80' lang='lat' dir='ltr'><strong>traxe-</strong></span> 
     </span>
    </p>
   </div>
   <div class='ocr_carea' id='block_1_77' title="bbox 514 4485 2091 4559">
    <p class='ocr_par' dir='ltr' id='par_1_77' title="bbox 514 4485 2091 4559">
     <span class='ocr_line' id='line_1_77' title="bbox 514 4485 2091 4559; baseline -0.003 -15"><span class='ocrx_word' id='word_1_541' title='bbox 514 4499 666 4546; x_wconf 88' lang='lat' dir='ltr'><strong>runt.</strong></span> <span class='ocrx_word' id='word_1_542' title='bbox 708 4488 876 4559; x_wconf 73' lang='lat'><strong>278</strong></span> <span class='ocrx_word' id='word_1_543' title='bbox 911 4488 1056 4554; x_wconf 87' lang='lat' dir='ltr'><strong>Quin</strong></span> <span class='ocrx_word' id='word_1_544' title='bbox 1091 4487 1256 4543; x_wconf 88' lang='lat' dir='ltr'><strong>etiam</strong></span> <span class='ocrx_word' id='word_1_545' title='bbox 1285 4487 1514 4556; x_wconf 89' lang='lat' dir='ltr'><strong>insuper</strong></span> <span class='ocrx_word' id='word_1_546' title='bbox 1543 4502 1665 4556; x_wconf 72' lang='lat' dir='ltr'><strong>qure</strong></span> <span class='ocrx_word' id='word_1_547' title='bbox 1701 4485 1783 4541; x_wconf 85' lang='lat' dir='ltr'><strong>eis</strong></span> <span class='ocrx_word' id='word_1_548' title='bbox 1835 4492 2091 4556; x_wconf 71' lang='lat' dir='ltr'><strong>cooptata</strong></span> 
     </span>
    </p>
   </div>
   <div class='ocr_carea' id='block_1_78' title="bbox 515 4576 2096 4650">
    <p class='ocr_par' dir='ltr' id='par_1_78' title="bbox 515 4576 2096 4650">
     <span class='ocr_line' id='line_1_78' title="bbox 515 4576 2096 4650; baseline -0.003 -13"><span class='ocrx_word' id='word_1_549' title='bbox 515 4579 696 4637; x_wconf 67' lang='lat' dir='ltr'><strong>iuerat</strong></span> <span class='ocrx_word' id='word_1_550' title='bbox 728 4579 914 4650; x_wconf 89' lang='lat' dir='ltr'><strong>templi</strong></span> <span class='ocrx_word' id='word_1_551' title='bbox 952 4594 1100 4649; x_wconf 91' lang='lat' dir='ltr'><strong>pars,</strong></span> <span class='ocrx_word' id='word_1_552' title='bbox 1128 4592 1256 4633; x_wconf 86' lang='lat' dir='ltr'><strong>cum</strong></span> <span class='ocrx_word' id='word_1_553' title='bbox 1284 4577 1669 4633; x_wconf 87' lang='lat' dir='ltr'><strong>columnarum</strong></span> <span class='ocrx_word' id='word_1_554' title='bbox 1693 4577 1743 4631; x_wconf 87' lang='lat' dir='ltr'><strong>vi</strong></span> <span class='ocrx_word' id='word_1_555' title='bbox 1767 4576 1821 4632; x_wconf 92' lang='lat' dir='ltr'><strong>iu</strong></span> <span class='ocrx_word' id='word_1_556' title='bbox 1853 4591 2096 4650; x_wconf 63' lang='lat' dir='ltr'><strong>praeceps</strong></span> 
     </span>
    </p>
   </div>
   <div class='ocr_carea' id='block_1_79' title="bbox 2148 3463 3755 3541">
    <p class='ocr_par' dir='ltr' id='par_1_79' title="bbox 2148 3463 3755 3541">
     <span class='ocr_line' id='line_1_79' title="bbox 2148 3463 3755 3541; baseline -0.001 -20"><span class='ocrx_word' id='word_1_557' title='bbox 2148 3530 2157 3539; x_wconf 41' lang='grc'><em>,</em></span> <span class='ocrx_word' id='word_1_558' title='bbox 2197 3467 2276 3537; x_wconf 85' lang='grc' dir='ltr'>τῷ</span> <span class='ocrx_word' id='word_1_559' title='bbox 2305 3466 2589 3539; x_wconf 78' lang='grc' dir='ltr'><strong>ἀντιπάλῳ</strong></span> <span class='ocrx_word' id='word_1_560' title='bbox 2620 3467 2971 3539; x_wconf 74' lang='grc' dir='ltr'>χρησάμενον</span> <span class='ocrx_word' id='word_1_561' title='bbox 3003 3467 3178 3534; x_wconf 79' lang='grc' dir='ltr'>ὕδατι,</span> <span class='ocrx_word' id='word_1_562' title='bbox 3209 3463 3273 3524; x_wconf 74' lang='grc' dir='ltr'>εὖ</span> <span class='ocrx_word' id='word_1_563' title='bbox 3304 3471 3451 3541; x_wconf 78' lang='grc' dir='ltr'>μάλα</span> <span class='ocrx_word' id='word_1_564' title='bbox 3473 3470 3583 3525; x_wconf 84' lang='grc' dir='ltr'>τῶν</span> <span class='ocrx_word' id='word_1_565' title='bbox 3614 3470 3755 3535; x_wconf 78' lang='grc' dir='ltr'>ξύλων</span> 
     </span>
    </p>
   </div>
   <div class='ocr_carea' id='block_1_80' title="bbox 2198 3559 3755 3632">
    <p class='ocr_par' dir='ltr' id='par_1_80' title="bbox 2198 3559 3755 3632">
     <span class='ocr_line' id='line_1_80' title="bbox 2198 3559 3755 3632; baseline 0.001 -20"><span class='ocrx_word' id='word_1_566' title='bbox 2198 3559 2533 3630; x_wconf 81' lang='grc' dir='ltr'>καθήπτετο,</span> <span class='ocrx_word' id='word_1_567' title='bbox 2592 3559 2687 3612; x_wconf 71' lang='grc' dir='ltr'><strong>καὶ</strong></span> <span class='ocrx_word' id='word_1_568' title='bbox 2720 3561 2777 3613; x_wconf 91' lang='grc' dir='ltr'><strong>ἐν</strong></span> <span class='ocrx_word' id='word_1_569' title='bbox 2804 3560 3012 3632; x_wconf 75' lang='grc' dir='ltr'>ἅκαρεῖ</span> <span class='ocrx_word' id='word_1_570' title='bbox 3067 3561 3337 3617; x_wconf 76' lang='grc' dir='ltr'>ἐδαπάνα.</span> <span class='ocrx_word' id='word_1_571' title='bbox 3394 3563 3460 3616; x_wconf 86' lang='grc' dir='ltr'>Οί</span> <span class='ocrx_word' id='word_1_572' title='bbox 3509 3564 3566 3618; x_wconf 81' lang='grc' dir='ltr'><strong>δέ</strong></span> <span class='ocrx_word' id='word_1_573' title='bbox 3608 3565 3755 3623; x_wconf 73' lang='grc' dir='ltr'>κίονες</span> 
     </span>
    </p>
   </div>
   <div class='ocr_carea' id='block_1_81' title="bbox 2202 3650 3753 3723">
    <p class='ocr_par' dir='ltr' id='par_1_81' title="bbox 2202 3650 3753 3723">
     <span class='ocr_line' id='line_1_81' title="bbox 2202 3650 3753 3723; baseline 0.002 -19"><span class='ocrx_word' id='word_1_574' title='bbox 2202 3650 2439 3720; x_wconf 82' lang='grc' dir='ltr'>φρούδου</span> <span class='ocrx_word' id='word_1_575' title='bbox 2467 3650 2562 3704; x_wconf 87' lang='grc' dir='ltr'><strong>τοῦ</strong></span> <span class='ocrx_word' id='word_1_576' title='bbox 2593 3650 2899 3723; x_wconf 80' lang='grc' dir='ltr'>ἐρείδοντος</span> <span class='ocrx_word' id='word_1_577' title='bbox 2942 3654 3264 3723; x_wconf 77' lang='grc' dir='ltr'>γενομένου,</span> <span class='ocrx_word' id='word_1_578' title='bbox 3304 3655 3466 3710; x_wconf 81' lang='grc' dir='ltr'>αὐτοί</span> <span class='ocrx_word' id='word_1_579' title='bbox 3508 3673 3568 3710; x_wconf 84' lang='grc' dir='ltr'><strong>τε</strong></span> <span class='ocrx_word' id='word_1_580' title='bbox 3597 3658 3654 3710; x_wconf 78' lang='grc' dir='ltr'><strong>ἐκ</strong></span> <span class='ocrx_word' id='word_1_581' title='bbox 3678 3655 3753 3709; x_wconf 80' lang='grc' dir='ltr'><strong>τοῦ</strong></span> 
     </span>
    </p>
   </div>
   <div class='ocr_carea' id='block_1_82' title="bbox 2200 3743 3755 3808">
    <p class='ocr_par' dir='ltr' id='par_1_82' title="bbox 2200 3743 3755 3808">
     <span class='ocr_line' id='line_1_82' title="bbox 2200 3743 3755 3808; baseline 0.001 -12"><span class='ocrx_word' id='word_1_582' title='bbox 2200 3744 2387 3807; x_wconf 77' lang='grc' dir='ltr'>εὐθέος</span> <span class='ocrx_word' id='word_1_583' title='bbox 2418 3743 2758 3798; x_wconf 68' lang='grc' dir='ltr'><strong>κατέπιπτον</strong></span> <span class='ocrx_word' id='word_1_584' title='bbox 2780 3760 2795 3775; x_wconf 80' lang='grc' dir='ltr'>ο</span> <span class='ocrx_word' id='word_1_585' title='bbox 2828 3744 2925 3797; x_wconf 85' lang='grc' dir='ltr'><strong>καὶ</strong></span> <span class='ocrx_word' id='word_1_586' title='bbox 2954 3744 3152 3808; x_wconf 75' lang='grc' dir='ltr'>ἄλλους</span> <span class='ocrx_word' id='word_1_587' title='bbox 3182 3747 3513 3802; x_wconf 77' lang='grc' dir='ltr'>δυοκαίδεκα</span> <span class='ocrx_word' id='word_1_588' title='bbox 3546 3745 3755 3800; x_wconf 79' lang='grc' dir='ltr'><strong>ἐπισπώ-</strong></span> 
     </span>
    </p>
   </div>
   <div class='ocr_carea' id='block_1_83' title="bbox 2202 3836 3753 3909">
    <p class='ocr_par' dir='ltr' id='par_1_83' title="bbox 2202 3836 3753 3909">
     <span class='ocr_line' id='line_1_83' title="bbox 2202 3836 3753 3909; baseline 0 -20"><span class='ocrx_word' id='word_1_589' title='bbox 2202 3853 2378 3908; x_wconf 86' lang='grc' dir='ltr'>μενοι.</span> <span class='ocrx_word' id='word_1_590' title='bbox 2417 3837 2493 3891; x_wconf 83' lang='grc' dir='ltr'><strong>Οὐ</strong></span> <span class='ocrx_word' id='word_1_591' title='bbox 2529 3836 2638 3907; x_wconf 78' lang='grc' dir='ltr'>μὴν</span> <span class='ocrx_word' id='word_1_592' title='bbox 2671 3837 2730 3890; x_wconf 80' lang='grc' dir='ltr'><strong>δὲ</strong></span> <span class='ocrx_word' id='word_1_593' title='bbox 2775 3836 2911 3891; x_wconf 75' lang='grc' dir='ltr'>ἀλλὰ</span> <span class='ocrx_word' id='word_1_594' title='bbox 2945 3839 3041 3891; x_wconf 69' lang='grc' dir='ltr'>καὶ</span> <span class='ocrx_word' id='word_1_595' title='bbox 3066 3839 3191 3892; x_wconf 84' lang='grc' dir='ltr'>ὅσον</span> <span class='ocrx_word' id='word_1_596' title='bbox 3232 3838 3328 3893; x_wconf 87' lang='grc' dir='ltr'><strong>τοῦ</strong></span> <span class='ocrx_word' id='word_1_597' title='bbox 3362 3838 3468 3892; x_wconf 72' lang='grc' dir='ltr'>νεὼ</span> <span class='ocrx_word' id='word_1_598' title='bbox 3503 3838 3753 3909; x_wconf 74' lang='grc' dir='ltr'>συνημμέο</span> 
     </span>
    </p>
   </div>
   <div class='ocr_carea' id='block_1_84' title="bbox 2199 3927 3754 4001">
    <p class='ocr_par' dir='ltr' id='par_1_84' title="bbox 2199 3927 3754 4001">
     <span class='ocr_line' id='line_1_84' title="bbox 2199 3927 3754 4001; baseline -0.001 -20"><span class='ocrx_word' id='word_1_599' title='bbox 2199 3946 2290 3982; x_wconf 91' lang='grc' dir='ltr'><strong>νον</strong></span> <span class='ocrx_word' id='word_1_600' title='bbox 2320 3928 2559 4001; x_wconf 82' lang='grc' dir='ltr'>πλευρὸν</span> <span class='ocrx_word' id='word_1_601' title='bbox 2606 3930 2721 3991; x_wconf 75' lang='grc' dir='ltr'>τοϊς</span> <span class='ocrx_word' id='word_1_602' title='bbox 2776 3928 2927 3982; x_wconf 84' lang='grc' dir='ltr'>κίοσι</span> <span class='ocrx_word' id='word_1_603' title='bbox 2957 3928 3275 4000; x_wconf 79' lang='grc' dir='ltr'><strong>κατηνέχθη</strong></span> <span class='ocrx_word' id='word_1_604' title='bbox 3332 3932 3400 4000; x_wconf 82' lang='grc' dir='ltr'>τῇ</span> <span class='ocrx_word' id='word_1_605' title='bbox 3436 3932 3655 3984; x_wconf 79' lang='grc' dir='ltr'>ἐκείνων</span> <span class='ocrx_word' id='word_1_606' title='bbox 3679 3927 3754 3998; x_wconf 72' lang='grc' dir='ltr'><strong>βίᾳ</strong></span> 
     </span>
    </p>
   </div>
   <div class='ocr_carea' id='block_1_85' title="bbox 2200 4019 3755 4093">
    <p class='ocr_par' dir='ltr' id='par_1_85' title="bbox 2200 4019 3755 4093">
     <span class='ocr_line' id='line_1_85' title="bbox 2200 4019 3755 4093; baseline -0.001 -18"><span class='ocrx_word' id='word_1_607' title='bbox 2200 4020 2581 4077; x_wconf 72' lang='grc' dir='ltr'>συνελκυσῦέν.</span> <span class='ocrx_word' id='word_1_608' title='bbox 2611 4019 2836 4084; x_wconf 73' lang='grc' dir='ltr'>κτύπος</span> <span class='ocrx_word' id='word_1_609' title='bbox 2858 4019 2916 4074; x_wconf 81' lang='grc' dir='ltr'>δὲ</span> <span class='ocrx_word' id='word_1_610' title='bbox 2943 4020 3206 4091; x_wconf 75' lang='grc' dir='ltr'>μέγιστος</span> <span class='ocrx_word' id='word_1_611' title='bbox 3237 4020 3548 4093; x_wconf 82' lang='grc' dir='ltr'>ἐκδραμὼν,</span> <span class='ocrx_word' id='word_1_612' title='bbox 3575 4023 3755 4083; x_wconf 65' lang='grc' dir='ltr'>πάντας</span> 
     </span>
    </p>
   </div>
   <div class='ocr_carea' id='block_1_86' title="bbox 2199 4110 3754 4184">
    <p class='ocr_par' dir='ltr' id='par_1_86' title="bbox 2199 4110 3754 4184">
     <span class='ocr_line' id='line_1_86' title="bbox 2199 4110 3754 4184; baseline 0.001 -18"><span class='ocrx_word' id='word_1_613' title='bbox 2199 4111 2397 4182; x_wconf 76' lang='grc' dir='ltr'>ἁθρόον</span> <span class='ocrx_word' id='word_1_614' title='bbox 2423 4113 2542 4166; x_wconf 79' lang='grc' dir='ltr'>ἐκεῖ</span> <span class='ocrx_word' id='word_1_615' title='bbox 2589 4111 2951 4181; x_wconf 77' lang='grc' dir='ltr'><strong>ἐφειλκύσατο</strong></span> <span class='ocrx_word' id='word_1_616' title='bbox 2998 4112 3142 4165; x_wconf 82' lang='grc' dir='ltr'><strong>κατά</strong></span> <span class='ocrx_word' id='word_1_617' title='bbox 3175 4111 3303 4166; x_wconf 77' lang='grc' dir='ltr'><strong>θέαν</strong></span> <span class='ocrx_word' id='word_1_618' title='bbox 3341 4112 3431 4166; x_wconf 81' lang='grc' dir='ltr'><strong>τοῦ</strong></span> <span class='ocrx_word' id='word_1_619' title='bbox 3468 4112 3643 4184; x_wconf 73' lang='grc' dir='ltr'>ἔργον.</span> <span class='ocrx_word' id='word_1_620' title='bbox 3682 4110 3754 4169; x_wconf 79' lang='grc' dir='ltr'><strong>Ὠς</strong></span> 
     </span>
    </p>
   </div>
   <div class='ocr_carea' id='block_1_87' title="bbox 2196 4198 3757 4273">
    <p class='ocr_par' dir='ltr' id='par_1_87' title="bbox 2196 4198 3757 4273">
     <span class='ocr_line' id='line_1_87' title="bbox 2196 4198 3757 4273; baseline -0.004 -17"><span class='ocrx_word' id='word_1_621' title='bbox 2196 4203 2253 4256; x_wconf 74' lang='grc' dir='ltr'><strong>δέ</strong></span> <span class='ocrx_word' id='word_1_622' title='bbox 2306 4203 2404 4257; x_wconf 75' lang='grc' dir='ltr'><strong>καὶ</strong></span> <span class='ocrx_word' id='word_1_623' title='bbox 2454 4201 2553 4256; x_wconf 83' lang='grc' dir='ltr'><strong>τοῦ</strong></span> <span class='ocrx_word' id='word_1_624' title='bbox 2604 4200 3077 4272; x_wconf 78' lang='grc' dir='ltr'>ἀντιπράττοντος</span> <span class='ocrx_word' id='word_1_625' title='bbox 3136 4201 3391 4273; x_wconf 85' lang='grc' dir='ltr'>δαίμονος</span> <span class='ocrx_word' id='word_1_626' title='bbox 3442 4202 3540 4272; x_wconf 83' lang='grc' dir='ltr'>τὴν</span> <span class='ocrx_word' id='word_1_627' title='bbox 3602 4198 3757 4271; x_wconf 78' lang='grc' dir='ltr'>φυγὴν</span> 
     </span>
    </p>
   </div>
   <div class='ocr_carea' id='block_1_88' title="bbox 2198 4290 3755 4364">
    <p class='ocr_par' dir='ltr' id='par_1_88' title="bbox 2198 4290 3755 4364">
     <span class='ocr_line' id='line_1_88' title="bbox 2198 4290 3755 4364; baseline -0.001 -16"><span class='ocrx_word' id='word_1_628' title='bbox 2198 4295 2390 4364; x_wconf 72' lang='grc' dir='ltr'>ἔγνων,</span> <span class='ocrx_word' id='word_1_629' title='bbox 2421 4294 2502 4357; x_wconf 76' lang='grc' dir='ltr'><strong>είς</strong></span> <span class='ocrx_word' id='word_1_630' title='bbox 2532 4292 2691 4360; x_wconf 75' lang='grc' dir='ltr'>δόξαν</span> <span class='ocrx_word' id='word_1_631' title='bbox 2716 4292 2854 4347; x_wconf 87' lang='grc' dir='ltr'>Θεοῦ</span> <span class='ocrx_word' id='word_1_632' title='bbox 2903 4293 3003 4358; x_wconf 80' lang='grc' dir='ltr'><strong>τὰς</strong></span> <span class='ocrx_word' id='word_1_633' title='bbox 3034 4290 3287 4362; x_wconf 80' lang='grc' dir='ltr'>γλώσσας</span> <span class='ocrx_word' id='word_1_634' title='bbox 3324 4294 3562 4350; x_wconf 83' lang='grc' dir='ltr'>ἐκίνουν.</span> <span class='ocrx_word' id='word_1_635' title='bbox 3603 4294 3755 4364; x_wconf 70' lang='grc' dir='ltr'>Συχνὲ</span> 
     </span>
    </p>
   </div>
   <div class='ocr_carea' id='block_1_89' title="bbox 2197 4378 3757 4457">
    <p class='ocr_par' dir='ltr' id='par_1_89' title="bbox 2197 4378 3757 4457">
     <span class='ocr_line' id='line_1_89' title="bbox 2197 4378 3757 4457; baseline 0.001 -22"><span class='ocrx_word' id='word_1_636' title='bbox 2197 4382 2252 4435; x_wconf 81' lang='grc' dir='ltr'>δὲ</span> <span class='ocrx_word' id='word_1_637' title='bbox 2287 4385 2385 4439; x_wconf 72' lang='grc' dir='ltr'>καὶ</span> <span class='ocrx_word' id='word_1_638' title='bbox 2414 4382 2552 4436; x_wconf 72' lang='grc' dir='ltr'>ἄλλα</span> <span class='ocrx_word' id='word_1_639' title='bbox 2581 4383 2790 4454; x_wconf 73' lang='grc' dir='ltr'>τεμένη</span> <span class='ocrx_word' id='word_1_640' title='bbox 2820 4383 2849 4437; x_wconf 81' lang='grc' dir='ltr'><strong>ὁ</strong></span> <span class='ocrx_word' id='word_1_641' title='bbox 2898 4382 3042 4446; x_wconf 82' lang='grc' dir='ltr'>θεῖος</span> <span class='ocrx_word' id='word_1_642' title='bbox 3071 4378 3229 4448; x_wconf 73' lang='grc' dir='ltr'>οὗτος</span> <span class='ocrx_word' id='word_1_643' title='bbox 3260 4385 3555 4457; x_wconf 80' lang='grc' dir='ltr'>ἀρχιερεὺς</span> <span class='ocrx_word' id='word_1_644' title='bbox 3582 4382 3757 4452; x_wconf 64' lang='grc' dir='ltr'>ἐξητά-</span> 
     </span>
    </p>
   </div>
   <div class='ocr_carea' id='block_1_90' title="bbox 2198 4473 3756 4549">
    <p class='ocr_par' dir='ltr' id='par_1_90' title="bbox 2198 4473 3756 4549">
     <span class='ocr_line' id='line_1_90' title="bbox 2198 4473 3756 4549; baseline -0.003 -19"><span class='ocrx_word' id='word_1_645' title='bbox 2198 4492 2337 4531; x_wconf 86' lang='grc' dir='ltr'>νισε.</span> <span class='ocrx_word' id='word_1_646' title='bbox 2372 4474 2551 4529; x_wconf 88' lang='grc' dir='ltr'><strong>Πολλά</strong></span> <span class='ocrx_word' id='word_1_647' title='bbox 2583 4475 2642 4531; x_wconf 81' lang='grc' dir='ltr'><strong>δέ</strong></span> <span class='ocrx_word' id='word_1_648' title='bbox 2685 4476 2782 4530; x_wconf 78' lang='grc' dir='ltr'><strong>καὶ</strong></span> <span class='ocrx_word' id='word_1_649' title='bbox 2816 4475 2954 4531; x_wconf 77' lang='grc' dir='ltr'>ἄλλα</span> <span class='ocrx_word' id='word_1_650' title='bbox 2988 4476 3307 4546; x_wconf 79' lang='grc' dir='ltr'><strong>ἁξιάγαστα</strong></span> <span class='ocrx_word' id='word_1_651' title='bbox 3335 4480 3651 4549; x_wconf 84' lang='grc' dir='ltr'>διηγήματα</span> <span class='ocrx_word' id='word_1_652' title='bbox 3676 4473 3756 4528; x_wconf 82' lang='grc' dir='ltr'><strong>τοῦ</strong></span> 
     </span>
    </p>
   </div>
   <div class='ocr_carea' id='block_1_91' title="bbox 2200 4568 3755 4642">
    <p class='ocr_par' dir='ltr' id='par_1_91' title="bbox 2200 4568 3755 4642">
     <span class='ocr_line' id='line_1_91' title="bbox 2200 4568 3755 4642; baseline -0.001 -20"><span class='ocrx_word' id='word_1_653' title='bbox 2200 4568 2393 4639; x_wconf 83' lang='grc' dir='ltr'>ἀνδρὸς</span> <span class='ocrx_word' id='word_1_654' title='bbox 2426 4568 2620 4623; x_wconf 87' lang='grc' dir='ltr'>τούτου</span> <span class='ocrx_word' id='word_1_655' title='bbox 2683 4570 3025 4639; x_wconf 77' lang='grc' dir='ltr'>ἐμφέρεται’</span> <span class='ocrx_word' id='word_1_656' title='bbox 3060 4572 3177 4632; x_wconf 79' lang='grc' dir='ltr'>τοῖς</span> <span class='ocrx_word' id='word_1_657' title='bbox 3224 4586 3285 4624; x_wconf 86' lang='grc' dir='ltr'>τε</span> <span class='ocrx_word' id='word_1_658' title='bbox 3330 4571 3441 4641; x_wconf 81' lang='grc' dir='ltr'>γὰρ</span> <span class='ocrx_word' id='word_1_659' title='bbox 3472 4568 3755 4642; x_wconf 74' lang='grc' dir='ltr'>νικηφόροις</span> 
     </span>
    </p>
   </div>
   <div class='ocr_carea' id='block_1_92' title="bbox 517 4661 2093 4741">
    <p class='ocr_par' dir='ltr' id='par_1_92' title="bbox 517 4668 2091 4741">
     <span class='ocr_line' id='line_1_92' title="bbox 517 4668 2091 4741; baseline -0.002 -17"><span class='ocrx_word' id='word_1_660' title='bbox 517 4673 677 4739; x_wconf 66' lang='lat' dir='ltr'><strong>abiit.</strong></span> <span class='ocrx_word' id='word_1_661' title='bbox 715 4672 871 4729; x_wconf 85' lang='lat' dir='ltr'><strong>Unde</strong></span> <span class='ocrx_word' id='word_1_662' title='bbox 930 4672 1111 4741; x_wconf 78' lang='lat' dir='ltr'><strong>fragor</strong></span> <span class='ocrx_word' id='word_1_663' title='bbox 1166 4672 1440 4726; x_wconf 78' lang='lat' dir='ltr'><strong>maximus</strong></span> <span class='ocrx_word' id='word_1_664' title='bbox 1494 4678 1741 4735; x_wconf 79' lang='lat' dir='ltr'><strong>exortus,</strong></span> <span class='ocrx_word' id='word_1_665' title='bbox 1802 4668 2091 4725; x_wconf 88' lang='lat' dir='ltr'><strong>confestim</strong></span> 
     </span>
    </p>
   </div>
   <div class='ocr_carea' id='block_1_93' title="bbox 2198 4661 3756 4741">
    <p class='ocr_par' dir='ltr' id='par_1_93' title="bbox 2200 4661 3756 4734">
     <span class='ocr_line' id='line_1_93' title="bbox 2200 4661 3756 4734; baseline -0.003 -20"><span class='ocrx_word' id='word_1_666' title='bbox 2200 4661 2490 4716; x_wconf 81' lang='grc' dir='ltr'>ἐπέστελλε</span> <span class='ocrx_word' id='word_1_667' title='bbox 2543 4663 2816 4734; x_wconf 79' lang='grc' dir='ltr'>μάρτυσι·</span> <span class='ocrx_word' id='word_1_668' title='bbox 2856 4664 2949 4717; x_wconf 78' lang='grc' dir='ltr'><strong>καὶ</strong></span> <span class='ocrx_word' id='word_1_669' title='bbox 3002 4663 3363 4733; x_wconf 75' lang='grc' dir='ltr'>ἀντιγράφων</span> <span class='ocrx_word' id='word_1_670' title='bbox 3406 4663 3535 4734; x_wconf 80' lang='grc' dir='ltr'>παρ’</span> <span class='ocrx_word' id='word_1_671' title='bbox 3561 4661 3756 4716; x_wconf 75' lang='grc' dir='ltr'>ἐκείνων</span> 
     </span>
    </p>
   </div>
   <div class='ocr_carea' id='block_1_94' title="bbox 519 4763 2098 4834">
    <p class='ocr_par' dir='ltr' id='par_1_94' title="bbox 519 4763 2098 4834">
     <span class='ocr_line' id='line_1_94' title="bbox 519 4763 2098 4834; baseline -0.001 -15"><span class='ocrx_word' id='word_1_672' title='bbox 519 4781 718 4825; x_wconf 78' lang='lat' dir='ltr'><strong>omnes</strong></span> <span class='ocrx_word' id='word_1_673' title='bbox 744 4780 810 4818; x_wconf 90' lang='lat' dir='ltr'><strong>eo</strong></span> <span class='ocrx_word' id='word_1_674' title='bbox 840 4764 907 4819; x_wconf 83' lang='lat' dir='ltr'><strong>ad</strong></span> <span class='ocrx_word' id='word_1_675' title='bbox 960 4779 1101 4834; x_wconf 87' lang='lat' dir='ltr'><strong>opus</strong></span> <span class='ocrx_word' id='word_1_676' title='bbox 1150 4764 1563 4833; x_wconf 88' lang='lat' dir='ltr'><strong>inspiciendum</strong></span> <span class='ocrx_word' id='word_1_677' title='bbox 1605 4763 1892 4833; x_wconf 76' lang='lat' dir='ltr'><strong>pertraxit.</strong></span> <span class='ocrx_word' id='word_1_678' title='bbox 1939 4764 2098 4818; x_wconf 89' lang='lat' dir='ltr'><strong>Post-</strong></span> 
     </span>
    </p>
   </div>
   <div class='ocr_carea' id='block_1_95' title="bbox 512 4852 2097 4923">
    <p class='ocr_par' dir='ltr' id='par_1_95' title="bbox 512 4852 2097 4923">
     <span class='ocr_line' id='line_1_95' title="bbox 512 4852 2097 4923; baseline 0.001 -16"><span class='ocrx_word' id='word_1_679' title='bbox 512 4869 683 4923; x_wconf 66' lang='lat' dir='ltr'><strong>quam</strong></span> <span class='ocrx_word' id='word_1_680' title='bbox 706 4868 833 4908; x_wconf 84' lang='lat' dir='ltr'><strong>vero</strong></span> <span class='ocrx_word' id='word_1_681' title='bbox 861 4853 1359 4918; x_wconf 67' lang='lat' dir='ltr'><strong>daamonemillum,</strong></span> <span class='ocrx_word' id='word_1_682' title='bbox 1379 4853 1472 4923; x_wconf 90' lang='lat' dir='ltr'><strong>qui</strong></span> <span class='ocrx_word' id='word_1_683' title='bbox 1504 4865 1694 4909; x_wconf 86' lang='lat' dir='ltr'><strong>contra</strong></span> <span class='ocrx_word' id='word_1_684' title='bbox 1718 4855 1870 4910; x_wconf 85' lang='lat' dir='ltr'><strong>nisus</strong></span> <span class='ocrx_word' id='word_1_685' title='bbox 1898 4852 2097 4919; x_wconf 85' lang='lat' dir='ltr'><strong>fuerat,</strong></span> 
     </span>
    </p>
   </div>
   <div class='ocr_carea' id='block_1_96' title="bbox 513 4947 2096 5019">
    <p class='ocr_par' dir='ltr' id='par_1_96' title="bbox 513 4947 2096 5019">
     <span class='ocr_line' id='line_1_96' title="bbox 513 4947 2096 5019; baseline 0.002 -21"><span class='ocrx_word' id='word_1_686' title='bbox 513 4948 764 5019; x_wconf 58' lang='lat' dir='ltr'><strong>fugatum</strong></span> <span class='ocrx_word' id='word_1_687' title='bbox 801 4947 1437 5018; x_wconf 68' lang='lat' dir='ltr'><strong>intellexerunt,linguas</strong></span> <span class='ocrx_word' id='word_1_688' title='bbox 1465 4948 1517 5001; x_wconf 93' lang='lat' dir='ltr'><strong>in</strong></span> <span class='ocrx_word' id='word_1_689' title='bbox 1539 4947 1752 5002; x_wconf 79' lang='lat' dir='ltr'><strong>laudem</strong></span> <span class='ocrx_word' id='word_1_690' title='bbox 1784 4956 1840 5003; x_wconf 88' lang='lat' dir='ltr'><strong>et</strong></span> <span class='ocrx_word' id='word_1_691' title='bbox 1870 4948 2096 5017; x_wconf 79' lang='lat' dir='ltr'><strong>gloriam</strong></span> 
     </span>
    </p>
   </div>
   <div class='ocr_carea' id='block_1_97' title="bbox 521 5040 2099 5107">
    <p class='ocr_par' dir='ltr' id='par_1_97' title="bbox 521 5040 2099 5107">
     <span class='ocr_line' id='line_1_97' title="bbox 521 5040 2099 5107; baseline 0.004 -17"><span class='ocrx_word' id='word_1_692' title='bbox 521 5040 891 5107; x_wconf 66' lang='lat' dir='ltr'><strong>iteicierunt.</strong></span> <span class='ocrx_word' id='word_1_693' title='bbox 941 5040 1049 5103; x_wconf 79' lang='lat' dir='ltr'><strong>Sed</strong></span> <span class='ocrx_word' id='word_1_694' title='bbox 1086 5047 1144 5095; x_wconf 86' lang='lat' dir='ltr'><strong>et</strong></span> <span class='ocrx_word' id='word_1_695' title='bbox 1196 5041 1301 5094; x_wconf 89' lang='lat' dir='ltr'><strong>alia</strong></span> <span class='ocrx_word' id='word_1_696' title='bbox 1362 5041 1634 5095; x_wconf 87' lang='lat' dir='ltr'><strong>idolorum</strong></span> <span class='ocrx_word' id='word_1_697' title='bbox 1695 5040 1819 5094; x_wconf 86' lang='lat' dir='ltr'><strong>fana</strong></span> <span class='ocrx_word' id='word_1_698' title='bbox 1883 5041 2099 5096; x_wconf 87' lang='lat' dir='ltr'><strong>divinus</strong></span> 
     </span>
    </p>
   </div>
   <div class='ocr_carea' id='block_1_98' title="bbox 521 5132 2096 5203">
    <p class='ocr_par' dir='ltr' id='par_1_98' title="bbox 521 5132 2096 5203">
     <span class='ocr_line' id='line_1_98' title="bbox 521 5132 2096 5203; baseline 0.001 -15"><span class='ocrx_word' id='word_1_699' title='bbox 521 5134 1085 5203; x_wconf 68' lang='lat' dir='ltr'><strong>sustulitcpiscopus,</strong></span> <span class='ocrx_word' id='word_1_700' title='bbox 1110 5141 1170 5197; x_wconf 84' lang='lat' dir='ltr'><strong>et</strong></span> <span class='ocrx_word' id='word_1_701' title='bbox 1193 5132 1363 5187; x_wconf 89' lang='lat' dir='ltr'><strong>multa</strong></span> <span class='ocrx_word' id='word_1_702' title='bbox 1397 5133 1502 5187; x_wconf 86' lang='lat' dir='ltr'><strong>alia</strong></span> <span class='ocrx_word' id='word_1_703' title='bbox 1536 5132 1902 5189; x_wconf 86' lang='lat' dir='ltr'><strong>admiratione</strong></span> <span class='ocrx_word' id='word_1_704' title='bbox 1935 5132 2096 5203; x_wconf 78' lang='lat' dir='ltr'><strong>digna</strong></span> 
     </span>
    </p>
   </div>
   <div class='ocr_carea' id='block_1_99' title="bbox 522 5226 2094 5295">
    <p class='ocr_par' dir='ltr' id='par_1_99' title="bbox 522 5226 2094 5295">
     <span class='ocr_line' id='line_1_99' title="bbox 522 5226 2094 5295; baseline 0.002 -15"><span class='ocrx_word' id='word_1_705' title='bbox 522 5230 595 5288; x_wconf 77' lang='lat' dir='ltr'><strong>de</strong></span> <span class='ocrx_word' id='word_1_706' title='bbox 630 5242 697 5280; x_wconf 93' lang='lat' dir='ltr'><strong>eo</strong></span> <span class='ocrx_word' id='word_1_707' title='bbox 724 5227 844 5280; x_wconf 87' lang='lat' dir='ltr'><strong>viro</strong></span> <span class='ocrx_word' id='word_1_708' title='bbox 884 5236 1391 5283; x_wconf 87' lang='lat' dir='ltr'><strong>commemorantur</strong></span> <span class='ocrx_word' id='word_1_709' title='bbox 1419 5233 1584 5295; x_wconf 87' lang='lat' dir='ltr'><strong>atque</strong></span> <span class='ocrx_word' id='word_1_710' title='bbox 1606 5226 2094 5283; x_wconf 85' lang='lat' dir='ltr'><strong>circumferuntur.</strong></span> 
     </span>
    </p>
   </div>
   <div class='ocr_carea' id='block_1_100' title="bbox 521 5316 2095 5388">
    <p class='ocr_par' dir='ltr' id='par_1_100' title="bbox 521 5316 2095 5388">
     <span class='ocr_line' id='line_1_100' title="bbox 521 5316 2095 5388; baseline 0.003 -19"><span class='ocrx_word' id='word_1_711' title='bbox 521 5318 660 5385; x_wconf 63' lang='lat' dir='ltr'><strong>Nam</strong></span> <span class='ocrx_word' id='word_1_712' title='bbox 686 5326 742 5369; x_wconf 90' lang='lat' dir='ltr'><strong>et</strong></span> <span class='ocrx_word' id='word_1_713' title='bbox 777 5316 843 5370; x_wconf 88' lang='lat' dir='ltr'><strong>ad</strong></span> <span class='ocrx_word' id='word_1_714' title='bbox 873 5318 1115 5370; x_wconf 86' lang='lat' dir='ltr'><strong>victores</strong></span> <span class='ocrx_word' id='word_1_715' title='bbox 1144 5328 1416 5388; x_wconf 73' lang='lat' dir='ltr'><strong>martyres</strong></span> <span class='ocrx_word' id='word_1_716' title='bbox 1444 5316 1709 5385; x_wconf 78' lang='lat' dir='ltr'><strong>episwlas</strong></span> <span class='ocrx_word' id='word_1_717' title='bbox 1741 5316 1911 5381; x_wconf 82' lang='lat' dir='ltr'><strong>dedit,</strong></span> <span class='ocrx_word' id='word_1_718' title='bbox 1939 5328 1994 5372; x_wconf 92' lang='lat' dir='ltr'><strong>et</strong></span> <span class='ocrx_word' id='word_1_719' title='bbox 2024 5318 2095 5373; x_wconf 87' lang='lat' dir='ltr'><strong>ab</strong></span> 
     </span>
    </p>
   </div>
   <div class='ocr_carea' id='block_1_101' title="bbox 522 5406 2100 5477">
    <p class='ocr_par' dir='ltr' id='par_1_101' title="bbox 522 5406 2100 5477">
     <span class='ocr_line' id='line_1_101' title="bbox 522 5406 2100 5477; baseline -0.001 -16"><span class='ocrx_word' id='word_1_720' title='bbox 522 5410 608 5475; x_wconf 66' lang='lat' dir='ltr'><strong>eis</strong></span> <span class='ocrx_word' id='word_1_721' title='bbox 648 5407 886 5471; x_wconf 65' lang='lat' dir='ltr'><strong>litteras,</strong></span> <span class='ocrx_word' id='word_1_722' title='bbox 941 5407 1145 5476; x_wconf 83' lang='lat' dir='ltr'><strong>quibus</strong></span> <span class='ocrx_word' id='word_1_723' title='bbox 1176 5406 1228 5462; x_wconf 91' lang='lat' dir='ltr'><strong>ei</strong></span> <span class='ocrx_word' id='word_1_724' title='bbox 1261 5406 1689 5477; x_wconf 82' lang='lat' dir='ltr'><strong>responderunt,</strong></span> <span class='ocrx_word' id='word_1_725' title='bbox 1727 5409 1962 5477; x_wconf 85' lang='lat' dir='ltr'><strong>accepit.</strong></span> <span class='ocrx_word' id='word_1_726' title='bbox 1998 5407 2100 5462; x_wconf 86' lang='lat' dir='ltr'><strong>Po-</strong></span> 
     </span>
    </p>
   </div>
   <div class='ocr_carea' id='block_1_102' title="bbox 519 5498 2096 5570">
    <p class='ocr_par' dir='ltr' id='par_1_102' title="bbox 519 5498 2096 5570">
     <span class='ocr_line' id='line_1_102' title="bbox 519 5498 2096 5570; baseline 0.002 -19"><span class='ocrx_word' id='word_1_727' title='bbox 519 5512 729 5557; x_wconf 82' lang='lat' dir='ltr'><strong>stremo</strong></span> <span class='ocrx_word' id='word_1_728' title='bbox 759 5514 888 5554; x_wconf 86' lang='lat' dir='ltr'><strong>vero</strong></span> <span class='ocrx_word' id='word_1_729' title='bbox 920 5508 978 5554; x_wconf 88' lang='lat' dir='ltr'><strong>et</strong></span> <span class='ocrx_word' id='word_1_730' title='bbox 1016 5499 1130 5568; x_wconf 87' lang='lat' dir='ltr'><strong>ipse</strong></span> <span class='ocrx_word' id='word_1_731' title='bbox 1187 5498 1430 5570; x_wconf 77' lang='lat' dir='ltr'><strong>martyrii</strong></span> <span class='ocrx_word' id='word_1_732' title='bbox 1473 5514 1733 5553; x_wconf 90' lang='lat' dir='ltr'><strong>coronam</strong></span> <span class='ocrx_word' id='word_1_733' title='bbox 1775 5498 2096 5569; x_wconf 84' lang='lat' dir='ltr'><strong>reportavit.</strong></span> 
     </span>
    </p>
   </div>
   <div class='ocr_carea' id='block_1_103' title="bbox 518 5590 2096 5661">
    <p class='ocr_par' dir='ltr' id='par_1_103' title="bbox 518 5590 2096 5661">
     <span class='ocr_line' id='line_1_103' title="bbox 518 5590 2096 5661; baseline 0.001 -19"><span class='ocrx_word' id='word_1_734' title='bbox 518 5591 578 5656; x_wconf 75' lang='grc' dir='ltr'><strong>ιιι</strong></span> <span class='ocrx_word' id='word_1_735' title='bbox 619 5590 796 5660; x_wconf 87' lang='lat' dir='ltr'><strong>ipsum</strong></span> <span class='ocrx_word' id='word_1_736' title='bbox 824 5604 955 5646; x_wconf 88' lang='lat' dir='ltr'><strong>vero</strong></span> <span class='ocrx_word' id='word_1_737' title='bbox 985 5591 1372 5661; x_wconf 79' lang='lat' dir='ltr'><strong>exponendum</strong></span> <span class='ocrx_word' id='word_1_738' title='bbox 1395 5600 1498 5645; x_wconf 87' lang='lat' dir='ltr'><strong>est.</strong></span> <span class='ocrx_word' id='word_1_739' title='bbox 1526 5590 1585 5645; x_wconf 91' lang='lat' dir='ltr'><strong>In</strong></span> <span class='ocrx_word' id='word_1_740' title='bbox 1620 5592 1868 5648; x_wconf 78' lang='lat' dir='ltr'><strong>convalle</strong></span> <span class='ocrx_word' id='word_1_741' title='bbox 1890 5592 2096 5652; x_wconf 87' lang='lat' dir='ltr'><strong>ibidem</strong></span> 
     </span>
    </p>
   </div>
   <div class='ocr_carea' id='block_1_104' title="bbox 520 5675 2097 5754">
    <p class='ocr_par' dir='ltr' id='par_1_104' title="bbox 520 5675 2097 5754">
     <span class='ocr_line' id='line_1_104' title="bbox 520 5675 2097 5754; baseline -0.001 -15"><span class='ocrx_word' id='word_1_742' title='bbox 520 5682 852 5752; x_wconf 64' lang='lat' dir='ltr'><strong>Aulocrenis</strong></span> <span class='ocrx_word' id='word_1_743' title='bbox 882 5684 958 5753; x_wconf 83' lang='lat' dir='ltr'><strong>(l)</strong></span> <span class='ocrx_word' id='word_1_744' title='bbox 988 5675 1163 5753; x_wconf 82' lang='lat' dir='ltr'><strong>(locus</strong></span> <span class='ocrx_word' id='word_1_745' title='bbox 1191 5682 1238 5737; x_wconf 89' lang='lat' dir='ltr'><strong>is</strong></span> <span class='ocrx_word' id='word_1_746' title='bbox 1281 5682 1336 5736; x_wconf 92' lang='lat' dir='ltr'><strong>in</strong></span> <span class='ocrx_word' id='word_1_747' title='bbox 1362 5684 1774 5752; x_wconf 84' lang='lat' dir='ltr'><strong>Apamenorum</strong></span> <span class='ocrx_word' id='word_1_748' title='bbox 1827 5699 1959 5754; x_wconf 81' lang='lat' dir='ltr'><strong>agro</strong></span> <span class='ocrx_word' id='word_1_749' title='bbox 2010 5692 2097 5738; x_wconf 85' lang='lat' dir='ltr'><strong>est</strong></span> 
     </span>
    </p>
   </div>
   <div class='ocr_carea' id='block_1_105' title="bbox 598 5822 2097 5893">
    <p class='ocr_par' dir='ltr' id='par_1_105' title="bbox 598 5822 2097 5893">
     <span class='ocr_line' id='line_1_105' title="bbox 598 5822 2097 5893; baseline -0.003 -16"><span class='ocrx_word' id='word_1_750' title='bbox 598 5822 675 5893; x_wconf 83' lang='lat' dir='ltr'><strong>(l)</strong></span> <span class='ocrx_word' id='word_1_751' title='bbox 700 5823 807 5878; x_wconf 81' lang='lat' dir='ltr'><strong>Pro</strong></span> <span class='ocrx_word' id='word_1_752' title='bbox 839 5822 1161 5893; x_wconf 82' lang='lat' dir='ltr'><strong>Aulocrenis</strong></span> <span class='ocrx_word' id='word_1_753' title='bbox 1194 5823 1539 5893; x_wconf 81' lang='lat' dir='ltr'><strong>Nicephorus</strong></span> <span class='ocrx_word' id='word_1_754' title='bbox 1568 5830 1624 5879; x_wconf 89' lang='lat' dir='ltr'><strong>et</strong></span> <span class='ocrx_word' id='word_1_755' title='bbox 1660 5822 1955 5878; x_wconf 88' lang='lat' dir='ltr'><strong>Sozomen.</strong></span> <span class='ocrx_word' id='word_1_756' title='bbox 1997 5822 2097 5893; x_wconf 51' lang='lat' dir='ltr'><strong>hag</strong></span> 
     </span>
    </p>
   </div>
   <div class='ocr_carea' id='block_1_106' title="bbox 522 5891 2095 5963">
    <p class='ocr_par' dir='ltr' id='par_1_106' title="bbox 522 5891 2095 5963">
     <span class='ocr_line' id='line_1_106' title="bbox 522 5891 2095 5963; baseline -0.002 -15"><span class='ocrx_word' id='word_1_757' title='bbox 522 5891 658 5959; x_wconf 71' lang='lat' dir='ltr'><strong>bent</strong></span> <span class='ocrx_word' id='word_1_758' title='bbox 704 5893 983 5948; x_wconf 73' lang='lat' dir='ltr'><strong>Anionem.</strong></span> <span class='ocrx_word' id='word_1_759' title='bbox 1030 5892 1169 5948; x_wconf 83' lang='lat' dir='ltr'><strong>Plin.</strong></span> <span class='ocrx_word' id='word_1_760' title='bbox 1221 5891 1407 5957; x_wconf 41' lang='lat' dir='ltr'><strong>libﬁv,</strong></span> <span class='ocrx_word' id='word_1_761' title='bbox 1460 5910 1581 5961; x_wconf 88' lang='lat' dir='ltr'><strong>cap.</strong></span> <span class='ocrx_word' id='word_1_762' title='bbox 1611 5894 1720 5948; x_wconf 74' lang='lat'><strong>29:</strong></span> <span class='ocrx_word' id='word_1_763' title='bbox 1753 5894 1991 5963; x_wconf 80' lang='lat' dir='ltr'><strong>Marsyas</strong></span> <span class='ocrx_word' id='word_1_764' title='bbox 2020 5891 2095 5945; x_wconf 90' lang='lat' dir='ltr'><strong>ibi</strong></span> 
     </span>
    </p>
   </div>
   <div class='ocr_carea' id='block_1_107' title="bbox 520 5964 2097 6033">
    <p class='ocr_par' dir='ltr' id='par_1_107' title="bbox 520 5964 2097 6033">
     <span class='ocr_line' id='line_1_107' title="bbox 520 5964 2097 6033; baseline -0.004 -14"><span class='ocrx_word' id='word_1_765' title='bbox 520 5965 767 6029; x_wconf 76' lang='lat' dir='ltr'><strong>creditur</strong></span> <span class='ocrx_word' id='word_1_766' title='bbox 799 5974 974 6033; x_wconf 83' lang='lat' dir='ltr'><strong>ortus,</strong></span> <span class='ocrx_word' id='word_1_767' title='bbox 1004 5979 1066 6027; x_wconf 87' lang='lat' dir='ltr'><strong>ac</strong></span> <span class='ocrx_word' id='word_1_768' title='bbox 1098 5966 1259 6033; x_wconf 85' lang='lat' dir='ltr'><strong>paulo</strong></span> <span class='ocrx_word' id='word_1_769' title='bbox 1285 5973 1404 6031; x_wconf 78' lang='lat' dir='ltr'><strong>post</strong></span> <span class='ocrx_word' id='word_1_770' title='bbox 1440 5964 1715 6029; x_wconf 62' lang='lat' dir='ltr'><strong>cotnlitus,</strong></span> <span class='ocrx_word' id='word_1_771' title='bbox 1743 5968 1833 6015; x_wconf 82' lang='lat' dir='ltr'><strong>ubi</strong></span> <span class='ocrx_word' id='word_1_772' title='bbox 1866 5965 2097 6029; x_wconf 72' lang='lat' dir='ltr'><strong>certavit</strong></span> 
     </span>
    </p>
   </div>
   <div class='ocr_carea' id='block_1_108' title="bbox 2200 4751 3755 4825">
    <p class='ocr_par' dir='ltr' id='par_1_108' title="bbox 2200 4751 3755 4825">
     <span class='ocr_line' id='line_1_108' title="bbox 2200 4751 3755 4825; baseline 0 -21"><span class='ocrx_word' id='word_1_773' title='bbox 2200 4752 2432 4822; x_wconf 63' lang='grc' dir='ltr'>ἠξίωται</span> <span class='ocrx_word' id='word_1_774' title='bbox 2454 4770 2467 4786; x_wconf 89' lang='grc'><strong>·</strong></span> <span class='ocrx_word' id='word_1_775' title='bbox 2495 4753 2649 4817; x_wconf 81' lang='grc' dir='ltr'>τέλος</span> <span class='ocrx_word' id='word_1_776' title='bbox 2680 4754 2738 4808; x_wconf 80' lang='grc' dir='ltr'>δὲ</span> <span class='ocrx_word' id='word_1_777' title='bbox 2764 4756 2862 4808; x_wconf 82' lang='grc' dir='ltr'>καὶ</span> <span class='ocrx_word' id='word_1_778' title='bbox 2891 4753 3052 4818; x_wconf 77' lang='grc' dir='ltr'>αὐτὸς</span> <span class='ocrx_word' id='word_1_779' title='bbox 3088 4753 3178 4807; x_wconf 82' lang='grc' dir='ltr'>τὸν</span> <span class='ocrx_word' id='word_1_780' title='bbox 3213 4754 3552 4825; x_wconf 73' lang='grc' dir='ltr'>μαρτυρικὺν</span> <span class='ocrx_word' id='word_1_781' title='bbox 3585 4751 3755 4820; x_wconf 69' lang='grc' dir='ltr'><strong>στέτί).⁸</strong></span> 
     </span>
    </p>
   </div>
   <div class='ocr_carea' id='block_1_109' title="bbox 2201 4842 3755 4918">
    <p class='ocr_par' dir='ltr' id='par_1_109' title="bbox 2201 4842 3755 4918">
     <span class='ocr_line' id='line_1_109' title="bbox 2201 4842 3755 4918; baseline -0.003 -18"><span class='ocrx_word' id='word_1_782' title='bbox 2201 4862 2290 4900; x_wconf 90' lang='grc' dir='ltr'><strong>νον</strong></span> <span class='ocrx_word' id='word_1_783' title='bbox 2317 4847 2641 4917; x_wconf 81' lang='grc' dir='ltr'>ἀνεδήσατο.</span> <span class='ocrx_word' id='word_1_784' title='bbox 2672 4846 2749 4899; x_wconf 80' lang='grc' dir='ltr'><strong>Τὸ</strong></span> <span class='ocrx_word' id='word_1_785' title='bbox 2777 4846 2822 4899; x_wconf 73' lang='grc' dir='ltr'>δ’</span> <span class='ocrx_word' id='word_1_786' title='bbox 2853 4848 3026 4912; x_wconf 84' lang='grc' dir='ltr'>ὅπως,</span> <span class='ocrx_word' id='word_1_787' title='bbox 3057 4846 3168 4916; x_wconf 79' lang='grc' dir='ltr'><strong>ἐγὼ</strong></span> <span class='ocrx_word' id='word_1_788' title='bbox 3206 4845 3558 4918; x_wconf 78' lang='grc' dir='ltr'>διηγήσομαι.</span> <span class='ocrx_word' id='word_1_789' title='bbox 3587 4846 3671 4898; x_wconf 81' lang='grc' dir='ltr'>Ἐν</span> <span class='ocrx_word' id='word_1_790' title='bbox 3695 4842 3755 4911; x_wconf 79' lang='grc' dir='ltr'><strong>τῷ</strong></span> 
     </span>
    </p>
   </div>
   <div class='ocr_carea' id='block_1_110' title="bbox 2200 4936 3754 5011">
    <p class='ocr_par' dir='ltr' id='par_1_110' title="bbox 2200 4936 3754 5011">
     <span class='ocr_line' id='line_1_110' title="bbox 2200 4936 3754 5011; baseline -0.004 -19"><span class='ocrx_word' id='word_1_791' title='bbox 2200 4940 2375 4994; x_wconf 78' lang='grc' dir='ltr'>ἐκεῖσε</span> <span class='ocrx_word' id='word_1_792' title='bbox 2430 4939 2657 5006; x_wconf 80' lang='grc' dir='ltr'>αύλῶνι,</span> <span class='ocrx_word' id='word_1_793' title='bbox 2698 4940 2727 4993; x_wconf 82' lang='grc' dir='ltr'><strong>ὃ</strong></span> <span class='ocrx_word' id='word_1_794' title='bbox 2780 4939 2954 5009; x_wconf 81' lang='grc' dir='ltr'>κλίμα</span> <span class='ocrx_word' id='word_1_795' title='bbox 3022 4941 3298 5011; x_wconf 79' lang='grc' dir='ltr'>ἐπίσημον</span> <span class='ocrx_word' id='word_1_796' title='bbox 3350 4939 3451 5009; x_wconf 78' lang='grc' dir='ltr'>τῆς</span> <span class='ocrx_word' id='word_1_797' title='bbox 3491 4936 3754 5008; x_wconf 80' lang='grc' dir='ltr'>’Δπαμέων</span> 
     </span>
    </p>
   </div>
   <div class='ocr_carea' id='block_1_111' title="bbox 2200 5033 3755 5103">
    <p class='ocr_par' dir='ltr' id='par_1_111' title="bbox 2200 5033 3755 5103">
     <span class='ocr_line' id='line_1_111' title="bbox 2200 5033 3755 5103; baseline -0.005 -17"><span class='ocrx_word' id='word_1_798' title='bbox 2200 5033 2385 5103; x_wconf 78' lang='grc' dir='ltr'>χώρας</span> <span class='ocrx_word' id='word_1_799' title='bbox 2420 5033 2562 5097; x_wconf 78' lang='grc' dir='ltr'>ἐστὶ,</span> <span class='ocrx_word' id='word_1_800' title='bbox 2599 5033 2942 5103; x_wconf 83' lang='grc' dir='ltr'>στρατιώτας</span> <span class='ocrx_word' id='word_1_801' title='bbox 2987 5036 3139 5098; x_wconf 70' lang='grc' dir='ltr'>τινας</span> <span class='ocrx_word' id='word_1_802' title='bbox 3171 5035 3266 5087; x_wconf 80' lang='grc' dir='ltr'><strong>καὶ</strong></span> <span class='ocrx_word' id='word_1_803' title='bbox 3301 5034 3640 5102; x_wconf 81' lang='grc' dir='ltr'>μονομάχους</span> <span class='ocrx_word' id='word_1_804' title='bbox 3667 5044 3755 5081; x_wconf 68' lang='grc' dir='ltr'><strong>παι</strong></span> 
     </span>
    </p>
   </div>
   <div class='ocr_carea' id='block_1_112' title="bbox 2200 5123 3755 5198">
    <p class='ocr_par' dir='ltr' id='par_1_112' title="bbox 2200 5123 3755 5198">
     <span class='ocr_line' id='line_1_112' title="bbox 2200 5123 3755 5198; baseline -0.005 -17"><span class='ocrx_word' id='word_1_805' title='bbox 2200 5126 2477 5195; x_wconf 79' lang='grc' dir='ltr'>ραλαδὼν,</span> <span class='ocrx_word' id='word_1_806' title='bbox 2510 5127 2631 5181; x_wconf 81' lang='grc' dir='ltr'>κατ’</span> <span class='ocrx_word' id='word_1_807' title='bbox 2668 5127 2880 5181; x_wconf 81' lang='grc' dir='ltr'>ἐκείνου</span> <span class='ocrx_word' id='word_1_808' title='bbox 2912 5126 3131 5198; x_wconf 76' lang='grc' dir='ltr'>ἐχώρει.</span> <span class='ocrx_word' id='word_1_809' title='bbox 3169 5129 3447 5197; x_wconf 82' lang='grc' dir='ltr'>’Δγχιστα</span> <span class='ocrx_word' id='word_1_810' title='bbox 3476 5128 3531 5182; x_wconf 80' lang='grc' dir='ltr'>δὲ</span> <span class='ocrx_word' id='word_1_811' title='bbox 3550 5123 3755 5191; x_wconf 79' lang='grc' dir='ltr'>γενόμεο</span> 
     </span>
    </p>
   </div>
   <div class='ocr_carea' id='block_1_113' title="bbox 2200 5218 3751 5294">
    <p class='ocr_par' dir='ltr' id='par_1_113' title="bbox 2200 5218 3751 5294">
     <span class='ocr_line' id='line_1_113' title="bbox 2200 5218 3751 5294; baseline -0.005 -20"><span class='ocrx_word' id='word_1_812' title='bbox 2200 5237 2310 5284; x_wconf 85' lang='grc' dir='ltr'><strong>νος⁹</strong></span> <span class='ocrx_word' id='word_1_813' title='bbox 2369 5218 2550 5292; x_wconf 75' lang='grc' dir='ltr'><strong>μάχης</strong></span> <span class='ocrx_word' id='word_1_814' title='bbox 2592 5223 3074 5294; x_wconf 55' lang='grc' dir='ltr'>συρρηγνυμένης,</span> <span class='ocrx_word' id='word_1_815' title='bbox 3122 5222 3229 5287; x_wconf 74' lang='grc' dir='ltr'><strong>ἔξω</strong></span> <span class='ocrx_word' id='word_1_816' title='bbox 3277 5221 3452 5293; x_wconf 83' lang='grc' dir='ltr'>βελῶν</span> <span class='ocrx_word' id='word_1_817' title='bbox 3499 5218 3751 5289; x_wconf 75' lang='grc' dir='ltr'>εἱστήκειο</span> 
     </span>
    </p>
   </div>
   <div class='ocr_carea' id='block_1_114' title="bbox 2199 5304 3751 5385">
    <p class='ocr_par' dir='ltr' id='par_1_114' title="bbox 2199 5304 3751 5385">
     <span class='ocr_line' id='line_1_114' title="bbox 2199 5304 3751 5385; baseline -0.008 -17"><span class='ocrx_word' id='word_1_818' title='bbox 2199 5313 2328 5374; x_wconf 75' lang='grc' dir='ltr'>τοὺς</span> <span class='ocrx_word' id='word_1_819' title='bbox 2360 5314 2468 5381; x_wconf 79' lang='grc' dir='ltr'>γὰρ</span> <span class='ocrx_word' id='word_1_820' title='bbox 2509 5311 2676 5376; x_wconf 78' lang='grc' dir='ltr'>πόδας</span> <span class='ocrx_word' id='word_1_821' title='bbox 2708 5312 2893 5381; x_wconf 75' lang='grc' dir='ltr'>ἀλγῶν</span> <span class='ocrx_word' id='word_1_822' title='bbox 2942 5307 3043 5385; x_wconf 72' lang='grc' dir='ltr'><strong>ἦν·</strong></span> <span class='ocrx_word' id='word_1_823' title='bbox 3096 5314 3189 5367; x_wconf 75' lang='grc' dir='ltr'><strong>καὶ</strong></span> <span class='ocrx_word' id='word_1_824' title='bbox 3221 5313 3346 5367; x_wconf 69' lang='grc' dir='ltr'>οὔτε</span> <span class='ocrx_word' id='word_1_825' title='bbox 3390 5313 3616 5374; x_wconf 84' lang='grc' dir='ltr'>διώκειν,</span> <span class='ocrx_word' id='word_1_826' title='bbox 3645 5304 3751 5360; x_wconf 80' lang='grc' dir='ltr'>οὔτε</span> 
     </span>
    </p>
   </div>
   <div class='ocr_carea' id='block_1_115' title="bbox 2203 5391 3753 5477">
    <p class='ocr_par' dir='ltr' id='par_1_115' title="bbox 2203 5391 3753 5477">
     <span class='ocr_line' id='line_1_115' title="bbox 2203 5391 3753 5477; baseline -0.01 -14"><span class='ocrx_word' id='word_1_827' title='bbox 2203 5403 2311 5476; x_wconf 81' lang='grc' dir='ltr'><strong>μὴν</strong></span> <span class='ocrx_word' id='word_1_828' title='bbox 2341 5391 2569 5474; x_wconf 77' lang='grc' dir='ltr'>φεύγειν</span> <span class='ocrx_word' id='word_1_829' title='bbox 2614 5406 2816 5468; x_wconf 85' lang='grc' dir='ltr'>ίκανῶς</span> <span class='ocrx_word' id='word_1_830' title='bbox 2872 5402 3005 5475; x_wconf 69' lang='grc' dir='ltr'>εἶχε.</span> <span class='ocrx_word' id='word_1_831' title='bbox 3042 5405 3166 5461; x_wconf 84' lang='grc' dir='ltr'><strong>Τῶν</strong></span> <span class='ocrx_word' id='word_1_832' title='bbox 3214 5405 3273 5458; x_wconf 78' lang='grc' dir='ltr'><strong>δέ</strong></span> <span class='ocrx_word' id='word_1_833' title='bbox 3307 5402 3641 5477; x_wconf 82' lang='grc' dir='ltr'>στρατιωτῶν</span> <span class='ocrx_word' id='word_1_834' title='bbox 3672 5397 3753 5452; x_wconf 63' lang='grc' dir='ltr'><strong>καὶ</strong></span> 
     </span>
    </p>
   </div>
   <div class='ocr_carea' id='block_1_116' title="bbox 2203 5496 3752 5568">
    <p class='ocr_par' dir='ltr' id='par_1_116' title="bbox 2203 5496 3752 5568">
     <span class='ocr_line' id='line_1_116' title="bbox 2203 5496 3752 5568; baseline -0.003 -18"><span class='ocrx_word' id='word_1_835' title='bbox 2203 5497 2527 5568; x_wconf 83' lang='grc' dir='ltr'>μονομάχων</span> <span class='ocrx_word' id='word_1_836' title='bbox 2546 5497 2637 5566; x_wconf 79' lang='grc' dir='ltr'><strong>ὑφ’</strong></span> <span class='ocrx_word' id='word_1_837' title='bbox 2656 5498 2883 5561; x_wconf 71' lang='grc' dir='ltr'>ἑαυτοὺς</span> <span class='ocrx_word' id='word_1_838' title='bbox 2905 5497 2995 5551; x_wconf 81' lang='grc' dir='ltr'><strong>τὸν</strong></span> <span class='ocrx_word' id='word_1_839' title='bbox 3018 5496 3153 5551; x_wconf 86' lang='grc' dir='ltr'>νεὼν</span> <span class='ocrx_word' id='word_1_840' title='bbox 3178 5496 3369 5552; x_wconf 81' lang='grc' dir='ltr'><strong>Θέσθαι</strong></span> <span class='ocrx_word' id='word_1_841' title='bbox 3386 5497 3576 5567; x_wconf 78' lang='grc' dir='ltr'>πολλὴν</span> <span class='ocrx_word' id='word_1_842' title='bbox 3592 5506 3752 5544; x_wconf 80' lang='grc' dir='ltr'><strong>ποιου-</strong></span> 
     </span>
    </p>
   </div>
   <div class='ocr_carea' id='block_1_117' title="bbox 2203 5576 3750 5661">
    <p class='ocr_par' dir='ltr' id='par_1_117' title="bbox 2203 5576 3750 5661">
     <span class='ocr_line' id='line_1_117' title="bbox 2203 5576 3750 5661; baseline -0.007 -17"><span class='ocrx_word' id='word_1_843' title='bbox 2203 5591 2381 5660; x_wconf 80' lang='grc' dir='ltr'>μένων</span> <span class='ocrx_word' id='word_1_844' title='bbox 2419 5590 2681 5661; x_wconf 83' lang='grc' dir='ltr'>σπουδὴν,</span> <span class='ocrx_word' id='word_1_845' title='bbox 2718 5590 2829 5642; x_wconf 84' lang='grc' dir='ltr'>τῶν</span> <span class='ocrx_word' id='word_1_846' title='bbox 2875 5590 3239 5661; x_wconf 78' lang='grc' dir='ltr'>Ἑλληνιστῶν</span> <span class='ocrx_word' id='word_1_847' title='bbox 3273 5607 3419 5654; x_wconf 82' lang='grc' dir='ltr'>τινες</span> <span class='ocrx_word' id='word_1_848' title='bbox 3449 5592 3598 5659; x_wconf 79' lang='grc' dir='ltr'>μόνον</span> <span class='ocrx_word' id='word_1_849' title='bbox 3625 5576 3750 5636; x_wconf 75' lang='grc' dir='ltr'>εἶναι</span> 
     </span>
    </p>
   </div>
   <div class='ocr_carea' id='block_1_118' title="bbox 2200 5673 3751 5755">
    <p class='ocr_par' dir='ltr' id='par_1_118' title="bbox 2200 5673 3751 5755">
     <span class='ocr_line' id='line_1_118' title="bbox 2200 5673 3751 5755; baseline -0.001 -20"><span class='ocrx_word' id='word_1_850' title='bbox 2200 5682 2522 5750; x_wconf 74' lang='grc' dir='ltr'>διεγνωκόςε</span> <span class='ocrx_word' id='word_1_851' title='bbox 2534 5701 2578 5748; x_wconf 75' lang='grc' dir='ltr'><strong>ς,</strong></span> <span class='ocrx_word' id='word_1_852' title='bbox 2604 5682 2728 5735; x_wconf 72' lang='grc' dir='ltr'><strong>καθ’</strong></span> <span class='ocrx_word' id='word_1_853' title='bbox 2750 5682 2779 5736; x_wconf 82' lang='grc' dir='ltr'><strong>ὃ</strong></span> <span class='ocrx_word' id='word_1_854' title='bbox 2828 5685 2990 5753; x_wconf 79' lang='grc' dir='ltr'>μέρος</span> <span class='ocrx_word' id='word_1_855' title='bbox 3015 5684 3302 5754; x_wconf 82' lang='grc' dir='ltr'>ἀπόμαχον</span> <span class='ocrx_word' id='word_1_856' title='bbox 3336 5678 3427 5755; x_wconf 75' lang='grc' dir='ltr'>ἦν,</span> <span class='ocrx_word' id='word_1_857' title='bbox 3456 5673 3751 5747; x_wconf 69' lang='grc' dir='ltr'>ἐξαπιναίως</span> 
     </span>
    </p>
   </div>
   <div class='ocr_carea' id='block_1_119' title="bbox 2203 5810 3747 5886">
    <p class='ocr_par' dir='ltr' id='par_1_119' title="bbox 2203 5810 3747 5886">
     <span class='ocr_line' id='line_1_119' title="bbox 2203 5810 3747 5886; baseline -0.005 -14"><span class='ocrx_word' id='word_1_858' title='bbox 2203 5818 2457 5872; x_wconf 85' lang='lat' dir='ltr'><strong>tibiarum</strong></span> <span class='ocrx_word' id='word_1_859' title='bbox 2495 5827 2661 5872; x_wconf 91' lang='lat' dir='ltr'><strong>cantu</strong></span> <span class='ocrx_word' id='word_1_860' title='bbox 2700 5834 2825 5873; x_wconf 88' lang='lat' dir='ltr'><strong>eum</strong></span> <span class='ocrx_word' id='word_1_861' title='bbox 2871 5817 3120 5886; x_wconf 80' lang='lat' dir='ltr'><strong>Apolline</strong></span> <span class='ocrx_word' id='word_1_862' title='bbox 3168 5810 3625 5886; x_wconf 58' lang='lat' dir='ltr'><strong>Aulocrenisita</strong></span> <span class='ocrx_word' id='word_1_863' title='bbox 3669 5819 3747 5861; x_wconf 80' lang='lat' dir='ltr'><strong>vo-</strong></span> 
     </span>
    </p>
   </div>
   <div class='ocr_carea' id='block_1_120' title="bbox 2202 5884 3745 5957">
    <p class='ocr_par' dir='ltr' id='par_1_120' title="bbox 2202 5884 3745 5957">
     <span class='ocr_line' id='line_1_120' title="bbox 2202 5884 3745 5957; baseline -0.004 -13"><span class='ocrx_word' id='word_1_864' title='bbox 2202 5899 2360 5944; x_wconf 84' lang='lat' dir='ltr'><strong>catur</strong></span> <span class='ocrx_word' id='word_1_865' title='bbox 2391 5889 2655 5943; x_wconf 83' lang='lat' dir='ltr'><strong>convallis</strong></span> <span class='ocrx_word' id='word_1_866' title='bbox 2683 5890 2875 5944; x_wconf 87' lang='lat' dir='ltr'><strong>decem</strong></span> <span class='ocrx_word' id='word_1_867' title='bbox 2910 5884 3076 5943; x_wconf 82' lang='lat' dir='ltr'><strong>millia</strong></span> <span class='ocrx_word' id='word_1_868' title='bbox 3112 5903 3372 5957; x_wconf 75' lang='lat' dir='ltr'><strong>passuum</strong></span> <span class='ocrx_word' id='word_1_869' title='bbox 3419 5887 3485 5942; x_wconf 88' lang='lat' dir='ltr'><strong>ab</strong></span> <span class='ocrx_word' id='word_1_870' title='bbox 3515 5884 3745 5957; x_wconf 58' lang='grc' dir='ltr'><strong>Αρειιξξθξο</strong></span> 
     </span>
    </p>
   </div>
   <div class='ocr_carea' id='block_1_121' title="bbox 2202 5948 3745 6026">
    <p class='ocr_par' dir='ltr' id='par_1_121' title="bbox 2202 5948 3745 6026">
     <span class='ocr_line' id='line_1_121' title="bbox 2202 5948 3745 6026; baseline -0.007 -13"><span class='ocrx_word' id='word_1_871' title='bbox 2202 5960 2344 6013; x_wconf 77' lang='lat' dir='ltr'><strong>idem</strong></span> <span class='ocrx_word' id='word_1_872' title='bbox 2382 5961 2477 6013; x_wconf 90' lang='lat' dir='ltr'><strong>lih.</strong></span> <span class='ocrx_word' id='word_1_873' title='bbox 2520 5975 2629 6021; x_wconf 73' lang='lat' dir='ltr'><strong>xvi.</strong></span> <span class='ocrx_word' id='word_1_874' title='bbox 2657 5976 2776 6026; x_wconf 86' lang='lat' dir='ltr'><strong>cap.</strong></span> <span class='ocrx_word' id='word_1_875' title='bbox 2812 5962 2915 6015; x_wconf 63' lang='lat' dir='ltr'><strong>ii:</strong></span> <span class='ocrx_word' id='word_1_876' title='bbox 2953 5948 3597 6023; x_wconf 46' lang='lat' dir='ltr'><strong>litigio-uomitulocrcnen</strong></span> <span class='ocrx_word' id='word_1_877' title='bbox 3622 5948 3745 6007; x_wconf 77' lang='lat' dir='ltr'><strong>dixi-</strong></span> 
     </span>
    </p>
   </div>
  </div>
