3800 6556
100 300 182 363 537
959 275 1556 336 ECCLESIASI‘ICzE
1589 273 1975 337 IIISTURLE
2017 273 2160 334 LIB.
2208 270 2338 330 XII.

3193 269 3295 328 838

98 418 187 469 τῶν
215 401 696 474 ἐξομολογουμένων
740 398 840 458 τάς
867 393 1168 465 ἁμαρτίας,
1205 395 1301 448 καὶ
1331 393 1435 447 ὑπὸ
1463 393 1607 463 ἀκρι·

1728 399 1782 444 et
1813 390 1880 446 de
1913 388 2281 444 immaculatis
2320 383 2594 456 mysteriis
2631 384 2978 452 participare.
3025 381 3115 436 S'c
3146 385 3294 436 enim

100 505 224 562 όείας
241 495 342 549 τῶν
370 494 454 545 ἐπὶ
483 488 652 557 τούτῳ
675 487 1179 554 κατατεταγμένων
1216 485 1421 556 κριτῶν
1441 499 1456 514 ·
1511 483 1616 536 κάν

100 595 178 649 νῦν
217 591 283 651 ὡς
327 587 474 652 ἔτυχε
527 581 622 635 καὶ
672 579 807 632 ὅπου
835 578 1037 650 δήποτε
1088 577 1319 640 ἕκαστος
1349 575 1612 646 βούλοιτο,

99 684 228 739 τοῦτο
259 678 504 748 πράττειν
535 671 828 738 ἐπικρατῇ.
852 669 1132 740 Πρόφασις
1163 669 1208 721 δ’
1227 666 1478 722 ἐντεῦθεν
1505 668 1619 735 ἐγί-

101 775 214 831 νετο.
242 771 306 837 μὴ
333 763 569 830 ἐλέγχειν
606 757 844 828 ἀλλήλων
867 759 937 810 τά
967 758 1372 827 ἁμαρτήματα,
1399 756 1534 826 μηδὲ
1558 755 1617 808 τδ

102 867 176 918 τοῦ
199 856 493 913 Ἀποστόλου
523 852 808 920 φυλάττειν
842 850 1118 920 αἱρεῖσθαι
1146 849 1418 916 λέγοντος,
1449 847 1616 916 Μηδὲ

101 945 504 1021 συνκοινωνεῖτε
565 941 690 1008 toi;
750 942 948 1010 ἔργοις
1006 941 1131 1007 τοῖς
1179 939 1477 1009 ἀκάρποις
1507 939 1614 993 τοῦ

102 1044 336 1103 σκότους,
374 1034 610 1104 μᾶλλον
631 1031 697 1083 δὲ
729 1032 823 1084 imi
852 1032 1152 1098 ἐλέγχετε.
1179 1030 1274 1083 Ἐκ
1310 1031 1376 1101 δὴ
1410 1029 1615 1096 ταύτης

104 1141 184 1205 τῆς
205 1132 361 1190 αίτίας
400 1123 688 1194 συμϐάλλω
715 1125 806 1175 καὶ
836 1122 1118 1176 Θεοδόσιον
1145 1124 1236 1174 τὸν
1267 1122 1482 1188 Μέγαν,
1511 1121 1612 1190 τῆς

103 1223 337 1294 ἀκηράτου
377 1216 530 1284 δόξης
571 1215 669 1268 καὶ
723 1217 1054 1282 σεμνότητος
1085 1215 1181 1283 τῆς
1223 1213 1451 1266 καθόλου
1486 1230 1616 1282 προ-

101 1314 338 1384 νοούμενον
372 1307 712 1379 Ἐκκλησίας,
738 1306 1040 1376 τηνικαῦτα
1070 1304 1286 1374 πρῶτον
1319 1303 1615 1373 νομοθετῆ-

101 1425 186 1464 σαι,
228 1401 470 1472 μηδαμῶς
503 1401 760 1466 γυναῖκα,
803 1399 852 1450 εί
918 1397 992 1467 μὴ
1045 1396 1310 1466 ἐξήκοντα
1352 1396 1488 1447 ἐτῶν
1525 1395 1610 1464 εἴη

101 1497 172 1549 καὶ
196 1493 364 1554 παῖδας
399 1490 531 1566 ἔχοι,
583 1490 658 1559 μὴ
689 1488 765 1557 τῷ
795 1490 896 1559 τῆς
949 1487 1224 1550 διακονίας
1259 1488 1354 1540 καὶ⁵
1388 1486 1465 1556 τῷ
1516 1485 1612 1538 τοῦ

101 1589 261 1658 κλήρου
287 1581 740 1650 ἐγκαταλέγεσοαι
776 1582 1058 1649 τάγματι·
1093 1580 1241 1634 καθὰ
1269 1581 1365 1632 καὶ
1399 1578 1612 1641 Παῦλος

101 1677 242 1750 ῥητῶς
269 1674 400 1729 οὕτω
436 1673 805 1744 προσέταξεν*
837 1672 1244 1726 ἀπελαύνεσθαι
1269 1672 1326 1726 δὲ
1357 1673 1454 1740 τῆς
1490 1670 1612 1723 Ἐκ-

1726 481 1842 537 fere
1889 491 1946 534 ut
1982 479 2228 534 Ecclesia
2257 493 2286 532 a
2321 476 2675 531 contumeliis
2710 475 2882 530 libera
2914 485 3060 528 esset
3100 481 3152 527 et
3200 474 3301 526 im~

1720 574 1923 628 munis.
1966 572 2033 626 ΕΙ.
2055 571 2122 624 ab
2151 585 2218 624 eo
2279 577 2526 636 tempore
2587 566 2831 621 Ecclesia
2897 565 2949 618 in
3007 565 3099 618 tali
3152 575 3294 617 statu

1719 663 2042 734 permansit.
2070 659 2181 730 Ego
2212 674 2340 713 vero
2383 673 2445 711 ea
2487 641 2546 711 re
2579 657 2877 711 Ecclesiam
2907 657 3081 724 prisca
3118 657 3206 709 illa
3243 664 3298 710 et

1720 757 2028 811 veneranda
2087 754 2350 824 gravitate
2387 750 2676 814 excidisse,
2712 759 2767 803 et
2820 748 2884 803 ad
2940 749 3305 804 arbitrarium

1722 847 2307 914 inconsideratumqne
2337 853 2500 911 atque
2527 843 2892 912 negligentem
2923 857 3130 895 morem
3166 856 3291 909 pro-

1716 939 1929 1008 lapsam
1955 954 2100 1003 esse,
2133 950 2188 990 et
2216 936 2479 1006 paulatim
2511 935 2579 988 ab
2633 933 2973 989 accuratiore
3004 933 3294 1001 disciplina

1717 1035 2021 1090 desciscere
2048 1035 2281 1102 ccepisse
2309 1041 2458 1100 puto.
2486 1030 2726 1099 Equum
2751 1038 2900 1084 certe
2928 1039 3089 1097 atque
3121 1028 3298 1081 credi-

1715 1125 1824 1180 bile
1857 1136 1962 1189 est,
1997 1125 2182 1178 minus
2213 1133 2370 1177 antea
2409 1133 2758 1192 peccatorum
2787 1121 2975 1184 fuisse,
3010 1135 3134 1173 cum
3172 1136 3294 1186 ιϊοο

1717 1231 1840 1292 pter
1860 1235 2053 1273 eorum
2084 1218 2176 1286 qui
2206 1227 2423 1286 peccata
2455 1217 2850 1270 confiterentur
2877 1214 3290 1276 verecundiam,

1718 1323 1831 1369 tttm
1906 1322 2138 1382 prepter
2169 1310 2419 1380 judicum
2462 1309 2526 1362 ad
2564 1309 2669 1362 hoc
2705 1307 3131 1361 constitutorum
3168 1304 3296 1357 difi-

1716 1414 1934 1474 gentem
1965 1401 2400 1470 inquisitionem.
2426 1398 2689 1466 Quamvis
2722 1413 2865 1451 nunc
2893 1413 3113 1466 quoque
3141 1397 3190 1448 id
3219 1397 3290 1449 ita

1716 1505 1918 1548 utsors
1955 1494 2165 1555 tulerit,
2199 1503 2254 1547 et
2307 1492 2743 1562 quandocunqne
2803 1491 3001 1558 tuique
3071 1489 3288 1542 liliitnm

1713 1585 1901 1650 fuerit,
1937 1587 2048 1640 tiat.
2078 1584 2230 1640 Unde
2257 1600 2416 1638 causa
2443 1584 2531 1637 illa
2565 1583 2792 1646 exstitit,
2817 1591 2876 1635 ut
2905 1583 3044 1635 alter
3068 1580 3292 1633 alterius

1714 1689 1934 1746 peccata
1965 1692 2073 1730 non
2121 1685 2353 1746 arguat;
2402 1691 2576 1744 neque
2611 1674 2743 1728 illud
2804 1672 3047 1741 Apesteli
3098 1687 3291 1726 serves

99 1748 283 1838 κλησίας
312 1766 400 1820 καὶ
427 1766 524 1826 τὰς
551 1766 880 1835 κειρομένας
906 1765 1002 1827 τὰς
1047 1764 1290 1832 κεφαλάς
1309 1780 1324 1794 ο
1358 1765 1456 1816 καὶ
1489 1765 1606 1816 ὅσοι

1717 1777 1824 1833 tur,
1856 1767 2124 1822 dicentis:
2176 1767 2396 1820 (Nolite
2457 1765 2862 1821 communicare
2917 1765 2984 1819 de
3032 1765 3292 1832 eperibns

98 1864 138 1915 δέ
158 1861 246 1912 τῶν
265 1857 564 1912 ἐπισκόπων
590 1859 688 1919 τὰς
712 1858 967 1921 τοιαύτας
995 1859 1334 1927 προσίενται,
1366 1857 1465 1918 τὰς
1489 1857 1608 1908 ἐπι-

100 1952 264 2015 σκοπάς
289 1950 653 2022 άφαιριῖσθαιδ
683 1950 846 2004 Ἀλλὰ
877 1951 1008 2021 περὶ
1045 1951 1142 2020 μὲν
1170 1950 1377 2002 τούτων
1405 1947 1611 2016 αὐτάρ-

21 2113 24 2116 _
99 2060 183 2106 κως
201 2041 336 2114 οἶμαι
365 2043 693 2114 εἰρήκαμεν.

1718 1859 2056 1930 infrugil'eris
2117 1860 2492 1926 tenebrarum,
2524 1859 2616 1913 sed
2679 1858 2864 1926 potius
2889 1872 2952 1911 ea
3000 1858 3229 1926 argnitc.
3265 1873 3284 1906 ι

1714 1949 1830 2016 Qua
1863 1953 2030 2005 etiam
2053 1967 2119 2005 ex
2153 1967 2314 2005 causa
2347 1950 2720 2004 Theodosium
2748 1947 3022 2018 Magnum,
3059 1949 3288 2002 immer-

1719 2043 1811 2096 tali
1837 2051 1894 2096 et
1914 2043 2240 2096 venerandte
2269 2042 2548 2096 catholicae
2580 2041 2836 2096 Ecclesire
2867 2041 3054 2110 glerize
3078 2055 3280 2094 consu-

101 2150 280 2209 lentem,
303 2149 406 2192 tum
464 2138 706 2208 primum
760 2137 934 2206 legem
979 2135 1171 2196 tulisse
1235 2134 1494 2205 cenjicio,
1546 2133 1632 2207 (Ι)
1674 2150 2016 2205 nequaquam
2082 2136 2388 2200 mulierem,
2460 2135 2563 2189 nisi
2615 2136 2893 2203 sexaginta
2927 2147 3102 2187 annos
3159 2143 3284 2186 nata

101 2235 172 2298 sit,
206 2241 253 2286 et
304 2230 502 2284 liberes
532 2229 758 2294 habeat,
807 2230 860 2282 in
901 2228 1148 2282 ordinem
1203 2227 1494 2281 ministerii
1555 2235 1607 2282 et
1646 2227 1779 2282 cleri
1834 2228 2230 2297 coeptandatn:
2288 2226 2747 2297 quemadmodum
2781 2235 2836 2279 et
2863 2227 3290 2281 Paulusdiserte

99 2328 139 2380 id
172 2324 443 2385 constituit,
497 2338 562 2375 ex
615 2321 866 2376 ccclesiis
897 2335 1115 2390 quoque
1145 2319 1443 2386 exigendas
1492 2333 1613 2389 qua:
1648 2333 1863 2374 comam
1934 2321 2346 2376 tetendissent:
2402 2329 2458 2374 et
2526 2319 2842 2389 quicunque
2907 2320 3148 2389 episc0pi
3199 2334 3294 2372 eas

99 2421 407 2479 admisissent,
435 2415 870 2470 exauctorandos
899 2428 1039 2469 esse.
1070 2414 1266 2469 Verum
1295 2413 1364 2468 de
1399 2413 1483 2467 his
1507 2412 1643 2468 satis
1683 2411 1942 2468 diximus.
3107 2401 3110 2405 ’

631 2531 878 2584 ΚΕΦΑΛ.
921 2530 1051 2584 ΚΘ⁹ο

106 2629 181 2693 Ὧς
204 2627 284 2681 καὶ
317 2625 380 2676 ἐν
421 2623 546 2688 ταῖς
605 2623 870 2693 αἱρέσεσι
911 2622 1132 2693 πολλαὶ
1191 2615 1366 2684 αὖθις
1407 2621 1616 2691 ἐπεγέ-

148 2689 296 2754 forte
320 2689 676 2759 διαιρέσεις-⁵
709 2694 804 2743 καὶ
831 2689 1266 2759 ὅτιιΘεοᾷόσιος
1282 2693 1476 2756 μόνον
1501 2689 1614 2744 Εὑ-

149 2769 324 2837 νόιιιον
349 2756 680 2837 ὑπερώρισε
705 2775 718 2788 '
756 2756 1011 2837 xui-clo;
1058 2757 1222 2837 ﬁgas
1256 2759 1399 2837 ἦθος
1431 2761 1612 2837 Εὺνᾴ-

145 2829 251 2908 μιος
275 2852 286 2864 ·
314 2836 400 2908 καὶ
430 2833 509 2908 ὡς
530 2833 606 2884 ἐν
629 2831 1024 2899 Καππαδοκίᾳ
1075 2829 1146 2898 τῇ
1183 2831 1420 2898 πατρίδι
1448 2834 1613 2901 Tard-

144 2905 296 2978 μενος
317 2905 620 2957 ἐτελεύτα.

2158 2527 2320 2598 232
2373 2526 2598 2583 CAPUT
2644 2526 2840 2583 χχιχ.

1717 2617 1779 2673 Ut
1809 2621 2028 2672 Im'reses
2055 2630 2101 2672 et
2129 2630 2281 2672 sectw
2315 2621 2368 2672 in
2399 2622 2578 2672 varias
2613 2620 2850 2671 dissealw
2876 2627 2924 2672 et
2963 2619 3143 2673 divisa:
3181 2619 3290 2674 sint

1780 2691 2048 2742 Itwreses:
2099 2697 2146 2742 et
2196 2689 2333 2757 quod
2395 2690 2705 2742 Theodosius
2753 2688 2923 2741 solum
2969 2689 3286 2742 Eunomium

1782 2761 2184 2829 proscripserit:
2212 2759 2394 2827 quibus
2447 2760 2673 2811 moribus
2714 2768 2760 2810 et
2795 2761 3052 2812 institutis
3103 2759 3288 2813 Euno-

1784 2831 1920 2882 mius
1951 2830 2130 2896 fuerit,
2172 2837 2295 2881 etut
2337 2831 2392 2882 iu
2420 2829 2754 2898 Cappadocia
2786 2829 2966 2896 patria
3005 2845 3102 2883 sua
3145 2847 3286 2882 mora

1789 2911 1911 2952 tuus
1936 2904 2024 2952 sit.
2049 2941 2056 2946 .

149 3021 389 3093 Προσῑμον
436 3016 491 3070 δέ
543 3015 659 3084 ἄρα
691 3014 828 3085 μηδὲ
870 3015 938 3068 τά
967 3013 1101 3085 παρ’
1129 3013 1313 3078 ἄλλοις
1341 3016 1607 3084 γεγονότα

1783 3013 2054 3070 Convenit
2096 3028 2281 3083 porro,
2317 3020 2378 3067 ut
2408 3026 2582 3082 neque
2613 3026 2676 3066 ea
2707 3026 2830 3083 quae
2860 3011 2983 3066 aliis
3012 3011 3288 3074 accidere,

96 3112 363 3166 καταλιπεῖν
386 3107 659 3178 ἀδιήγητα
678 3119 693 3136 ο
721 3103 1022 3174 ’Δρειανοϊς
1045 3121 1208 3174 φημι,
1242 3107 1469 3170 καὶτοῖς
1500 3108 1605 3160 ἀπὸ

96 3202 366 3258 Μακεδονίου
396 3203 487 3253 καὶ
520 3196 793 3265 Εύνομίου
827 3197 920 3249 καὶ
965 3196 1218 3249 Ναυάτου
1254 3197 1606 3266 παρωνύμως

93 3293 466 3362 ὠνομασμένοις.
499 3286 694 3352 "Arrcti
742 3287 919 3358 γὰρὴ
970 3285 1064 3340 τοῦ
1119 3287 1256 3340 Θεοῦ
1311 3287 1608 3358 Ἐκκλησία

95 3382 392 3453 διαιρεθεῖσα,
424 3383 523 3435 οὐκ
566 3379 889 3450 ἐπ’ἐκείνης
929 3379 1061 3449 ῑστη
1101 3379 1199 3448 τῆς
1228 3379 1564 3444 διαστάσεως
1588 3395 1604 3412 ο

95 3473 316 3543 ἀλλάῦτη
367 3474 526 3528 πάλιν
562 3471 688 3526 καθ’
720 3471 920 3540 ἑαυτὴν
964 3470 1220 3542 διῃρεῖτο.
1257 3472 1364 3524 Καὶ
1387 3473 1438 3524 ot
1473 3489 1607 3540 προ·

96 3567 249 3619 στάται
270 3564 368 3616 τῶν
393 3563 661 3633 αἱρέσεων
693 3562 933 3630 σμικρᾶς
954 3576 1098 3622 τινος
1127 3560 1448 3631 εἰλημμένοι
1474 3579 1607 3632 προ-

95 3660 286 3726 φάσεως,
310 3656 426 3710 καθ’
452 3654 669 3709 ἑαυτῶν
693 3653 952 3724 ἐχώρουν,
978 3652 1072 3706 καὶ
1101 3654 1194 3706 ἀπ’
1221 3653 1469 3721 ἀλλήλων
1506 3653 1607 3706 διί-

94 3767 262 3804 σταντο.
312 3749 425 3812 Πῶς
472 3748 580 3818 μὲν
637 3742 730 3799 οὖν
760 3746 854 3799 καὶ
894 3746 1047 3810 πότε,
1084 3745 1176 3796 καὶ
1207 3743 1276 3798 δι’
1325 3745 1392 3808 ἃς
1424 3748 1604 3806 αἰτίας

91 3841 267 3894 ἕκαστοι
288 3842 373 3894 ἀπ’
404 3840 658 3906 ἀλλήλων
687 3839 994 3904 διέστησαν,
1026 3835 1288 3907 προϊοῦσα
1313 3840 1345 3906 ή
1393 3837 1606 3908 ίστορία

91 3932 290 4002 δηλώσει.
316 3931 516 3985 Είδέναι
555 3932 740 3998 μέντοι
780 3927 976 3999 χρεὼν,
1010 3927 1085 3990 ὡς
1111 3928 1302 3981 οὐδένα
1342 3929 1549 3982 τούτων
1578 3932 1606 3982 δ

91 4028 293 4095 βασιλεὺς
321 4027 500 4079 ἐδίωκε
541 4024 842 4087 Θεοδόσιος,
875 4019 993 4074 ἀλλ’
1034 4021 1154 4074 οὐδὲ
1185 4021 1466 4091 ἠνάγκαζε
1494 4040 1606 4075 κοι·

91 4120 264 4169 νωνεῖΨ
310 4116 603 4186 συνεχώρει
634 4115 678 4167 δ’
717 4107 998 4185 ἐκάστῳῇ
1043 4112 1286 4183 βούλοιτο
1331 4114 1472 4167 κατὰ
1515 4115 1606 4168 τὸν

90 4211 187 4261 ἴδιον
214 4209 520 4276 συνάγεσθαι
577 4206 771 4258 τόπονο
809 4206 903 4259 καὶ
953 4205 1198 4269 δοξάζειν
1242 4209 1372 4276 περὶ
1403 4209 1500 4276 τῆς
1527 4209 1607 4272 εἰς

90 4297 275 4363 Χριστὸν
305 4300 556 4359 πίστεως,
588 4295 662 4358 ὡς
694 4296 757 4348 ἂν
785 4296 1000 4364 ἑκάστῳ
1045 4298 1172 4365 περὶ
1201 4298 1408 4365 ταύτης
1435 4315 1607 4352 κατα-

1711 3107 1935 3162 silentie
1979 3115 2372 3175 prtetereamus
2405 3123 2418 3159 :
2455 3105 2674 3159 Arianis
2721 3102 2995 3165 videlicet,
3029 3115 3082 3158 et
3127 3105 3219 3172 qui
3257 3120 3287 3157 a

1710 3197 2034 3253 Macedonio
2069 3205 2125 3251 et
2166 3196 2439 3251 Eunomie
2477 3206 2532 3250 et
2569 3196 2782 3250 Novato
2821 3210 3123 3265 cognomen
3161 3205 3286 3250 sunt

1709 3292 1914 3360 adepti.
1959 3289 2253 3360 Postquam
2299 3305 2533 3359 namque
2582 3290 2753 3344 semel
2795 3288 3034 3343 Ecclesia
3073 3289 3165 3342 Dei
3202 3289 3289 3342 di-

1710 3384 1822 3439 visa
1868 3393 1975 3447 est,
2013 3399 2102 3438 res
2138 3384 2190 3436 in
2231 3398 2294 3437 ea
2343 3382 2684 3436 discessione
2729 3396 2838 3435 non
2885 3381 3154 3444 constitit,
3189 3379 3285 3432 sed

1711 3475 1799 3529 illa
1848 3491 2062 3529 rursum
2107 3476 2160 3530 in
2208 3490 2266 3529 se
2313 3475 2428 3544 ipsa
2475 3490 2575 3544 per
2625 3474 3002 3528 dissensiones
3051 3473 3285 3527 disseCta

1707 3573 1809 3618 est.
1857 3563 1924 3616 Et
1971 3573 2245 3618 sectarum
2299 3574 2575 3625 auctores,
2627 3578 2794 3632 parva
2841 3563 3137 3617 occasione
3191 3577 3286 3615 ar-

1710 3665 1883 3724 repta,
1919 3661 1975 3708 et
2001 3657 2312 3709 secessione
2341 3655 2503 3722 facta,
2532 3655 2584 3708 in
2617 3655 2884 3708 factiones
2910 3653 3046 3707 alias
3075 3652 3281 3707 abiere.

1709 3746 1994 3812 Quomodo
2029 3757 2235 3811 autem,
2263 3756 2321 3802 et
2355 3747 2601 3817 quando,
2647 3756 2705 3802 et
2749 3747 2952 3816 quibus
2992 3748 3057 3800 de
3101 3747 3287 3802 causis

1707 3847 1854 3891 secta
1901 3839 2161 3906 quaelibet
2190 3853 2218 3891 a
2252 3854 2308 3892 se
2341 3841 2453 3908 ipsa
2487 3854 2585 3909 per
2613 3838 3014 3893 dissensionem
3046 3853 3290 3894 secesse-

1708 3929 1803 3996 rit,
1835 3945 1901 3984 ex
1931 3931 2013 3984 eis
2043 3946 2163 3998 quae
2203 3930 2482 3994 dicentur,
2518 3929 2772 3999 liquebit.
2809 3931 2943 3986 Illud
2974 3949 3107 3986 sane
3142 3933 3284 3986 scine

1707 4025 1988 4086 convenit,
2024 4023 2411 4092 imperatorem
2455 4023 2832 4078 Theodosium
2870 4025 3121 4078 haeresim
3159 4025 3284 4077 nul-

1707 4116 1813 4170 lam
1851 4122 2203 4185 persecutum
2251 4129 2398 4180 esse,
2437 4129 2612 4183 neque
2653 4114 2965 4182 quempiam
3015 4113 3081 4166 ad
3127 4131 3281 4166 com-

1710 4207 2024 4260 tnunionem
2085 4206 2364 4274 coegisse,
2421 4205 2516 4260 sed
2577 4208 2758 4274 potius
2817 4206 3167 4272 permisisse,
3226 4215 3282 4258 nt

1709 4296 1936 4352 lueresis
1976 4297 2237 4365 quaelibet
2275 4297 2399 4348 loco
2440 4309 2563 4358 suo,
2598 4310 2698 4363 pro
2729 4311 2794 4348 eo
2827 4308 2989 4364 atque
3019 4304 3066 4349 ei
3105 4303 3278 4351 \‘isum

86 4387 230 4442 λαϐεῖν
248 4391 539 4456 ἐξεγένετο.
577 4389 687 4450 Τὰς
719 4387 821 4458 μὲν
849 4383 942 4440 οὖν
964 4388 1158 4452 λοιπάς
1185 4389 1293 4440 τῶν
1317 4390 1602 4459 αἱρέσεων,

1717 4399 1888 4453 esset,
1933 4397 2238 4442 conventus
2283 4401 2480 4456 agere,
2529 4395 2695 4456 atque
2743 4387 2906 4440 etiam
2957 4388 3026 4442 de
3075 4391 3177 4443 lide
3227 4390 3279 4443 in

89 4481 196 4549 πλὴν
213 4481 576 4542 Ναυατιανῶν,
600 4478 706 4544 ἔξω
734 4478 842 4530 τῶν
858 4478 1066 4530 πόλεων
1093 4479 1346 4546 συνάγειν
1370 4479 1608 4548 ἐκέλευε,

87 4575 155 4626 καὶ
180 4575 448 4646 ἐκκλησίας
510 4573 784 4641 ἐγείρεινυ
820 4573 947 4633 τοὺς
995 4571 1052 4623 δὲ
1097 4572 1476 4634 Ναυατιανοὺς
1535 4574 1610 4636 ὡς

86 4667 474 4736 ὁμοφρονοῦντας
507 4665 660 4734 αὐτῷ
684 4664 826 4718 κατά
848 4665 948 4732 τὴν
970 4663 1064 4716 τοῦ
1092 4664 1382 4734 δμοουσίου
1403 4665 1604 4730 πίστιν,

86 4759 198 4810 ἔνδον
217 4761 312 4813 τῶν
337 4761 540 4813 πόλεων
575 4759 712 4829 μετὰ
755 4758 993 4829 Θάρῤους
1024 4760 1412 4829 ἐκκλησιάζειν
1438 4762 1608 4831 πρού-

86 4849 291 4917 τρέπετο,
321 4849 460 4904 καθά
514 4867 602 4918 μοι
634 4850 726 4903 καὶ
763 4851 1022 4920 ἀνωτέρω
1055 4851 1408 4925 διείληπται·
1439 4854 1604 4920 μόνου

83 4938 116 4988 δ’
139 4939 371 5008 Εὖνομίου
395 4941 691 5012 ὑπερορίαν
709 4940 884 5010 φυγὴν
909 4942 1284 5006 κατεδίκαζεν.
1309 4939 1478 5005 Οὗτος
1495 4943 1604 5014 γὰρ

89 5031 195 5093 μετὰ
221 5031 273 5082 τὸ
293 5030 468 5085 λιπεῖν
502 5033 600 5100 τὴν
644 5031 906 5096 Κύζικον,
958 5034 1052 5087 καὶ
1079 5035 1172 5086 τοῦ
1204 5034 1460 5099 Εὐδοξίου
1488 5035 1606 5088 δια-

83 5118 292 5190 ζυγῆναι,
333 5122 390 5187 δς
438 5123 626 5177 τοῦτον
661 5125 1009 5194 ἐχειροτόνει,
1069 5128 1162 5180 ἐπὶ
1209 5128 1478 5199 προφάσει
1519 5128 1602 5181 ὅτι

83 5282 268 5355 steriutn
321 5285 420 5340 hoc
448 5287 529 5341 rel
555 5296 792 5355 expetat,
837 5287 1031 5355 velﬁsc
1072 5286 1141 5339 ab
1187 5302 1253 5340 eo
1305 5286 1598 5350 abstineat,

79 5354 364 5406 cen~cicntia
408 5354 751 5424 optimaidux
796 5365 899 5408 est.
933 5354 1368 5410 Fundamentum
1416 5366 1597 5411 autem

81 5424 255 5495 graium
289 5424 444 5492 hujus
474 5437 556 5479 est
591 5428 698 5480 vita
732 5436 875 5479 recta
902 5442 1026 5479 cum
1065 5426 1351 5495 disciplina
1389 5427 1596 5480 debita.

81 5487 136 5540 Te
155 5501 314 5568 autem
345 5487 588 5568 homines
620 5499 756 5550 alios
776 5507 1046 5564 Spectatus
1064 5497 1172 5568 jam
1197 5487 1252 5549 et
1285 5497 1600 5565 exploratos

81 5560 281 5613 moribus
303 5567 597 5622 emendatis
643 5560 840 5620 imitari
890 5560 1483 5625 comtn'odissitnu'est,
1541 5579 1598 5621 et

79 5630 128 5678 ad
152 5633 371 5684 veritatis
419 5637 800 5704 cognitionem,
829 5645 882 5690 et
925 5638 988 5688 ad
1031 5648 1419 5703 praeceptorum
1452 5640 1590 5688 divi-

81 5711 240 5752 norum
281 5710 674 5760 essecutionetn
703 5747 715 5771 ,
784 5709 890 5760 via.
965 5709 1231 5770 Quocirca
1276 5708 1590 5774 quicunque

1711 4481 2010 4545 Christum,
2054 4494 2150 4548 pro
2189 4480 2452 4548 cujusque
2495 4489 2682 4547 captu,
2714 4481 2921 4534 sentire
2957 4491 3120 4550 atque
3163 4485 3285 4552 opi-

1713 4576 1827 4627 nari
1887 4583 2097 4643 posset.
2155 4572 2417 4641 Reliquas
2471 4573 2692 4640 quidem
2754 4573 3032 4642 hazreses,
3087 4588 3285 4644 μηνίει*

1709 4667 2078 4729 Novatianos,
2119 4674 2276 4719 extra
2326 4665 2491 4720 urbes
2539 4675 2844 4721 conventus
2885 4667 3188 4731 Celebrare,
3231 4681 3284 4722 (ιι

1709 4759 1972 4813 ecclesias
2003 4767 2290 4813 exstruere
2317 4758 2503 4828 jussit.
2537 4759 2868 4814 Novatianes
2896 4773 3100 4823 autem,
3134 4765 3279 4830 qltml

1708 4869 1892 4908 secum
1927 4853 1994 4907 de
2027 4853 2338 4918 ὁμοουσίου,
2373 4853 2476 4908 hoc
2506 4863 2588 4908 est
2624 4855 3131 4917 consubstantiaiis,
3176 4859 3279 4908 ιιςιυ

1708 4949 2106 5010 consentirent,
2149 4947 2293 5001 intra
2345 4948 2510 5001 urbes
2552 4947 2729 5002 libere
2772 4949 3039 5003 ecclesias
3074 4949 3279 5003 habt-re

1705 5049 1793 5093 est
1842 5053 2064 5108 passus,
2117 5039 2278 5094 sicuti
2327 5049 2486 5092 antea
2535 5054 2756 5108 quoque
2801 5040 2936 5092 dixi.
2984 5041 3050 5094 Et
3099 5043 3275 5094 solum

1705 5129 1825 5198 ipse
1861 5130 2193 5185 Eunomium
2232 5132 2430 5186 exsilio
2471 5133 2777 5186 mulctavit.
2813 5130 2910 5185 Hic
2943 5132 3089 5185 enim
3132 5143 3280 5200 post-

1705 5284 2118 5340 tnanducaverit
2171 5302 2365 5356 panem
2406 5297 2459 5341 et
2512 5287 2714 5341 biberit
2776 5289 3000 5342 calicem
3059 5290 3270 5343 [leniini

1707 5358 1949 5427 indigne,
2011 5371 2136 5409 rcus
2189 5361 2289 5410 erit
2341 5360 2586 5424 corporis
2626 5369 2679 5412 et
2723 5364 2999 5427 sanguinis
3037 5361 3268 5413 Domini.

1703 5425 1962 5494 Exliloret
1991 5442 2121 5478 vero
2148 5429 2390 5495 seipsum
2423 5431 2608 5492 homo,
2640 5441 2802 5497 atque
2829 5425 2919 5481 'ita
2943 5433 3162 5483 demum
3205 5435 3272 5483 de

1706 5511 1841 5568 pane
1871 5497 2018 5568 edat,
2052 5507 2106 5550 et
2148 5499 2214 5549 dc
2245 5499 2414 5552 calice
2457 5499 2629 5552 bibat.
2666 5502 2958 5568 (Clemens.
3004 5503 3269 5554 Alexand.

1703 5566 1797 5618 ιιι).
1832 5581 1866 5625 I,
1897 5565 2177 5631 Streutat.)

1773 5637 2197 5702 (UCoIIinlutio
2219 5635 2508 5693 Theodosii
2532 5640 2598 5694 dc
2629 5641 2948 5696 diacouissis
2995 5641 3053 5694 L.

1698 5706 1760 5760 C.
1798 5707 1868 5758 De
1902 5707 2068 5771 episc.
2104 5719 2156 5761 et
2185 5709 2318 5762 cler.

3081 5641 3267 5709 Nulla,
