3800 6548
433 378 547 440 843

1668 359 2086 437 NICEPIIORI
2128 376 2476 441 CALLISTI
3571 394 3656 459 an

441 491 536 556 qui
591 505 724 545 vero
777 492 1189 563 Eupsycliium,
1244 491 1879 564 Ennomioeupsychiani
1938 491 1989 555 (l

2123 492 2306 586 αὐτοῖς
2359 495 2419 560 ἐξ
2470 495 2569 550 οὒκ
2624 497 2796 551 ὄντων
2829 501 3182 570 γεγενῆσθαι)
3209 505 3238 557 ὁ
3282 505 3468 578 Πατὴρ
3500 511 3660 586 Πατὴρ

440 581 812 651 cognominati
871 592 1021 638 sunt.
1079 583 1489 654 Disputationes
1544 593 1727 639 autem
1785 591 1841 638 et
1889 597 2014 636 ora-

443 671 622 725 tiones
671 687 866 726 omnes
920 689 1041 740 (lue:
1096 673 1165 726 de
1219 673 1306 727 his
1362 673 1761 742 quaestionibus
1816 673 2014 726 habita

439 773 590 826 sunt,
625 778 1078 830 commemorare,
1115 766 1441 834 perlongum
1509 776 1564 819 et
1603 781 1828 835 prorsus
1876 766 2014 821 diili-

439 856 542 910 cile
582 866 749 920 esset,
785 858 1084 928 praesertim
1126 873 1250 912 cum
1295 858 1442 912 aliud
1489 858 1622 911 mihi
1670 859 2012 927 pmpositnm

439 949 512 1002 sit
569 949 913 1006 institutum.
979 942 1116 1004 Tum
1180 966 1316 1005 vero
1378 950 1521 1020 apud
1587 951 2012 1006 Macedonianos

437 1039 602 1096 etiam
644 1043 712 1095 ad
751 1052 974 1112 tempus
1019 1041 1297 1098 discordia
1342 1043 1576 1106 exstitit,
1612 1038 1770 1113 cujus
1819 1053 2012 1098 auctor

435 1135 541 1190 fuit
595 1135 896 1205 Eutropius
949 1135 1172 1205 quidam
1233 1135 1540 1207 presbyter,
1593 1137 1824 1190 seorsim
1883 1151 2012 1191 con-

435 1239 635 1284 ventus
692 1242 883 1299 agens.
944 1225 1010 1283 Ei
1068 1243 1202 1282 vero
1261 1227 1546 1284 Carterius
1607 1227 2010 1282 Macedonianze

433 1332 597 1379 sectae
633 1321 1030 1392 antesignanus
1088 1322 1312 1377 restitit.
1359 1321 1560 1378 Eodem
1589 1331 1837 1390 tempore
1861 1331 1916 1374 et
1941 1321 2009 1375 ab

437 1415 658 1469 Arianis
693 1413 1176 1485 Constantinopoli
1205 1415 1338 1470 illud
1367 1414 1421 1468 in
1449 1415 1812 1484 quaestionem
1841 1428 2006 1467 voca-

2122 584 2405 675 καλεῖσθαι
2435 589 2553 642 τότε
2595 591 2847 660 ἠδύνατο.
2885 592 3104 664 Ἀμέλει
3135 598 3230 650 καὶ
3263 601 3529 669 Δωρόθεος
3558 584 3657 675 μὲν,

2119 672 2176 736 ὃς
2208 676 2328 728 ἀντὶ
2357 678 2606 747 Μαρίνου
2638 681 2701 732 ἐκ
2729 680 2830 749 τῆς
2859 681 3134 752 Ἀντιόχου
3191 672 3660 764 μετακληθεὴςτὴν

2120 765 2420 834 ἡγεμονίαν
2473 770 2574 838 τῆς
2604 770 2858 841 τοιαύτης
2890 774 3158 842 αἱρέσεως
3204 775 3292 829 διὰ
3341 780 3520 849 χειρὸς
3550 781 3657 854 siit,
3703 829 3715 843 ,

2118 854 2416 926 διαρρήδην
2472 859 2742 929 ἀπέφηνε,
2783 878 2804 912 σ
2843 864 2932 926 Μὴ
2985 865 3211 918 δυνατὸν
3245 863 3385 921 εἶναι
3447 871 3567 940 πρὶν
3587 877 3656 926 τὶν

2120 947 2247 1000 Υίῖιν
2279 949 2605 1020 ὑποστῆναι,
2648 953 2866 1024 Πατέρα
2918 956 3204 1011 καλεῖσθαι
3231 975 3246 990 ⁸
3280 961 3389 1012 τῶν
3420 963 3519 1032 γὰρ
3546 968 3654 1034 πρός

2117 1055 2169 1090 τι
2198 1038 2256 1091 τὸ
2289 1041 2476 1111 Πατὴρ
2502 1044 2730 1114 ὄνομα.»
2774 1046 2833 1100 Ὀ
2861 1047 2918 1100 δὲ
2945 1049 3190 1119 Μαρῑνος
3217 1051 3523 1107 τούναντίον
3549 1061 3652 1124 μᾶ).-

2116 1127 2206 1180 λον
2263 1129 2482 1195 ἐδόξαζε
2506 1148 2521 1164 ο
2578 1134 2675 1186 καὶ
2706 1138 2836 1206 πρὶν
2865 1131 3005 1191 εἶναι
3055 1138 3148 1194 τὸν
3179 1140 3330 1206 Υίὺν,
3363 1142 3563 1212 Πατέρα
3586 1149 3650 1200 τὸν

2119 1223 2342 1292 Πατέρα
2367 1223 2725 1296 διωμολόγει’
2758 1229 2790 1300 ἦ
2820 1231 2903 1284 ὅτι
2933 1232 3027 1287 καὶ
3058 1234 3180 1297 ταῖς
3207 1234 3485 1305 ἀληθείαις
3512 1238 3648 1305 οὕτως

2113 1313 2388 1383 ἐδόξαζεν,
2423 1317 2454 1387 ἧ
2483 1319 2676 1373 καθότι
2708 1322 2799 1375 καὶ
2847 1324 3112 1396 διάφορος
3152 1327 3417 1396 Δωροθέῳ
3467 1325 3546 1401 ἦν,
3574 1333 3643 1386 ire

2115 1408 2180 1479 δὴ
2212 1412 2562 1482 προκριθέντι
2591 1417 2689 1485 τῆς
2714 1418 2890 1472 αὐτῶν
2917 1421 3188 1491 αἱρέσεως
3215 1426 3555 1494 προεστάναι.
3575 1429 3644 1485 Ἕκ

434 1514 546 1557 tum
576 1510 661 1556 est
696 1518 710 1554 :
736 1521 755 1554 ι
785 1500 870 1558 An
893 1502 1212 1574 priusquam
1254 1504 1426 1558 Filius
1457 1504 1622 1558 fuerit
1649 1503 2008 1573 (profiteban—

433 1604 522 1649 tur
545 1595 692 1647 enim
721 1608 849 1650 eum
875 1610 944 1648 ex
975 1611 1084 1650 non
1109 1596 1474 1650 existentibus
1499 1595 1822 1664 exstitisse),
1846 1595 2007 1649 Pater

431 1697 546 1742 tum
578 1688 738 1742 Pater
771 1689 956 1742 vocari
989 1691 1252 1758 potuerit.
1288 1707 1306 1740 ι
1344 1689 1413 1742 Ει
1442 1688 1750 1742 Dorotlieus
1782 1687 2002 1757 quidem

428 1781 524 1850 qui
555 1779 851 1834 Antiochia
885 1781 1115 1845 accitus,
1150 1779 1223 1834 ibi
1265 1795 1364 1849 pro
1397 1778 1606 1832 Marino
1653 1778 2004 1832 administra-

427 1875 633 1929 tionem
661 1881 823 1928 secta:
846 1871 1158 1943 lmjusmodi
1186 1870 1505 1934 obtinebat,
1529 1879 1717 1938 aperte
1743 1870 2007 1923 decerne-

426 1967 540 2032 bat,
567 1984 584 2016 ι
613 1965 732 2019 ﬁeri
761 1979 868 2017 non
897 1977 1083 2032 posse,
1104 1961 1424 2032 priusquam
1459 1959 1631 2014 Filius
1657 1959 1998 2024 subsisteret,

2113 1962 2416 2016 Γυτθιανοί·
2447 1965 2642 2036 ὅτιπερ
2695 1969 2833 2038 ἁνήρ
2862 1986 2948 2031 τις
2977 1969 3390 2042 ψαθυροπώλης
3419 1975 3640 2043 (nonam

425 2069 485 2114 ut
506 2059 670 2114 Pater
687 2065 1016 2111 vocaretur:
1037 2057 1182 2125 quod
1220 2054 1397 2109 Patris
1415 2069 1616 2107 nomen
1642 2069 1707 2136 ex
1728 2052 1808 2106 eis
1839 2063 1998 2115 esset,

2110 2055 2165 2106 δὲ
2194 2055 2351 2108 τοῦτο
2379 2053 2564 2125 εἶδος),
2595 2057 2916 2123 Θεὸκτιστος
2943 2061 3131 2130 ὄνομα,
3149 2062 3442 2133 ὑπερφυῶς
3465 2069 3523 2136 τῇ
3543 2067 3638 2137 δόξῃ

423 2165 546 2220 qua:
569 2147 636 2201 ad
657 2145 865 2216 aliquid
890 2146 1287 2201 referrentur.»
1312 2143 1553 2199 Marinus
1577 2158 1707 2198 vero
1729 2143 1998 2197 diversum

2109 2149 2280 2220 ταύτῃ
2316 2150 2622 2206 συνίστατο.
2670 2151 2765 2204 Ἐκ
2796 2151 3012 2206 Γότθων
3042 2155 3122 2218 δὲ,
3156 2157 3284 2209 ἐπεὶ
3316 2161 3408 2210 καί
3459 2160 3637 2225 Σελίνας

418 2239 644 2293 censuit
677 2257 690 2292 :
722 2246 785 2291 et
802 2237 960 2308 prius
991 2238 1157 2291 etiam
1189 2237 1402 2290 Patrem
1435 2251 1594 2304 quam
1637 2234 1807 2288 Filius
1838 2234 1958 2288 fuer
1987 2240 1998 2285 t

2107 2242 2135 2293 ὁ
2166 2242 2367 2295 τούτων
2421 2245 2720 2310 ἐπίσκοπος
2779 2247 2923 2300 οὕτω
2975 2247 3348 2318 διαφερόντως
3379 2253 3472 2321 τῆς
3515 2255 3636 2323 ﬁt};

424 2329 642 2387 Patrem
677 2329 1040 2401 proﬁtebatur
1068 2348 1081 2385 :
1114 2330 1229 2384 sive
1255 2329 1398 2400 quod
1429 2329 1499 2382 ita
1528 2342 1594 2381 ex
1622 2329 1806 2382 animo
1833 2327 1998 2381 senti-

2106 2333 2365 2402 ἐξείχετο,
2423 2335 2499 2397 ὡς
2556 2338 2651 2389 καὶ
2711 2337 2935 2406 σύμπαν
2990 2339 3053 2392 τὸ
3111 2341 3370 2396 Γοτθικδν
3421 2346 3540 2415 πρὸς
3562 2349 3635 2416 τὴν

425 2432 530 2485 ret,
567 2436 660 2476 seu
708 2422 854 2492 quod
912 2421 1193 2476 Dorotlieu
1248 2419 1662 2484 adversaretur,
1699 2431 1758 2474 ut
1803 2421 1896 2490 qui
1950 2420 1998 2474 ei

2104 2427 2296 2494 ὁμοίαν
2325 2427 2623 2496 ἐφελκῦσαι
2655 2429 2832 2496 δόξαν.
2865 2431 3152 2502 Πειθήνιον
3178 2433 3290 2502 γὰρ
3319 2437 3377 2487 τὸ
3405 2435 3634 2508 βάρϐαρον

426 2515 625 2569 haeresi
673 2529 738 2568 ea
785 2513 1149 2584 gubernanda
1198 2512 1455 2582 praelatus
1504 2514 1692 2567 fuerit.
1737 2513 1802 2566 Et
1839 2513 1998 2566 talem

2106 2518 2249 2587 μάλα
2278 2515 2344 2590 ἦν
2374 2521 2569 2589 τούτῳ,
2601 2521 2696 2574 ἅτε
2727 2521 2791 2592 δὴ
2822 2524 2920 2576 καὶ
2949 2523 3229 2577 διδάσκειν
3253 2527 3450 2591 ἄριστα
3477 2530 3628 2597 ἱκανῷ,

419 2610 493 2661 ob
518 2621 740 2662 causam
767 2607 820 2660 in
849 2614 1033 2675 partes
1056 2605 1193 2660 duas
1219 2605 1536 2667 multitudo,
1561 2622 1683 2674 qua:
1705 2622 1800 2660 eos
1826 2618 2000 2660 secta-

421 2702 608 2764 batur,
639 2700 914 2754 discessit.
947 2699 1015 2754 Et
1041 2698 1356 2753 Dorotlieus
1383 2697 1608 2767 quidem
1640 2698 1692 2752 in
1719 2713 1874 2753 sacra
1901 2715 1997 2754 sua

2113 1505 2370 1573 τοιαύτης
2400 1505 2454 1558 δέ
2489 1508 2590 1576 τῆς
2619 1511 2797 1573 αἰτίας
2827 1514 2906 1575 είς
2935 1515 3207 1585 ἑκατέραν
3244 1521 3442 1588 μοῖραν
3470 1520 3520 1573 τὸ
3544 1523 3645 1592 παρ’

2116 1597 2339 1659 ἐκείνοις
2375 1599 2574 1670 πλῆθος
2602 1599 2858 1656 διίστατο.
2893 1606 2999 1658 Καὶ
3027 1607 3306 1677 Δωρόθεος
3337 1610 3436 1679 μὲν
3460 1612 3541 1664 ἐπὶ
3562 1614 3640 1666 τῶν

2118 1687 2264 1740 ἰδίων
2324 1691 2630 1761 εὐκτηρίων
2678 1696 3007 1764 ἐπέμεινεν·
3062 1700 3111 1752 oi
3164 1699 3210 1754 δ’
3255 1702 3402 1770 ἀμφὶ
3425 1704 3641 1773 Μαρῖνον,

2115 1782 2306 1850 ἐτέρας
2335 1786 2767 1853 νεουργήσαντες
2796 1790 3114 1858 ἐκκλησίας,
3161 1793 3392 1856 ταύταις
3430 1797 3642 1865 συνῆγον.

2114 1887 2204 1922 τοο
2235 1871 2284 1923 οἳ
2343 1873 2439 1924 καὶ
2493 1875 2846 1944 Ψαθυριανοι
2900 1878 3072 1948 ὄνομα
3129 1879 3522 1949 ἐκληρώσαντο,
3550 1884 3641 1954 ἢτοι

2044 1843 2086 1899 ll

2101 2613 2161 2664 οὐ
2196 2618 2334 2665 κατὰ
2364 2613 2462 2683 τὴν
2499 2615 2728 2684 πάτριον
2763 2617 2928 2684 μόνον
2959 2616 3171 2691 φωνὴν,
3227 2620 3367 2674 ἀλλά
3401 2639 3458 2688 γε
3487 2623 3542 2692 δὴ
3564 2625 3633 2677 καὶ

2101 2703 2242 2758 κατὰ
2268 2707 2367 2775 τὴν
2398 2706 2656 2776 Ἕλληνα.
2699 2709 2796 2771 Ὃς
2825 2709 3184 2781 ὑπογραφεὺς
3233 2714 3305 2766 τὰ
3340 2715 3517 2784 πρῶτα
3563 2735 3632 2786 γε-

420 2793 538 2847 inde
574 2791 896 2864 permansit.
931 2789 1036 2857 Qui
1074 2801 1256 2844 autem
1300 2789 1493 2844 Marini
1537 2791 1777 2860 partium
1816 2801 1994 2856 erant,

418 2885 579 2938 novis
625 2883 868 2938 conditis
917 2883 1190 2944 ccclesiis,
1221 2882 1275 2936 in
1313 2883 1392 2936 eis
1435 2882 1857 2936 conveniebant.
1892 2885 1992 2948 Qui

417 2979 582 3032 etiam
655 2975 1000 3047 Psathyriani
1063 2976 1179 3030 sive
1232 2975 1513 3030 Goliltiatti
1566 2976 1744 3029 vocati
1813 2988 1991 3028 sunt:

419 3080 713 3141 propterea
744 3068 892 3139 quod
924 3070 1005 3122 vir
1037 3069 1260 3138 quidam
1289 3051 1861 3138 ψαθυροπώὶαςίιιοο
1885 3078 1991 3128 est.

2099 2798 2328 2864 νόμενος
2360 2798 2602 2869 Οὐλφίλᾳ
2635 2800 2833 2870 ἐκείνῳ
2885 2799 2965 2871 τῷ
3024 2803 3230 2875 πρώτῳ
3261 2807 3528 2878 ἐπισκόπιρ
3549 2811 3630 2862 τῶν

2101 2888 2334 2947 Γότθων,
2370 2882 2430 2940 οὗ
2487 2891 2581 2940 καί
2633 2893 2891 2960 ἀνωτέρω
2936 2897 3158 2964 μνήμην
3204 2898 3534 2967 ἐποιησάμην
3557 2901 3629 2955 ἐπὶ

2099 2983 2424 3046 Οὐάλεντος,
2457 2981 2582 3034 ὕστε
2595 3001 2686 3053 ρον
2716 2987 2807 3036 καὶ
2845 2985 3088 3055 διάδοχος
3116 2987 3335 3040 ἐκείνου
3361 2989 3625 3044 καθίστατο.

2099 3079 2302 3140 υὺκείς
2337 3079 2557 3148 μακρὰν
2588 3078 2644 3130 δὲ
2670 3077 2919 3146 διάφοροι
2955 3077 3285 3134 καθίσταντο
3313 3083 3341 3134 ὅ
3361 3101 3415 3134 τε
3444 3085 3624 3153 εἰρημέ-

415 3164 794 3232 placentarum
850 3160 1139 3227 venditor,
1194 3175 1315 3230 qua:
1369 3176 1434 3214 ex
1494 3160 1732 3214 liberum
1787 3176 1986 3231 genere

2103 3187 2178 3228 νος
2219 3171 2462 3238 Μαρῖνος
2497 3170 2592 3222 καὶ
2613 3169 2875 3237 ’Δγάπιος
2908 3170 3006 3236 τῆς
3030 3173 3090 3223 ἐν
3119 3171 3337 3243 Ἐφέσῳ
3382 3175 3633 3245 ἐκκλησίας

415 3266 566 3320 sunt,
594 3258 815 3310 nomine
846 3254 1218 3320 Theuctisws,
1251 3255 1566 3326 opinionem
1598 3257 1738 3309 hanc
1767 3271 1992 3323 magno-

416 3369 548 3424 pere
596 3352 867 3408 defendit.
902 3352 945 3404 A
981 3350 1200 3406 Gouliis
1244 3359 1427 3404 autem
1468 3351 1577 3406 illis
1616 3366 1814 3404 nomen
1853 3353 1993 3405 iudi-

417 3452 557 3508 tum,
587 3443 734 3513 quod
772 3442 987 3496 Selinas
1015 3435 1344 3496 Gottboruin
1379 3440 1672 3510 episcopus
1707 3450 1992 3507 tantopere

416 3536 466 3590 ei
520 3534 807 3589 sententia
857 3533 1120 3588 addictus
1189 3531 1317 3598 fuit,
1374 3541 1434 3586 ut
1480 3531 1547 3586 ad
1599 3546 1721 3585 eam
1771 3541 1990 3600 gentem

415 3626 728 3683 Gottliicam
783 3641 1003 3679 omnem
1061 3623 1374 3678 adduxerit.
1427 3621 1562 3677 Nam
1620 3622 1993 3691 obsequentes

415 3718 522 3774 sibi
568 3719 865 3773 admodum
919 3716 1187 3771 Barbaros
1233 3715 1447 3774 habuit.
1484 3715 1745 3768 nimirum
1786 3715 1880 3784 qui
1922 3713 1990 3768 ad

416 3811 726 3867 docendum
762 3827 870 3865 non
905 3811 1081 3864 solum
1117 3809 1294 3880 patria
1332 3824 1551 3871 eorum,
1586 3823 1777 3861 verum
1822 3810 1989 3861 etiam

414 3903 602 3962 Graeca
636 3905 821 3976 lingua
864 3903 1148 3973 appositus
1181 3902 1386 3957 fuerit:
1419 3900 1650 3970 Ulpliilte
1685 3901 1834 3954 illius
1864 3899 1993 3955 Got-

418 4000 642 4056 thorum
689 3997 961 4068 episcopi,
994 3997 1062 4050 de
1103 4012 1214 4066 quo
1259 4011 1426 4065 supra
1469 4011 1689 4064 quoque
1727 3995 1990 4060 diximus,

414 4111 541 4152 cum
572 4109 662 4150 res
685 4092 932 4148 Valentis
959 4106 1386 4161 exponeremus,
1415 4089 1649 4158 primum
1682 4090 1989 4151 subscribe,

417 4189 620 4245 deinde
651 4190 819 4244 etiam
850 4202 1143 4241 successor
1175 4186 1376 4239 factus.
1412 4186 1523 4238 Nec
1555 4184 1628 4238 ita
1665 4184 1838 4238 multo
1871 4192 1994 4252 post

419 4281 709 4336 dissidium
765 4296 988 4352 quoque
1048 4281 1364 4334 intercessit
1419 4277 1468 4331 ei
1532 4291 1696 4345 quem
1755 4277 1992 4332 diximus

419 4371 634 4428 Marino
687 4381 744 4427 et
796 4371 1005 4442 Agapio
1043 4410 1059 4436 ,
1109 4370 1200 4439 qui
1262 4368 1518 4422 factionis
1575 4367 1694 4438 ejus
1748 4367 1992 4422 ecclesiae

418 4464 620 4534 Ephesi
663 4464 956 4534 episcopus
984 4479 1015 4518 a
1057 4463 1266 4517 Marino
1298 4470 1520 4515 creatus
1558 4458 1794 4529 praefuit.
1827 4460 1993 4530 286

415 4557 659 4624 Quorum
692 4558 958 4613 discessio
988 4573 1185 4628 parum
1216 4556 1397 4611 abfuit
1427 4558 1560 4625 quin
1595 4555 1798 4610 bellum
1834 4569 1992 4624 pror-

417 4663 537 4715 sus,
569 4648 787 4703 Gottbis
827 4649 1065 4702 maxime
1113 4648 1322 4717 Agapio
1366 4647 1700 4712 faventibus,
1733 4645 1989 4700 moverit.

417 4742 592 4809 Quam
639 4741 710 4796 ob
751 4757 973 4795 causam
1025 4739 1282 4809 permulti
1334 4739 1715 4808 praefectorum
1765 4755 1991 4794 suorum

2021 4518 2070 4578 Β

2096 3261 2226 3328 παρ’
2249 3262 2434 3321 αὐτοῖς
2464 3260 2886 3328 προϊστάμενος.
2934 3259 2991 3313 Ἠ
3022 3260 3068 3314 δ’
3096 3261 3360 3333 ἐκατέρου
3403 3263 3638 3331 διάκρισις

2095 3353 2332 3420 πόλεμον
2361 3352 2714 3424 ἀνερρίπιζεν
2749 3354 3032 3421 ἄντικρυς,
3060 3353 3169 3406 τῶν
3200 3355 3408 3408 Γότθων
3435 3355 3637 3426 μάλιστα

2095 3444 2509 3512 προσκειμένων
2530 3444 2607 3511 τῷ
2641 3443 2890 3514 Ἀγαπίῳ
2914 3461 2929 3476 ·
2965 3446 3026 3511 ἐξ
3055 3439 3121 3515 ἦς
3152 3446 3332 3508 αἰτίας
3361 3446 3500 3515 λόγος
3523 3448 3638 3499 πολ-

2092 3532 2216 3592 λοὺς
2247 3530 2787 3602 καταμεμψαμένους
2821 3533 2919 3603 τὴν
2949 3534 3060 3586 τῶν
3091 3535 3446 3604 προεστώτων
3470 3537 3636 3606 διαμά-

2093 3639 2197 3692 χην
2229 3641 2289 3674 τε
2323 3625 2420 3678 καὶ
2449 3623 2788 3692 φιλονεικίαν
2816 3628 2882 3697 τῇ
2911 3625 3147 3680 καθόλου
3190 3629 3498 3699 προσελθεῖν
3533 3631 3636 3682 Ἕκα

2094 3715 2313 3786 κλησίᾳ,
2345 3717 2440 3768 καὶ
2483 3717 2767 3781 κοινωνίας
2801 3719 3132 3787 ἀδιακρίτως
3167 3722 3368 3789 τυχεῖν.
3401 3721 3531 3789 Αὕτη
3554 3722 3635 3789 μὲν

2093 3809 2241 3862 αἰτία
2289 3810 2385 3861 καὶ
2413 3809 2475 3861 τὸ
2505 3809 2630 3873 τοὺς
2667 3809 2984 3878 ’Δρειανοὺς
3011 3814 3071 3864 τὸ
3105 3811 3164 3878 ἐξ
3194 3815 3367 3884 ἀρχῆς
3399 3815 3635 3884 χωρισθῆ-

2093 3917 2217 3954 ναι⁸
2252 3901 2310 3968 ἐξ
2339 3902 2551 3955 ἐκείνου
2607 3920 2668 3955 τε
2699 3903 2842 3956 κατὰ
2883 3904 3074 3969 πόλεις
3127 3909 3188 3959 ἐν
3250 3904 3337 3965 αἷς
3390 3911 3510 3960 εἰσιν
3549 3908 3637 3978 ἰδίᾳ

2093 3993 2535 4063 ἐκκλησιάζουσι.
2569 3995 2709 4056 Τοὺς
2739 3997 2794 4048 δὲ
2827 3998 2972 4050 κατὰ
2995 3997 3092 4069 τὴν
3121 3998 3517 4053 Κωνσταντίνου
3541 3999 3634 4050 δια-

2093 4091 2430 4155 φερομένους
2462 4088 2618 4138 πέντε
2643 4092 2737 4139 καὶ
2767 4089 3064 4158 τριάκοντα
3097 4091 3192 4160 ἔτη
3216 4090 3437 4160 ὕστερον
3459 4092 3633 4158 ἤγαγεν

2093 4180 2172 4241 είς
2203 4177 2460 4247 ὁμόνοιαν
2514 4178 2658 4249 ἁνήρ
2691 4197 2776 4243 τις
2805 4181 2867 4246 ἐξ
2897 4182 3143 4244 ὑπάτων,
3201 4183 3430 4246 Πλινθᾶς
3469 4183 3628 4249 ὄνομα,

2093 4273 2351 4343 ὁμόφρων
2393 4273 2493 4345 μὲν
2523 4275 2729 4341 αὐτοῖς,
2750 4277 2919 4330 ἵππου
2967 4277 3024 4331 δέ
3073 4277 3166 4331 καὶ
3199 4279 3368 4348 πεζῆς
3393 4280 3630 4348 δυνάμεως

2092 4365 2191 4434 τὴν
2241 4366 2545 4435 ἠγεμονίαν
2600 4367 2815 4437 λαχὼνο
2866 4367 3143 4437 ἐπίσημος
3171 4368 3216 4420 δ’
3249 4371 3307 4420 ἐν
3362 4373 3461 4432 τοῖς
3503 4369 3627 4438 βασι-

2093 4456 2257 4519 λείοις
2289 4458 2525 4524 μάλιστα
2551 4453 2620 4527 ἦν
2638 4475 2650 4488 ·
2683 4459 2921 4524 ὁπηνίκα
2947 4466 3038 4511 καί
3067 4461 3290 4513 συνόδου
3321 4464 3429 4525 τοῖς
3451 4461 3624 4530 ’Δρεισ-

2097 4549 2206 4608 νοῖς
2235 4547 2558 4617 γενομένης,
2585 4547 2856 4618 ἐψήφιστο
2877 4587 2891 4612 ,
2929 4549 3006 4618 μὴ
3045 4551 3111 4602 ἂν
3140 4550 3331 4602 ἄλλοτε
3361 4551 3450 4613 τὰς
3477 4551 3622 4602 τοιού.

2096 4653 2192 4698 τας
2221 4636 2504 4707 ζητήσεις,
2540 4639 2596 4690 αἳ
2626 4637 2725 4708 τὴν
2773 4638 3057 4692 διάστασιν
3107 4641 3339 4709 ἤγαγον,
3371 4646 3446 4698 εἰς
3493 4643 3621 4709 μέσον

2098 4731 2469 4798 προενεγκεῖν.
2502 4728 2544 4780 Τ
2547 4726 2695 4781 αὕτα.
2721 4728 2821 4796 μὲν
2875 4726 2968 4784 οὖν
3003 4732 3201 4799 μικρὸν
3233 4734 3470 4798 ἐγένοντο
3501 4732 3620 4783 ὕστε-

417 4837 890 4892 concertationem
914 4843 969 4888 et
987 4833 1289 4888 dissidendi
1310 4833 1552 4888 studium
1580 4832 1994 4902 reprehenden-

2103 4837 2192 4890 ρον
2217 4838 2231 4854 ·
2265 4822 2395 4884 ἴσως
2425 4820 2469 4872 δ’
2497 4821 2564 4874 ἂν
2594 4821 2686 4874 καὶ
2732 4822 2888 4875 ἄλλαι
2921 4824 3062 4875 κατὰ
3098 4824 3283 4888 πόλεις
3313 4826 3527 4893 αἱρέσεις
3550 4826 3619 4874 xz".

418 4941 538 4992 tes,
585 4928 654 4982 ad
705 4927 1034 4981 catholicam
1083 4941 1142 4980 se
1188 4926 1490 4980 Ecclesium
1535 4925 1855 4989 contulere,
1897 4925 1990 4995 qui

2103 4915 2393 4983 διαιρέσεις
2441 4915 2710 4981 ἐγένοντο.
2741 4915 2909 4988 ,Ἐμοὶ
2939 4916 2995 4966 δὲ
3027 4917 3086 4966 οὐ
3121 4916 3279 4985 θέμις
3313 4917 3441 4987 πρὸς
3466 4915 3613 4968 λεπτὼ

415 5025 580 5078 etiam
617 5022 770 5076 nullo
799 5020 1117 5075 discrimine
1151 5020 1216 5071 ad
1254 5022 1697 5072 communionem
1732 5027 1863 5074 sunt
1896 5019 1993 5072 ad-

2103 5009 2279 5060 πάντα
2307 5005 2581 5070 διεξιέναι,
2615 5005 2752 5059 ἀλλὰ
2803 5009 2910 5059 τῶν
2954 5008 3184 5076 καιρίων
3219 5010 3382 5078 μόνον
3413 5009 3495 5060 καὶ
3517 5008 3614 5058 ἀνα-

417 5115 594 5172 missi.
629 5114 812 5182 Atque
854 5112 971 5167 haec
1010 5112 1231 5181 quidem
1275 5127 1439 5166 causa
1484 5111 1713 5173 exstitit,
1743 5125 1846 5166 cur
1881 5113 1992 5181 pri-

2103 5101 2308 5167 γκαίων
2332 5099 2667 5167 ἐφάπτεσθαι
2691 5139 2705 5163 ,
2734 5103 2824 5153 καὶ
2858 5101 3097 5168 μάλιστα
3121 5102 3232 5153 τῶν
3257 5103 3358 5154 ἀνά
3385 5101 3473 5171 τὴν
3498 5101 3622 5154 Κων-

414 5227 567 5267 mum
618 5207 807 5264 Ariani
859 5206 1152 5276 segregati,
1196 5207 1248 5260 in
1299 5205 1567 5259 factiones
1610 5191 1876 5259 abierint.
1925 5205 1992 5260 Et

2103 5196 2406 5256 σταντίνου,
2456 5187 2522 5262 ἧς
2573 5191 2686 5258 ἐγὼ
2723 5195 2815 5245 καὶ
2849 5195 3073 5260 θρέμμα
3127 5193 3221 5245 καὶ
3285 5189 3624 5262 γέννημα,,ὠς

417 5321 484 5359 ex
515 5319 584 5359 eo
626 5313 876 5371 tempore
910 5301 1011 5364 illi,
1046 5300 1100 5354 in
1133 5299 1338 5368 quibus
1375 5307 1506 5350 sunt
1549 5297 1808 5360 urbibus,
1837 5311 1988 5351 seor-

417 5399 520 5452 sim
565 5410 698 5451 suos
737 5409 969 5466 qua-que
1017 5401 1325 5446 conventus
1361 5401 1508 5445 secta
1549 5397 1680 5459 agit.
1721 5389 1995 5442 Constan-

417 5489 652 5560 tinopoli
696 5504 850 5553 vero,
887 5500 986 5540 eos
1030 5483 1250 5554 triginta
1297 5494 1353 5538 et
1397 5483 1643 5553 quinque
1683 5481 1842 5535 annis
1879 5481 1994 5534 dis-

418 5582 688 5645 sidentes,
728 5577 950 5632 tandem
991 5575 1058 5631 ad
1095 5571 1451 5637 concordiam
1481 5571 1566 5626 vir
1599 5571 1820 5642 quidam
1865 5586 1997 5625 con-

417 5675 621 5732 suluris
661 5671 909 5729 Plinlhas
943 5668 1042 5737 (‘2),
1079 5676 1242 5723 secta:
1286 5679 1479 5721 eorum
1531 5673 1790 5731 sectator,
1824 5679 1996 5736 eque-

2098 5287 2537 5354 ὲπισημοτέρων,
2586 5287 2678 5337 καὶ
2731 5285 3023 5354 μὴ--λαθεῖν
3063 5285 3396 5355 δυναμένων.
3422 5286 3474 5337 Εἰ
3499 5284 3626 5345 diu,»

2097 5380 2298 5441 σκοπὸς
2334 5380 2458 5448 περὶ
2492 5379 2599 5430 τῶν
2624 5377 2882 5430 τοιούτων
2919 5379 3216 5446 μανθάνειν
3241 5374 3626 5450 αίρέσεων,ὅθεν

2095 5489 2156 5525 τε
2200 5476 2292 5524 καὶ
2317 5472 2465 5535 ὅπως
2485 5471 2739 5541 ῆρξαντο,
2773 5473 2867 5525 καὶ
2902 5475 2996 5526 ἐπὶ
3024 5473 3136 5526 τίσι
3162 5473 3474 5544 προέκοψαν,
3497 5472 3630 5521 ἐντυ-

2097 5572 2212 5641 χεῑν
2245 5570 2632 5640 προτρέπομεν
2675 5570 2784 5630 τοῖς
2839 5570 3136 5640 Παναρίοις
3157 5587 3171 5599 ·
3210 5571 3404 5640 βιϐλίον
3426 5570 3473 5622 δέ
3493 5563 3630 5616 τοῦτο

2110 5660 2420 5730 Ἐπιφανίῳ
2467 5659 2544 5729 τῷ
2575 5659 2671 5725 τῆς
2711 5658 2944 5728 Κύπρου
2973 5661 3313 5732 ἠγησαμένῳ
3337 5657 3629 5714 maeonia.

485 5864 562 5940 (1)
590 5863 698 5921 Alii
727 5879 742 5920 :
773 5856 1382 5930 Eunomioeutychiani.
2171 5848 2247 5928 β)
2286 5847 2508 5906 Sozam.
2549 5845 2700 5903 addit
2721 5847 3060 5903 consularem
3091 5846 3278 5904 fuisse.
