3918 6554
264 353 364 426 sis
1188 337 1782 419 ECCLEsmsrtézs
1816 345 2200 418 ntsTORLe
2230 344 2378 418 LIB.
2427 345 2567 416 th.
3391 345 3501 412 91.6

266 473 492 543 κλησίας
511 489 528 505 ο
559 470 638 525 ἔτι
666 471 722 525 δὲ
755 469 849 525 καὶ
877 469 1207 542 Θεοδωρήτῳ
1228 471 1306 540 τῷ
1329 471 1428 532 τῆς
1452 471 1817 543 Κυρεστηνῶν

1935 471 2144 530 stribus
2205 469 2370 524 simul
2425 478 2482 525 et
2539 463 2892 538 pedestribus
2951 463 3127 535 copiis
3184 463 3503 534 prielectus,

261 566 708 638 προεδρεύσαντι.
741 565 835 618 καὶ
864 565 941 636 τῷ
966 564 1239 634 θεσπεσίῳ
1267 563 1495 634 Ἰωάννῃ
1523 564 1599 634 τῷ
1633 565 1699 617 ὲκ
1725 566 1825 615 Δα-

1935 562 2114 632 magni
2165 562 2219 616 in
2267 560 2394 614 aula
2445 557 2714 628 imperiali
2769 556 3042 620 nominis,
3091 555 3334 610 reduxit.
3385 555 3504 621 Quo

264 656 472 726 μασκοῦ
497 671 511 686 ⁸
545 656 716 709 πολλὰ
761 656 869 727 γὰρ
921 656 1016 709 καὶ
1068 654 1235 725 ἄμφω
1265 656 1394 725 περὶ
1442 657 1650 708 τούτων
1684 652 1824 718 διεξ-

1935 667 2184 726 tempore
2225 654 2434 725 synodo
2463 653 2626 708 etiam
2659 652 2728 707 ab
2762 649 2980 706 Arianis
3012 660 3201 705 coacta
3233 657 3498 703 statutum

264 752 393 804 ίατι.
1929 755 2034 809 est,
2077 759 2146 798 ne
2191 743 2412 813 quando
2457 743 2686 812 posthac
2731 740 3100 811 qumstiones,
3147 755 3269 808 qua:
3315 755 3494 794 seems-

260 844 470 896 sionem
511 849 716 896 tantam
765 841 1106 900 attulissent.
1146 840 1202 894 in
1262 838 1505 892 medium
1578 837 1983 907 proferrentur.
2056 836 2182 890 llaec
2257 836 2478 906 quidem
2527 835 2690 903 paulo
2737 843 2860 904 post
2907 833 3067 887 facta.
3111 832 3363 886 Fortasse
3401 847 3503 884 av-

262 947 366 991 tem
401 939 524 991 alite
564 951 785 1005 quoque
837 937 892 989 in
947 934 1178 988 urbibus
1213 932 1414 1001 passim
1458 942 1622 987 sectae
1650 941 1708 986 et
1777 931 2054 986 sectiones
2121 929 2450 984 Arianorum
2485 929 2661 990 fuere.
2727 943 2862 996 quas
2897 926 3031 980 milii
3068 941 3260 980 omnes
3309 935 3500 978 exaCfc

261 1029 466 1083 referre
503 1031 584 1084 l'as
615 1045 723 1082 non
764 1039 866 1083 est.
909 1028 1014 1084 Sed
1062 1021 1194 1082 satis
1240 1026 1408 1080 fuerit
1471 1041 1619 1080 nunc
1653 1066 1668 1091 ,
1713 1027 2016 1095 praecipuas
2067 1035 2122 1080 et
2170 1023 2509 1078 necessarias
2559 1023 2842 1091 attigisse.
2893 1032 2948 1076 et
3011 1036 3105 1075 eas
3155 1019 3500 1088 potissimum

257 1137 376 1193 quae
401 1122 905 1191 Constantinopoli,
931 1123 1088 1192 cujus
1114 1137 1216 1191 ego
1243 1120 1502 1174 alumnus
1563 1129 1620 1172 et
1683 1118 1901 1173 soboles
1939 1133 2081 1182 sum,
2111 1117 2267 1173 fuere
2304 1136 2315 1171 :
2352 1117 2554 1186 quippe
2597 1131 2718 1185 quae
2761 1114 3136 1185 praeclariores
3181 1113 3304 1166 aliis
3338 1128 3444 1168 exs
3466 1115 3508 1162 i-

261 1225 393 1276 tere.
425 1223 478 1268 et
527 1222 815 1284 propterea
864 1213 1035 1267 latere
1083 1228 1191 1265 non
1239 1219 1558 1279 potuerunt.
1607 1208 1660 1263 Si
1702 1209 1827 1278 quis
1867 1219 2050 1263 autem
2119 1209 2411 1263 consilium
2477 1208 2810 1278 ejuseemodi
2847 1207 3134 1260 hrcresium
3169 1221 3508 1274 cognoscen-

259 1308 447 1360 darum
479 1309 646 1378 cepit.
678 1306 820 1360 unde
849 1314 906 1360 et
955 1304 1236 1374 quomodo
1267 1304 1423 1362 initia
1454 1319 1555 1358 sua
1622 1307 1979 1371 sumpserint,
2017 1311 2072 1356 et
2146 1303 2350 1371 quibus
2384 1302 2708 1356 auctet'ibus
2776 1303 3113 1355 incrementa
3143 1316 3238 1352 sua
3286 1313 3514 1367 accepe-

260 1403 387 1466 rint,
416 1419 544 1458 eum
585 1413 642 1458 ut
676 1402 910 1457 Panaria
960 1401 1038 1472 (4)
1082 1401 1225 1470 legat
1258 1400 1454 1455 hortor
1491 1417 1504 1453 :
1581 1399 1722 1454 liber
1769 1407 1955 1453 autem
2029 1398 2076 1452 is
2140 1399 2209 1452 ab
2279 1398 2615 1468 Epiphanio.
2649 1399 2741 1466 qui
2783 1398 3071 1453 ecclesiam
3113 1396 3276 1466 Cypri
3334 1396 3515 1450 admi-

261 1496 530 1561 nistravit,
571 1495 755 1550 editus
795 1504 927 1561 est;
987 1504 1251 1564 praeterea
1299 1492 1696 1547 Tlieodoritum
1766 1490 1894 1561 Cyri
1947 1492 2304 1561 episcopum,
2365 1499 2531 1562 atque
2607 1492 2835 1560 insuper
2900 1491 3280 1546 admirandum
3359 1489 3513 1543 illum

257 1588 523 1660 Joannem
557 1589 954 1644 Damascenum
983 1605 998 1642 :
1027 1602 1152 1641 nam
1183 1597 1240 1642 et
1274 1585 1328 1640 hi
1361 1586 1524 1640 ambo
1555 1587 1828 1655 permulta
1870 1586 1940 1642 de
1980 1587 2048 1640 iis
2083 1587 2386 1642 disserunt.

833 1725 1085 1797 ιςΕφΑΛ.
1121 1723 1252 1779 KA'.

2393 1720 2555 1790 237
2595 1711 2820 1776 CAPUT
2859 1714 3057 1774 XXXl.

287 1841 366 1905 Ως
399 1837 498 1892 καὶ
533 1835 890 1891 Ναυατιανοί
918 1835 1068 1902 πρὸς
1098 1834 1416 1905 ἀλλήλους
1449 1831 1825 1905 στασιάσαν-

1937 1833 2003 1888 Ut
2039 1836 2200 1886 etiam
2222 1833 2541 1905 Novatianj.
2562 1850 2653 1901 per
2678 1834 2987 1905 seditionem
3020 1842 3237 1905 propter
3265 1834 3513 1902 questioo

225 1903 227 1906 ί
325 1901 424 1973 τες
457 1908 554 1961 διὰ
587 1907 702 1972 τὴν
751 1906 856 1959 τοῦ
881 1901 1094 1970 Πάσχα
1143 1902 1411 1969 ζήτησιν.
1441 1901 1648 1973 ἑτέραις
1679 1915 1828 1954 συν-

324 1970 671 2042 εστήσαντο
701 1976 938 2043 αἵρεσιν
965 1975 1081 2042 τὴν
1129 1973 1250 2026 τῶν
1281 1970 1696 2026 Σαϐϐατιαγῶν
1729 1974 1829 2024 .18-

324 2049 610 2118 γομένην.
1036 2126 1045 2135 ι

328 2157 485 2210 Κατὰ
509 2155 696 2208 τοῦτον
733 2154 789 2207 δὲ
825 2153 916 2207 τὸν
945 2152 1139 2223 χρόνον
1175 2152 1271 2205 διαὶ
1315 2152 1648 2206 Ναυατιανυ“ι
1692 2154 1830 2221 πρλς

256 2251 398 2316 σφᾶς
439 2247 806 2317 διενεχθέντες
832 2246 928 2299 ἀπ’
962 2246 1210 2314 ἀλλήλων
1239 2262 1296 2298 τε
1327 2246 1700 2315 διεκρίθησαν,
1738 2249 1832 2299 καὶ

254 2341 351 2410 τὴν
386 2340 496 2393 τῶν
530 2337 878 2408 καλουμένων
906 2337 1296 2390 Σαῦὁατιανῶν
1327 2337 1541 2405 αἵρεσιν
1568 2338 1831 2406 συνεστή-

256 2447 442 2488 σαντο.
474 2431 584 2486 Ἦν
614 2436 722 2502 γάρ
762 2450 846 2495 τις
876 2437 1009 2500 παρ’
1046 2432 1274 2495 ἐκείνοις
1301 2432 1672 2503 πρεσϐύτερος
1696 2433 1830 2485 Σαδ-

255 2525 443 2586 sane;
483 2525 676 2592 ὄνομα,
724 2523 860 2593 πρὸς
893 2521 1214 2592 Μαρκιανοῦ
1256 2523 1496 2590 εἰληφὼς
1523 2525 1622 2592 τὴν
1652 2540 1831 2594 χειρο-

253 2619 438 2670 τονίαν
459 2634 475 2649 ο
535 2616 592 2678 ὃς
624 2617 731 2670 ἀπὸ
763 2615 1037 2668 Ἰουδαίων
1064 2615 1320 2683 ἐλόμενος
1351 2615 1419 2667 τὰ
1459 2616 1834 2685 Χριστιανῶνς

253 2707 412 2760 οὐδὲν
439 2701 602 2777 ἦττον
626 2708 691 2775 τῇ
720 2704 991 2774 προλήψει
1020 2704 1295 2757 δουλεύειν
1324 2705 1625 2768 ἐσπούδαζε
1646 2721 1660 2735 ο
1693 2707 1828 2774 πρὸς

253 2799 313 2852 δὲ
346 2799 442 2851 καὶ
471 2798 657 2867 κρύφα
703 2797 801 2867 τῆς
835 2797 1142 2866 ἐπισκοπῆς
1179 2798 1581 2868 μετεχειρίζετο
1629 2798 1817 2867 δράξα-

254 2892 384 2944 σθαι
413 2910 429 2923 ·
468 2891 525 2952 ὃς
551 2889 766 2960 σύναμα
797 2888 1108 2956 Θεοκτίστῳ
1139 2889 1231 2941 καὶ
1259 2889 1555 2958 Μακαρίῳ.
1586 2889 1826 2956 πρεσϐυ-

251 2983 437 3050 τέροις
492 2983 588 3034 καί
649 2981 830 3042 αὐτοῖς
866 2979 1038 3043 οὖσιν,
1076 2979 1124 3031 οἳ
1175 2982 1286 3041 τοῖς
1320 2981 1374 3031 ἐν
1431 2978 1608 3044 Πάζου
1667 2979 1826 3050 κώμῃ

252 3071 609 3126 συνελθοῦσιν
663 3071 972 3140 ἐφείποντο,
1025 3070 1263 3140 ὁπηνίκα
1319 3071 1536 3138 Οὐάλης
1581 3072 1672 3121 ἐπὶ
1720 3072 1828 3122 τῶν

2013 1921 2128 1956 nem
2154 1903 2450 1955 celebrandi
2474 1893 2748 1956 Paschalis
2780 1906 2918 1955 inter
2949 1893 3372 1966 sta-dissidentes,
3406 1905 3513 1957 hab

2009 1977 2166 2027 resin:
2201 1971 2645 2027 Sabbatianorum
2668 1973 3053 2026 constituerint.

2012 2155 2118 2208 Per
2171 2153 2313 2230 ide'tn
2365 2163 2581 2222 tempus
2629 2151 2918 2208 Novatiani
2975 2167 3197 2222 quoque
3254 2153 3398 2208 inter
3451 2167 3511 2207 se

1937 2247 2292 2312 dissidentes,
2325 2263 2423 2316 per
2457 2249 2848 2307 secessionem,
2879 2246 3360 2310 Sabbatianorum,
3387 2259 3512 2314 quae

1939 2351 2193 2407 vocatur,
2236 2341 2486 2400 ἣξει-θείη]
2533 2341 2962 2394 constituerunt.
3007 2337 3134 2392 Erat
3165 2337 3314 2392 enim
3362 2337 3508 2406 apud

1939 2447 2036 2488 eos
2081 2433 2368 2504 presbyter
2415 2434 2637 2502 quidam
2687 2432 2983 2485 Snbbalius
3025 2431 3269 2494 nomine,
3303 2445 3333 2483 a
3373 2429 3512 2483 Mar-

1938 2525 2096 2578 ciano
2128 2525 2419 2578 ordinatus
2452 2541 2466 2576 :
2499 2524 2592 2592 qui
2626 2523 2770 2590 quod
2805 2537 2870 2576 ex
2906 2523 3111 2578 Judaeis
3139 2522 3206 2576 ad
3232 2521 3508 2576 Christia-

1938 2615 2178 2668 nismum
2233 2614 2600 2683 pervenisset,
2652 2613 3012 2667 nihilominus
3061 2624 3405 2682 prwsumptaa
3449 2621 3508 2666 et

1939 2707 2253 2774 anticipata:
2298 2705 2615 2760 Judseorum
2662 2704 2912 2772 opinioni
2953 2703 3230 2757 inservire
3268 2701 3506 2764 studuit,

1936 2806 1992 2851 et
2025 2797 2162 2851 clam
2199 2796 2363 2848 etiam
2399 2796 2774 2863 episcopatum
2809 2792 3113 2858 affectavit;
3152 2807 3364 2846 necnon
3397 2809 3506 2846 una

1937 2903 2060 2942 cum
2108 2886 2428 2941 Theoctisto
2475 2897 2532 2940 et
2574 2885 2907 2939 Macario‘et
2957 2885 3090 2953 ipsis
3141 2885 3502 2952 presbyteris,

1936 2982 2018 3036 eis
2061 2981 2494 3042 adhaerentibus,
2525 2980 2616 3048 qui
2667 2980 2770 3032 sub
2809 2979 3056 3033 Valentis
3100 2979 3332 3046 imperio
3371 2995 3506 3032 con-

1938 3085 2160 3129 ventum
2211 3075 2266 3128 in
2322 3072 2466 3126 Pazo
2519 3072 2640 3126 vico
2696 3071 3041 3131 habuerant.
3101 3071 3298 3126 festum
3355 3071 3502 3125 diem

250 3167 554 3236 σκήπτρων
602 3159 703 3233 ἦν,
745 3162 900 3232 ⁴ἠξίου
958 3162 1057 3224 τὴν
1099 3161 1297 3230 ¹ιῑεορτὴν
1340 3160 1436 3212 τοῦ
1488 3162 1676 3230 Πάσχα
1711 3162 1825 3229 ἅμα

1937 3167 2161 3222 Pascha;
2181 3182 2307 3220 cum
2332 3165 2535 3220 Judaeis
2559 3165 2882 3220 celebravit.
2911 3167 2987 3218 Ac
3017 3165 3249 3232 primum
3279 3165 3500 3234 quidem

263 3257 551 3319 Ἰουδαίοις
584 3256 871 3310 ἐπιτελεῖν.
929 3254 1040 3307 Καὶ
1079 3254 1273 3323 πρῶτα
1311 3255 1408 3322 μὲν
1457 3253 1557 3321 τῆς
1588 3269 1646 3304 τε
1681 3253 1828 3305 πολι-

250 3348 408 3409 τείας
441 3349 604 3416 χάριν
631 3346 863 3415 (ἀρίστῳ
897 3343 1008 3414 γὰρ
1039 3343 1138 3412 βίῳ
1171 3345 1368 3412 ἐχρῆτο
1397 3341 1704 3412 ἀσκήσεως)
1735 3344 1828 3397 τοῦ

247 3439 480 3493 ἐκείνων
514 3439 860 3506 συστήματος
887 3435 1180 3506 ἐχωρίζετο
1205 3451 1219 3464 ·
1252 3434 1441 3487 ἔπειτα
1470 3435 1526 3487 δὲ
1557 3436 1650 3488 καί
1678 3453 1830 3498 τινας

245 3531 512 3595 ἀναξίους
557 3531 808 3596 οἰόμενος
836 3527 936 3596 τῆς
984 3527 1093 3578 τῶν
1123 3526 1282 3579 θείων
1331 3527 1690 3596 μεταλήψεως
1724 3546 1828 3597 μυ-

251 3626 519 3696 στηρίων,
550 3623 706 3676 τοῦτο
728 3623 1004 3692 πρόφασιν
1050 3622 1211 3687 δῆθεν
1244 3621 1590 3690 ποιούμενος,
1624 3622 1825 3692 utrepe-

246 3719 392 3771 τίθει
430 3718 527 3784 τὴν
559 3716 768 3785 ἑορτήν.
810 3716 898 3776 Ὠς
924 3714 980 3766 δὲ
1025 3714 1181 3782 δῆλος
1203 3709 1272 3782 ἦν
1301 3712 1540 3782 νεώτερα
1568 3714 1826 3783 εἰσηγού-

252 3826 441 3879 μενος,
475 3809 791 3878 Μαρκιανὸς
826 3808 924 3875 μὲν
973 3808 1167 3860 ἑαυτὸν
1217 3809 1316 3876 τῆς
1349 3808 1548 3858 ἀτόπου
1580 3823 1826 3876 χειροτο-

247 3906 370 3966 νίας
431 3903 525 3955 ἐπὶ
580 3901 867 3970 Σαεὸατίῳ
923 3900 1247 3968 ἐμέμφετο.
1307 3899 1564 3962 πολλάκις
1631 3898 1824 3964 είπὼν,

255 4017 273 4050 ι
314 3998 582 4066 Ἄμεινον
611 3995 720 4064 ἄρα.
744 3988 814 4063 ἦν
849 3992 937 4044 ἐπ’
967 3993 1252 4055 ἀκάνθαις,
1288 3991 1320 4060 ἢ
1361 3991 1553 4060 ἐκείνῳ
1585 3991 1680 4052 τὰς
1707 3993 1823 4058 χεῖ-

254 4109 358 4160 ρας
417 4088 718 4142 ἐπιϐαλεῖν.
755 4104 774 4138 ι
818 4085 902 4147 Ὠς
934 4085 977 4137 δ’
1003 4083 1151 4154 ἑώρα
1176 4085 1278 4152 τὴν
1324 4083 1416 4135 ὑπ’
1444 4083 1593 4153 αὑτῷ
1627 4086 1826 4152 tantqu

253 4183 379 4233 σίαν
406 4179 533 4248 διχῆ
583 4175 1043 4244 διατεμνομένην,
1078 4174 1174 4226 καὶ
1208 4173 1347 4243 πρὸς
1397 4173 1588 4243 ἕτερον
1619 4176 1825 4245 μεταρι

254 4275 508 4343 ῥέουσαν,
540 4273 662 4333 τοὺς
691 4270 790 4340 τῆς
819 4268 966 4337 αὐτῷ
996 4266 1389 4328 κοινωνοῦντας
1415 4268 1676 4336 αἱρέσεως
1700 4269 1823 4318 ἑπι-

253 4369 495 4427 σκόπους
528 4363 686 4424 εὐθὺς
719 4365 797 4425 είς
849 4360 1134 4431 Σάγγαροον
1169 4359 1585 4426 μετεστέλλετοο
1627 4359 1823 4428 χωρίον

251 4459 306 4511 δὲ
337 4459 504 4511 τοῦτο
529 4457 628 4523 τῆς
656 4453 895 4506 Βιθυνῶν
940 4451 1207 4521 ἐπαρχίας
1243 4450 1377 4520 πρὸς
1403 4450 1680 4502 θάλασσαν
1710 4448 1824 4500 κεί-

1933 3267 2161 3329 propter
2186 3260 2312 3312 vitae
2340 3258 2654 3312 institutum
2684 3258 2867 3326 (quam
2895 3257 3160 3326 optimam
3185 3258 3504 3312 monasticis

1932 3353 2216 3406 exercitiis
2254 3352 2495 3421 agebat),
2524 3367 2554 3404 a
2594 3349 3026 3404 Novatianorum
3064 3365 3123 3404 se
3151 3365 3384 3419 corpore
3413 3367 3504 3403 se-

1928 3442 2154 3511 iunxit:
2187 3441 2384 3496 deinde
2423 3456 2552 3495 vero
2597 3440 2861 3509 quosdam
2905 3440 3330 3510 participatione
3360 3439 3502 3494 divi-

1933 3552 2130 3591 norum
2182 3537 2567 3606 mysteriorum
2611 3536 2868 3604 indignos
2911 3545 3195 3604 reputans,
3227 3534 3502 3604 talemque

1932 3637 2256 3696 prmtextum
2307 3629 2642 3690 obtendens,
2691 3642 2818 3680 eum
2863 3643 3026 3697 quem
3075 3625 3314 3680 diximus
3355 3625 3500 3679 diem

1931 3720 2129 3772 festum
2163 3720 2215 3773 in
2247 3720 2394 3772 aliud
2424 3719 2727 3783 transtulit,
2766 3717 2835 3771 de
2859 3718 3176 3773 Iudaeorum
3227 3717 3501 3771 sententia

1930 3811 2163 3875 scilicet,
2202 3821 2438 3879 tempus.
2479 3811 2775 3879 Postquam
2828 3820 3012 3864 autem
3069 3808 3361 3863 manifesto
3407 3823 3505 3876 ap-

1931 3903 2134 3971 paruit,
2169 3918 2254 3956 res
2294 3917 2463 3955 novas
2504 3918 2630 3954 eum
2678 3902 2882 3962 moliri.
2917 3901 3224 3955 Marcianus
3253 3901 3497 3970 seipsqu

1932 4005 2155 4062 propter
2211 3994 2582 4061 importunam
2635 3993 2886 4047 Sabbntii
2947 3994 3349 4047 ordinationem
3410 4008 3500 4047 re-

1930 4088 2266 4155 prehendit:
2302 4087 2594 4140 identidem
2639 4087 2822 4139 dicere
2879 4087 3094 4147 solitus,
3142 4104 3160 4135 ι
3207 4085 3400 4138 Melius
3439 4100 3500 4140 se

1930 4180 2202 4233 facturum
2245 4178 2432 4240 fuisse,
2467 4178 2510 4232 si
2543 4178 2716 4247 spinis
2752 4177 2936 4244 potius
2963 4192 3126 4245 quam
3162 4176 3241 4230 illi
3272 4191 3496 4230 manum

1929 4271 2303 4340 imposuisset.
2349 4289 2370 4322 ι
2413 4274 2586 4340 Atque
2641 4271 2732 4324 ubi
2786 4271 2832 4322 is
2881 4269 3169 4323 ecclesiam
3229 4283 3382 4322 suam
3438 4269 3495 4323 in

1929 4376 2110 4434 partes
2136 4364 2273 4418 duas
2303 4363 2554 4428 divisam,
2592 4372 2646 4416 et
2691 4362 2956 4430 quosdam
2991 4359 3057 4414 ad
3091 4361 3258 4414 alium
3290 4359 3497 4415 descis-

1927 4471 2054 4512 cere
2101 4457 2270 4519 vidit,
2319 4459 2605 4525 episcopos
2658 4455 2881 4508 haeresis
2932 4470 3064 4518 suae,
3109 4455 3203 4524 qui
3250 4469 3375 4509 cum
3427 4469 3496 4509 eo

256 4568 440 4620 μενον,
476 4549 536 4602 οὐ
573 4549 719 4601 πάνυ
741 4547 929 4615 πόρρω
959 4545 1238 4612 διεστηκὸς
1268 4545 1360 4612 τῆς
1391 4542 1783 4604 Ἐλενοπόλεως
1804 4558 1818 4572 ο

1935 4547 2434 4610 communicabaut.
2471 4548 2653 4601 statim
2681 4546 2991 4616 Sangarum
3021 4547 3362 4601 convocavit.
3397 4546 3495 4602 Est

251 4646 387 4696 ὅπου
424 4641 491 4710 δὴ
534 4639 875 4699 συνελθόντες
913 4634 1309 4702 μετεκαλοῦντο
1348 4635 1442 4686 καὶ
1479 4634 1568 4686 τὸν
1611 4635 1822 4687 Σαὸὀά-

251 4754 386 4789 τιον.
430 4735 520 4794 Ὠς
550 4733 605 4783 δὲ
631 4731 692 4783 τὸ
740 4729 835 4798 τῆς
863 4727 1038 4796 λύπης
1069 4729 1238 4779 αἴτιον
1270 4730 1554 4796 απῃτεῐτο,
1589 4728 1687 4796 τὴν
1726 4729 1822 4794 τῆς

253 4831 447 4900 ἑορτῆς
516 4823 705 4892 εἰσῆγε
750 4822 1049 4890 διαφοράν·
1099 4821 1209 4872 δεῖν
1259 4824 1364 4889 γὰρ
1422 4820 1576 4887 ἔλεγε
1617 4820 1822 4888 ταύτην

253 4919 527 4972 ἐπιτελεῖν
557 4917 630 4978 ὡς
664 4915 759 4967 καὶ
795 4913 1038 4966 Ἰουδαῖοι
1068 4910 1306 4972 τελοῦσι,
1348 4911 1442 4963 καὶ
1471 4912 1520 4962 οἱ
1569 4911 1627 4961 ἐν
1660 4911 1823 4977 Πάζῳ

251 5013 309 5063 οὒ
336 5010 449 5078 πρὸ
501 5003 695 5058 πολλοῦ
751 5003 1092 5063 συνελθόντες
1127 5001 1432 5053 ὲτύπωσαν.
1464 5001 1526 5051 Ol
1552 5001 1608 5052 δὲ
1659 5018 1824 5070 προε-

248 5103 400 5171 δρίας
431 5102 598 5170 ἔρωτι
627 5099 751 5151 τάδε
777 5096 940 5148 αὐτὸν
987 5095 1326 5163 σκήπτεσθαι
1361 5096 1416 5146 ὲν
1457 5094 1534 5163 νῷ
1580 5095 1818 5163 θέμενοι,

250 5196 432 5264 ὅρκοις
461 5190 904 5262 ἐξησφαλίζοντο,
937 5176 1010 5248 ὡς
1061 5188 1158 5238 οὐκ
1188 5187 1252 5238 ἄν
1301 5202 1430 5238 ποτε
1469 5187 1642 5238 ἕλοιτο
1673 5186 1820 5255 αὐτῷ

252 5286 507 5356 γενέσθαι
555 5284 870 5342 ἐπίσκοπος.
908 5279 1012 5331 Τοῦ
1068 5280 1124 5331 δὲ
1159 5279 1325 5347 Δὅρκῳ
1387 5280 1818 5346 ὁμολογήσαντος
1861 5320 1864 5324 .

255 5382 328 5450 μὴ
350 5379 452 5448 τὴν
491 5375 781 5446 προεδρίαν
806 5371 1221 5435 καταδέξασθαι,
1247 5371 1450 5438 ταύτην
1473 5369 1651 5422 αἰτίαν
1674 5373 1818 5422 ὲκεί-

251 5488 330 5524 νοι
360 5473 438 5541 μὴ
488 5468 838 5537 λογισάμενοι
893 5465 1081 5532 ἱκανὴν
1138 5465 1238 5534 τὴν
1281 5463 1605 5531 Ἐκκλησίαν
1636 5463 1818 5515 αὐτῶν

323 5649 401 5719 (ι)
423 5649 714 5703 Panarium
734 5647 838 5703 hoc
868 5661 1005 5716 opus
1029 5645 1190 5719 etiam
1219 5641 1592 5719 ’ᾼγκυρωτὺν
1614 5645 1818 5702 dicitur

255 5715 392 5782 apud
429 5719 640 5772 Soerat.
677 5719 774 5773 lib.
807 5715 1000 5786 v,cap.
1024 5717 1112 5770 24.
1144 5715 1248 5768 Sed
1288 5725 1580 5784 utrumque
1627 5728 1681 5768 et
1721 5719 1818 5770 Pa-

256 5790 388 5842 narii
438 5802 490 5843 et
535 5789 791 5858 Ancyroti
843 5804 981 5856 opus
1011 5787 1228 5839 diverso
1269 5787 1486 5839 neruiue
1525 5786 1709 5840 Cra-ce
1757 5799 1812 5841 et

1929 4641 1975 4694 is
1999 4640 2156 4694 locus
2173 4639 2534 4710 Bithynorum
2566 4641 2881 4706 provinciae,
2911 4640 2976 4693 ad
3007 4655 3177 4703 mare.
3201 4657 3308 4695 non
3335 4639 3496 4707 longe

1927 4730 1994 4783 ab
2029 4730 2349 4798 Helenopoli
2393 4730 2552 4783 situs.
2596 4730 2674 4783 Eo
2711 4713 2933 4798 qumque
2962 4731 3032 4785 ab
3061 4731 3336 4803 episcopis
3367 4749 3495 4788 cou-

1927 4821 2165 4889 gregalis
2189 4821 2485 4875 Sabbatius
2511 4830 2774 4875 evocatus
2803 4831 2906 4876 est.
2938 4821 3016 4875 lbi
3043 4838 3264 4877 causam
3296 4839 3496 4878 moero-

1928 4917 2004 4966 ris
2044 4914 2128 4968 sui
2179 4913 2365 4968 dicere
2398 4913 2608 4979 jussus,
2646 4914 2770 4968 festi
2804 4915 2912 4968 diei
2943 4916 3064 4982 ejus
3095 4915 3492 4971 dissensionem

1925 5008 2204 5076 allegavit.
2235 5007 2371 5060 Nam
2415 5021 2541 5060 cum
2582 5023 2705 5060 cum
2741 5005 2967 5068 Judwis.
2997 5008 3158 5063 sicuti
3190 5010 3354 5062 etiam
3384 5027 3490 5064 non

1927 5099 2000 5150 ita
2029 5096 2262 5165 pridem,
2296 5096 2386 5164 qui
2419 5096 2472 5149 in
2504 5097 2648 5149 Pazo
2681 5096 2916 5167 Phrygio
2943 5098 3064 5151 vico
3095 5112 3491 5160 convenerant.

1923 5189 2265 5251 statuissent,
2306 5189 2676 5257 peragendum
2719 5205 2841 5243 esse
2888 5190 3049 5244 dixit.
3089 5191 3360 5246 Caeterum
3416 5194 3492 5248 illi

1924 5287 2215 5346 propterea
2268 5279 2374 5332 hoc
2419 5294 2545 5332 eum
2593 5295 2703 5348 pra:
2745 5294 2803 5333 se
2853 5280 3000 5334 ferre
3047 5284 3488 5352 considerantes,

1923 5371 2069 5438 quod
2116 5370 2181 5423 ad
2229 5372 2607 5438 episcopatum
2653 5371 2958 5436 anlielaret,
2990 5372 3356 5442 jurisjuraudi
3404 5392 3504 5433 sa-.

1921 5470 2204 5516 crauiento
2247 5476 2373 5514 eum
2410 5461 2849 5528 obstrinxerunt,
2886 5478 2953 5518 ne
2992 5480 3233 5534 unquam
3268 5468 3489 5538 episco-

1920 5643 2111 5698 Latiue
2157 5646 2582 5719 editum__exstat
2617 5660 2632 5710 ;
2669 5647 2783 5702 'lioc
2831 5649 3319 5719 compendiosum,
3351 5651 3486 5710 illud

1921 5731 2212 5784 sanequam
2258 5715 2550 5784 prolixum.
