3918 6546
216 427 326 490 853

1146 409 1750 476 ECCLESIASTICM
1790 405 2181 470 HISTORIAS
2222 405 2372 465 LIB.
2408 403 2546 465 XII“.

3367 395 3474 457 854

214 538 440 590 videtur
463 574 478 598 ,
521 528 986 600 quem-admodum
1017 525 1120 579 alia
1155 524 1389 594 plurima
1430 519 1712 592 plerisque
1773 517 1828 572 in
1867 517 2006 572 locis
2039 531 2193 571 suam
2227 516 2520 570 obtinuere
2551 490 3032 573 consuetudinem,
3065 507 3142 562 ita
3170 507 3222 561 id
3253 522 3475 577 quoque

215 633 292 686 de
324 628 544 684 Pascha:
577 626 718 682 festo
754 623 1052 687 accidisse;
1082 619 1228 690 quod
1258 634 1324 674 ex
1362 633 1516 673 more
1555 615 1788 686 quodam
1829 613 1973 684 apud
2038 623 2248 682 gentes,
2311 626 2543 682 quaeque
2578 624 2731 664 suam
2760 603 2960 662 habuit
2987 603 3430 660 observationem
3461 619 3473 654 :

219 733 283 778 ut
331 721 466 778 satis
519 720 869 774 mani'testum
927 717 1029 781 sit,
1082 713 1356 768 neminem
1409 710 1786 782 apostolorum
1826 707 2125 778 quidquam
2178 706 2248 762 de
2337 705 2476 762 festo
2565 703 2670 758 hoc
2727 701 2818 757 die
2869 699 3002 770 legis
3049 697 3288 753 factione
3340 710 3468 751 eon-

214 816 486 870 stitnisse.

807 929 1056 983 ΚΕΦΑΛ.
1095 927 1217 982 AI".

219 1023 351 1076 Ὀῖι
387 1021 512 1086 τοῖς
554 1019 834 1084 παλαιοῖς
871 1020 990 1072 ἔθει
1027 1016 1252 1086 ἀρχαίῳ
1285 1012 1595 1086 μᾶλλοηῆ
1637 1008 1799 1086 νᾴμῳ

291 1078 552 1146 ὲτελεῖὲο
571 1091 641 1144 ἐκ
663 1078 1248 1157 πειρᾰδόσεοις’ἦ’τοῦ
1281 1078 1495 1152 Πάσχα
1528 1078 1728 1150 ἑορτή.

293 1276 419 1327 ὐτι
455 1274 500 1327 δ’
527 1273 586 1338 ἐξ
625 1273 800 1342 ἀρχῆς
841 1269 954 1325 ἔθει
997 1270 1201 1340 μᾶλλον
1245 1268 1277 1340 ἦ
1319 1267 1485 1337 νόμῳ.
1509 1266 1570 1319 τδ
1609 1263 1802 1333 Πάσχα

219 1369 322 1439 τὴν
356 1369 742 1438 παρατήρησιν
773 1365 930 1434 ἔσχεν
953 1406 968 1430 ,
999 1366 1061 1417 ὲκ
1098 1363 1205 1415 τῶν
1237 1363 1582 1430 πραγμάτων
1615 1355 1803 1423 σαφῶς

222 1459 677 1529 παραστήσομεν.
730 1456 837 1508 Καὶ
888 1455 998 1526 γὰρ
1046 1453 1186 1507 κατὰ
1234 1453 1335 1524 τὴν
1386 1453 1590 1523 μικρὰν
1619 1450 1805 1503 Ἀσίαν

223 1549 335 1601 ἀπὸ
378 1549 488 1600 τῶν
527 1548 846 1600 ἀποστόλων
888 1538 960 1599 τδ
992 1545 1267 1598 Σάϐϐατον
1309 1543 1665 1614 παριδόντες,
1706 1542 1806 1611 τὴν

223 1639 832 1707 τεσσαρεσκαιδεκάτην
878 1639 974 1707 τῆς
1025 1636 1254 1705 σελήνης
1306 1635 1601 1705 ἐτήρησαν.
1649 1629 1808 1683 Οῦτω

223 1729 283 1782 δὲ
311 1730 665 1800 πράττοντες,
693 1728 946 1797 οὐδαμῶς
975 1728 1288 1795 διεφέροντο
1315 1725 1452 1796 πρὸς
1478 1723 1603 1787 τοὺς
1631 1723 1806 1785 ἄλλως

225 1821 364 1874 αὐτὸ
417 1823 792 1892 πράττονταςο
845 1820 948 1882 ἓως
998 1815 1058 1873 οὗ
1113 1819 1326 1888 Βίκτωρ
1375 1819 1403 1870 δ
1450 1815 1550 1886 τῆς
1591 1814 1810 1885 Ῥώμης

228 1912 554 1975 ἐπίσκοπος,
605 1913 829 1964 πλεῖστα
874 1910 1318 1982 διαθερμανθεὶς,
1363 1908 1656 1979 γράμματι
1698 1909 1811 1969 τοῖς

229 2002 380 2056 κατὰ
421 2004 521 2074 τήν
551 2003 737 2057 Ἀσίαν
782 2004 882 2074 τὴν
929 2003 1529 2070 τεσσαρεσκαιδεκάτην
1576 2001 1812 2068 τιμ7;σιν

229 2097 635 2166 ἀκοινωνησίαν
671 2096 1052 2161 κατεδίκαζεν.
1087 2097 1204 2165 Ἐφ’
1236 2091 1280 2165 ᾧ
1324 2096 1488 2148 πάλιν
1525 2095 1837 2167 Ιίίρηναῖον,

226 2189 325 2240 τὸν
371 2191 428 2241 ὲν
471 2189 792 2260 Λουγδοῦνῳ
835 2190 944 2242 τῶν
987 2189 1227 2243 Γαλλιῶν
1273 2185 1677 2240 ἐπισκοποῦντα
1728 2185 1814 2235 Βί-

1829 923 1878 980 Α

2333 909 2495 981 292
2535 908 2759 965 CAPUT
2815 901 3056 960 XXXIII.

1906 1009 2056 1075 Quod
2088 1014 2282 1062 veteres
2311 1004 2686 1075 consuetudine
2715 1001 2883 1075 magis
2902 999 3155 1075 antiqua,
3187 1007 3346 1075 quam
3366 989 3484 1075 tege

1977 1059 2297 1145 alia,juxta
2332 1072 2556 1126 Patrum
2604 1059 2965 1131 traditionem,
3002 1059 3207 1119 Pascha
3252 1059 3484 1114 celebra-

1977 1150 2107 1202 rint.

1978 1265 2154 1318 Porro
2203 1260 2350 1331 quod
2407 1258 2475 1314 ab
2525 1256 2686 1312 initio
2742 1251 2948 1308 Pascha
3007 1247 3256 1303 moribus
3309 1243 3486 1312 magis

1906 1367 2070 1423 quam
2095 1349 2312 1419 legibus
2338 1347 2687 1402 observatum
2715 1345 2806 1407 sit,
2837 1357 2895 1395 re
2918 1340 3032 1409 ipsa
3060 1336 3486 1393 declarabimus.

1906 1443 2009 1510 Qui
2043 1456 2277 1510 namque
2307 1440 2576 1492 minorem
2606 1435 2792 1494 Asiam
2818 1430 3121 1492 incoluere,
3156 1427 3383 1497 plurimi
3419 1426 3489 1480 ab

1908 1535 2284 1604 apostolormn
2333 1529 2677 1600 temporibus
2718 1524 2959 1580 Sabbato
3003 1523 3304 1591 despecto,
3335 1517 3487 1572 deei-

1908 1642 2052 1682 mam
2089 1634 2341 1696 quartam
2387 1624 2531 1677 lunae
2557 1619 2706 1674 diem
2739 1617 3124 1672 observarunt.
3167 1610 3323 1678 Quod
3359 1622 3484 1664 eum

1911 1716 2178 1781 facerent,
2213 1725 2564 1784 nequaquam
2594 1709 2664 1764 ab
2695 1707 2839 1774 aliis,
2872 1706 2964 1776 qui
3006 1704 3111 1759 hoc
3153 1717 3263 1757 non
3295 1699 3488 1754 itidem

1913 1811 2193 1873 facerent,
2226 1805 2610 1862 dissidebant:
2642 1800 2826 1874 quoad
2861 1798 3050 1854 Victor
3078 1795 3156 1868 (l)
3193 1791 3351 1850 urbis
3385 1793 3495 1848 Ro-

1914 1917 2088 1958 manae
2151 1902 2476 1972 episcopus,
2525 1897 2828 1969 plurimum
2894 1899 3242 1955 commotus,
3290 1886 3497 1943 litteris

1914 1996 2144 2050 Asianos
2172 2004 2429 2064 quartam
2460 1990 2732 2069 decimam
2767 1987 2913 2042 diem
2946 1983 3191 2039 colentes
3216 1979 3498 2036 damnavit

1913 2099 2080 2158 atque
2104 2081 2625 2141 excommunicavit.
2653 2081 2828 2147 Quam
2859 2078 2929 2130 ob
2963 2089 3186 2129 causam
3213 2088 3245 2126 e
3277 2071 3498 2126 diverso

1919 2180 2156 2236 lreuaaus
2189 2175 2580 2247 Lugdunensis
2623 2173 2678 2227 in
2715 2171 2910 2227 Galliis
2937 2169 3269 2237 episcopus,
3303 2164 3370 2218 ad
3406 2162 3496 2217 Vi-

233 2296 410 2349 κτωρι
443 2280 707 2334 τάναντία
749 2281 816 2334 δι’
842 2280 1132 2348 ἐπιστολῆς
1171 2281 1435 2348 σημῆναι.
1473 2276 1817 2346 Κατατρὲχει

1935 2283 2132 2327 :torem
2175 2270 2388 2324 litteras
2431 2265 2621 2330 dedit,
2660 2263 2865 2334 quibus
2905 2260 3058 2315 illum
3106 2257 3396 2328 objurgat,
3443 2262 3502 2309 et

238 2371 339 2437 μὲν
373 2372 482 2440 γὰρ
521 2372 683 2425 αὐτοῦ
711 2413 728 2438 ,
762 2374 818 2426 ὲν
857 2373 1063 2441 μέμτξει
1102 2373 1155 2424 δὲ
1189 2373 1248 2424 τὸ
1292 2371 1494 2440 θερμὸν
1532 2371 1630 2438 τῆς
1674 2369 1814 2438 πρά-

233 2462 373 2529 ξεως
407 2462 613 2516 τίθεται
638 2480 652 2495 ο
688 2462 904 2528 διεξιών
938 2481 995 2515 τε
1026 2463 1588 2530 διδασκαλικώτερον,
1618 2461 1691 2524 ὼς
1725 2461 1817 2512 καὶ

234 2556 287 2606 οἱ
321 2555 674 2626 ἀρχαιότεροι
707 2555 1092 2618 κοινωνοῦντες
1125 2560 1267 2609 κατὰ
1297 2556 1405 2610 πᾶν
1437 2555 1689 2623 ἀλλήλοις
1717 2552 1814 2607 τοῦ

237 2648 699 2717 Χριστιανισμοῦ,
737 2650 864 2717 περὶ
894 2647 986 2700 τὸν
1016 2647 1108 2700 τοῦ
1144 2648 1334 2717 Πάσχα
1364 2647 1660 2716 διεφώνουν
1696 2664 1822 2698 καιο

241 2740 357 2807 ρδν,
398 2739 568 2809 μηδὲν
602 2739 762 2793 τοῦτο
805 2741 1097 2810 ἡγούμενοι
1139 2739 1424 2809 πρόκριμα
1450 2754 1464 2768 °
1503 2738 1820 2809 προστιθεὶς

238 2832 319 2894 ὡς
346 2833 442 2884 καὶ⁵
474 2830 830 2901 Πολύκαρπος
857 2832 956 2896 τῆς
984 2831 1311 2901 Σμυρναίων
1338 2830 1636 2892 ἐπίσκοπος
1663 2845 1823 2897 γεγο-

241 2923 386 2988 νὼς,
421 2923 481 2986 ὃς
521 2925 612 2977 ἐπὶ
653 2922 950 2992 Γορδιανοῦ
986 2922 1076 2975 τὸν
1109 2922 1203 2976 τοῦ
1246 2921 1554 2992 μαρτυρίου
1594 2919 1822 2991 ὕστερον

241 3016 550 3086 ἀνεδήσατο
587 3016 884 3085 στέφανον,
920 3018 990 3086 τῇ
1032 3014 1222 3087 Ῥώμῃ
1255 3015 1643 3085 ἐπιδημήσας,
1676 3013 1823 3068 Ἀνι-

243 3107 398 3176 κήτῳ
432 3105 511 3176 τῷ
545 3107 834 3176 Ῥωμαίων
867 3107 1152 3177 ὲπισκόπῳ
1194 3106 1493 3161 καθίστατο
1535 3109 1823 3172 κοινωνὸς,

248 3199 384 3268 μήτι
428 3198 842 3268 διακρινόμενος
894 3201 1023 3270 περὶ
1070 3200 1161 3254 τοῦ
1213 3200 1404 3270 Πάσχα
1433 3215 1447 3228 ⁸
1496 3200 1687 3268 ὅτιπερ
1737 3200 1830 3252 καὶ

246 3291 412 3353 αὐτὸς
464 3294 496 3344 ὁ
547 3291 904 3363 Πολύκαρπος
959 3292 1210 3365 ἐγχωρίῳ
1259 3293 1366 3346 τινὶ
1421 3291 1684 3363 συνηθείᾳ
1733 3291 1830 3360 τῆς

247 3383 582 3451 Σμυρναίων
611 3385 752 3437 κατὰ
781 3383 880 3454 τὴν
910 3383 1522 3452 τεσσαρεσκαιδεκάτην
1547 3382 1608 3436 τὸ
1641 3383 1832 3452 Πάσχα

244 3473 512 3528 διατελῶν
537 3469 605 3545 ἦν
627 3491 644 3508 ο
673 3473 748 3537 ὡς
775 3474 874 3530 καὶ
901 3475 928 3528 ὁ
957 3476 1249 3545 Παμφίλου
1277 3475 1532 3538 Εὐσέϐιος
1563 3476 1834 3544 μαρτυρεῖ

245 3568 398 3621 κατά
428 3568 527 3638 τὴν
564 3569 823 3638 πέμπτην
857 3569 954 3638 τῆς
989 3569 1453 3640 ἐκκλησιαστικῆς
1475 3568 1640 3622 αὑτοῦ
1669 3569 1833 3624 Ἰστο-

249 3660 399 3730 ρίας.
430 3661 714 3715 Δείκνυται
741 3661 946 3724 τοίνυν,
973 3661 1048 3722 ὼς
1079 3660 1238 3731 ἔφην,
1264 3661 1519 3724 ὅτιιτινὲς
1549 3663 1607 3713 ὲν
1635 3666 1700 3732 τῇ
1737 3682 1832 3732 μι-

249 3749 367 3820 κρᾷ
389 3748 544 3819 Ἀσίᾳ
567 3749 668 3820 τὴν
693 3749 1299 3820 τεσσαρεσκαιδεκάτην
1325 3749 1423 3818 τῆς
1453 3748 1682 3818 σελήνης
1711 3751 1836 3818 ἐτή-

255 3857 388 3907 ρουν
413 3855 428 3870 ·
461 3841 613 3895 ἄλλοι
644 3840 700 3897 δὲ
730 3840 838 3894 τῶν
871 3843 926 3894 ὲν
956 3841 1069 3902 τοῖς
1104 3839 1363 3909 ἀνωτέρω
1394 3839 1494 3908 τῆς
1529 3840 1603 3892 ἓω
1639 3842 1699 3892 τὸ
1737 3842 1835 3910 μὲν

253 3933 536 3988 Σάὸὀατον
574 3933 776 4002 μᾶλλον
809 3933 1041 4003 ἐτήρουν
1076 3933 1172 4001 τῆς
1213 3933 1408 4002 ἑορτῆς
1436 3949 1450 3962 ·
1489 3935 1615 3999 περὶ
1656 3933 1711 3984 δὲ
1744 3932 1836 3984 τὸν

261 4026 409 4096 μῆνα
442 4025 759 4095 διεφέροντο
797 4025 1000 4094 μᾶλλον
1028 4041 1042 4053 ’
1081 4021 1156 4077 ὧν
1189 4025 1238 4077 0i
1279 4024 1378 4093 μὲν
1410 4026 1524 4086 τοῖς
1557 4022 1838 4089 Ἰουδαίοις

255 4117 492 4171 ἕπεσθαι
522 4117 738 4188 ἤθελον,
764 4120 861 4171 καὶ
885 4116 1061 4170 ταῦτα
1087 4119 1186 4186 τῆς
1212 4116 1497 4186 ἁκριδείας
1529 4118 1699 4170 πάλαι
1727 4118 1839 4170 διο-

257 4210 583 4281 λισθήσασιν
605 4227 619 4241 ’
649 4211 700 4262 ei
724 4209 780 4264 δὲ
808 4209 967 4262 τοῦτο
996 4209 1200 4279 μᾶλλον
1225 4210 1314 4262 διὰ
1347 4209 1540 4280 μίσους
1559 4208 1842 4278 τιθέμενοι

263 4307 408 4375 μετὰ
438 4305 538 4376 τὴν
571 4305 797 4376 ἐαρινὴν
836 4303 1131 4375 ἰσημερίαν
1165 4303 1340 4357 τελεῖν
1374 4303 1532 4356 τοῦτο
1564 4304 1801 4375 ᾑροῦντο
1825 4321 1839 4335 ·

258 4401 376 4451 δεῖν
396 4399 648 4466 λέγοντες
673 4401 763 4451 ἀεὶ
787 4399 847 4450 τὺ
875 4399 1065 4467 Πάσχα
1087 4399 1284 4462 ποιεῖν,
1311 4399 1366 4450 ὲν
1392 4396 1550 4468 Κριῷ
1570 4397 1664 4450 τοῦ
1688 4397 1843 4466 ήλίου

260 4492 440 4555 ὄντος,
481 4493 561 4562 τῷ
606 4491 728 4546 κατ’
754 4491 1067 4561 ’Λντιοχέας
1113 4489 1387 4560 Ξανθικῷ,
1435 4491 1576 4545 κατὰ
1617 4491 1674 4544 δὲ
1715 4491 1843 4552 τοὺς

276 4585 582 4654 Ῥωμαίους
599 4584 898 4653 Ἀπριλλίῳ
929 4582 1058 4653 μηνί
1082 4599 1094 4612 ·
1122 4583 1480 4651 πειθομένους
1510 4585 1585 4652 μὴ
1611 4585 1724 4646 τοῖς
1750 4582 1844 4634 νῦν

264 4676 641 4746 πλανωμένοις
667 4675 945 4736 Ἰουδαίοις
964 4714 978 4738 ,
1012 4673 1148 4728 ἀλλὰ
1175 4676 1288 4736 τοξς
1323 4675 1705 4744 ἀρχαιοτέροις
1741 4674 1845 4741 μά-

261 4769 422 4820 λιστα
451 4769 543 4820 καὶ
566 4767 816 4837 Ἰωσήπῳ
844 4766 918 4835 τῷ
948 4768 1086 4820 πάνυ
1110 4782 1125 4798 ⁸
1153 4765 1226 4830 ὡς
1255 4767 1461 4827 ἐκεῖνος
1488 4767 1547 4817 ὲν
1574 4764 1650 4834 τῷ
1675 4766 1845 4835 τρίτῳ

263 4863 366 4929 τῆς
392 4857 738 4926 Ἰουδαϊκῆς
764 4858 1207 4927 Ἀρχαιολογίας
1241 4841 1513 4922 διέξεισιν.
1539 4859 1601 4910 Oi
1631 4857 1730 4927 μὲν
1751 4853 1845 4912 οὖν

1921 2362 2135 2418 facinus
2175 2369 2282 2414 tam
2317 2356 2560 2413 calidum
2593 2351 2996 2424 reprehendit:
3035 2347 3298 2418 perdocte
3332 2357 3504 2413 expo-

1920 2470 2093 2518 nens,
2126 2451 2275 2524 quod
2313 2465 2437 2505 cum
2469 2447 2815 2518 antiquiores
2853 2443 3018 2498 etiam
3051 2437 3501 2497 communionem

1920 2561 2106 2603 rerum
2154 2544 2404 2600 omnium
2450 2541 2598 2596 inter
2636 2554 2696 2594 se
2734 2538 2790 2591 in
2823 2533 3256 2592 Cbristianismo
3298 2530 3505 2584 retine-

1923 2649 2064 2702 rent,
2091 2648 2148 2692 et
2177 2637 2244 2692 de
2277 2633 2496 2690 Pascha:
2521 2631 2648 2687 festi
2678 2642 2926 2698 tempore
2947 2625 3254 2688 variarent,
3284 2621 3498 2675 nullum

1922 2730 1976 2787 id
2029 2730 2346 2801 putaverint
2389 2742 2512 2782 esse
2563 2721 2994 2796 praajudlcium;
3032 2716 3308 2788 adjiciens
3369 2727 3506 2783 pra:-

1925 2833 2112 2888 terea,
2159 2821 2523 2892 Polycarpum
2557 2817 2804 2888 Smyrna:
2832 2812 3196 2882 episcopum,
3251 2804 3348 2876 qui
3399 2804 3506 2859 sub

1925 2913 2206 2970 Gordiano
2234 2920 2420 2982 postea
2451 2923 2711 2965 coronam
2737 2902 2986 2976 martyrii
3015 2899 3246 2970 recepit,
3273 2897 3506 2951 Romam

1929 3008 2181 3067 venisse,
2217 3014 2273 3060 et
2305 3018 2429 3058 cum
2466 3001 2698 3056 Aniceto
2726 2997 2849 3067 ejus
2877 2993 3030 3050 urbis
3064 2993 3326 3063 episcopo
3355 3001 3510 3041 com-

1928 3100 2265 3161 municasse,
2303 3093 2443 3150 nihil
2485 3093 2554 3147 de
2584 3090 2724 3147 festo
2767 3086 2991 3143 Pascha
3037 3099 3163 3140 eum
3203 3097 3270 3135 eo
3321 3077 3507 3134 disce-

1931 3199 2203 3259 ptantem.
2249 3187 2382 3242 Nam
2423 3195 2482 3240 et
2524 3184 2642 3254 ipse
2689 3180 3024 3254 Polycarpus
3062 3173 3239 3246 patria
3273 3170 3514 3244 quadam

1934 3280 2356 3354 Smyrnensium
2410 3274 2852 3336 consuetudine,
2905 3270 3122 3325 decima
3179 3274 3373 3337 quarta
3422 3261 3516 3319 die.

1935 3373 2145 3428 Pascha
2179 3368 2535 3427 celebrabat:
2571 3365 2736 3424 sicuti
2772 3363 3050 3420 Eusebius
3088 3374 3310 3430 quoque
3350 3357 3514 3413 Pam-

1938 3465 2073 3537 phili
2125 3464 2180 3519 in
2226 3463 2425 3535 quinto
2470 3457 2861 3518 ecclesiasticae
2912 3454 3167 3523 llistoriae
3212 3465 3326 3506 suae
3374 3448 3519 3503 libre

1942 3565 2196 3613 testatur.
2241 3555 2471 3612 Constat
2515 3553 2706 3624 igitur,
2750 3549 2914 3606 sicuti
2957 3547 3100 3613 dixi,
3152 3541 3423 3616 quosdam
3457 3541 3514 3597 in

1939 3654 2152 3708 minore
2186 3652 2317 3708 Asia
2357 3651 2628 3709 decimam
2661 3657 2915 3719 quartam
2956 3647 3104 3700 lunae
3137 3643 3284 3698 diem
3319 3639 3518 3696 obser-

1939 3761 2118 3802 vasse.
2148 3743 2258 3801 Alii
2289 3759 2452 3808 vero,
2485 3743 2580 3813 qui
2613 3742 2668 3796 in
2698 3736 3084 3810 superioribus
3115 3734 3360 3792 Orientis
3395 3747 3523 3802 par.

1942 3839 2090 3894 tibus
2125 3836 2399 3901 habitant,
2436 3835 2736 3891 Sabbatum
2767 3832 2909 3888 festo
2940 3845 3009 3886 eo
3038 3826 3373 3885 celebrando
3405 3841 3520 3879 ma-

1940 3932 2022 4003 gis
2069 3931 2314 3988 coluere.
2366 3928 2637 3984 Caeterum
2687 3925 2755 3979 de
2808 3939 3003 3979 mense
3050 3923 3133 3977 eis
3182 3919 3357 3987 major
3419 3918 3524 3972 fuit

1941 4021 2249 4079 contentio.
2299 4020 2536 4088 Quidam
2583 4032 2822 4086 namque
2871 4015 3093 4071 Judteos
3138 4016 3294 4082 sequi
3333 4011 3524 4065 volue-

1943 4127 2108 4180 runt,
2155 4129 2281 4170 eum
2315 4111 2540 4184 quidem
2583 4108 2910 4181 jamdudum
2963 4108 3205 4162 certiore
3257 4104 3522 4159 observa-

1946 4207 2095 4262 tione
2140 4206 2217 4261 illi
2261 4204 2620 4263 excidissent.
2664 4201 2803 4261 Aliis
2827 4215 2962 4256 vero
3007 4200 3076 4255 ab
3107 4213 3175 4254 eo
3211 4198 3522 4252 abhorren-

1947 4296 2117 4359 tibus,
2152 4305 2278 4365 post
2301 4295 2697 4366 aequinoctium
2731 4307 2965 4348 vernum
2999 4289 3210 4346 Pascha
3251 4289 3522 4360 agendum

1946 4388 2136 4459 potius
2181 4387 2358 4442 visum
2407 4394 2538 4442 est:
2583 4382 2979 4440 celebrandum
3029 4381 3086 4436 id
3135 4393 3357 4448 semper
3401 4387 3534 4432 esse

1945 4478 2284 4544 dicentibus,
2322 4492 2451 4534 eum
2493 4477 2576 4532 sol
2620 4475 2679 4531 in
2724 4474 2912 4529 Ariete
2947 4473 3044 4538 sit,
3085 4474 3388 4527 secundum
3418 4468 3533 4522 An-
3591 4539 3596 4544 _

1948 4572 2236 4628 tiochenos
2289 4570 2595 4636 Xanthieo,
2646 4567 2958 4624 secundum
3012 4565 3296 4621 Romanos
3345 4573 3530 4618 autem

1946 4665 2121 4736 Aprili
2149 4679 2358 4720 mense.
2394 4662 2500 4730 Qui
2525 4663 2750 4733 quidem
2781 4677 2893 4717 non
2930 4676 3028 4718 eos
3056 4659 3151 4730 qui
3183 4666 3302 4714 tum
3329 4657 3531 4712 delira-

1953 4765 2105 4822 bant.
2131 4760 2372 4825 Judaeos,
2413 4759 2508 4815 sed
2535 4757 2974 4828 antiquissimos,
3007 4764 3065 4810 et
3090 4769 3347 4824 magnum
3376 4752 3531 4806 illum

1953 4856 2007 4909 in
2043 4854 2235 4925 primis
2266 4852 2593 4922 Josepbum,
2627 4849 2788 4922 293
2835 4849 2999 4906 sicuti
3047 4851 3092 4902 is
3129 4850 3230 4902 hac
3274 4846 3342 4901 de
3379 4861 3436 4900 re
3475 4846 3529 4900 in

263 4956 407 5008 κατὰ
439 4953 540 5021 τὴν
579 4951 782 5023 μικρὰν
811 4951 998 5007 Ἀσίαν
1039 4953 1134 5004 καὶ
1173 4949 1243 5003 τὰ
1283 4950 1534 5020 ἀνώτερα
1568 4951 1665 5020 τῆς
1705 4949 1830 5022 ἑῴας

1956 4950 2116 5004 tertio
2147 4947 2538 5018 Antiquitatum
2568 4946 2923 5002 Iudaicarum
2954 4944 3098 4998 libro
3128 4942 3320 5004 refert.
3357 4942 3532 4996 secuti

266 5047 410 5100 οὕτω
446 5045 582 5118 πρὸς
617 5046 842 5108 ἑαυτοὺς
878 5042 970 5097 διὰ
997 5043 1098 5113 τήν
1126 5043 1323 5113 ἑορτὴν
1349 5043 1678 5110 διεφώνουν
1711 5045 1757 5096 σί
1789 5043 1848 5097 δὲ

267 5140 452 5191 λοιποὶ
487 5139 691 5200 πάντες
726 5138 848 5190 ὅσοι
870 5137 964 5190 τδν
993 5137 1417 5207 Χριστιανισμδν
1449 5137 1846 5207 παρεδέξαντο,

269 5235 366 5287 καὶ
391 5233 439 5285 οί
466 5231 610 5285 κατὰ
632 5232 731 5302 τὴν
757 5229 998 5301 ἑσπέραν
1028 5230 1212 5283 πᾶσαν
1235 5230 1389 5300 ἄχρις
1414 5226 1685 5295 ὠκεανοῦ,
1712 5227 1851 5297 μετὰ

273 5324 572 5393 ἰσημερίαν
599 5323 824 5394 ἐαρινὴν
852 5324 914 5376 τὸ
943 5323 1139 5393 Πάσχα
1165 5321 1452 5384 τελοῦντες
1479 5309 1854 5392 εὑρίσκονται,’

271 5415 610 5487 ἀρχαιοτέρα
647 5415 909 5487 συνηθείᾳ
941 5416 1200 5485 ἑπόμενοι
1229 5431 1248 5450 ι
1289 5416 1340 5468 οἳ
1374 5414 1438 5486 δή
1473 5413 1677 5476 πάντες
1710 5413 1878 5475 οὕτω,

271 5506 560 5569 τωιοῦντες
594 5509 654 5560 τὸ
692 5507 884 5578 Πάσχα
906 5549 920 5571 ,
954 5508 1207 5577 οὐδαμῶς
1243 5526 1372 5561 ποτε
1407 5510 1543 5579 πρὸς
1580 5510 1720 5576 σφᾶς
1756 5509 1856 5560 αιὺο

270 5600 402 5661 τοὺς
449 5599 844 5668 δαφωνοῦντες
893 5601 1218 5670 ἐφάνησαν·
1267 5602 1363 5653 καὶ
1408 5601 1507 5670 οὐχ
1553 5600 1628 5660 ὡς
1674 5603 1702 5653 ὁ
1745 5601 1855 5652 τῶν

272 5692 490 5745 πολλῶν
521 5692 745 5760 θρύλλος
777 5693 907 5762 ἔχει,
939 5695 970 5762 ή
1003 5694 1095 5745 ἐπὶ
1126 5693 1537 5748 Κωνσταντίνου
1566 5696 1622 5746 ὲν
1649 5693 1852 5762 Νικαίᾳ

1954 5051 2106 5096 sunt.
2139 5043 2216 5095 Ac
2251 5042 2328 5094 illi
2366 5041 2588 5110 quidem
2633 5041 2728 5109 qui
2767 5041 3036 5093 minorem
3065 5036 3257 5091 Asiam
3287 5044 3342 5090 et
3373 5051 3540 5104 supe-

1957 5138 2132 5190 riores
2173 5134 2418 5190 Orientis
2462 5145 2643 5203 partes
2686 5141 2897 5199 tenent,
2926 5133 3002 5186 ad
3030 5132 3180 5186 hunc
3207 5129 3430 5184 modum
3466 5129 3533 5183 de

1957 5229 2101 5284 festo
2141 5228 2249 5283 hoc
2292 5227 2382 5281 die
2409 5228 2810 5282 dissenserunt.
2850 5225 2954 5279 Alii
2995 5239 3129 5280 vero
3173 5238 3402 5288 omnes,
3438 5224 3531 5293 qui

1957 5320 2442 5378 Christianismum
2464 5325 2851 5387 susceperunt,
2875 5328 2931 5371 et
2947 5315 3330 5372 Occidentales
3349 5315 3536 5370 cuncti

1962 5415 2032 5471 ad
2056 5415 2336 5471 Oceanum
2367 5426 2562 5482 usque,
2600 5420 2722 5481 post
2753 5425 2982 5464 vernum
3016 5407 3408 5479 aequinoctium
3443 5409 3543 5463 Pa-

1961 5511 2095 5566 scha
2129 5522 2390 5580 peragere
2429 5506 2812 5569 inveniuntur,
2849 5507 3206 5560 vetustiorem
3247 5515 3546 5560 consuetu-

1962 5603 2146 5658 dinem
2198 5607 2515 5670 sequentes.
2562 5598 2666 5665 Qui
2727 5613 2858 5652 sane
2917 5597 3162 5653 unlversi
3218 5598 3290 5652 ita
3338 5597 3541 5652 festum

1964 5689 2187 5745 Pascha
2221 5688 2588 5754 celebrantes,
2619 5705 2898 5760 nunquam
2945 5691 3090 5746 inter
3122 5705 3181 5745 se
3222 5689 3542 5743 discordare

350 5839 426 5905 (I)
462 5837 621 5892 Juxta
651 5851 859 5893 morem
891 5839 1024 5893 citra
1056 5831 1325 5909 judicium
1353 5837 1714 5892 Sozmnenum
1741 5830 2021 5902 exscribit.
2053 5829 2194 5901 Lege
2224 5831 2484 5886 Anicetus.
2519 5831 2665 5886 Em'r.
