3800 6558
399 378 505 444 859
580 350 587 356 ’

403 600 585 655 raaque
619 601 814 645 omnes
851 605 951 660 per
1000 593 1190 648 orbem
1230 596 1479 654 ecclesiae
1509 597 1707 656 diebus
1750 598 1973 657 Sabbati

402 683 864 741 consuetudinem
909 687 1180 744 haberent
1219 692 1581 751 hebdomadis
1624 696 1790 753 unius
1837 706 1976 754 tem-

403 785 537 841 pore
567 774 772 830 divinis
818 781 1095 849 mysteriis
1126 784 1365 851 operari,
1400 786 1628 841 Romani
1656 797 1712 843 et
1741 788 1978 845 Alexan-

407 859 551 916 drini
583 877 649 917 ex
677 866 904 936 antiqua
938 870 1172 939 quadam
1205 873 1502 929 traditione
1527 875 1633 931 hoc
1660 893 1767 933 non
1805 879 1976 936 facie-

410 952 562 1010 bant.
606 956 848 1028 Egyptii
898 977 1031 1017 vero
1074 963 1467 1022 Alexandrinis
1519 971 1722 1036 vicini,
1777 982 1833 1026 et
1883 974 1976 1043 qui

408 1043 621 1098 circum
662 1046 1002 1107 Thebaidem
1050 1052 1323 1120 habitant,
1361 1072 1596 1129 synaxes
1637 1062 1858 1131 quidem
1888 1065 1977 1122 die

413 1133 641 1191 Sabhati
690 1144 1023 1211 peragebant
1074 1163 1089 1199 :
1140 1147 1235 1201 sed
1285 1163 1394 1203 non
1441 1152 1655 1218 eadem,
1711 1154 1817 1224 qua
1867 1164 1978 1210 ttnn

409 1232 707 1289 Christiani
758 1238 1058 1289 utebantur
1107 1240 1527 1306 consuetudine,
1575 1243 1815 1300 divinam
1857 1262 1979 1302 san-

410 1323 798 1379 ctiﬂcationem
872 1327 1273 1397 percipiebant.
1346 1332 1552 1388 Verum
1621 1336 1785 1407 296
1853 1354 1978 1394 cum

411 1416 632 1471 abunde
683 1418 956 1472 convivati
1003 1431 1208 1487 essent,
1263 1432 1318 1477 et
1367 1426 1549 1480 omnis
1596 1428 1814 1497 generis
1843 1430 1981 1487 cibis

408 1509 697 1565 delicatius
726 1525 785 1565 se
811 1512 1199 1582 replevissent,
1237 1531 1266 1570 a
1298 1519 1528 1586 prandio
1554 1520 1785 1587 scilicet,
1820 1523 1984 1579 circi-

409 1606 492 1652 ter
521 1615 811 1669 vesperam
857 1604 1108 1671 multam,
1141 1609 1402 1678 mysteria
1445 1611 1721 1667 oblatione
1762 1623 1980 1684 peracta

408 1692 805 1761 percipiebant.
855 1694 1058 1761 Quarta
1100 1698 1463 1756 hebdomadis
1495 1703 1586 1759 die
1610 1746 1623 1768 ,
1659 1715 1715 1760 et
1756 1722 1821 1762 ea
1859 1725 1981 1778 quaa

408 1781 707 1837 Parasceve
731 1785 953 1849 dicitur,
976 1788 1332 1846 Alexandrini
1357 1793 1674 1864 Scripturas
1697 1798 1977 1869 legebant,

409 1870 727 1927 ductoribus
774 1891 868 1931 eas
922 1878 1419 1948 interpretantibus
1469 1889 1812 1960 :omniaque
1857 1907 1979 1962 qua:

386 1962 478 2021 ad
536 1965 793 2034 Synaxim
863 1969 1168 2036 pertinent,
1218 1975 1582 2048 peragebant,
1632 1990 1833 2048 prwter
1895 1984 1981 2038 di-

407 2055 664 2110 vinorum
728 2063 1113 2130 mysteriorum
1180 2069 1614 2135 perceptionem.
1645 2072 1824 2143 Atque
1859 2091 1977 2129 eam

410 2145 489 2202 illi
551 2150 860 2218 antiquitus
925 2152 1171 2210 habuere
1230 2161 1715 2218 consuetudinem.
1778 2165 1982 2221 Dicunt

409 2241 636 2301 etenim,
668 2251 723 2295 et
751 2241 1043 2312 Origenem
1079 2247 1375 2317 plurimum
1425 2252 1620 2308 diebus
1656 2255 1771 2309 istis
1802 2256 1855 2310 in
1897 2273 1990 2312 cc-

410 2330 572 2385 clesia
595 2331 869 2397 docuisse,
899 2345 1063 2405 atque
1091 2355 1319 2409 synaxcs
1343 2357 1435 2397 seu
1457 2358 1761 2401 conventus
1784 2348 1980 2418 egisse.

410 2420 512 2486 Qui
543 2439 665 2477 cum
700 2426 973 2493 sapientia
1005 2438 1057 2482 et
1096 2431 1346 2487 doctrina
1387 2436 1568 2490 multis
1596 2450 1900 2506 pru'slaret.
1930 2454 1986 2495 et

413 2525 766 2583 perspectum
818 2517 1063 2585 haberet,
1117 2521 1471 2578 infirmiorem
1526 2543 1646 2581 esse
1695 2530 1983 2586 Mosaicam

411 2604 613 2673 legent,
640 2616 807 2675 quaut‘
844 2617 901 2661 ut
942 2610 1095 2664 nullo
1133 2613 1294 2666 modo
1326 2616 1391 2668 ad
1429 2616 1665 2672 litteram
1705 2624 1857 2676 reddi
1899 2634 1979 2678 at‘

413 2707 522 2761 que
549 2698 780 2764 exprimi
807 2711 1012 2768 posset,
1046 2703 1312 2757 rationein
1351 2706 1477 2760 festi
1512 2709 1729 2766 Pascha:
1763 2715 1826 2765 ad
1861 2731 1987 2783 Spe-

413 2782 707 2838 culativam
734 2790 1256 2858 contemplationem
1286 2799 1581 2859 revocavit,
1608 2815 1774 2854 unum
1808 2782 1984 2859 solum

410 2888 534 2930 esse
562 2891 744 2931 verum
776 2879 983 2934 Pascha
1021 2882 1212 2939 dicens
1244 2927 1256 2948 ,
1289 2890 1435 2953 quod
1471 2890 1724 2946 Christus
1750 2898 1984 2967 peregit,

414 2970 678 3038 praeclare
702 2971 968 3030 adversus
995 2976 1222 3032 hostiles
1246 2988 1542 3047 potestates
1577 2999 1632 3039 re
1665 2997 1838 3055 gesta,
1861 3005 1984 3043 cum

416 3062 475 3115 in
525 3078 745 3118 crucem
792 3066 1163 3136 colligeretur,
1222 3071 1379 3140 longe
1433 3076 1640 3140 optime
1686 3093 1752 3132 eo
1794 3091 1985 3135 contra

1617 390 2035 454 NICEPIIOBI
2074 397 2413 460 CALLlSTI
3480 421 3562 481 εει

401 510 548 548 utam
578 496 897 553 varietatem
938 497 1111 556 fuisse
1146 502 1479 560 invenimus.
1517 506 1649 561 Cum
1683 509 1829 563 enim
1855 510 1969 577 ple-

2086 512 2235 584 Ξῆναι
2260 515 2353 570 καὶ
2385 518 2659 582 παντοίοις
2689 518 3048 589 ἐνηδυνθῆναι
3078 521 3341 593 ἐδέσμασιν

3348 569 3361 592 ,
3384 528 3567 598 ἠριστηο

2080 557 2123 565 -.
2156 557 2235 569 ....
2261 557 2353 570 η...
2391 557 2657 582 ............,
2689 557 3048 587 ...νυνιμυη
3078 557 3186 575 ...ευ
3235 557 3361 592 mn,
3448 557 3511 586 ισς
3544 568 3563 581 .

2080 557 2238 670 xire;
2292 592 2418 679 ἤδη,
2471 609 2597 680 περὶ
2655 561 2881 679 βαθέταν
2940 557 3291 682 ἐσπέρανμτά
3342 557 3563 694 μύὶξτὴρῗα

2078 696 2485 764 προσφέροντες
2536 695 2970 768 μετελάμϐανον.
3020 698 3125 751 Καὶ
3171 700 3226 752 ἐν
3268 701 3569 774 Τετράδικαὶ

2078 782 2111 854 ἢ
2144 784 2476 855 Παρασκευὴ
2503 786 2743 855 λέγεται,
2784 788 3151 858 Ἀλεξανδρεῖς
3179 790 3382 860 Γραφάς
3403 813 3455 849 τε
3478 799 3570 853 ἀνε.

2078 874 2369 943 γίνωσκον,
2420 877 2532 931 τῶν
2575 879 2912 934 διδασκάλων
2955 883 3157 942 ταύτας
3200 882 3569 954 ἐρμηνενὸντωψ

2083 954 2178 1022 καὶ
2225 970 2403 1025 πάντα
2452 971 2519 1024 τά
2567 973 2665 1043 τῆς
2708 974 2981 1038 συνάξεως
3029 973 3309 1043 ἔπραττον,
3347 979 3469 1048 πλὴν
3498 984 3573 1047 τῆς

2083 1057 2237 1125 θείας
2259 1061 2369 1113 τῶν
2400 1063 2716 1133 μυστηρίων
2750 1066 3029 1135 μυήσεως.
3047 1064 3140 1130 Ἐξ
3164 1067 3442 1137 ἀρχαίουδέ
3463 1072 3577 1125 τοῦτ’

2082 1147 2152 1221 ἦν
2181 1153 2303 1215 ἐοος
2345 1153 2778 1225 Ἀλεξανδρεῦσι.
2815 1157 2948 1209 Φασὶ
2986 1158 3079 1210 καὶ
3117 1155 3223 1227 γὰρ
3264 1158 3507 1230 Ὦριγένην
3536 1166 3578 1216 ἐν

2081 1244 2309 1309 ταύταις
2342 1246 2536 1314 μόναις
2579 1248 2677 1310 τὰς
2716 1248 2963 1314 συνάξεις
3007 1252 3179 1302 ποιεῖν
3209 1250 3294 1303 ἐπ’
3320 1251 3576 1324 ἐκκλησίας·

2081 1334 2141 1399 ὃς
2166 1337 2332 1407 σοφίᾳ
2356 1341 2451 1393 καὶ
2475 1338 2800 1412 διδασκαλίᾳ
2822 1340 2929 1394 τῶν
2953 1340 3164 1394 πολλῶν
3186 1340 3454 1414 διαφέρων,
3470 1363 3579 1399 συνι-

2082 1429 2189 1484 δών
2216 1448 2274 1484 τε
2301 1431 2375 1494 ὡς
2405 1433 2466 1486 τὸ
2491 1432 2753 1487 ἀδύνατον
2783 1433 2877 1487 τοῦ
2912 1428 3203 1487 Μωσαῐκοῦ
3232 1435 3385 1504 νόμον
3412 1437 3580 1493 ἀσθενεῖ

2086 1522 2223 1592 πρὸς
2255 1523 2315 1576 τὸ
2353 1523 2589 1595 γράμμα
2638 1526 2970 1596 ἀποδοθῆναι
3003 1526 3096 1579 τὸν
3140 1527 3267 1596 περὶ
3311 1527 3398 1580 τοῦ
3431 1530 3579 1598 Πάσχα

2084 1608 2265 1676 λόγον,
2317 1612 2398 1673 είς
2438 1611 2677 1676 θεωρίαν
2734 1614 3038 1685 ἀνήγαγεν,
3093 1613 3152 1667 ἓν
3209 1616 3362 1684 μόνον
3405 1617 3581 1685 φάσκων
3650 1618 3658 1633 ’

2085 1700 2285 1771 ἀληθὲς
2332 1704 2588 1771 γενέσθαι
2625 1704 2836 1777 Πάσχα,
2884 1708 3022 1777 ὅπερ
3055 1706 3287 1775 Χριστὸς
3322 1708 3582 1763 ἐπετέλεσεν

2088 1794 2392 1863 ἐνεργήσας
2421 1797 2563 1849 κατά
2593 1798 2703 1851 τῶν
2734 1798 3126 1867 ἀντικειμένων
3151 1798 3434 1868 δυνάμεων,
3458 1800 3582 1869 ἀνιιρ⁴

2083 1887 2269 1956 mea;
2294 1887 2374 1957 τῷ
2405 1889 2647 1960 σταυρῶο
2672 1883 2715 1957 ᾧ
2741 1889 2804 1959 δὴ
2838 1889 3044 1961 ἀρίστῳ
3080 1890 3326 1959 τροπαίῳ
3361 1891 3485 1944 κατά
3514 1891 3585 1944 τοῦ

2080 1980 2380 2033 ἀντιπάλου
2415 1981 2707 2050 ἐχρήσατο.
2747 1974 2843 2051 Ἐγ
2870 1980 2926 2034 δὲ
2975 1985 3040 2053 τῇ
3085 1981 3225 2053 αὐτῇ
3265 1982 3586 2054 Ἀλεξανδρείᾳ

2080 2076 2139 2129 τδ
2181 2076 2291 2129 τῶν
2334 2076 2697 2143 ἀναγνωστῶν
2743 2078 2837 2131 καὶ
2890 2075 3408 2147 συμϐολαιογράφων
3445 2078 3588 2146 τάγμα

2082 2170 2140 2222 ἐν
2172 2167 2453 2238 ἀδιαφόρῳ
2481 2169 2652 2233 ἐστὶν,
2675 2168 2787 2222 είτε
2815 2167 2997 2222 πιστοί
3025 2169 3189 2239 είσιν,
3215 2165 3320 2218 είτε
3350 2166 3435 2219 καί
3455 2182 3589 2233 κατη-

2084 2258 2359 2331 χούμενοι.
2392 2259 2499 2312 τῶν
2526 2257 2844 2328 ἁπανταχοῦ
2881 2258 3058 2311 ἄλλων
3086 2255 3384 2326 ἐκκλησιῶν
3411 2254 3589 2318 amab;

2083 2353 2164 2415 είς
2189 2351 2247 2405 τδ
2281 2353 2466 2424 τάγμα
2495 2351 2654 2405 τοῦτο
2680 2349 3167 2421 προϐεϐλημένων.
3205 2349 3291 2402 Ἐν
3323 2348 3374 2401 δέ
3405 2350 3461 2419 τῇ
3491 2349 3591 2400 Θετ-

2083 2443 2262 2497 ταλῶν
2288 2444 2382 2497 καὶ
2404 2444 2561 2497 τοῦτο
2587 2443 2843 2513 γενέσθαι
2866 2442 3020 2512 φασί.
3043 2442 3320 2513 Κληρικδς
3337 2442 3435 2510 γὰρ
3454 2444 3592 2495 ἐκεῖσε

2085 2536 2244 2606 ἀνὴρ,
2265 2536 2396 2606 πρὶν
2420 2535 2450 2605 ἢ
2484 2537 2713 2606 γένηται
2743 2535 2922 2599 τοῦτο,
2946 2536 3097 2605 νόμῳ
3119 2537 3354 2603 γυναῖκα
3378 2535 3589 2604 ἠγάγετο.

2085 2626 2197 2697 Τὴν
2227 2626 2283 2680 δὲ
2314 2630 2577 2696 γυναῖκα,
2606 2627 2682 2690 ὠς
2707 2626 2852 2691 ἔθος,
2882 2626 3066 2696 γνοὺς,
3093 2626 3402 2696 ἀπύκληρος
3422 2622 3498 2698 ἦν,
3517 2626 3597 2679 τῶν

2086 2715 2189 2771 ἀνὰ
2232 2720 2332 2787 τὴν
2379 2718 2453 2770 ἕω
2496 2720 2717 2772 πάντων
2765 2716 2959 2788 γνώμῃ
2994 2717 3370 2787 ἀπεχομένων·
3404 2719 3483 2770 καὶ
3517 2720 3596 2769 τῶν

2088 2806 2426 2869 ἐπισκόπων,
2464 2808 2511 2859 εί
2547 2809 2641 2860 καὶ
2676 2805 2971 2877 βούλοιντο,
3006 2807 3068 2859 οὐ
3109 2805 3222 2877 μὴν
3252 2804 3450 2879 ἀνάγκῃ
3470 2807 3595 2875 νόμου

2087 2891 2248 2945 τοῦτο
2273 2892 2596 2948 ποιούντων.
2624 2894 2815 2948 Πολλοὶ
2840 2894 2951 2964 γὰρ
2976 2893 3163 2947 αὐτῶν
3184 2894 3264 2961 τῷ
3285 2892 3599 2956 ἐπισκοπικῶς

2090 2984 2395 3053 ἱερατεύειν
2426 2986 2520 3036 καὶ
2551 2983 2783 3048 πολλοὺς
2813 2987 2868 3037 ἐν
2900 2987 3017 3049 τοῖς
3053 2985 3421 3048 ἐπισκοπείοις
3445 2985 3599 3045 παῖδας

2089 3075 2356 3131 ἀπέτεκον
2402 3077 2465 3128 ἐκ
2512 3076 2622 3128 τῶν
2658 3076 2919 3144 γαμετῶν
2962 3076 3031 3139 ἀς
3079 3076 3334 3146 νομίμως
3381 3076 3601 3144 ἠγάγοντο

412 3155 787 3209 adversarium
830 3172 966 3213 usus
1013 3169 1239 3231 tropaeo.
1290 3166 1350 3217 ln
1400 3167 1588 3220 eadem
1629 3168 1981 3236 Alexandria,

2092 3167 2380 3238 πρότερον.
2421 3166 2535 3220 Νῦν
2565 3167 2621 3220 δὲ
2656 3167 2765 3220 οὐδ’
2792 3168 2850 3220 ἐν
2879 3167 3073 3239 ὀνείρῳ
3103 3167 3397 3230 ἐπίσκοπος
3425 3169 3600 3235 γυναικί

416 3245 474 3300 in
510 3247 782 3302 lectorum
815 3257 871 3303 et
906 3252 1248 3307 notariorum
1289 3254 1484 3312 ordine
1527 3256 1824 3314 discrimen
1861 3262 1984 3315 nul-
2048 3264 2051 3269 ’

413 3336 527 3389 lum
569 3337 694 3402 fuit,
732 3341 846 3393 sive
895 3341 973 3394 illi
1010 3343 1120 3413 jam
1171 3344 1380 3412 ﬁdeles,
1427 3347 1539 3402 sive
1583 3351 1982 3420 catechumeni,

413 3427 521 3483 hoc
546 3439 657 3495 est,
681 3432 774 3500 qui
812 3446 967 3487 sacra
1001 3424 1260 3491 doctrina
1291 3439 1733 3509 institueremur,
1776 3455 1980 3509 essent,

414 3533 541 3574 cum
578 3523 829 3578 ecclesiae
861 3525 916 3578 in
953 3526 1093 3583 locis
1119 3530 1377 3585 omnibus
1402 3532 1523 3586 aliae
1556 3532 1745 3590 ﬁdeles
1775 3544 1982 3593 tantum

415 3610 472 3664 in
498 3612 747 3668 ordinem
791 3616 938 3671 hunc
976 3618 1243 3689 legerent.
1278 3621 1337 3675 ln
1371 3622 1653 3680 Thessalia
1682 3636 1739 3681 et
1770 3628 1875 3684 hoc
1902 3629 1984 3684 fa-

414 3706 667 3760 ctitatum
698 3724 828 3764 esse
855 3711 1050 3781 liquet.
1087 3707 1314 3768 Licehat
1347 3714 1548 3772 clerico
1574 3720 1769 3785 cuivis,
1807 3722 1986 3790 prius-

414 3808 578 3862 quam
600 3796 653 3849 in
677 3800 928 3855 ordinem
948 3816 1078 3855 eum
1103 3812 1473 3873 cooptaretur,
1494 3807 1736 3877 legitime
1759 3826 1982 3866 uxorem

413 3884 621 3940 ducere
648 3905 671 3941 τ
705 3899 759 3942 at
806 3892 851 3945 si
898 3901 1110 3961 postea,
1154 3903 1215 3949 ut
1258 3899 1660 3954 consuetudine
1700 3914 1983 3972 receptura

416 3987 525 4042 eet,
579 3995 806 4035 uxorem
858 3984 1227 4053 cognovisset,
1273 3989 1465 4043 ordine
1506 4006 1573 4045 eo
1611 3993 1932 4048 movebatur
1967 4010 1981 4046 :

412 4082 546 4127 cum,
579 4071 630 4123 in
670 4070 901 4127 Oriente
933 4088 1126 4129 omnes
1148 4116 1164 4140 ,
1213 4088 1377 4144 atque
1423 4081 1588 4134 etiam
1638 4082 1904 4154 episcOpi,
1938 4085 1982 4140 si

413 4156 639 4221 vellent,
669 4176 771 4228 pro
799 4161 1032 4218 arbitrio
1063 4181 1185 4232 suo,
1223 4182 1332 4221 non
1364 4169 1543 4238 aliqua
1578 4169 1713 4241 legis
1740 4174 1983 4228 necessi-

414 4256 527 4303 tate
581 4252 800 4318 coacti,
863 4269 1096 4309 uxorum
1148 4272 1505 4327 congressum
1572 4261 1917 4328 declinarent
1964 4281 1980 4318 :

413 4340 571 4395 multi
617 4343 781 4397 etiam
828 4347 946 4414 ipso
976 4349 1272 4418 episcOpali
1304 4365 1531 4407 munere
1572 4348 1881 4424 fungentes,
1926 4357 1983 4412 in

361 4426 367 4431 ”
410 4433 817 4503 episcopalibus
841 4437 1054 4494 azdibus
1080 4440 1287 4495 liberos
1316 4443 1518 4498 multos
1544 4461 1611 4500 ex
1633 4448 1981 4518 coniugibus,

411 4539 550 4594 quas
577 4527 679 4580 sibi
710 4529 957 4598 legitiqu
985 4534 1337 4589 matrimonio
1358 4544 1521 4590 antea
1544 4540 1983 4609 coajunxissent,
2018 4520 2061 4576 θ

411 4619 778 4688 susciperent.
807 4622 965 4677 Nunc
1000 4634 1183 4679 autem
1214 4627 1297 4681 vel
1338 4628 1502 4683 etiam
1539 4630 1594 4684 in
1626 4634 1835 4687 somnis
1864 4635 1984 4702 epi-

412 4723 615 4778 scopas
674 4727 799 4767 cum
856 4700 1024 4768 uxore
1065 4732 1161 4772 sna
1206 4721 1612 4786 concumbens,
1672 4723 1983 4793 impudicus

381 4801 669 4870 .habetur.
708 4804 812 4859 Sed
859 4809 1004 4860 enim
1043 4812 1387 4866 consuetudo
1416 4829 1478 4867 ea
1508 4831 1629 4885 qua!
1663 4816 1716 4870 in
1746 4816 1982 4873 Thessa-

410 4893 483 4947 lia
515 4907 786 4961 servatur,
809 4898 878 4952 ab
904 4898 1195 4955 Heliodoro
1220 4904 1294 4971 (Ι)
1327 4906 1417 4958 illo
1442 4906 1689 4962 Tricensi
1719 4909 1979 4978 episc0p0

413 4995 597 5041 ortum
647 4989 838 5043 habuit
874 5008 886 5044 :
918 4993 1075 5063 cujus
1110 4997 1364 5051 antatorii
1408 4997 1577 5052 libelli
1618 5000 1721 5054 hoc
1760 5015 1982 5070 quoque

418 5079 667 5147 tempore
702 5082 1189 5145 circumferuntur.
1225 5103 1346 5155 quae
1377 5089 1553 5142 adhuc
1582 5092 1804 5157 juvenis
1830 5105 1983 5144 com-

414 5172 618 5237 posuit,
663 5182 721 5227 et
766 5173 1078 5245 Ethiopica
1130 5179 1436 5250 inscripsit.
1484 5181 1639 5237 Nunc
1685 5194 1868 5237 autem
1919 5199 1983 5238 ea

411 5259 755 5318 Charicleam
790 5268 1081 5321 nominaut
1148 5270 1269 5335 Quo
1314 5274 1536 5326 nomine
1578 5275 1741 5326 etiam
1773 5275 1988 5344 episco-

415 5364 577 5422 patus
612 5356 664 5410 e'i
695 5359 990 5428 ademptus
1012 5371 1098 5416 est
1133 5380 1147 5415 :
1184 5378 1306 5416 nam
1349 5380 1475 5418 cunt
1519 5365 1758 5420 lectione
1792 5381 1986 5420 eorum

414 5448 807 5514 opusculorum
836 5451 1079 5519 juvenes
1114 5456 1269 5510 multi
1313 5456 1367 5509 in
1402 5457 1711 5526 periculum
1747 5458 1989 5528 conjice-

417 5549 634 5605 rentur,
665 5542 912 5612 synodus
951 5548 1314 5614 provincialis
1353 5550 1569 5615 statuit,
1602 5552 1766 5622 297
1808 5552 1890 5608 vel
1923 5552 1989 5607 li-

419 5629 592 5690 bellos
619 5633 769 5703 ipsos
797 5637 889 5706 qui
924 5653 1143 5695 amores
1173 5642 1564 5716 accenderent,
1596 5643 1706 5715 igni
1731 5659 1988 5700 consum-

2095 3260 2539 3329 συγκαθευδήσας
2567 3260 3081 3322 ἀκόλαστοςκἊλλά
3106 3260 3204 3314 τοῦ
3237 3261 3335 3328 μὲν
3360 3264 3414 3314 ἐν
3436 3260 3600 3313 Θεσσα-

2090 3349 2181 3420 λίᾳ
2214 3350 2370 3414 ἔθους
2406 3349 2788 3421 προκατῆρξεν
2825 3351 3149 3424 Ἡλιόδωρος
3183 3354 3404 3417 ἐκεῖνος,
3437 3353 3601 3421 Τρίκης

2093 3442 2413 3505 ἐπίσκοπος·
2443 3438 2504 3495 οῦ
2550 3442 2844 3512 πονήματα
2892 3445 3143 3514 ἐρωτικά
3175 3444 3344 3498 εἰσέτι
3368 3443 3453 3498 νῦν
3484 3460 3604 3511 περι-

2093 3533 2340 3603 φέρεται,
2368 3533 2403 3587 ἀ
2434 3535 2550 3595 νέος
2591 3533 2664 3586 ῶν
2705 3536 3059 3602 συνετάξατο,
3091 3535 3406 3591 Αἰθιοπικὰ
3440 3550 3603 3604 apoca-

2090 3625 2363 3694 γορεύσας
2390 3624 2549 3688 αύτά,
2583 3625 2678 3678 νῦν
2706 3625 2761 3678 δὲ
2805 3626 3032 3680 καλοῦσι
3064 3626 3245 3681 ταῦτα
3281 3628 3604 3696 Χαρίκλειαν

2090 3714 2156 3769 δι’
2184 3715 2220 3771 ἀ
2247 3716 2339 3768 καὶ
2365 3715 2465 3786 τὴν
2492 3716 2802 3785 ἐπισκοπὴν
2839 3716 3114 3788 ἀφῃρέθη¹
3147 3717 3344 3785 ἐπειδὴ
3385 3716 3482 3786 γὰρ
3510 3715 3607 3767 πολ-

2091 3807 2201 3871 λοῖς
2226 3807 2336 3859 τῶν
2358 3809 2493 3860 νέων
2519 3805 2849 3860 κινδυνεύειν
2879 3806 3091 3859 ἐκεῖθεν
3117 3805 3308 3879 ἐπῄει,
3330 3809 3363 3876 ἡ
3389 3806 3606 3876 ἐγχώριος

2092 3901 2425 3969 προσέταττε
2460 3898 2678 3961 σύνοδος
2710 3897 2742 3967 ἢ
2798 3896 2895 3960 τὰς
2942 3896 3165 3965 βίϐλους
3219 3897 3507 3967 ἀφανίζειν,
3535 3895 3606 3946 καὶ

2094 3993 2228 4062 πυρὶ
2259 3993 2522 4062 δαπανᾷν,
2548 3989 2969 4061 ύπαναπτούσας
2995 3988 3086 4041 τὸν
3117 3987 3325 4058 ἔρωτα,
3357 3986 3389 4059 ἢ
3420 3985 3484 4055 μὴ
3505 3987 3609 4054 χρῆ-

2091 4103 2180 4140 ναι
2230 4084 2481 4153 ἱερᾶσθαι
2532 4069 2759 4136 τοιαῦτα
2798 4080 3149 4150 συνθέμενον
3209 4081 3304 4133 τὸν
3346 4079 3400 4131 δὲ
3448 4074 3608 4146 μᾶλλον

2092 4176 2313 4230 ἑλέσθαι
2354 4174 2453 4243 τὴν
2503 4172 2807 4243 ἱερωσύνην
2838 4171 3039 4234 λιπεῖν,
3069 4169 3104 4242 ἢ
3139 4173 3209 4223 ἐκ
3260 4170 3419 4239 μέσου
3446 4163 3609 4219 τιθέναι

2089 4267 2153 4320 τὺ
2200 4267 2562 4336 σύγγραμμα.
2593 4266 2659 4317 'U
2706 4264 2799 4317 καὶ
2848 4263 3087 4332 ἐγένετο.
3126 4263 3440 4333 Διετηρεῖτο
3479 4258 3526 4311 δὲ
3564 4256 3609 4308 τὸ

2091 4359 2213 4423 ἔθος
2243 4359 2400 4412 τοῦτο
2425 4359 2484 4410 ἐν
2513 4373 2572 4410 τε
2601 4355 2993 4429 Θεσσαλονίκῃ,
3026 4355 3168 4426 αὐτῇ
3204 4372 3266 4408 τε
3296 4353 3436 4423 πάσῃ
3461 4351 3610 4405 Idm-

2089 4452 2239 4521 δονίᾳ
2266 4450 2360 4504 καὶ
2402 4449 2638 4527 Ἑλλάδι.
2680 4444 2792 4500 Καὶ
2831 4448 2960 4503 ἀλλο
2998 4447 3056 4499 δὲ
3100 4445 3227 4510 ἔθος
3275 4446 3334 4498 ἐν
3374 4441 3608 4505 Θεσσαλίᾳ

2087 4541 2177 4617 ἦν’
2204 4544 2347 4598 κατά
2376 4542 2482 4613 γὰρ
2510 4541 2609 4605 τὰς
2635 4541 2851 4611 ἡμέρας
2882 4540 2976 4593 τοῦ
3005 4540 3197 4609 ηάσχα
3228 4537 3389 4608 μόνον
3421 4533 3610 4587 ἐϐάπτι-

2090 4638 2202 4703 ζον·
2227 4637 2307 4689 διὸ
2335 4635 2430 4689 καὶ
2470 4632 2656 4686 πολλοὶ
2699 4630 2951 4686 ἐντεῦθεν
2977 4630 3218 4699 ἀμύητοι
3251 4628 3518 4697 ἔθνησκον.
3543 4624 3609 4674 Ἐν

2088 4729 2144 4784 δέ
2176 4732 2242 4799 τῇ
2278 4726 2402 4781 κατ’
2443 4726 2782 4796 ’Δντιόχειαν
2816 4725 2912 4794 τῆς
2950 4723 3154 4793 Συρίας
3189 4721 3260 4775 τά
3295 4717 3611 4785 θυσιαστήρια

2085 4824 2184 4893 τὴν
2244 4821 2394 4874 θέσιν
2447 4823 2560 4883 τοῖς
2612 4819 2795 4880 ἀλλοις
2825 4816 3199 4886 ἀντιστρόφως
3252 4809 3501 4883 είχονόύ
3529 4806 3610 4874 γὰρ

2086 4918 2223 4985 πρὸς
2267 4914 2365 4971 ἐω.
2406 4912 2542 4966 ἀλλὰ
2584 4911 2722 4981 πρὸς
2767 4907 2919 4963 δύσιν
2953 4909 3101 4979 ἐώρα
3134 4908 3199 4961 τὸ
3246 4905 3611 4971 θυσιαστήριον.

2089 5009 2189 5061 Ἐν
2215 5022 2277 5075 γε
2324 5007 2431 5076 μὴν
2464 5005 2624 5076 Alii;
2652 5004 2748 5056 καὶ
2793 5001 3064 5073 Θεσσαλία
3086 5001 3185 5054 καὶ
3227 4996 3439 5053 Ἑλλάδι
3463 4994 3547 5054 τάς
3568 4993 3611 5043 ἐν

2087 5101 2208 5161 ταῖς
2253 5096 2596 5168 λυχνοκαῖαις
2647 5096 2812 5166 εύχάς
2840 5096 3038 5164 ἐπίσης
3076 5093 3285 5184 τοῖς-ἐν
3316 5091 3616 5184 munera-vst-

2088 5189 2338 5242 νουπόλει
2367 5187 2727 5246 Ναυατιοινοῖς
2775 5185 3014 5237 ἐποίουν.
3049 5180 3331 5242 Ὡσαύτως
3372 5177 3428 5230 δέ
3456 5175 3538 5229 καὶ
3574 5175 3618 5221 ἒν

2092 5276 2302 5347 Κύπρῳ
2330 5278 2423 5329 καὶ
2459 5274 2769 5345 Καισαρείᾳ
2806 5274 2905 5352 τῆς
2942 5271 3348 5332 Καππαδοκίας
3379 5267 3434 5320 ἐν
3468 5262 3617 5334 ἡμέρᾳ

2091 5367 2374 5422 Σασσάτου
2417 5382 2475 5419 τε
2507 5367 2603 5420 καὶ
2647 5364 2933 5436 Κυριακῆς
2957 5364 3085 5434 περὶ
3119 5362 3368 5454 ἑσπέραν
3391 5359 3519 5429 μετά
3541 5353 3618 5454 την

2088 5458 2394 5530 λυχναψίαν
2423 5459 2476 5512 οἵ
2501 5474 2561 5511 τε
2604 5459 2897 5512 ἐπίσκοποι
2942 5459 3038 5510 καὶ
3074 5456 3125 5508 oi
3157 5451 3619 5545 «psaﬁdtspp‘t‘fi;

2088 5550 2245 5622 ἱερὰς
2264 5549 2490 5621 Γραφάς
2514 5550 2594 5620 τῷ
2618 5549 2732 5619 λαῷ
2764 5548 3180 5619 ἑρμηνεύουσιν.
3215 5545 3284 5597 Οί
3314 5544 3359 5595 δ’
3384 5544 3439 5595 ἐν
3468 5536 3623 5599 Ἐλληέ

2094 5645 2308 5714 σπόντῳ
2332 5644 2399 5697 τὰ
2428 5643 2683 5697 Ναυάτον
2713 5640 3039 5712 φρονοῦντες
3062 5638 3124 5692 ού
3147 5638 3247 5700 τάς
3270 5636 3433 5706 εὐχὰς
3458 5629 3620 5692 ἐπίσης

490 5746 753 5833 (l)_lluuc
806 5748 1158 5809 Heliodorum
1219 5771 1325 5811 non
1388 5755 1574 5813 diluta:
1637 5758 1976 5816 auctoritatis
2009 5757 2332 5827 scriptorem
2376 5772 2499 5815 esse
2548 5757 2768 5827 scripsit
2811 5754 3050 5828 Angelus
3127 5753 3292 5809 Polit.
3360 5743 3620 5804 ﬂuctuari.

414 5833 535 5889 cap.
565 5835 616 5874 ο.
