3800 6556
184 439 269 507 861
652 436 657 443 '
1089 424 1694 484 ECCLESlAb’l‘lC/E
1738 424 2123 485 HISTORl/E
2151 425 2301 489 LIB.
2341 425 2483 487 XII.

3290 427 3398 491 862

182 550 395 607 είσάπαν
443 539 655 595 ἐποίουν
677 539 787 600 τοῖς
821 538 878 591 ἐν
910 536 1481 591 Κωνσταντινουπόλει
1507 535 1577 591 τὰ
1633 535 1723 590 ίσα

1830 546 1955 607 ptes
1990 537 2438 604 abolendosrvel
2471 538 2567 609 qui
2615 554 2711 595 eos
2739 541 3141 612 composuisset
3185 543 3395 597 auctori

184 638 470 705 στέργουσυ
502 629 567 682 τὰ
616 624 785 680 πολλὰ
819 625 878 679 δὲ
929 626 1287 696 παραπλήσια
1337 626 1609 696 ἔπραττον
1650 627 1717 696 τῇ

184 724 436 798 κρατούσῃ
478 718 792 788 Ἐκκλησία.
826 717 1075 772 Καθόλου
1120 717 1165 771 δ’
1199 718 1273 780 ὡς
1309 721 1486 771 εἰπεῖν
1526 719 1585 771 ιν
1617 718 1721 770 πά·

56 840 85 854 -π
184 834 289 879 eat;
316 815 424 874 ταῖς
449 812 624 877 δόξαις
650 809 907 878 οὐδαμῶς
936 809 1086 861 ἐστιν
1112 810 1296 877 εὑρεῖν
1331 808 1460 878 μίαν
1487 824 1722 877 συμφω-

181 907 286 959 νέαν
322 905 373 954 ἐν
413 901 595 970 εὐχαῖς
641 897 807 966 ἔχειν.
839 897 902 949 Oi
932 898 1061 965 περὶ
1102 895 1204 967 ,τὸν
1235 896 1453 964 Ἴστρον
1488 892 1718 956 Σκῦθαι,

181 994 358 1056 πολλὰς
383 994 471 1044 καὶ
521 990 768 1060 μεγάλας
799 986 1018 1057 ἔχοντες
1048 987 1260 1050 πόλεις,
1293 985 1384 1055 ὑφ’
1411 986 1492 1038 ἑνὶ
1521 985 1721 1045 πάντες

180 1085 433 1150 επισκόπιρ
451 1079 761 1132 τάττονται.
792 1078 882 1131 Ἐν
914 1075 959 1130 δ’
993 1077 1173 1139 ἄλλοις
1204 1076 1417 1129 ἔθνεσιν
1449 1074 1718 1142 ἔγνωμεν,

183 1175 247 1246 μὴ
279 1172 427 1242 μόνον
454 1171 511 1223 ὲν
535 1170 713 1232 πόλει,
743 1168 883 1222 ἀλλὰ
908 1169 1003 1222 καὶ
1030 1167 1115 1235 ἐφ’
1143 1168 1352 1238 ἑκάστῃ
1377 1169 1540 1238 κώμῃ
1573 1167 1724 1235 ἱερᾶ-

181 1270 287 1322 σθαι
331 1265 647 1318 ἐπίσκοπον·
675 1262 703 1316 6
731 1263 795 1333 δὴ
834 1262 1074 1331 μάλιστα
1121 1260 1369 1330 Ἀράϐιοι
1400 1259 1519 1321 ἔθος
1574 1255 1721 1327 εἶχον

181 1364 261 1415 καὶ
302 1359 551 1428 Κύπριοι,
583 1357 678 1409 καὶ
710 1358 758 1410 oi
799 1358 858 1409 ἐν
892 1356 1102 1425 Φρυγίᾳ
1135 1355 1503 1411 Ναυατιανοὶ.
1537 1353 1631 1405 καὶ
1671 1352 1721 1403 0!

179 1449 271 1504 ἀπὸ
289 1446 558 1500 Μοντανοῡ
585 1444 980 1511 καταγόμενοι.
1009 1442 1165 1510 Παρὰ
1188 1442 1244 1493 δὲ
1270 1444 1336 1511 τῇ
1376 1440 1564 1510 Ῥώμῃ
1591 1438 1720 1508 ἄχρι

176 1540 259 1595 τοῦ
287 1538 374 1591 νῦν
404 1536 623 1597 πλείους
650 1533 763 1587 τῶν
793 1535 934 1587 ἑπτὰ
967 1534 1208 1587 διάκονοι
1241 1533 1300 1585 οὐ
1344 1534 1610 1600 γίνονται,
1642 1533 1720 1594 είς

181 1634 389 1703 μίμησιν
411 1628 517 1682 τῶν
543 1627 698 1697 παρὰ
724 1628 833 1681 τῶν
862 1627 1182 1683 ἀποστόλων
1207 1625 1719 1696 χειροτονηθέντων,

178 1722 241 1781 ὧν
267 1725 441 1795 ἡγεῖτο
470 1721 766 1788 Στέφανος.
791 1723 820 1774 6
850 1720 1069 1790 πρῶτος
1100 1720 1190 1772 τὸν
1222 1719 1564 1789 μαρτυρικδν
1587 1719 1720 1771 ἀνα-

178 1818 452 1889 δησάμενος
483 1815 774 1884 στέφανον.
809 1814 970 1883 Παρὰ
1011 1813 1070 1866 δὲ
1118 1813 1231 1874 τοῖς
1274 1810 1467 1874 ἄλλοις,
1490 1811 1657 1862 πᾶσιν
1692 1811 1719 1861 6

1825 631 2167 686 {unctionem
2199 631 2566 702 episcopalem
2588 632 2957 704 abrogandam
2980 649 3123 689 esse.
3150 633 3245 690 Ille
3270 650 3400 689 vero

1825 725 2201 793 episcopatum
2253 726 2554 794 deponere,
2589 740 2752 795 quam
2793 725 2999 793 scripta
3033 741 3132 779 sua
3178 726 3400 794 suppri-

1824 831 1974 870 more
2000 818 2211 871 tnalnit.
2245 817 2372 871 Haec
2396 829 2579 871 antem
2609 817 2951 891 consuetudo
2975 816 3397 884 Thessalonicae,

1822 915 1990 975 atque
2021 908 2077 960 in
2120 907 2459 969 Macedonia,
2493 917 2549 961 et
2584 907 2795 962 Graecia
2827 907 3001 967 omni,
3045 919 3256 962 servata
3290 919 3394 962 est.

1822 997 1982 1052 Alius
2010 996 2142 1052 item
2180 998 2233 1051 in
2280 998 2563 1052 Thessalia
2608 1013 2726 1051 mos
2773 997 2897 1062 fuit,
2945 1007 3005 1052 ut
3048 998 3399 1051 Paschalibos

1825 1097 2038 1144 tantum
2095 1089 2294 1145 diebus
2347 1090 2656 1159 baptismus
2696 1098 3058 1159 perageretur
3100 1105 3114 1140 :
3166 1103 3403 1155 quapro-

1824 1191 1945 1251 pter
1974 1180 2131 1235 multi
2160 1180 2329 1235 etiam
2359 1196 2428 1235 eo
2462 1190 2811 1236 sacramento
2837 1196 2943 1233 non
2977 1177 3172 1233 initiati
3208 1178 3398 1231 deces-

1823 1286 1966 1327 sere.
2014 1271 2071 1326 In
2113 1272 2254 1327 urbe
2283 1272 2645 1337 Antiochena,
2676 1288 2795 1340 quas
2830 1272 2884 1325 in
2931 1271 3085 1342 Syria
3120 1278 3221 1332 est,
3267 1272 3401 1322 alta-

1827 1365 1906 1417 ria
1928 1364 2004 1434 (l)
2030 1364 2310 1419 diversum
2338 1379 2567 1433 prorsus
2589 1378 2753 1431 quam
2783 1360 2913 1416 alibi
2937 1360 3104 1416 situm
3129 1359 3397 1413 habuere.

1824 1455 1991 1511 Sacra
2029 1455 2178 1510 enim
2211 1471 2303 1509 ara
2334 1470 2441 1508 non
2467 1453 2532 1508 ad
2565 1452 2869 1516 Orientem,
2903 1451 2999 1507 sed
3030 1451 3097 1505 ad
3130 1449 3399 1506 Occiden-

1825 1556 1933 1601 tem
1989 1561 2182 1601 versus
2228 1546 2493 1600 collecata
2554 1544 2755 1599 fuerat.
2793 1543 3206 1613 Hierosolymis,
3238 1552 3295 1595 et
3338 1541 3394 1594 in

1823 1636 2129 1700 Thessalia,
2162 1646 2328 1705 atque
2358 1635 2524 1690 etiam
2557 1636 2612 1690 in
2635 1634 2866 1697 Graecia,
2894 1632 3239 1687 consuetudo
3271 1629 3393 1693 fuit,

1825 1739 1888 1785 ut
1913 1744 2106 1799 preces
2131 1728 2188 1784 in
2212 1727 2519 1798 pervigiliis
2543 1727 2611 1783 ad
2643 1728 2896 1781 lucernas
2919 1738 3180 1778 accensas
3203 1721 3399 1777 eodem

1825 1837 1935 1891 quo
1964 1820 2279 1885 Novatiani,
2309 1818 2815 1888 Constantinopoli.
2851 1816 3014 1871 modo
3047 1823 3398 1885 peragerent.

181 1908 387 1979 ἀριθμὸς
413 1903 619 1958 τούτων
649 1904 724 1966 ὡς
754 1903 944 1972 ἔτυχεν
976 1904 1068 1957 ἰπὶ
1098 1901 1318 1971 Ῥώμης
1347 1899 1467 1953 καθ’
1487 1899 1720 1953 ἕκαστον

1830 1912 2199 1968 Consimiliter
2228 1911 2284 1965 in
2310 1910 2492 1982 Cypro
2520 1922 2576 1965 et
2603 1911 2868 1965 Caesareae
2902 1908 3320 1977 Cappadocum,
3343 1902 3399 1956 in

178 2000 280 2061 ἔτος
306 1997 447 2062 απαξ
466 1996 526 2049 τὸ
560 1995 885 2064 Ἀλληλούῖα
903 1994 1190 2065 ψάλλουσι,
1217 1992 1362 2046 κατὰ
1386 1993 1487 2062 τὴν
1517 1991 1721 2060 κυριώ-

179 2109 327 2163 νυμον
351 2092 445 2157 τῆς
478 2090 796 2158 Πασχαλίας
826 2090 1064 2159 ἡμέραν
1098 2087 1128 2141 δ
1158 2087 1223 2158 δὴ
1254 2085 1348 2139 καὶ
1391 2084 1607 2145 πολλοῖς
1641 2084 1722 2145 εἰς

180 2187 322 2254 ὅρκον
344 2186 514 2235 κεῖται
542 2182 733 2251 εὐχῆς,
759 2178 888 2234 ὥστ’
922 2180 1221 2247 ἀξιωθῆναι
1253 2177 1487 2232 ἀκοῦσαι
1511 2176 1573 2228 τὸ
1604 2174 1720 2228 Ἀλ-

182 2276 382 2343 ληλούῖα
424 2273 518 2327 καὶ
568 2272 692 2342 μεθ’
721 2272 916 2342 ἡδονῆς
961 2271 1156 2340 ψᾶλαι.
1210 2270 1350 2324 Οὔτε
1400 2269 1457 2323 δέ
1487 2285 1570 2331 τις
1613 2267 1723 2320 τῶν

189 2368 386 2437 Ῥώμης
418 2365 763 2429 ἐπισκόπων,
812 2363 924 2417 οὔτ’
973 2363 1131 2424 ἄλλος
1182 2380 1268 2426 τις
1316 2361 1406 2415 ἐπ’
1451 2359 1724 2431 ικκληοίᾳ

180 2457 476 2531 προσομιλεῖ
504 2457 586 2528 τῷ
616 2456 753 2528 λαῷ·
791 2459 850 2509 ἐν
882 2456 928 2508 δ’
969 2454 1349 2526 ’Δλεξανδρείᾳ
1381 2454 1542 2523 μόνος
1565 2452 1723 2506 τοῦτο

177 2548 387 2619 ἔπραττε
406 2550 503 2618 τῆς
533 2546 743 2610 πόλεως
767 2546 796 2598 6
838 2546 1153 2608 ἐπίσκοπος.
1183 2545 1358 2612 Δόγος
1383 2560 1447 2612 γε
1476 2543 1584 2614 μὴν
1610 2543 1724 2614 ἔχει

176 2641 377 2712 ὕστερον
420 2638 793 2706 ἐπιγενέσθαι,
853 2637 927 2707 μὴ
971 2638 1028 2702 ἐξ
1073 2635 1232 2698 ἔθους
1297 2634 1365 2688 δν
1434 2634 1723 2706 πρότερον.

175 2731 332 2792 Attio;
361 2730 402 2782 δ’
437 2729 666 2797 ἐγένετο
701 2728 944 2797 ’Λρειοςο
985 2725 1044 2787 6;
1075 2723 1449 2795 πρεσϐύτερος
1493 2722 1593 2787 ὢν,
1630 2724 1725 2777 καὶ

176 2821 419 2875 διδάσκειν
450 2819 923 2891 προϐεϐλημένος,
958 2816 1102 2870 κατὰ
1145 2816 1240 2870 τοῦ
1289 2816 1526 2886 ἀληθοῦς
1565 2816 1728 2870 ivstu-

175 2916 337 2984 τέρισε
357 2914 656 2983 δόγματος.
679 2914 777 2967 καὶ
803 2913 903 2980 τὴν
931 2910 1261 2980 Ἐκκλησίαν
1286 2908 1540 2980 ἐτάραξε.
1563 2906 1727 2961 Ξένον

175 3005 224 3061 δδ
254 3006 340 3059 καί
366 3005 715 3058 παντάπασιν
772 3003 938 3071 ἄηθες
962 3005 1030 3073 τῇ
1066 3001 1364 3072 Ἐκκλησία
1394 3001 1546 3069 παρᾶ
1581 3000 1730 3052 Ἀλε-

178 3096 471 3167 ξανδρεῦσιν
517 3097 700 3165 ἔγνων
745 3096 919 3152 πάλαι
967 3093 1279 3165 γινόμενον·
1327 3092 1586 3160 οὐδαμῶς
1620 3089 1729 3158 γὰρ

1822 2004 2084 2081 Sabbato,
2113 2014 2167 2058 et
2199 2004 2491 2059 Dominico
2513 2003 2603 2058 die
2633 2001 2867 2071 vesperi,
2901 2009 3023 2069 post
3048 1998 3399 2051 lucernarum

1822 2098 2241 2158 accensionem.
2278 2096 2522 2165 episwpi
2572 2105 2627 2149 et
2681 2092 2985 2164 presbyteri
3037 2076 3229 2143 sacras.
3257 2086 3403 2141 Scri-

1824 2200 2016 2259 pturas
2054 2189 2256 2258 populo
2291 2195 2598 2258 exponunt.
2640 2184 2929 2240 Novatiani
2971 2189 3175 2240 autem,
3217 2176 3309 2246 qui
3345 2175 3398 2227 in

1825 2283 2176 2352 Hellesponto
2222 2290 2381 2345 sunt,
2435 2297 2544 2334 non
2590 2280 2845 2333 eumdem
2892 2273 3163 2328 orationis
3212 2271 3400 2332 rimis,

1824 2392 1989 2446 quem
2028 2375 2287 2430 [actionis
2322 2387 2516 2427 eorum
2573 2370 2865 2440 populares
2899 2362 3400 2432 Constantinopoli,

1823 2475 2069 2528 servant,
2099 2463 2456 2517 caeremonias
2486 2458 2792 2514 obtinentis
2819 2457 2893 2511 ibi
2924 2455 3182 2511 Ecclesia:
3211 2453 3405 2508 catho—

1825 2557 1946 2612 lica:
1980 2557 2282 2626 plurimum
2324 2564 2642 2623 sequentes.
2674 2551 2739 2605 Et
2773 2559 2834 2605 ut
2866 2550 2921 2602 in
2952 2561 3167 2602 summa
3199 2544 3403 2609 dicam,

1825 2649 1882 2704 in
1904 2647 2265 2717 opinionibus
2289 2655 2346 2700 et
2374 2644 2541 2699 sectis
2569 2642 2849 2703 onmibus,
2885 2638 3313 2708 haudquaquam
3348 2636 3404 2687 in

1827 2739 2242 2811 precationibus
2295 2752 2463 2792 unum
2524 2743 2619 2789 aut
2677 2734 2913 2788 alterum
2964 2727 3403 2785 consentientem

1829 2840 1996 2892 ritum
2026 2845 2302 2893 servatum
2350 2849 2491 2896 esse,
2523 2833 2772 2885 invenire
2803 2837 2906 2882 est.
2953 2824 3168 2895 Scythae
3199 2823 3296 2891 qui
3329 2818 3400 2873 ad

1828 2933 2030 2988 Istrum
2064 2929 2275 2993 colunt,
2311 2926 2509 2981 multas
2543 2934 2598 2979 et
2635 2934 2858 2991 magnas
2886 2916 3093 2971 habent
3123 2913 3402 2975 civitates,

1828 3033 1885 3081 et
1910 3039 2103 3079 omnes
2125 3022 2219 3076 uni
2247 3020 2509 3089 subjecta:
2530 3025 2661 3072 sunt
2685 3014 2967 3083 episeopo.
2990 3009 3045 3062 In
3070 3007 3190 3061 aliis
3220 3017 3405 3060 autem

1833 3117 2072 3188 populis,
2114 3130 2222 3169 non
2271 3113 2450 3167 solum
2500 3110 2555 3164 in
2609 3106 2863 3169 urbibus,
2904 3116 3097 3157 verum
3137 3101 3304 3155 etiam
3349 3100 3406 3151 in

174 3190 481 3243 ἐπανίστατο
534 3192 571 3242 ὁ
629 3188 928 3251 ἐπίσκοπος
984 3188 1096 3239 τῶν
1159 3184 1323 3255 ἱερῶν
1379 3183 1726 3251 Εὐαγγελίων

1831 3209 2143 3277 quibusque
2170 3205 2327 3266 vicis,
2364 3201 2655 3270 episcopos
2687 3212 2809 3252 esse
2844 3195 3074 3250 scimus.
3111 3191 3243 3258 Quae
3274 3205 3410 3246 con-

173 3281 708 3351 ἀναγινωσκομένων*
753 3280 782 3333 6
829 3281 895 3333 ἂν
927 3279 1152 3350 οὐδεμιᾷ
1184 3277 1294 3331 τῶν
1339 3276 1654 3347 ἐκκλησιῶν
1688 3275 1722 3343 ἢ

174 3374 354 3446 ιγνωῆ
382 3375 590 3445 ἥκουσι
619 3392 703 3437 τις
752 3373 922 3427 πάλαι
968 3372 1364 3442 γεγενημένον.
1409 3371 1626 3440 Ταύτην
1669 3370 1726 3423 δὲ

173 3466 260 3532 τὴν
310 3466 461 3537 ίερὰν
507 3466 699 3537 βίϐλον
742 3466 925 3520 ικεῐσε
969 3466 1132 3534 μόνος
1174 3464 1263 3518 ἀεὶ
1299 3463 1671 3532 ἀναγινώσκει
1698 3464 1727 3516 6

175 3558 558 3628 ἁρχιδιάκονοςο
587 3561 645 3611 ιν
679 3558 873 3621 ἄλλαις
903 3556 963 3611 δὲ
1008 3556 1327 3626 ικκλησίαις
1373 3555 1637 3609 διάκονοι⁸
1669 3552 1728 3605 ιν

176 3647 378 3712 πολλαῖς
414 3648 472 3702 δὲ
516 3648 715 3712 ἄλλαις
762 3650 922 3719 μόνοι
964 3649 1015 3702 οι
1058 3648 1244 3719 ἱερεῖς·
1275 3645 1333 3699 ἓν
1363 3662 1475 3699 τισι
1514 3645 1572 3698 δι
1619 3643 1728 3699 τῶν

174 3738 444 3808 ἐπισήμων
488 3737 721 3809 ἡμερῶν
760 3740 861 3793 καὶ
904 3738 1219 3791 επίσκοποι·
1259 3735 1451 3806 ὥσπερ
1487 3735 1546 3788 εν
1578 3734 1731 3787 Κωνο

175 3831 608 3886 σταντινιιυπόλει
628 3833 758 3903 ἄχρι
786 3832 877 3885 τοῦ
904 3831 1000 3884 νῦν
1025 3832 1348 3901 πράττεται,
1370 3830 1465 3883 καὶ
1494 3828 1731 3897 μάλιστα

173 3923 303 3975 κατὰ
332 3923 427 3994 τὴν
474 3922 710 3994 πρώτην
747 3923 969 3993 ἡμέραν
1019 3923 1121 3991 τῆς
1168 3921 1478 3990 Πασχαλίου
1512 3920 1730 3989 ἑορτῆς,

173 4014 254 4066 καὶ
279 4015 334 4068 εν
357 4017 423 4085 τῇ
450 4016 651 4085 πρώτῃ
674 4014 866 4083 εἰσόδῳ
887 4014 983 4067 τοῦ
1012 4012 1282 4067 ἐνιαυτοῦ.
1312 4013 1379 4063 ’Δ
1403 4012 1499 4064 καὶ
1518 4010 1727 4073 διπλῶς

174 4105 556 4173 ἑκφωνοῦνταιο
586 4108 714 4162 ὅσον
749 4108 858 4177 γὰρ
893 4108 1101 4166 helvo;
1145 4105 1318 4173 λόγει,
1358 4104 1552 4157 ἔπειτα
1584 4103 1732 4171 λέγει

173 4197 320 4251 τοῦτο
349 4202 441 4251 καὶ
469 4201 500 4252 ό
551 4199 822 4262 διάκονος·
854 4199 930 4263 ὦς
964 4216 1029 4268 γε
1058 4199 1265 4268 οίομαι,
1298 4197 1386 4250 ῐνα
1417 4197 1552 4265 δοκῇ
1585 4198 1679 4248 καὶ
1706 4197 1735 4247 6

175 4293 461 4357 ἐπίσκοπος
502 4291 808 4364 κηρύττειν
856 4291 1011 4356 αὐτὸ,
1044 4293 1137 4344 καὶ
1182 4290 1256 4361 μὴ
1306 4289 1466 4359 μόνον
1499 4288 1549 4341 οί
1576 4287 1736 4340 τοῦτο

174 4383 416 4456 λαχόντες
458 4388 756 4441 διακονεῖν.
781 4386 942 4449 Ἴσως
979 4384 1036 4438 δὲ
1074 4383 1168 4436 καὶ
1209 4383 1284 4446 ὡς
1317 4381 1547 4453 βροντῆς
1579 4380 1736 4448 δίκην

175 4473 452 4544 οὐρανόθεν
492 4474 807 4539 ἀκούοντες,
839 4473 1272 4541 άπαραποιήτως
1307 4468 1453 4524 οὕτω
1480 4469 1733 4537 διαγγέλο

176 4564 344 4634 λομεν.
376 4563 775 4632 Ἀναγινώσκει
795 4563 853 4617 δὲ
881 4562 977 4615 καὶ
1008 4561 1071 4614 τὸ
1099 4559 1318 4625 πρῶτον
1344 4559 1445 4627 τῆς
1466 4558 1726 4628 διαθήκης
1763 4564 1806 4616 D

174 4655 518 4726 Εὑαγγέλιον,
552 4655 626 4718 ὼς
661 4652 846 4723 ἐντελῆ
886 4651 980 4705 τὸν
1028 4650 1199 4704 τύπον
1237 4650 1419 4719 φέρων
1466 4648 1729 4719 Χριστοῦ.

174 4746 344 4818 Εύχὰς
369 4750 427 4803 δὲ
461 4750 559 4803 καὶ
582 4745 904 4818 ψαλμῳδίας
938 4746 1000 4798 οὐ
1033 4744 1132 4808 τὰς
1164 4744 1354 4808 αὐτὰς,
1387 4742 1460 4805 ὡς
1491 4742 1732 4813 είρηται,

174 4843 226 4899 αἱ
265 4843 555 4914 ἐκκλησίαι
597 4842 807 4896 ἅπασαι
840 4839 1080 4908 ιχουσιν,
1114 4837 1232 4892 ἀλλ’
1262 4836 1384 4890 οὐδὲ
1424 4835 1521 4896 τὰς
1561 4834 1732 4896 αὐτὰς

174 4932 379 5007 βίϐλους
427 4934 525 4987 καὶ
571 4930 1003 5001 ἀναγνώσματα.
1053 4927 1165 4999 Τὴν
1210 4926 1342 4998 γοῦν
1385 4925 1733 4995 καλουμένην

183 5027 547 5096 ’Δποκάλυψιν
591 5026 824 5096 Πέτρου,
861 5024 937 5085 ὡς
970 5021 1124 5076 νόθον
1157 5021 1310 5092 παρὰ
1349 5021 1458 5075 τῶν
1490 5018 1732 5091 ἀρχαίων

170 5119 608 5192 δοκιμασθεῖσαν,
665 5117 817 5187 παρᾶ
861 5116 1243 5178 Παλαιστινοῖς
1298 5114 1356 5167 ἐν
1410 5112 1734 5182 ἐκκλησίαις

175 5214 308 5265 τισὶν
336 5213 487 5278 ἅπαξ
534 5212 767 5265 ἑκάστου
815 5210 969 5269 ἔτους
1020 5211 1183 5276 μέχρι
1219 5205 1417 5258 πολλοῦ
1465 5203 1733 5273 ἀναγινώ-

178 5306 442 5375 σκομινην
463 5303 696 5373 εὕρομεν
715 5301 854 5354 κατὰ
879 5300 970 5370 τὴν
991 5302 1208 5369 ἡμέραν
1223 5300 1322 5367 τῆς
1351 5297 1731 5366 Παρασκευῆς·

176 5396 237 5466 ἡν
260 5396 289 5448 6
323 5395 452 5459 λαὸς
499 5395 617 5467 μετ’
650 5394 939 5456 εὐλαϐείας
978 5394 1070 5446 καὶ
1104 5392 1444 5463 συντριμμοῦ
1482 5394 1734 5463 νηστεύει

175 5486 264 5540 ἐπὶ
290 5492 599 5559 ἀναμνήσει
639 5487 735 5542 τοῦ
783 5486 1056 5556 σωτηρίου
1086 5486 1315 5547 πάθους·
1353 5487 1454 5554 τὴν
1495 5484 1549 5538 δὲ
1581 5486 1730 5553 λεγο-

139 5612 150 5622 α
177 5580 340 5651 μένην
365 5580 734 5649 Ἀποκιῦυψιν
758 5579 976 5633 Παύλου
997 5577 1093 5631 τοῦ
1115 5578 1440 5640 ἀποστόλου,
1468 5580 1535 5648 ῆν
1555 5577 1733 5641 οὐδεὶς

174 5673 277 5726 τῶν
327 5672 499 5726 πάλαι
548 5672 854 5746 ἀνθρώπων
884 5667 1018 5737 εἶδε,
1050 5670 1119 5725 δι’
1152 5671 1332 5735 αἰδοῦς
1380 5671 1645 5742 πρότερον
1678 5670 1735 5724 ὲν

242 5859 319 5933 (ι)
347 5863 413 5920 Ει
441 5859 554 5931 ipsa
581 5876 796 5935 quoque
829 5860 1082 5917 ecclesia.
1114 5859 1276 5914 Socr.

1828 3296 2243 3364 snetudeapud
2293 3292 2506 3349 Arabes
2540 3289 2916 3361 potissimum,
2957 3297 3013 3340 et
3056 3283 3305 3356 Cyprios,
3352 3291 3410 3337 et

1830 3391 1883 3444 in
1918 3389 2151 3459 Phrygia
2179 3386 2322 3455 apud
2351 3384 2709 3445 Novatianos,
2741 3389 2907 3451 atque
2941 3376 3086 3447 apud
3128 3390 3224 3430 eos
3255 3374 3349 3444 qui
3377 3390 3410 3428 a

1830 3484 2087 3538 Montano
2112 3480 2330 3536 deducti
2366 3487 2518 3541 sunt,
2554 3476 2677 3529 fuit.
2725 3474 2912 3528 Romae
2958 3471 3025 3525 ad
3072 3469 3407 3523 hodiernum

1831 3587 2006 3642 usque
2034 3571 2180 3625 diem
2210 3584 2318 3623 non
2356 3568 2543 3637 plures
2565 3579 2729 3635 quam
2754 3573 2965 3632 septem
2995 3559 3213 3615 diaconi
3247 3559 3405 3623 ilum,

1829 3664 1896 3717 ad
1929 3678 2121 3717 eorum
2158 3662 2332 3715 instar
2355 3658 2451 3727 qui
2491 3657 2561 3711 ab
2588 3656 2858 3727 apostolis
2890 3653 3067 3709 creati
3104 3659 3257 3715 sunt,
3286 3648 3412 3719 qui-

1833 3755 1936 3809 bus
1973 3754 2290 3822 Stephanus
2338 3752 2428 3806 ille
2472 3750 2729 3820 praefuit,
2760 3748 2855 3818 qui
2905 3747 3116 3819 primus
3160 3741 3411 3812 martyrii

1834 3847 2134 3915 reportavit
2184 3858 2471 3899 coronam.
2516 3842 2677 3913 Apud
2728 3841 2867 3897 alios
2914 3838 3146 3910 populos
3193 3849 3408 3897 omnes,

1833 3952 1996 4006 quem
2032 3949 2155 3990 sors
2189 3934 2337 3994 tulit.
2374 3947 2567 3988 eorum
2612 3946 2881 3986 numerus
2918 3942 3027 3984 est.
3070 3929 3129 3982 lu
3164 3928 3410 3981 Romana

1836 4030 1971 4082 urbe
1999 4027 2186 4083 itidem
2217 4024 2517 4095 quotannis
2540 4023 2709 4079 semel
2740 4006 2993 4087 Alleluia,
3033 4019 3276 4090 paschali
3307 4018 3411 4072 Do-

1837 4120 2041 4173 niinico
2072 4118 2160 4172 die
2185 4112 2780 4172 concinunt.’Proinde
2809 4112 2887 4182 (2)
2928 4128 2957 4165 a
2990 4111 3179 4164 multis
3199 4109 3411 4179 jureju-

1838 4210 2011 4265 rando
2032 4207 2420 4279 concipiendo,
2449 4206 2703 4276 votisque
2729 4202 3141 4271 nuncupandis,
3178 4214 3411 4270 usurpa-

1841 4313 1953 4356 tum
1987 4312 2093 4366 est,
2139 4311 2198 4355 ut
2229 4300 2312 4355 eis
2337 4298 2567 4355 Alleluia
2596 4297 2811 4364 audire,
2840 4305 2898 4351 et
2939 4310 3065 4349 cum
3096 4293 3286 4348 laatitia
3321 4307 3411 4346 ca-

1841 4408 1972 4447 nere
2002 4393 2254 4447 daretur.
2286 4389 2455 4459 298
2487 4388 2675 4458 Neque
2708 4387 3030 4458 episcopus,
3063 4397 3239 4453 neque
3267 4382 3412 4435 alius

1841 4486 2128 4555 quisquam
2184 4484 2236 4538 in
2281 4482 2518 4538 ecclesia
2566 4482 2754 4535 Romae
2799 4478 2867 4534 ad
2914 4476 3173 4547 pepulum
3203 4474 3413 4529 docens
3456 4462 3459 4465 ’

1837 4573 2004 4628 vetba
2038 4573 2193 4627 facit.
2241 4571 2589 4627 Alexandriae
2618 4579 2803 4625 autem
2834 4570 2989 4624 solus
3031 4567 3137 4623 hoc
3180 4580 3410 4621 munere

1835 4662 2081 4733 fungitur
2110 4663 2403 4733 episcopus
2431 4678 2447 4715 :
2480 4659 2628 4731 quod
2654 4657 2879 4729 quidem
2910 4665 3121 4727 postea,
3151 4669 3278 4710 cum
3316 4668 3414 4705 an—

1838 4766 1922 4811 tea
1950 4770 2068 4809 mos
2090 4754 2137 4808 is
2164 4770 2275 4809 non
2300 4753 2490 4819 fuerit,
2512 4764 2599 4809 est
2620 4752 2992 4807 observatum.
3021 4748 3255 4805 Causam
3282 4761 3413 4801 con—

1834 4846 2116 4902 suetudini
2149 4862 2309 4902 nova:
2331 4846 2566 4917 prcbuit
2596 4843 2786 4909 Arius,
2822 4844 2919 4913 qui
2950 4842 3097 4913 quod
3127 4840 3411 4910 presbyter

1835 4950 2005 5000 esset.
2059 4948 2117 4994 et
2161 4938 2399 4994 docendi
2447 4937 2784 5008 provinciam
2832 4934 3173 5003 accepisset,
3217 4940 3410 4986 contra

1835 5032 2090 5089 veritatis
2114 5032 2420 5087 doctrinam
2455 5045 2544 5084 res
2578 5045 2751 5083 novas
2788 5030 3075 5088 inducens,
3107 5024 3409 5080 Ecclesiam

1838 5126 2099 5182 turbavit.
2147 5127 2205 5181 lu
2237 5126 2432 5181 eadem
2462 5123 2833 5179 Alexandrina
2883 5120 3142 5180 ecclesia.
3176 5118 3322 5189 quod
3356 5119 3410 5170 in

1836 5218 1976 5272 locis
2000 5216 2125 5273 aliis
2151 5216 2410 5270 omnibus
2434 5227 2638 5269 novum
2670 5216 2835 5280 atque
2865 5208 3110 5264 insolens
3141 5214 3247 5267 est.
3278 5205 3409 5260 olim

1836 5309 2145 5364 obtinuisse
2206 5307 2343 5361 seio.
2408 5304 2714 5375 Episcopus
2768 5316 3008 5370 namque
3070 5315 3199 5354 cum
3254 5314 3411 5353 saera
3479 5306 3485 5315 ‘

1838 5402 2134 5472 Evangelia
2167 5400 2503 5469 legerentur,
2551 5413 2662 5453 non
2689 5395 3029 5466 assurgebat.
3079 5394 3137 5451 ld
3180 5408 3311 5449 vero
3355 5392 3410 5445 iu

1840 5495 1948 5549 ulla
1998 5492 2157 5560 plane
2191 5490 2427 5547 ecclesia
2475 5487 2788 5559 antiquitus
2829 5487 3034 5543 factum
3064 5500 3206 5549 esse,
3248 5498 3415 5538 nemo

1838 5585 1927 5641 vel
1960 5584 2121 5649 vidit,
2166 5583 2252 5639 vel
2292 5573 2524 5638 audivit.
2562 5579 2792 5637 Sacrum
2821 5594 2949 5636 eum
2979 5578 3182 5634 librum
3211 5576 3283 5631 ibi
3323 5589 3409 5630 ειν

1841 5678 1926 5733 lus
1974 5677 2106 5749 legit
2148 5675 2572 5731 archidiaconus
2610 5691 2625 5729 :
2661 5673 2715 5728 in
2749 5673 2890 5743 aliis
2931 5681 3115 5728 autem
3163 5669 3413 5727 ecclesiis

1912 5860 1990 5927 (2)
2017 5859 2233 5913 Sozom.
2273 5856 2368 5913 lib.
2406 5869 2500 5920 vtt,
2529 5870 2647 5915 can.
2691 5858 2770 5912 ιθ.
