3918 6552
505 397 621 459 867

1740 387 2160 449 NICEPHORI
2206 388 2549 450 CALLlSTl

3638 393 3728 457 868

428 557 431 561 ‹
513 517 706 574 colant
732 531 747 568 :
785 517 1051 584 praterea
1073 507 1221 577 Quod
1248 508 1603 569 Samaritani,
1633 507 1728 578 qui
1759 507 1829 563 ab
1857 509 1939 563 eis
1969 517 2097 563 sunt

2203 511 2387 569 αὐτοῖς
2427 509 2725 580 παρεδόθη,
2760 506 3279 577 φυλάττουσιν.Ἕτι
3317 507 3396 571 δὲ,
3429 507 3500 573 ὡς
3528 510 3615 563 καὶ
3642 514 3728 566 Xa-

517 606 777 678 disjuneti
800 646 815 671 ,
846 604 1157 661 certissime
1188 609 1315 672 post
1343 601 1737 671 aequinoctium
1763 615 1983 669 semper
2010 599 2092 653 l‘e-

518 699 629 753 rias
669 700 834 751 hasce
876 694 1182 751 celebrent.
1215 693 1419 748 Verum
1465 706 1565 745 suo
1597 690 1827 745 seorsim
1871 690 1939 744 ad
1978 702 2093 742 rem

520 788 662 841 hanc
697 786 876 840 lusius
906 782 1294 853 explicandam
1331 790 1578 847 tempore
1615 789 1702 834 est
1747 793 1910 848 opus.
1953 774 2095 831 lllttd

518 893 682 948 porro
723 876 908 947 potius
956 890 1103 929 nunc
1141 874 1435 929 dicentium
1485 870 1637 926 venit
1679 890 1693 926 :
1732 871 1828 940 qui
1876 869 2098 924 Judaios

518 963 623 1018 sibi
655 964 972 1028 imitandos,
1004 970 1061 1017 et
1084 969 1334 1017 exactam
1364 960 1475 1030 typi
1509 968 1566 1013 et
1595 960 1784 1030 ﬁgurae
1820 959 2091 1012 rationem

517 1055 890 1110 exhibendam
944 1061 1395 1124 proposuerunt,
1448 1067 1546 1107 eos
1596 1051 1775 1106 modis
1834 1052 2096 1105 omnibus

521 1145 647 1198 illos
685 1144 840 1214 sequi
882 1143 1107 1198 debere.
1161 1141 1215 1196 Si
1262 1156 1503 1212 namque
1547 1154 1859 1195 accuratam
1904 1141 2098 1195 ohscr-

517 1238 793 1291 vationcm
841 1234 1123 1302 inquirere
1168 1232 1398 1297 volunt,
1441 1245 1554 1287 non
1601 1231 1677 1286 illi
1716 1232 1833 1286 dies
1881 1241 2095 1301 tantum

517 1329 815 1384 observare
842 1325 1070 1389 debent,
1103 1323 1198 1379 sed
1230 1333 1283 1378 et
1312 1324 1418 1378 alia
1443 1338 1786 1393 quacunque
1812 1322 2094 1389 Christus,

518 1435 644 1475 eum
676 1418 780 1472 sub
821 1418 944 1489 lege
969 1428 1137 1483 esset,
1170 1414 1402 1472 Iudaico
1435 1431 1586 1472 more
1618 1417 1771 1482 fecit,
1806 1427 1902 1473 aut
1930 1434 1959 1471 a
1996 1432 2098 1486 po-

521 1510 805 1581 pularibus
850 1518 908 1565 et
945 1509 1246 1564 tribulibus
1289 1508 1410 1565 suis
1453 1509 1656 1580 injuria
1701 1508 1936 1564 allectus
1966 1524 2095 1579 per-

521 1605 665 1669 tttlit,
686 1611 782 1657 aut
805 1604 914 1657 alio
935 1603 1102 1656 etiam
1129 1601 1293 1656 modo
1317 1603 1574 1658 omnibus
1601 1601 1840 1673 benigne
1865 1600 2095 1666 faciens,

518 1714 616 1770 per
644 1700 873 1769 ﬁguram
920 1712 1081 1769 agere
1128 1697 1525 1768 perseveravit.
1561 1693 1848 1764 Siquidem
1907 1692 2095 1748 navim

519 1790 610 1845 ille
648 1789 851 1858 saepius
896 1789 1209 1858 ingressus,
1249 1786 1557 1841 doctrinam
1590 1785 1962 1856 promulgavit
1992 1802 2007 1839 :
2038 1794 2095 1840 et

518 1877 573 1931 in
624 1870 923 1933 c'tenaculo‘
960 1875 1166 1931 Pascha
1213 1876 1453 1946 primum
1504 1876 1689 1945 parari
1737 1878 1987 1938 curavit,
2041 1885 2097 1929 et

520 1978 648 2024 ante
694 1968 747 2023 id
776 1968 993 2022 asinam
1021 1967 1243 2038 ligatam
1295 1968 1432 2021 solvi
1470 1968 1681 2039 jussit:
1722 1976 1778 2022 et
1814 1967 2095 2022 hominem

517 2076 715 2131 aquam
764 2061 817 2115 in
869 2075 996 2115 vase
1044 2059 1199 2114 ﬁctili
1254 2067 1598 2131 gestantem,
1644 2059 1728 2115 eis
1759 2059 1853 2130 qui
1887 2059 2095 2115 Pascha

520 2169 716 2224 parare
738 2150 1204 2222 deproperabant,
1228 2152 1449 2217 signum
1478 2151 1768 2222 proposuit
1799 2169 1812 2205 :
1838 2160 1895 2205 et
1924 2152 2097 2207 multa

519 2246 666 2311 alia,
723 2261 844 2315 quae
893 2246 1045 2301 varie
1099 2244 1154 2299 in
1204 2243 1408 2300 divinis
1456 2243 1772 2314 Evangeliis
1818 2243 2095 2300 feruntur.

519 2340 651 2404 Qua:
698 2351 828 2390 sane
874 2338 1057 2391 omnia
1098 2336 1465 2406 corporaliter
1494 2335 1795 2391 observare
1835 2351 1945 2391 non
1977 2346 2097 2391 stt:-

520 2431 678 2495 dent,
701 2431 794 2498 qui
827 2428 991 2482 ferias
1012 2428 1179 2483 hasce
1213 2428 1320 2483 rite
1346 2427 1617 2483 celebrari
1647 2427 1853 2484 debere
1878 2444 2096 2499 aequum

520 2535 644 2575 esse
692 2529 915 2590 putant.
964 2517 1103 2584 Quis
1153 2518 1301 2573 enim
1358 2533 1422 2573 ex
1477 2517 1805 2573 doctoribus
1856 2535 2099 2590 unquam

514 2613 672 2683 juxta
709 2610 893 2682 typum
939 2621 995 2666 et
1028 2610 1266 2681 ﬁguram
1303 2610 1357 2664 in
1405 2609 1628 2679 navigio
1673 2609 1874 2666 docere
1904 2610 2101 2681 erepit?

523 2705 716 2776 Neque
746 2706 800 2758 in
836 2704 1125 2760 caenaculo
1158 2719 1254 2758 seu
1287 2704 1564 2774 superiori
1596 2713 1752 2774 parte
1785 2704 2005 2769 domus,
2043 2714 2102 2760 ut

523 2812 653 2854 ante
679 2799 863 2853 omnia
899 2797 1107 2852 Pascha
1139 2796 1429 2851 celebrans
1464 2797 1754 2866 quESquatn
1789 2808 2097 2868 perageret,

520 2888 708 2945 studio
741 2889 954 2944 habuit.
989 2888 1093 2944 Sed
1133 2903 1313 2959 neque
1355 2898 1484 2943 ante
1526 2888 1580 2943 id
1622 2889 1833 2943 asinam
1876 2890 2099 2960 ligatam

520 2984 659 3038 solvi
701 2981 1000 3043 mandavit,
1031 2995 1212 3051 neque
1240 2980 1381 3035 adeo
1409 2996 1742 3053 quemquam
1774 2982 1977 3053 aliquis
2008 2999 2100 3038 vas

519 3074 691 3130 ﬁctile
726 3074 781 3128 in
816 3073 1065 3128 humeris
1098 3072 1242 3127 ferre
1273 3074 1457 3145 jussit,
1490 3084 1550 3128 ut
1587 3090 1656 3129 ne
1696 3075 1843 3145 quod
1876 3075 2099 3146 symbo-

2201 605 2403 674 μαρεῖς
2445 604 2653 672 σχίσμα
2684 602 2891 657 τούτων
2934 603 3088 665 ὄντες
3127 602 3190 654 τὸ
3233 602 3633 672 ἀκριϐέστατον,
3657 610 3728 661 ἀεὶ

2202 697 2321 762 μετ’
2348 696 2645 764 ἰσημερίαν
2670 694 2771 766 τὴν
2798 696 2996 764 ἑορτὴν
3020 693 3225 765 ταύτην
3257 693 3608 749 ἐπιτελοῦσιν·
3630 699 3727 754 ἀλλ’

2200 784 2501 849 ίδιάζοντος
2537 785 2713 837 δεῖται
2760 784 2955 854 καιροῦ
2995 785 3054 837 τδ
3103 783 3234 854 περὶ
3277 783 3481 838 τούτων
3506 784 3729 853 διεξιέναι

2200 875 2792 947 πλατύτερον.⁹Εκείνο
2830 876 2875 930 δ’
2900 877 3130 946 ἄμεινον
3170 875 3372 945 μᾶλλον
3401 878 3562 944 ἐρεῖν,
3596 878 3669 933 ὅτι
3689 883 3729 935 oi

2209 970 2482 1032 Ἰουδαίοις
2512 969 2748 1024 ἔπεσθαι
2784 970 3075 1043 ᾑρημένοι,
3110 971 3204 1022 καὶ
3244 970 3373 1038 περὶ
3405 970 3526 1032 τοὺς
3554 970 3728 1030 τύπους

2195 1061 2297 1133 τὴν
2329 1061 2620 1131 ἀκρίϐειαν
2653 1060 3087 1130 ἐνδεικνύμενοι,
3118 1060 3215 1113 καὶ
3244 1060 3386 1113 κατά
3427 1062 3595 1119 πάντα
3628 1064 3728 1130 τρο.

2196 1169 2301 1206 πον
2331 1152 2543 1215 τούτοις
2565 1151 2884 1221 ὀφείλουσιν
2914 1149 3168 1204 ἕπεσθαι·
3201 1154 3248 1204 εί
3283 1152 3393 1222 γὰρ
3425 1151 3554 1214 ὅλως
3577 1151 3729 1217 ζητεῖν

2196 1244 2482 1316 αἱροῦνται
2507 1243 2566 1297 τὸ
2598 1244 2849 1313 ἀκριὸὲς,
2876 1243 2976 1312 οὐχ
3021 1244 3244 1312 ἡμέρας
3284 1244 3445 1312 μόνον
3467 1231 3555 1295 καὶ
3584 1244 3728 1313 μῆνας

2197 1337 2569 1408 παρατηρεῖν,
2599 1334 2738 1389 άλλά
2766 1335 2861 1387 καὶ
2888 1334 3053 1388 τᾶλλα
3085 1335 3186 1387 δσα
3216 1334 3451 1406 Χριστὸς
3477 1335 3727 1405 γενόμενος

2197 1430 2306 1485 ύπδ
2337 1431 2524 1500 νόμον.
2564 1426 3005 1498 ’ἰουδαῖκώτερον
3031 1426 3416 1497 διεπράττετο,
3442 1426 3475 1498 ἢ
3504 1429 3591 1481 καὶ
3625 1427 3728 1480 ὑπέ-

2201 1539 2365 1592 μενεν
2392 1524 2497 1576 ὑπὸ
2522 1520 2632 1574 τῶν
2664 1519 3031 1591 συμφυλετῶν
3061 1518 3444 1589 ἀδικούμενος,
3465 1519 3499 1590 ἢ
3523 1522 3610 1573 καὶ
3627 1522 3728 1589 196-

2199 1636 2302 1672 πον
2334 1618 2524 1688 ἕτερον
2552 1617 2761 1680 πάντας
2787 1613 2846 1669 εὖ
2875 1617 3072 1682 ποιῶν,
3101 1616 3353 1680 τυπικῶς
3390 1616 3625 1670 διετέλει.
3660 1617 3729 1670 Ἑν

2199 1712 2373 1782 πλοίῳ
2397 1712 2508 1781 γάρ
2529 1713 2738 1773 ἐκεῖνος
2764 1710 3034 1773 πολλάκις
3061 1709 3269 1773 είσιὼν,
3294 1709 3394 1778 τὴν
3420 1708 3731 1764 διδασκαλίαν

2199 1806 2459 1875 ἔπραττε·
2494 1805 2591 1858 καὶ
2623 1804 2681 1856 ἐν
2709 1803 2940 1871 ἀνώγεῳ
2965 1803 3027 1854 τδ
3061 1802 3283 1873 πρῶτον
3318 1801 3506 1870 Πάσχα
3534 1801 3732 1872 ηὐτρέσ-

2199 1913 2349 1951 πισε·
2379 1897 2473 1951 καί
2504 1895 2614 1967 πρὸ
2653 1895 2868 1949 ἐκείνου
2897 1896 3020 1949 δνον
3047 1893 3352 1963 δεδεμένην
3385 1892 3601 1963 λυθῆναι
3626 1910 3735 1963 προ-

2197 1984 2354 2053 έταξε
2382 2005 2396 2018 ·
2448 1988 2546 2042 καὶ
2596 1988 2689 2041 τὸν
2730 1987 2795 2041 τὸ
2842 1986 3110 2058 κεράμιον
3153 1984 3249 2039 τοῦ
3301 1985 3495 2047 ὕδατος
3535 1986 3733 2056 φέροντα

2200 2084 2435 2152 σημεῖον
2463 2080 2633 2134 tuo“
2661 2081 2775 2141 τοῖς
2810 2081 2942 2148 περὶ
2971 2078 3033 2133 τδ
3059 2077 3255 2148 Πάσχα
3289 2077 3637 2142 σπουδάζουσι
3658 2079 3730 2130 καὶ

2198 2174 2336 2228 ἀλλα
2364 2173 2531 2245 ιτερα
2581 2173 2682 2226 ὅσα
2731 2171 2998 2234 ποικίλως
3047 2173 3164 2233 τοῖς
3205 2164 3378 2234 θείοις
3424 2168 3733 2239 Romam;

2200 2265 2603 2335 ἀμφέρεται.“Α
2633 2263 2698 2333 δὴ
2733 2264 2913 2318 πάντα
2957 2263 3295 2333 σωματικῶς
3328 2262 3482 2316 οὐδὲν
3515 2277 3731 2331 napaea-

2197 2353 2415 2406 λάττειν
2444 2352 2798 2413 σπεύδουσιν,
2834 2353 2952 2405 ὅσοι
3000 2353 3065 2421 δὴ
3100 2352 3169 2405 τὰ
3198 2351 3304 2421 τῆς
3352 2350 3543 2421 ἑορτῆς
3565 2349 3733 2417 ταύτης

2200 2446 2463 2516 πράττειν
2477 2445 2666 2499 δίκαια
2698 2441 2839 2498 εἶναι
2871 2446 3191 2515 νομίζουσιν
3211 2460 3225 2475 ·
3260 2444 3348 2507 τίς
3369 2444 3475 2513 γὰρ
3505 2460 3621 2496 ποτε
3647 2444 3732 2496 τῶν

2197 2537 2545 2592 διδασκάλων
2581 2536 2728 2590 κατά
2770 2536 2864 2588 τὸν
2908 2536 3080 2589 τύπον
3128 2538 3190 2590 έν
3226 2537 3401 2606 πλοίῳ
3432 2534 3730 2596 διδασκαλίας

2199 2631 2549 2700 κατήρξατος
2595 2629 2740 2684 Ἀλλ’
2775 2630 2887 2683 οὐδ’
2937 2631 3020 2691 εἰς
3098 2629 3363 2698 ἀνώγεων
3413 2628 3606 2699 οἴκημα
3647 2629 3732 2697 πρὸ

2202 2706 2406 2785 παντὸς
2435 2724 2652 2776 τελέσαι
2696 2740 2783 2786 τις
2830 2724 2892 2775 τὸ
2924 2722 3120 2791 Πάσχα
3164 2722 3412 2794 σπουδὴν
3461 2722 3729 2791 ἐποιήσατο,

2200 2816 2319 2870 ἀλλ’
2349 2816 2472 2870 οὐδὲ
2500 2816 2608 2884 πρὸ
2631 2816 2828 2869 τούτου
2858 2814 3157 2884 δεδεμένην
3184 2815 3312 2868 δνον
3344 2813 3563 2885 λυθῆναι
3593 2828 3732 2883 napt-

2202 2907 2537 2970 σκευάσατο,
2571 2904 2694 2959 οὐδὲ
2724 2923 2804 2975 τῳ
2836 2902 3111 2975 ἐπέτρεψέ
3137 2921 3221 2966 τις
3252 2902 3521 2971 κεράμιον
3547 2899 3734 2968 tmpe-

2199 2996 2312 3050 διον
2337 2994 2515 3062 άγειν,
2545 2993 2614 3047 ἵν’
2643 2994 2907 3064 ἀνελλιπῆ
2945 2993 3039 3046 τοῦ
3071 2993 3261 3063 Πάσχα
3290 2992 3379 3060 εἴη
3411 2991 3476 3044 τὰ
3505 2988 3731 3058 σύμϐολα.

2200 3089 2416 3158 Τυχαῐα
2475 3086 2584 3157 γὰρ
2644 3084 2841 3153 ταῦτα,
2909 3084 3008 3139 καὶ
3081 3083 3500 3153 Ἰουδαῖκῶτερα
3563 3079 3733 3150 μᾶλλον

513 3166 631 3220 lum
682 3175 738 3222 et
791 3164 1010 3236 signum
1069 3162 1291 3220 Pascha:
1348 3165 1787 3222 desideraretur.
1841 3166 2094 3223 Fortuita

2200 3182 2458 3252 ἥγηνται.
2493 3181 2603 3233 Καὶ
2630 3179 2743 3248 γὰρ
2783 3178 3033 3231 Ἰουδαῖοι
3069 3177 3138 3230 τὰ
3175 3175 3540 3243 συμσαίνοντα
3570 3172 3733 3242 μᾶλλον

518 3272 763 3328 namque
807 3258 924 3311 haec
958 3265 1118 3319 sunt,
1167 3265 1225 3311 et
1267 3256 1612 3312 Judaismum
1660 3259 1846 3329 potius
1894 3263 2097 3315 referre

2203 3274 2314 3335 τοῖς
2343 3271 2594 3342 σώμασιν
2623 3270 2658 3342 ἢ
2690 3272 2812 3333 ταῖς
2857 3269 3060 3339 ψυχαῖς
3109 3268 3313 3332 σώζειν
3365 3266 3731 3328 σπουδάζουσιν.

518 3351 928 3407 existimantur.
968 3350 1255 3419 Siquidem
1309 3359 1367 3405 et
1417 3350 1591 3406 Judtei
1639 3365 1703 3407 ea
1748 3366 1872 3421 quae
1919 3351 1998 3408 sic
2045 3352 2098 3406 in

519 3445 849 3516 corporibus
879 3444 1172 3507 accidunt,
1206 3443 1412 3513 majore
1448 3443 1658 3511 studio,
1690 3460 1854 3513 quam
1890 3445 1936 3500 si
1976 3444 2099 3499 ani-

522 3538 719 3592 mabus
779 3535 1076 3600 eveniant,
1144 3537 1440 3590 observare
1505 3535 1867 3592 contendunt.
1937 3536 2099 3609 302

521 3630 758 3685 Proinde
798 3631 963 3683 etiam
992 3627 1361 3683 exsecrationi
1407 3627 1631 3683 obnoxii
1681 3640 1849 3693 sunt,
1898 3639 1959 3684 ut
2004 3630 2098 3700 qui

521 3722 681 3777 Mosae
712 3723 886 3792 legem
933 3721 1099 3775 veluti
1154 3732 1341 3791 typum
1376 3734 1430 3775 et
1472 3721 1700 3792 ﬁguram
1732 3722 1903 3792 magis
1930 3738 2094 3792 quam

519 3815 810 3869 veritatem
844 3813 1148 3882 excipiunt.
1183 3813 1252 3866 Et
1288 3814 1382 3882 qui
1422 3812 1650 3869 illorunt
1693 3830 1780 3869 res
1819 3814 2099 3869 admiran-

523 3915 615 3960 tur
638 3916 693 3961 et
722 3913 928 3969 amant,
969 3904 1097 3958 talia
1131 3903 1198 3959 ad
1227 3920 1425 3961 sensus
1452 3906 1970 3977 speculationesque
2009 3894 2122 3960 ar-h

519 4013 685 4054 canas
715 4007 772 4052 et
801 3998 1067 4053 sublimes
1109 4007 1391 4054 revocant.
1426 3999 1502 4055 De
1546 3998 1748 4055 diebus
1782 4009 1938 4055 certe
1972 3999 2096 4070 qui~

519 4091 645 4145 dem
688 4099 744 4144 et
791 4090 1079 4144 mensibus
1115 4090 1579 4145 irreeoneiliabile
1612 4089 1877 4146 Ecclesiae
1905 4092 2094 4146 conci-

521 4192 639 4236 tant
678 4182 914 4247 bellttm,
949 4182 1474 4252 contemplationem
1511 4182 1870 4237 remotiorem
1915 4183 1983 4236 de
2015 4185 2097 4238 eis

519 4271 941 4342 posthabentes.
993 4271 1183 4341 Itaque
1237 4272 1554 4326 necessario
1604 4272 2002 4342 consequitur,
2042 4285 2100 4326 et

523 4364 673 4431 ipsos
709 4362 811 4415 hac
846 4363 899 4415 in
937 4373 1093 4431 parte
1121 4362 1371 4416 eamdem
1416 4376 1542 4415 cum
1586 4361 1792 4418 Judazis
1823 4362 2101 4418 sustinere

520 4454 849 4507 sententiam
897 4463 957 4507 et
985 4453 1505 4507 condemnationem
1528 4493 1543 4516 ,
1580 4454 1634 4507 in
1675 4454 1887 4524 seipsos
1931 4454 2100 4508 male-

2205 3365 2406 3419 Ἔνοεν
2435 3380 2520 3416 τοι
2552 3364 2649 3415 καὶ
2681 3363 2787 3416 ὑπὸ
2816 3361 2958 3432 ἀράν
3003 3360 3270 3435 γίνονται,
3303 3359 3381 3422 ὡς
3410 3359 3498 3411 τὸν
3533 3355 3733 3415 Μωσέως

2204 3460 2369 3529 νόμον
2393 3458 2471 3520 είς
2494 3455 2667 3510 τύπον
2689 3455 2751 3508 ού
2776 3456 2884 3525 μὴν
2908 3453 3042 3522 πρὸς
3065 3451 3334 3523 ἀλήθειαν
3356 3451 3731 3519 ικλαμὸάνουσι·

2205 3551 2297 3603 καὶ
2323 3552 2371 3603 οἱ
2407 3552 2474 3602 τὰ
2500 3549 2733 3603 ἐκείνων
2760 3545 3048 3617 φιλοῦντες
3071 3546 3142 3598 τὰ
3166 3542 3397 3598 τοιαῦτα
3425 3537 3732 3610 ἁναγωγικῶς

2203 3640 2492 3710 θεωροῦσι.
2522 3640 2659 3709 Περί
2689 3656 2754 3705 γε
2790 3638 2896 3708 μὴν
2927 3638 2960 3703 ἠ
2972 3635 3180 3706 μερῶν,
3213 3633 3315 3688 καὶ
3343 3634 3545 3704 μηνῶν,
3573 3634 3733 3686 ἄσπον-

2201 3728 2288 3783 δον
2309 3732 2377 3799 τῇ
2401 3727 2705 3797 Ἐκκλησία
2729 3724 3157 3796 ἀναρριπίζουσι
3180 3721 3448 3793 πόλεμον,
3472 3725 3525 3774 ὲν
3537 3718 3733 3788 δευτέρῳ

2199 3820 2303 3892 τὴν
2333 3820 2465 3891 περὶ
2490 3821 2701 3873 τούτων
2745 3818 2969 3890 θέμενοι
3003 3817 3260 3888 θεωρίαν.
3291 3816 3552 3870 Λείπεται
3587 3812 3732 3866 τοίνυν

2199 3914 2260 3979 ἐξ
2301 3912 2609 3981 ἀναγκαίου
2641 3913 2734 3965 καὶ
2765 3912 2968 3976 αὐτοὺς
3003 3910 3142 3965 κατά
3179 3908 3342 3964 τοῦτο
3371 3911 3432 3962 τδ
3476 3908 3626 3979 μέρος
3658 3903 3733 3973 τὴν

2199 4005 2323 4074 ἴσην
2367 4004 2667 4073 καταδίκην
2699 4001 2983 4065 Ἰουδαίοις
3029 4001 3285 4072 πάσχειν,
3335 3999 3490 4055 αὐτοὶ⁵
3531 3997 3607 4066 ις’
3630 3996 3732 4048 ἑαυ-

2197 4098 2310 4160 τοῖς
2362 4094 2463 4167 τὴν
2518 4094 2618 4166 τῆς
2653 4095 2902 4167 κατάρας
2954 4094 3141 4165 ψῆφον
3197 4086 3730 4165 ὲπισπώμενοι.’Δλλά

2198 4189 2330 4258 περὶ
2367 4187 2467 4257 μὲν
2497 4187 2732 4252 τούτων,
2750 4185 3017 4258 ἀρκοῦσιν
3042 4183 3199 4257 οἶμαι
3219 4187 3290 4240 τὰ
3311 4186 3591 4258 είρημένα*
3605 4184 3734 4254 ἡμεῖς

2199 4280 2256 4333 δὲ
2289 4276 2449 4342 αὖθις
2477 4280 2572 4332 ἐπὶ
2593 4278 2684 4334 τὸν
2709 4278 2912 4333 οἰκεῖον
2938 4280 3145 4349 δρόμον
3169 4280 3259 4332 τὸν
3276 4280 3440 4348 λόγον
3455 4279 3729 4347 ἀγάγωμεν.

2212 4372 2513 4440 Ἐλέγομεν
2552 4371 2738 4424 τοίνυν
2767 4371 2844 4434 ὡς
2890 4372 2927 4443 η
2960 4371 3259 4440 Ἐκκλησία
3309 4373 3538 4444 πρώτως
3562 4370 3731 4436 διαιρε⁴

2204 4459 2383 4524 θεῖσα,
2417 4461 2520 4513 οὐκ
2553 4458 2648 4513 ἐπὶ
2686 4460 2786 4523 τῆς
2828 4461 3156 4529 διαιρέσεως
3202 4458 3439 4532 ἔμεινεν·
3468 4460 3577 4514 ἀλλ’
3606 4452 3730 4515 αὖθις

521 4542 780 4596 dictionis
825 4543 1098 4596 calculum
1145 4541 1408 4597 ferentes.
1443 4542 1549 4598 Sed
1580 4544 1649 4600 de
1697 4543 1786 4599 his
1832 4546 1997 4610 satis,
2040 4553 2097 4599 ut

2202 4555 2257 4605 οί
2286 4552 2678 4624 διαιρεθέντες,
2719 4555 2962 4623 σμικρᾶς
2996 4571 3141 4618 τινος
3188 4556 3509 4625 εἰλημμένοι
3555 4549 3730 4623 προφά-

522 4644 680 4705 puto,
714 4634 978 4688 diximus.
1008 4634 1350 4704 Quapropter
1391 4636 1459 4689 ad
1509 4637 1826 4691 institutum
1868 4652 2096 4691 cursum

524 4726 831 4775 orationem
870 4738 1063 4777 rursus
1091 4735 1502 4779 convertamus.
1549 4725 1799 4780 Diximus
1832 4742 2093 4795 namque,

523 4814 823 4869 Ecclesium
848 4854 862 4879 ,
901 4831 1025 4868 eum
1059 4815 1295 4883 pritnum
1332 4814 1668 4871 factionibus
1698 4826 1848 4872 esset
1893 4818 2090 4886 divisa,

522 4908 576 4960 in
624 4922 689 4961 eo
733 4923 917 4961 rerum
948 4918 1095 4962 statu
1140 4922 1248 4962 non
1293 4909 1710 4978 permansisse:
1762 4926 1951 4965 verum
2000 4926 2096 4965 eos

520 4999 752 5063 deinde,
802 5003 897 5069 qui
947 4988 1321 5055 secessionem
1364 5001 1656 5068 iecissent,
1703 5018 1869 5073 parva
1913 5005 2097 5073 aliqua

519 5104 745 5163 arrepta
787 5095 1111 5157 occasione,
1148 5112 1176 5148 a
1212 5095 1332 5149 suis
1358 5095 1693 5160 descivisse,
1731 5106 1787 5152 et
1818 5097 1873 5151 itt
1919 5108 2099 5153 sectas

520 5186 657 5240 alias
689 5185 915 5241 abiisse.
961 5185 1233 5241 Cazletum
1279 5187 1373 5241 alii
1408 5187 1567 5241 aliter
1598 5188 1758 5243 divisi
1802 5202 1952 5243 sunt.
1984 5191 2099 5245 No-

2205 4661 2367 4709 σεως,
2398 4647 2520 4699 κατ’
2543 4645 2794 4717 ἀλλήλοιν
2821 4648 3090 4717 ἐχώρουν,
3125 4650 3221 4702 καὶ
3252 4650 3334 4712 είς
3362 4647 3635 4718 διαιρέσεις
3653 4642 3729 4697 ἀλ·

2201 4736 2301 4800 λιις
2332 4735 2729 4807 διεμερίζοντο.
2766 4739 2875 4791 Καὶ
2916 4740 3069 4794 ἀλλοι
3118 4740 3219 4809 μὲν
3249 4741 3425 4804 άλλως
3455 4739 3727 4810 διῄμηνται·

2200 4830 2249 4882 οἱ
2276 4828 2332 4882 δὲ
2363 4829 2706 4884 Ναυατιανο)⁵
2733 4834 2798 4901 τῇ
2835 4832 3110 4901 προφάσει
3163 4831 3260 4885 τοῦ
3311 4834 3499 4901 Πασχα
3540 4827 3728 4898 διῄρην·

2200 4938 2312 4973 ταν
2337 4922 2430 4973 καὶ
2452 4922 2555 4974 οὐκ
2581 4925 2639 4974 ἐν
2666 4923 2764 4991 μιᾷ
2789 4922 3054 4993 διαιρέσει
3083 4924 3343 4994 ἔστησαν,
3369 4922 3504 4976 ἀλλά
3522 4922 3605 4975 καὶ
3627 4916 3728 4985 περὶ

2204 5011 2429 5082 ἡμερῶν
2462 5015 2557 5065 καὶ
2583 5014 2901 5084 ὲὸδομάδων
2932 5018 3028 5070 καὶ
3057 5017 3266 5086 ἑτέρων
3291 5016 3517 5069 εὐτελῶν
3541 5013 3612 5075 εἰς
3637 5009 3727 5059 ἔτει

2207 5106 2285 5172 ρα
2311 5104 2574 5175 τμήματα
2611 5108 2967 5177 διῃρέθησαν.
3003 5110 3114 5163 Καὶ
3161 5110 3239 5178 πῆ
3274 5108 3374 5178 μὲν
3403 5108 3491 5159 ἐπὶ
3517 5107 3604 5171 τῆς
3638 5100 3728 5153 δια·

2209 5197 2450 5267 κρίσεως
2485 5198 2703 5269 ἔμενον,
2737 5200 2852 5253 ἔστι
2882 5200 2928 5254 δ’
2952 5203 3042 5254 ὅτε
3077 5203 3171 5254 καὶ
3198 5202 3572 5270 ἐπεμίγνυντο.

521 5280 728 5334 vatiani
774 5292 958 5334 autem
1005 5294 1104 5349 per
1134 5281 1479 5336 occasionem
1521 5292 1577 5337 et
1624 5292 1946 5352 praetextum
1999 5285 2280 5344 Paschalis
2348 5289 2471 5344 festi
2535 5292 2588 5345 in
2652 5304 2834 5361 partes
2865 5294 3189 5349 discessere.
3217 5293 3404 5365 illeque
3465 5289 3536 5343 illi
3566 5286 3614 5340 in
3642 5295 3727 5336 una

522 5374 763 5445 partium
814 5373 1133 5428 secessione
1179 5375 1553 5430 constiterunt
1597 5391 1610 5429 :
1666 5375 1762 5429 sed
1817 5380 1983 5430 etiant
2032 5378 2102 5433 de
2143 5380 2344 5437 diebus
2382 5393 2463 5437 .et
2535 5385 2997 5449 hebdomadibus,
3043 5387 3276 5456 aliisque
3304 5400 3410 5440 non
3444 5378 3603 5450 magni
3634 5390 3727 5430 uto-

522 5467 694 5522 menti
718 5467 885 5522 rebus
912 5467 1311 5538 disceptantes,
1344 5468 1399 5522 iu
1437 5478 1616 5523 sectas
1646 5469 1784 5523 alias
1850 5481 1983 5524 sunt
2046 5473 2314 5530 dissecti:
2385 5481 2479 5546 qui
2551 5479 2773 5548 quidem
2807 5479 3013 5535 alicubi
3042 5479 3347 5550 segregati,
3378 5472 3597 5531 seorsim
3621 5481 3730 5526 con-

522 5572 722 5619 ventus
744 5579 939 5635 egere,
968 5564 1100 5619 alibi
1142 5575 1324 5621 autem
1360 5567 1731 5623 communiter
1762 5568 1927 5623 simul
1975 5572 2277 5626 convenire
2308 5576 2459 5631 soliti
2493 5575 2671 5631 luere.
