3918 6542
219 432 320 494 869

801 527 1052 583 ΚΕΦΛΛ.
1085 527 1224 590 aq".

223 629 358 698 napi
386 626 504 694 τῆς
537 623 654 677 τῶν
682 617 1074 698 Ναυέιτιανιῖἐν
1117 612 1438 698 διαδοχῆς..
1477 609 1615 698 περὶ⁹
1646 610 1799 698 Ἀζε-

289 679 458 754 Elea):
477 679 830 762 ’Μαρκωγοῦ
856 688 954 762 καί
995 687 1267 762 {girl-ou
1290 679 1322 716 λ’
1343 679 1442 762 καὶ
1467 683 1552 735 ὅτι
1583 683 1615 733 ὁ
1636 679 1799 762 Σισί-

289 751 691 831 ﬂammeus,»
725 778 815 826 τις
844 760 937 811 καὶ
975 756 1127 824 ἡδὺς
1179 755 1250 808 ἐν
1283 753 1404 818 ταῖς
1437 751 1799 812 συνουσίαις

291 837 538 905 ἐγένετο
568 831 665 885 καὶ
688 831 1044 900 φιλόκαλος.

289 933 516 1006 Είδέναι
548 947 734 1015 μέντοι
762 941 963 1014 χρεὼν,
1003 942 1078 1004 ὡς
1124 942 1226 1010 τῆς
1270 941 1327 992 ἐν
1356 938 1801 989 Κωνσταντιιου-

229 1043 380 1094 πόλει
443 1036 774 1107 Ἐκκλησίας
811 1035 902 1089 ἐπὶ⁵
951 1035 1045 1106 ἐτη
1087 1033 1498 1102 τεσσαράκοντα
1559 1027 1799 1095 Ἀγέλιος

230 1133 476 1200 ἡγήσατο
502 1112 610 1181 ἁπδ
641 1127 750 1179 τῶν
777 1122 1156 1179 Κωνσταντίου
1185 1121 1391 1191 χρόνων
1424 1118 1549 1188 ἄχρι
1583 1116 1679 1168 καὶ
1705 1111 1799 1166 τοῦ

229 1224 389 1276 ἐκτου
433 1221 590 1288 ἔτους
641 1215 944 1270 Θεοδοσίου.
995 1214 1146 1268 Ἐπεὶ
1183 1214 1228 1266 δ’
1281 1211 1473 1279 ἔμελλε
1519 1208 1794 1276 τελευτᾷν,

231 1315 306 1375 εις
335 1311 432 1363 τὸν
476 1310 688 1362 ἐκείνου
735 1306 904 1358 τόπον
955 1306 1287 1376 ἐχειροτόνει
1327 1302 1582 1360 Σισίνιον,
1618 1299 1675 1360 ὃς
1710 1297 1801 1350 ὑπ’

235 1403 383 1473 αὐτῷ
413 1403 768 1468 ταττόμενος,
803 1396 1175 1468 πρεσϐύτερος
1215 1391 1304 1466 ἦν.
1350 1394 1487 1447 Λίαν
1519 1391 1564 1446 δ’
1594 1390 1802 1457 ἐλλόγι-

237 1513 330 1566 μος
359 1491 439 1547 ὢν
474 1495 637 1564 ἀνὴρ,
674 1491 976 1559 διδασκάλῳ
1007 1489 1107 1558 μὲν
1145 1487 1386 1557 Μαξίμῳ
1419 1484 1496 1555 τῷ
1524 1483 1801 1552 φιλοσόφῳ

232 1589 542 1658 ἐχρήσατο·
586 1582 863 1653 Ἰουλιανῷ
897 1582 952 1634 δὲ
978 1580 1196 1650 σύναμα
1225 1579 1296 1632 τὰ
1332 1576 1598 1647 φιλόσοφα
1642 1577 1802 1627 ἐπαι-

231 1678 438 1732 δεύετο.
506 1676 617 1731 Τοῦ
675 1676 733 1729 δὲ
779 1673 912 1727 λαοῦ
970 1669 1332 1726 Ναυατιανῶν
1379 1671 1436 1722 ἐν
1471 1667 1673 1738 μέμψει
1706 1668 1803 1737 τὴν

234 1770 425 1822 τούτου
462 1767 850 1838 ποιησαμένων
881 1765 1243 1838 χειροτονίαν,
1275 1765 1358 1818 ὅτι
1394 1761 1468 1832 μὴ
1500 1758 1804 1832 Μαρκιανῷ

235 1861 440 1932 μᾶλλον
472 1860 744 1930 ἐπέτρεψε
779 1859 877 1926 τὴν
920 1857 1251 1926 ἐπισκοπὴν,
1283 1855 1504 1910 εὐλαδεῖ
1529 1854 1683 1924 ἀνδρὶ
1709 1856 1804 1907 καὶ

236 1958 556 2026 περιφανεῖ,
592 1954 661 2008 δι’
693 1953 753 2006 ὃν
789 1954 886 2006 καὶ
930 1952 1022 2005 ἐπὶ
1054 1950 1357 2009 Οὐάλεντος
1397 1949 1662 2020 ἀτάραχοι
1697 1947 1811 1998 δια-

241 2048 643 2118 μεμενήκασιν,
681 2049 707 2099 ό
741 2045 982 2114 Ἀγέλιος
1019 2043 1080 2096 τδ
1109 2041 1186 2112 τῷ
1214 2041 1328 2112 λαῷ
1351 2041 1509 2106 δόξαν
1541 2038 1811 2111 θεραπεῦ-

239 2160 325 2196 σαι
379 2141 735 2211 βουλόμενος,
773 2140 935 2208 ἀφεὶς
985 2136 1076 2190 τὸν
1125 2136 1384 2197 Σισῐνιον,
1419 2136 1814 2204 ἐπιχειροτονεῖ

236 2233 450 2296 τούτοις
490 2234 581 2286 τὸν
620 2231 968 2302 Μαρκιανὸν.
1012 2230 1184 2302 Ῥᾴων
1209 2229 1253 2282 δ’
1281 2231 1344 2282 ἐκ
1383 2229 1540 2281 νόσου
1585 2229 1813 2297 γενόμε-

237 2343 342 2388 νος,
401 2326 490 2388 εἰς
532 2327 631 2394 τὴν
661 2323 961 2392 ἐκκλησίαν
1001 2319 1117 2388 ίὼν,
1157 2321 1222 2373 δι’
1293 2317 1487 2373 ἑαυτοῦ
1515 2318 1688 2370 ταῦτα
1735 2316 1812 2386 τῷ

236 2417 433 2485 πλήθει
475 2418 694 2470 ἀνεῖπε⁶
749 2413 1072 2485 Μαρκιανὸν
1133 2413 1234 2482 μὲν
1277 2411 1432 2481 ἔχετε
1497 2409 1616 2479 μετ’
1674 2410 1806 2479 ἐμὲ·

241 2512 376 2578 μετὰ
407 2510 470 2562 δὲ
502 2507 821 2578 Μαρκιανδν
857 2508 949 2558 τὸν
983 2504 1239 2557 Σισίνιον.
1274 2501 1440 2554 Ταῦτ’
1469 2501 1658 2562 εἰπὼν,
1695 2500 1811 2570 μετ’

239 2602 418 2670 ὀλίγον
450 2601 724 2666 ἐξέλιπεν.
753 2601 866 2652 Ούκ
899 2600 978 2661 εἰς
1017 2597 1230 2668 μακρὰν
1272 2594 1329 2647 δὲ
1359 2593 1454 2647 τοῦ
1486 2593 1810 2662 Μαρκιανοῦ

238 2696 684 2764 τελευτήσαντος,
741 2692 975 2753 Σισὶνιος
1020 2689 1117 2757 τὴν
1149 2685 1454 2758 ἐπισκοπὴν
1499 2687 1807 2755 διεδέχετο’

239 2785 396 2853 ἀνὴρ,
431 2783 513 2844 ὡς
542 2781 779 2851 εἴρηται,
807 2768 927 2830 λίαν
955 2776 1260 2845 ἐλλόγιμος,
1303 2775 1380 2836 εἰς
1421 2774 1593 2844 ἄκρον
1620 2791 1679 2825 τε
1717 2790 1808 2850 φιτ

237 2842 608 2942 λοσόςοων-καί
633 2842 738 2923 τῶν
769 2869 936 2938 ἱερῶν
959 2842 1152 2934 λόγων,
1186 2865 1285 2935 τὴν
1314 2842 1622 2934 ἐπιστήμην
1652 2842 1812 2934 ἀκριί-

242 2967 584 3035 εωσάμενος,
634 2962 872 3032 μάλιστα
917 2960 974 3013 δὲ
1016 2962 1115 3028 τῆς
1162 2955 1507 3024 διαλεκτικῆς
1551 2957 1810 3024 φροντίδα

241 3060 598 3127 ποιούμενοςο
629 3056 704 3116 ὡς
757 3057 849 3106 καὶ
899 3053 1160 3118 Εὐνόμιον
1199 3050 1344 3104 τοῦτ’
1389 3051 1550 3121 ἔργον
1596 3051 1805 3119 ἔχοντα,

241 3152 500 3212 πολλάκις
535 3150 634 3220 τὴν
673 3147 792 3214 μετ’
819 3146 1028 3200 ἐκείνου
1058 3144 1294 3211 διάλεξιν
1343 3143 1802 3213 παραιτήσασθαι.

251 3244 373 3296 Ἐπὶ
414 3243 574 3296 τόσον
625 3240 686 3308 δὲ,
731 3238 1024 3306 σωφρόνως
1077 3236 1230 3297 ἐϐίω,
1281 3238 1355 3296 ὡς
1399 3235 1489 3286 ἐπὶ
1518 3235 1687 3305 ταύτῃ
1718 3234 1810 3286 καὶ

241 3331 789 3405 κρείττων,γενέσθαι
817 3329 1094 3396 διαϐολῆς.
1121 3329 1232 3392 Τὴν
1259 3327 1467 3379 δίαιταν
1490 3327 1540 3379 δὲ
1577 3327 1637 3377 ού
1669 3326 1810 3389 λιτὸς

243 3426 337 3492 ὣν,
370 3425 562 3493 ἁϐρῶς
596 3424 796 3492 μᾶλλον
830 3424 922 3474 καὶ
952 3419 1256 3482 πολυτελῶς
1307 3420 1434 3487 περὶ
1468 3419 1672 3486 ταύτην
1699 3419 1813 3470 διέ-

246 3535 423 3571 κειτο·
459 3518 534 3578 ὠς
569 3515 661 3568 καί
694 3532 836 3567 τισιν
869 3513 1077 3567 οἴεσθαι
1118 3511 1192 3581 μὴ
1223 3511 1523 3581 σωφρονεῖν
1552 3510 1813 3564 δύνασθαι

247 3610 488 3680 τοσαύτῃ
523 3606 846 3677 πολυτελείᾳ
885 3611 978 3659 καὶ
1003 3607 1176 3674 τρυφῇ
1209 3603 1490 3674 χρώμενον
1515 3617 1529 3632 ο
1578 3603 1673 3654 καὶ
1712 3603 1815 3672 μά-

244 3705 400 3756 λιστα
431 3704 567 3772 περὶ
605 3701 702 3771 τὴν
733 3701 960 3766 ἐσθῆτα,
992 3699 1087 3750 καὶ
1117 3697 1193 3766 τῷ
1236 3697 1316 3759 δὶς
1361 3696 1464 3764 τῆς
1509 3697 1722 3765 ἡμέρας
1758 3696 1816 3747 ἐν

245 3797 534 3866 δημοσίοις
564 3794 809 3862 λουτροῖς
843 3790 1117 3844 λούεσθαι.
1155 3788 1365 3850 Ἀλλως
1399 3787 1453 3839 δὲ
1495 3788 1622 3856 ἡδὺς
1651 3782 1719 3856 ἦν
1755 3787 1816 3838 τὸ

245 3886 396 3960 ἦθος,
424 3889 526 3941 καὶ
553 3889 608 3940 ἐν
643 3889 761 3948 ταῖς
791 3884 1096 3946 συνουσίαις
1140 3880 1542 3951 κεχαρισμένος
1567 3897 1581 3910 ο
1623 3879 1710 3931 διά
1735 3897 1816 3931 τοι

247 3980 404 4032 τοῦτο
432 3979 497 4032 ού
532 3978 692 4047 μόνον
729 3975 1120 4036 Ναυατιανοῖς,
1152 3973 1290 4025 ἀλλὰ
1324 3973 1418 4025 καὶ
1446 3971 1561 4032 τοῖς
1595 3969 1818 4023 ἐπισκό-

249 4086 368 4132 ποις
396 4068 497 4121 καὶ
526 4067 757 4137 ἄρχουσι
794 4065 902 4117 τῶν
926 4067 982 4116 ἐν
1005 4063 1149 4116 τέλει
1182 4063 1280 4130 τῆς
1318 4061 1549 4114 καθόλου
1590 4061 1820 4131 Ἐκκλη-

251 4160 368 4222 σίας
423 4157 731 4228 ἐπέραστός
791 4173 874 4219 τις
927 4156 1120 4207 ἐδόκει.
1166 4154 1274 4206 Σὺν
1327 4153 1669 4224 ἁστειότητος
1711 4154 1819 4223 γὰρ

251 4253 434 4322 χάριτι
469 4250 736 4302 σκώπτων
764 4247 1008 4316 ἀνείχετο
1042 4245 1200 4299 τοῦτο
1235 4245 1396 4299 πάλιν
1426 4246 1687 4315 πάσχων·
1728 4244 1820 4298 καί

252 4361 310 4411 γε
345 4343 609 4412 ἑκάτερον
638 4338 931 4410 ἀπεχθείας
957 4337 1030 4399 ὡς
1062 4338 1395 4408 πορρωτέρω
1419 4337 1588 4389 ἐτέλει
1624 4337 1818 4390 ποιῶν.

265 4433 532 4500 Ἐτοίμως
569 4431 614 4482 τ’
643 4429 703 4481 εὖ
740 4429 884 4499 μάλα
921 4428 1058 4498 πρὸς
1080 4429 1203 4490 τοὺς
1235 4427 1673 4498 πυνθανομένους
1696 4445 1820 4480 και-

257 4524 376 4592 ρίαν
401 4522 604 4575 διδόναι
641 4523 738 4573 σὺν
765 4520 1069 4588 κομψότητι
1127 4519 1227 4588 τὴν
1261 4520 1575 4590 ἀπόκρισιν,
1608 4519 1682 4580 ὡς
1709 4521 1824 4570 Σω-
1857 4548 1899 4601 D

253 4617 445 4686 κράτει
501 4615 667 4666 δοκεῖ.
723 4611 832 4664 Καί
886 4611 1012 4663 ποτέ
1067 4627 1212 4673 τινος
1257 4613 1544 4681 ἐρομένου,
1596 4630 1614 4661 ι
1659 4610 1824 4663 Ὀτου

255 4711 413 4778 χάριν
446 4708 743 4768 ἐπίσκοπος
776 4705 852 4757 ὣν
898 4705 982 4766 δὶς
1022 4704 1232 4757 λούοιτο
1275 4704 1373 4772 τῆς
1406 4705 1620 4773 ἡμέρας
1643 4718 1655 4732 ·
1703 4703 1826 4755 Ὅτι

258 4816 361 4862 τοι,
386 4799 517 4867 ἔφη,
550 4797 609 4848 ού
660 4796 778 4862 τρὶς
806 4793 1066 4862 δύναμαι.
1113 4811 1130 4844 ι
1165 4793 1285 4844 Τῶν
1326 4809 1469 4853 τινος
1510 4791 1554 4844 δ’
1589 4792 1694 4844 ἀπὸ
1729 4792 1829 4859 τῆς

258 4888 494 4941 καθόλου
526 4885 852 4950 Ἐκκλησίας
870 4882 1280 4952 ἐπισκώψαντος
1302 4881 1384 4934 ὅτι
1402 4882 1602 4949 λευκὴν
1625 4882 1830 4951 ἐσθῆτα.

262 4980 477 5049 φοροίη,
506 4977 774 5045 ἀνοίκειον
817 4974 878 5028 ὃν
907 4975 1214 5044 ἐπισκόπῳ,
1246 4973 1407 5036 εὐθὺς
1451 4975 1827 5045 ἀντεπήγαγε-

267 5089 284 5121 ι
325 5073 417 5125 Σοὶ
463 5072 520 5124 δὲ
557 5069 759 5140 μᾶλλον
812 5067 1081 5119 δεικνύειν
1114 5065 1313 5135 χρεὼν,
1369 5063 1473 5118 ποῦ
1518 5069 1829 5134 γέγραπται

263 5159 467 5225 ἐσθῆτα
506 5157 768 5227 μέλαιναν
799 5154 997 5224 χρῆναι
1045 5151 1444 5224 ἀμφιέννυσθαι
1489 5154 1578 5205 τὸν
1609 5153 1832 5204 ἐπίσκο-

268 5267 387 5305 πον.
428 5267 446 5298 ι
493 5249 580 5300 Ἐν
607 5247 798 5314 ἀπόρῳ
824 5245 868 5297 δ’
891 5244 1103 5296 ἐκείνου
1131 5244 1549 5311 καθεστηκότος,
1579 5244 1831 5312 ἐπιφέρει

266 5339 580 5409 παραυτίκα
618 5337 849 5398 Σισίνιος
872 5351 914 5365 ’ί
944 5353 961 5386 ι
987 5335 1148 5387 Ἀλλὰ
1185 5336 1248 5387 σὺ
1296 5335 1395 5404 μὲν
1431 5336 1530 5387 οὐκ
1565 5335 1632 5388 ἂν
1669 5337 1830 5405 δυνη-

268 5434 417 5503 θείης
444 5431 606 5484 τοῦτο
639 5428 838 5492 δεῖξαι·
873 5429 901 5479 ὀ
943 5426 1000 5478 δὲ
1043 5426 1298 5495 Σολομῶν
1343 5427 1468 5495 ἐμοὶ
1499 5427 1654 5478 τοῦτο
1699 5445 1832 5496 προ-

264 5525 459 5594 τρέπει
492 5522 692 5576 οὑτωσὶ
739 5521 937 5588 λέγων,
991 5517 1311 5572 Ἕστωσάν
1354 5534 1472 5572 σου
1513 5519 1584 5570 τὰ
1630 5518 1829 5586 ἱμάτια

268 5617 358 5671 ἀεὶ
389 5612 603 5670 λευκά.
649 5611 811 5665 Ἀλλὰ
845 5610 951 5681 μὴν
982 5609 1072 5662 καὶ
1107 5611 1134 5662 ὁ
1159 5610 1350 5678 Σωτὴρ
1382 5611 1439 5660 ἐν
1473 5608 1830 5678 Εὖαγγελίοις

269 5707 518 5775 φαίνεται
572 5705 790 5766 λευκοῖς
833 5701 1112 5772 χρώμενος
1147 5701 1407 5770 ἱματίοις,
1463 5703 1832 5770 παραδεικνύς

1143 403 1747 472 ECCLESIASTI(UEI
1785 400 2168 464 HIS’I'ORIIE
2208 398 2356 458 LIB.
2397 397 2534 456 ΧΗ.

1829 520 1873 571 Α

1836 1871 1876 1924 Β

2437 505 2663 562 CAPUT
2709 502 2944 558 XXXVI.
3101 560 3104 564 ,

1905 604 1978 658 De
2029 603 2447 656 Novatianorum
2505 600 2764 658 doctrina,
2830 599 2890 650 de
2946 590 3144 662 Agelio.
3200 591 3474 647 Marciano

1977 683 2024 725 et
2081 671 2274 726 Sisinio
2322 686 2338 733 ;
2404 679 2451 723 et
2512 669 2650 738 quod
2708 667 2934 721 S'sim’us
2989 666 3042 716 in
3102 668 3476 738 consuetudine

1976 744 2284 812 quotidiana
2324 731 2572 793 iurbam'is
2599 780 2610 802 ,
2643 739 2912 808 jucunu‘us
2961 745 3007 787 et
3087 731 3297 803 elegans
3364 735 3478 804 fue-

1976 815 2065 866 rit.

1981 927 2113 980 Illud
2148 924 2559 978 observandum
2586 965 2598 986 ,
2647 921 2892 978 ecclesia:
2923 935 3114 974 eorum
3160 919 3478 974 Constanti-

1911 1020 2091 1087 nopoli
2127 1019 2192 1070 ad
2227 1033 2400 1070 annos
2433 1015 2791 1084 quadraginta
2833 1013 3077 1082 Agelium
3115 1010 3418 1080 pra-fuisSe,
3448 1024 3479 1063 a

1908 1109 2212 1164 Constantii
2267 1108 2612 1177 temporibus
2663 1107 2727 1160 ad
2778 1120 2980 1158 annum
3031 1102 3326 1157 Theodosii
3359 1115 3482 1154 sex-

1910 1210 2046 1254 tum.
2086 1199 2343 1266 Quicum
2393 1214 2536 1270 aeger
2585 1204 2751 1259 esset,
2787 1204 2842 1249 et
2868 1195 3205 1248 moriturum
3253 1207 3312 1247 se
3359 1187 3481 1245 esse

1909 1298 2163 1360 putaret,
2208 1303 2585 1344 successorem
2616 1285 2720 1340 sibi
2761 1283 3071 1354 designavit
3104 1282 3396 1337 Sisiuium.
3431 1279 3483 1332 ls

1911 1381 2192 1452 presbyter
2237 1379 2339 1433 sub
2372 1393 2439 1433 eo
2470 1376 2593 1439 fuit,
2625 1374 2710 1428 vir
2741 1375 2953 1438 doctus,
2996 1381 3050 1427 et
3088 1370 3182 1440 qui
3215 1383 3320 1423 una
3356 1382 3481 1422 cum

1909 1471 2129 1526 Juliano
2175 1471 2228 1524 in
2273 1465 2675 1539 philosophicis
2724 1462 3032 1531 disciplinis
3078 1459 3317 1515 Maximo
3364 1456 3485 1526 phi-

1911 1562 2144 1631 losopho
2172 1569 2510 1630 prmceptore
2537 1573 2667 1612 usus
2697 1557 2898 1611 fuerat.
2924 1553 3060 1610 Cum
3091 1563 3271 1606 autem
3301 1550 3484 1604 Nova-

1915 1660 2188 1713 tianorum
2264 1654 2418 1724 plebs
2488 1651 2816 1706 electionem
2887 1648 3084 1711 talem,
3144 1643 3480 1698 Marcianum

1911 1751 2115 1820 potius,
2173 1749 2449 1801 hominem
2501 1744 2818 1813 religiosum
2865 1749 2920 1795 et
2965 1738 3271 1799 celebrem,
3325 1736 3488 1804 cuius

1912 1842 2114 1895 virtute
2166 1840 2266 1894 sub
2319 1837 2548 1891 Valente
2595 1835 2830 1890 ecclesia
2879 1847 3070 1887 eorum
3122 1837 3314 1899 pacata
3366 1841 3490 1895 per-

1916 1940 2212 1991 manserat,
2259 1930 2600 1998 designatum
2651 1926 2964 1996 Oportuisse
3001 1933 3152 1983 rata,
3189 1919 3490 1989 reprehen-

1915 2027 2070 2080 deret
2097 2042 2112 2081 :
2149 2024 2374 2092 Agelius
2402 2021 2587 2090 populi
2623 2019 2913 2074 sententia
2945 2013 3240 2086 gratiﬁcari
3273 2011 3486 2073 volens,

1917 2118 2123 2174 Sisiuio
2175 2115 2528 2185 posthabito,
2576 2111 2910 2166 Marcianum
2962 2108 3280 2176 episcopum
3330 2103 3485 2172 legit.

1914 2211 1982 2264 At
2016 2209 2107 2263 ubi
2158 2225 2222 2262 ex
2274 2207 2462 2260 morbo
2494 2204 2796 2264 convaluit,
2839 2202 3126 2254 ecclesiam
3178 2198 3485 2267 ingressus,

1913 2317 2012 2370 per
2036 2303 2276 2369 seipsum
2309 2299 2376 2352 ad
2406 2298 2670 2366 populum
2700 2294 2891 2348 retulit
2917 2309 2930 2346 :
2963 2291 3122 2360 303
3150 2289 3488 2342 Marcianum

1915 2410 2008 2449 eos
2051 2394 2118 2448 ab
2147 2393 2298 2447 obitu
2343 2406 2464 2455 suo,
2495 2399 2618 2459 post
2667 2387 3002 2440 Marcianum
3052 2397 3182 2436 vero
3213 2379 3484 2434 Sisinium

1913 2487 2233 2556 episcopum
2269 2482 2580 2537 habituros.
2607 2479 2732 2533 Haec
2763 2477 2933 2532 verba
2961 2476 3301 2545 prolocutus.
3332 2469 3485 2525 brevi

1916 2586 2099 2640 postea
2127 2575 2381 2630 decessit.
2431 2573 2537 2627 Sed
2585 2582 2642 2626 et
2685 2569 2964 2623 Marciano
2997 2582 3104 2619 non
3150 2562 3322 2616 multo
3365 2568 3486 2631 post

1915 2669 2196 2726 defuncto.
2228 2665 2467 2719 Sisinius
2491 2662 2870 2732 episc0patum
2905 2657 3136 2726 recepit,
3163 2656 3268 2719 vir,
3300 2669 3491 2723 quem-

1913 2761 2208 2815 admodum
2253 2759 2463 2813 dictum
2510 2765 2628 2818 est,
2668 2754 2824 2808 valde
2877 2753 3091 2805 doctus.
3132 2745 3308 2801 Simul
3340 2745 3492 2799 enim

1914 2854 2328 2924 phil050ph‘tcas
2350 2861 2405 2905 et
2431 2863 2615 2903 sacras
2647 2847 2888 2900 Litteras
2912 2849 3171 2897 accurata
3203 2839 3491 2908 diligentia

1913 2947 1978 3000 ad
2011 2960 2284 2999 summum
2337 2939 2706 3000 addidicerat,
2754 2935 3099 3006 potissimum
3130 2947 3260 2985 vero
3303 2930 3495 2997 singu-

1913 3037 2014 3092 lari
2050 3052 2180 3090 cura
2227 3035 2280 3087 in
2317 3033 2612 3087 Dialectica
2656 3040 2710 3084 et
2740 3028 3050 3084 disserendi
3094 3034 3210 3080 arte
3251 3040 3308 3078 se
3339 3038 3498 3077 exer-
3554 3093 3558 3098 '

1914 3137 2124 3185 cuerat.
2160 3127 2525 3192 Quamobrem
2561 3122 2867 3177 Eunomius
2900 3121 3090 3182 etiam,
3125 3119 3284 3188 cujus
3309 3131 3398 3170 ars
3427 3129 3493 3168 ea

1917 3223 2254 3293 praecipuum
2287 3234 2424 3288 opus
2455 3219 2575 3283 fuit,
2607 3231 2750 3284 saepe
2782 3213 3210 3284 disputationem
3247 3211 3369 3278 ejus
3399 3209 3495 3263 de-

1920 3316 2164 3370 clinavit.
2194 3313 2314 3368 Vita
2342 3313 2480 3365 adeo
2509 3310 2788 3364 moderata
2818 3307 2940 3368 fuit,
2974 3317 3032 3358 ut
3059 3305 3493 3358 obtrectatorum

1920 3423 2141 3479 quoque
2188 3405 2493 3460 calumnias
2558 3400 2854 3470 superarit.
2890 3399 3058 3452 Diaeta
3094 3405 3150 3451 et
3182 3394 3492 3464 quotidiani

1921 3501 2102 3555 victus
2143 3500 2282 3552 ratio
2315 3513 2424 3550 non
2458 3495 2596 3548 adeo
2624 3493 2874 3563 frugalis,
2899 3490 2996 3546 sed
3026 3491 3206 3544 limior
3233 3488 3497 3558 quodam.

1927 3594 2090 3646 modo
2123 3600 2179 3644 et
2203 3589 2580 3659 sumptuosior
2608 3597 2749 3649 erat,
2781 3586 2854 3639 ita
2888 3593 2948 3638 ut
2987 3583 3316 3652 quibusdam
3347 3579 3499 3635 vide-

1925 3695 2109 3747 retur,
2156 3697 2281 3735 eum
2321 3681 2375 3733 in
2407 3678 2702 3749 splendore
2741 3686 2796 3730 et
2835 3675 3054 3729 deliciis
3089 3674 3253 3726 tantis
3283 3671 3499 3742 pudici-

1927 3777 2056 3830 tiam
2092 3785 2148 3830 et
2183 3773 2580 3829 continentiam
2614 3770 2794 3824 colere
2831 3784 2938 3822 non
2973 3781 3153 3837 posse.
3197 3765 3264 3819 Et
3295 3765 3500 3819 vestitu

1926 3872 1981 3923 in
2018 3869 2208 3938 primis
2247 3866 2526 3934 exquisito
2573 3877 2706 3916 usus
2737 3870 2858 3924 est,
2885 3870 2938 3914 et
2969 3860 3056 3914 bis
3095 3858 3375 3912 interdqu
3413 3857 3502 3910 die

1928 3975 2036 4014 uno
2088 3959 2144 4011 in
2185 3956 2397 4011 balneis
2446 3954 2683 4024 publicis
2721 3953 2899 4005 lavit:
2935 3949 3186 4003 moribus
3235 3956 3498 4017 praeterea

1922 4050 2236 4122 jucundus,
2292 4057 2456 4115 atque
2520 4047 2570 4098 iu
2629 4042 2996 4097 familiaribus
3042 4040 3335 4108 colloquiis
3382 4054 3506 4107 graa

1929 4145 2116 4199 tiosus.
2173 4140 2410 4196 Proinde
2462 4155 2570 4192 non
2618 4136 2940 4191 Novatianis
2993 4143 3242 4195 tantum,
3301 4131 3396 4186 sed
3444 4141 3504 4186 et

1928 4231 2223 4305 episcOpis,
2276 4231 2731 4302 principibusque
2794 4229 2924 4280 viris
2973 4218 3030 4280 et
3091 4223 3502 4293 magistratibus

1930 4328 2191 4384 Ecclesiae
2245 4323 2529 4379 catholica:
2580 4321 2782 4374 charus
2830 4335 2955 4374 esse
3012 4320 3164 4371 visus
3208 4324 3312 4369 est.
3364 4314 3501 4370 Cum

1930 4421 2076 4473 enim
2115 4419 2294 4472 facere
2340 4432 2463 4469 cum
2518 4413 2690 4484 gratia
2738 4397 2970 4480 quadam
3013 4409 3156 4463 sales
3184 4418 3240 4462 et
3271 4408 3415 4461 dicta
3448 4409 3503 4462 iu

1931 4512 2068 4567 alios
2103 4511 2256 4580 jecit,
2303 4519 2417 4562 tum
2463 4507 2514 4561 id
2562 4508 2729 4560 etiam
2762 4505 2830 4557 ab
2863 4503 2988 4556 aliis
3038 4502 3352 4555 humaniter
3385 4519 3496 4572 per-

1935 4607 2056 4660 tulit
2095 4606 2193 4674 (l).
2231 4605 2294 4657 Et
2349 4614 2643 4669 utrumque
2692 4614 2754 4652 ea
2806 4597 3183 4652 moderatione
3235 4597 3395 4661 fecit,
3447 4605 3506 4649 ut

1935 4714 2096 4767 quam
2142 4694 2459 4764 longissime
2492 4693 2560 4746 ab
2609 4689 2794 4744 hostili
2834 4690 3132 4744 acerbitate
3160 4691 3397 4742 abesset.
3436 4687 3506 4742 Ut

1936 4803 2064 4842 vero
2090 4787 2252 4839 etiam
2286 4802 2408 4840 cum
2433 4793 2720 4838 venustate
2751 4781 2984 4848 quadam
3014 4779 3502 4849 interrogantibus,

1934 4889 2060 4949 apte
2111 4887 2276 4946 atque
2335 4877 2660 4946 tempestive
2717 4874 3077 4942 responderet
3108 4913 3120 4931 .
3184 4879 3242 4924 ut
3289 4869 3503 4925 Socrati

1939 4973 2176 5037 videtur,
2210 4971 2439 5024 miriﬁce
2465 4977 2749 5036 promptus
2777 4979 2914 5018 erat.
2950 4965 3012 5016 Et
3042 4962 3336 5032 aliquando
3364 4978 3504 5030 quo-

1938 5065 2061 5118 dam
2109 5079 2234 5116 equ
2283 5067 2719 5131 percunctante:
2760 5075 2777 5107 ι
2814 5055 3113 5125 Cuiusnam
3161 5057 3332 5122 gratia
3377 5068 3503 5104 t‘lilll

1932 5158 2221 5227 episcopus
2254 5160 2418 5217 esset,
2441 5153 2521 5205 bis
2553 5151 2641 5204 die
2677 5148 2989 5203 lavaret?——
3015 5145 3151 5210 Quia
3179 5144 3500 5212 ter,iuquit,

1935 5264 2043 5301 non
2075 5261 2323 5315 possum.
2359 5263 2376 5295 ι
2409 5241 2647 5294 Rursum
2681 5255 2803 5293 cum
2838 5254 2864 5290 a
2894 5238 3154 5306 quodam,
3191 5239 3282 5305 qui
3315 5237 3504 5289 (‘ailtu-

1937 5339 2050 5392 lica:
2083 5335 2338 5390 Ecclesia:
2369 5341 2508 5394 erat,
2547 5333 2696 5384 dicto
2737 5328 2883 5398 quod
2924 5327 3212 5380 candidam
3263 5333 3503 5394 gesmrd

1939 5435 2177 5491 vestem,
2216 5441 2337 5492 quae
2369 5425 2684 5492 epiSCupum
2724 5433 2783 5475 ut
2820 5422 2998 5474 aliena
3037 5420 3220 5473 minus
3258 5424 3499 5483 deceret,

1937 5520 2263 5588 perstrictus
2311 5525 2488 5577 esset,
2536 5514 2718 5568 statim
2768 5514 3112 5567 dicacitatem
3152 5511 3206 5564 in
3253 5525 3378 5564 eum
3411 5523 3502 5563 re-

1939 5620 2200 5679 torquens
2229 5626 2243 5661 :
2279 5625 2297 5657 ι
2327 5605 2449 5660 Tibi
2475 5621 2631 5669 vero,
2660 5605 2858 5673 inquit,
2889 5601 3290 5658 ostendendum
3323 5601 3503 5668 potius

1937 5713 2052 5766 est,
2101 5701 2324 5754 ubinam
2362 5697 2628 5768 scripturn
2673 5696 2778 5761 sit,
2814 5694 2960 5765 quod
2995 5694 3314 5763 episcopum
3355 5688 3501 5759 pulla

342 5840 416 5910 (ι)
454 5841 612 5896 Socr.
667 5839 761 5893 lib.
812 5853 884 5902 vc,
921 5851 1040 5906 cap.
1082 5835 1190 5902 ‘32;
1249 5835 1464 5892 Sozom.
1526 5838 1624 5892 lib.
1683 5855 1774 5894 vni
1802 5877 1816 5905 ,
1854 5855 1973 5906 cap.
2019 5841 2061 5894 l.
