3800 6554
426 416 526 485 871

1652 401 2071 466 NlCE‘PHORl
2110 396 2456 460 CALLlS'l‘I

3513 379 3617 462 sit

429 544 580 591 veste
612 534 693 588 uti
738 536 1009 602 oporteat.
1056 547 1075 579 ι
1109 528 1284 595 Atque
1320 525 1411 579 ubi
1447 522 1537 578 ille
1577 517 1999 591 cogitabundus,

2112 531 2167 567 τε
2201 515 2313 577 τοίς
2341 514 2440 566 σὺν
2466 509 2616 583 αύτῷ
2647 511 2707 565 τὸ
2741 508 3024 580 Θασώριον
3053 508 3255 567 ἀνιοῦσι
3288 509 3387 565 τῶν
3410 511 3600 571 duos-.6-

432 619 559 695 quia
583 623 727 694 quod
763 618 1115 689 responderet
1146 631 1254 671 non
1289 614 1543 676 habebat,
1580 620 1771 671 staret,
1804 608 1996 663 subin-

434 717 561 772 tulit
621 714 770 769 illico
822 711 1100 766 Sisinius:
1155 728 1175 763 ι
1221 707 1300 762 Tu
1352 706 1571 776 quidem
1615 701 1906 759 ostendere
1945 701 1996 753 id

432 825 541 862 non
595 816 784 876 potes,
832 819 888 859 at
936 802 1193 858 Salomon
1239 816 1323 853 me
1379 809 1441 852 ut
1475 797 1527 851 id
1575 796 1771 851 faciam
1804 794 2001 848 adhor-

432 907 602 961 tatur,
648 896 879 951 dicens:
910 892 1029 948 Sint
1068 893 1373 945 vestimenta
1416 898 1509 941 tua
1553 902 1758 953 semper
1807 884 1930 938 alba
1956 884 1997 936 ¹.

432 988 639 1044 Verum
686 995 743 1040 et
795 985 1076 1045 Servator,
1121 982 1173 1035 itt
1227 979 1536 1050 Evangeliis
1579 978 1806 1035 candida
1854 984 1999 1030 veste

437 1096 571 1135 usus
599 1091 721 1131 esse
750 1076 1004 1140 videtur;
1034 1073 1128 1143 qui
1159 1071 1464 1140 discipulis,
1498 1070 1593 1140 qui
1628 1086 1818 1126 secum
1848 1085 2000 1123 mun-

437 1180 551 1226 tem
588 1168 808 1222 Tbabor
841 1166 1313 1229 conscenderant,
1355 1163 1540 1217 Mosen
1574 1170 1632 1217 et
1665 1161 1837 1216 Eliam
1875 1177 2003 1217 can-

436 1238 655 1317 didatos
696 1258 1029 1315 exhibuerit.
1080 1276 1098 1308 ι
1128 1256 1254 1312 Haec
1297 1265 1462 1326 atque
1500 1256 1589 1311 bis
1631 1255 1830 1310 similia
1878 1270 2004 1311 cum

439 1354 510 1407 ita
540 1352 769 1413 diceret,
798 1348 1152 1404 admirationi
1188 1348 1501 1403 hominibus
1524 1348 1647 1402 fuit.
1673 1346 1837 1418 3M
1864 1346 2004 1412 Quin

435 1450 493 1496 et
528 1441 664 1497 illud
702 1439 907 1510 lepide,
939 1449 1000 1494 ut
1029 1455 1130 1510 ego
1161 1448 1318 1508 puto.
1354 1441 1423 1495 ab
1462 1456 1530 1495 eo
1559 1441 1787 1504 dictum,
1820 1457 2007 1495 recent

437 1532 674 1587 sendum
706 1547 830 1586 esse
856 1531 1101 1586 videtur.
1130 1531 1444 1606 Advenerat
1471 1530 2006 1600 Constantinopolim

438 1621 737 1685 Leontius,
782 1625 1008 1692 Ancyrae
1044 1621 1276 1676 minoris
1304 1619 1527 1676 Galatia:
1561 1621 1874 1692 episcopus,
1911 1622 2003 1692 qui

439 1722 554 1768 tum
597 1713 669 1767 ibi
711 1713 1033 1768 Novatianis
1072 1713 1364 1768 ecclesiam
1402 1713 1703 1768 ademerat.
1737 1713 2008 1769 Cattveuit

2099 606 2227 670 λων,
2252 606 2458 675 Μωσῆν
2486 621 2546 658 τι
2593 604 2692 658 καὶ
2730 602 2922 657 Ἠλίαν
2966 602 3337 672 λευχείμονας·
3395 625 3414 657 ι
3466 609 3605 662 ταῦτα

2100 699 2194 751 καὶ
2241 696 2379 751 ἄλλα
2421 695 2630 757 τούτοις
2663 693 2934 758 ἐπειπὼν,
2974 695 3284 762 θαυμαστός
3325 710 3404 756 τις
3445 698 3604 753 ἐδόκει.

2099 788 2173 840 Ob
2198 786 2303 857 μὴν
2339 787 2397 840 δὲ
2419 785 2555 840 ἀλλὰ
2584 785 2676 837 καὶ
2702 784 2863 838 τοῦτο
2892 785 3088 855 χάριεν
3123 783 3182 837 ὂν
3201 779 3346 855 οἶμαι
3373 786 3469 839 τῶν
3493 792 3607 842 ὲκεί-

2050 894 2069 913 ’
2102 880 2194 930 νου
2247 877 2558 948 διηγητέον.
2631 877 2926 944 Ἐπεδήμει
2984 876 3084 944 μέν
3132 877 3197 945 τῇ
3250 877 3608 932 Κωνσταντενου

2102 967 2373 1031 Λεόντιος.
2421 966 2698 1037 ’Λγκύρας
2734 966 2833 1035 τῆς
2864 968 2923 1020 ἐν
2960 970 3026 1037 τῇ
3066 967 3237 1040 μικρᾷ
3265 967 3484 1039 Γαλατίᾳ
3516 971 3611 1023 ἐπί-

2105 1077 2326 1123 σκοπος,
2382 1058 2685 1128 τηνικαῦτα
2732 1058 2833 1128 τὴν
2894 1060 3072 1111 ἐκεῖσε
3127 1059 3233 1111 τῶν
3291 1058 3605 1114 Ναυατιανῶν

2105 1148 2505 1220 ἀφαιρούμενος
2533 1148 2852 1219 ἐκκλησίαν.
2889 1149 3033 1217 Πρὸς
3062 1147 3120 1200 ὃν
3154 1146 3319 1200 ἐλθὼν
3350 1150 3377 1200 ὀ
3398 1148 3611 1215 malam,

2109 1243 2295 1312 ἱκέτης
2321 1237 2409 1312 ἦν,
2438 1241 2728 1294 ἀποδοῦναι
2756 1240 2855 1310 τὴν
2883 1240 3180 1310 ἐκκλησίαν
3218 1238 3294 1309 τῷ
3331 1242 3515 1294 ἐκείνου
3543 1260 3614 1296 σι-

2108 1335 2369 1405 στήματι.
2416 1329 2472 1386 '0
2503 1333 2560 1387 δὲ
2595 1333 2670 1404 μὴ
2705 1331 3016 1398 ἀποδιδοὺς,
3059 1330 3313 1402 ἐλοιδόρει
3354 1332 3441 1384 καὶ
3469 1333 3616 1386 Ναυπ-

2105 1426 2323 1489 τιανοὺς
2358 1422 2432 1486 ὡς
2485 1421 2561 1496 μὴ
2592 1422 2771 1495 χρεὼν
2804 1422 3106 1492 ἐκκλησίαν
3136 1422 3300 1492 ἔχειν,
3343 1424 3433 1478 ἅτε
3460 1424 3516 1495 δὴ
3541 1428 3615 1496 τὴν

2111 1520 2401 1587 μετάνοιαν
2432 1516 2792 1587 ἀναιροῦντας
2826 1519 2920 1571 καὶ
2950 1516 3053 1586 τὴν
3081 1513 3176 1567 τοῦ
3204 1513 3335 1568 Θεοῦ
3358 1514 3616 1584 φιλανθρω-

2108 1607 2238 1660 πίαν
2260 1606 2602 1667 ἐλαύνοντας.
2626 1602 2866 1658 Τοιαῦτα
2891 1604 2946 1656 δέ
2973 1606 3067 1657 καὶ
3093 1602 3260 1673 ἔτερα
3291 1603 3613 1673 ἐπισυνείρων,

2109 1699 2299 1761 κακῶς
2332 1697 2558 1752 ἐκείνων
2589 1696 2908 1766 κατέτρεχε.
2946 1695 3180 1757 Σισίνιος
3211 1694 3278 1759 δ’,
3310 1712 3331 1748 ι
3373 1693 3514 1748 Ἀλλὰ
3537 1700 3617 1764 μὴν

438 1805 588 1859 hunc
633 1803 888 1865 Sisinius,
936 1813 993 1858 et
1035 1805 1352 1873 supplicans
1407 1804 1653 1873 rogavit,
1702 1812 1763 1858 ut
1790 1804 2004 1873 corpori

2112 1788 2289 1854 κάγὼ,
2344 1786 2468 1858 ἔφη,
2504 1785 2774 1856 μετανοῶ,
2818 1784 2896 1849 ὡς
2933 1785 3124 1839 οὐδένα
3175 1785 3361 1855 ἕτερον
3404 1785 3613 1852 donant

439 1987 693 2054 negavit,
742 1986 1075 2042 Novatiauos
1115 1988 1279 2042 etiam
1325 1988 1591 2043 conviciis
1634 1990 1830 2044 acerbe
1887 2006 2011 2054 pro-

437 2075 625 2137 scidit,
663 2077 889 2131 minimc
924 2094 1021 2132 eos
1053 2080 1341 2134 ecclesiam
1380 2080 1581 2136 habere
1613 2081 1817 2136 debere
1849 2081 2007 2136 dicti-

441 2171 596 2224 tans,
643 2165 791 2233 quod
840 2168 1216 2233 pmnitentiam
1273 2168 1566 2231 tollerent,
1600 2179 1657 2223 et
1703 2171 2013 2225 misericor-

437 2251 585 2304 diam
620 2252 713 2307 Dei
749 2255 1067 2321 rejiccrent.
1100 2256 1249 2311 Talia
1285 2273 1452 2320 vero.
1497 2268 1661 2328 atque
1704 2261 1810 2314 alia
1861 2262 2010 2316 hisce

440 2343 644 2396 similia
695 2346 1060 2410 continuatis,
1107 2362 1231 2401 cum
1280 2347 1609 2406 Novatianos
1656 2352 2007 2422 suggillaret:

442 2450 462 2484 ι
509 2435 699 2503 Atqui,
741 2435 979 2491 Sisinius
1024 2438 1241 2507 inquit.
1282 2451 1339 2495 et
1394 2457 1532 2511 ego,
1573 2452 1633 2496 ut
1663 2443 1808 2497 baud
1841 2444 2009 2498 sciam

438 2540 507 2578 an
561 2528 732 2594 magis
787 2528 1119 2597 quisquam,
1181 2531 1554 2599 paenitentiam
1610 2549 1732 2603 ago.
1796 2552 1815 2585 ι
1871 2533 2009 2589 Cum

437 2626 621 2671 autem
660 2616 927 2673 Leontius
955 2636 1081 2673 eum
1103 2660 1119 2685 ,
1170 2637 1410 2689 quonam
1436 2623 1601 2676 modo
1630 2623 2011 2694 paenitentiam

438 2717 661 2779 ageret,
708 2713 1111 2781 interrogaret;
1148 2714 1484 2783 respondens
1528 2715 1662 2772 ille:
1703 2734 1721 2768 ι
1764 2717 1919 2783 Quod
1960 2730 2011 2772 te

436 2817 587 2856 nunc
626 2803 839 2873 inquit,
894 2806 968 2859 ita
1000 2806 1299 2860 animatum
1352 2808 1505 2863 video
1537 2806 1639 2879 (l).
1691 2829 1709 2861 ι
1754 2809 1929 2864 Vitam
1967 2810 2013 2865 is

430 2892 515 2955 ita
560 2894 854 2961 produxit,
920 2905 975 2949 ut
1028 2898 1320 2952 ecclesiam
1355 2899 1786 2955 Novatianorum
1837 2900 2016 2957 adhuc

439 2982 867 3048 administraret,
901 3000 1025 3040 cum
1054 2984 1294 3043 Joannes
1325 2986 1751 3060 Cltrysostomus
1776 2990 2014 3061 patriar-

439 3072 660 3127 cbatttm
691 3084 927 3145 gereret.
950 3077 1203 3135 Etausus
1235 3081 1400 3135 etiam
1431 3090 1515 3136 est
1543 3090 1734 3136 contra
1753 3097 1879 3137 eum
1905 3082 2017 3138 dis-

316 1896 329 1901 ’
438 1896 854 1950 suaecclesiam
887 1897 1160 1952 redderet.
1199 1896 1352 1962 Quod
1390 1896 1481 1950 ubi
1514 1896 1602 1950 ille
1642 1910 1700 1950 se
1737 1896 2006 1951 facturum

2115 1880 2220 1933 Τοῦ
2256 1880 2313 1932 δὲ
2341 1879 2619 1944 Λεοντίου,
2651 1896 2670 1930 ι
2708 1879 2842 1932 Τίνα
2874 1877 3095 1949 τρόπον,
3130 1876 3473 1948 ἐπερομένου,
3493 1894 3620 1946 μετα-

2113 1974 2280 2036 νοείς;
2324 1988 2342 2022 ι
2382 1969 2744 2040 ἁπεκρίνατο,
2783 1987 2803 2020 ι
2857 1968 2987 2022 Ὀτι
3036 1984 3134 2032 σε,
3193 1968 3321 2037 ἔφη,
3369 1967 3454 2020 νῦν
3485 1966 3619 2030 οὕτως

2112 2062 2305 2132 ἔχοντα
2343 2060 2557 2131 Θεωρῶ.
2599 2079 2618 2113 ι
2670 2060 2909 2114 Ἐπεῦίω
2930 2060 3011 2121 δέ,
3034 2060 3110 2122 ὡς
3139 2060 3234 2112 καὶ
3254 2058 3344 2110 τοῦ
3368 2058 3619 2130 Χρυσοπό-

2117 2172 2219 2223 pou
2258 2146 2750 2224 πατριαρχοῦντος.
2779 2151 2942 2206 αύτὺν
2971 2151 3049 2203 ἔτι
3070 2152 3170 2219 τῆς
3191 2150 3299 2203 τῶν
3324 2149 3620 2203 Nanctum?"

2109 2245 2409 2315 ἐκκλησίας
2430 2245 2721 2314 ἡγεῖσθαιο
2763 2246 2861 2297 καὶ
2898 2244 3104 2314 τολμᾷν
3151 2243 3445 2309 ἀντιλέγειν
3472 2243 3621 2312 ἐκείνῳ

2114 2340 2410 2409 ἐγγράφως
2449 2336 2729 2405 είσάτοντι
2754 2336 2855 2407 τὴν
2885 2338 3203 2407 μετάνοιαν,
3234 2339 3328 2387 καὶ
3363 2337 3539 2388 οὑτωσὶ
3557 2335 3622 2386 λέ-

2111 2447 2284 2500 γοντι,
2318 2448 2335 2480 ι
2369 2424 2646 2498 Μυριάκις
2678 2430 3016 2498 μετανοήσας
3046 2425 3289 2481 είσελθε’
3319 2426 3510 2496 ἕτοιμος
3542 2427 3621 2495 γὰρ

2114 2519 2225 2591 ἐγὼ
2245 2519 2573 2592 προσίεσθαι
2599 2519 2692 2573 τὸν
2714 2519 2966 2589 μετανοοί
2982 2536 3097 2582 ντα,
3124 2519 3174 2570 εί
3199 2518 3357 2587 μόνον
3378 2517 3460 2570 τοῦ
3478 2518 3622 2571 λοιποῦ

2118 2612 2194 2684 μὴ
2223 2615 2335 2677 τοῖς
2360 2612 2495 2674 ίσοις
2544 2611 2840 2683 περιπέσοι
2870 2614 3090 2673 δεινοῖς.
3125 2629 3145 2662 ι
3174 2612 3288 2664 Καὶ
3322 2610 3383 2678 δή
3412 2625 3523 2661 ποτε
3552 2606 3622 2660 τοῦ

2114 2708 2261 2761 Gelon
2297 2706 2548 2760 Ἰωάννου
2585 2703 2800 2775 συμϐὰν
2840 2702 3015 2766 οὕτως
3060 2707 3118 2754 ἐν
3155 2703 3382 2773 ἀμφόδῳ
3408 2706 3488 2755 τὸν
3511 2703 3624 2754 Σισίο

2115 2817 2230 2857 νιον
2260 2801 2691 2870 ὑπαντήσαντος
2736 2799 2833 2852 καὶ
2856 2796 3335 2865 διεγκαλέσαντος,
3363 2813 3381 2847 ι
3416 2795 3494 2863 Μὴ
3523 2795 3626 2864 χρὴ.
3722 2792 3729 2803 ’

2117 2913 2205 2949 ναι
2242 2896 2374 2966 μίαν
2401 2892 2559 2947 πόλιν
2593 2891 2687 2945 δύο
2713 2893 3050 2953 ἐπισκόπους
3079 2888 3265 2960 ἔχειν*
3308 2908 3327 2941 ι
3362 2888 3627 2959 προῄειγὰρ

2119 2989 2371 3050 κάκεῖνος
2410 2985 2509 3038 σὺν
2552 2984 2856 3055 δορυφορίᾳ
2888 2981 3059 3053 πολλῇ
3100 2983 3204 3036 καὶ
3236 2981 3502 3051 ἁδρότητι·
3532 2980 3629 3034 ὐπο-

2117 3079 2348 3134 λαόόντα
2387 3078 2640 3142 Σισίνιον⁹
2707 3094 2726 3127 ι
2786 3076 2923 3129 Οὐδὲ
2954 3077 3064 3146 γὰρ
3097 3075 3220 3145 ἔχει
3268 3073 3381 3134 δύο,
3413 3092 3431 3124 ι
3480 3072 3626 3141 φάναι.

438 3180 649 3232 serere,
681 3183 807 3221 cum
836 3171 1041 3239 scripto
1074 3172 1166 3226 ille
1195 3174 1574 3243 paenitentiam
1603 3174 2007 3242 introduceret,

2116 3172 2312 3226 ἑαυτὸν
2346 3170 2509 3240 μόνον
2535 3164 2679 3221 εἶναι
2720 3165 3077 3237 λογιζόμενος
3118 3166 3345 3235 γνήσιον
3373 3165 3521 3232 ίερέα.
3549 3164 3629 3215 Χα-

438 3266 604 3326 atque
650 3261 724 3314 ita
755 3261 1009 3317 diceret:
1045 3282 1063 3315 ι
1105 3265 1202 3321 Vel
1244 3266 1429 3321 decies
1472 3268 1671 3324 millies
1698 3285 1800 3340 per
1837 3272 2011 3341 paeni-

442 3353 665 3405 tentiam
695 3354 1020 3422 resipiscens
1032 3357 1320 3412 ecclesiam
1346 3360 1634 3430 ingredere
1655 3362 1754 3434 (2).
1780 3364 2013 3419 Paratus

440 3444 587 3496 enim
636 3458 736 3513 ego
786 3462 906 3500 sum
959 3449 1316 3516 pmttitentem
1367 3451 1689 3520 admittere,
1747 3465 1806 3510 ut
1851 3457 2013 3512 modo

441 3531 701 3605 deinceps
752 3535 1025 3594 similibus
1072 3556 1170 3610 per
1217 3554 1503 3613 peccatum
1546 3562 1656 3602 non
1707 3549 2013 3612 circumve-

442 3625 625 3679 niatur
658 3628 836 3683 malis.
871 3648 889 3680 ι
921 3630 988 3684 Et
1012 3633 1215 3689 accidit
1236 3636 1556 3705 aliquando,
1584 3647 1643 3693 ut
1663 3638 1824 3695 divus
1847 3640 2014 3697 Joan-

441 3731 542 3769 nes
570 3717 713 3772 inter
742 3720 1210 3779 deambulandum
1244 3724 1449 3782 Sisinio
1479 3740 1817 3796 occurreret,
1848 3733 2013 3802 eique

443 3809 753 3875 objiccret:
789 3829 807 3861 ι
844 3811 963 3866 Non
997 3815 1200 3869 debere
1227 3833 1388 3872 uuam
1424 3819 1615 3874 urbem
1643 3821 1784 3877 duos
1813 3822 2014 3880 habere

442 3901 755 3971 episcopos.
794 3920 813 3952 ι
853 3903 1113 3960 Prodibat
1147 3908 1293 3961 enim
1337 3918 1394 3965 et
1434 3910 1525 3965 ille
1563 3927 1688 3966 cum
1722 3914 2015 3983 splendore

426 4000 497 4072 ret
528 3994 794 4048 comitatu
829 3996 1026 4051 multo.
1056 3996 1158 4052 Cui
1179 3998 1426 4072 .Sisinitts
1455 4004 1827 4072 respondens:
1866 4024 1886 4058 ι
1922 4006 2017 4060 Mi-

440 4081 590 4134 nime
620 4098 740 4137 eatn
770 4086 907 4139 duos
938 4086 1139 4143 habere
1170 4089 1308 4143 dixit
1332 4095 1348 4145 ι’
1381 4109 1400 4143 ι
1427 4085 1665 4162 εείρειῖιη
1692 4108 2015 4162 germanum

442 4173 860 4246 legitimumque
887 4179 1205 4251 episcOpum
1240 4197 1363 4238 esse
1395 4185 1742 4241 existimans.
1777 4187 1855 4242 Eo
1886 4203 2016 4242 vero

443 4267 589 4320 dicto
640 4269 863 4337 gravius
912 4279 1175 4340 accepto,
1229 4273 1473 4331 Joannes
1527 4276 1592 4330 ad
1632 4276 1826 4332 illum:
1862 4296 1881 4331 ι
1924 4281 2017 4337 Vi-

386 4354 391 4359 ’
442 4354 643 4420 desue,
680 4357 791 4424 ait,
827 4367 883 4413 te
913 4360 1089 4413 solum
1125 4378 1244 4416 esse
1277 4365 1417 4420 velle
1454 4364 2017 4438 Constantinopolita-

2113 3264 2293 3327 λεπῶς
2309 3262 2365 3315 δέ
2387 3260 2726 3322 διατεθέντος
2752 3259 2848 3311 ἐπὶ
2873 3257 2953 3327 τῷ
2976 3256 3117 3325 λόγῳ
3140 3256 3245 3310 τοῦ
3282 3257 3527 3321 Ἰωάννου,
3543 3258 3628 3315 καὶ.

2117 3373 2139 3409 ι
2183 3354 2371 3425 Ὁρᾷς.
2423 3351 2766 3414 ἐπειπόντος,
2814 3350 2898 3403 ὅτι
2943 3350 3007 3401 σὺ
3040 3350 3203 3418 μόνος
3252 3346 3422 3412 θέλεις
3450 3341 3629 3416 εἶναιτῇ

2114 3445 2523 3501 Κωνσταντίνου
2576 3442 2871 3505 ἐπίσκοπος
2887 3459 2902 3506 ;
2945 3458 2962 3491 ι
3005 3440 3064 3495 '0
3088 3441 3330 3505 Σισίνιος
3352 3439 3511 3503 αὖθις.
3530 3455 3549 3490 ι
3576 3440 3630 3491 οὐ

2114 3538 2297 3602 τοῦτο,
2328 3537 2456 3607 εφη,
2484 3535 2597 3604 ἐγὼ
2619 3535 2765 3603 λέγω
2785 3549 2801 3566 ·
2841 3532 2960 3587 ἀλλ’
2988 3535 3071 3586 ὅτι
3115 3535 3239 3597 τοῖς
3269 3532 3445 3596 ἄλλοις
3474 3534 3631 3586 ἅπασιν

2115 3630 2420 3692 ἐπίσκοπος
2446 3627 2550 3695 ὢν,
2579 3628 2730 3697 παρὰ
2761 3626 2844 3678 σοὶ
2874 3624 3022 3695 μόνῳ
3048 3624 3147 3695 οὐχ
3168 3624 3346 3689 οὕτως
3376 3624 3507 3695 ἔχειν
3527 3623 3633 3690 λογίο

2118 3728 2381 3797 ζομαι.--
2419 3724 2558 3779 Ἀλλ’
2581 3721 2711 3792 ἐγὼ,
2740 3724 2906 3791 φησὶν
2935 3722 3325 3793 ἀγανακτήσας
3359 3724 3384 3774 ό
3412 3716 3631 3786 Ἰωάννης,

2120 3817 2314 3871 παύσω
2340 3833 2400 3868 σε
2435 3813 2826 3884 προσομιλεῖν,
2863 3814 3150 3883 αἰσχίστην
3195 3812 3449 3867 νοσοῦντα
3471 3812 3551 3880 τὴν
3571 3814 3633 3864 αἰ-

2121 3927 2293 3981 ρεσιν.
2336 3927 2355 3960 ι
2386 3906 2456 3967 ,Ὅ
2488 3907 2545 3961 δὲ
2576 3906 2880 3979 χαριέντως
2930 3908 3076 3976 μάλα
3110 3907 3452 3976 ὑπήντησεν
3482 3923 3498 3957 ι
3530 3902 3635 3957 Ἀλλ’

2117 4001 2230 4071 ἐγὼ
2263 4004 2358 4056 καὶ
2390 4000 2621 4071 χάριτάς
2658 4015 2741 4051 σοι
2769 3997 3030 4059 πλείστας
3057 4000 3400 4069 ὁμολογήσω,
3431 3995 3634 4050 τοσούτου
3716 4080 3717 4083 Ἴ

2117 4095 2371 4164 καμάτου
2409 4109 2479 4161 με
2512 4090 2915 4157 ἁπαλλάξαντι.
2957 4107 2977 4141 ι
3018 4089 3333 4161 Μαλαχθεὶς
3362 4089 3406 4143 δ’
3434 4087 3634 4142 ἐντεῦθεν

2116 4187 2144 4239 ὁ
2189 4184 2464 4256 Ἰωάννης,
2498 4202 2515 4235 ι
2566 4184 2725 4236 Ἐπεί
2768 4200 2850 4246 σε,
2886 4187 3075 4252 φησιν,
3110 4184 3240 4254 ἀνιᾷ
3282 4184 3340 4236 τὸ
3368 4183 3542 4251 λέγειν,
3563 4181 3636 4232 οὐκ

2118 4277 2185 4331 ἂν
2210 4278 2391 4346 ἐλοιμι
2419 4276 2646 4341 παῦσαι,
2671 4274 2806 4327 Θεοῦ
2829 4274 2989 4327 τοῦτο
3017 4274 3344 4346 πράξαντος.
3381 4294 3399 4326 ι
3428 4274 3575 4327 Πολλὰ
3594 4272 3635 4325 δὲ

2120 4369 2217 4422 καὶ
2261 4368 2426 4438 ἕτερα
2463 4367 2766 4438 χαριέντως
2817 4365 3089 4437 εἰρημένα
3139 4367 3332 4438 τάνδρὶ
3369 4367 3637 4435 ἀπομνημοο

444 4461 573 4498 num
622 4448 985 4517 episcopum?
1022 4452 1197 4521 Atque
1224 4456 1301 4509 ibi
1334 4473 1549 4511 rursum
1586 4458 1825 4515 Sisinius
1853 4478 1868 4515 :
1896 4460 2009 4516 Non

2123 4462 2396 4516 νεύονται.
2431 4461 2537 4513 Καὶ⁸
2574 4459 2765 4528 λόγους
2798 4457 2855 4511 δέ
2887 4475 3051 4526 φασιν
3082 4458 3182 4511 οὐκ
3213 4459 3485 4530 ἁκόμψους
3512 4456 3634 4510 utet

442 4533 545 4587 itoc
573 4553 698 4605 ego,
740 4539 941 4608 inquit,
980 4542 1107 4597 dico
1138 4560 1151 4596 :
1193 4546 1286 4599 sed
1321 4563 1442 4601 cum
1475 4549 1595 4604 aliis
1621 4552 1877 4609 omnibus
1902 4554 2018 4624 epi-

443 4631 777 4697 SCOpUS’Siln
800 4671 814 4693 ,
848 4633 990 4701 apud
1036 4643 1087 4690 te
1123 4653 1290 4691 unum
1322 4626 1377 4693 is
1412 4656 1531 4696 esse
1565 4659 1675 4696 non
1710 4646 2015 4700 exiStimor.

443 4717 510 4771 Et
531 4719 742 4774 Joanne
769 4721 1205 4782 excandescente
1229 4741 1395 4798 atque
1422 4730 1733 4789 inferenle:
1771 4753 1789 4787 ι
1823 4736 1892 4791 At
1916 4752 2016 4806 ego

442 4809 699 4877 eﬂiciatn,
731 4824 789 4866 ut
821 4813 916 4883 qui
952 4815 1248 4872 fmdissima
1278 4820 1493 4876 labores
1527 4824 1753 4888 haeresi,
1784 4828 2017 4897 amplius

443 4900 510 4954 ad
538 4903 801 4971 populum
835 4920 935 4974 pro
964 4909 1231 4961 concione
1267 4910 1429 4964 verba
1459 4928 1568 4965 non
1601 4913 1792 4970 facias.
1832 4938 1852 4968 ι
1883 4915 2017 4972 Sisi-

442 4992 567 5046 nius
597 5009 859 5063 perquam
894 4998 1070 5053 facete
1104 5000 1292 5054 verbis
1322 5002 1442 5072 ejus
1471 5019 1808 5062 occurrens:
1848 5026 1866 5059 ι
1902 5009 2016 5080 Ego

443 5097 595 5148 vero,
632 5085 831 5156 inquit,
869 5090 1135 5159 plurimas
1170 5095 1337 5146 etiam
1375 5095 1471 5148 tibi
1508 5112 1662 5167 agam
1698 5102 1931 5170 gratias,
1968 5102 2016 5156 si

442 5190 530 5230 tne
571 5178 759 5234 labore
812 5190 867 5235 et
895 5196 1063 5237 onere
1116 5194 1267 5239 tanto
1311 5187 1585 5243 liberaris.
1630 5209 1648 5242 ι
1694 5191 1812 5258 Quo
1849 5196 2015 5248 verbo

441 5265 658 5319 tandem
686 5266 927 5325 Joannes
950 5272 1123 5326 ﬂexus
1151 5289 1166 5326 :
1202 5292 1220 5325 ι
1254 5273 1746 5349 Quandoquidem,
1778 5282 1875 5347 ait,
1910 5284 2011 5340 tibi

558 5390 574 5419 ¹
610 5389 794 5445 Ecclc.
827 5406 901 5453 Ix,
934 5391 990 5446 8.

623 5525 776 5603 Quod
794 5536 856 5603 te
888 5532 1186 5598 conspicio,
1228 5533 1405 5603 inquit
1430 5537 1648 5593 Sozom.

514 5595 587 5680 β)
626 5598 898 5681 Μυρξάδεις
946 5595 1284 5681 μετανοήσας
1304 5595 1538 5681 ἐίσελϐε
1561 5648 1575 5661 .
1620 5611 1877 5681 Ἔτοιμος
1898 5612 2005 5681 γὰρ

439 5664 550 5749 ἐγὼ
605 5664 958 5749 προσίεσθαι⁷
993 5672 1083 5722 τὸν
1142 5664 1532 5749 μετανοοῦντα,
1584 5680 1634 5732 εί
1699 5664 1875 5749 μόνον’
1910 5664 2004 5734 ὶᾶ)

439 5733 631 5786 λοιποῦ
651 5733 744 5815 γμὴ
774 5740 883 5799 τοῖς
906 5737 1049 5817 ίσοις
1082 5733 1368 5821 περιπέσοι
1402 5733 1611 5821 δεινοῖς.
1650 5733 2007 5821 Ιίξιιιοίαιιιᾷν-

440 5806 664 5860 sostomi
683 5807 1007 5862 sententiam
1045 5806 1168 5863 cum
1196 5814 1362 5869 multa
1384 5806 1739 5876 admiratione
1769 5832 1818 5876 cl
1846 5812 2006 5878 laude

2049 4510 2095 4566 ι)

2124 4552 2440 4624 συγγράψαι
2498 4549 2750 4611 πολλούς.
2783 4549 3004 4602 Μᾶλλον
3054 4547 3102 4602 δ’
3156 4551 3411 4622 ἐπῃνεῖτο
3447 4548 3633 4618 λέγωνῆ

2121 4644 2363 4713 γράφων.
2404 4641 2638 4710 Ἀριστα
2694 4640 2802 4709 γὰρ
2834 4640 3174 4709 ἀπεμιμεῖτο
3202 4642 3298 4694 καὶ
3329 4638 3632 4710 ὐποκρινόμε-

2121 4754 2207 4799 νος
2240 4734 2482 4788 διετέλει.
2523 4731 2866 4801 Ἐπεκάοητο
2899 4733 3008 4801 γάρ
3042 4749 3093 4784 τι
3125 4732 3393 4802 προσηνὲς
3419 4727 3533 4805 ἦθος
3554 4732 3636 4790 τοῖς

2121 4827 2343 4898 χείλεσι,
2394 4825 2486 4878 καὶ
2518 4824 2679 4895 χάρις
2708 4827 2766 4876 ἐν
2814 4825 2880 4894 τῇ
2933 4826 3083 4895 φωνῇ
3137 4826 3232 4877 καὶ
3278 4824 3357 4894 τῷ
3391 4823 3634 4895 προσώπῳ,

2119 4918 2197 4990 τῷ
2236 4934 2291 4970 τε
2318 4912 2600 4988 βλέμματι
2630 4916 2726 4968 καὶ
2747 4912 2825 4982 τῷ
2850 4912 3118 4983 σχήματι,
3149 4916 3246 4969 καὶ
3268 4915 3366 4987 ὅλῃ
3388 4916 3448 4983 τῇ
3472 4912 3637 4981 κινήσει

2119 5010 2215 5063 τοῦ
2269 5007 2521 5077 σώματος
2582 5004 2930 5077 ἐπεχόρευεν,
2987 5004 3144 5075 ἱκανὴ
3201 5006 3293 5059 τὸν
3345 5004 3638 5075 ακροὼμενον

2124 5096 2556 5171 ἐφελκύσασοαι.
2605 5092 3094 5166 Καταθύμιοςμέν
3122 5088 3215 5149 οὗν
3255 5098 3350 5151 καὶ
3386 5097 3468 5149 διὰ
3501 5091 3636 5145 ταῦτα

2124 5196 2297 5248 ⁸πᾶσιν
2325 5189 2394 5262 ἦν
2428 5194 2538 5254 τοῖς
2594 5192 2922 5261 περιφανέσι
2964 5193 3066 5264 τῆς
3123 5193 3426 5262 συγκλήτου
3459 5184 3633 5260 βουλῆς.

2124 5291 2221 5341 καὶ
2249 5285 2400 5354 παρὰ
2429 5284 2616 5337 πασῶν
2647 5283 2757 5336 τῶν
2786 5283 3099 5356 Θρησκειῶν
3124 5285 3482 5356 ἐθαυμάζετο·
3510 5280 3635 5353 μάλι-

2115 5544 2257 5621 apud
2325 5559 2408 5621 me
2450 5542 2817 5621 Arccitavitdn
2852 5544 3106 5621 familiari
3175 5545 3249 5621 de
3292 5545 3451 5621 rebus
3486 5541 3636 5621 sacris

2113 5613 2411 5682 colloquio,
2447 5614 2480 5666 9.
2512 5613 2660 5667 Junii
2690 5615 2799 5681 die,
2841 5633 2982 5670 anno
3038 5616 3253 5669 Domini
3312 5613 3636 5676 1559.8udis

2112 5688 2246 5738 sin-.e
2275 5686 2619 5756 Lusatiorum
2648 5685 2928 5756 Philippus
2956 5687 3361 5744 Melanchtbon.
3385 5698 3530 5756 quam
3553 5694 3638 5735 non

2118 5766 2321 5828 temere
2351 5755 2480 5806 alibi
2514 5754 2807 5828 scriptam;
2830 5754 2996 5828 quam
3026 5757 3115 5812 hic
3145 5758 3286 5827 apud
3320 5754 3635 5824 Nicephomm

2113 5833 2168 5877 et
2208 5824 2508 5889 Socratem,
2538 5825 2807 5880 invenias.
