3918 6538
294 392 396 455 877

1216 388 1811 450 ECCLESIASTICE
1855 389 2242 451 HISTORIA;
2279 391 2423 454 LIB.
2474 392 2609 452 XII.

3421 401 3527 463 878

296 506 432 575 πρὸς
483 503 544 558 τὸ
586 502 806 572 βλαισὸν
853 502 1307 571 ὑπεκὰμπτοντοε
1373 503 1650 561 Ἀντώνιος
1686 498 1752 574 ἦν
1783 503 1830 555 τί

1963 504 2067 558 lem
2109 515 2331 559 staturae
2377 506 2697 562 brevitatem
2735 511 3061 569 consistens.
3097 516 3267 590 Syrus
3310 520 3364 574 in
3404 523 3525 574 lon-

295 596 566 667 ἀνθρώπῳ
594 595 654 647 τὸ
689 594 881 664 ὄνομα.
914 595 1169 648 Τοιοῦτον
1205 595 1266 665 δή
1298 613 1416 649 τινα
1448 596 1542 648 καὶ
1580 595 1742 659 αὐτὸς
1777 591 1857 651 εἷ-

293 689 380 741 δον
409 690 522 748 τοῖς
553 686 677 739 καθ’
704 687 849 756 ἡμᾶς
887 686 1098 755 χρόνοις
1149 687 1515 755 ἁναφανέντα,
1556 688 1718 758 τέρας
1744 683 1856 740 οἷον

292 778 590 845 ὁρώμενον,
616 775 837 846 δνίγυνὴ
875 775 1108 845 βραχεῖα
1142 776 1287 844 μάλα
1321 779 1564 844 προῆγεν
1597 779 1675 839 εἰς
1718 777 1854 845 φῶς.

296 868 455 922 Οὕτω
479 869 535 939 δὲ
566 868 1007 937 κατεόρσχύνετο
1048 870 1074 920 6
1108 868 1425 935 Αἰγύπτιος,
1459 868 1533 929 ὡς
1566 868 1858 937 παραπλή-

294 978 404 1012 σιον
427 957 568 1013 εἶναι
599 960 837 1029 πέρδικι,
888 960 982 1011 καὶ
1019 959 1143 1030 μηδ’
1186 961 1479 1029 ἀχάριστον
1542 962 1600 1011 ὲν
1656 958 1855 1023 κλωόᾦ

289 1052 385 1121 τὴν
406 1053 617 1105 ἐκείνου
652 1049 793 1105 εἶναι
836 1051 1225 1121 προσομιλὶαν,
1273 1053 1406 1122 προς
1448 1051 1561 1121 ἔριν
1594 1050 1852 1119 κινούμε-

286 1161 371 1203 νος
409 1144 506 1196 καὶ
536 1145 855 1214 συναθύρων
887 1147 1102 1214 ἐκείνῳ.
1136 1144 1208 1195 Τὸ
1247 1143 1302 1196 δὲ
1350 1143 1501 1210 ξένον
1544 1145 1624 1205 εἰς
1658 1141 1851 1212 ἀκοὴν,

287 1233 367 1284 ὅτι
415 1233 514 1285 καὶ
564 1234 827 1303 φρόνησις
874 1234 1022 1302 ὲνῆν,
1073 1231 1345 1303 ἀνθρώπῳ
1384 1233 1535 1303 καλῷ
1579 1233 1855 1303 ἐφαρμότ-

283 1343 471 1390 τουσα,
501 1325 653 1378 οὐδὲν
684 1328 790 1379 ὑπὸ
818 1326 918 1396 τῆς
958 1327 1295 1398 βραχύτητος
1329 1326 1847 1394 καταϐλαπτομένη.

285 1415 391 1471 Ἦν
436 1417 493 1469 δὲ
542 1418 640 1471 καὶ
671 1419 731 1470 τὸ
782 1418 1002 1487 φθέγμα
1035 1419 1135 1470 οὐκ
1183 1419 1462 1487 ἄμουσο;’
1503 1417 1557 1469 οἵ
1593 1433 1653 1468 τε
1704 1417 1852 1485 λόγοι

282 1507 373 1560 τοῦ
419 1506 513 1560 νοῦ
553 1511 816 1578 παρεῖχον
866 1508 1103 1576 ὁρᾶσθαι
1161 1508 1260 1578 τὴν
1303 1509 1684 1577 γενναιότητα.
1741 1507 1851 1559 Καὶ

281 1599 445 1664 ἄμφω
468 1597 527 1651 δὲ
568 1599 647 1667 τῷ
685 1599 862 1668 χρόνῳ
888 1599 1262 1667 ἀκμάσαντες,
1298 1600 1357 1651 ού
1412 1598 1606 1650 θᾶττον
1656 1596 1852 1666 μετῆλ-

283 1687 371 1740 θον
406 1687 497 1740 τὸν
541 1687 691 1757 βίον·
727 1691 756 1744 6
782 1689 908 1757 ’μὲν
952 1689 1062 1758 γὰρ
1109 1689 1367 1757 μέγιστος
1398 1690 1465 1740 τὰ
1512 1685 1849 1740 εἰκοσιπέντε

281 1778 493 1845 διεξιὼν
539 1782 661 1851 ἔτη,
691 1781 904 1834 ἀπεὸίω
925 1797 938 1810 ·
988 1783 1015 1834 6
1047 1780 1092 1832 δ’
1126 1780 1427 1850 ἐλάχιστος,
1467 1778 1533 1831 οὐ
1560 1775 1848 1848 παραπολὺ

1958 595 2260 664 gitudinem
2321 598 2634 653 cubitorum
2699 602 2941 673 quinque
3006 616 3063 663 et
3129 610 3290 666 unius
3351 613 3520 683 palmi

1959 700 2312 753 cxcreverat,
2353 694 2606 761 quamvis
2651 694 2819 763 pedes
2864 698 2985 766 ejus
3020 702 3242 770 reliquae
3272 686 3523 777 corporis

1958 783 2322 851 magnitudini
2368 786 2723 856 preportione
2780 805 2887 843 non
2937 794 3381 862 responderent:
3432 798 3521 851 iu-

1958 880 2198 925 trorsum
2231 874 2373 927 enim
2402 875 2588 931 intorti
2620 888 2673 933 et
2705 879 2816 932 vari
2846 890 3003 936 erant
3030 900 3044 935 :
3079 883 3283 939 homini
3323 904 3518 943 nomen

1956 969 2077 1014 erat
2123 963 2381 1019 Antonio.
2437 966 2620 1020 Talem
2671 979 2830 1024 :etate
2888 987 3107 1042 quoque
3160 984 3346 1031 nostra
3403 979 3520 1047 ipse

1956 1052 2092 1118 vidi,
2136 1068 2234 1123 pro
2283 1067 2531 1111 monstro
2573 1059 2856 1123 habitum.
2890 1078 3052 1133 quem
3104 1065 3287 1121 brevis
3330 1069 3520 1123 admo-

1956 1143 2085 1198 dum
2131 1156 2355 1201 statura:
2390 1150 2586 1204 mulier
2621 1153 2673 1208 in
2722 1154 2899 1209 lucem
2939 1159 3187 1225 protulit.
3233 1160 3518 1231 {Egyptius

1954 1249 2138 1291 autem
2175 1249 2281 1291 tam
2317 1240 2500 1296 brevis
2533 1244 2654 1306 fuit.
2688 1257 2748 1299 ut
2777 1249 2985 1315 perdici
3020 1253 3316 1319 persimilis
3347 1266 3515 1311 esset.

1954 1330 2141 1400 Neque
2182 1333 2454 1405 ingratum:
2503 1340 2873 1405 spectaculum
2905 1354 3051 1406 erat,
3088 1347 3133 1399 si
3165 1363 3289 1407 cum
3333 1350 3425 1404 illo
3458 1352 3516 1405 iu

1954 1423 2117 1492 globo
2163 1424 2469 1493 (hominum
2525 1429 2756 1499 scilicet)
2815 1447 3280 1499 conversaretur.
3335 1450 3392 1495 et
3447 1444 3512 1497 ad

1952 1512 2359 1568 contentionem
2409 1517 2682 1573 excitatus
2733 1522 3055 1580 colluderet.
3124 1527 3291 1605 308
3342 1533 3511 1593 Porro

1952 1604 2099 1672 quod
2169 1605 2424 1662 mirabile
2484 1608 2637 1662 dictu
2686 1622 2807 1678 est,
2869 1615 3157 1688 prudentia
3204 1622 3255 1675 ei
3308 1622 3507 1695 iuerat,

1950 1693 2127 1761 qualis
2192 1694 2400 1749 homini
2463 1698 2704 1757 formoso
2768 1707 3092 1774 competit:
3156 1713 3358 1787 quippe

1952 1784 2202 1855 corporis
2248 1788 2465 1843 exilitas
2506 1806 2570 1842 ea
2622 1792 2688 1845 de
2740 1810 2795 1848 re
2840 1796 2977 1850 nihil
3025 1784 3339 1860 ademisset.
3395 1784 3519 1863 γοί

277 1873 478 1925 τούτων
514 1873 863 1942 λειπόμενος.
916 1873 1090 1926 Πολλὰ
1140 1872 1197 1925 δὲ
1230 1872 1326 1925 καὶ¹
1351 1871 1516 1939 ’ἐτερα
1542 1867 1830 1967 τηνικαῦτο

1949 1888 1980 1928 a
2029 1875 2197 1931 Musis
2255 1893 2362 1932 non
2429 1881 2779 1938 abhorrebat.
2834 1885 3027 1951 Sermo
3086 1894 3288 1948 mentis
3346 1912 3511 1969 gene-

280 1964 582 2034 συνέδραμε
625 1965 830 2033 τέρατα
856 1979 871 1995 θ
914 1963 950 2017 ἃ
981 1964 1122 2016 κατὰ
1166 1964 1329 2031 μέρος
1361 1960 1618 2026 διεξιέναι
1650 1962 1710 2011 οὐ
1757 1958 1846 2011 τοῦ

276 2055 543 2125 παρόντος
579 2053 721 2111 εἶναι
761 2057 966 2126 νομίζω
998 2056 1212 2126 καιροῦ.

1950 1964 2230 2021 rositatem
2273 1972 2624 2039 spectandam
2670 1976 2982 2036 exhibebat.
3024 1980 3273 2054 Uterque
3310 1964 3504 2047 eodem

1946 2052 2042 2108 illo
2098 2063 2344 2125 tempore
2398 2062 2627 2131 vigens,
2686 2084 2798 2122 non
2853 2072 3043 2129 statim
3107 2052 3276 2133 vitam
3338 2080 3499 2135 limit.

274 2150 539 2213 Maximus
600 2153 752 2212 enim
791 2154 985 2224 viginti
1042 2154 1289 2221 quinque
1333 2150 1573 2221 explevit
1633 2164 1829 2211 annos.
1871 2150 2137 2206 minimus
2180 2165 2364 2210 autem
2433 2174 2543 2213 non
2577 2163 2809 2219 multum
2880 2170 2949 2221 ab
2977 2170 3058 2226 eis
3102 2173 3301 2243 abfuit.
3338 2178 3505 2241 Multa

274 2256 540 2314 praeterea
574 2247 685 2300 alia
720 2258 832 2300 tum
865 2262 1200 2301 concurrere
1230 2245 1501 2316 prodigia,
1537 2258 1661 2313 quat
1695 2243 1977 2314 sigillatim
2010 2244 2224 2302 referre
2252 2264 2362 2303 non
2395 2250 2559 2322 hujus
2589 2254 2694 2313 loci
2732 2273 2852 2315 csse
2890 2274 3042 2331 puto.

830 2380 1079 2435 ΚΕΦΑΛ.
1124 2378 1262 2435 AM'.

273 2503 399 2573 Περὶ
452 2494 1378 2575 τῆς-διξάτχόνῃςἀναιρέσεως
1418 2497 1836 2575 Οὐαλεντινια..

332 2567 442 2629 κοῦ
496 2567 608 2623 τοῦ
639 2567 780 2620 νέου
806 2570 924 2622 ὑπὸ
954 2567 1396 2635 Ἀρουαγάστου
1420 2567 1528 2620 τοῦ
1575 2578 1833 2631 στρατηο

332 2662 463 2713 του.

337 2781 625 2841 Θεοδόσιος
659 2777 759 2845 μὲν
798 2774 892 2829 οὖν
918 2773 1061 2826 οὓτω
1089 2771 1187 2836 τὴν
1215 2772 1353 2841 πρὸς
1388 2770 1506 2824 Ἕω
1530 2771 1836 2842 ἀρχομένην

271 2871 479 2932 ἰθύνων,
512 2869 783 2940 λαμπρῶς
807 2884 867 2919 τε
890 2867 1006 2935 ἅμα
1028 2865 1121 2918 καὶ
1164 2863 1440 2933 ἐπιμελῶς
1481 2864 1705 2917 διετέλει
1750 2864 1838 2916 θε-

271 2963 521 3033 ραπεύων
549 2962 609 3013 τὸ
651 2961 828 3024 Θεῖον,
863 2961 984 3020 ταῖς
1033 2958 1355 3028 καθημέραν
1385 2956 1729 3026 προσθήκαις
1756 2958 1835 3022 εις

268 3056 499 3109 ἐπίδοσιν
562 3053 713 3122 ἄγων
776 3054 866 3105 τὸν
932 3053 1359 3122 Χριστιανισμόν
1395 3068 1409 3081 ·
1464 3050 1567 3104 ἀνὰ
1613 3051 1670 3103 δὲ
1736 3050 1834 3120 τὴν

279 3145 547 3216 Ἑσπέραν
574 3148 642 3199 τὰ
667 3133 902 3216 δημόσια
937 3144 1099 3197 πάλιν
1131 3146 1385 3214 πονήρως
1414 3138 1558 3213 εἶχεν
1586 3160 1601 3174 ο
1636 3145 1833 3213 ἠγγέλ-

267 3242 381 3295 λετο
407 3243 517 3312 γὰρ
548 3242 638 3293 τὸν
670 3243 726 3293 ὲν
757 3240 968 3308 ἑσπέρᾳ
1012 3238 1256 3307 βασιλέα,
1297 3240 1389 3290 τὸν
1436 3240 1556 3289 νέον
1593 3237 1827 3301 Οὐαλεν-

266 3337 516 3397 τινιανὸν,
552 3336 757 3402 ἀγχόνῃ
790 3332 1177 3402 διαφθαρῆναι.
1234 3330 1482 3397 Ἐλέγετο
1520 3331 1576 3382 δὲ
1622 3329 1826 3399 ταύτην

264 3426 405 3496 αύτῷ
433 3427 533 3496 τὴν
561 3425 858 3495 ἐπιϐουλὴν
882 3423 1148 3477 καττῦσαι
1175 3424 1263 3475 διὰ
1293 3423 1401 3475 τῶν
1431 3422 1826 3491 θαλαμοπόλων

170 3514 179 3523 ’
262 3517 526 3587 εὐνούχων
561 3516 755 3579 ἄλλους
785 3531 846 3567 τε
878 3516 1055 3576 τινὰς,
1095 3516 1192 3566 καὶ
1237 3515 1649 3584 Ἀρουαγάστην
1681 3515 1824 3566 ἐκεῖ-

260 3625 365 3671 νον,
402 3608 459 3669 ὃς
492 3609 590 3676 τῆς
617 3609 709 3660 ὑπ’
739 3607 889 3675 αὐτῷ
938 3608 1122 3677 πάσης
1171 3608 1433 3675 στρατιᾶς
1482 3606 1583 3674 τὴν
1633 3606 1823 3675 ἐπιμέ-

258 3698 400 3751 λειαν
428 3694 597 3768 εῖχεν.
636 3698 790 3752 Ἐπεὶ
819 3700 926 3767 γὰρ
976 3693 1113 3750 εἶδον
1144 3699 1236 3748 τὸν
1267 3698 1387 3750 νέον
1432 3697 1509 3759 ὡς
1548 3698 1616 3749 τὰ
1654 3696 1822 3748 πολλὰ

257 3791 372 3844 κατ’
403 3792 557 3844 οὐδὲν
591 3790 917 3858 λειπόμενον
958 3789 1052 3842 τοῦ
1097 3790 1308 3859 πατρὸς
1364 3792 1430 3860 τῇ
1459 3791 1628 3860 ἀρχῇ,
1658 3788 1823 3860 χαλε-

259 3881 371 3943 πῶς
395 3898 453 3934 τε
499 3881 843 3949 διακείμενον
896 3876 975 3935 οἷς
1008 3880 1236 3937 ἐκείνοις
1286 3880 1480 3945 ἐδόκει,
1524 3882 1601 3943 ,ἐκ
1653 3883 1819 3948 μέσου

258 3975 422 4030 θεῖναι
464 3974 788 4028 διενοοῦντο.
839 3974 1112 4044 Ἀκρατὴς
1150 3973 1197 4025 δ’
1238 3967 1305 4042 ἧν
1351 3972 1495 4040 μάλα
1538 3969 1712 4039 θυμοῦ
1747 3987 1760 4001 ·
1793 3971 1820 4023 ὃ

258 4069 345 4120 καὶ
370 4068 466 4120 τοῦ
494 4069 594 4139 ζῇν
626 4068 789 4120 αὐτὸν
815 4066 1132 4137 περιφανῶς
1166 4064 1562 4130 ἐξεδίσκευσεν.
1596 4063 1685 4132 Τῷ
1713 4064 1820 4133 γὰρ

268 4159 641 4228 Ἀρουαγάστῃ
671 4157 751 4211 εἰς
792 4157 982 4224 λόγους
1027 4155 1199 4209 ἐλθὼν
1233 4155 1374 4209 κατὰ
1415 4157 1483 4209 τὰ
1520 4156 1816 4227 ἀνάκτορα,

255 4250 370 4302 ἐπεὶ
391 4254 418 4303 6
441 4250 687 4317 διάλογος
710 4252 788 4313 εἰς
818 4250 987 4320 ὀργὴν
1017 4249 1269 4319 ἐξέμηνε,
1299 4248 1450 4315 ξίφος
1467 4247 1691 4317 ὥρμησε
1716 4265 1833 4300 και-ν

251 4342 315 4393 τὰ
337 4343 424 4395 τοῦ
458 4340 771 4411 στρατηγοῦ
822 4341 1129 4394 ινδ-πάσασθαι
1162 4356 1177 4371 ⁸
1214 4340 1477 4404 κωλυθεὶς
1509 4340 1564 4415 δὲ
1593 4340 1674 4409 (ού
1707 4339 1816 4409 γὰρ

251 4432 426 4485 εἴασεν
452 4437 480 4486 6
511 4435 813 4504 δορυφόρος
842 4429 904 4487 οὗ
937 4434 995 4487 τὸ
1047 4433 1199 4502 ξίφος
1246 4434 1543 4487 ἐπεϐάλετο
1592 4434 1814 4502 ἕλκειν),

1854 3201 1902 3264 C

2463 2387 2692 2446 CAPUT
2721 2392 3011 2451 XXXVIII.

1936 2491 2202 2559 Quomodo
2232 2498 2632 2594 Valegtinipnus
2655 2506 2843 2594 junior
2861 2513 2926 2594 _ab
2953 2513 3241 2586 Arbogasto
3264 2523 3390 2591 duce
3409 2544 3503 2594 per

2286 2572 2683 2640 suﬂ‘ocationem
2704 2579 2771 2630 sit
2794 2572 3155 2651 interemptis.

2008 2770 2074 2824 Et
2118 2770 2458 2827 Theodosius
2486 2774 2709 2844 quidem
2752 2777 2852 2835 hoc
2888 2782 3050 2839 modo
3079 2785 3353 2845 Orientale
3401 2810 3502 2865 gu-

1938 2862 2204 2918 bernabat
2239 2863 2547 2935 imperium,
2591 2885 2783 2941 magna
2828 2889 2960 2929 cura
3013 2881 3296 2949 magniﬁce
3327 2862 3497 2941 Deum

1938 2954 2148 3021 colens,
2172 2964 2227 3010 et
2275 2957 2524 3026 quotidie
2582 2962 2738 3017 novis
2791 2967 3203 3027 accessionibus
3233 2973 3499 3032 Christia-
3540 3016 3545 3023 .

1936 3046 2173 3101 nismum
2205 3049 2501 3119 adaugens.
2567 3053 2626 3107 Iu
2670 3054 2965 3114 Occidente
3010 3078 3138 3117 vero
3189 3070 3497 3136 respublica

1936 3139 2076 3193 male
2110 3139 2320 3195 habuit.
2383 3143 2663 3213 Siquidem
2722 3147 2997 3219 juniorem
3053 3155 3496 3223 Valentinianum

1934 3231 2315 3301 imperatorem
2368 3236 2492 3306 gula
2563 3238 2732 3295 fracta
2779 3243 3081 3314 interiisse,
3118 3256 3492 3315 renuntiatum

1926 3332 2027 3377 est.
2056 3323 2268 3380 Credem
2301 3343 2421 3382 eam
2447 3346 2543 3399 per
2574 3331 2803 3390 insidias
2831 3338 2881 3391 ei
2916 3338 3133 3396 molitos
3162 3360 3280 3399 esse
3308 3347 3496 3405 ferunt

1926 3416 2293 3474 cubicularios
2349 3424 2655 3490 eunuchos,
2720 3437 2885 3501 atque
2956 3433 3093 3489 alios
3148 3439 3413 3506 quosdam
3474 3461 3489 3497 :

1925 3508 2396 3585 Arbogastemque
2438 3521 2671 3574 maxime
2705 3521 2876 3585 illum,
2900 3525 2992 3596 qui
3026 3530 3342 3589 militarium
3374 3537 3494 3603 ejus

1926 3605 2207 3671 copiarum
2237 3610 2482 3662 omnium
2527 3612 2719 3668 habuit
2757 3631 2943 3670 curam
2983 3630 3039 3673 et
3062 3621 3492 3685 administratio-

1924 3707 2064 3748 nem.
2099 3695 2233 3750 Cum
2262 3699 2406 3753 enim
2433 3701 2685 3771 juvenem
2722 3704 2950 3775 imperio
2964 3708 3320 3777 gubernando
3342 3718 3492 3772 nulla

1921 3798 2093 3854 prope
2123 3802 2179 3841 re
2204 3791 2343 3856 patri
2369 3777 2681 3847 interiorem
2713 3812 2856 3862 esse,
2884 3806 2941 3852 et
2971 3805 3208 3870 graviter
3228 3806 3490 3879 pleraque

1921 3892 2042 3946 qua:
2090 3878 2197 3933 illis
2252 3882 2607 3951 placuissent,
2677 3887 2817 3943 ferre
2875 3892 3143 3956 viderent,
3191 3901 3487 3958 consilium

1920 3972 2039 4042 ejus
2064 3976 2407 4042 opprimendi
2437 3992 2655 4047 cepere.
2693 3980 2822 4034 Erat
2850 3992 3033 4039 autem
3067 3986 3160 4040 ira:
3190 3988 3485 4045 admodum

1921 4063 2229 4133 impatiens.
2285 4066 2415 4133 Quae
2478 4084 2566 4133 res
2594 4071 2759 4127 etiam
2801 4085 2989 4141 aperte
3050 4079 3212 4132 caedis
3239 4079 3291 4135 ei
3323 4097 3486 4137 causa

1919 4155 2041 4211 fuit.
2074 4158 2209 4212 Cum
2241 4160 2536 4232 Arbogaste
2584 4165 2730 4218 enim
2753 4166 2807 4220 in
2846 4172 2995 4238 regia
3023 4170 3349 4238 collocutus,
3391 4170 3482 4228 ubi

1918 4250 2083 4304 verba
2120 4251 2175 4305 in
2211 4252 2343 4319 iram
2376 4256 2614 4320 insanam
2670 4274 2917 4333 evasere,
2983 4277 3114 4321 ense
3165 4265 3485 4333 magistrum

1918 4342 2153 4396 militum
2201 4347 2494 4401 confodere
2524 4364 2808 4422 aggressus
2840 4362 2943 4407 est.
2999 4353 3102 4408 Sed
3163 4372 3192 4410 a
3225 4358 3483 4422 satellite.

1917 4434 2004 4485 cui
2030 4433 2234 4488 ferrum
2265 4438 2550 4492 extrahere
2599 4440 2755 4499 nisus
2786 4439 2990 4507 fuerat.
3023 4444 3312 4514 inhibitus,
3369 4456 3483 4505 tum

253 4527 363 4577 τότε
399 4528 499 4594 μὲν
529 4526 712 4591 λόγοις
763 4526 1006 4594 προσῆγε
1069 4527 1146 4596 τῷ
1192 4525 1573 4598 Ἀροιιαγὰστῃ
1601 4527 1697 4596 τὴν
1729 4526 1818 4578 θε-

1933 4525 2141 4594 ιυὶἁθηι
2173 4529 2351 4583 verbis
2372 4531 2732 4600 Arbogastem
2786 4534 2967 4591 acrius
2996 4536 3341 4607 objurgatum
3370 4540 3487 4609 pla-

257 4618 477 4684 ραπείαν
522 4633 537 4649 ·
572 4620 601 4671 6
651 4617 706 4670 δὲ
756 4620 867 4678 τοῖς
900 4615 1080 4684 λόγοις
1148 4617 1352 4686 μᾶλλον
1407 4618 1504 4687 τὴν
1542 4619 1813 4685 σφετέραν

253 4708 476 4777 ἠκρίϐου
522 4710 797 4771 ὓπόνοιαν,
831 4712 911 4773 εἰς
940 4711 1146 4777 γνῶσιν
1197 4710 1600 4781 μεθισταμένην
1642 4727 1657 4743 ⁸
1690 4713 1816 4762 ἐπε-

255 4801 456 4870 ρομένῳ
474 4801 582 4869 γὰρ
626 4801 725 4867 τῆς
765 4802 1032 4869 τοσαύτης
1055 4803 1235 4872 ὁρμῆς
1264 4802 1362 4871 τὴν
1397 4803 1594 4861 αἰτίαν,
1625 4801 1815 4855 ἑαυτὸν

251 4886 640 4959 διαχρήσασθαι
671 4892 699 4942 6
724 4893 852 4951 παῖς
882 4892 1233 4960 ἁπεκρίνατο,
1270 4892 1459 4960 ὅτιπερ
1514 4890 1816 4959 βασιλεύων

251 4978 306 5030 ού
338 4980 668 5050 ξυγχωροῑτο
701 4983 962 5048 πράττειν
996 4982 1032 5036 ὃ.
1055 4983 1330 5051 βούλεται,
1378 4986 1472 5035 καὶ
1503 4984 1590 5036 διὰ
1634 4985 1816 5039 τοῦτο.

254 5072 353 5123 Καὶ
381 5075 408 5125 6
437 5075 534 5143 μὲν
575 5075 695 5126 τότε
735 5074 899 5144 μηδὲν
930 5092 980 5126 τι
1046 5075 1204 5127 πλέον
1257 5075 1811 5146 πολυπραγμονήσας,

257 5164 324 5231 μὴ
353 5166 709 5233 καταξιοῦντα
734 5167 908 5230 οὕτως
937 5167 1130 5236 ἔχοντα
1156 5168 1278 5239 ζῇν,
1309 5166 1532 5237 ὕστερον
1564 5172 1621 5219 ἐν
1662 5168 1813 5219 Βιέν-

253 5270 314 5325 νῃ
341 5259 435 5325 τῆς
460 5259 696 5322 Γαλλίας
726 5261 915 5313 τοῦτον
945 5262 1309 5333 ἠριστηκότα,
1347 5262 1439 5313 καὶ
1468 5261 1605 5329 πρὸς
1640 5260 1814 5325 τάφα-

253 5348 308 5414 νῆ
340 5350 445 5401 τῶν
476 5351 769 5420 βασιλείων
802 5356 932 5424 περὶ
958 5354 1018 5405 τὸ
1048 5352 1143 5406 τοῦ
1203 5352 1448 5422 ποταμοῦ
1484 5354 1659 5420 χεῖλος
1708 5369 1809 5418 με·

252 5437 441 5508 σούσης
471 5443 687 5512 ἡμέρας
723 5447 997 5510 παιγνίοις
1043 5444 1154 5495 τισὶ
1187 5443 1517 5513 σχλλὰζοντα
1540 5442 1812 5510 θεασάμε-

253 5544 355 5592 νος,
385 5532 593 5598 πέμπει
626 5534 734 5585 τῶν
759 5551 911 5595 τινας
943 5534 1033 5588 ὑπ’
1069 5533 1239 5602 αὐτῷ,
1283 5533 1488 5604 ἀγχόνῃ
1521 5533 1580 5585 τὸ
1617 5533 1810 5602 μειρά-

251 5634 357 5671 κιον
374 5621 709 5695 διαφθεῖραι,
740 5627 952 5691 οὐδενὸς
982 5630 1089 5680 τῶν
1112 5629 1568 5696 ὑπηρετουμένων
1590 5643 1811 5695 συμπα-

253 5709 421 5778 ράντος
447 5716 595 5793 αὐτῷ
622 5735 637 5749 ⁶
657 5719 809 5790 ὁγὰρ
832 5721 1022 5792 καιρὸς
1034 5720 1266 5791 ἀριστᾷν
1298 5702 1496 5783 αὐτοὺς
1527 5718 1812 5787 μετεστέλ-

251 5799 381 5857 λετο.
403 5805 507 5862 Καὶ
522 5810 550 5862 6
570 5809 668 5881 μὲν
687 5809 828 5864 οὕτω
843 5812 1042 5883 χειρῶν
1067 5812 1100 5865 ὰ
1115 5813 1352 5882 ίριὸτητι
1369 5809 1700 5872 ἁπεπνίγετο
1721 5828 1734 5841 σ
1759 5812 1808 5861 οἱ

1920 4619 2081 4672 cavit.
2123 4620 2217 4674 Ille
2244 4632 2425 4675 autem
2453 4640 2519 4677 ex
2550 4626 2735 4679 verbis
2763 4628 2884 4697 ejus
2910 4628 3230 4700 opinionem
3257 4631 3404 4686 illius
3428 4633 3485 4685 in

1918 4722 2166 4775 apertum
2195 4715 2517 4783 productam
2551 4720 2864 4788 accuratius
2919 4718 3339 4787 considerando,
3401 4738 3487 4774 sc-

1918 4816 2039 4854 cum
2073 4802 2189 4871 ipse
2228 4805 2531 4873 perpendit.
2569 4806 2873 4876 Inquirenti
2908 4813 3052 4863 enim
3075 4812 3205 4869 tanti
3240 4812 3484 4885 impetus

1917 4910 2179 4952 causam:
2221 4899 2525 4953 Allaturum
2560 4900 2661 4959 sibi
2697 4900 2798 4967 ipsi
2848 4917 3041 4957 manus
3097 4917 3235 4966 esse,
3294 4904 3481 4957 adole-

1917 5003 2075 5042 scens
2101 4993 2397 5060 respondit,
2431 4994 2576 5061 quod
2609 5008 2731 5049 cmn
2773 4996 3071 5063 imperator
3093 5006 3257 5055 esset,
3303 4996 3484 5050 Iacere

1915 5080 2061 5148 quod
2089 5082 2268 5145 vellet,
2330 5070 2433 5137 non
2471 5087 2927 5153 permitteretur:
2986 5093 3320 5153 quapropter
3375 5086 3478 5139 sibi

1916 5174 2025 5225 vita
2050 5164 2178 5226 Italis
2207 5172 2415 5242 ingrata
2466 5173 2627 5227 etiam
2660 5185 2824 5229 eSsct.
2861 5176 3038 5243 Atque
3094 5174 3180 5227 ille
3214 5185 3326 5228 tum
3357 5178 3481 5244 qui-

1914 5265 2037 5323 dem
2117 5265 2249 5319 nihil
2324 5265 2558 5336 amplius
2622 5266 2837 5323 curiose
2889 5274 3262 5337 percontatus.
3316 5265 3479 5341 309

1914 5356 2109 5411 Postea
2141 5368 2322 5411 autem
2346 5357 2562 5412 Viennae
2602 5357 2655 5411 in
2689 5357 2882 5421 Gallia.
2910 5375 3032 5417 cum
3060 5375 3185 5414 eum
3215 5377 3478 5429 pransum

1912 5447 1965 5501 in
1999 5447 2267 5501 abditiore
2312 5447 2469 5515 regite
2513 5448 2635 5501 loco
2675 5449 2739 5505 ad
2793 5449 3032 5503 ﬂuminis
3090 5450 3261 5520 ripam
3317 5452 3478 5504 tueri-

1911 5535 2076 5589 diauo
2109 5548 2352 5603 tempore
2398 5536 2610 5591 ludicro
2659 5540 2870 5593 euidam
2912 5550 3191 5597 vacantem
3229 5542 3474 5608 vidisset,

1909 5643 2261 5698 percussores
2290 5628 2551 5695 quosdam
2585 5645 2653 5683 ex
2674 5631 2787 5684 suis
2817 5633 2864 5685 ei
2891 5632 3138 5694 immisit,
3192 5634 3283 5700 qui
3347 5632 3475 5687 ado-

1907 5718 2269 5774 Iosuentulum
2287 5718 2645 5773 suliocatione
2666 5732 2944 5784 necarent,
2973 5738 3096 5779 cum
3116 5739 3183 5777 cx
3210 5723 3474 5780 ministris

1906 5809 1955 5863 ei
1992 5824 2152 5863 nemo
2169 5810 2387 5866 adesset
2414 5827 2427 5864 :
2449 5819 2662 5881 tempus
2687 5814 2833 5867 enim
2859 5813 2980 5869 illos
3005 5831 3033 5868 ιι
3057 5816 3066 5864 l
3089 5812 3469 5884 prandendum
