3918 6588
393 445 495 511 873

1617 436 2034 499 NlCEPHORI
2073 435 2418 497 CALLISTI

3519 430 3632 495 '85'0

393 566 734 614 evocaverat.
763 555 951 626 Itaque
987 556 1077 612 ille
1109 556 1188 613 sic
1215 555 1526 612 crudelibus
1589 556 1965 626 strangulatus

2076 552 2121 605 ΒΞ
2149 569 2210 619 γε
2238 552 2297 604 τὸ
2326 551 2487 620 ἔργον
2519 548 2973 619 διαπραξάμενοι,
3010 548 3096 600 ῖνα
3127 546 3202 619 μὴ
3223 550 3283 601 ἐκ
3328 547 3421 602 τοῦ
3454 550 3633 618 σχεδὸν

394 658 473 702 est
502 647 777 702 manibus.
835 645 1092 702 Atcazdis
1137 646 1257 717 ejus
1308 655 1634 716 patratores,
1696 660 1764 698 ne
1803 644 1847 698 si
1907 659 1972 696 ex

399 748 648 805 tempore
700 734 885 788 statim
918 750 1274 805 percussores
1328 734 1763 804 iuquirerentur,
1814 731 1973 787 facile

395 826 738 897 deprehendi
792 835 1036 895 possent,
1068 825 1288 879 sudario
1312 825 1434 894 ejus
1468 836 1724 894 tanquam
1780 824 1976 891 laqueo

397 920 608 974 circum
640 919 842 974 collum
874 918 1063 987 ligato,
1123 917 1412 970 sublimem
1445 932 1569 971 eum
1609 914 1973 983 suspendere,

400 994 461 1065 ut
494 1027 589 1065 sua
612 999 820 1080 sponte
850 1009 953 1063 sibi
1011 1009 1127 1078 ipse
1165 1008 1343 1078 gulam
1405 1008 1633 1076 fregisse
1668 1006 1974 1059 videretur.

395 1104 881 1158 Adolescentulum
933 1101 1097 1156 istum
1178 1098 1407 1153 mirifice
1463 1097 1693 1165 imperio
1746 1095 1971 1159 dignum

402 1196 578 1249 visum
608 1211 726 1250 esse
765 1196 939 1257 aiunt,
973 1200 1193 1262 propter
1233 1193 1429 1244 bonam
1471 1189 1721 1259 corporis
1754 1187 1976 1241 habitu-

405 1285 614 1348 dinem,
647 1295 704 1339 et
728 1285 989 1339 virtutum
1036 1282 1328 1335 multarum
1384 1291 1741 1338 concursum,
1774 1274 1978 1344 quibus

405 1377 704 1445 imperator
769 1376 946 1426 bonus
1017 1380 1337 1425 exornatur.
1414 1368 1784 1438 Maguitudine
1848 1380 1977 1418 vero

403 1464 596 1526 animi,
655 1473 711 1519 et
752 1463 965 1535 iustitia
1042 1478 1275 1526 suruma,
1329 1472 1538 1529 patrem
1600 1460 1762 1511 etiam
1815 1473 1976 1511 suum

405 1564 859 1625 exsuperaturam
895 1555 1082 1614 fuisse,
1104 1552 1373 1622 siquidem
1394 1551 1441 1605 ei
1466 1551 1517 1604 iu
1544 1551 1718 1603 virum
1742 1550 1977 1602 evadere

406 1647 670 1704 licuisset.
706 1647 820 1701 Tali
853 1646 944 1701 ille
967 1657 1165 1709 morte,
1193 1659 1316 1698 eum
1338 1643 1462 1697 talis
1478 1652 1640 1705 esset,
1659 1641 1974 1695 vicesimum

401 1740 577 1797 aetatis
604 1753 774 1809 agens
797 1752 1023 1803 annum,
1054 1736 1219 1791 vitam
1253 1735 1414 1789 ﬁniit.

962 1850 1187 1907 CAPUT
1219 1847 1462 1904 XXXIX.

404 1942 486 1995 De
540 1941 822 2012 tyrannide
872 1939 1096 2012 Eugenii
1135 1942 1191 1993 in
1252 1937 1573 2012 Occidente:
1621 1947 1669 2012 et
1732 1946 1787 1988 ut
1835 1926 1973 1989 hunc

474 2008 679 2081 quoque
731 2011 839 2064 Deo
874 2008 1103 2081 dilectus
1136 2012 1424 2081 imperator
1475 2008 1685 2073 vicerit,
1712 2022 1831 2059 cum
1856 2022 1973 2059 eam

476 2078 753 2136 uictoriam
778 2078 943 2134 divini
968 2080 1068 2131 uiri
1107 2079 1496 2148 prwdixissent.

479 2195 758 2264 Eugenius
786 2203 995 2260 autem,
1054 2191 1255 2246 Graeca:
1306 2189 1715 2260 superstitionis
1769 2187 1972 2252 cultor,

408 2301 681 2341 summam
712 2299 895 2338 rerum
928 2282 1173 2346 involat,
1218 2290 1267 2335 et
1325 2280 1627 2350 imperialia
1674 2280 1776 2333 sibi
1806 2279 1975 2332 sumit

400 2374 660 2444 insignia,
689 2373 981 2443 adjuvante
1011 2371 1314 2440 Arbogaste
1350 2389 1364 2424 :
1400 2370 1495 2438 qui
1519 2369 1662 2439 quod
1710 2369 1974 2423 barbarus

402 2480 603 2536 genere
631 2473 794 2527 esset,
842 2463 1073 2533 imperio
1132 2478 1357 2516 manum
1412 2462 1640 2532 injicere
1688 2474 1973 2531 aggressus

403 2576 515 2613 non
547 2565 652 2614 est.
702 2556 979 2629 Eugenius
1008 2566 1190 2610 autem
1250 2555 1468 2609 Latinas
1497 2554 1729 2620 primum
1762 2553 1973 2606 litteras

399 2651 592 2706 docuit
625 2667 637 2705 :
673 2650 872 2705 deinde
902 2649 1032 2703 ludo
1064 2649 1330 2703 litterario
1359 2646 1573 2704 relicto.
1622 2645 1676 2698 in
1705 2642 1969 2713 imperiali

378 2745 527 2797 .aula
554 2741 828 2796 militavit.
857 2740 1035 2809 Atque
1056 2739 1132 2794 ibi
1163 2740 1216 2795 iu
1235 2738 1484 2792 ordinem
1510 2737 1971 2806 antigraphiario-

398 2850 524 2891 rum
554 2844 609 2890 et
634 2833 937 2899 imperialis
961 2832 1207 2902 pecuniae
1237 2830 1528 2885 custodum
1566 2838 1842 2896 receptus,
1875 2844 1967 2881 ce-

400 2927 571 2983 lebris
617 2925 852 2980 maxime
884 2933 939 2978 et
985 2922 1129 2993 apud
1182 2924 1572 2991 imperatorem
1625 2921 1678 2973 in
1711 2934 1968 2989 magnum

367 3014 663 3073 'honorem
696 3015 820 3082 fuit,
859 3015 1240 3085 inagistrorum
1265 3015 1430 3068 etiam
1462 3012 1784 3082 dignitatem
1839 3026 1970 3063 con-

399 3119 642 3166 secutus.
689 3106 1050 3164 Cuntautem
1106 3117 1431 3177 praesentem
1495 3105 1772 3159 fortunam
1825 3104 1969 3158 ferre

404 3218 514 3257 non
542 3211 747 3272 posset,
768 3199 837 3255 ad
864 3198 1208 3272 tyrannidem
1244 3197 1547 3268 spectavit:
1608 3198 1863 3250 inductus
1903 3196 1968 3249 ad

406 3296 459 3349 id
484 3313 513 3349 a
553 3292 907 3362 quibusdam,
957 3292 1057 3361 qui
1086 3305 1145 3345 se
1175 3305 1241 3345 ex
1294 3288 1551 3353 victimis,
1606 3296 1863 3342 extorum
1888 3286 1972 3339 in-

402 3388 686 3458 spectione
717 3396 775 3440 et
820 3397 1094 3439 astrorum
1143 3378 1601 3445 scientia,futura
1632 3388 1791 3433 certo
1829 3378 1973 3433 scire

408 3476 829 3533 conﬁrmabant.
857 3475 995 3530 Cum
1050 3474 1206 3529 multi
1261 3472 1410 3527 enim
1462 3471 1555 3525 alii
1611 3486 1679 3526 eo
1723 3479 1972 3538 tempore

407 3569 574 3623 rebus
600 3567 751 3623 hisce
780 3574 1070 3629 vacarunt,
1089 3575 1205 3618 tum
1236 3562 1466 3617 maxime
1501 3562 1792 3616 Flavianus
1816 3562 1970 3615 urbis
2016 3595 2020 3598 ρ

406 3663 594 3717 Romae
630 3658 933 3729 prafectus,
971 3657 1056 3711 vir
1107 3655 1162 3709 in
1198 3653 1504 3724 disciplinis
1540 3652 1853 3722 praeclarus,
1884 3661 1967 3705 at-

403 3766 513 3821 que
543 3752 590 3805 si
651 3749 791 3803 alius
850 3748 1168 3818 quisquam,
1218 3754 1274 3800 et
1324 3745 1443 3814 ipse
1493 3743 1736 3799 civilium
1784 3758 1969 3797 rerum

404 3843 564 3897 valde
589 3841 821 3913 peritus,
877 3854 1172 3909 rerumque
1202 3837 1505 3892 futurarum
1557 3836 1575 3905 (
1602 3844 1664 3891 ut
1689 3836 1786 3905 ipsi
1820 3836 1973 3889 vide-

401 3932 584 4002 batur)
618 3941 769 3986 vates
798 3928 1127 4000 praecipuus,
1162 3927 1393 3981 multum
1423 3928 1477 3979 in
1517 3927 1598 3981 eis
1619 3940 1800 3994 opera:
1830 3927 1974 3980 loca-

401 4028 520 4079 vit:
549 4024 714 4095 310
739 4038 845 4093 qua
880 4031 998 4075 arte
1023 4019 1325 4089 Eugenium
1357 4033 1597 4087 quoque,
1660 4026 1721 4071 ut
1763 4017 1970 4072 bellum

402 4121 726 4187 susciperet,
759 4111 1058 4185 permovit,
1086 4119 1237 4166 certo
1267 4110 1419 4165 illum
1451 4109 1720 4180 quidquid
1751 4125 1974 4178 aggres-

402 4223 497 4263 sus
522 4218 689 4273 esset,
718 4203 1093 4275 perfecturum
1130 4200 1429 4271 pollicitus.
1456 4200 1590 4254 Nam
1640 4209 1788 4254 sorte
1821 4200 1971 4254 fatali

406 4302 781 4355 Romanorum
819 4294 1111 4365 imperium
1140 4294 1206 4346 ad
1245 4306 1373 4346 eum
1402 4292 1700 4361 pertinere,
1735 4307 1973 4362 eumque

408 4392 541 4446 belli
592 4391 855 4445 victorem
924 4387 1062 4451 fore,
1124 4392 1181 4440 et
1234 4383 1551 4454 religionem
1607 4384 1971 4440 Christianam

406 4494 743 4537 mutaturum
774 4496 895 4536 esse
921 4477 1216 4544 dixit.0ua
1246 4492 1343 4548 spe
1381 4476 1649 4533 adductus
1675 4477 1971 4547 Eugenius,

2077 642 2359 713 ζητήσεως
2405 641 2705 710 γενομένης
2731 639 3047 711 κατάφωροι
3077 640 3368 707 γένωνται,
3391 640 3452 693 τὸ
3499 643 3634 694 ὲκεί-

2077 754 2166 789 νου
2199 732 2536 803 ημιτύμϐιον
2563 733 2759 785 ὡσανεὶ
2783 732 2976 802 βρόχον
3003 731 3082 800 τῷ
3115 732 3374 801 τραχήλῳ
3417 733 3637 800 περιϐα-

2077 828 2283 890 λόντες,
2318 829 2395 888 εἰς
2424 826 2554 894 ὕψος
2580 826 2838 894 ἀρτῶσιν,
2865 826 2940 885 ῶς
2965 823 3029 877 ἄν
3063 839 3127 891 γε
3162 824 3287 896 δόξῃ
3318 827 3387 892 τῇ
3408 826 3643 894 σφετέρα

2076 921 2268 990 γνώμῃ
2296 917 2490 970 ἑαυτὸν
2519 918 2585 985 τῇ
2618 917 2826 985 ἀγχόνη
2851 914 3156 967 ἐπιϐαλεῖν.
3183 914 3318 966 Φασί
3348 930 3415 982 γε
3449 915 3555 983 μὴν
3583 918 3641 967 τὸ

2081 1012 2371 1082 μειράκιον
2440 1007 2602 1059 τοῦτο
2659 1004 2954 1075 ὑπερφυῶς
3016 1003 3165 1069 δόξαι
3214 1004 3311 1072 τῆς
3370 1004 3640 1072 βασιλείας

2077 1101 2251 1167 ἄξιον,
2275 1102 2349 1169 τῷ
2378 1118 2436 1153 τε
2459 1102 2550 1152 τοῦ
2586 1101 2839 1165 σώματος
2872 1092 2929 1148 εὖ
2960 1095 3128 1164 ἔχειν,
3157 1096 3250 1148 καὶ
3279 1094 3498 1147 πολλῶν
3522 1096 3641 1163 ἀρε-

2077 1194 2186 1248 τῶν
2218 1194 2510 1261 συνδρομῇ,
2536 1187 2617 1253 οἷς
2644 1190 2671 1242 ό
2696 1188 2973 1258 βασιλικδς
3019 1188 3190 1250 τύπος
3240 1189 3642 1257 χαρακτηρίζε·

2076 1306 2189 1341 ται.
2228 1287 2319 1355 Τῷ
2352 1287 2409 1339 δὲ
2468 1284 2838 1353 μεγαλοψύχῳ
2890 1283 2983 1334 καὶ
3025 1280 3102 1351 τῷ
3154 1280 3253 1349 τῆς
3301 1280 3642 1348 δικαιοσύνης

2076 1381 2232 1450 ἄκρῳ
2262 1382 2358 1432 καὶ
2390 1379 2483 1431 τὸν
2511 1378 2719 1430 ἐκείνου
2775 1372 3178 1441 ὑπερϐαλέσθαι
3230 1372 3468 1442 πατέρα,
3492 1374 3544 1424 εἴ
3583 1390 3640 1439 γε

2078 1472 2434 1540 συνεχωρεῖτο
2481 1470 2617 1539 πρὸς
2670 1468 2867 1537 ἄνδρας
2906 1466 3142 1521 τελέσαι.
3185 1464 3243 1519 ὐ
3282 1465 3387 1535 μὲν
3417 1461 3510 1518 οὖν
3545 1481 3641 1517 τοι·

2075 1562 2232 1626 οὗτος
2263 1562 2358 1624 ὢν,
2389 1559 2533 1614 οὕτω
2556 1559 2838 1625 τέθνηκεν,
2865 1554 3108 1609 εἰκοστὸν
3142 1553 3250 1607 άπὸ
3265 1553 3365 1623 τῆς
3381 1552 3639 1622 γενέσεως

2075 1654 2194 1718 ἔτος
2224 1654 2393 1725 ἄγων.

2641 1857 2897 1909 ΚΕΦΑΛ.
2959 1854 3085 1909 ΔΘ’.

2078 1953 2218 2019 Περὶ
2258 1950 2371 2016 τῆς
2420 1951 2489 2004 ἐν
2532 1948 2809 2019 Ἐσπέρᾳᾲ
2832 1948 3124 2019 Borea-(ou
3147 1944 3539 2019 τυρανῖίδοςο
3559 1945 3639 2019 ῶς

2144 2014 2240 2074 καί
2272 2014 2486 2074 τοῦτον
2516 2023 2548 2071 ό
2578 2014 2864 2087 θεοφιλὴς
2894 2014 3274 2087 ἐτροπώσιιτο
3309 2014 3636 2087 βασιλεὺς,

2145 2092 2319 2145 θείων
2347 2089 2585 2156 ἀνδρῶν
2604 2084 3238 2156 πρὸπαταγγειλὰντων
3261 2084 3381 2151 τὴν
3409 2086 3601 2150 νίκην.

2156 2204 2320 2275 Ἀνὴρ
2343 2204 2397 2256 δέ
2422 2220 2505 2265 τις
2532 2202 2813 2268 Εὑγένιος,
2864 2199 3064 2269 Ἕλλην
3092 2199 3151 2251 τὸ
3174 2196 3364 2275 σέϐας,
3407 2195 3637 2266 ἐπιπηδᾷ

2072 2297 2138 2363 τῇ
2173 2295 2338 2361 ἀρχῇ.
2368 2294 2460 2343 καὶ
2488 2291 2556 2342 τὰ
2582 2291 2679 2356 τῆς
2719 2286 3000 2356 βασιλείας
3030 2286 3401 2354 ἀμφιέννυται
3445 2281 3638 2350 σύμϐο-

2072 2388 2159 2451 λα,
2200 2382 2591 2453 συνεργοῦντος
2639 2380 3069 2451 ’Ᾱρουαγάστου,
3090 2378 3148 2442 ὃς
3182 2376 3463 2447 βάρϐαρος
3489 2374 3563 2427 ῶν
3579 2374 3636 2426 τὸ

2071 2470 2250 2546 γένος,
2283 2477 2393 2529 οὐδ’
2450 2474 2730 2529 ἐπιϐαλεῖν
2759 2474 2825 2542 τῇ
2869 2474 3009 2541 ἀρχῇ
3050 2469 3438 2540 ἐπεχείρησεν.
3477 2467 3632 2534 Εὐγέο

2072 2589 2184 2633 νιος
2217 2571 2273 2622 δὲ
2317 2569 2657 2636 Ἰδωμαῖκοὺς
2709 2566 2902 2631 λόγους
2963 2560 3271 2615 παιδεύσων
3303 2561 3376 2615 τὰ.
3428 2558 3630 2629 πρῶτα,

2071 2666 2265 2717 ἔπειτα
2292 2660 2585 2731 διαρρίψας
2611 2659 2681 2711 τὰ
2707 2657 3093 2725 παιδευτήρια,
3119 2655 3264 2707 κατά
3297 2654 3367 2706 τὰ
3398 2651 3632 2722 βασίλεια

2070 2754 2448 2824 ἐστρατεύετο,
2474 2754 2568 2804 καὶ
2601 2753 2658 2803 ἐν
2689 2752 2802 2811 τοῖς
2831 2748 3223 2817 ἁντιγραφεῦσι
3248 2746 3346 2799 τοῦ
3382 2744 3632 2816 βασιλέως

2070 2844 2328 2897 ἐτέτακτο
2349 2857 2365 2874 ο
2404 2842 2687 2909 ἐλλόγιμος
2715 2841 2772 2894 δὲ
2798 2840 2867 2892 τά
2906 2824 3159 2908 μάλιστα
3189 2837 3289 2903 ῶν,
3344 2838 3431 2890 διὰ
3477 2835 3630 2905 τιμῆς

2073 2935 2334 3001 πλείστης
2356 2932 2435 3001 τῷ
2466 2932 2680 3001 βασιλεῖ
2700 2926 2786 3001 ἦν,
2825 2930 2921 2983 καὶ
2943 2932 2999 2992 ἐς
3029 2930 3129 2995 τὴν
3171 2929 3283 2981 τῶν
3327 2926 3631 2998 μαγίστρων

2071 3009 2230 3092 ἀξίαν
2254 3026 2508 3078 διέϐαινε.
2550 3024 2662 3095 Τὴν
2693 3024 2747 3075 δέ
2781 3024 3066 3091 παροῦσαν
3095 3021 3266 3091 τύχην
3307 3021 3384 3092 μὴ
3416 3021 3632 3089 δυνάμε-

2070 3137 2130 3172 νο
2141 3139 2157 3181 ;
2189 3120 2450 3185 ἐνεγκεῖν,
2476 3117 2568 3169 ἐπὶ
2595 3117 2656 3168 τὸ
2683 3115 2967 3184 τυραννεῖν
3001 3113 3227 3166 ἔϐλεπεν
3268 3130 3284 3144 ·
3322 3114 3487 3184 ἧγετο
3532 3112 3627 3181 γάρ

2076 3208 2329 3276 σφαγίοις
2364 3207 2473 3258 τισὶ
2509 3210 2603 3258 καὶ
2623 3200 3056 3270 ἠπατοσχοπίαις
3084 3201 3177 3253 καὶ
3206 3201 3454 3270 ἀστέρων
3480 3199 3629 3252 τινῶν

2074 3300 2414 3368 καταλήψεσι
2454 3298 2641 3364 σαφῶς
2672 3296 2877 3348 εἰδέναι
2909 3296 2970 3348 τὸ
3008 3292 3202 3363 μέλλον
3236 3293 3629 3364 διισχυριζομέ-

2074 3408 2187 3453 νοις
2215 3390 2347 3445 τισί.
2376 3389 2564 3443 Πολλοί
2595 3405 2653 3439 τε
2683 3388 2793 3457 γάρ
2840 3385 2936 3438 καὶ
2993 3386 3143 3440 ἄλλοι
3173 3387 3475 3456 τηνικαῦτα
3520 3385 3629 3439 s06-

2073 3502 2187 3547 τοις
2212 3479 2353 3553 ἦσαν
2383 3482 2733 3551 σχολάζοντες
2766 3497 2780 3511 ο
2816 3482 2910 3532 καὶ
2936 3479 3000 3551 δὴ
3053 3481 3146 3533 καὶ
3175 3479 3474 3544 Φλαϐιανδς
3501 3480 3627 3531 ἐκεῖ·
3715 3501 3728 3516 ο

2074 3593 2162 3639 νος
2200 3577 2227 3627 ὁ
2252 3576 2349 3643 τῆς
2379 3574 2599 3644 Ῥώμης
2631 3573 2896 3642 ὕπαρχος,
2925 3573 3252 3642 περιϐόητος
3271 3572 3452 3640 λόγοις
3481 3571 3625 3640 ἀνὴρ,

2073 3670 2168 3721 καὶ
2197 3668 2357 3736 εἰπερ
2387 3682 2473 3728 τις
2494 3664 2713 3732 περὶτὰ
2743 3665 2999 3717 πολιτικά
3033 3666 3275 3726 συνετὸς,
3307 3666 3401 3716 καὶ
3431 3664 3487 3715 τὸ
3515 3662 3625 3731 μέλ-

2072 3759 2162 3812 λον
2192 3757 2267 3819 ὡς
2294 3758 2431 3827 ᾤετο
2459 3755 2736 3825 μαντείαις
2765 3754 3191 3824 ἐξεπιστάμενος
3229 3770 3243 3785 ·
3327 3755 3392 3825 δὴ
3442 3753 3626 3823 μᾶλλον

2073 3847 2169 3899 καλ⁸
2194 3844 2281 3897 τὸν
2311 3843 2567 3909 Εὑγένιον
2611 3841 2949 3909 ὑπηγάγετο,
2987 3842 3081 3894 καὶ
3112 3843 3247 3911 πρδς
3301 3861 3343 3912 μ
3383 3860 3481 3911 χην
3527 3841 3628 3891 ἐκί-

2074 3953 2155 3990 νει
2186 3955 2202 3969 ο
2274 3934 2530 4001 ἀσφαλῶς
2592 3932 2699 4001 γάρ
2751 3932 3051 4001 κρατήσειν
3102 3931 3197 3985 τοῦ
3244 3935 3625 4003 ἐγχειρήματος

2073 4028 2381 4088 διετείνετο,
2416 4026 2509 4079 καί
2551 4042 2615 4092 γε
2674 4024 2823 4093 αὐτῷ
2868 4025 3134 4094 μοιρίδιον
3164 4018 3303 4079 εἶναι
3336 4027 3434 4095 τὴν
3467 4026 3622 4094 ἀρχὴν

2084 4120 2373 4187 Ῥωμαίων
2408 4118 2682 4184 εἰσηγεῖτο
2720 4128 2734 4143 ·
2772 4118 3015 4183 νικήσειν
3068 4131 3126 4166 τε
3162 4114 3259 4183 τὴν
3292 4115 3490 4193 μάχην,
3540 4115 3624 4167 καὶ

2073 4214 2140 4282 τῇ
2166 4209 2505 4279 Χριστιανῶν
2535 4208 2806 4276 Θρηοκείᾳ
2834 4205 3135 4275 μεταϐολήν
3170 4225 3290 4259 τινα
3327 4208 3538 4259 ἔσεσθαι
3565 4204 3623 4258 δι’

2074 4295 2245 4349 αὑτοῦ
2278 4295 2545 4350 ὑπετίθει.
2574 4288 2670 4355 Δίς
2694 4294 2811 4364 δῆτ’
2830 4286 3042 4346 ἐλπίσιν
3070 4295 3326 4360 Εύγένιος
3362 4294 3623 4365 βουκολού-

2076 4404 2260 4458 μενος,
2289 4384 2533 4455 μεγάλην
2583 4383 2847 4454 ἁθροίσας
2874 4385 3128 4454 δύναμιν,
3160 4385 3261 4447 τὰς
3324 4389 3379 4438 ἐν
3442 4386 3622 4455 Ἰταλίᾳ

2076 4479 2288 4541 πύλας,
2355 4478 2421 4540 ἃς
2478 4479 2742 4546 Ῥωμαῖοι
2805 4477 3032 4538 Ἰουλίας
3094 4478 3326 4542 Ἀλπεις
3378 4479 3617 4538 καλοῦσι,

408 4575 759 4630 multitudine
784 4572 991 4642 ingenti
1022 4583 1231 4636 coacta,
1263 4572 1546 4641 angustias
1576 4571 1630 4624 in
1666 4571 1817 4624 italia
1832 4586 1969 4640 quas

2076 4569 2508 4640 προκαταλαϐὼν
2575 4569 2852 4639 ἐφρούρει.
2913 4570 3057 4622 Μεαν
3123 4572 3233 4641 γὰρ
3300 4573 3618 4635 στενωτάτην

402 4667 639 4722 Romani
676 4666 839 4731 Alpes
902 4664 1075 4718 Julias
1128 4674 1347 4730 vocant,
1411 4665 1725 4735 occupavit,
1776 4663 1968 4732 eisque

374 4748 719 4829 'prazsidium
747 4738 1026 4826 imposuit.
1056 4754 1288 4811 Unicum
1320 4756 1485 4817 enim.
1510 4770 1747 4825 eumque
1777 4756 1971 4809 arctis-

400 4853 601 4905 simum
632 4848 948 4912 transitum,
1002 4846 1302 4915 prazfractis
1340 4847 1642 4917 ingentium
1702 4848 1968 4900 montium

400 4939 650 5009 rupibus,
688 4946 918 5006 utraque
948 4950 1013 4989 ex
1036 4943 1190 5004 parte
1222 4932 1454 4988 ﬁrmiter
1484 4935 1709 4989 munita:
1737 4934 1964 4991 habent.

399 5033 468 5085 Et
501 5023 774 5100 Eugenius
825 5026 891 5081 ad
921 5027 1265 5099 tyrannidem
1323 5034 1566 5090 evectus,
1610 5044 1674 5081 ca
1718 5028 1769 5080 in
1813 5027 1969 5082 Occi-

396 5123 705 5178 dentalibus
741 5121 986 5192 partibus
1012 5126 1224 5189 agebat,
1256 5135 1375 5189 quas
1396 5133 1520 5174 eum
1550 5119 1730 5174 facere
1750 5134 1967 5188 arquum

404 5224 545 5273 erat.
608 5212 702 5283 qui
754 5212 833 5266 sic
879 5210 1168 5279 imperium
1226 5210 1567 5278 arripuisset.
1624 5210 1968 5262 Theodosius

402 5319 570 5376 porro
613 5305 931 5370 imperator.
986 5290 1049 5354 ea
1105 5316 1165 5354 re
1225 5300 1433 5364 audita,
1488 5315 1597 5353 non
1661 5299 1968 5353 minoribus

397 5411 617 5449 rursum
647 5410 807 5463 quant
839 5403 1022 5456 antea,
1057 5406 1179 5444 cum
1208 5400 1401 5445 contra
1430 5389 1722 5443 Maximum
1751 5390 1957 5443 bellum

396 5494 665 5549 moveret,
697 5485 847 5538 curis
882 5493 967 5537 est
998 5483 1249 5536 obrutus.
1282 5481 1384 5536 Ubi
1424 5496 1553 5535 vero
1589 5491 1645 5535 et
1680 5482 1797 5549 ipse
1846 5497 1933 5534 ma

396 5591 561 5648 gnum
588 5574 913 5643 conscripsit
952 5574 1272 5636 exercitum,
1305 5587 1490 5626 secum
1525 5573 1640 5642 ipse
1706 5589 1819 5627 rem
1880 5574 1967 5627 di-

400 5668 665 5737 Spiciens,
705 5678 891 5719 utrum
952 5665 1213 5719 adversus
1258 5676 1543 5735 tyrannum
1571 5665 1672 5726 ire,
1705 5682 1771 5719 an
1820 5668 1967 5721 illius

400 5761 695 5814 adventum
725 5767 1042 5827 exspectare
1082 5756 1326 5820 deberet,
1377 5757 1756 5811 addubitabat.
1804 5759 1857 5811 In
1902 5775 1965 5813 ea

402 5851 789 5912 sollicitudine,
816 5848 1091 5904 consilio]
1114 5848 1287 5903 ianuis
1315 5848 1580 5900 enitentis
1604 5848 1658 5900 in
1679 5848 1962 5903 Thebaide

2074 4662 2193 4715 λίαν
2214 4662 2399 4732 ἔχουσι
2432 4661 2624 4727 δίοδον,
2649 4662 2932 4731 ἀπορρῶξι
2966 4662 3221 4731 μεγάλοις
3245 4664 3415 4732 ὀρέων
3446 4660 3618 4713 ἐκατέ-

2075 4753 2248 4824 ρωθεν
2270 4752 2525 4820 ἀσφαλῶς
2557 4753 2965 4823 πεφραγμέναι.
3017 4754 3124 4805 Καὶ
3171 4756 3198 4805 ό
3236 4755 3336 4823 μὲν
3383 4754 3615 4819 Εὐγένιος

2075 4838 2260 4909 ἀρθεὶς
2298 4840 2556 4907 τύραννος
2585 4841 2722 4891 κατὰ
2751 4832 2816 4890 τὰ
2839 4840 3089 4909 ἑσπέρια,
3122 4842 3347 4894 τοταῦτα
3370 4843 3613 4910 ἔπραττεν

2071 4933 2168 4983 ὅσα
2200 4926 2266 5000 ἧν
2299 4930 2443 4993 είκδς
2472 4931 2561 4982 τὸν
2591 4930 2765 4992 οὕτως
2786 4931 2885 4998 τὴν
2918 4933 3089 5001 ἀρχὴν
3137 4932 3466 5001 δραξάμενον
3511 4931 3611 4982 διαο

2072 5023 2407 5091 πράττεσθαι
2444 5039 2456 5053 ·
2494 5022 2771 5085 Θεοδόσιος
2816 5024 2871 5076 δὲ
2910 5026 3150 5088 ἀκούσας
3194 5029 3221 5077 ό
3279 5026 3538 5090 βασιλεὺς,
3564 5026 3613 5073 ἐν

2073 5115 2357 5183 φροντίσιν
2381 5113 2535 5178 αὖθις
2556 5116 2909 5186 καθειστήκει
2930 5118 3151 5181 πολλαῖς
3179 5136 3193 5151 ο
3231 5122 3288 5172 οὐ
3322 5122 3496 5188 μείους
3519 5117 3613 5184 γάρ

2068 5203 2232 5278 ἦσαν,
2265 5207 2295 5274 ἧ
2330 5209 2419 5259 ὅτε
2454 5208 2593 5259 κατὰ
2623 5209 2879 5278 Μαξίμου
2906 5213 3183 5279 κεκίνητο.
3221 5213 3426 5283 Πολλὴν
3452 5212 3504 5263 δὲ
3532 5209 3611 5261 καὶ

2070 5292 2224 5360 οὗτος
2261 5299 2558 5366 ἀξιόμαχον
2597 5302 2854 5369 στρατιὰν
2879 5304 3125 5373 ἀγείρας,
3157 5306 3348 5366 διττῶς
3379 5303 3607 5372 ἐμερίζε-

2070 5408 2131 5441 το
2168 5407 2180 5419 ·
2224 5390 2453 5459 πότεριν
2487 5393 2576 5442 ἐπὶ
2608 5392 2700 5443 τὸν
2729 5390 2994 5456 τύραννον
3031 5396 3194 5465 ὁμόσε
3225 5398 3435 5466 χωρεῖν,
3465 5393 3494 5461 ἦ
3526 5406 3608 5440 πε-

2073 5481 2311 5550 ριμένειν
2347 5482 2568 5533 ἐπιόντα
2595 5485 2819 5536 ἐκεῖνον.
2858 5484 3013 5537 Οὕτω
3041 5486 3086 5537 δ’
3138 5488 3276 5556 ἔχων
3331 5481 3603 5554 φροντίδθςο

2070 5572 2210 5638 ἔγνω
2230 5572 2335 5623 δεῖν
2358 5572 2649 5641 συμϐούλῳ
2678 5576 2806 5643 περὶ
2853 5576 3044 5629 τούτου
3070 5579 3370 5648 χρήσασθαι
3410 5574 3605 5639 Ἰωάννῃ

2069 5663 2146 5730 τῷ
2170 5666 2226 5713 ἐν
2249 5664 2474 5734 Θηϐαΐδι
2517 5664 2877 5731 διαλάμποντι
2920 5670 3140 5739 μοναχῷ
3167 5688 3180 5701 ·
3204 5669 3262 5722 ὃν
3292 5673 3348 5720 ἐν
3396 5665 3467 5735 τῷ
3513 5664 3603 5729 πρὸ

2072 5754 2303 5824 βραχέοὶ
2338 5756 2627 5824 καταλόγῳ
2650 5759 2757 5809 τῶν
2783 5759 2942 5822 ὁσίως
2979 5761 3240 5829 βιούντων
3270 5757 3601 5827 ἐπιφανέστα-

2069 5866 2162 5899 τον
2186 5849 2468 5915 γεγονέναι
2496 5854 2589 5902 καὶ
2626 5851 2683 5903 ἐν
2716 5852 2899 5915 ἄλλοις
2923 5855 3021 5923 μὲν
3056 5855 3387 5925 περιϐοήτοις
3421 5849 3597 5916 ἔργοις.
