3918 6554
255 403 356 468 881

1219 398 1827 461 ECCLESIAS’I‘ICZE
1868 397 2262 459 HISTORl/E
2298 398 2443 459 LIB-
2488 396 2623 459 XII.

3427 391 3534 453 882

261 516 509 584 μάλιστα
565 515 623 568 δὲ
662 516 729 587 τῇ
778 514 980 584 γνώσει
1028 513 1136 567 τῶν
1189 514 1469 584 ἐσομένων
1524 517 1847 584 εἰρήκαμεν.

1970 514 2239 576 monachi,
2278 512 2543 568 utendum
2604 509 2710 567 sibi
2745 526 2865 566 esse
2897 509 3114 575 statuit,
3148 522 3311 578 quem
3372 523 3536 576 supra

257 610 369 674 Τῆς
402 609 514 676 γάρ
553 607 707 672 θείας
744 607 1067 679 μεταλαχών
1112 607 1339 678 χάριτος
1390 610 1419 661 ὁ
1467 608 1627 676 ἀνὴρ,
1680 605 1850 659 πολλὰ

265 691 383 763 τοῖς
435 701 871 769 πυνθανομένοις
907 699 1210 772 προῠλεγεν
1240 692 1340 753 ὀὗ
1390 700 1457 769 δὴ
1504 703 1699 766 πεῖραν
1758 700 1854 750 καὶ

259 794 358 846 ἐπὶ
392 795 475 863 τῷ
525 794 718 864 πρώην
764 795 888 865 ἔσχε
911 779 1183 865 τυράννῳ,
1237 795 1510 864 ἀναιμωτὶ
1553 794 1652 863 τὴν
1699 794 1854 862 νίκην

260 886 484 954 ἐκείνην
508 886 928 956 προαγορεύσας
979 886 1223 940 ἔσεσθαι.
1270 886 1384 940 Καὶ
1438 887 1500 957 δὴ
1552 887 1854 956 Εύτρόπιον

267 978 363 1030 τὸν
389 977 668 1048 εὐνοῦχον,
693 978 749 1041 ὃς
776 974 844 1051 ἦν
866 980 1058 1052 ἐκείνῳ
1095 980 1439 1043 πιστότατος,
1491 980 1592 1033 ἀνα
1630 980 1729 1051 τὴν
1764 980 1856 1033 Ατ-

264 1087 479 1137 γυπτον
513 1072 889 1138 ἔπεμπενοεί
954 1071 1057 1141 μὲν
1119 1072 1342 1143 εὐχερὲς
1399 1073 1631 1140 γένοιτο,
1694 1072 1857 1126 αὖτδν

268 1160 478 1211 ἐκεῖνον
505 1160 594 1211 τὸν
627 1159 777 1211 ὅσιον
811 1158 933 1228 μεθ’
964 1158 1161 1212 ἑαυτοῦ
1195 1160 1396 1225 ἄξοντα
1431 1175 1446 1190 ο
1495 1160 1543 1212 εἰ
1602 1159 1651 1212 δ’
1707 1161 1857 1228 ἰσχυ-

272 1251 384 1320 ρῶς
413 1253 757 1319 ἀπαγορεύοι
783 1252 883 1323 τὴν
915 1252 1121 1320 ἄφιξιν.
1151 1253 1211 1307 τὸ
1247 1252 1499 1322 ποιητέον
1534 1253 1627 1305 ἐπὶ
1654 1256 1724 1323 τῇ
1754 1253 1859 1321 μά-

268 1362 338 1414 χη
364 1345 562 1412 μαθεῖν
596 1345 915 1414 βιάσασθαι.
948 1347 1058 1399 Καὶ
1101 1348 1129 1400 6
1158 1346 1258 1415 μὲν
1306 1345 1612 1417 Εὐτρξπιος
1656 1348 1736 1409 εἷς
1767 1345 1861 1398 Ατ-

266 1451 478 1501 γυπτον
515 1436 692 1506 ἥκων,
723 1438 978 1507 οὐδαμῶς
1005 1436 1225 1490 ἔπειθεν
1263 1436 1521 1507 Ἰωάννην
1548 1439 1603 1499 ἐς
1630 1436 1862 1507 βασιλέα

269 1526 448 1579 ἐλθεῖν
482 1545 495 1559 ο
529 1522 829 1599 παρηγγύα
853 1529 912 1582 δέ
934 1528 1117 1596 λέγειν
1157 1531 1388 1586 ἐκεῖνος.
1424 1529 1500 1592 ὡς
1526 1530 1667 1597 μετὰ
1694 1529 1860 1583 πολὺν

268 1620 432 1686 φόνον
480 1624 696 1690 νικήσει
728 1623 829 1691 μὲν
869 1622 960 1675 τὸν
995 1620 1267 1690 τύραννον
1292 1639 1305 1653 ο
1346 1622 1483 1690 μετὰ
1513 1621 1567 1674 δὲ
1621 1621 1719 1691 τὴν
1782 1621 1862 1674 νί-

268 1730 398 1783 κην,
419 1714 483 1766 οὐ
515 1713 697 1783 πολλῷ
732 1712 961 1783 ’ὕστερον
992 1714 1136 1767 κατᾶ
1166 1715 1267 1782 τὴν
1306 1711 1540 1766 Ἰταλίαν
1565 1713 1661 1765 καὶ
1699 1712 1861 1775 αὐτὸς

272 1803 691 1872 μεταλλάξειτὸ
724 1804 846 1876 ζῇν.
892 1805 1209 1875 Ἀμφότεροι
1265 1804 1320 1856 δὲ
1365 1806 1414 1857 εί
1463 1805 1615 1869 τέλος
1678 1805 1858 1875 ἔσχον,

268 1897 303 1963 ή
339 1895 553 1966 ἱστορία
578 1896 833 1967 δηλώσει.
885 1895 1042 1949 Ἐπεὶ
1070 1900 1178 1967 γὰρ
1239 1896 1555 1966 ἀρκούντως
1591 1897 1741 1964 αὐτῷ
1791 1897 1860 1949 τὰ

269 1985 413 2052 πρὸς
442 1986 536 2039 τὸν
565 1987 802 2057 πόλεμον
828 1989 1263 2057 παρεσκεύαστο,
1290 1987 1857 2058 ἀναγορεύειβασιλέα

269 2074 370 2125 καὶ
408 2073 500 2126 τὸν
540 2075 655 2127 υἱὸν
680 2074 891 2130 ἐκείνου
923 2074 1184 2146 Ὀνῶριον
1214 2089 1229 2106 ⁸
1274 2076 1561 2147 ’Δρκάδιον
1588 2076 1698 2147 γὰρ
1720 2075 1859 2148 ἔφθη

270 2164 545 2234 πρότερον
597 2168 678 2229 εἰς
707 2166 808 2236 τὴν
862 2166 1142 2237 βασιλείαν
1196 2167 1510 2238 ἀναγαγών.
1551 2169 1788 2233 Τούτους
1816 2166 1862 2222 δ’

266 2258 444 2325 ἇμςρω
475 2260 541 2329 τῇ
576 2259 993 2314 Κωνσταντίνου
1038 2259 1235 2325 λιπὼν,
1302 2263 1462 2324 αὐτὸς
1524 2263 1706 2315 πᾶσαν
1762 2260 1861 2332 τὴν

269 2350 415 2418 πρὸς
430 2349 547 2402 Ἐω
571 2351 1034 2423 περιϐαλλόμενος
1053 2353 1302 2424 δύναμιν,
1322 2353 1459 2424 πρὸς
1478 2353 1575 2425 τὴν
1590 2355 1862 2425 Ἑσπέραν

268 2442 564 2511 ἠπείγετο.
600 2443 743 2500 Πολὺ
774 2445 830 2498 δέ
857 2463 909 2497 τι
949 2444 1155 2512 πλῆθος
1210 2447 1307 2510 καὶ
1354 2445 1465 2500 τῶν
1525 2449 1862 2517 παριστρίων

275 2532 578 2605 βαρϐάρων
615 2536 899 2606 ἐφείπετο,
940 2538 1161 2601 ἑκόντες
1185 2542 1498 2609 συμμαχεῖν
1535 2539 1683 2610 αύτῷ
1729 2541 1866 2612 ᾑρη-

279 2627 465 2696 μένοι.
493 2628 613 2681 Τῶν
638 2627 696 2682 δὲ
721 2632 1049 2699 στρατηγῶν
1080 2630 1297 2698 ὀλίγους
1337 2628 1617 2696 εἶναιτοὺς
1646 2630 1864 2704 συμμάο

273 2737 406 2790 χονς
434 2722 750 2791 φησάντων,
778 2724 873 2776 καὶ
902 2725 1098 2792 ἀργεῖν
1137 2725 1237 2793 τὴν
1271 2724 1487 2794 κίνησιν
1544 2724 1868 2796 βουλευομέ-

275 2828 407 2872 νων,
431 2810 509 2874 ώς
544 2811 610 2865 ἂν
633 2807 769 2882 ἦρος
793 2813 1099 2921 ἀρέμένου
1146 2814 1244 2866 καὶ
1283 2811 1453 2883 ἄλλην
1504 2812 1863 2879 ἐπιλέξωνται

280 2904 570 2971 στρατιάν,
610 2903 677 2957 ἵν’
706 2905 794 2975 εἴη
820 2903 931 2977 τῷ*
934 2913 938 2917 ‘
953 2906 1155 2977 πλήθει
1217 2907 1526 2977 ἁνακράτος
1580 2906 1865 2974 περιγενέ-

279 2996 409 3049 σθαι
435 2998 545 3050 τῶν
578 2999 886 3066 δυσμενῶν,
952 3000 1157 3069 ἥκιστα
1211 3002 1331 3063 ταῖς
1370 2999 1481 3053 τῶν
1541 2998 1863 3070 στρατηγῶν

279 3091 603 3161 είσηγήσεσι
636 3092 996 3163 προσέσχενδ
1052 3092 1329 3155 Θειότατος
1375 3091 1629 3163 βασιλεύς
1658 3109 1672 3123 ⁶
1728 3092 1863 3163 μηδὲ

1960 608 2016 662 in
2069 622 2264 662 eorum
2321 606 2415 676 qui
2479 616 2722 660 sanctam
2767 602 2935 657 vitam
2977 610 3228 672 egerunt,
3291 598 3538 667 catalogo

1960 698 2352 762 clarissimum,
2409 706 2464 751 et
2505 712 2629 752 cum
2690 695 2814 750 aliis
2860 693 3204 749 admirandis
3254 692 3536 771 operibus,

1958 802 2072 846 tum
2112 793 2351 846 maxime
2390 790 2703 846 futurorum
2757 787 2988 843 scientia
3039 786 3314 841 celebrem
3368 785 3537 838 fuisse

1957 884 2217 939 diximus.
2255 884 2391 939 Cum
2428 883 2572 938 enim
2632 883 2680 937 is
2731 882 2961 953 gratiam
3013 879 3255 934 divinam
3310 878 3539 931 sortitus

1957 986 2127 1038 esset,
2156 975 2327 1029 multa
2355 990 2479 1029 eum
2512 974 2930 1029 consulentibus
2966 971 3240 1042 praedixit.
3270 969 3440 1037 anns
3464 970 3538 1024 rei

1958 1066 2263 1137 periculum
2294 1075 2350 1121 et
2372 1066 2651 1135 Specimen
2680 1066 2736 1120 in
2756 1065 3007 1134 proximo
3032 1072 3263 1137 tyranno
3290 1061 3540 1130 prmbue-

1960 1176 2065 1222 rat.
2115 1160 2459 1215 incruentam
2514 1158 2660 1213 illam
2703 1158 2992 1214 victoriam
3049 1155 3419 1211 Theodosium
3457 1169 3542 1208 re-

1959 1259 2309 1322 portaturum
2374 1265 2500 1305 esse
2559 1248 2915 1304 vaticinatus.
2972 1248 3161 1318 Itaque
3216 1245 3537 1301 ﬁdissimum

1960 1343 2065 1399 sibi
2107 1342 2425 1397 eunuchum
2458 1340 2785 1412 Eutropium
2831 1341 2887 1395 in
2916 1338 3211 1411 Egyptum
3273 1338 3444 1405 misit,
3483 1348 3542 1391 nt

1958 1445 2054 1489 aut
2106 1436 2287 1489 virum
2346 1446 2622 1500 sanctum,
2672 1434 2719 1489 si
2775 1433 2935 1489 facile
2985 1434 3057 1488 id,
3085 1433 3202 1487 fieri
3239 1441 3442 1501 posset.
3472 1429 3540 1484 ad

1961 1542 2018 1581 se
2042 1526 2347 1582 adduceret
2388 1546 2402 1582 :
2430 1538 2525 1581 aut
2554 1527 2623 1581 ab
2662 1527 2774 1595 illo,
2817 1526 2863 1581 si
2893 1533 3216 1581 constanter
3242 1524 3540 1578 adventum

1961 1616 2316 1681 detrectaret,
2348 1619 2478 1688 quid
2507 1619 2574 1672 de
2607 1618 2752 1673 bello
2800 1617 3110 1674 faciendum
3143 1626 3310 1679 esset,
3344 1630 3543 1685 cogno-

1962 1724 2118 1767 scere
2167 1721 2488 1766 conaretur.
2530 1711 2827 1781 Eutropius
2878 1728 2947 1766 eo
2999 1712 3298 1782 profectus,
3336 1723 3545 1779 nequa-

1963 1819 2125 1874 quam
2160 1804 2356 1859 Joanni
2397 1815 2456 1858 ut
2485 1804 2554 1858 ad
2594 1806 2986 1874 imperatorem
3030 1805 3265 1866 veniret,
3313 1816 3542 1867 persua-

1963 1894 2057 1949 sit.
2091 1893 2436 1965 Quapropter
2464 1894 2636 1958 illum,
2670 1906 2730 1949 ut
2752 1904 3012 1950 eventum
3043 1894 3166 1948 belli
3196 1892 3540 1962 praediceret.

1963 1989 2196 2058 rogavit.
2229 1989 2404 2057 Atque
2433 1987 2546 2054 ille,
2576 1987 2953 2043 Theodosium
3002 1986 3224 2056 quidem
3283 1995 3406 2054 post
3436 2001 3541 2038 ca:-

1963 2079 2085 2133 dem
2128 2080 2380 2146 multam,
2415 2080 2702 2134 victoriam
2729 2079 2799 2134 de
2832 2088 3066 2151 tyranno
3082 2085 3539 2132 consecuturum:

1963 2186 2075 2224 non
2136 2171 2309 2226 multo
2359 2180 2542 2226 autem
2597 2180 2723 2241 post
2774 2170 2952 2241 ipsum
3014 2184 3235 2240 quoque
3289 2169 3344 2222 in
3392 2167 3542 2222 Italia

1965 2262 2297 2319 moriturum
2335 2278 2456 2318 esse
2487 2263 2789 2333 respondit.
2827 2261 3132 2333 Utrumque
3156 2262 3259 2319 hoc
3284 2277 3351 2317 an
3381 2276 3546 2317 even-

1966 2365 2083 2413 tum
2110 2355 2274 2411 talem
2318 2332 2597 2418 habuerit,
2623 2355 2853 2410 historia
2872 2332 3210 2411 declarabit.
3248 2354 3543 2423 Postquam

1964 2449 2112 2504 enim
2149 2463 2213 2502 ea
2241 2446 2521 2517 quibusin
2565 2446 2711 2501 bello
2737 2462 2878 2517 opus
2931 2458 3040 2515 est,
3074 2444 3294 2502 abunde
3325 2460 3546 2516 compa.

1968 2538 2148 2598 ravit,
2192 2535 2497 2591 Honorium
2551 2536 2716 2590 etiam
2774 2533 2946 2589 lilium
3017 2535 3404 2605 imperatorem
3463 2547 3553 2589 re-

1965 2629 2602 2687 nuntiavit:Areadium
2659 2644 2899 2700 namque
2958 2638 3120 2684 antea
3150 2628 3218 2685 ad
3257 2627 3549 2698 imperium

1962 2731 2241 2780 evexerat.
2304 2722 2467 2793 311
2524 2719 2810 2776 Ambobus
2892 2720 3018 2776 ﬁliis
3070 2720 3548 2791 Constantinopoli

1964 2816 2194 2880 relictis,
2258 2814 2374 2885 ipse
2431 2829 2553 2869 cum
2596 2811 2771 2883 copiis
2849 2811 3227 2869 Orientalibus
3292 2815 3551 2871 omnibus

1965 2910 2020 2964 in
2045 2906 2395 2964 Occidentem
2425 2915 2511 2962 est
2536 2903 2838 2974 profectus.
2872 2903 3067 2975 Ingens
3101 2914 3287 2960 autem
3348 2906 3525 2962 Barba

1964 3017 2175 3063 rerum,
2198 2999 2291 3070 qui
2322 2998 2388 3053 ad
2427 2997 2624 3054 Istrum
2668 2999 2879 3062 colunt,
2913 2996 3228 3062 multitudo,
3264 2997 3550 3053 voluntate

1966 3110 2064 3149 sua
2104 3093 2372 3148 auxilium
2406 3094 2613 3156 ferens,
2668 3106 2795 3147 eum
2859 3099 3046 3146 secuta
3080 3100 3184 3145 est.
3217 3090 3390 3144 Porro
3418 3105 3544 3145 cum

279 3181 391 3248 γαρ
419 3183 620 3250 χρῆναι
666 3181 939 3250 τοσαύτην
976 3186 1077 3250 μὲν
1149 3180 1436 3234 ἀσθένειαν
1469 3180 1548 3250 τῷ
1607 3182 1868 3233 παντοδυ-

1970 3187 2228 3240 ordinum
2259 3186 2426 3241 duces
2456 3183 2793 3254 paucitatem
2851 3181 3130 3237 sociorum
3161 3191 3548 3245 causarentur,

282 3268 446 3337 νάμῳ
486 3267 639 3338 ὅπλῳ
700 3267 796 3321 τοῦ
850 3267 1087 3339 σταυροῦ
1134 3270 1440 3338 μαρτυρεῖν
1470 3285 1485 3300 ·
1538 3268 1867 3339 ἀντίρροπον

281 3357 327 3411 δ’
357 3362 423 3411 ἐκ
458 3358 552 3411 τοῦ
582 3358 829 3412 ἐναντίου
857 3359 1092 3429 δύναμιν
1114 3360 1179 3428 τῇ
1203 3356 1297 3411 τοῦ
1346 3357 1644 3429 Ἡρακλέος
1672 3358 1865 3411 εικόνι.

290 3469 313 3503 ι
336 3450 444 3504 Τοῦ
477 3451 584 3522 γάρ
610 3449 746 3520 ἐμοῦ
772 3454 800 3504 ὁ
830 3450 1087 3523 σταυρὸς.
1123 3451 1336 3504 ἐκείνου
1368 3451 1424 3504 δὲ
1455 3452 1670 3521 ἡγεῖται
1701 3450 1728 3501 ό
1777 3448 1869 3502 Ἦ-

288 3543 520 3615 ρακλῆς.
553 3563 572 3596 ι
603 3544 794 3608 Οὕτως
835 3543 1029 3609 εἰπὼν,
1077 3545 1381 3616 ἀπεχώρει.
1425 3544 1577 3597 Ἐπεὶ
1614 3543 1661 3598 δ’
1711 3540 1871 3608 ἐξιὼν

286 3639 386 3706 τῆς
420 3636 838 3692 Κωνσταντίνου
892 3638 1031 3708 πρὸς
1083 3638 1164 3709 τῷ
1229 3638 1480 3708 Ἑϐδόμῳ
1521 3637 1764 3705 ἐγένετο,
1804 3638 1872 3706 τῇ

289 3729 480 3783 ἐνθάδε
513 3728 804 3800 ἐκκλησίᾳ,
835 3731 902 3801 ἢν
957 3731 1145 3795 αὐτὸς,
1181 3730 1549 3800 διαφερόντως
1622 3730 1872 3799 Ἰωάννην

289 3823 382 3875 τὸν
403 3822 715 3893 Βαπτιστὴν
757 3822 957 3906 τιμῶν,
986 3821 1333 3893 ἀνεδείματο,
1392 3822 1574 3895 εἰσῄει
1636 3823 1875 3894 προσεύτ

292 3913 486 3981 ξασθαι
520 3914 621 3983 μὲν
671 3914 791 3985 Θεῷ
821 3932 836 3948 ο
868 3915 953 3978 είς
1006 3914 1233 3986 ἀρωγὴν
1284 3914 1342 3969 δὲ
1398 3915 1872 3989 μετακαλέσασθαι

291 4008 387 4071 καὶ
416 4009 510 4061 τὸν
549 4005 888 4078 Βαπτιστὴν,
924 4006 1056 4061 ὥστ’
1110 4009 1297 4062 αἰσίαν
1334 4007 1482 4078 αὐτῷ
1532 4024 1595 4060 τε
1663 4009 1758 4061 καὶ
1805 4010 1872 4079 τῇ

296 4103 525 4173 στρατιᾷ
562 4101 851 4168 Ῥωμαίων
867 4101 966 4171 τὴν
997 4100 1225 4155 ἔκϐασιν
1253 4100 1353 4171 τῆς
1381 4101 1566 4173 μάχης
1592 4099 1873 4170 γενέσθαιο

296 4194 465 4262 καὶδὴ
499 4194 561 4246 τὸ
589 4193 737 4254 εἰκὸς
784 4192 1260 4262 ἀφοσιωσάμενος,
1295 4194 1376 4258 είς
1430 4194 1660 4248 Ἰταλίαν
1696 4195 1879 4262 ἐγένε-

296 4304 377 4343 το.
430 4284 726 4357 Ἑξαπίνης
783 4286 843 4338 δὲ
902 4287 1022 4350 ταῖς
1073 4286 1309 4340 ’Λλπεσι
1374 4287 1728 4358 προσϐαλὼν,
1777 4288 1877 4353 τὰς

302 4382 524 4452 πρώτας
555 4381 721 4434 ἐσύλα
739 4380 987 4451 φυλακάς
1019 4379 1114 4434 τοῦ
1157 4382 1452 4452 τυράννου.
1479 4380 1557 4435 Τὸ
1604 4382 1662 4435 δὲ
1708 4381 1878 4454 ἄκρον

299 4475 396 4542 τῆς
432 4474 670 4542 παρόδου
697 4472 1075 4542 παραμείψας,
1114 4472 1239 4526 ἐπεὶ
1264 4476 1323 4536 ἐς
1362 4474 1423 4527 τὸ
1457 4475 1719 4538 κάταντες
1750 4476 1879 4545 ἤγε-

1972 3288 2029 3332 ct
2060 3276 2468 3346 expeditionem
2500 3274 2863 3329 diﬂ‘erendam
2894 3275 3215 3342 suaderent,
3242 3284 3302 3328 ut
3335 3273 3550 3329 scilicet

1974 3369 2151 3439 primo
2182 3383 2312 3422 vere
2352 3365 2634 3422 exercitus
2666 3365 2812 3420 alius
2865 3366 3316 3429 contraheretur,
3354 3375 3412 3421 et
3448 3365 3534 3421 mi-

1972 3461 2130 3514 litum
2178 3472 2412 3513 numero
2456 3458 2647 3513 hostes
2672 3458 3055 3523 vincerentur,
3116 3473 3462 3528 nequaquam
3495 3457 3549 3511 in

1973 3553 2267 3608 ductorum
2305 3550 2538 3606 consilio
2592 3548 3042 3621 religiosissimus
3074 3550 3348 3620 acquievit
3379 3548 3527 3619 impe

1973 3656 2143 3699 rator.
2174 3642 2397 3699 Minime
2442 3656 2681 3713 namque
2743 3649 2955 3696 tantam
3020 3640 3373 3695 tribuendam
3430 3654 3553 3695 esse

1974 3735 2413 3791 imbecillitatem
2443 3734 2586 3788 dixit
2631 3718 2997 3803 omnipotenti
3027 3733 3207 3788 crucis
3234 3740 3550 3795 armaturae,

1973 3842 2095 3897 quae
2137 3840 2205 3880 ex
2226 3823 2459 3879 adverso
2524 3823 2775 3879 Herculis
2821 3823 3046 3893 imagini
3101 3824 3350 3894 opposita
3383 3831 3552 3879 esset.

1982 3936 2001 3968 ι
2050 3915 2323 3971 Exercitui
2371 3914 2517 3970 enim
2557 3929 2704 3978 meo,
2767 3914 2969 3983 inquit,
3005 3930 3143 3969 crux
3177 3913 3367 3984 praeit;
3404 3913 3555 3968 illius

1976 4019 2163 4065 autem
2194 4009 2383 4078 capias
2420 4005 2688 4062 Hercules
2721 4006 2897 4062 ducit.
2931 4026 2949 4058 ι
2992 4006 3117 4061 Ilaec
3156 4005 3322 4060 verba
3372 4005 3556 4076 prolo-

1977 4112 2162 4167 cutus,
2194 4101 2300 4155 iter
2332 4100 2615 4170 ingressus
2672 4108 2779 4154 est.
2834 4097 3321 4167 Constantinopoli
3368 4107 3554 4152 autem

1978 4194 2281 4265 profectus,
2310 4193 2404 4248 ubi
2437 4194 2492 4247 in
2558 4191 2807 4261 Septimo
2850 4193 2926 4259 (ι)
2954 4190 3021 4244 ad
3051 4189 3342 4246 ecclesiam
3381 4190 3553 4257 venit,

1979 4303 2142 4359 quam
2178 4288 2295 4357 ipse
2336 4284 2533 4343 Joanui
2600 4284 2857 4354 Baptistae
2882 4285 3031 4354 (eum
3081 4282 3230 4338 enim
3281 4282 3555 4352 praecipue

1979 4379 2317 4448 honorabat)
2368 4386 2774 4441 construxerat,
2820 4391 2939 4430 eam
2991 4384 3078 4430 est
3129 4378 3430 4445 ingressus,
3499 4386 3558 4430 ut

1980 4471 2145 4526 simul
2171 4479 2228 4524 et
2256 4470 2637 4537 precationem
2670 4467 2738 4522 ad
2778 4468 2953 4524 Deum
3004 4467 3234 4531 faceret,
3278 4478 3333 4523 et
3366 4468 3554 4539 Bapti-

299 4588 381 4633 το,
406 4569 512 4637 ὁρᾷ
544 4568 606 4620 τὸ
645 4567 828 4620 πεδίον
861 4565 1087 4637 σύμπαν
1130 4565 1403 4637 ἀμυθήτῳ
1450 4567 1644 4638 πλήθει
1691 4544 1868 4631 πεζῶν

1978 4574 2114 4617 stam
2194 4562 2261 4614 ad
2333 4544 2767 4615 ferendum'sibi
2818 4559 3079 4615 auxilium
3130 4559 3411 4617 invocaret
3457 4562 3555 4633 (2),

303 4658 398 4709 καὶ
433 4657 648 4710 ἱππέων
681 4657 1118 4726 πεπυκνωμένον
1150 4675 1163 4687 ·
1191 4659 1251 4710 ού
1286 4658 1429 4710 πάνυ
1468 4657 1514 4709 δ’
1554 4658 1718 4711 αὑτοῦ
1748 4659 1882 4730 πόρο

302 4753 383 4818 ῥω
413 4752 560 4803 κατά
590 4750 762 4803 νώτου
789 4750 885 4803 καὶ
915 4750 1110 4814 ἄλλους
1136 4751 1247 4804 τῶν
1304 4750 1582 4820 πολεμίων
1614 4752 1881 4819 κατά.τὴν

305 4842 552 4913 κορυφὴν
590 4842 887 4911 ἑστηκότας
921 4841 1017 4895 τοῦ
1044 4842 1234 4915 ὅρους.
1280 4844 1376 4897 καὶ
1395 4843 1460 4896 τό
1489 4859 1553 4911 γε
1581 4843 1673 4896 νῦν
1697 4844 1881 4913 ἡρέμα

302 4936 439 4998 τέως
464 4936 687 5005 ἔχοντας
726 4951 740 4966 ·
773 4934 851 4997 ὡς
894 4933 940 4986 δ’
1001 4936 1033 5000 ἡ
1087 4934 1281 5005 πρώτη
1346 4935 1564 5003 φάλαγξ
1616 4935 1882 4988 κατιοῦσα

304 5030 418 5090 τοῖς
452 5030 512 5080 ἐν
529 5028 608 5098 τῷ
630 5026 801 5098 πεδίῳ
822 5027 1152 5097 προσέϐαλε,
1194 5029 1340 5098 μάχη
1368 5026 1617 5097 κρατερὰ
1644 5027 1741 5080 καὶ
1777 5029 1885 5094 άμ-

305 5121 568 5190 φὴριστος
600 5121 996 5192 ἀνερρήγνυτο.
1040 5120 1194 5173 Ἐπεὶ
1222 5119 1266 5172 δ’
1299 5121 1424 5172 ὅσον
1479 5122 1547 5173 τὰ
1579 5121 1637 5183 ἐς
1669 5120 1879 5190 ἀνθρω.

204 5248 209 5255 .
310 5212 472 5278 πινην
493 5205 725 5277 δύναμιν
757 5209 834 5276 μὴ
891 5206 1093 5277 εὐχερῆ
1132 5206 1233 5277 τὴν
1280 5207 1559 5277 σωτηρίαν
1611 5202 1752 5261 εἶναι
1805 5206 1883 5275 τῷ

310 5299 526 5369 στρατῷ
555 5297 963 5368 κατελάμϐανε,
992 5299 1155 5367 μέσον
1187 5298 1298 5351 τῶν
1328 5298 1422 5352 δύο
1450 5299 1882 5370 στρατευμάτων

308 5387 702 5457 ἐπειλημμένῳ
726 5403 741 5418 ·
765 5387 868 5457 ἤδη
899 5389 1011 5456 γὰρ
1044 5389 1137 5440 καὶ
1170 5390 1220 5440 οἱ
1246 5387 1389 5441 κατὰ.
1436 5387 1535 5460 τὴν
1565 5387 1882 5459 ἀκρώρειαν

308 5477 646 5548 ἦρεμοῦντες
680 5480 823 5533 κατὰ.
856 5479 1027 5532 νώτου
1085 5479 1458 5551 προσέϐαλλον
1487 5495 1502 5511 ο
1553 5482 1646 5534 καὶ
1690 5480 1811 5535 καθ’
1855 5479 1883 5533 ὃ

314 5570 413 5637 μὲν
437 5556 606 5643 μέρος
639 5569 902 5642 Ῥωμαῖοι
957 5572 1253 5643 Ῥωμαίοις
1306 5573 1595 5644 ἐμάχοντο,
1648 5572 1883 5643 ίσοπαλῆ

382 5708 458 5780 (I)
510 5707 803 5780 Ἕϐδομον,
850 5709 955 5763 hoc.
992 5717 1109 5769 est.
1145 5709 1448 5779 Septimum
1494 5724 1563 5763 ex
1605 5709 1885 5764 suburbiis

309 5776 929 5850 (Ionatantiriopolitanag
972 5776 1411 5834 civitatis—unum
1450 5790 1553 5835 est.
1599 5780 1882 5850 (ΡΙ-οσον.)

316 5848 485 5904 διαιιὶ
501 5849 678 5905 etalia
701 5849 821 5921 ejus
847 5848 1004 5908 urbis
1023 5850 1174 5921 regio
1204 5858 1287 5907 cst
1314 5851 1459 5921 apud
1481 5848 1883 5921 cumdemeed;

1983 4669 2092 4725 quo
2154 4662 2402 4724 optatum
2449 4653 2555 4712 sibi
2614 4663 2671 4708 et
2726 4652 2979 4708 Romano
3032 4655 3302 4709 exercitui
3350 4655 3557 4711 exitum

1984 4762 2165 4818 pugna
2217 4746 2465 4802 haberet.
2506 4744 2583 4800 Ile
2636 4746 2713 4800 ibi
2767 4746 2979 4812 divina,
3043 4747 3116 4801 ita
3169 4756 3228 4800 ut
3286 4763 3385 4817 par
3418 4757 3559 4815 erat,

1984 4848 2229 4911 peracta,
2266 4851 2454 4907 p05tea
2504 4840 2559 4894 in
2604 4839 2816 4893 Italiam
2850 4841 3105 4910 pervenit
3141 4856 3155 4893 :
3184 4849 3241 4894 et
3265 4838 3557 4894 confestim

1983 4932 2051 4987 ad
2095 4932 2264 5003 Alpes
2286 4936 2655 4996 contendens,
2689 4934 2867 5002 prima
2917 4934 3135 5003 tyranni
3176 4931 3433 5002 praesidia
3464 4948 3559 4987 ce-

1984 5027 2085 5096 pit.
2116 5025 2296 5096 Atque
2322 5025 2413 5080 uhi
2441 5024 2675 5079 transitu
2730 5022 2998 5092 praecipiti
3028 5024 3339 5096 praeterito,
3363 5021 3559 5077 acclivi

1984 5119 2184 5173 itinere
2219 5118 2275 5171 in
2310 5117 2507 5171 collem
2542 5114 2835 5185 quemdam
2887 5113 3230 5174 conscendit.
3272 5115 3557 5181 planitiem

1985 5223 2204 5263 omnem
2242 5205 2632 5261 innumerabili
2673 5204 2923 5274 peditum
2986 5214 3045 5259 et
3075 5205 3324 5274 equitum
3377 5206 3561 5260 multi-

1987 5298 2178 5353 tudine
2220 5297 2418 5360 teneri,
2461 5312 2563 5352 nec
2600 5297 2672 5350 ita
2708 5297 2866 5366 longe
2904 5312 2934 5350 a
2971 5306 3124 5366 tergo
3154 5296 3289 5350 alias
3318 5296 3559 5352 hostium

1986 5400 2199 5444 turmas
2236 5387 2289 5442 in
2322 5388 2529 5442 vertice
2560 5387 2785 5452 montis,
2821 5389 2915 5456 qui
2952 5397 3082 5441 tunc
3117 5388 3338 5450 quidem
3388 5388 3561 5457 quieti

1985 5488 2165 5543 erant,
2195 5478 2301 5534 sibi
2329 5478 2623 5533 imminere
2650 5478 2808 5533 vidit.
2840 5477 3138 5548 Postquam
3171 5488 3355 5534 autem
3384 5479 3561 5544 prima

1987 5571 2135 5627 acies
2188 5585 2248 5627 se
2277 5571 2346 5627 de
2407 5570 2550 5626 colle
2609 5570 2930 5637 demittens,
2989 5586 3088 5627 eos
3133 5571 3228 5641 qui
3279 5570 3560 5641 planitiem

1985 5726 2164 5780 τερον,
2196 5710 2299 5795 Ιιρο
2327 5718 2432 5776 est,
2462 5708 2794 5797 Secundum.

2058 5779 2137 5859 β)
2174 5780 2480 5859 ξύμμαχον
2515 5798 2667 5851 αυτῳ
2724 5781 3158 5859 ἐπικαλέσασθαι
3208 5781 3300 5836 τὸν
3357 5780 3561 5834 Barm-

1992 5852 2153 5922 ctqv.
2176 5852 2393 5920 Sozom.
2427 5851 2522 5907 lib.
2558 5867 2650 5921 vn,
2683 5868 2806 5923 cap.
2839 5855 2931 5907 24.
