3800 6538
358 415 464 478 883

1573 422 1995 491 NICEPHORI
2038 434 2124 492 CA
2139 434 2381 495 LLlSTI

3460 442 3550 505 884

352 544 776 603 occupaverant,
847 552 1095 609 aggressa
1152 550 1255 603 est,
1317 541 1508 612 ingens
1564 553 1620 597 et
1684 542 1912 598 dubium

2037 545 2086 596 ιὰ
2107 545 2199 597 τοῦ
2233 546 2473 614 πολέμου
2497 539 2639 616 ἦσαν
2674 545 2814 612 ζυγά
2839 561 2865 615 ο,
2908 543 3030 599 καθ’
3055 543 3084 597 ὃ
3133 545 3189 598 δὲ
3218 546 3268 599 οἱ
3304 547 3551 622 σύμμαχοι

352 626 598 695 praelium
634 627 709 698 (ι)
736 629 1086 685 commissum
1121 642 1226 688 est.
1281 631 1347 687 Et
1402 632 1498 696 ibi,
1534 642 1800 703 quantum
1858 633 1912 687 in

353 716 610 770 humanis
634 718 848 774 viribus
867 721 1028 775 situm
1055 731 1160 784 est,
1191 737 1301 777 non
1331 724 1492 779 facile
1516 724 1722 778 servari
1754 738 1915 791 posse

352 807 541 874 copias
569 824 712 872 suas,
746 825 772 862 a
804 811 1021 867 duobus
1057 812 1297 868 hostium
1328 813 1664 869 exercitibus
1680 816 1919 871 cireum-

352 910 569 963 ventes,
605 901 893 959 intellexit.
919 903 1035 959 Jam
1070 905 1215 959 enim
1247 914 1301 959 et
1338 906 1438 967 illi.
1479 908 1569 974 qui
1597 908 1652 961 in
1704 923 1919 963 summo

355 1001 544 1046 monte
574 993 745 1062 quieti
778 996 1160 1061 constiterant,
1209 1012 1237 1049 a
1280 1006 1434 1065 tergo
1473 1013 1603 1052 suos
1637 999 1924 1067 aggredie-

353 1081 563 1137 bautur
595 1101 609 1139 :
642 1094 699 1140 et
752 1100 856 1154 qua
903 1088 958 1141 in
992 1098 1146 1155 parte
1208 1088 1440 1143 Romani
1473 1105 1598 1144 cum
1662 1089 1925 1145 Romanis

356 1176 692 1245 pugnabant,
720 1179 891 1246 requis
911 1177 1121 1235 viribus
1141 1180 1549 1236 decertabatur.
1584 1180 1690 1237 Ubi
1739 1193 1922 1236 autem

354 1266 651 1323 auxiliares
680 1267 903 1324 Barbari
932 1271 1344 1339 praeliabantur,
1374 1274 1546 1327 multo
1579 1273 1690 1327 illis
1745 1273 1924 1341 Euge-

353 1358 434 1414 nii
468 1361 667 1415 milites
693 1363 1008 1430 superiores
1032 1373 1211 1419 erant.
1264 1362 1566 1435 imperator
1600 1365 1692 1420 ubi
1724 1362 1925 1419 auxilia

353 1466 452 1506 sua
483 1452 563 1506 sic
587 1452 823 1521 concidi,
848 1461 908 1509 ut
937 1454 1072 1519 dixi,
1110 1456 1270 1522 vidit,
1302 1456 1454 1511 humi
1483 1466 1806 1526 prostratus,
1849 1457 1929 1510 la-

355 1542 561 1615 crymis
617 1545 794 1599 solum
870 1547 1092 1618 rigavit,
1175 1547 1286 1603 Deo
1343 1550 1675 1618 supplicans.
1732 1563 1800 1603 ne
1846 1550 1927 1603 sic

355 1633 727 1690 Romanorum
810 1638 1102 1708 imperium
1152 1641 1206 1694 in
1266 1655 1482 1694 summo
1538 1638 1929 1695 internecionis

355 1727 605 1797 periculo
632 1728 960 1798 despiceret.
986 1729 1124 1787 Eum
1158 1747 1288 1786 vero
1324 1734 1469 1789 Deus
1521 1734 1926 1803 quamprimum

355 1820 581 1876 exsudit
616 1838 631 1876 :
666 1818 898 1893 312M
936 1826 1081 1895 quod
1111 1826 1240 1881 belli
1269 1838 1503 1882 eventus
1522 1828 1923 1896 comprobavit.

356 1913 664 1971 Intervenit
698 1931 827 1982 nox,
859 1927 917 1973 et
939 1918 1216 1974 exercitus
1248 1920 1490 1973 animum
1523 1919 1921 1988 despondebat.

359 2004 664 2076 Imperator
710 2015 890 2062 autem
924 2008 1091 2063 animi
1126 2008 1322 2063 anxius
1369 2017 1423 2063 et
1474 2009 1689 2063 consilii
1743 2008 1923 2077 inops,

359 2099 656 2185 insummo
678 2101 900 2168 montis,
930 2100 985 2156 in
1011 2116 1123 2170 quo
1157 2111 1334 2156 castra
1369 2111 1423 2155 et
1472 2102 1771 2155 exercitum
1830 2101 1928 2153 ha-

364 2191 550 2251 bc‘bat.
578 2195 817 2257 vertice,
844 2191 1212 2263 precatoriam
1256 2192 1481 2246 domum
1516 2192 1745 2246 invenit.
1782 2191 1838 2245 In
1866 2206 1928 2245 ea

366 2294 581 2339 noctem
614 2293 809 2351 totam,
838 2298 1059 2344 rursum
1095 2292 1280 2339 rerum
1328 2285 1709 2339 universarum
1740 2282 1929 2337 Domi-

367 2389 497 2427 n-trm
530 2373 855 2442 suppliciter
876 2388 1061 2435 orans,
1121 2371 1480 2442 consumpsit.
1532 2368 1766 2425 Circiter
1800 2382 1931 2422 vero

367 2465 495 2535 galli
562 2474 807 2530 cautum,
878 2475 1070 2520 contra
1138 2464 1305 2519 animi
1362 2463 1689 2519 sententiam
1739 2470 1932 2517 somno

369 2570 688 2626 oppressus,
720 2558 774 2611 ei
827 2554 883 2610 in
924 2558 1069 2610 nudo
1100 2558 1215 2610 solo
1245 2554 1590 2624 provolutus,
1617 2555 1766 2606 viros
1796 2552 1933 2607 duos

365 2649 557 2705 videre
577 2648 731 2704 visus
758 2659 861 2713 est,
883 2649 1114 2704 candida
1138 2657 1295 2702 veste
1321 2646 1572 2706 indutos.
1600 2656 1656 2699 et
1685 2643 1935 2698 candidis

368 2743 536 2796 etiam
569 2741 728 2811 equis
769 2749 976 2796 vectes.
1018 2740 1121 2806 Qui
1157 2739 1222 2791 ad
1256 2752 1381 2790 eum
1423 2736 1771 2796 accedentes.
1805 2735 1931 2789 forti

366 2848 489 2889 esse
521 2833 729 2897 animo,
766 2843 823 2887 et
859 2841 1067 2887 metum
1108 2833 1366 2902 abjice‘re,
1423 2840 1589 2899 atque
1630 2844 1755 2883 cum
1788 2828 1934 2881 dilu-

366 2926 490 2983 culo
515 2928 686 2983 aciem
722 2926 824 2981 rite
848 2927 1139 2988 instruere,
1170 2935 1224 2978 et
1243 2923 1507 2978 adversus
1550 2923 1736 2977 hostes
1763 2918 1937 2975 conﬁ-

367 3023 563 3077 denter
601 3020 804 3076 ducere
849 3019 1179 3091 jusserunt:
1236 3014 1485 3071 subsidio
1537 3028 1596 3068 se
1651 3027 1680 3067 a
1738 3013 1848 3066 Deo
1884 3011 1935 3066 ei

377 3119 593 3171 missos.
628 3126 683 3168 et
711 3115 764 3166 in
800 3114 980 3182 prima
1022 3112 1141 3167 acie
1169 3118 1513 3180 pugnaturos
1551 3120 1695 3166 esse,
1727 3103 1935 3157 adden-

2022 635 2312 710 βάρϐαροι,
2340 639 2679 709 ὑπερτέρουν
2716 639 2966 691 πλεῖστον
3004 641 3054 691 οῖ
3088 638 3365 706 Εὐγενίου.
3400 640 3452 695 '0
3474 644 3556 713 βα-

2021 728 2206 815 σιλεὺς
2272 731 2331 782 τὸ
2396 733 2743 801 συμμαχικὸν
2807 730 2981 793 οὕτως
3036 731 3179 800 ὁρῶν
3230 731 3558 803 διολλὸμενον,

2021 821 2234 892 πρηνὴς
2263 822 2469 887 πεσὼν,
2514 824 2748 892 δάκρυσι
2798 821 2860 875 τὸ
2921 822 3149 875 δάπεδον
3197 821 3404 894 ἐόρεχε,
3446 829 3560 880 Θεὸν

2022 913 2268 983 λιπαρῶν
2301 913 2375 983 μὴ
2407 913 2550 967 οὕτω
2594 912 2692 983 τὴν
2730 913 3021 981 Ῥωμαίων
3074 912 3248 984 ἀρχὴν
3295 904 3565 983 ἀπολλυμέ-

2023 1023 2120 1076 νην
2160 1005 2443 1076 περιιδεῖν.
2483 1005 2613 1068 Θεὸς
2641 1004 2683 1058 δ’
2717 1007 2916 1060 αὐτίκα
2951 1005 3239 1075 ἐπήκουεν,
3277 1005 3347 1067 ὡς
3399 1009 3483 1058 καὶ
3516 1008 3567 1060 τὸ

2025 1097 2235 1149 ἀποϐάν
2277 1097 2468 1163 ἔδειξε.
2514 1097 2726 1160 Νυκτὸς
2768 1098 2876 1166 γάρ
2926 1096 3343 1167 ἐπιγενομένης,
3392 1098 3566 1166 ἠθύμει

2029 1188 2128 1260 μὲν
2152 1189 2182 1240 ό
2217 1189 2444 1258 στρατός
2466 1205 2479 1219 ·
2510 1191 2567 1241 ἐν
2599 1191 2791 1260 ἀπόρῳ
2811 1190 2857 1242 δ’
2875 1188 2950 1242 ὣν
2978 1193 3005 1243 ὁ
3030 1190 3275 1261 κρατῶν,
3303 1193 3435 1241 κατὰ
3484 1191 3568 1256 τὴν

2028 1281 2377 1351 ἀκρωνυχίαν
2407 1279 2499 1334 τοῦ
2528 1281 2687 1351 ὅρους
2720 1284 2780 1335 ἐν
2807 1274 2851 1350 ᾧ
2881 1282 2973 1334 καὶ
2996 1285 3056 1334 τὸ
3092 1280 3448 1351 στρατόπεδον
3493 1299 3572 1332 πει

2032 1372 2364 1443 ριήθροιστό,
2402 1373 2692 1443 εὐκτήριον
2730 1370 2876 1426 οἷκον
2906 1372 3103 1442 εὑρὼν.
3140 1371 3407 1438 πάννυχος
3430 1370 3576 1423 διετέ-

2027 1465 2110 1518 λει
2137 1465 2365 1518 τδνητῶν
2388 1466 2524 1518 ὅλων
2552 1465 2831 1534 Δεσπότην
2882 1464 3040 1527 αὖθις
3091 1463 3410 1516 ἀντιϐολῶν.
3462 1464 3576 1529 Περὶ

2028 1556 2085 1611 δὲ
2115 1556 2491 1627 ἀλεκτρυόνων
2514 1556 2675 1627 ᾠδὰς,
2714 1558 2867 1624 παρὰ
2920 1557 3147 1625 γνώμην
3172 1555 3333 1623 ὕπνῳ
3376 1554 3576 1613 κλαπεὶς

2030 1649 2124 1701 ἐπὶ
2142 1647 2299 1718 ψιλοῦ
2332 1650 2584 1718 κείμενος
2608 1647 2700 1701 τοῦ
2738 1649 2986 1715 ἐδάφους,
3041 1648 3218 1700 ἐδόκει
3256 1646 3353 1698 δύο
3407 1645 3577 1712 ἄνδρας

2032 1742 2187 1811 ὁρᾷν,
2233 1740 2402 1794 λευκὰ
2435 1740 2536 1810 μὲν
2576 1740 3073 1810 ἀναϐεϐλημένους,
3139 1739 3356 1799 λευκοῖς
3399 1738 3453 1790 δέ
3502 1738 3577 1787 καὶ

2034 1835 2147 1895 τοῖς
2184 1832 2371 1892 ἵπποις
2420 1830 2737 1900 χρωμένους
2766 1846 2781 1862 ο
2825 1829 2875 1883 οἶ
2911 1829 3252 1898 προσιόντες,
3300 1827 3507 1897 θσρρεῖν
3532 1844 3577 1877 τε

2028 1920 2297 1987 ἐκέλευον,
2326 1919 2419 1971 καὶ
2456 1920 2517 1972 τὸ
2546 1918 2663 1981 δέος
2687 1917 2931 1970 ἐλαύνειν
2954 1933 2967 1946 ο
3004 1915 3123 1984 ἅμα
3143 1915 3187 1968 δ’
3220 1915 3302 1985 ἕῳ
3328 1914 3385 1965 ἐν
3414 1914 3578 1982 κόσμῳ

2029 2011 2357 2065 καθοπλίσαι
2378 2011 2474 2081 τὴν
2499 2010 2773 2080 στρατιὰν,
2798 2010 3020 2069 καὶτοῖς
3043 2006 3328 2076 πολεμίοις
3353 2007 3582 2072 ἁντεπτεξ⁴

2035 2103 2169 2155 ιέναι
2221 2102 2592 2173 θαρρούντως.
2634 2098 3029 2168 Προσετίθεντό
3079 2114 3141 2165 γε
3189 2099 3324 2167 μὴν,
3389 2096 3460 2158 ὡς
3505 2098 3583 2148 καὶ

2032 2185 2178 2245 οὗτοι
2208 2191 2495 2260 ἐπίκουροι
2555 2190 2858 2259 πεμφθεῖεν
2919 2186 3068 2257 αὐτῷ
3110 2186 3246 2256 πρὸς
3311 2183 3461 2247 Θεοῦ,
3505 2201 3583 2235 και

2033 2285 2312 2354 πρόμαχοι
2364 2282 2742 2354 συνεσόμενοι.
2800 2280 2907 2333 Καὶ
2936 2282 2964 2332 ὅ
3009 2279 3106 2349 μὲν
3154 2276 3413 2346 Ἰωάννην
3466 2271 3584 2329 εἶναι

2031 2377 2121 2430 τὸν
2150 2372 2544 2445 εὐαγγελιστὴν
2594 2374 2777 2441 ἔλεγεν
2811 2387 2827 2403 ⁸
2878 2370 3073 2441 ἅτερος
3137 2370 3182 2423 δ’
3227 2365 3372 2422 εἶναι
3416 2368 3582 2421 Φίλιπ-

2032 2486 2133 2528 πος
2174 2471 2201 2520 ό
2230 2467 2548 2528 ἀπόστολος.
2580 2464 2777 2520 Ταῐσα
2808 2464 2864 2516 δέ
2892 2466 2983 2517 καί
3012 2480 3097 2526 τις
3125 2463 3324 2515 ἐθεᾶτο
3353 2459 3586 2530 στρατιὼ-

2032 2579 2132 2633 της
2160 2577 2178 2594 ο
2205 2561 2264 2624 ὃς
2299 2559 2377 2630 τῷ
2411 2558 2626 2629 λοχαγῷ
2654 2559 2754 2626 τὴν
2785 2558 2910 2627 δψιν
2948 2555 3221 2627 δηλώσας,
3254 2554 3339 2622 τῷ
3395 2552 3585 2623 χιλιάρ-

2035 2672 2114 2724 χῳ
2145 2654 2403 2722 ἐμήνυεν,
2433 2656 2461 2705 ὁ
2492 2651 2536 2703 δ’
2565 2650 2721 2713 αὖθις
2774 2648 2854 2719 τῷ
2911 2646 3226 2717 στρατηγῷ.
3285 2647 3510 2705 Ἐκεῖνος
3540 2643 3588 2694 δὲ

2036 2745 2222 2801 καινόν
2250 2762 2303 2797 τι
2334 2742 2697 2810 ἀπαγγέλλειν
2719 2744 2863 2812 ἔχειν
2922 2739 3318 2810 ὑπεμίμνησκε
3362 2736 3586 2806 βαισιλεί⁹

2037 2839 2127 2892 καὶ
2149 2836 2205 2899 ὃς
2241 2836 2450 2907 μαθὼν,
2491 2854 2510 2886 ι
2538 2834 2650 2889 Οὐκ
2678 2834 2815 2904 ἐμοῦ
2870 2834 3051 2906 χάριν,
3105 2833 3233 2901 ἔφη,
3276 2829 3476 2897 ταύτην
3498 2825 3589 2878 εἶδε

2036 2929 2133 2999 τὴν
2158 2928 2282 2990 ὄψιν
2315 2945 2329 2958 ο
2363 2928 2473 2996 ἐγὼ
2500 2928 2608 2996 γὰρ
2642 2928 2737 2980 καὶ
2770 2927 3121 2998 προεώρακα,
3178 2924 3279 2976 καὶ
3325 2918 3592 2974 πεπίστευὲ

2039 3039 2111 3074 κα
2141 3022 2252 3082 τοῖς
2297 3019 2700 3089 ὕπεσχημὲνοις
2736 3016 2835 3087 τὴν
2870 3017 3049 3087 νίκην.
3097 3013 3238 3067 Ἀλλ’
3281 3013 3371 3065 ἵνα
3421 3012 3488 3080 μή
3522 3027 3591 3070 τις

2043 3124 2111 3177 με
2137 3108 2351 3177 οῖηθείη
2396 3106 2585 3166 ἁπλῶς
2628 3101 2771 3158 οὕτω
2817 3105 2917 3172 τῆς
2965 3103 3144 3172 μάχης
3194 3100 3465 3169 ἐφίεσθαι,
3515 3101 3593 3149 καὶ

370 3216 455 3263 tes
502 3206 646 3279 (Ξ).
692 3205 760 3257 Et
823 3208 962 3259 alter
997 3194 1261 3257 Joannem
1318 3199 1733 3265 evangelistam,
1801 3195 1935 3248 alter

2042 3201 2296 3253 πλάττειν
2327 3200 2416 3252 τὸν
2444 3199 2673 3264 ὄνειρον,
2714 3197 2776 3248 τὸ
2837 3194 2955 3247 ἴσον
3007 3196 3136 3247 ίδεῖν
3193 3193 3289 3245 καὶ
3341 3191 3429 3242 τὸν
3480 3187 3593 3254 ἐμὸν

372 3309 557 3355 autem
620 3299 930 3367 Philippum
963 3297 1270 3366 apostolum
1332 3309 1390 3348 se
1423 3290 1545 3347 esse
1595 3291 1755 3345 dixit.
1788 3288 1939 3342 Idem

372 3405 597 3446 veroex
651 3389 920 3444 militibus
950 3388 1114 3442 etiam
1169 3386 1389 3457 quidam
1424 3384 1581 3444 vidit,
1609 3381 1701 3450 qni
1732 3377 1943 3433 ordinis

372 3486 455 3541 sui
507 3483 711 3539 dictori
744 3481 1012 3535 visionem
1049 3492 1170 3534 eam
1231 3476 1515 3532 indicavit.
1568 3474 1667 3528 ille
1703 3487 1823 3527 eam
1874 3470 1939 3523 ad

274 3582 285 3599 ’
375 3579 684 3638 tribunum,
717 3583 882 3645 atque
911 3576 957 3629 is
986 3576 1052 3629 ad
1084 3571 1567 3629 exercitusducem
1602 3568 1810 3622 retulit.
1843 3563 1944 3621 Hic

373 3687 541 3742 porro
575 3680 689 3724 rem
723 3669 905 3730 talem,
940 3678 998 3721 ut
1030 3680 1231 3722 novum
1264 3663 1508 3733 quidem,
1538 3660 1680 3730 apud
1708 3660 1943 3726 imperao

376 3775 549 3822 torem
571 3763 842 3833 exposuit.
879 3759 992 3829 Qua
1027 3760 1116 3817 ille
1134 3758 1325 3814 audita
1356 3776 1368 3810 :
1400 3774 1417 3807 ι
1463 3755 1579 3809 Non
1609 3766 1727 3809 mea
1753 3767 1940 3812 causa.

376 3860 575 3928 inquit,
642 3855 798 3909 miles
850 3869 946 3908 eos
975 3854 1132 3907 vidit.
1193 3850 1310 3921 Ego
1336 3849 1482 3903 enim
1543 3849 1695 3917 prior
1719 3846 1855 3909 vidi,
1889 3853 1946 3897 et

375 3946 666 4003 victoriam
704 3946 838 3998 mihi
880 3942 1141 4014 pollicitis
1190 3940 1420 3995 credidi.
1474 3939 1677 3993 Verum
1730 3952 1796 3991 ne
1821 3938 1946 4005 quis

380 4052 466 4095 me
502 4040 582 4093 sic
612 4044 827 4093 temere
859 4046 915 4090 et
953 4034 1155 4104 cupide
1184 4033 1256 4087 ad
1282 4042 1519 4101 pugnam
1556 4027 1810 4099 progredi
1851 4034 1947 4081 aut

380 4133 656 4188 somnium
693 4130 896 4200 lingere
923 4136 1100 4199 putet,
1137 4123 1517 4179 universitatis
1561 4121 1729 4190 hujus
1761 4119 1948 4175 Domi-

378 4238 483 4279 nus
510 4222 618 4276 hoc
641 4222 713 4276 ita
750 4219 1092 4289 procuravit,
1128 4226 1189 4271 ut
1240 4214 1398 4270 miles
1436 4226 1591 4266 meus
1616 4212 1760 4265 idem
1797 4209 1950 4263 vide-

378 4324 485 4376 ret,
516 4324 572 4370 et
602 4315 762 4369 testis
787 4313 1037 4381 lo'cdples
1062 4310 1332 4365 sermonis
1366 4310 1470 4362 mei
1504 4315 1669 4361 esset.
1707 4302 1948 4358 Proinde

380 4408 578 4462 timere
658 4414 821 4474 quam
864 4384 1197 4473 llongissime
1273 4400 1507 4469 ahjecto,
1559 4396 1951 4465 antesignanos

378 4499 539 4558 istos,
577 4494 669 4565 qui
724 4496 777 4549 in
834 4494 1012 4564 prima
1051 4492 1169 4547 acie
1224 4491 1585 4551 dimicabant,
1625 4501 1944 4557 sequamur.

378 4590 459 4645 Ne
508 4590 633 4658 quis
679 4602 809 4642 vero
852 4596 1101 4640 no‘strttm
1168 4598 1231 4638 ex
1299 4584 1542 4637 hosﬁum
1594 4578 1950 4634 multitudine

379 4682 666 4738 victoriam
720 4680 975 4740 astimet,
1033 4677 1128 4731 sed
1184 4678 1366 4747 potius
1421 4674 1588 4727 alacri
1636 4671 1838 4725 ﬁducia
1886 4671 1945 4724 in

379 4775 553 4829 Deum
603 4772 728 4834 ﬁsa,
761 4775 1069 4838 pmeuntes
1099 4765 1269 4819 duces
1296 4770 1692 4830 consequatur.
1728 4778 1745 4810 ι
1789 4757 1948 4827 Ejus-

381 4863 596 4920 cemodi
642 4859 829 4915 verbis
864 4859 954 4913 ubi
1019 4856 1286 4911 militibus
1320 4853 1570 4907 animum
1612 4850 1849 4911 addidit,
1881 4862 1950 4903 ex

381 4958 541 5013 collis
563 4956 770 5011 vertice
803 4952 977 5008 aciem
1028 4961 1294 5007 structam
1327 4949 1502 5004 duxit.
1545 4946 1823 5016 Eugen‘ius
1854 4944 1951 4998 ubi

382 5047 682 5104 Theodosii
717 5047 1019 5101 exercitum
1051 5041 1328 5114 pugnandi
1363 5053 1549 5093 amore
1570 5039 1757 5092 'teneri
1782 5037 1946 5099 vidit,

457 5206 536 5271 (l)
566 5203 680 5257 lloc
718 5202 963 5272 praelium
1018 5200 1355 5275 Claudianus
1392 5205 1557 5265 poeta
1604 5196 1658 5249 in
1700 5194 1949 5275 Panegy.

384 5270 523 5330 rico'
557 5275 622 5328 ad
674 5270 975 5327 Honorium
1010 5285 1204 5323 recens
1240 5270 1621 5334 imperatorem
1667 5270 1957 5319 renuntia-.

387 5353 526 5412 tum,
562 5342 949 5414 pulcherrimis
978 5337 1316 5393 carminibus
1337 5344 1421 5390 est
1447 5336 1763 5406 complexus
1793 5352 1808 5387 :

644 5463 771 5471 ——
809 5430 1038 5484 Victoria
1062 5429 1209 5482 velox

498 5501 752 5569 Auspiciis
787 5502 965 5571 effecta
992 5500 1091 5552 tuis
1116 5515 1133 5552 :
1162 5501 1431 5568 pugnastis
1457 5507 1691 5565 uterque,

498 5571 575 5625 Tu
596 5565 743 5640 falis,
761 5565 1063 5637 genitorque
1084 5565 1247 5623 manu
1267 5585 1284 5621 :
1304 5578 1352 5622 le
1379 5577 1658 5640 propteret
1691 5565 1847 5636 Λίνος

498 5638 937 5709 Invadit'faciles,
956 5647 1110 5691 cauto
1144 5654 1235 5692 nec
1261 5641 1457 5708 profuit
1487 5638 1620 5709 hosti

496 5711 709 5763 Munitis
730 5707 939 5764 ltwsisse
964 5710 1087 5760 locis
1114 5725 1131 5760 :
1157 5724 1273 5775 spes
1296 5709 1452 5760 irrita
1472 5707 1605 5757 valli

496 5778 807 5841 Concidit,et
824 5779 1048 5843 scopulis
1065 5774 1343 5846 patuerunt
1362 5777 1593 5830 claustra
1614 5774 1848 5846 rerulsis.

500 5850 566 5905 Te
589 5857 804 5920 propter
827 5847 1013 5919 gelidis
1048 5844 1239 5916 Aquilo
1274 5849 1336 5900 de
1370 5855 1545 5899 monte
1574 5844 1812 5913 procellis

2046 3296 2389 3362 στρατιώτην
2407 3290 2760 3361 ᾠκονόμησεν
2782 3290 2817 3339 ’ὁ
2837 3287 2971 3365 ,τῶν
3011 3285 3146 3338 ὅλων
3199 3282 3498 3349 Δεσπότης,
3533 3278 3595 3338 ὡς

2042 3383 2110 3438 ἄν
2136 3400 2198 3451 γε
2225 3383 2321 3436 καὶ
2373 3383 2584 3452 μάρτυς
2634 3380 2931 3449 ἀξιόχρεως
2980 3378 3080 3447 τῆς
3134 3374 3274 3446 ἐμῆς
3321 3372 3595 3441 διηγήσεως

2044 3477 2277 3546 γένοιτο.
2305 3473 2414 3527 Καὶ
2446 3474 2511 3541 δὴ
2546 3474 2607 3525 τὸ
2645 3472 2761 3533 δέος
2802 3467 3192 3541 διαρρίψαντες
3247 3462 3593 3536 πορρωτέρω,

2044 3572 2160 3631 τοῖς
2197 3566 2507 3637 προμάχοις
2538 3563 2820 3634 ἐπώμεθα.
2856 3563 2949 3631 Μή
2983 3578 3066 3617 τις
3096 3560 3155 3612 δὲ
3183 3559 3261 3628 τῷ
3285 3556 3478 3627 πλήθει
3504 3554 3596 3604 τὼν

2043 3660 2323 3728 πολεμίων
2344 3657 2441 3727 τὴν
2493 3656 2652 3723 νίκην
2685 3653 3019 3721 σταθμάσθω
3054 3670 3068 3681 ’
3131 3649 3253 3719 Θεῷ
3306 3649 3365 3700 δὲ
3419 3645 3598 3715 μᾶλλον

2048 3734 2318 3822 θαρῥεετω
2344 3749 2441 3819 ὅλῃ
2479 3747 2765 3815 προθυμία
2789 3747 2900 3807 τοῖς
2925 3736 3253 3813 ἡγουμένοις
3282 3740 3552 3808 ἑπόμενος,
3576 3756 3591 3788 ι

2047 3842 2203 3896 Οὕτω
2228 3841 2285 3894 δέ
2317 3841 2376 3893 τὸ
2400 3839 2720 3909 στράτευμα
2747 3835 3054 3905 προθυμίας
3082 3834 3403 3903 ἐμπλήσας,
3432 3832 3491 3883 ἐκ
3513 3828 3599 3897 τῆς

2046 3930 2142 3985 τοῦ
2174 3930 2336 4000 ὅρους
2368 3930 2611 3997 κορυφῆς
2642 3925 2891 3989 συντάξει
2918 3923 3076 3976 τοῦτο
3133 3921 3397 3990 κατῆγεν.
3449 3920 3598 3985 Εὐγέ-

2047 4041 2158 4087 νιος
2186 4024 2232 4075 δ’
2254 4020 2471 4074 ἐκεῖθεν
2504 4018 2680 4081 οὕτως
2714 4016 2837 4071 ἰδὼν
2868 4015 3309 4086 πολεμησείοντα
3330 4013 3421 4064 τὸν
3458 4026 3602 4078 στρα-

2047 4118 2158 4180 τὸν,
2183 4114 2278 4166 καὶ
2319 4111 2480 4175 αὐτὸς
2508 4110 2606 4181 τὴν
2631 4109 2837 4163 οίκείαν
2863 4106 3096 4176 ’δύναμιν
3128 4105 3484 4165 καθοπλίσας,
3533 4102 3601 4160 είς

2050 4205 2359 4277 παράταξιν
2398 4202 2649 4272 ἔστησεν.
2690 4196 2924 4263 Ἐκεῖνος
2948 4199 2992 4251 δ’
3018 4199 3114 4251 ἐπί
3143 4214 3291 4259 τινος
3340 4195 3489 4266 ἀνῄει
3513 4207 3601 4259 γη-

2049 4301 2233 4368 λόφου,
2294 4298 2528 4365 θανατᾷν
2574 4294 2664 4346 τὸν
2717 4291 2941 4363 βασιλέα
2989 4292 3235 4359 φάσκων,
3288 4285 3383 4338 καὶ
3427 4284 3601 4337 ἑκόντα

2050 4393 2147 4461 τῆς
2176 4389 2459 4458 παρούσης
2485 4383 2927 4441 ἀπαλλάττεσθαι
2953 4380 3098 4450 ζωῆς
3153 4378 3455 4451 ᾑρημένον.
3488 4374 3601 4433 Tui;

2054 4494 2116 4550 γε
2149 4482 2254 4552 μὴν
2295 4480 2620 4551 στρατηγοῖς
2651 4474 2818 4528 αὐτοῦ
2854 4473 3143 4534 ἐπέταττε,
3197 4470 3332 4540 μηδέ
3366 4468 3597 4528 κτείνειν,

1986 4553 2027 4607 9
2057 4575 2193 4627 ἀλλὰ
2214 4571 2395 4637 ζῶντα
2434 4572 2569 4641 πρὸς
2602 4570 2766 4622 αὐτὸν
2799 4570 2975 4635 ἄγειν.
3010 4564 3104 4626 ὀς
3140 4564 3187 4617 δ’
3236 4564 3291 4616 al
3342 4561 3603 4630 φάλαγγες

2052 4668 2190 4721 κατὰ
2223 4666 2474 4735 μέτωπον
2522 4663 2777 4731 ἔστησαν,
2817 4661 2877 4713 τὸ
2918 4660 3028 4727 λμέν
3071 4656 3275 4725 πλῆθος
3329 4650 3602 4722 ὑπερφυεῖ

2053 4757 2455 4811 πυλὶαπλάσιον
2511 4754 2620 4808 τῶν
2666 4754 2939 4822 πολεμίων
2986 4746 3055 4821 ἦν
3089 4766 3105 4781 ·
3158 4746 3520 4816 εὐαρίθμητον
3554 4740 3602 4792 δέ

2052 4853 2145 4905 καὶ
2170 4850 2369 4919 κομιδῆ
2428 4848 2602 4918 βραχὺ
2646 4849 2710 4901 τὸ
2759 4846 3383 4914 ἀντιπαραταττόμενον.
3439 4839 3500 4891 Ἤ
3554 4836 3602 4886 δὲ

2056 4942 2299 5011 συμεολὴ
2353 4942 2476 5009 περὶ
2506 4940 2597 4992 τὸν
2643 4939 2911 5009 ποταμδν,
2969 4937 3025 4999 ὃς
3078 4934 3323 4987 καλεῖται
3379 4928 3602 5000 Φρίνδος,

2054 5035 2282 5101 ἐγίνετο.
2314 5033 2424 5086 Καὶ
2456 5031 2521 5097 δὴ
2550 5030 2744 5101 πρῶτα
2792 5029 2897 5097 μὲν
2925 5028 2952 5080 ὁ
2988 5026 3363 5098 στρατηλάτης
3418 5017 3604 5074 81x06-

2160 5194 2342 5250 Obruit
2370 5193 2625 5248 adversus.
2646 5198 2804 5255 acies,
2838 5190 3177 5258 revolutaque
3209 5187 3315 5241 tela

2171 5266 2331 5317 Vertit
2350 5267 2401 5317 in
2430 5273 2690 5322 auctores,
2717 5273 2765 5313 et
2791 5262 2995 5313 turbine
3024 5260 3251 5325 reppulit
3280 5259 3475 5308 hastas.

2162 5335 2204 5387 Ο
2234 5336 2452 5387 nimium
2483 5332 2666 5385 dilecte
2707 5332 2835 5392 Deo,
2875 5331 2956 5383 cui
2988 5329 3160 5398 fundit
3197 5329 3261 5380 ab
3292 5326 3454 5378 antris

2158 5404 2343 5458 Ᾱιοιιιδ
2376 5412 2613 5455 aratatas
2642 5402 2835 5453 hiemes
2855 5438 2868 5458 .
2901 5397 2993 5452 cui
3017 5397 3210 5450 milth
3233 5398 3404 5454 rather,

2166 5476 2233 5525 lit
2265 5474 2528 5541 conjurati
2558 5471 2772 5524 veniunt
2801 5470 2870 5522 ad
2899 5468 3121 5541 classica
3148 5469 3313 5541 Mitti.

2161 5534 2371 5605 Alpina?
2388 5543 2604 5593 rubuere
2625 5543 2785 5594 uiues.
2816 5548 2862 5591 ct
2899 5534 3150 5603 Frigidus
3177 5536 3342 5588 omnis

2162 5612 2379 5665 Mutatis
2404 5612 2618 5679 fumavit
2651 5613 2836 5677 aquis:
2874 5607 3126 5679 turbaque
3163 5606 3434 5679 cadentum

2165 5684 2362 5744 Staret,
2396 5672 2448 5733 tu
2474 5680 2686 5749 rapidus
2699 5672 2707 5677 ⁷
2710 5679 2929 5747 jurisset
2953 5676 3175 5744 ﬂumina
3208 5672 3438 5743 sanguis.

3301 5748 3329 5778 θ

2128 5775 2205 5843 (‘2)
2224 5774 2433 5828 Themi.
2468 5775 2562 5826 lili.
2589 5788 2639 5834 V,
2666 5787 2785 5839 cap.
2818 5770 2907 5823 25.
