3800 6524
280 359 385 423 881

1525 364 1939 426 NiCEFIIORl
1987 365 2330 427 CALIJSTI

3443 370 3542 434 883

282 479 470 533 dosius
500 480 894 549 adduceretur,
947 483 1331 553 interrogavit.
1402 482 1564 553 314
1615 480 1717 536 Cui
1782 479 1860 533 illi

2000 481 2216 545 ὀιοῦτυς
2249 484 2453 551 ἐκεῖνος
2473 478 2541 553 ἦν
2570 484 2597 535 ό
2622 484 2943 547 πιστότατος
2968 485 3243 556 βασιλεὺς,
3270 488 3357 541 ἀεὶ
3374 487 3465 540 καὶ
3487 487 3539 538 ἐν

283 572 692 640 responderunt
726 593 738 627 :
775 594 793 625 ι
832 574 947 629 Non
978 576 1131 628 illum
1167 575 1233 627 ad
1271 583 1344 635 te,
1374 575 1468 627 sed
1508 573 1686 639 potius
1709 582 1760 627 te
1792 572 1858 626 ad

283 666 437 719 illum
471 676 531 720 ut
559 666 919 732 adducamus,
951 668 1101 721 missi
1131 667 1597 721 sumus.Victurir
1625 680 1860 735 namque

283 767 576 830 tyrannum
591 759 859 814 detestata
874 804 884 819 .
902 761 1208 830 legitimum
1232 760 1525 830 imperium
1545 770 1629 812 cst
1648 768 1861 813 secuta.

284 851 378 906 Sic
412 851 624 906 scilicet
651 852 754 905 hoc
788 868 970 907 rerum
998 855 1245 906 omnium
1289 852 1630 921 gubernator
1663 866 1863 920 procu-

284 942 447 996 ravit.
493 942 673 999 rCum
724 943 810 998 his
859 945 1042 1008 dictis,
1093 954 1147 999 et
1216 960 1385 998 curru
1446 944 1753 998 detractum
1810 951 1865 1025 et

283 1035 530 1089 vinctum
559 1052 710 1100 eum,
741 1035 833 1104 qui
887 1037 1052 1105 paulo
1080 1045 1208 1089 ante
1279 1052 1505 1101 magnas
1554 1028 1863 1105 spiraverat

285 1127 510 1196 glorias,
542 1132 816 1198 captivum
838 1128 906 1183 ad
934 1128 1322 1197 imperatorem
1352 1129 1654 1184 adducunt.
1684 1128 1867 1182 Theo-

286 1219 478 1274 dosius
508 1235 572 1274 ea
607 1219 708 1286 illi,
734 1236 858 1291 quae
881 1222 936 1273 in
982 1221 1432 1276 Valentinianum
1461 1221 1862 1283 commisisset,

285 1321 342 1366 ct
379 1312 721 1381 illegitimum
755 1326 918 1383 atque
957 1312 1214 1383 iniquum
1276 1316 1597 1385 imperimn,
1648 1329 1862 1369 necnon

285 1403 470 1458 civilia
496 1405 709 1460 bellain
749 1406 989 1459 medium
1027 1407 1339 1476 proferens,
1370 1408 1596 1476 obiecit.
1637 1407 1867 1475 Insuper

285 1508 420 1550 vero
454 1494 623 1549 etiam
660 1495 988 1550 auxiliarem
1048 1497 1452 1566 tutelaremque
1487 1498 1608 1552 risit
1644 1498 1868 1552 'Hercu-

283 1585 417 1642 lem.
445 1584 576 1651 Qure
605 1593 871 1658 tyrannus
905 1587 1156 1656 audiens,
1191 1587 1256 1641 ad
1291 1580 1460 1659 pedes
1481 1604 1538 1642 se
1571 1588 1867 1657 imperato-

286 1674 367 1728 ris
392 1675 784 1731 miserabiliter
809 1677 1031 1745 abjecit,
1063 1686 1118 1731 et
1150 1686 1209 1732 ut
1272 1678 1440 1733 vitam
1496 1677 1597 1732 sibi
1635 1677 1869 1733 donaret

290 1767 489 1822 orarit.
524 1768 660 1822 Cum
692 1785 823 1824 vero
847 1770 919 1824 ita
950 1770 1025 1824 illi
1055 1771 1284 1840 supplex
1316 1780 1484 1835 esset,
1505 1786 1571 1824 ex
1599 1770 1867 1825 militibus

287 1859 511 1928 quidam
541 1876 676 1916 ense
703 1864 895 1917 stricto
925 1871 1093 1933 caput
1126 1862 1203 1917 illi
1238 1863 1564 1932 amputavit.
1621 1863 1867 1932 Arboga-

286 1960 402 2007 stes
429 1961 615 2008 autem
664 1955 855 2009 talium
911 1964 1306 2025 tantorumque
1339 1956 1609 2010 malorum
1645 1966 1863 2023 auctor,

285 2043 381 2098 ubi
418 2043 651 2099 biduum
691 2045 744 2099 in
822 2044 946 2117 fuga
977 2047 1340 2115 consumpsit,
1388 2055 1444 2101 et
1475 2047 1597 2100 vita:
1645 2046 1865 2101 taedium

287 2151 414 2191 eum
441 2136 610 2206 cepit,
640 2153 835 2192 manus
871 2139 988 2208 ipse
1020 2139 1124 2194 sibi
1157 2155 1258 2192 suo
1287 2154 1422 2193 usus
1450 2140 1631 2210 gladio
1661 2141 1866 2194 attulit.

1967 575 2188 639 πολέμῳ
2216 573 2308 625 καὶ
2342 573 2490 643 μάχῃ
2519 573 2585 625 τά
2610 573 2788 626 πάντα
2818 576 2916 643 τῆς
2948 577 3094 637 θείας
3123 576 3445 646 ἐπικουρίας
3470 576 3542 637 ὼς

1968 664 2145 735 χρεὼν
2178 665 2579 734 ἐξαρτώμενοῖ,
2617 667 2714 720 καὶ⁸
2743 668 3000 721 οὐδέποτε
3046 669 3252 738 ταύτης
3305 671 3547 733 ἀποτυγ-

1971 760 2165 828 γάνων,
2206 761 2440 828 Λέγεται
2474 764 2660 831 μέντοι
2699 763 3002 829 καὶτοῦτο,
3059 763 3134 827 ὡς
3162 763 3289 817 ξαν
3337 763 3394 815 ὃν
3433 780 3548 814 και-

1973 852 2110 918 ρὲλνό
2141 852 2278 919 πρὸς
2320 851 2593 922 Ἑσπέραν
2623 846 2779 915 οὗτος
2832 855 3241 925 συνερρήγνυτο
3288 853 3548 921 πόλεμος.

1966 941 2045 1007 τῷ
2075 941 2169 992 τοῦ
2205 941 2473 1010 Ἐϐδόμου
2502 941 2630 1010 νεῷ,
2656 942 2739 1009 ἐφ’
2776 941 2835 995 οὗ
2873 943 2963 996 τὸν
2993 944 3217 1014 βασιλέα
3246 942 3551 1014 προσεύξα-

1970 1031 2093 1083 σθαι
2128 1031 2470 1101 διελάεομεν,
2499 1032 2709 1098 ἐξιόντα
2741 1033 2839 1101 τῆς
2866 1035 3305 1094 Κωνσταντίνου,
3341 1033 3554 1100 ἄνθρω-

1970 1125 2071 1187 πός
2099 1140 2185 1186 τις
2222 1125 2442 1193 δαίμονι
2494 1123 2952 1193 μαστιγούμενος,
3010 1127 3304 1195 μετάρσιος
3372 1126 3554 1195 ἁρπα-

1969 1220 2109 1285 γεὶς,
2162 1218 2361 1269 ὡσανεὶ
2429 1216 2567 1288 πρὸς
2600 1218 2695 1270 τὸν
2743 1218 3056 1286 Βαπτιστὴν
3120 1217 3358 1271 ἐτείνετο
3406 1217 3556 1288 αὐτῷ

1966 1307 2485 1377 διαλοιδορούμενος,
2515 1308 2591 1369 ὡς
2620 1309 2953 1363 άποκοπέντι
2991 1312 3091 1380 τὴν
3132 1312 3386 1381 κεφαλήν
3416 1325 3432 1339 ⁸
3475 1305 3554 1363 εἷο

1972 1418 2036 1453 τα
2069 1403 2164 1453 καὶ
2189 1402 2381 1471 ἄγριον
2400 1400 2602 1454 οὑτωσὶ
2627 1401 2829 1455 ἀνεϐόα
2854 1421 2867 1434 ·
2906 1419 2926 1450 ε
2956 1403 3027 1456 Σύ
3051 1422 3116 1472 με
3146 1406 3327 1475 νικᾷς,
3358 1405 3454 1454 καὶ
3483 1404 3558 1473 τῷ

1969 1490 2087 1561 ἐμῷ
2113 1490 2440 1562 ἐπιϐουλεύει
2461 1490 2698 1561 στρατῷ.
2734 1509 2753 1542 ι
2803 1492 2871 1545 Οἵ
2919 1508 2983 1560 γε
3026 1494 3133 1564 μὴν
3169 1493 3557 1562 περιτυχόντες

1968 1584 2056 1636 διὰ
2079 1583 2283 1652 πολλῆς
2347 1582 2585 1651 σπουδῆς
2632 1583 2798 1655 οῠσης
2846 1586 3146 1652 τηνικαῦτα
3191 1584 3271 1655 τῷ
3332 1584 3557 1653 πολέμῳ

1970 1678 2171 1747 τούτῳ,
2200 1671 2291 1729 οἷα
2318 1676 2385 1748 δὴ
2416 1676 2684 1746 νεώτερόν
2734 1694 2788 1730 τι
2842 1678 3026 1747 λέγειν
3079 1679 3171 1731 τὸν
3213 1677 3556 1742 δαιμονῶντα

1971 1771 2229 1839 οἰόμενοι,
2262 1770 2361 1841 τὴν
2413 1771 2632 1841 ἡμέραν
2693 1772 2869 1844 χάρτῃ
2917 1771 3234 1843 ἀνέγραψαν
3271 1786 3286 1799 ⁶
3343 1771 3439 1821 καὶ
3494 1769 3556 1838 δὴ

1975 1861 2225 1932 ἔγνωσαν
2250 1864 2318 1917 τὰ
2349 1866 2477 1935 περὶ
2528 1865 2620 1917 τὸν
2650 1864 2885 1935 πόλεμον
2919 1863 2996 1933 τῷ
3047 1864 3167 1916 τότε
3215 1859 3555 1931 πεπρᾶχθαι,

1974 1956 2191 2009 πολλῶν
2227 1955 2337 2009 τῶν
2365 1960 2432 2028 τῇ
2487 1957 2642 2031 μάχῃ
2694 1957 3175 2026 κεκοινωνηκότων
3210 1954 3559 2023 διαγγειλάνο

1975 2067 2100 2102 των.
2135 2049 2244 2102 Καὶ
2272 2050 2338 2102 τὰ
2378 2051 2478 2118 μὲν
2505 2052 2636 2120 περὶ
2670 2052 2766 2120 τῆς
2797 2051 3054 2120 Εὑγενίου
3081 2049 3399 2121 τυραννίδος
3444 2046 3558 2099 τοῦ-

1977 2156 2071 2193 τον
2100 2140 2397 2212 ξυνηνέχθη
2439 2144 2528 2194 τὶν
2557 2143 2781 2213 τρόπον,

288 2229 438 2285 Talis
473 2230 562 2284 ille
588 2230 938 2286 fidelissimus
971 2233 1272 2303 imperator
1298 2232 1423 2297 fuit,
1471 2242 1529 2287 ut
1562 2248 1781 2303 semper
1847 2233 1901 2288 in
1944 2233 2105 2288 bellis
2165 2243 2329 2303 atque
2361 2235 2585 2304 pra-liis,
2619 2252 2721 2306 pro
2766 2252 2831 2291 eo
2878 2246 3047 2306 atque
3104 2235 3221 2290 fieri
3275 2233 3464 2297 debet,
3496 2247 3559 2285 ex

288 2326 480 2383 divino
500 2328 768 2398 penderet
796 2329 1074 2400 praesidio,
1101 2346 1212 2400 quo
1243 2332 1410 2384 etiam
1444 2345 1725 2400 nunquam
1775 2338 1861 2385 est
1901 2330 2222 2385 frustratus.
2289 2328 2488 2385 Fertur
2562 2346 2695 2386 sane
2726 2342 2782 2387 et
2816 2332 2979 2397 illud,
3011 2348 3123 2403 quo
3147 2343 3398 2400 tempore
3416 2342 3558 2397 prae-

287 2421 425 2476 lium
459 2421 565 2477 hoc
612 2422 670 2477 in
698 2422 999 2479 Occidente
1032 2425 1524 2488 estcOmmissum,
1560 2425 1615 2478 in
1660 2424 1864 2493 templo
1905 2424 2137 2494 Septimi
2181 2425 2343 2495 (quae
2369 2426 2688 2481 suburbana
2745 2425 3388 2496 Constantinopolitante
3410 2420 3560 2475 urbis

290 2514 442 2587 regio
500 2522 608 2580 est,
671 2518 728 2571 in
783 2532 896 2586 quo
950 2526 1235 2586 precatum
1281 2532 1401 2572 esse
1464 2518 1857 2587 imperatorem
1899 2516 2160 2583 diximus,
2218 2534 2343 2572 cum
2373 2535 2438 2572 ex
2472 2535 2536 2574 ea
2595 2522 2730 2576 urbe
2762 2519 3047 2575 inbellum
3085 2519 3239 2587 iret),
3276 2516 3558 2571 hominem

289 2609 612 2677 quemdam,
636 2610 729 2680 qui
767 2609 1033 2665 damonis
1065 2611 1411 2680 intemperiis
1438 2610 1774 2678 agitabatur,
1841 2611 1893 2665 in
1936 2611 2173 2665 sublime
2235 2621 2480 2680 raptum,
2502 2612 2672 2667 veluti
2707 2629 2832 2667 cum
2859 2614 3102 2684 Baptista
3121 2611 3546 2667 contendentem

291 2702 561 2759 conviciis
595 2702 749 2756 illum
776 2701 1133 2772 proscidisse,
1164 2702 1311 2771 quod
1338 2705 1385 2756 ei
1431 2710 1596 2771 caput
1631 2712 1904 2755 resectum
1946 2712 2112 2765 esset,
2154 2701 2354 2756 deinde
2426 2703 2592 2758 etiam
2635 2703 2810 2758 ferum
2852 2703 3114 2773 quiddam
3181 2704 3335 2758 hisce
3376 2702 3559 2757 verbis

292 2797 631 2852 exclamasse
671 2813 735 2850 τι
801 2796 881 2850 'l‘u
924 2811 1013 2851 me
1043 2796 1242 2861 vincis,
1272 2804 1329 2851 et
1388 2799 1528 2852 meis
1581 2796 1865 2852 insidiaris
1905 2796 2100 2865 copiis.
2142 2816 2160 2848 ι
2212 2796 2315 2863 Qui
2385 2812 2517 2851 vero
2589 2807 2703 2852 tum
2742 2798 2797 2851 in
2850 2813 2975 2852 eum
3027 2797 3311 2852 hominem
3354 2796 3559 2851 incide-

293 2899 759 2961 rant,propterea
788 2890 934 2959 quod
955 2890 1158 2945 bellum
1201 2890 1255 2946 id
1295 2898 1410 2944 tum
1480 2890 1670 2945 multis
1738 2905 1948 2958 magna:
1987 2904 2134 2944 cura:
2193 2898 2366 2953 esset,
2417 2889 2545 2945 novi
2586 2890 2849 2962 quiddam
2903 2891 3305 2945 daamoniacum
3377 2888 3560 2943 dicere

295 2980 529 3052 Opinati,
563 2980 705 3033 diem
749 2979 802 3032 in
841 2980 1035 3034 charta
1070 2979 1417 3049 excipientes
1494 2990 1761 3035 notarunt
1810 2996 1824 3035 :
1893 2988 1951 3034 et
1990 2980 2191 3035 deinde
2257 2998 2323 3035 eo
2384 2982 2507 3050 ipso
2558 2992 2805 3053 tempore
2860 2982 3111 3051 pra'lium
3161 2982 3370 3035 factum
3419 2995 3557 3044 esse,

300 3074 601 3128 multorum
639 3070 1014 3134 sermonibus,
1049 3071 1142 3141 qui
1174 3070 1224 3125 ei
1261 3087 1455 3141 pugna:
1525 3071 1919 3132 interfuerant.
1961 3083 2360 3142 cognoverunt.
2420 3073 2526 3127 Res
2584 3074 2814 3146 Eugeuii
2887 3074 3103 3146 tyranni
3157 3074 3264 3128 hoc
3309 3073 3559 3130 accidere

297 3166 488 3222 modo.

794 3254 954 3329 315
1003 3255 1228 3311 CAPUT
1261 3255 1372 3310 XL.

299 3354 380 3407 De
431 3355 689 3409 seditione
734 3363 781 3406 et
830 3350 1059 3404 tumultu
1107 3349 1490 3405 Thessalonicae
1545 3359 1701 3412 orto,
1760 3364 1881 3419 pro-

369 3434 492 3494 pter
527 3441 682 3494 quem
721 3422 1035 3478 Theodosius
1077 3431 1275 3490 septem
1324 3422 1493 3474 millia
1538 3422 1769 3475 virorum
1796 3436 1883 3474 oc—

369 3496 519 3550 ﬁdit.

374 3607 866 3667 Verumenimvero
929 3623 1036 3662 non
1068 3607 1310 3678 proclive
1346 3604 1513 3662 alicui
1547 3588 1654 3667 est,
1686 3619 1881 3659 omnes

299 3702 532 3760 omnino
548 3702 857 3757 communis
881 3700 1181 3755 adversarii
1203 3697 1376 3752 nostri
1399 3698 1581 3767 plagas
1614 3695 1877 3766 effugere.

303 3794 364 3851 Si
393 3795 520 3866 quis
539 3795 685 3849 enim
713 3793 855 3848 forte
885 3793 1117 3862 impurae
1170 3790 1417 3844 libidinis
1444 3789 1704 3843 affectum
1735 3797 1883 3842 tran-

302 3887 477 3950 siliat,
504 3886 557 3940 in
588 3884 876 3940 avaritiam
911 3883 1135 3937 incidat.
1166 3881 1315 3936 Hanc
1346 3897 1475 3936 vero
1507 3884 1550 3936 si
1582 3882 1746 3935 etiam
1789 3895 1879 3933 su-

308 3986 486 4048 peret,
509 3977 731 4032 invidia:
752 3976 968 4032 lubrico
986 3977 1492 4030 circumveniatur:
1526 3973 1667 4026 hanc
1694 3981 1879 4025 autem

304 4071 351 4126 si
407 4085 629 4141 quoque
688 4070 997 4133 conculcet,
1056 4068 1286 4123 fortasse
1345 4069 1482 4122 iram
1516 4083 1623 4120 non
1676 4066 1879 4121 vincat.

251 4187 254 4192 -
307 4163 502 4218 Plures
535 4177 775 4232 namque
796 4161 1144 4232 perniciosus
1175 4160 1350 4214 hostis
1406 4162 1645 4213 humano
1697 4159 1881 4229 generi

304 4255 467 4310 struit
496 4255 737 4324 pedicas,
762 4254 1131 4324 qualicunque
1163 4251 1448 4305 vitiosiore
1473 4250 1763 4305 all‘ectione
1791 4265 1884 4317 per

305 4358 480 4401 artem
509 4346 804 4415 quamdam
856 4360 1054 4413 capere
1083 4359 1359 4414 quemque
1413 4354 1684 4415 satagens,
1741 4354 1796 4397 et
1829 4344 1883 4397 in

306 4435 505 4505 primis
542 4450 651 4504 qua
706 4434 944 4503 aliquem
980 4450 1047 4488 ex
1086 4443 1299 4487 natura:
1329 4432 1687 4486 inclinatione
1724 4432 1882 4486 facile

305 4527 429 4596 capi
461 4540 623 4595 posse
649 4525 953 4579 existimet.
992 4525 1166 4590 Quam
1197 4525 1288 4578 ille
1317 4524 1783 4579 machinationem
1813 4526 1882 4577 ita

2575 3257 2830 3313 ΚΕΦΑΛ.
2865 3259 2958 3313 Μ’.

1986 3351 2123 3423 Περὶ
2168 3345 2855 3423 ςῆςᾼὲνᾼᾷεσσαλονίκῃ
2899 3354 3227 3421 γενομέιης
3265 3342 3560 3422 στάσεως,

2054 3422 2131 3546 id
2161 3418 2242 3486 ἢν
2272 3417 2595 3487 Θεοδόσιος·
2623 3417 3122 3490 ἑπτακισχιλίους
3148 3417 3374 3494 (ii-6pm;
3408 3417 3563 3481 ἀνεῗῖ

2097 3510 2183 3546 εν.

2097 3510 2183 3546 εν.

2067 3606 2233 3659 Ἀλλᾶ
2266 3606 2375 3676 γὰρ
2398 3608 2456 3661 οὐ
2493 3607 2677 3678 ῥᾴδιόν
2706 3624 2830 3660 τινα
2853 3606 3035 3669 πάσας
3058 3606 3226 3675 ἄρδην
3251 3606 3348 3660 τοῦ
3382 3606 3563 3660 κοινοῦ

1987 3699 2254 3769 πολεμίου
2314 3701 2414 3763 τὰς
2451 3699 2633 3769 ἄρκυς
2685 3698 2990 3767 διαφυγεῖν.
3030 3700 3196 3762 Ἴσως
3245 3700 3360 3768 γάρ
3391 3717 3477 3761 τις
3508 3701 3565 3750 τὸ

1982 3777 2085 3858 τῆς
2108 3789 2400 3857 ἀσελγείας
2439 3790 2614 3851 πάθος
2675 3791 3095 3859 ὑπερπηδήσας,
3144 3793 3213 3861 τῇ
3278 3790 3565 3860 πλεονεξία

1986 3880 2148 3934 ἑάλω.
2194 3882 2254 3933 Ei
2284 3881 2341 3932 δὲ
2369 3882 2462 3933 καὶ
2486 3881 2692 3949 ταύτης
2721 3882 3148 3951 ὑπερτερήσειε,
3198 3880 3278 3949 τῷ
3307 3882 3406 3933 τοῦ
3438 3882 3565 3949 c906-

1987 3991 2081 4027 νου
2111 3973 2177 4026 ἂν
2202 3973 2399 4042 ὀλίσθῳ
2434 3976 2791 4043 περιπαρείη.
2842 3975 2903 4027 El
2937 3975 2994 4027 δὲ
3036 3974 3132 4026 καὶ
3158 3973 3352 4030 τοῦτον
3391 3978 3565 4042 πατη-

1989 4083 2095 4128 σοι,
2128 4067 2228 4119 οὐκ
2257 4065 2322 4119 ἂν
2351 4066 2495 4135 τάχα
2524 4065 2620 4119 καὶ
2645 4064 2823 4135 θυμοῦ
2852 4066 3123 4133 κρείττων
3153 4067 3393 4133 γένοιτο.
3436 4068 3567 4120 Πολ-

1985 4158 2081 4221 λὰς
2108 4161 2203 4213 καὶ
2232 4158 2340 4228 γὰρ
2372 4160 2401 4209 ό
2429 4158 2778 4226 παλαμναῖος
2819 4158 3075 4223 πολέμιος
3124 4158 3203 4227 τῷ
3232 4158 3565 4226 ἀνθρωπίνῳ

1985 4250 2135 4317 γένει
2160 4249 2344 4319 τίθησι
2387 4249 2531 4314 μάλα
2581 4249 2683 4310 τὰς
2716 4248 3112 4318 ποδοστράϐας,
3162 4249 3271 4317 ὅτῳ
3336 4248 3401 4318 δή
3437 4264 3566 4299 ποτε

1985 4344 2096 4396 τῶν
2160 4343 2349 4396 παθῶν
2409 4344 2643 4396 ἕκαστον
2685 4343 2957 4412 ἀγρεῦσαι
3015 4343 3402 4412 τεχνώμενοςσ
3470 4342 3564 4393 καὶ

1990 4431 2191 4500 μᾶλλον
2223 4425 2265 4499 ᾧ
2299 4433 2360 4485 ὲκ
2389 4431 2604 4499 φύσεως
2635 4430 2917 4501 ἁλώσιμον
2947 4425 3093 4481 εἶναι
3138 4430 3563 4493 ὑποτοπάσειεν,

1988 4525 2301 4594 ἁποχρῆσαι
2326 4527 2436 4586 τοῖς
2463 4524 2556 4575 τοῦ
2590 4522 2842 4593 σώματος
2870 4521 3069 4574 πάθεσι
3093 4522 3191 4582 τὰς
3220 4523 3364 4574 κατὰ
3389 4521 3568 4590 ψυχὴν

257 4608 271 4691 ξ
312 4618 558 4680 rnotitur,
586 4624 648 4670 ut
673 4616 923 4685 corporis
972 4616 1426 4686 perpessionibus
1458 4616 1526 4669 ad
1569 4615 1876 4669 animarum

2000 4617 2165 4686 ῥοπὰς
2199 4616 2620 4686 μηχανώμενος.
2665 4614 2723 4667 '0
2777 4614 2834 4668 δέ
2857 4630 2921 4681 γε
2968 4612 3117 4680 νοῦς,
3145 4613 3309 4682 είπερ
3334 4615 3569 4682 ἐγρηγό-

264 4709 273 4781 ξ
309 4719 588 4765 momenta
614 4709 898 4764 abutatur.
930 4708 1083 4764 Mens
1117 4717 1298 4761 autem
1327 4708 1572 4762 hominis
1606 4708 1654 4762 si
1690 4706 1884 4762 sedqu

260 4783 272 4851 ξ
308 4802 570 4863 excubet.
598 4801 788 4857 divino
819 4800 1115 4873 adiuvante
1157 4801 1404 4863 numine,
1432 4801 1629 4854 victrix
1660 4800 1795 4862 abit,
1831 4808 1887 4853 et

310 4894 599 4949 machinas
631 4893 964 4963 fraudesque
993 4894 1144 4948 illius
1172 4893 1380 4947 evadit.
1416 4892 1491 4946 De
1521 4893 1759 4945 humana
1787 4907 1885 4943 na-

308 4999 430 5040 tura
461 5001 588 5041 eum
644 4998 855 5056 partem
885 5001 1105 5056 quoque
1168 5001 1320 5039 suam
1387 4983 1748 5038 admirandus
1782 4984 1885 5036 iste

306 5078 613 5147 imperator
644 5076 1315 5146 accepisset,all‘ectiotres
1336 5090 1558 5144 quoque
1582 5075 1705 5144 ejus
1733 5088 1885 5127 com-

310 5184 506 5223 attines
534 5169 747 5224 habuit.
778 5170 873 5224 Ine
913 5170 1235 5239 enimjusta:
1270 5182 1378 5221 non
1400 5167 1741 5229 moderatus,
1770 5164 1884 5218 offl-

307 5261 396 5311 cio
420 5268 585 5327 atque
609 5258 816 5313 decoro
837 5260 1061 5322 excidit,
1088 5270 1143 5314 et
1168 5259 1385 5313 facinus
1400 5257 1627 5311 crudele
1654 5264 1710 5311 et
1728 5256 1891 5310 inhu-

311 5366 535 5404 manum
565 5352 862 5407 commisit.
885 5352 1041 5418 Quod
1078 5368 1206 5405 sane
1226 5361 1282 5405 et
1302 5353 1482 5421 ipsum
1512 5365 1609 5419 pro
1632 5365 1700 5406 eo
1723 5360 1889 5418 atque

308 5452 530 5510 potero,
555 5442 817 5508 referam,
854 5459 966 5497 non
1003 5453 1215 5497 tantum
1246 5443 1391 5513 quod
1422 5445 1614 5499 lectori
1662 5444 1714 5497 id
1745 5445 1887 5498 scire

310 5533 663 5588 conducibile
693 5534 786 5598 sit,
810 5550 1002 5589 verum
1026 5536 1188 5588 etiam
1220 5536 1272 5589 in
1307 5536 1499 5590 eodem
1538 5535 1686 5589 facto
1718 5534 1882 5587 simul

309 5630 367 5677 et
395 5627 604 5679 crimen
637 5632 694 5680 et
716 5626 934 5681 laudem
967 5627 1168 5682 habeat
1200 5629 1463 5697 principis
1495 5628 1724 5693 tanti,id
1751 5628 1881 5697 quid

312 5717 406 5782 sit,
436 5717 635 5774 dicam.
670 5716 813 5774 Urbs
843 5720 1374 5787 Thessalonicensis,
1413 5721 1630 5775 Achaiae
1650 5729 1885 5775 cuneta).

314 5816 371 5862 et
397 5806 715 5878 Thessaliae,
737 5810 956 5884 Illyrico
986 5816 1085 5868 toti
1120 5826 1359 5881 quoque,
1399 5821 1454 5867 et
1480 5811 1602 5867 aliis
1636 5809 1886 5865 Macedo.

1994 4726 2104 4779 ρως
2135 4707 2270 4777 ἔχοι,
2298 4706 2400 4775 τῆς
2425 4706 2572 4769 θείας
2607 4705 2927 4776 άρηγούσης
2986 4704 3165 4774 ροπῆς
3199 4705 3568 4771 περιγίνεται,

1989 4801 2100 4853 τῶν
2122 4799 2331 4852 ἐκείνου
2370 4801 2786 4871 μηχανημάτων
2838 4797 3312 4867 ὑπεριπτάμενος.
3348 4795 3572 4858 Φύσεως

1989 4892 2081 4946 οὖν
2108 4893 2458 4961 ἀνθρωπίνης
2513 4892 2610 4942 καὶ
2638 4890 2666 4940 ὁ
2717 4889 3023 4959 θαυμάσιος
3062 4890 3251 4941 οὑτοσὶ
3315 4887 3571 4958 βασιλεὺς

1994 4982 2305 5054 μετασχὼν,
2338 4984 2432 5035 καὶ
2460 4983 2570 5035 τῶν
2602 4981 2806 5049 ταύτης
2835 4981 3169 5048 ἐκοινώνησε
3206 4981 3573 5051 παθημάτων.

2006 5073 2095 5125 Ἐν
2114 5071 2271 5142 θυμῷ
2302 5070 2399 5124 καὶ
2431 5069 2540 5139 γὰρ
2567 5069 2764 5140 δικαίῳ
2799 5072 2867 5139 τῇ
2904 5068 3146 5139 ἀμετρίᾳ.
3197 5072 3572 5139 χρησάμενος.

1993 5167 2188 5235 ἐξέστη
2222 5165 2325 5234 μὲν.
2348 5160 2443 5214 τοῦ
2470 5163 2702 5224 εἰκότος,
2732 5162 2882 5230 ὠμὸν
2905 5162 2963 5213 δέ
2990 5179 3038 5213 τι
3067 5163 3165 5213 καὶ
3198 5162 3572 5228 ἀπάνθρωπον

1992 5258 2328 5327 διεπράξατο
2359 5257 2523 5326 ἔργον
2544 5273 2559 5286 ·
2590 5254 2619 5307 ὃ
2645 5256 2711 5326 δὴ
2739 5258 2833 5308 καὶ
2868 5255 3019 5307 τοῦθ’
3049 5255 3125 5317 ὡς
3165 5257 3285 5309 ἐνὸν
3313 5256 3573 5325 διηγήσο-

1997 5367 2119 5418 μαι,
2144 5349 2205 5400 οὐ
2235 5348 2398 5417 μόνον
2460 5349 2544 5400 ὅτι
2576 5347 2928 5415 λυσιτελήσει
2978 5349 3089 5409 τοῖς
3120 5348 3568 5417 ἐντυγχάνουσιν,

1993 5437 2109 5490 ἀλλ’
2137 5439 2331 5503 ὅτιπερ
2359 5439 2417 5488 ἐν
2437 5436 2619 5504 ταυτῷ
2640 5436 2980 5505 κατηγορίαν
3015 5453 3074 5488 τε
3110 5435 3246 5502 ὁμοῦ
3275 5437 3361 5488 καὶ
3389 5437 3570 5503 εὔφη-ι

2000 5532 2126 5598 μίαν
2176 5530 2289 5597 ἔχει
2348 5526 2442 5580 τοῦ
2487 5528 2804 5596 θαυμαστοῦ
2873 5527 3179 5596 βασιλέως·
3231 5526 3399 5590 τίςδέ
3429 5528 3570 5593 ἐστι,

1995 5624 2167 5688 λέξων
2192 5623 2449 5692 ἔρχομαι.
2476 5619 2830 5688 Προκάθηται
2877 5620 2977 5690 μὲν
3012 5622 3044 5687 ή
3094 5619 3370 5673 Θετταλῶν
3407 5621 3568 5682 πόλις

2010 5717 2235 5787 Ἀχαΐας
2280 5717 2462 5780 πάσης
2501 5715 2596 5765 καὶ
2636 5712 2961 5777 Θεσσαλίας,
3014 5714 3239 5781 καὶτῆς
3274 5710 3566 5781 Ἰλλυρίδος

1998 5816 2182 5880 πάσης
2218 5808 2409 5876 αὐτῆς,
2443 5806 2535 5859 καὶ
2568 5805 2742 5861 ᾶλὶων
2778 5806 2946 5858 ἐθνῶν
2978 5805 3075 5857 ὅσα
3108 5803 3172 5871 δὴ
3224 5803 3566 5868 Μακεδονίας
