3918 6534
119 384 213 457 889

1003 406 1597 474 ECCLESIASTICE
1638 414 2017 475 lliS'l‘:).'.I.-E
2057 420 2196 479 LIB.
2246 418 2380 482 ΧΗ.

3207 376 3215 385 ’
3256 420 3365 485 893

118 510 259 574 ἐντός
283 527 294 541 ·
324 514 545 583 μεγάλη
571 515 626 567 δὲ
666 517 783 569 λίαν
824 521 854 587 η
899 521 1051 584 πόλις
1098 525 1193 575 καὶ
1226 525 1675 595 πολυάνθρωπος.

1801 532 1883 584 tiae
1916 533 2132 602 pupulis
2197 545 2413 603 praeest,
2481 536 2673 603 ingens
2720 548 2777 591 et
2811 540 3073 607 populosa
3102 542 3222 624 :_in
3257 542 3359 594 hac

120 601 210 699 ξεν
229 601 293 671 δὴ
314 604 493 676 ταύτῃ
518 608 704 671 στάσις
761 612 997 685 μεγίστη
1025 616 1264 682 ἐγένετο,
1286 618 1464 670 αἰτίαν
1484 621 1685 687 σχοῦσα

117 695 338 749 τοιάνδε.
423 699 675 772 Ἡνίοχος
719 704 1051 778 Βουθερίχου
1102 709 1160 774 ὃς
1222 712 1531 780 τηνικαῦτα
1576 715 1685 766 τῶν

121 786 242 859 παρ’
282 790 571 861 Ἰλλυριοῖς
622 786 811 867 ἠγεῖτο
868 804 1244 870 στρατιωτῶν,
1307 806 1400 858 τὸν
1447 808 1685 877 οἰνοχόον

121 881 353 951 αίσχρῶς
408 884 557 951 ίδὼν,
619 889 899 960 ἐπείρασε.
958 893 1253 963 Συσχεθεὶς
1307 897 1363 951 δὲ
1389 898 1477 950 διὰ
1502 899 1682 962 τοῦτο,
1753 903 1756 907 ’

123 974 219 1027 ὑπὸ
251 980 505 1046 φρουρὰν
548 982 787 1049 ἐγένετο.
838 983 995 1040 Ἐπεὶ
1040 988 1086 1041 δ’
1116 991 1389 1060 ἐπίσημος
1416 986 1683 1061 ἱπποδρο-

124 1067 213 1136 μία
238 1069 513 1126 τελεῖσθαι
542 1073 682 1127 κατὰ
711 1076 807 1145 τὴν
834 1079 991 1132 πόλιν
1016 1079 1264 1147 ἔμελλεν,
1294 1085 1323 1133 ό
1372 1082 1547 1153 δῆμος
1574 1084 1687 1138 ἐλι-

125 1162 274 1231 πάρει
330 1164 670 1238 συγγνώμης
733 1171 825 1224 τὸν
884 1174 1102 1244 ἡνίοχον
1162 1175 1449 1239 ἀξιοῦσθαι
1496 1177 1685 1242 δεξιῶς

126 1256 300 1322 ἔχοντα
334 1259 476 1326 πρὸς
499 1259 559 1311 τὸ
580 1261 764 1330 ἔργον,
803 1266 893 1316 καὶ
926 1267 1187 1334 ἀφίεσθαι
1217 1269 1293 1337 τῷ
1336 1268 1534 1331 ἀγῶνι..
1597 1270 1685 1332 Ὠς

123 1350 171 1400 δέ
202 1352 365 1404 πολλὰ
394 1354 680 1425 δεηθέντες
724 1361 875 1414 οὐδὲν
906 1361 1092 1431 ἡνυον,
1134 1367 1214 1428 είς
1272 1366 1541 1435 μεγίστην
1575 1366 1688 1417 ὲκι-

123 1443 292 1495 νοῦντο
327 1446 561 1500 στάσιν*
593 1453 687 1504 καὶ
719 1454 1157 1523 χαλεπήναντες.
1208 1458 1441 1520 πολλούς
1490 1475 1549 1509 τε
1577 1460 1685 1513 τῶν

128 1530 408 1593 βασιλικῶν
434 1537 649 1590 ἀνεῖλον
677 1540 976 1609 ἀρχόντων,
1012 1544 1108 1595 καὶ
1141 1544 1467 1615 Βουθερίχον
1495 1547 1682 1599 αὐτόν.

129 1624 343 1687 Ἀλλους
374 1628 433 1680 εὶ
478 1628 651 1691 λίθοις
703 1633 1043 1702 κατέχωσαν.
1094 1634 1289 1689 ἔπειτα
1320 1638 1415 1689 καὶ
1448 1638 1686 1707 δημοσία

127 1718 438 1787 κατέσυρον.
488 1722 645 1777 Ἐπεὶ
702 1726 833 1791 γοῦν
864 1727 1006 1796 ἔγνω
1034 1730 1207 1783 ταῦτα
1241 1734 1266 1783 ὁ
1299 1731 1577 1800 βασιλεὺς.
1608 1733 1688 1795 εἰς

125 1810 346 1881 ἄμετρον
388 1815 612 1885 ἀνήφθη
669 1819 882 1888 ὀργήνο
922 1824 1016 1873 καὶ
1046 1822 1143 1874 τοῦ
1177 1822 1351 1893 θυμοῦ
1378 1823 1475 1893 τὴν
1508 1824 1688 1894 ῥύμην

129 1904 193 1970 μὴ
217 1903 478 1971 ἐνεγκὼν,
511 1907 726 1977 παρῆκε
749 1909 854 1972 τὰς
873 1910 1034 1979 ἡνίας
1062 1912 1158 1964 τοῦ
1189 1911 1471 1981 λογισμοῦ,
1501 1914 1597 1966 καὶ
1619 1917 1684 1983 τῇ

126 2000 301 2070 ἀλογίᾳ
340 2001 446 2070 τὴν
477 2001 656 2071 ψῆφον
687 2004 995 2072 ἐπήνεγκεν
1016 2019 1029 2033 ⁸
1089 2005 1123 2075 ἢ
1153 2005 1219 2075 δὴ
1272 2006 1373 2075 τῆς
1420 2007 1689 2076 τοσαύτης

128 2094 291 2155 ἁδείας
337 2096 756 2166 ἐπειλημμένη,
810 2094 1009 2165 οἷάπερ
1050 2098 1351 2169 αὐτόνομος
1403 2099 1685 2167 τύραννος,

128 2186 269 2238 ἄδικα
299 2188 434 2257 ξίφη
470 2191 612 2241 κατὰ
661 2190 883 2242 πάντων
941 2190 1227 2258 ἐγύμνωσε
1254 2207 1270 2222 ·
1321 2194 1412 2243 καὶ
1463 2193 1689 2260 ἀπηνῶς

129 2276 284 2340 οὕτως
310 2278 374 2332 οὐ
404 2279 535 2342 τοὺς
569 2278 930 2347 ὑπευθύνους,
985 2281 1120 2332 ἀλλὰ
1150 2285 1245 2334 καὶ
1299 2285 1423 2342 τοὺς
1478 2282 1689 2344 ἁθὼους

128 2372 456 2425 ἀποκτείνειν
487 2372 729 2426 ἐκέλευε.
760 2375 874 2427 Καὶ
901 2376 982 2437 είς
1012 2374 1176 2434 ἑπτὰ,
1209 2373 1284 2435 ῶς
1322 2390 1479 2439 φασι,
1512 2372 1691 2442 χιλια-

126 2464 209 2523 δας
237 2463 544 2533 ἀνθρώπων
590 2466 618 2518 ὁ
654 2466 815 2535 φόνος
872 2463 1209 2537 προύχώρει,
1260 2466 1473 2534 ἀμήτου
1530 2465 1688 2534 δίκην

128 2555 225 2606 τῶν
254 2558 677 2627 προστυχόντων
713 2556 1101 2628 θεριζομένων,
1153 2556 1230 2626 μὴ
1280 2556 1515 2622 κρίσεως
1550 2558 1689 2624 μήτε

134 2648 230 2715 μὴν
251 2648 553 2712 ἐξετάσεως
606 2649 941 2719 ἡγουμένης.
978 2650 1099 2701 Εἰσὶ
1142 2648 1199 2700 δὲ
1254 2648 1308 2700 οἵ
1360 2663 1492 2717 φασι
1526 2646 1690 2717 ῥητὸν

130 2736 419 2803 προστάξαι
446 2735 649 2806 πλῆθος
673 2738 768 2789 τὸν
801 2736 1033 2806 βασιλέα
1063 2735 1440 2805 ἀναιρεθῆναι.
1476 2732 1692 2786 Ἐντεῦ-

130 2829 212 2880 θεν
231 2829 308 2892 δὲ,
339 2825 430 2883 οἷα
454 2831 625 2899 φιλεῖ,
648 2830 746 2884 καὶ
793 2830 962 2899 μηδὲν
1018 2829 1410 2900 προσηκόντων
1451 2828 1627 2894 φόνων
1654 2825 1689 2896 ἡ

131 2922 273 3007 ¹πόλις
304 2923 662 2992 ἐπίμπλατοο
715 2923 775 2975 οὐ
812 2923 920 2993 γὰρ
950 2922 1115 2990 μόνον
1157 2922 1206 2974 oi
1243 2921 1525 2989 ἐγχώριοι,
1554 2918 1691 2972 ἀλλὰ

129 3009 212 3060 καὶ
235 3008 380 3073 ξένοι
405 3010 550 3073 τινὲς
581 3010 1091 3075 καταπλεύσαντες,
1126 3010 1257 3079 παρ’
1282 3008 1473 3062 ἐλπίδα
1512 3010 1691 3060 πᾶσαν

130 3101 386 3155 ἑάλωσαν.
418 3103 529 3156 Καὶ
555 3104 768 3174 θρήνων
794 3103 920 3167 ἄξια
953 3103 1245 3170 ἐπεγένετο
1288 3103 1457 3170 πάθη,
1491 3096 1603 3153 οἷον
1625 3100 1688 3169 δὴ

1788 625 1987 679 seditio
2021 627 2252 682 maxima
2278 639 2363 681 est
2383 639 2505 683 orta
2542 630 2642 683 hac
2674 630 2742 685 de
2796 647 2980 686 causa.
3014 631 3072 686 lu
3106 632 3365 688 Butheri-

1788 717 1899 776 chi,
1927 718 2019 787 qui
2055 726 2169 771 tum
2213 721 2546 776 militaribus
2585 722 2639 775 in
2700 721 2917 794 Illyrico
2964 725 3137 793 copiis
3172 726 3365 794 prtere-

1788 822 1909 865 ctus
1930 814 2126 876 fuerat,
2143 814 2460 883 pincernam
2480 818 2667 885 auriga
2685 819 2871 871 oculos
2892 808 3190 888 adjecerat,
3212 820 3361 890 ejus-

1789 919 1895 972 que
1929 904 2250 973 pudicitiam
2302 918 2554 962 tentarat.
2591 907 2656 962 Et
2685 926 2747 964 ea
2784 910 2851 963 de
2898 926 3062 965 causa
3109 926 3362 980 compre-

1789 996 2017 1057 hensus,
2052 997 2103 1049 in
2132 998 2381 1054 custodia
2418 999 2793 1054 detinebatur.
2826 1001 2989 1073 316
3014 1001 3150 1057 Cum
3180 1014 3363 1057 autem

1792 1089 2004 1157 insigne
2057 1090 2245 1143 curule
2271 1099 2548 1145 certamen
2600 1093 2653 1146 in
2696 1108 2758 1146 ea
2792 1095 2925 1147 urbe
2989 1095 3359 1163 peragendum

1788 1190 1955 1238 esset.
1988 1179 2315 1248 supplicavit
2355 1182 2532 1249 plebs,
2596 1194 2653 1235 ut
2680 1183 2904 1251 aurigze,
2959 1184 3053 1253 qui
3092 1184 3357 1253 singulari

1790 1270 1844 1323 in
1873 1271 2178 1325 certamine
2210 1288 2277 1325 eo
2305 1282 2424 1326 erat
2447 1273 2738 1338 industria,
2772 1270 2954 1329 delicti
2980 1276 3152 1343 gratia
3185 1277 3363 1342 ﬂeret,

1789 1371 1845 1416 et
1881 1362 1927 1416 is
1950 1362 2171 1417 ludicro
2206 1364 2255 1417 ei
2289 1364 2557 1419 interesse
2588 1376 2793 1434 posset.
2823 1365 2928 1422 Ubi
2962 1383 3095 1421 vero
3120 1378 3226 1421 tam
3282 1383 3371 1422 se-

1790 1454 1916 1507 dula
1940 1455 2328 1524 deprecatione
2355 1456 2406 1509 id
2435 1472 2540 1509 non
2571 1456 2958 1524 impetrarunt,
2980 1458 3044 1513 ad
3066 1442 3364 1513 maximum

1793 1548 2004 1602 incitati
2039 1557 2167 1602 sunt
2211 1549 2529 1603 tumultum.
2585 1549 2690 1602 Per
2742 1550 3081 1605 iracundiam
3126 1566 3365 1620 namque

1790 1639 2081 1706 plerosque
2137 1641 2486 1709 imperatoris
2537 1643 2819 1713 principes
2869 1644 3019 1697 viros
3071 1651 3127 1697 et
3184 1642 3364 1711 ipsum
3425 1684 3431 1693 .

1788 1727 2177 1782 Butherichum
2200 1741 2487 1786 necarunt.
2507 1728 2655 1785 Alios
2670 1742 2852 1785 autem
2874 1731 3151 1801 lapidibus
3168 1731 3368 1785 obrue-
3428 1761 3433 1801 ί

1793 1827 1941 1880 runt,
1999 1827 2053 1870 et
2090 1828 2275 1885 postea
2311 1821 2475 1872 etiam
2533 1837 2631 1888 per
2658 1821 2903 1889 publicas
2933 1820 3051 1875 vias
3088 1829 3368 1889 raptantes

1794 1917 2097 1962 traxerunt.
2124 1907 2297 1974 Quam
2331 1911 2407 1964 rei
2441 1911 2819 1980 indignitatem
2851 1920 3137 1980 postquam
3188 1911 3367 1980 impe-

1793 2003 1943 2047 rator
1969 1997 2261 2062 intellexit,
2292 2000 2516 2053 immani
2552 2001 2628 2053 ira
2661 2015 2929 2055 accensus
2967 2011 3051 2055 est
3081 2017 3096 2053 :
3136 2007 3193 2055 et
3214 2000 3368 2054 furo-

1794 2092 1868 2142 ris
1896 2091 2162 2157 impetum
2209 2106 2317 2143 nou
2346 2091 2552 2154 ferens,
2576 2091 2809 2145 rationis
2841 2090 3089 2144 habenas
3137 2089 3363 2160 abiecit,

1793 2191 1847 2235 et
1900 2184 2203 2250 appetitum
2260 2185 2471 2238 calculo
2496 2196 2551 2238 et
2581 2184 2855 2238 sententia
2907 2199 3005 2237 sua
3035 2183 3367 2252 comproba-

1794 2274 1891 2327 vit.
1915 2274 2018 2338 Qui
2041 2275 2263 2329 licentia
2295 2285 2442 2330 tanta
2471 2286 2709 2345 recepta.
2734 2276 2903 2330 veluti
2936 2285 3200 2347 tyrannus
3219 2273 3370 2328 arbi-

1794 2366 1899 2418 trio
1946 2379 2049 2419 suo
2086 2366 2300 2435 legibus
2336 2367 2553 2421 solutus
2612 2368 2825 2428 vivens.
2883 2368 3101 2435 gladios
3146 2365 3370 2434 iniquos

1793 2457 2061 2512 adversus
2082 2474 2276 2514 omnes
2306 2460 2552 2526 strinxit,
2592 2471 2648 2514 et
2667 2459 2972 2515 crudeliter
3015 2474 3125 2513 non
3180 2466 3370 2513 sontes

1795 2556 2007 2603 tantum
2048 2551 2215 2618 ipsos,
2245 2568 2436 2606 verum
2485 2552 2736 2606 insontes
2775 2567 2997 2622 quoque
3026 2560 3082 2606 et
3115 2551 3369 2606 innoxios

1794 2643 1979 2696 necari
2007 2644 2193 2713 jussit.
2229 2645 2308 2697 Ad
2337 2655 2550 2713 septem
2580 2644 2751 2698 millia
2776 2644 3064 2698 hominum
3088 2643 3268 2697 caedes
3303 2658 3369 2697 ea

1794 2748 2085 2804 progressa
2121 2751 2244 2790 esse
2280 2736 2504 2802 dicitur,
2542 2753 2650 2791 non
2684 2751 2844 2791 secus
2878 2746 3046 2805 atque
3100 2735 3157 2790 in
3192 2749 3370 2790 messe

1793 2828 2051 2896 quadam,
2082 2827 2231 2883 ferro
2260 2845 2398 2897 quos
2416 2844 2535 2884 sors
2559 2828 2847 2884 obtulisset
2874 2828 3066 2883 obvios
3084 2838 3367 2897 carpente,

1795 2935 1897 2975 nec
1918 2921 2150 2992 judicio,
2177 2922 2595 2990 necquzestione
2624 2922 2829 2976 habita.
2859 2922 3002 2976 Sunt
3050 2922 3142 2992 qui
3176 2924 3371 2977 dicunt

1798 3012 2185 3079 imperatorem
2216 3022 2427 3067 certum
2456 3014 2741 3067 hominum
2788 3016 2881 3083 qui
2917 3014 3371 3069 interﬁcerentur

1796 3118 2089 3156 numerum
2119 3104 2398 3159 statuisse.
2457 3106 2699 3161 Proinde
2757 3107 2919 3161 sicuti
2972 3107 3092 3161 ﬁeri
3144 3108 3370 3167 assolet,

132 3212 209 3247 καί
245 3195 365 3250 τόδε
386 3211 402 3228 ο
446 3196 707 3268 Ἐμπόρῳ
733 3198 841 3249 τινὶ
892 3196 1078 3259 παῖδες
1110 3194 1530 3264 συνελήφθησαν
1562 3192 1655 3246 δύο
1675 3208 1689 3224 ο

1801 3195 2005 3249 factum
2045 3205 2106 3249 ut
2153 3196 2317 3250 etiam
2360 3212 2551 3252 eorum
2581 3199 2731 3266 quia
2759 3213 2923 3253 causa
2953 3207 3141 3253 essent
3181 3195 3368 3261 alieni,

132 3288 261 3356 ὑπὲρ
289 3281 367 3341 ὧν
396 3288 723 3359 παραδιδοὺς
756 3288 971 3349 ἑαυτὸν,
1026 3286 1271 3350 ἐκείνους
1322 3287 1490 3339 ἐδεῖτο
1522 3286 1691 3349 σώζε-

135 3380 248 3432 σθαι
270 3398 283 3411 ·
317 3382 513 3445 μισθὸν
536 3382 614 3447 δὲ,
668 3382 763 3433 καὶ
808 3383 932 3434 ὅσον
956 3376 1025 3449 ἦν
1068 3374 1263 3448 ἐκείνῳ
1302 3382 1524 3449 χρυσίον
1557 3395 1692 3445 προ-

133 3476 301 3543 ίσχετο
331 3475 442 3532 τοῖς
482 3473 869 3543 στρατιώταις.
928 3474 992 3527 Οἱ
1025 3472 1070 3525 δ’
1101 3472 1462 3541 ἀπάνθρωποι
1495 3472 1691 3523 ἐκείνοι

132 3568 217 3636 τῆς
246 3570 537 3639 συμφορᾶς
568 3568 908 3637 ἐλεήσαντες,
938 3567 1165 3633 θάτερον
1190 3566 1249 3617 ὃν
1273 3563 1337 3617 ἂν
1362 3565 1551 3633 ἕληται
1584 3561 1693 3614 τῶν

133 3659 283 3710 υἱέων
306 3659 459 3711 λύειν
491 3658 761 3724 ἐκέλευον,
785 3658 884 3727 τὴν
917 3658 1130 3710 ἱκεσίαν
1160 3656 1459 3725 δεχόμενοι.
1491 3656 1693 3723 Ἄμφω

134 3755 231 3821 γὰρ
280 3753 520 3820 ἀφιέναι,
575 3753 676 3804 οὐκ
737 3749 1017 3802 ἀκίνδυνον
1074 3750 1258 3816 σφίσιν
1310 3748 1573 3812 ἐτίθεντο,
1618 3747 1693 3810 ὡς

133 3845 331 3907 ἐνδεοῦς
360 3842 761 3913 καθισταμένου
786 3842 878 3895 τοῦ
905 3841 1166 3912 ἀριθμοῦ.
1193 3840 1303 3908 Τῆς
1330 3841 1385 3894 δε
1418 3840 1695 3909 πατρικῆς

135 3937 340 4002 φύσεως
395 3937 490 3990 καὶ
548 3937 627 3998 είς
675 3932 1311 4005 ἁμφοτέρους“ὁρὼσης,
1364 3932 1568 3985 κλαίων
1602 3933 1696 3987 καὶ

133 4032 475 4101 ὀδυρόμενος,
505 4028 613 4082 οὐδ’
647 4030 838 4098 ἐτέρου
870 4027 1144 4098 διέκρινεν
1176 4027 1409 4095 αἵρεσιν.
1464 4022 1621 4077 Οὕτω
1649 4023 1694 4077 δ’

136 4120 189 4171 ὲν
214 4121 402 4188 ἀπόρῳ
431 4120 858 4185 καθεστηκότος,
890 4116 1084 4184 ἐπίσης
1113 4118 1223 4187 γὰρ
1251 4117 1456 4183 ἀμφοῖν
1477 4117 1697 4168 ἐνικᾶτο

135 4209 205 4279 τῷ
233 4213 463 4281 φίλτρῳ,
496 4211 591 4262 καὶ
626 4211 794 4278 ἄμφω
814 4208 941 4271 τοὺς
976 4208 1171 4270 παῖδας
1212 4207 1695 4276 ἀπώλεσε,“ξίφεσι

135 4305 235 4355 τῶν
274 4303 625 4373 στρατιωτῶν
656 4301 1118 4371 διαχρησαμένων
1143 4301 1365 4363 αὐτούς.
1413 4300 1576 4353 Ἀλλὰ
1600 4302 1697 4353 καὶ

136 4396 341 4466 οἰκέτης
378 4395 613 4465 δεσπότῃ
638 4393 825 4462 ἀγαθῷ
851 4392 1110 4463 τιμωρῶν
1146 4393 1401 4462 ἀγομένῳ
1429 4393 1568 4461 πρὸς
1597 4394 1696 4462 τὴν

141 4488 365 4557 σφαγὴν,
402 4484 598 4539 ἑαυτὸν
627 4487 706 4546 εἰς
732 4485 1015 4553 ἀναίρεσιν
1058 4483 1358 4550 προθύμως
1391 4483 1583 4535 ἐδίδου.

1796 3287 1943 3342 Caede
1966 3288 2161 3342 civitas
2184 3289 2254 3343 sit
2284 3291 2576 3359 completa.
2603 3290 2719 3345 Non
2746 3291 2896 3346 cives
2922 3292 3069 3344 enim
3100 3298 3155 3344 et
3175 3289 3372 3343 incola:

1797 3388 2034 3440 tantum,
2072 3380 2167 3435 sed
2202 3382 2445 3450 hospites
2473 3382 2661 3446 etiam,
2696 3382 2790 3452 qui
2832 3382 3067 3437 navibus
3089 3396 3156 3435 eo
3196 3395 3373 3450 appu-

1795 3470 2001 3536 lerant,
2029 3482 2229 3542 praeter
2251 3473 2716 3543 exspectationem
2747 3489 2964 3528 omnem
2987 3472 3372 3542 comprehensi

1796 3570 1945 3617 sunt.
1978 3563 2044 3617 Et
2076 3563 2319 3633 profecto
2347 3566 2559 3634 ploratu
2586 3565 2747 3635 digna
2805 3565 2882 3619 ibi
2919 3565 3212 3619 commissa
3242 3574 3375 3618 sunt

1795 3651 2061 3717 facinora,
2098 3656 2259 3723 quale
2286 3665 2371 3709 est
2395 3666 2450 3710 et
2475 3656 2605 3709 illud
2642 3675 2656 3710 :
2722 3657 3044 3711 Mercatoris
3086 3657 3371 3727 cujusdam

1798 3745 1893 3799 filii
1927 3745 2038 3799 duo
2070 3755 2200 3800 sunt
2226 3747 2391 3816 capti.
2420 3746 2525 3801 Pro
2560 3748 2783 3818 quibus,
2833 3760 2892 3801 ut
2939 3749 3245 3803 incolumes
3297 3748 3375 3802 illi

1797 3846 2150 3892 servarentur
2197 3849 2469 3907 precatus,
2508 3841 2751 3910 seipsum
2807 3845 2871 3895 ad
2907 3856 3099 3896 necem
3141 3840 3375 3896 obtulit:

1796 3931 2147 3999 pretiumque
2185 3941 2448 4000 praeterea
2476 3942 2742 4001 quantum
2784 3935 2900 3987 auri
2945 3935 3193 3998 haberet,
3228 3933 3375 3987 mili-

1800 4021 1949 4075 tibus
1978 4036 2036 4075 se
2064 4022 2319 4077 daturum
2349 4023 2625 4092 pollicitus
2660 4033 2763 4078 est.
2799 4024 2925 4079 Feri
2960 4041 3091 4079 vero
3123 4034 3179 4079 et
3210 4026 3374 4079 inhu-

1800 4120 1945 4171 mani
1968 4118 2065 4183 illi,
2087 4133 2273 4173 casum
2304 4118 2404 4173 viri
2433 4119 2699 4183 miserati.
2751 4120 2983 4172 alterum
3015 4135 3177 4188 quem
3205 4119 3373 4173 vellet

1798 4223 1865 4263 ex
1891 4209 2037 4274 ﬁliis,
2074 4209 2333 4279 precibus
2363 4210 2466 4264 hoc
2498 4211 2616 4280 ejus
2648 4208 2865 4271 dantes,
2893 4210 3167 4263 redimere
3202 4210 3380 4279 jusse-

1801 4308 1950 4354 runt.
2016 4298 2072 4355 Si
2101 4300 2248 4355 enim
2286 4308 2589 4369 utrumque
2650 4299 3015 4363 dimitterent,
3071 4300 3375 4368 periculum

1801 4392 1904 4447 sibi
1944 4392 2075 4463 ipsis
2107 4404 2393 4447 creaturos
2421 4409 2564 4459 esse,
2600 4409 2834 4448 numero
2858 4409 3122 4449 caasorum
3169 4392 3377 4462 aliquid

1801 4485 2125 4550 decedente,
2155 4487 2442 4542 dixerunt.
2466 4484 2602 4542 Cum
2636 4501 2816 4540 autem
2844 4494 3071 4556 paterna
3103 4496 3298 4539 natura
3325 4494 3382 4538 et

140 4583 303 4649 pietas
352 4582 403 4635 in
462 4590 757 4648 utrumque
802 4586 1151 4647 respectarel,
1224 4576 1363 4630 [lens
1430 4577 1521 4631 ille
1555 4586 1611 4631 et
1645 4576 1973 4644 lamentans,
2032 4571 2323 4647 quemnam
2390 4597 2458 4637 ex
2494 4592 2726 4652 utroque
2786 4592 3023 4652 optaret,
3087 4581 3383 4639 decernere

140 4692 239 4728 nou
276 4677 468 4745 potuit.
504 4676 681 4740 Atque
723 4674 796 4725 ita
828 4671 997 4725 animi
1044 4671 1334 4741 ambiguus
1376 4669 1689 4740 (utriusque
1725 4672 1871 4725 enim
1938 4689 2005 4727 ex
2065 4689 2223 4743 aequo
2286 4691 2474 4730 amore
2530 4676 2874 4734 vincebatur)
2906 4684 3206 4744 utrumque
3263 4692 3382 4746 per-

142 4769 287 4831 didit,
324 4768 545 4824 militari
572 4768 717 4821 t‘erro
744 4780 968 4819 cursum.
1004 4763 1110 4820 Sed
1144 4773 1199 4819 et
1249 4779 1442 4818 servus
1471 4764 1692 4833 quidam
1738 4766 1869 4819 hero
1891 4779 2011 4825 suo.
2036 4782 2147 4835 quo
2180 4768 2415 4840 benigno
2445 4785 2579 4824 usus
2605 4771 2802 4835 fuerat,
2826 4783 2950 4824 cum
2994 4772 3041 4825 is
3069 4772 3134 4825 ad
3176 4771 3378 4825 caedem

142 4860 443 4923 duceretur,
476 4874 636 4929 opem
671 4859 875 4922 ferens,
912 4857 1152 4926 seipsum
1208 4857 1272 4911 a'd
1306 4872 1493 4912 necem
1526 4858 1692 4912 alacri
1734 4857 1920 4912 animo
1950 4858 2176 4915 obtulit.

698 4978 948 5034 ΚΕΦΑΛ.
994 4975 1130 5030 MA'.

145 5073 273 5138 Περὶ
299 5073 408 5142 τῆς
436 5072 542 5126 τοῦ
563 5071 909 5142 ,ἐπισκόπου
946 5070 1301 5140 Ἀμϐροσίου
1335 5073 1695 5142 παρῤησίαςδ

207 5145 282 5210 ὡς
310 5140 422 5196 οὐκ
465 5141 656 5207 ἀνῆκε
716 5140 1012 5203 Θεοδοσίῳ
1042 5141 1154 5210 τὴν
1182 5144 1260 5206 είς
1313 5141 1384 5194 τὰ
1411 5144 1538 5195 θεῖα
1562 5145 1705 5196 ἀνά-

210 5209 381 5280 κτορα
428 5212 673 5280 εισοδον
697 5228 710 5242 ο
752 5210 851 5263 καί
883 5211 1014 5276 περὶ
1052 5209 1158 5263 τοῦ
1190 5212 1377 5278 νόμου
1408 5211 1481 5264 ὃν
1514 5213 1702 5273 ἔθετο,

212 5279 312 5336 καί
357 5284 490 5350 περὶ
550 5279 672 5335 τῶν
725 5279 932 5334 ἄλλων
979 5280 1166 5333 αὐτοῦ
1199 5282 1610 5349 παιαινέσεών
1640 5299 1705 5337 τε

210 5354 301 5406 καί
318 5352 530 5422 ἔργων.

212 5464 316 5535 Τὴν
339 5466 473 5535 γοῦν
505 5464 799 5534 συμφορὰν
827 5461 1035 5532 ταύτην
1092 5462 1421 5533 Ἀμῦρόσιος
1480 5467 1508 5518 ὁ
1563 5463 1706 5529 θεῖος

156 5557 349 5624 μαθὼν,
377 5558 500 5611 ἐπεὶ
536 5559 675 5628 μετὰ
701 5560 800 5627 τὴν
831 5558 1097 5626 Εὑγενίου
1126 5557 1283 5626 νίκην
1317 5552 1452 5628 ἧκεν
1480 5559 1558 5620 είς
1593 5560 1707 5612 Με-

220 5720 290 5788 ll)
321 5721 376 5775 In
394 5721 685 5789 Nicephori
710 5719 897 5774 Greco
918 5718 1211 5786 exemplari
1249 5717 1474 5781 Eugenii
1502 5731 1704 5789 nomen

155 5787 378 5855 positum
422 5801 508 5849 est
533 5787 551 5841 ἐ
602 5790 696 5849 sed
743 5806 845 5857 ego
881 5805 978 5858 pro
1005 5803 1070 5841 eo
1112 5788 1401 5858 Maximum
1465 5787 1705 5852 reposui,

159 5871 364 5933 propter
433 5857 890 5934 consequentia,
929 5862 1020 5916 ubi
1076 5861 1281 5915 dieitur
1336 5857 1704 5915 Theodosium

2292 4979 2455 5050 317
2485 4979 2711 5036 CAPUT
2750 4978 2888 5035 xu.

1808 5064 1887 5119 De
1918 5066 2144 5136 episcopi
2170 5065 2429 5124 Ambrosii
2455 5071 2664 5123 dicendi
2688 5080 2738 5123 et
2763 5068 3020 5136 arguendi
3044 5068 3303 5129 libertate,
3324 5079 3382 5122 ut

1881 5136 2221 5209 Theodosium
2248 5138 2313 5191 ub
2334 5141 2574 5209 ingressu
2609 5139 2790 5208 templi
2829 5136 2924 5193 Dei
2946 5140 3264 5205 prohibuerit
3288 5154 3305 5190 :
3331 5151 3379 5191 et

1878 5209 1942 5259 de
1968 5208 2097 5276 lege,
2124 5224 2285 5278 quam
2319 5208 2514 5279 posuit.
2541 5218 2589 5262 et
2619 5210 2682 5262 de
2710 5210 2832 5263 aliis
2864 5209 3099 5278 ejusdem
3118 5209 3380 5262 Ambrosii

1879 5279 2099 5348 egregiis
2126 5279 2276 5332 dictis
2316 5288 2363 5332 et
2388 5280 2563 5346 factis.

1882 5463 2032 5518 lianc
2072 5472 2276 5518 tantam
2314 5478 2616 5519 aerumnam
2638 5462 2802 5519 divus
2831 5463 3160 5520 Ambrosius
3186 5464 3381 5521 audie-

1808 5563 1909 5608 rat.
1944 5554 2009 5606 Et
2031 5569 2156 5609 cum
2188 5563 2311 5625 post
2342 5555 2638 5610 Maximum
2670 5556 2748 5627 (Ι)
2795 5556 3088 5610 devictum
3121 5555 3381 5612 Theodo-

1805 5718 2333 5786 Constantinopolim
2388 5734 2667 5775 reversum
2712 5731 2850 5773 csse.
2904 5716 3227 5786 Ambrosius
3264 5716 3382 5785 epi-

1810 5804 2008 5861 St‘OpltS
2050 5784 2422 5861 hebdosiutn
2482 5791 2559 5861 ubi
2605 5799 2711 5843 tant
2769 5787 3113 5861 tyrannicum
3162 5784 3380 5842 facinus

1810 5859 2010 5931 templo
2048 5858 2336 5915 Mediolani
2370 5860 2632 5915 excludit.
2791 5858 2804 5861 ⁷
3378 5878 3389 5886 ~

3426 1779 3442 1821 ί
