3918 6558
539 396 643 460 891

1768 376 2187 438 NlCEl’llORI
2235 375 2577 435 CALLISTI

3683 365 3774 427 892

537 512 657 566 sius
717 506 1085 565 hlediolanum
1123 491 1387 565 venisset,
1435 511 1491 556 et
1526 501 1579 555 in
1611 499 1900 553 ecclesiam
1964 495 2125 549 sicuti

2262 495 2493 556 ιόλανον,
2530 493 2627 545 καὶ
2663 491 2744 555 είς
2784 489 2881 560 τὴν
2934 489 3233 556 ἐκκλησίαν
3269 489 3344 552 ὡς
3383 486 3505 549 ἔθος
3549 485 3775 555 εἰσήγετο

538 618 658 658 mes
677 600 1083 669 estmrecatum
1108 597 1238 659 iret,
1263 604 1318 648 et
1338 594 1449 662 jam
1478 591 1545 645 ad
1574 590 1721 646 fores
1742 588 1863 656 ejus
1883 588 2121 652 adesset,

539 707 840 751 occurrens
855 690 904 743 ei
928 688 1271 753 Ambrosius,
1293 695 1349 742 et
1371 700 1609 756 purpura
1628 685 1747 756 ejus
1759 682 2125 754 apprehensa,

539 789 599 841 in
636 783 991 840 multitudine
1024 781 1227 844 media,
1252 795 1320 833 ne
1346 792 1625 834 sacrarum
1658 776 1857 830 aedium
1881 774 2128 828 vestibu-

539 881 655 936 lum
682 884 950 947 taugeret.
975 872 1253 944 prohibet.
1291 870 1537 925 «Resiste
1563 870 1666 939 (1),
1696 866 1914 936 inquit:
1945 866 2124 920 virum

541 973 691 1027 enim
758 970 1057 1036 impurum.
1114 976 1170 1019 et
1240 977 1438 1017 manus
1508 960 1774 1031 sanguine
1848 957 2124 1014 innocenti

541 1065 661 1120 fere
737 1061 917 1115 adhuc
954 1057 1243 1128 perinique
1292 1055 1567 1110 stillantes
1625 1047 2123 1111 circumferentem.

545 1155 631 1208 fas
659 1167 767 1206 nou
797 1160 900 1215 est,
942 1158 1069 1202 ante
1103 1148 1407 1218 legitimam
1461 1144 1817 1212 debitamque
1854 1143 2127 1213 poeniten-

548 1246 707 1305 tiam.
740 1255 951 1296 sacram
983 1237 1194 1308 ingredi
1230 1235 1429 1299 aedem,
1460 1234 1892 1288 autdivinorum
1922 1242 2128 1303 myste-

546 1337 757 1391 riorum
793 1332 1112 1403 participem
1142 1330 1283 1385 ﬁeri.
1316 1329 1535 1385 Videris
1560 1329 1708 1382 enim
1746 1326 1907 1390 mihi.
1930 1343 1965 1379 ο
2028 1326 2129 1378 im-

545 1438 784 1497 perator.
814 1440 923 1479 nou
949 1424 1301 1478 considerare
1320 1422 1505 1476 animo
1536 1429 1749 1474 tantum
1781 1429 1862 1473 tot
1894 1418 2128 1473 (aedium

555 1519 762 1574 scelus.
793 1516 984 1587 Neque
1022 1524 1315 1587 postquam
1351 1514 1446 1569 ira:
1482 1512 1636 1567 furor
1668 1510 1967 1570 deferbuit.
1991 1510 2131 1563 ratio

548 1610 666 1680 ipsa
710 1619 924 1664 tantum
972 1606 1482 1679 agnoscitfacinus.
1518 1604 1771 1660 Fortasse
1829 1600 2132 1672 imperialis

549 1713 801 1774 potestas
830 1701 1230 1772 impedimento
1264 1700 1360 1754 tibi
1386 1709 1492 1763 est,
1526 1697 1823 1765 quominus
1845 1704 2130 1766 peccatum

551 1795 896 1866 perspicias:
929 1802 988 1849 et
1015 1793 1186 1848 veluti
1213 1794 1392 1848 nubes
1421 1790 1672 1862 quaedam
1703 1788 1949 1859 potentia
1981 1797 2130 1843 tanta

548 1888 751 1943 rationi
778 1888 994 1959 objecta
1024 1896 1131 1943 est.
1185 1886 1294 1941 Sed
1351 1901 1589 1956 peropus
1626 1892 1733 1949 est,
1790 1894 2043 1937 naturam
2079 1891 2132 1935 te

549 1990 697 2036 tuam
749 1980 877 2037 fatis
915 1980 1232 2044 obnoxiam,
1264 1988 1326 2033 ut
1379 1978 1597 2034 scilicet
1641 1977 1849 2032 caduca
1881 1974 2043 2031 simul
2076 1983 2133 2027 et

551 2074 696 2130 ﬂuxa
725 2077 815 2135 sit.
841 2082 899 2130 et
917 2074 1128 2129 avitum
1150 2082 1319 2143 atque
1341 2088 1371 2127 a
1386 2072 1571 2142 primo
1600 2079 1826 2142 parente
1844 2081 2130 2139 acceptum

553 2166 861 2235 pulverem,
894 2182 962 2220 ex
990 2181 1103 2235 quo
1126 2164 1500 2227 constitimus,
1543 2172 1601 2219 et
1635 2164 1693 2217 in
1746 2177 1915 2232 quem
1973 2160 2132 2215 brevi

554 2258 871 2314 difﬂuentes
896 2268 1266 2323 revertemur.
1304 2257 1696 2313 considerare:
1736 2270 1838 2310 nec
1877 2269 2136 2324 purpura

554 2351 713 2410 ﬂore.
747 2352 840 2421 qui
885 2351 1194 2405 luminibus
1236 2349 1438 2405 mentis
1462 2348 1656 2413 olncit,
1714 2349 1770 2402 in
1801 2346 2134 2402 oblivionem

557 2445 679 2514 ejus
711 2461 873 2514 quam
907 2445 999 2499 illa
1035 2444 1247 2511 obtegit
1300 2442 1564 2512 corporis
1610 2440 2008 2497 imbecillitatis
2041 2440 2140 2495 ad-

558 2536 713 2592 duci.
743 2537 995 2605 Agncsce
1031 2537 1222 2607 igitur,
1256 2543 1308 2589 te
1341 2534 1586 2606 ejusdem
1626 2547 1839 2588 natura;
1864 2542 1922 2588 et
1949 2531 2141 2586 condi-

560 2629 730 2685 tionis
800 2628 1144 2693 bominibus.
1225 2637 1393 2697 atque
1462 2626 1600 2680 adeo
1670 2626 1955 2679 conservis
2033 2624 2141 2679 tuis

561 2718 855 2785 imperare.
878 2716 1201 2773 Communis
1223 2717 1371 2771 enim
1395 2715 1642 2771 omnium
1667 2716 1931 2770 dominus
1959 2725 2014 2769 et
2039 2715 2143 2769 im-

560 2821 785 2879 perator
808 2817 895 2863 est
927 2824 1111 2863 rerum
1144 2808 1414 2863 Conditor
1484 2808 1895 2864 universarum.
1931 2810 2142 2873 Quibus

560 2902 956 2956 verodivinum
986 2900 1296 2956 intueberis
1319 2900 1498 2954 oculis
1529 2899 1792 2967 templum
1818 2898 1841 2952 ἲ
1870 2897 2139 2965 Qualibus

561 2992 798 3063 pedibus
848 3000 1101 3045 sanctum
1148 2988 1281 3044 illud
1312 2988 1555 3043 calcabis
1603 2986 1824 3059 solum?
1856 2987 2142 3053 Quomodo

563 3099 760 3138 manus
798 3080 1050 3146 extolles,
1082 3095 1203 3151 qua:
1250 3079 1399 3135 cade
1440 3079 1628 3147 iniqua
1669 3078 1969 3133 diﬂluunt?
2001 3076 2150 3145 Quo-

2229 586 2515 652 εύξασθαι,
2547 583 2645 638 καὶ
2671 583 2809 653 πρὸς
2832 585 2953 644 ταῖς
2984 581 3177 652 θύραις
3211 580 3452 648 ἐγένετο,
3487 578 3778 645 ὑπαντήσας

2241 678 2591 748 Ἀμϐρὸσιος,
2612 678 2710 732 καὶ
2734 678 2835 745 τῆς
2859 674 3182 745 ἁλουργίδος
3201 672 3503 742 λαϐόμενος
3529 672 3617 723 ἐπὶ
3646 671 3781 760 μέσῳ

2227 765 2304 838 τῷ
2335 770 2550 841 πλήθει,
2573 769 2682 823 τῶν
2712 768 2875 839 ἱερῶν
2894 766 3198 820 ἐπιϐαίνειν
3227 763 3523 835 προθύρων
3543 761 3775 814 ἐκώλυεν(

2183 902 2186 906 .
2237 884 2255 916 ι
2309 863 2589 933 Ἐπίσχες,
2614 862 2839 928 φάσκων
2864 875 2878 890 ·
2905 859 3126 929 ἀνάγνιρ
3149 857 3260 927 γὰρ
3285 856 3477 925 χεῖρας
3511 852 3680 922 ἀνδρὶ,
3701 854 3779 906 καὶ

2231 958 2463 1026 αἵματος
2496 955 2823 1019 σταζούσας,
2873 951 3060 1021 σχεδὸν
3110 949 3271 1004 ἄδικα
3318 945 3685 1016 περιφέροντι,
3716 945 3779 1015 μὴ

2231 1047 2453 1115 θεμιτὸν
2481 1041 2622 1097 εἶναι
2657 1044 2765 1112 πρὸ
2815 1043 2916 1111 τῆς
2977 1038 3289 1111 ἀνηκούσης
3353 1035 3645 1106 μετανοίας
3688 1035 3776 1087 τῶν

2234 1136 2398 1206 ιερῶν
2422 1133 2727 1188 ἐπιϐαίνειν
2749 1130 2943 1196 ούδῶν,
2968 1130 3002 1203 ἢ
3060 1128 3381 1199 μυστηρίων
3430 1123 3590 1177 θείων
3611 1140 3775 1176 κοινω-

2232 1229 2322 1281 νδν
2353 1226 2606 1298 ὁρᾶσθαι.
2644 1224 2871 1286 Ἔοικας
2912 1223 3021 1292 γάρ
3076 1238 3190 1292 μοι,
3220 1214 3265 1272 ὦ
3323 1216 3569 1288 βασιλεῦ,
3603 1214 3775 1285 μηδ’ὲν

2232 1318 2307 1389 νῷ
2345 1317 2526 1385 βαλεῖ)
2553 1315 2616 1368 τὺ
2657 1313 2914 1367 τοσοῦτον
2963 1313 3060 1383 τῆς
3096 1308 3416 1380 μιαιφονίας
3456 1306 3637 1377 ἔργον,
3668 1304 3777 1373 μηδὲ

2232 1409 2309 1481 τῷ
2342 1408 2499 1478 θυμῷ
2518 1407 2767 1477 λήγοντι,
2805 1404 2899 1458 τδν
2930 1400 3195 1471 λογισμὸν
3247 1398 3551 1466 ἐπιγνῶναι
3581 1396 3638 1449 τ).
3684 1395 3779 1446 τάλ-

2237 1520 2415 1574 μημα.
2457 1503 2620 1563 Ἴσως
2650 1498 2758 1566 γὰρ
2785 1500 2817 1567 ἠ
2853 1495 3107 1567 βασιλικὴ
3133 1490 3432 1546 δυναστεία
3455 1487 3696 1556 ἐμποδὼν
3714 1505 3783 1540 σοι

2235 1595 2561 1648 καθίσταται
2588 1591 2651 1646 τὸ
2679 1591 2991 1661 ἁμάρτημα
3030 1587 3264 1641 συνιδεῖν
3289 1599 3306 1617 ο
3334 1579 3421 1637 οἷα
3450 1583 3561 1651 γαρ
3588 1598 3667 1643 τις
3712 1598 3781 1632 vs-

2235 1686 2373 1756 φέλη
2404 1687 2439 1750 ἠ
2487 1685 2707 1752 ἐξουσία
2740 1682 2814 1752 τῷ
2872 1681 2951 1751 σῷ
3004 1680 3285 1733 ἐπίκειται
3329 1674 3601 1744 λογισμῷ.
3651 1673 3785 1725 Ἀλλὰ

2235 1778 2418 1849 χρεὼν
2458 1779 2515 1830 ἐν
2565 1776 2639 1846 νῷ
2694 1775 2881 1830 λαϐεῖν
2909 1773 2970 1827 τὸ
3003 1774 3101 1844 τῆς
3146 1775 3247 1842 σῆς
3283 1771 3553 1840 ἐπίκηρον
3577 1768 3786 1836 φύσεως,

2239 1874 2334 1925 καὶ
2365 1871 2439 1934 ὼς
2471 1869 2639 1941 θνητή
2693 1885 2752 1921 τε
2782 1866 2900 1937 ἅμα
2940 1867 3035 1918 καὶ
3087 1865 3310 1936 ῥέουσα,
3356 1862 3451 1914 καὶ
3480 1860 3571 1913 τὸν
3598 1859 3788 1928 προπά-

2243 1980 2376 2034 τορα
2410 1961 2561 2032 χοῦν,
2604 1961 2663 2025 ἐξ
2695 1954 2756 2015 ού
2790 1956 3232 2026 συνεστήκαμεν,
3270 1955 3364 2008 καὶ
3391 1956 3472 2015 είς
3498 1951 3558 2005 ὃν
3590 1952 3651 2004 οὐ
3678 1952 3792 2019 μετὰ

2242 2052 2379 2108 πολὺ
2443 2050 2883 2123 διαρῥεύσομεν·
2940 2048 3037 2100 καὶ
3088 2046 3165 2115 μὴ
3219 2044 3299 2114 τῷ
3348 2045 3446 2111 τῆς
3504 2039 3792 2110 ἁλουργίδος

2244 2149 2395 2204 ἄνθει
2427 2145 2619 2216 ὥσπερ
2654 2139 3079 2227 ἐπιπροσθούντι
3106 2141 3187 2202 είς
3229 2138 3402 2207 λήθην
3423 2136 3607 2207 ἥκειν,
3638 2127 3694 2186 οὗ
3714 2149 3795 2185 κα-

2245 2242 2439 2295 λύπτει
2476 2239 2729 2310 σώματος
2760 2237 2860 2308 τὴν
2891 2235 3202 2289 ἀσθένειαν.
3229 2229 3406 2284 Γνῶθι
3428 2227 3613 2281 τοίνυν
3633 2226 3703 2289 ὡς
3722 2228 3794 2278 ἀν-

2246 2332 2483 2397 θρώπων
2504 2331 2696 2402 ἄρχεις
2726 2326 2982 2398 ὁμοφυῶν
3013 2344 3071 2379 τε
3122 2323 3220 2379 καὶ
3268 2321 3614 2393 ὁμοδούλων·
3644 2318 3795 2380 κοινὸς

2248 2425 2357 2495 γὰρ
2388 2425 2645 2478 ἁπάντων
2674 2421 2960 2492 δεσπδτης
3009 2420 3105 2473 καὶ
3158 2417 3417 2490 βασιλεὺς
3450 2419 3479 2469 δ
3526 2415 3638 2467 τῶν
3685 2412 3799 2467 ὅλων

2249 2516 2618 2587 Δημιουργός.
2650 2514 2842 2567 Τοίνυν
2868 2515 3046 2576 ποίοις
3077 2512 3381 2582 ὀφθαλμοῖς
3408 2510 3502 2563 τὸν
3535 2508 3674 2561 θεῖον
3698 2506 3798 2575 ὄψει

2251 2613 2427 2675 νεὼν;
2481 2611 2615 2662 Ποσί
2666 2609 2725 2661 δέ
2755 2607 2932 2671 ποίοις
2986 2607 3048 2659 τὸ
3082 2606 3316 2661 δάπεδον
3348 2606 3529 2657 ἐκεῖνο
3564 2604 3797 2671 πατήσεις

2250 2703 2314 2756 τὸ
2338 2703 2529 2769 ἆγιον;
2564 2700 2685 2763 Πῶς
2713 2701 2770 2753 δὲ
2792 2701 2886 2754 καὶ
2911 2701 3100 2770 χεῖρας
3129 2700 3306 2769 ἀρεῖς,
3338 2699 3429 2751 τὸν
3457 2696 3637 2750 ἄδικον
3664 2695 3796 2763 φόνον

2254 2793 2669 2866 ἁπορῤεούσας;
2715 2793 2838 2855 Πῶς
2884 2792 2943 2846 δὲ
2986 2793 3082 2844 καὶ
3121 2791 3183 2845 τὸ
3222 2789 3365 2843 θεῖον
3417 2790 3513 2842 τοῦ
3559 2790 3796 2842 Δεσπύτον

2257 2891 2419 2961 σῶμα
2454 2888 2681 2947 ταύταις
2710 2885 3000 2956 ἐνθήσεις;
3030 2881 3154 2944 Πῶς
3178 2881 3236 2935 δὲ
3272 2883 3363 2935 καὶ
3393 2882 3455 2933 τὸ
3483 2880 3659 2950 τίμιον
3682 2873 3796 2948 αἷμα

2259 2982 2573 3054 προσοίσεις
2598 2980 2677 3049 τῷ
2711 2978 2962 3049 στόματι,
2995 2975 3065 3030 δι’
3091 2966 3154 3028 ού
3186 2973 3346 3045 θυμῷ
3382 2973 3797 3043 βουκολούμενος.

2262 3074 2522 3129 τοσοῦτον
2546 3067 2686 3142 αἷμα
2702 3072 2929 3140 ἐξέχεας
2948 3088 2966 3134 ς
2987 3067 3154 3138 Στῆθι
3170 3068 3353 3120 τοίνυν
3377 3067 3456 3129 ὼς
3482 3066 3797 3137 πορρωτέρω,

563 3170 731 3226 modo
753 3171 919 3225 etiam
955 3169 1206 3224 divinum
1238 3167 1456 3222 Domini
1511 3182 1716 3236 corpus
1741 3167 1824 3222 eis
1851 3167 2144 3237 excipies?

2259 3171 2356 3222 καὶ
2390 3168 2466 3237 μὴ
2499 3165 2699 3231 διπλῆν
2730 3165 2877 3217 ποίει
2909 3159 3093 3230 σαυτῷ
3119 3160 3214 3214 καὶ
3242 3157 3593 3229 μακροτέραν
3614 3160 3701 3223 τὴν
3720 3173 3800 3206 πα-

567 3259 854 3328 Quomodo
871 3258 1197 3330 sanguinem
1218 3258 1522 3330 pretiosum
1556 3257 1624 3312 ad
1660 3271 1724 3313 os
1779 3256 2001 3322 afferes,
2050 3271 2147 3326 per

2254 3257 2546 3330 ρανομίαν.
2580 3256 2751 3324 Δέχου
2778 3254 2836 3308 δὲ
2862 3254 2953 3307 τὸν
2979 3253 3206 3322 δεσμὸν,
3237 3246 3281 3319 ᾧ
3314 3251 3451 3314 Θεὸς
3482 3248 3680 3305 ἄνωθεν
3723 3247 3798 3313 τὴν
3886 3316 3887 3319 η

569 3353 717 3423 quod
751 3352 829 3407 ira
853 3351 1207 3407 transversim
1234 3360 1410 3418 actus,
1470 3360 1685 3405 tantum
1729 3349 1976 3405 eﬂudisti
2025 3365 2155 3404 sau-

571 3446 788 3517 guiuis?
820 3445 995 3513 Quam
1029 3445 1355 3516 longissime
1388 3445 1560 3515 igitur
1587 3443 1816 3510 absiste,
1844 3459 2025 3514 neque
2056 3442 2155 3498 tibi

573 3535 678 3605 ipsi
754 3544 1043 3605 peccatum
1113 3535 1439 3606 adaugendo
1520 3534 1865 3602 iniquitatem
1940 3533 2158 3589 condu-

572 3628 720 3699 plica
740 3627 842 3697 (9.).
882 3627 1175 3683 Vinculum
1205 3636 1390 3682 autem
1422 3626 1569 3697 quod
1601 3627 1747 3682 Deus
1798 3626 2016 3681 caelitus
2044 3625 2158 3679 cal-

574 3720 704 3774 culo
767 3736 868 3774 suo
899 3720 1306 3789 comprobavit.
1346 3720 1587 3790 suscipe.
1623 3718 1774 3789 quod,
1798 3718 1899 3773 tibi
1948 3718 2160 3773 incolu-

576 3813 825 3868 mitatem
888 3827 1077 3866 veram
1169 3810 1554 3866 conciliabit.)
1609 3809 1914 3879 Imperator
1973 3815 2160 3862 autem

573 3905 840 3961 antistitis
873 3904 1093 3959 dicendi
1124 3903 1442 3959 libertatem
1467 3902 1799 3966 admiratus,
1834 3899 2023 3955 verbis
2042 3900 2162 3968 eius

574 3999 768 4064 cessit;
789 4014 914 4052 nam
930 3999 985 4051 in
1009 3997 1214 4052 divinis
1241 3996 1458 4068 legibus
1478 3994 1963 4061 educatusfuerat,
1983 4003 2164 4049 certo-

572 4107 681 4162 que
708 4092 941 4155 sciebat,
974 4104 1223 4161 quaenam
1278 4088 1708 4159 imperatorum,
1745 4086 1914 4157 318
1938 4092 1998 4141 et
2040 4100 2163 4154 qua:

573 4188 741 4239 etiam
770 4184 1159 4253 episcoporum
1194 4192 1389 4237 essent
1411 4179 1621 4235 munia.
1655 4179 1723 4233 Et
1752 4176 2162 4247 cogitabundus

573 4274 923 4344 aliquandiu,
955 4289 1082 4329 cum
1112 4273 1392 4344 lacrymis.
1416 4271 1761 4343 poenitentiae
1776 4269 1984 4325 aculeis
1998 4268 2160 4331 ictus,

576 4368 633 4420 in
660 4368 867 4435 regiam
895 4375 978 4421 est
1002 4380 1282 4421 reversus.
1316 4364 1388 4419 Et
1410 4373 1534 4419 octo
1565 4361 1845 4419 continuis
1874 4358 2163 4414 mensibus

577 4461 804 4530 elapsis,
861 4461 1094 4515 illustris
1161 4460 1438 4516 Natalium
1484 4457 1689 4514 Christi
1746 4454 1971 4511 advenit
2020 4453 2163 4516 dies,

2255 3352 2437 3422 ψῆφον
2472 3350 2779 3419 ἐπήνεγκεν
2802 3363 2817 3378 ⁸
2877 3344 3114 3415 ἀληθοῦς
3148 3344 3194 3397 δ’
3228 3343 3443 3411 ὑγιείας
3495 3342 3672 3396 οὑτοσὶ
3695 3343 3799 3408 πρά.

2261 3443 2431 3509 ξενος.
2477 3461 2497 3494 ι
2546 3441 2606 3494 Ὅ
2633 3441 2691 3494 δὲ
2750 3437 3011 3508 βασιλεὺς
3058 3436 3153 3490 τὸν
3217 3438 3373 3505 ίερέα
3403 3436 3686 3504 θαυμάσας
3722 3433 3799 3500 τῆς

2260 3536 2600 3608 παρρησίας,
2626 3537 2721 3589 καὶ
2744 3535 2859 3596 τοῖς
2889 3532 3071 3599 λόγοις
3102 3530 3253 3597 εἴξας
3277 3548 3292 3563 ·
3327 3530 3495 3593 θείοις
3518 3531 3625 3600 γὰρ
3650 3528 3801 3597 νόμοις

2260 3628 2590 3698 ἐτέθραπτο,
2622 3626 2720 3679 καὶ
2754 3623 2945 3692 σαφῶς
2965 3621 3087 3695 ᾔδει
3126 3619 3245 3676 τίνα
3278 3622 3377 3692 μὲν
3402 3621 3682 3692 βασιλέων,
3708 3619 3801 3671 τίνα

2260 3723 2318 3777 δὲ
2354 3722 2548 3791 ἱερέων
2576 3721 2645 3773 τὰ
2674 3718 2783 3772 ἴδια
2803 3732 2820 3748 ο
2860 3715 3091 3777 σύννους
3120 3713 3353 3767 ἐπιπολὺ
3381 3713 3479 3766 καὶ
3512 3708 3805 3781 δεδακρυμέ-

2262 3828 2352 3877 νος
2375 3815 2489 3875 τοῖς
2521 3812 2619 3878 τῆς
2646 3808 2940 3879 μετανοίας
2962 3805 3217 3874 κέντροις
3255 3804 3606 3872 νυττόμενος,
3639 3802 3708 3861 εις
3749 3798 3806 3849 τὰ

2264 3900 2516 3973 βασίλεια
2548 3897 3029 3967 καθυπέστρεφεν.
3076 3892 3254 3949 Ὀκτὼ
3280 3891 3327 3943 δ’
3354 3890 3556 3960 ἐφεξῆς
3587 3902 3808 3957 παρῳχη-

2263 3993 2439 4047 κότων
2471 3990 2682 4062 μηνῶν,
2711 3992 2746 4060 ἡ
2779 3987 3090 4060 περιφανὴς
3122 3985 3233 4039 τῶν
3261 3982 3564 4039 Γενεθλίων
3608 3974 3807 4049 Χριστοῦ

2263 4085 2566 4139 κατέλαϐεν
2600 4083 2785 4155 ἑορτή.
2845 4082 2905 4134 '0
2938 4081 2997 4134 δὲ
3027 4078 3271 4149 κρατῶν,
3297 4079 3357 4132 ἐν
3408 4078 3522 4140 τοῖς
3553 4071 3807 4146 βασιλείοις

2264 4179 2528 4247 καθῆστο,
2552 4173 2952 4245 δλοφυρόμενός
2995 4189 3056 4225 τε
3091 4175 3187 4226 καὶ
3219 4168 3474 4239 δακρύων
3507 4166 3678 4220 λιϐἀσι
3705 4176 3807 4216 κατ-

2266 4269 2518 4341 αρδεύων
2557 4269 2619 4321 τὺ
2653 4268 2967 4337 πρόσωπον.
3015 4265 3174 4319 Οὕτω
3213 4263 3260 4317 δ’
3291 4263 3489 4332 ἔχοντα
3515 4257 3806 4327 θεασάμενος
3886 4320 3887 4323 η

2278 4360 2563 4428 Ῥουφῖνος
2584 4358 2612 4411 ὁ
2642 4359 2970 4428 μάγιστρος,
3001 4355 3144 4426 ὑπὲρ
3164 4353 3416 4416 ἃπαντας
3444 4350 3732 4422 τιμώμενος
3757 4347 3805 4397 ἐκ
3886 4354 3887 4411 ς

2269 4449 2566 4519 συνηθείας
2593 4448 2672 4518 τῷ
2708 4448 2946 4519 βασιλεῖ,
2982 4446 3171 4517 ἡρέμα
3203 4445 3452 4515 προσιὼν
3483 4445 3545 4497 τὸ
3585 4441 3685 4495 τῶν
3732 4438 3802 4489 διο
3886 4466 3887 4509 ζ

578 4522 741 4620 atque
761 4522 1060 4621 imperator
1085 4553 1142 4607 in
1173 4551 1556 4623 imperialibus
1576 4550 1790 4606 aedibus
1822 4546 2055 4603 sedebat
2079 4545 2147 4599 la-

2266 4544 2451 4615 κρύων
2488 4541 2896 4595 ἀνεπυνθάνετο
2926 4541 3123 4594 αἴτιον.
3156 4539 3218 4591 ὐ
3257 4538 3303 4590 δ’
3335 4538 3402 4589 ἐκ
3444 4534 3635 4608 βάθους
3669 4530 3804 4601 βίαιόν
3886 4522 3887 4525 “

580 4655 858 4706 meutans.
889 4653 945 4699 et
977 4645 1346 4716 lacrymarum
1395 4646 1632 4700 humore
1685 4642 1880 4697 faciem
1950 4640 2161 4709 rigans.

581 4737 755 4801 Quem
812 4738 871 4792 in
908 4748 1064 4794 tanto
1097 4739 1247 4795 luctu
1290 4739 1477 4795 vivere
1504 4738 1600 4795 ubi
1646 4736 1878 4792 Ruﬁnus
1906 4733 2168 4804 magister

583 4833 758 4897 (hunc
803 4840 986 4887 autem
1014 4846 1181 4902 supra
1213 4832 1353 4887 alios
1383 4846 1579 4887 omnes
1618 4831 1709 4885 ille
1738 4838 1968 4900 propter
1998 4826 2166 4881 iami-

580 4931 777 4985 liarem
836 4928 1298 4985 consuetudinem
1358 4923 1684 4993 honorabat)
1745 4922 1905 4987 vidit,
1944 4919 2165 4991 placide

581 5024 649 5079 ad
680 5038 807 5078 eum
840 5021 1094 5086 accessit,
1121 5032 1179 5076 et
1205 5020 1571 5090 lacrymarnm
1592 5030 1813 5071 causam
1841 5012 2162 5083 inquisivit.

582 5118 648 5173 Et
680 5117 793 5182 ille,
811 5115 978 5171 altius
992 5112 1305 5170 vehementi
1327 5121 1380 5168 et
1402 5110 1515 5167 acri
1547 5110 1714 5167 ducto
1734 5108 2001 5178 suspirio,
2030 5119 2166 5172 pro-

582 5210 748 5265 lixius
772 5208 949 5262 ﬂevit.
980 5206 1193 5262 Deinde
1222 5204 1291 5259 ad
1314 5204 1469 5259 illum
1494 5215 1837 5258 conversus:
1881 5218 1901 5251 ι
1927 5197 2010 5251 Tu
2038 5194 2167 5264 qui-

585 5300 733 5362 dem.
790 5297 990 5368 inquit,
1062 5295 1286 5359 Ruﬁne,
1338 5292 1487 5349 ludis
1540 5311 1555 5347 :
1626 5302 1972 5359 nequaquam
2023 5285 2170 5339 enim

588 5392 858 5447 malorum
890 5404 1139 5445 meorum
1166 5402 1364 5443 sensus
1389 5385 1459 5440 ad
1485 5395 1538 5439 te
1591 5380 1864 5454 pervenit.
1913 5377 2045 5432 Mihi
2072 5391 2174 5429 au-

589 5493 700 5537 tem
762 5497 862 5534 rur
893 5496 1103 5552 gemam
1157 5489 1215 5535 et
1260 5479 1500 5548 lugeam,
1562 5486 1744 5529 causa:
1789 5476 2030 5534 exstant,
2081 5466 2175 5536 qui

593 5580 805 5626 tantam
838 5586 961 5641 quae
996 5571 1131 5625 mihi
1153 5569 1374 5633 accidit,
1408 5579 1716 5621 aerumnam
1739 5562 1996 5618 sentiam.
2030 5559 2177 5624 Quo-

596 5665 760 5720 modo
791 5677 922 5718 vero
954 5677 1055 5734 ego
1084 5676 1192 5716 non
1227 5660 1457 5730 aﬂligar,
1483 5672 1608 5713 cum
1647 5653 1824 5711 servis
1854 5662 1910 5707 et
1959 5649 2174 5705 mendi-

667 5776 909 5903 (i-jigbec
955 5774 1125 5831 verba
1170 5773 1539 5831 Theodoritus
1582 5786 1692 5826 non
1746 5768 1932 5832 habet.
1991 5766 2083 5819 lib.
2115 5781 2166 5827 ν,

667 5866 720 5903 n.
820 5887 835 5902 .

598 5865 720 5921 cap.
748 5865 835 5903 ιυ.

2262 4655 2316 4692 τι
2341 4638 2437 4690 καὶ
2464 4637 2825 4706 σφοδρότερον
2855 4632 3191 4702 ἀνοιμώξας,
3231 4632 3562 4700 συχνά-τερον
3592 4623 3803 4695 κατὲρῤει

2265 4730 2324 4784 τὸ
2353 4730 2626 4799 δάκρυον·
2671 4727 2935 4796 καὶπρὸς
2989 4721 3199 4776 ἐκεῖνον
3238 4722 3532 4791 στραφεὶς,
3568 4738 3585 4770 ι
3624 4717 3689 4770 Σὺ
3715 4714 3802 4782 μὲν.

2263 4819 2390 4889 ἔφη,
2434 4816 2704 4887 Ῥουφῖνε,
2731 4808 2986 4879 παίζεις·
3015 4811 3275 4881 αἱσθησις
3306 4812 3416 4878 γάρ
3451 4826 3536 4862 σοι
3568 4807 3670 4859 τῶν
3691 4802 3804 4871 ἐμῶν

2263 4908 2457 4964 δεινῶν
2487 4906 2741 4977 οὐδαμῶς
2767 4921 2781 4935 ·
2814 4906 2941 4972 ἐμοὶ
2985 4903 3044 4957 δέ
3101 4903 3309 4955 στένειν
3341 4902 3436 4953 καὶ
3487 4892 3804 4967 ὀλοφύρεσθαι

2275 5002 2564 5073 πάρεστιν,
2605 4998 3060 5067 ἐπαισθανομένῳ
3090 4995 3299 5065 σφόδρα
3343 4994 3446 5063 τὴν
3478 4989 3805 5057 ἐπεισφρήσα-

2280 5108 2380 5145 σαν
2408 5088 2717 5160 συμφοράν.
2754 5088 2866 5141 Καὶ
2900 5085 3019 5149 πῶς
3070 5088 3181 5153 γὰρ
3204 5086 3305 5136 οὐκ
3344 5085 3405 5133 ἐν
3428 5081 3621 5143 δεινοῖς
3649 5077 3805 5144 ἔγωγε.

2277 5184 2475 5251 ὅτιπερ
2506 5182 2623 5243 τοῖς
2650 5179 2751 5249 μὲν
2780 5178 3024 5240 οἰκέταις
3057 5175 3155 5228 καὶ
3185 5173 3521 5244 προσαίταις
3556 5169 3668 5224 κατ’
3695 5166 3835 5235 trioa-7

2279 5276 2403 5326 σίαν
2457 5273 2665 5341 ἐφεῖται
2719 5273 2902 5325 πᾶσαν
2949 5272 3032 5332 είς
3084 5268 3175 5321 τὸν
3228 5267 3375 5323 θεῖον
3422 5264 3595 5326 ἀδεῶς
3623 5260 3805 5314 εἰσιέναι

2280 5367 2416 5420 νεών
2436 5383 2452 5399 ο
2484 5369 2611 5436 ἐμοὶ
2643 5367 2688 5418 δ’
2717 5366 2778 5419 ού
2814 5365 2980 5435 μόνον
3011 5356 3169 5425 οὗτος
3197 5363 3259 5416 ού
3292 5361 3545 5431 βάσιμος,
3579 5356 3703 5411 ἀλλὰ
3738 5353 3806 5405 καὶ

2281 5460 2514 5529 οὐρανὸς
2562 5459 2727 5518 αὐτὸς
2783 5456 3246 5520 ἀποκεκλεισταις
3278 5453 3423 5507 Οὐδὲ
3469 5452 3577 5520 γὰρ
3606 5446 3804 5517 ἀμύητος

2280 5554 2379 5621 τῆς
2410 5552 2558 5615 θείας
2585 5552 2805 5621 ἐκείνης
2838 5549 3055 5618 φωνῆς,
3080 5548 3116 5619 ἡ
3138 5545 3441 5617 διαρρήδην
3468 5540 3738 5613 ψηφίζεται
3757 5536 3803 5583 τὰ

2283 5648 2375 5697 ἐπὶ
2406 5644 2511 5714 γῆς
2537 5643 2800 5714 δεδεμένα
2820 5645 2934 5706 τοῖς
2963 5643 3006 5693 ιε
3018 5639 3174 5712 ρεῦσι
3205 5637 3344 5692 Θεοῦ
3376 5637 3516 5689 κάπὶ
3550 5636 3655 5696 τοῖς
3676 5629 3803 5697 οὐρα-

2352 5762 2427 5830 (2)
2464 5761 2798 5824 Ambrosius,
2831 5759 2927 5816 lib.
2968 5757 3137 5829 Epist.
3181 5773 3233 5819 ν,
3265 5770 3354 5825 cp.
3389 5752 3483 5808 ‘28.
