3800 6544
453 403 562 469 895

1686 340 2089 442 Nfcspuont
2134 372 2469 434 CALLlSTl

3577 353 3675 418 896

459 533 582 572 rare
602 526 771 569 sacrm:
805 507 1092 562 medicina:
1123 502 1384 558 remedia.
1421 500 1601 555 Meum
1619 509 1803 552 autem
1834 494 2021 554 fuerit,

2149 490 2223 548 τὰς
2247 483 2556 554 δημοτικὰς
2590 478 2684 533 καὶ
2713 478 2822 532 τῶν
2874 480 2970 533 ἐπὶ
2997 476 3215 543 θανάτῳ
3271 467 3675 533 καταδικαζομέ-

459 625 524 665 ea
555 605 859 674 suscipere,
890 598 1105 655 etiamsi
1143 595 1374 650 multum
1431 592 1666 646 habeant
1714 588 2025 644 acrimonia:

459 707 515 753 et
545 694 883 762 asperitatis.
926 709 944 741 ι
975 690 1052 742 lh't
1082 697 1196 742 tum
1232 685 1555 738 Ambrosius
1600 677 2022 747 divino'Spiritu

461 790 658 859 plenus
702 804 716 841 :
759 806 776 837 ι
811 781 1294 850 Quandoquidem,
1329 778 1427 838 ait,
1460 777 1540 829 ira
1572 774 1882 827 concitatus
1904 771 2028 825 vin-

464 882 665 934 dictam
707 879 868 931 aliam
920 872 1250 943 pra'cepisti,
1299 878 1355 924 et
1387 869 1712 922 sententiam
1743 866 1885 918 illam
1919 877 2027 916 non

465 973 605 1027 ratio
629 975 683 1025 in
712 967 1015 1038 tranquillo
1049 974 1194 1019 statu
1223 977 1323 1017 suo
1376 961 1709 1021 consistens,
1754 956 1846 1010 sed
1879 955 2032 1008 furor

466 1065 656 1119 insana
683 1071 739 1116 et
766 1058 985 1115 vecordi
1021 1054 1246 1109 audacia
1275 1052 1577 1122 productus
1608 1050 1753 1111 tulit,
1779 1061 1831 1101 ut
1856 1049 2030 1116 legem

465 1160 521 1205 ct
552 1149 999 1205 constitutionem
1039 1146 1114 1213 (l)
1151 1142 1465 1214 promulgcs
1509 1141 1742 1210 impero,
1785 1153 1909 1207 qua:
1938 1138 2034 1190 iraa

454 1242 706 1296 calculos
728 1239 1074 1302 condemnet,
1110 1234 1488 1305 etjussionum
1528 1241 1748 1285 tuarum
1798 1227 2035 1282 admini-

469 1334 602 1389 stris
644 1332 908 1401 injungat.
967 1338 1024 1381 ut
1076 1329 1292 1399 publica
1344 1326 1552 1395 judicia
1609 1337 1666 1379 et
1712 1321 2032 1391 capitalium

471 1438 760 1478 causarum
792 1436 982 1490 pmnas
1026 1422 1090 1474 ad
1125 1402 1458 1474 tricesimam
1491 1432 1663 1485 usque
1702 1414 1846 1468 diem
1880 1411 2038 1465 dill‘e-

474 1527 599 1570 rant
628 1517 727 1585 (2).
764 1516 831 1569 Et
863 1522 922 1568 ut
966 1512 1256 1567 sententiae
1286 1509 1550 1579 capitales
1573 1507 1625 1560 iu
1661 1506 1923 1574 scriptum
1954 1520 2038 1557 re-

474 1610 612 1673 latae,
651 1617 860 1662 rectum
885 1618 940 1659 et
967 1617 1220 1674 pacatum
1279 1598 1799 1668 rationisjudicium
1843 1611 2041 1664 exspe-

474 1708 648 1754 ctent.
719 1698 883 1767 320
938 1698 1112 1751 Porro
1164 1695 1361 1749 diebus
1423 1692 1511 1745 his
1550 1691 1786 1758 elapsis,
1842 1686 2042 1756 quibus

472 1790 804 1862 iudiciorum
820 1804 946 1842 cura
975 1788 1265 1841 commissa
1294 1793 1399 1847 est,
1428 1783 1695 1850 scriptum
1735 1780 2038 1850 proferant,
2072 1821 2116 1879 Β

481 1891 540 1936 ut
567 1882 783 1936 scilicet
837 1896 959 1933 cum
1008 1880 1119 1949 jam
1152 1879 1232 1931 ira
1267 1875 1623 1937 deferbuerit,
1651 1881 1705 1924 et
1747 1869 1884 1924 ratio
1934 1868 2041 1922 sibi

481 1970 584 2038 ipsi
627 1969 878 2024 restituta
910 1968 1097 2028 luerit,
1137 1966 1466 2020 sententiam
1509 1964 1672 2018 latam
1706 1976 1804 2028 per
1833 1958 2045 2027 disqui-

482 2061 734 2115 sitionem
776 2059 1135 2130 perpendant,
1194 2058 1410 2128 justaue
1470 2056 1560 2116 sit,
1595 2070 1661 2108 an
1720 2053 1931 2122 iniqua.
1971 2051 2046 2104 Ac

482 2151 756 2221 siquidem
782 2159 970 2204 contra
998 2148 1087 2217 jus
1110 2162 1173 2200 ea
1200 2155 1462 2214 concepta
1485 2145 1673 2208 fuerit,
1693 2144 1875 2197 statim
1921 2155 2044 2195 eam

483 2244 839 2297 conscindet:
871 2244 953 2296 sin
988 2251 1198 2299 contra.
1230 2238 1400 2292 multo
1454 2236 1616 2292 etiam
1647 2237 1817 2304 magis
1846 2233 2049 2286 contir-

485 2335 678 2389 tnabit.
730 2334 798 2389 Et
832 2334 1046 2387 dierum
1088 2332 1319 2385 istorum
1359 2343 1619 2382 numerus
1672 2327 1737 2379 ad
1795 2326 1847 2378 id
1900 2325 2044 2393 quod

486 2425 761 2480 conducat
803 2422 1035 2477 maxime
1065 2419 1501 2490 cognoscendum
1535 2418 1797 2486 proderit.
1866 2418 2047 2472 Perm-

486 2528 660 2587 quum
690 2515 838 2569 cnim
871 2527 975 2576 est,
1021 2523 1233 2580 tempus
1260 2510 1311 2564 id
1350 2509 1711 2568 intercedere,
1744 2508 1887 2577 quod
1920 2522 2043 2561 cum

487 2607 840 2678 imperatoris
866 2605 1000 2658 iram
1034 2605 1230 2673 placet,
1282 2611 1400 2656 tum
1435 2602 1621 2653 furore
1664 2601 2047 2666 languescente

488 2698 808 2754 humanitati
838 2707 891 2751 et
921 2694 1312 2749 misericordia:
1334 2694 1515 2746 locum
1542 2693 1660 2745 det.
1698 2710 1714 2741 ι
1744 2689 2048 2758 Imperator

488 2793 655 2863 igitur
716 2789 883 2845 divini
936 2786 1197 2842 antistitis
1246 2783 1621 2855 prmscriptum
1676 2783 1939 2851 suscepit,
1993 2790 2051 2835 et

448 2873 459 2887 ³
485 2886 756 2953 optimum
788 2882 841 2936 id
871 2896 991 2935 esse
1014 2879 1172 2934 dixit.
1203 2876 1504 2933 COnl‘estim
1542 2876 1704 2931 etiam
1740 2876 1817 2945 (5)
1845 2874 2052 2930 consti-

486 2976 755 3029 tutionem
787 2971 1134 3040 conscripsit,
1161 2980 1219 3025 et
1245 2978 1307 3023 ut
1334 2970 1386 3022 in
1415 2970 1808 3036 sempiternum
1879 2967 2051 3020 robur

486 3082 644 3121 suum
663 3064 956 3127 obtineret,
979 3076 1176 3115 manus
1202 3076 1314 3114 suae
1339 3058 1740 3127 subscriptione
1774 3074 1893 3112 eam
1922 3073 2051 3112 con-

489 3158 742 3213 lirmavit.
769 3157 889 3222 Quo
918 3155 1085 3220 facto,
1104 3153 1386 3207 vinculum
1412 3167 1629 3221 quoque
1648 3152 1796 3205 illius
1814 3150 2049 3204 solutum

487 3259 591 3313 est,
628 3263 752 3303 cum
775 3246 992 3317 quidem
1017 3244 1235 3315 publice
1265 3244 1418 3313 prius
1452 3244 1746 3311 imperator
1766 3249 2050 3309 peccatum

488 3359 650 3398 suum
693 3342 750 3395 in
782 3339 1014 3394 ecclesia
1032 3337 1318 3391 confessus
1346 3334 1561 3397 fuisset,
1589 3342 1645 3386 et
1676 3333 1912 3386 libenter
1956 3331 2051 3385 ad-

490 3433 713 3489 modum
735 3430 1090 3485 constitutum
1109 3426 1443 3497 pcenitentixe
1464 3435 1679 3491 tempus
1699 3424 2050 3490 suscepisset.

378 3510 398 3529 ⁸
490 3526 609 3589 Quo
638 3531 884 3591 tempore
916 3520 970 3572 in
1005 3519 1153 3573 luctu
1194 3520 1419 3587 degens,
1477 3514 1856 3582 imperialibus
1885 3528 2055 3566 orna-

492 3614 691 3670 mentis
720 3627 852 3666 usus
883 3625 990 3664 non
1020 3618 1122 3664 est.
1167 3608 1376 3663 Deinde
1415 3606 1471 3659 in
1509 3605 1646 3661 sacri
1687 3606 1871 3672 templi
1906 3606 2055 3660 mdes

491 3703 786 3766 admissus,
820 3716 927 3756 non
956 3710 1107 3755 stans
1130 3699 1245 3765 ille,
1290 3711 1467 3766 neque
1502 3698 1732 3766 genibus
1759 3696 1934 3761 ﬂexis,
1972 3710 2057 3750 re-

496 3809 620 3847 rum
685 3794 1069 3847 universarum
1142 3790 1429 3844 Dominum
1484 3787 1739 3857 precibus
1779 3788 2052 3857 placavit:

491 3885 588 3940 sed
611 3898 815 3953 pronus
854 3882 907 3937 iu
955 3883 1130 3936 solum
1160 3881 1425 3948 abjectus,
1482 3879 1851 3933 miserabilem
1910 3878 2054 3933 illam

493 3972 717 4028 Davidis
741 3972 929 4026 emisit
956 3985 1148 4024 vocem
1179 3985 1195 4023 :
1241 3969 1470 4022 Adhaesit
1516 3971 1834 4037 pavimento,
1874 3968 2056 4021 anima

492 4081 632 4127 mea,
656 4063 857 4129 viviﬁca
874 4078 953 4116 me
967 4061 1249 4115 secundum
1275 4061 1482 4126 verbum
1501 4058 1695 4112 tuum'.
1723 4076 1741 4109 ι
1766 4059 1834 4113 Et
1847 4072 2056 4113 comam

491 4155 721 4221 insuper
750 4155 977 4216 vellens,
1008 4151 1354 4219 frontemque
1381 4150 1758 4211 diverberatis,
1791 4159 1848 4204 et
1881 4148 2056 4204 solum

491 4246 751 4316 lacrymis
784 4244 1176 4307 madelaciens,
1209 4243 1393 4297 delicti
1435 4242 1651 4296 veniam
1687 4242 1753 4296 ad
1784 4256 1910 4295 eum
1939 4256 2056 4296 mo-

492 4338 622 4390 dum
652 4337 831 4406 petiit.
874 4337 1169 4405 Postquam
1196 4351 1328 4390 vero
1365 4344 1579 4404 tempus
1637 4336 1877 4394 advenit.
1931 4348 2055 4389 cum

491 4443 618 4482 eum
650 4444 801 4483 more
831 4438 1078 4498 recepto,
1109 4444 1311 4482 munus
1348 4428 1415 4482 ad
1444 4443 1654 4482 sacram
1690 4442 1936 4482 mensam
1983 4426 2049 4481 af-

2165 4410 2396 4479 ἐπῄνεσε
2460 4407 2737 4469 Θεοδόσιος
2759 4422 2772 4437 ·

492 4519 640 4574 ferre
670 4529 971 4589 oporteret,
1020 4520 1331 4589 lacrymans
1385 4520 1649 4583 surrexit,
1708 4530 1765 4574 et
1811 4518 2059 4573 divinum

493 4612 795 4665 sacrarium
826 4611 1107 4683 ingressus
1134 4622 1254 4667 est:
1288 4622 1345 4667 et
1374 4613 1521 4667 dono
1552 4628 1619 4667 ex
1660 4611 2063 4668 consuetudine

494 4704 700 4770 oblato,
733 4704 877 4758 intra
933 4720 1122 4759 sacros
1144 4704 1419 4758 cancellos
1483 4704 1806 4772 permansit,
1845 4703 1902 4755 in
1934 4718 2066 4755 san-

494 4797 669 4852 ctiore
694 4797 1040 4852 sacerdotum
1065 4798 1208 4861 loco,
1247 4797 1340 4851 ubi
1365 4796 1672 4864 antiquitus
1699 4796 2064 4864 imperatores

494 4891 801 4944 consistere
844 4904 966 4944 mos
998 4897 1136 4954 erat,
1165 4896 1393 4957 propter
1417 4887 1700 4957 dignitatis
1753 4887 2064 4941 sublimita-

495 4989 602 5035 tem
630 4998 660 5035 a
691 4981 851 5049 plebe
865 4988 1210 5049 segregatos.
1230 4978 1402 5042 Quam
1428 4982 1542 5031 rem
1564 4979 1710 5046 quod
1735 4978 2063 5032 Ambrosius

492 5071 825 5125 adulationis
858 5074 1030 5140 magis
1056 5084 1223 5138 quam
1245 5068 1457 5124 ordinis
1485 5069 1619 5125 recti
1647 5084 1769 5125 esse
1806 5070 2054 5139 putabat,

601 5163 618 5194 ⁸
654 5164 802 5218 Psal.
843 5177 1034 5225 cum,
1060 5161 1154 5215 25.

566 5305 642 5375 (l)
669 5301 1017 5375 Constitutio
1038 5298 1339 5355 Theodosii
1369 5297 1439 5354 de
1474 5296 1699 5370 judiciis
1734 5293 2063 5366 capitalibus

495 5371 606 5431 non
630 5371 1071 5442 praecipitandis.

568 5441 654 5513 (2)
674 5442 1017 5513 Theodosius
1049 5449 1208 5495 antea
1225 5441 1349 5513 lege
1384 5444 1678 5497 sanxerat,
1714 5443 1773 5513 ut
1810 5445 1906 5488 aut
1931 5449 2060 5513 c_on-

497 5504 703 5570 victum
759 5512 913 5564 velox
942 5527 1101 5579 paena
1156 5504 1675 5579 subd’uceret,_aut
1716 5504 2058 5579 liberandan

496 5582 747 5637 custodia
771 5572 1029 5634 diuturna
1050 5596 1158 5633 non
1190 5584 1512 5632 macerarct.
1544 5574 1608 5628 L.
1639 5574 1711 5628 De
1740 5583 1856 5628 test.
1892 5572 1953 5628 C.
1989 5574 2064 5626 De

500 5652 723 5706 custod.
749 5663 895 5701 reor.

574 5721 652 5783 t5)
679 5716 1013 5773 Cuttstitutio
1056 5714 1351 5771 Theodosii
1396 5714 1518 5783 talis
1552 5713 1691 5768 fuit:
1732 5712 1903 5783 Impp.
1952 5708 2069 5783 Χα-

504 5779 826 5846 leutitIianus
860 5794 909 5839 et
941 5786 1250 5839 Theodosius
1282 5786 1449 5854 Augg.
1475 5780 1734 5837 Flaviano
1770 5779 1828 5836 1".
1857 5782 1917 5835 Ρ.
1944 5779 2069 5850 “ly-

2127 596 2236 630 νων
2281 580 2380 637 τὰς
2415 572 2725 644 τιμωρίας·
2794 573 2891 625 καὶ
2943 565 3333 636 γεγραμμέναι
3392 560 3675 627 μενέτωσαν

2125 670 2225 738 τὴν
2257 664 2429 735 ὀρθὴν
2461 663 2555 716 καὶ
2581 660 2861 732 ἀτάραχον
2889 659 2996 712 τῶν
3026 652 3309 724 λογισμῶν
3344 649 3673 738 ἰκδεγόμεναι

2129 756 2333 825 κρίσιν.
2359 753 2481 806 Τῶν
2511 751 2556 804 δ’
2588 750 2809 820 ἡμερῶν
2838 748 3046 803 τούτων
3065 743 3416 805 διελθουσῶν,
3441 734 3519 803 οἷς
3541 738 3671 792 τοῦτο

2134 848 2316 919 μέλον,
2377 848 2446 899 τὰ
2495 843 2869 914 γεγραμμένα
2913 842 3325 895 δεικνύτωσαν’
3366 834 3442 897 ὡς
3495 834 3558 888 ἂν
3598 838 3670 888 τοῦ

2131 938 2309 1009 θυμοῦ
2338 939 2622 1008 λήξαντος,
2653 934 2777 988 καθ’
2804 934 2997 987 έαυτδν
3041 935 3069 986 ὁ
3097 929 3361 1000 λογισμὸς
3392 925 3670 995 γενόμενος,

2132 1031 2379 1096 ἐξετάσει
2406 1028 2525 1098 δοίη
2554 1028 2620 1080 τὰ
2657 1026 3001 1095 ἐγνωσμένα.
3055 1023 3154 1076 εἴτ’
3185 1026 3243 1074 έν
3292 1021 3419 1089 δίκῃ
3455 1019 3555 1085 εἴη.
3586 1019 3669 1070 εἴτε

2134 1120 2228 1173 καὶ
2254 1120 2416 1172 ἄδικα
2436 1134 2451 1149 ·
2499 1118 2604 1172 κᾶν
2662 1118 2759 1187 μὲν
2787 1117 2939 1186 παρὰ
2982 1116 3161 1185 δίκην,
3195 1111 3360 1173 εὐθὺς
3390 1107 3668 1179 διαῤῥὴξει’

2135 1214 2185 1267 εί
2238 1213 2281 1266 δ’
2314 1212 2383 1266 αὖ
2414 1211 2754 1275 τούναντίον,
2812 1208 3107 1278 βεὸαιὼσει
3139 1205 3364 1276 μᾶλλον.
3417 1201 3522 1255 Καὶ
3543 1199 3673 1252 ὁτῶν

2136 1304 2361 1375 ἡμερῶν
2393 1302 2626 1374 ἀριθμὸς
2653 1301 3000 1369 λυσιτελήσει
3059 1299 3198 1370 πρδς
3229 1294 3306 1365 τῷ
3336 1296 3398 1347 τὸ
3434 1294 3675 1363 συμφέρον

2139 1396 2376 1465 μάλιστα
2430 1394 2750 1461 διαγνῶναι.
2806 1393 2968 1454 Εἰκὸς
3024 1391 3134 1459 γὰρ
3184 1386 3329 1442 εἶναι
3362 1387 3458 1439 τὸν
3486 1386 3677 1454 ἐνμέσῳ

2137 1485 2325 1537 τοῦτον
2366 1484 2580 1554 χρόνον,
2605 1482 2705 1552 τήν
2735 1499 2795 1534 τε
2842 1474 3106 1552 βασιλέως
3164 1480 3474 1548 μαλάσσειν
3519 1476 3675 1546 ὀργὴν,

2140 1574 2354 1630 καὶτοῦ
2390 1574 2565 1644 θυμοῦ
2598 1573 3081 1643 παρακμάζοντος,
3117 1571 3254 1636 ὲλέῳ
3284 1568 3383 1621 καὶ
3414 1566 3681 1636 φιλανθρωο

2143 1668 2243 1739 πίᾳ
2270 1666 2522 1734 γενέσθαι
2554 1665 2761 1736 χώραν.
2795 1684 2814 1715 ι
2863 1664 2923 1716 '0
2960 1664 3217 1732 βασιλεὺς
3263 1661 3447 1712 τοίνυν
3496 1660 3583 1730 τὴν
3606 1657 3680 1709 τοῦ

2143 1761 2290 1813 θείου
2325 1760 2516 1828 ἱερέως
2574 1759 2863 1829 εἰσήγησιν
2894 1757 3067 1825 ἡδέως
3117 1754 3440 1821 δεξάμενος,
3465 1754 3552 1804 καὶ
3578 1752 3673 1819 ἀρί-

2146 1868 2275 1920 στην
2305 1845 2447 1902 εἶναι
2479 1849 2682 1918 φήσας,
2721 1847 2886 1907 εὐθὺς
2919 1847 3012 1899 καὶ
3044 1847 3139 1898 τὸν
3160 1844 3325 1912 νόμον
3348 1843 3552 1912 ἔγραφε
3573 1859 3587 1871 ’
3606 1843 3684 1893 καὶ

2146 1945 2202 2005 ἐς
2233 1919 2294 1994 τὸ
2345 1941 2593 2011 διηνεκὲς
2653 1941 2711 1991 τὸ
2769 1938 2983 2008 βέὄαιον
3031 1919 3200 2004 ἔχειν,
3226 1937 3322 1988 καὶ
3352 1936 3465 1996 τοῖς
3494 1935 3685 1995 οἰκείοις

2145 2032 2427 2094 δακτύλοις
2452 2029 2914 2100 κατησφαλίζετο.
2957 2021 3032 2081 Οὗ
3064 2029 3127 2095 δὴ
3162 2025 3489 2094 γενομένου,
3537 2025 3618 2077 καὶ
3663 2026 3685 2075 ὁ

2145 2123 2344 2200 δεσμὸς
2394 2120 2670 2175 διελύετο·
2727 2119 2967 2191 δημοσίᾳ
3018 2118 3240 2184 πρῶτον
3290 2119 3391 2184 τὴν
3447 2116 3686 2186 ἁμαρτίαν

2147 2217 2232 2268 ἐπ’
2295 2215 2600 2284 ἐκκλησίας
2673 2213 3114 2284 ὁμολογήσαντος
3186 2209 3283 2262 τοῦ
3352 2208 3684 2278 κρατοῦντος,

2145 2308 2324 2378 ἠπίως
2351 2307 2396 2358 δ’
2422 2305 2484 2358 εὖ
2515 2306 2665 2374 μάλα
2690 2304 2786 2357 καὶ
2818 2304 2909 2355 τδν
2936 2300 3226 2372 δρισθέντα
3247 2300 3426 2368 τούτῳ
3450 2300 3525 2359 εἰς
3550 2298 3689 2366 μετό-

2147 2415 2297 2451 νοιαν
2333 2396 2523 2465 χρόνον
2557 2394 2946 2461 εἰσδεξαμένων
2972 2408 2987 2423 '
3029 2393 3089 2444 ὲν
3116 2385 3158 2456 ᾧ
3193 2385 3353 2457 οἷάγε
3384 2389 3602 2453 πενθῶν,
3626 2388 3687 2456 τῷ

2149 2488 2419 2560 βασιλικῷ
2454 2486 2552 2538 οὐκ
2581 2486 2857 2556 ἐχρήσατο
2904 2483 3117 2552 κόσμῳ.
3163 2482 3397 2533 Ἔπειτα
3429 2479 3532 2531 τῶν
3556 2482 3693 2532 θείων

2148 2581 2459 2651 περιϐόλων
2505 2579 2783 2643 ἀξιωθεὶς,
2821 2575 2919 2644 οὐχ
2977 2572 3173 2635 ἑστὼς,
3209 2571 3336 2624 οὔτε
3384 2570 3490 2640 μὴν
3518 2573 3688 2633 γόνατι
3741 2616 3744 2619 .

2149 2673 2371 2740 κλίνων,
2401 2676 2493 2726 τὸν
2515 2673 2625 2726 τῶν
2650 2672 2786 2726 ὅλων
2813 2670 2954 2723 ίλέου
2979 2668 3259 2736 Δεσπότην
3280 2683 3296 2698 ·
3326 2667 3537 2736 πρηνὴς
3562 2666 3603 2718 δ’
3620 2666 3690 2717 ἐπ’

2148 2768 2375 2833 ἐδάφους
2400 2765 2758 2837 ἐρριμμένος,
2787 2764 2888 2832 τὴν
2912 2759 3210 2826 Δαυῖτικὴν
3236 2760 3457 2827 ἐκείνην
3478 2759 3689 2820 ἐλεεινῶς

2150 2861 2329 2929 ἀφῆκε
2355 2860 2539 2928 φωνήν
2565 2872 2579 2887 ⁶
2618 2854 2951 2922 Ἐκολλήθη
2979 2851 3058 2917 τῷ
3087 2852 3293 2920 ἐδάφει
3328 2852 3366 2917 ἠ
3390 2851 3555 2919 ψυχή
3571 2867 3688 2919 μου·

2151 2950 2338 3019 ζῆσόν
2359 2967 2438 3020 με
2475 2947 2628 3003 κατὰ
2680 2947 2791 3001 τὸν
2837 2948 3026 3014 λόγον
3076 2958 3219 2997 σου.
3280 2941 3489 2995 Tm...”
3535 2942 3693 3004 δὲτὰς

2150 3042 2345 3113 τρίχας
2372 3043 2470 3096 καὶ
2495 3041 2555 3095 τὸ
2582 3039 2834 3110 μέτωπον
2863 3037 3109 3098 τύπτων,
3145 3035 3385 3103 δάκρυσί
3417 3051 3475 3085 τε
3507 3034 3688 3103 βρέχων

2152 3136 2211 3186 ca
2254 3134 2469 3201 ἔδαφος,
2535 3135 2641 3204 καὶ,
2678 3131 2776 3199 τὴν
2825 3128 3039 3180 ἐκεῖθεν
3087 3126 3209 3198 ᾔτει
3259 3125 3586 3191 συγγνώμην
3624 3122 3689 3187 τῷ

2155 3228 2479 3293 πταίσματι.
2524 3225 2612 3285 Ὠς
2642 3222 2698 3276 δὲ
2732 3220 2825 3275 καὶ
2848 3219 3041 3287 καιρὸς
3067 3218 3263 3286 ἐνέστη
3300 3217 3424 3269 καθ’
3458 3215 3514 3265 ὄν
3535 3214 3688 3283 ἐχρῆν,

2153 3316 2343 3385 ὥσπερ
2372 3311 2439 3384 ἧν
2463 3314 2583 3374 ἔθος
2611 3316 2675 3383 τῇ
2712 3313 2835 3382 ἱερᾷ
2864 3310 3114 3379 τραπέζῃ
3141 3309 3210 3359 τὰ
3244 3307 3396 3374 δῶρα
3429 3321 3691 3374 προσενεγ-

2154 3411 2294 3473 κεῖν,
2356 3407 2663 3475 σὺνδακρυς
2729 3402 2940 3456 ἐκεῖθεν
3008 3399 3351 3469 ἀνεγερθεὶς,
3407 3399 3510 3450 τῶν
3558 3396 3689 3447 θείων

2154 3501 2472 3568 ἀνακτόρων
2495 3496 2664 3565 ἐπέϐη
2693 3511 2707 3527 ⁹
2732 3496 2828 3548 καὶ
2856 3496 2925 3547 τὰ
2974 3492 3204 3546 εἰωθότα
3239 3490 3392 3556 δῶρα
3426 3504 3689 3555 προσενεγ-

2154 3590 2286 3652 κὼν.
2311 3590 2455 3642 ἔνδον
2501 3589 2612 3640 τῶν
2667 3587 2831 3657 ἱερῶν
2866 3583 3160 3661 κιγκλίδων
3186 3582 3434 3646 ἐγένετο,
3466 3580 3536 3647 τῷ
3567 3580 3687 3645 ἱεραο

2155 3686 2285 3754 τείῳ
2310 3685 2445 3736 ὅπου
2468 3681 2531 3749 δὴ
2559 3683 2622 3734 ἔκ
2653 3678 2890 3733 παλαιοῦ
2915 3677 3033 3739 ἔθος
3060 3671 3129 3747 ἦν
3155 3676 3281 3736 τοὺς
3310 3672 3543 3741 βασιλεῖς
3567 3672 3689 3722 ἵστα-

2158 3776 2303 3837 σθαι,
2339 3772 2459 3828 κατ⁹
2487 3771 2682 3842 ἐξοχὴν
2711 3770 2806 3823 τοῦ
2842 3768 2972 3822 λαοῦ
3029 3764 3499 3836 κεχωρισμένους.
3534 3763 3589 3813 Ὀ
3613 3779 3690 3812 κο-

2157 3866 2381 3927 λακείας
2409 3865 2612 3932 μᾶλλον
2643 3862 2677 3931 ἢ
2709 3861 2965 3928 εὐταξίας
2995 3855 3135 3911 εἶναι
3166 3845 3494 3920 ὑπειληφὼς
3521 3855 3547 3906 δ
3580 3853 3693 3921 ’Δμ-

2158 3959 2394 4031 6ρόσιος,
2448 3958 2543 4008 καὶ
2600 3953 2693 4006 τὸν
2754 3951 3035 4022 βασιλικὸν
3079 3949 3155 4013 ὡς
3207 3949 3391 4020 χρεὼν
3428 3947 3693 4018 τηνικαῦτα

2157 4050 2323 4104 τόπον
2351 4044 2683 4119 ἔρρὑμιζε,
2707 4043 2800 4095 τὸν
2822 4043 2929 4112 πρὸ
2958 4041 3066 4094 τῶν
3094 4040 3427 4110 δρυφάκτων
3469 4042 3579 4110 ἦτοι
3604 4037 3693 4087 τῶν

2156 4132 2252 4188 τοῦ
2283 4132 2548 4203 ίερατείου
2584 4128 2880 4197 κιγκλίδων
2905 4143 2921 4159 ⁸
2987 4126 3128 4179 ὥστε
3172 4126 3269 4180 τοῦ
3318 4128 3418 4197 μὲν
3443 4126 3565 4178 λαοῦ
3610 4126 3691 4191 τὴν

2160 4225 2454 4297 προεδρίαν
2490 4223 2583 4276 τὸν
2618 4220 2926 4292 κρατοῦντα
2958 4218 3122 4288 ἔχειν,
3148 4217 3320 4271 αὐτοῦ
3358 4218 3417 4271 δὲ
3448 4216 3693 4285 προκαθῆ-

2164 4318 2288 4371 σθαι
2320 4317 2447 4377 τοὺς
2479 4316 2689 4386 ἱερέας.
2719 4312 2824 4366 Ἦν
2847 4310 2911 4381 δὴ
2943 4312 3038 4363 καὶ
3079 4309 3203 4363 τότε
3258 4310 3359 4380 μὲν
3387 4309 3463 4370 ὡς
3498 4308 3693 4375 ἀρίστην

2840 4405 3150 4473 ἔκράτυναν
3190 4401 3249 4454 δὲ
3281 4402 3334 4454 οί
3389 4397 3691 4465 καθεξῆς⁶ἢ

2168 4501 2263 4553 καὶ
2282 4502 2339 4562 ὲς
2375 4498 2536 4567 δεῦρο
2566 4496 2624 4563 ἐξ
2672 4494 2883 4549 ἐκείνου
2939 4492 3299 4563 φυλάσσεται.
3356 4490 3495 4558 Ἐγὼ
3536 4490 3584 4542 δὲ
3617 4489 3692 4539 καὶ

2168 4590 2316 4655 am:
2346 4590 2440 4641 τοῦ
2474 4587 2628 4649 ἔτους
2654 4582 2797 4639 εἶδον
2829 4587 2956 4647 τοὺς
2979 4584 3101 4637 καθ’
3131 4585 3277 4654 ἡμᾶς
3307 4581 3562 4649 θεοφιλῶς
3581 4595 3693 4648 κρα-

2161 4683 2395 4744 τοῦντας
2427 4682 2573 4733 κατὰ
2594 4681 2686 4733 τδν
2719 4679 2811 4733 τοῦ
2840 4679 3084 4749 μεγάλου
3121 4677 3401 4730 Σαϐὄάτου
3431 4674 3602 4742 καιρὸν
3630 4671 3693 4736 τῷ

2166 4773 2409 4842 μεγίστῳ
2438 4772 2589 4839 δόμῳ
2619 4771 2716 4839 τῆς
2751 4768 2844 4822 τοῦ
2874 4768 3009 4821 Θεοῦ
3040 4768 3237 4834 Σοφίας
3295 4766 3448 4818 ἔνδον
3476 4765 3567 4815 τῶν
3590 4761 3694 4814 ἀδύο

2159 4882 2270 4917 των
2304 4864 2607 4926 εἰσιόντας,
2634 4862 2730 4914 καὶ
2759 4861 3119 4930 σταυροειδὼς
3150 4858 3248 4929 τὴν
3276 4858 3430 4911 θείαν
3459 4853 3696 4925 τράπεζαν

2164 4955 2423 5024 άρώμασι
2451 4954 2766 5023 θυμιῶντας
2804 4954 3036 5021 καινοῖς,
3072 4953 3165 5003 καὶ
3190 4950 3344 5018 δῶρα
3367 4948 3534 5017 ταύτῃ
3555 4958 3696 5012 προσ-

2166 5049 2423 5116 άγοντας.
2486 5046 2631 5100 Ἀλλ’
2664 5045 2758 5098 ἐπὶ
2805 5045 2867 5098 τδ
2921 5043 3284 5113 προκείμενον
3346 5040 3527 5106 ἴωμεν.
3567 5036 3697 5089 Ἐπεὶ

2160 5291 2277 5345 rici.
2315 5289 2376 5345 Si
2414 5290 2674 5344 vindicari
2696 5290 2751 5343 in
2781 5288 2983 5358 aliquos
3011 5288 3258 5350 severius,
3293 5296 3474 5358 contra
3495 5296 3701 5337 nostrast

2163 5360 2614 5423 consuetudinem,
2673 5374 2769 5425 pro
2818 5356 2992 5412 causa:
3042 5359 3236 5409 intuitu
3280 5356 3593 5425 iusserim“,
3620 5370 3701 5405 no-

2163 5432 2336 5484 lumus
2385 5431 2566 5482 statim
2614 5444 2698 5482 eos
2752 5438 2845 5481 aut
2874 5429 3048 5481 subire
3090 5442 3316 5495 pinnam.
3347 5433 3439 5476 aut
3493 5424 3704 5488 excipere

2168 5502 2503 5561 sententiam,
2544 5498 2634 5550 sed
2667 5515 2758 5561 per
2795 5497 2902 5549 dies
2934 5498 3151 5565 triginta
3198 5510 3354 5561 super
3384 5503 3515 5565 statu
3543 5507 3704 5565 coram

2169 5585 2283 5621 sors
2315 5580 2367 5621 et
2397 5570 2611 5637 fortuna
2638 5583 2892 5636 suspensa
2930 5561 3183 5637 siCHReos
3215 5580 3341 5637 sane
3369 5564 3573 5637 accipiat
3606 5561 3701 5612 εἰπε
3798 5570 3800 5573 ·

2171 5630 2407 5706 ciatque'
2439 5638 2701 5702 custodia,
2730 5630 2805 5689 "et
2854 5635 3082 5689 excubiis
3145 5632 3418 5687 solertibus
3455 5630 3705 5701 vigilanter
3798 5688 3800 5691 ι

2173 5707 2421 5761 observet.
