3918 6552
180 418 288 482 897
1117 423 1714 489 ECCLESIASTlC/E
1755 436 2141 500 HlS'l‘Olll/E
2181 438 2312 499 LIB
2373 437 2509 496 XII.
3327 436 3429 501 808

179 533 294 601 γάρ
326 533 499 605 εἰσῄει
552 535 581 586 6
630 533 931 596 Θεοδόσιος.
976 536 1182 607 ἡρέμα,
1223 540 1276 592 ετ
1323 557 1465 603 τινος
1507 541 1701 607 δέοιτο,
1728 545 1754 595 6

1860 545 2157 616 imperialis
2179 565 2398 618 quoque
2429 549 2682 604 stationis
2722 551 2924 613 locum,
2969 552 3040 606 ita
3067 563 3125 607 ut
3155 568 3252 622 par
3285 565 3427 619 erat,

192 626 522 695 Ἀμΰρόσιος
550 628 736 698 ἦρετο.
798 627 905 681 Τοῦ
932 627 977 681 δ’
1028 630 1275 691 είπόντος
1328 633 1427 699 τὴν
1455 634 1564 683 τῶν
1596 634 1755 686 θείων

1865 639 1914 691 ἱη
1949 640 2195 694 ordinem
2222 658 2379 695 suum
2412 641 2639 711 redegit,
2676 656 2773 710 pro
2802 641 3059 698 tabulatis
3091 660 3186 699 seu
3215 646 3428 700 cancel-

186 718 512 787 μυστηρίων
564 718 858 787 ἀναμένειν
909 719 1237 789 μετάληψιν,
1291 722 1507 791 ἐδήλου,
1540 723 1616 792 τῷ
1651 725 1760 777 τῶν

181 808 450 861 διακόνων
484 808 685 878 πρώτῳ
713 809 974 881 ὑπουργῷ
1005 812 1377 881 χρησάμενος,
1431 815 1653 883 μηνύων
1681 816 1757 880 ὡς

190 920 206 950 ι
239 900 325 952 Τὰ
349 900 519 963 ἔνδον,
545 895 590 953 ὦ
612 900 853 971 βασιλεῦ,
882 904 1063 972 μόνοις
1090 905 1198 956 είσὶ
1221 906 1333 965 τοῖς
1367 904 1574 975 ἱερεῦσι
1597 907 1755 973 βατὰ,

184 995 299 1055 τοῖς
328 993 385 1044 δὲ
416 993 597 1056 ἄλλοις
636 995 803 1046 πᾶσιν
855 995 1279 1064 ἀπρόσψαυστα.
1326 997 1508 1063 Ἐξιθι
1553 999 1754 1063 τοίνυν,

185 1089 275 1139 καὶ
342 1089 455 1148 τοῖς
494 1086 676 1149 ἄλλοις
723 1087 973 1139 κοινώνει
1025 1089 1122 1157 τῆς
1157 1088 1419 1150 στάσεως,
1468 1089 1757 1159 Ἀλουργὶς

184 1180 296 1250 γὰρ
334 1179 594 1247 βασιλέας
651 1180 749 1248 οὐχ
786 1180 972 1249 ίερέας
1013 1182 1178 1235 ποιεῖ.
1220 1198 1238 1229 ι
1298 1180 1407 1232 Καὶ
1433 1180 1612 1234 ταῦτα
1641 1181 1695 1234 δὲ
1727 1181 1756 1232 6

184 1272 428 1342 θεοειδὴς
488 1270 785 1340 δεξάμενος
834 1271 1108 1340 βασιλεὺς,
1165 1272 1479 1342 άντεδήλου,
1524 1272 1597 1333 ὡς
1635 1273 1754 1325 «ῡὺ

187 1363 381 1432 θράσει
417 1364 742 1434 φερόμενος.
779 1364 918 1417 ἀλλά
948 1364 1024 1434 τῷ
1063 1366 1122 1417 tv
1184 1365 1757 1420 Κωνσταντινουπόλει

185 1455 296 1507 ἔθει
323 1455 616 1524 ἑπόμενος,
644 1459 754 1509 τῶν
778 1456 1078 1523 κιγκλίδων
1101 1457 1233 1510 εἴσω
1264 1457 1589 1527 γεγένημαι.
1612 1455 1758 1523 Ἐγὼ

183 1544 238 1595 δὲ
275 1548 374 1595 καὶ
422 1544 587 1613 τῆσδε
638 1546 804 1615 χάριν
854 1547 957 1616 τῆς
1004 1545 1248 1615 ίατρείας
1281 1546 1515 1615 χάριτάς
1539 1563 1622 1598 σοι
1648 1544 1757 1613 ἔχω

192 1637 456 1705 μεγάλας.
493 1655 511 1689 ι
564 1635 722 1691 Οὕτω
752 1637 844 1690 καὶ
893 1640 920 1690 6
956 1635 1211 1706 βασιλεὺς
1258 1639 1354 1690 καὶ
1398 1640 1425 1690 6
1467 1639 1756 1708 ἀρχιερεὺς

1860 729 1927 783 ιίς
1968 733 2195 785 sacrarii
2229 734 2355 786 sede
2386 732 2460 787 illi
2494 733 2798 801 designata,
2835 742 2893 785 ut
2921 736 3219 803 imperator
3251 739 3427 790 hono-

1862 822 2120 873 ratiorem
2154 823 2376 890 quidem
2414 840 2522 892 pra-
2554 825 2757 892 popqu
2819 825 3109 877 stationem
3176 825 3424 886 haberet,

1860 927 1970 980 prae
2002 913 2092 966 illo
2122 926 2304 967 autem
2335 915 2652 969 sacerdotes
2685 917 2863 968 lo-um
2916 916 3290 969 sublimiorem
3331 917 3431 966 oh-

1861 1002 2117 1056 tinerent.
2150 1003 2307 1073 321
2341 1006 2474 1058 Eum
2511 1005 2757 1058 ordinem
2787 1015 2844 1058 ut
2873 1007 3138 1075 Optimum
3175 1006 3428 1058 'l'lteodoo

1860 1094 1974 1147 sius
2012 1105 2121 1149 tum
2175 1095 2440 1158 laudavit,
2484 1098 2687 1164 posteri
2735 1114 2955 1166 quoque
2992 1100 3425 1150 conﬁrmarunt:

1860 1188 1952 1254 qui
1983 1187 2109 1240 inde
2137 1187 2203 1240 ad
2241 1189 2353 1241 hzrc
2378 1204 2550 1257 usque
2573 1201 2816 1257 tempora
2847 1201 3122 1243 servatur.
3151 1190 3260 1258 Ego
3293 1205 3426 1241 veto

1858 1279 2025 1332 semel
2058 1295 2240 1331 annuo
2278 1290 2521 1347 tempore
2582 1292 2779 1333 nostrae.
2834 1282 3010 1334 aetatis
3044 1279 3137 1333 Dei
3168 1284 3431 1333 amantis-

1858 1369 2027 1423 simos
2060 1370 2356 1438 principes.
2421 1374 2596 1441 magni
2654 1370 2874 1425 Sabbati
2909 1372 3018 1433 die,
3061 1386 3215 1425 sacra
3269 1372 3428 1441 adyta

1861 1460 2077 1512 maximi
2105 1459 2199 1514 Dei
2228 1460 2524 1528 Sapientia.
2549 1461 2730 1529 templi
2761 1462 2970 1530 ingredi
3013 1461 3146 1523 vidi,
3179 1477 3302 1514 cum
3326 1462 3428 1514 sub

1858 1551 2043 1605 crucis
2088 1550 2290 1611 forma.
2325 1555 2375 1605 in
2406 1569 2557 1605 sat-ra
2594 1568 2779 1605 mensa
2813 1569 2951 1607 nova
2994 1568 3023 1605 a
3048 1553 3276 1607 tolerent
3301 1569 3427 1604 arn-

1861 1650 2024 1703 mata,
2050 1642 2264 1696 etdoua
2292 1643 2338 1694 ei
2369 1643 2655 1697 inferrent.
2681 1642 2784 1697 Sed
2816 1644 2882 1694 ad
2905 1642 3215 1696 institutum
3242 1657 3428 1696 rever-

190 1728 469 1796 ὑπεριρυεῖ
493 1728 795 1797 διέλαμπον
820 1729 1013 1799 ἀρετῇ,
1046 1730 1122 1792 ὠς
1154 1729 1253 1799 ἐμὲ
1283 1730 1359 1798 μὴ
1385 1730 1583 1801 ῥᾳδίως
1610 1730 1755 1797 ἔχειν

1861 1744 2058 1787 tamur.
2087 1735 2377 1803 Postquam
2409 1737 2462 1788 in
2493 1736 2793 1791 sacrarium
2831 1736 3109 1803 ingressus
3128 1743 3212 1787 est
3240 1733 3421 1786 Theo-

190 1820 409 1888 ποτέρῳ
439 1820 646 1872 τούτων
684 1819 744 1872 τὸ
788 1821 1055 1885 πρωτεῖον
1102 1819 1389 1891 παρέχειν.
1424 1822 1669 1891 ’Ᾱγαμαι
1700 1821 1755 1871 δὲ

1860 1822 2070 1885 dosius,
2133 1823 2331 1877 blande
2390 1839 2539 1887 eum,
2601 1824 2803 1892 siquid
2867 1826 3047 1884 vellet,
3104 1822 3428 1876 Ambrosius

193 1913 432 1982 μάλιστα
481 1911 576 1965 τοῦ
628 1913 730 1980 μὲν
775 1912 877 1982 τὴν
930 1912 1269 1984 παρρησίαν,
1297 1912 1391 1964 τοῦ
1422 1911 1598 1980 δὲτὴν
1626 1911 1754 1978 περὶ

1861 1913 2236 1983 interrogavit.
2277 1912 2369 1967 Ille
2407 1929 2538 1968 vero
2562 1929 2621 1967 se
2672 1914 2747 1968 ibi
2779 1915 3091 1968 divinorum
3136 1915 3428 1984 mysterio-

188 2005 256 2056 τά
278 2003 401 2056 θεῖα
436 2004 726 2057 εὐλάϐειαν
745 2020 761 2035 ⁶
821 2004 914 2059 καὶ
952 2004 1046 2057 τοῦ
1081 2003 1180 2074 μὲν
1210 2004 1302 2055 τὸν
1330 2001 1511 2072 ζῆλον,
1542 2003 1754 2054 ἐκείνου

1860 2021 1978 2058 rum
2010 2004 2414 2074 perceptionem
2446 2014 2890 2073 exspectaturum
2942 2022 3062 2061 esse
3114 2007 3420 2075 respondit.

187 2098 325 2151 δὲτὸ
358 2099 497 2168 πρὸς
525 2099 659 2153 Θεδν
684 2097 1011 2169 ἀκραιφνές.
1043 2096 1279 2160 Τούτους
1307 2098 1364 2150 δὲ
1398 2099 1524 2159 τοὺς
1557 2098 1755 2167 νόμους

1860 2098 2105 2152 Antistes
2174 2097 2431 2166 primario
2481 2097 2711 2153 diacono
2766 2097 3105 2152 internuntio
3163 2113 3314 2162 usus,
3370 2100 3423 2152 ei

187 2189 276 2252 οὓς
296 2189 356 2255 ἐξ
387 2188 716 2257 ’Δμϐροσίου
743 2188 1098 2254 πεπαίδευτο,
1130 2192 1228 2242 καὶ⁴
1255 2191 1311 2252 ἐς
1334 2188 1434 2256 τὴν
1465 2191 1757 2242 Κωνσταν-

188 2282 333 2334 τίνου
358 2279 548 2342 ἀνιὼν,
604 2280 850 2350 ἀκριῦὦς
881 2279 1258 2348 διεφύλαττεν.
1332 2278 1485 2331 Ἐπεὶ
1516 2281 1620 2349 γάρ
1654 2280 1756 2331 κά-

189 2374 339 2425 κεῖσε
391 2373 586 2441 ἑορτῆς
636 2373 912 2441 ἀγομένης
944 2375 1021 2435 είς
1053 2372 1146 2424 τὸν
1187 2371 1330 2423 θεῖον
1365 2371 1569 2440 ἀνῆκτο
1596 2372 1752 2434 νεὼν,

189 2462 255 2515 τά
286 2463 436 2532 δῶρα
470 2465 536 2531 τῇ
568 2464 807 2533 μυστικῇ
846 2462 1094 2533 τραπέζῃ
1135 2461 1549 2531 προσενεγκὼν,
1579 2462 1756 2514 ὀπίσω

190 2556 405 2625 χωρῶν,
438 2556 601 2618 εὐθὺς
627 2555 969 2626 ἐξελήλυθεν.
1015 2555 1123 2608 Τοῦ
1149 2554 1194 2608 δ’
1243 2555 1546 2625 ἀρχιερέως
1604 2554 1757 2624 (Νε-

191 2651 412 2717 κτάριος
440 2648 498 2701 δὲ
533 2648 836 2718 τηνικαῦτα
885 2644 989 2718 ἦν)
1022 2647 1477 2719 δυσχεράναντος,
1502 2646 1593 2699 καὶ
1628 2648 1751 2698 ὅτου

193 2739 351 2808 χάριν
392 2738 568 2791 ὀπίσω
601 2740 895 2809 ἀνέδραμε,
938 2739 1376 2809 διαμηνύσαντος
1403 2777 1418 2801 ,
1444 2736 1753 2808 ἀχθεσθεὶς,

196 2849 216 2882 ι
248 2831 438 2895 Μόλις,
464 2831 593 2900 ἔφη,
624 2830 888 2901 βασιλέως
910 2833 1006 2884 καὶ
1031 2832 1222 2900 ἱερέως
1250 2830 1425 2898 ἔγνων
1454 2831 1516 2882 τὸ
1548 2829 1712 2899 μέσον
1735 2845 1751 2861 ·

196 2923 348 2990 μόλις
397 2916 553 2992 εὗρον
599 2923 698 2989 τῆς
753 2921 1011 2991 ἀληθείας
1062 2922 1408 2975 διδάσκαλον.
1441 2923 1618 2975 Μόνον
1646 2921 1755 2989 γὰρ

194 3014 359 3079 ἀξίως
401 3014 731 3085 Ἀμσρόσιον
788 3009 928 3067 εἶδον
966 3013 1060 3068 τοῦ
1119 3012 1484 3066 ἐπισκοπικοῦ
1531 3030 1758 3083 τετυχη-

193 3102 326 3156 κότα
351 3104 637 3170 ὀνόματος.
682 3121 703 3155 ι
740 3102 913 3156 Πόσον
945 3101 1151 3170 ἀγαθόν
1184 3104 1329 3154 ἐστιν
1352 3101 1575 3170 ἐλεγχος
1605 3104 1751 3156 ἀπα-

194 3195 310 3264 θὴς,
374 3195 649 3263 ἐγκαὶρως
680 3194 815 3263 παρ’
866 3192 1060 3263 ἀνδρὸς
1091 3193 1265 3262 ἀρετῇ
1302 3192 1396 3244 καὶ
1431 3192 1749 3263 δικαιοσύνῃ
1782 3227 1828 3292 c

193 3286 589 3354 διαλάμποντος
610 3286 995 3355 είσφερόμενος
1015 3301 1030 3349 ;
1054 3284 1147 3354 Τῷ
1172 3284 1215 3337 δ’
1246 3284 1558 3355 Ἀμῦροσίῳ
1580 3285 1757 3353 τούτῳ

196 3379 363 3431 πελλά
415 3377 516 3447 μὲν
550 3379 644 3431 καὶ
672 3376 805 3429 ἀλλα
828 3374 1189 3445 κατώρθωται
1242 3377 1566 3453 ίεραρχικῆς
1600 3378 1756 3447 ὲνερ-

196 3471 345 3538 γείας
385 3469 605 3535 ἐπάξια,
726 3472 853 3533 τοῖς·
888 3471 1065 3521 ἐκεῖσε
1120 3469 1229 3521 τῶν
1259 3469 1568 3540 ἐπιχωρίων
1608 3468 1755 3530 εἰκὸς

197 3565 485 3635 ἐγνῶσθαι.
518 3563 657 3631 Ἐγὼ
674 3563 731 3617 δὲ
764 3563 861 3615 κοιλ⁸
888 3562 1043 3614 τοῦτο
1074 3561 1184 3613 τῶν
1213 3563 1425 3615 ἐκείνου
1453 3561 1755 3630 πυθόμενος

195 3658 342 3721 ἀξιον
389 3658 605 3723 μνήμης
641 3651 722 3717 δν,
776 3655 842 3721 τῇ
883 3654 1178 3721 συγγραφῇ
1209 3651 1516 3715 καταλέξω.
1546 3652 1666 3702 ’1“ὦν
1696 3654 1754 3702 ὲν

196 3748 335 3799 τέλει
358 3762 441 3806 τις
470 3744 733 3812 Ἐλλήνων
751 3742 1019 3813 θρησκείᾳ
1040 3742 1437 3810 πεπεδημένος,
1459 3740 1753 3809 καθύϐριζε

195 3838 542 3907 τὸνβασιλέα
598 3836 920 3906 Γρατιανδν,
978 3833 1160 3903 πολλῷ
1212 3830 1354 3886 εἶναι
1402 3835 1494 3887 τὸν
1542 3835 1754 3887 ἐκείνου

198 3931 407 3998 πατέρα
437 3928 724 3997 κρείττονα
762 3925 1007 3994 φάσκων.
1057 3926 1431 3995 Γραψαμὲνων
1457 3924 1502 3977 δ’
1542 3927 1753 3977 ἐκείνου

196 4021 373 4086 τινῶν,
404 4019 636 4073 θάνατον
686 4019 811 4088 ἔσχε
862 4020 921 4071 τδ
964 4019 1257 4086 ἐπιτίμιον.
1326 4019 1413 4079 Ὦς
1442 4018 1487 4071 δ’
1522 4019 1753 4088 ἄγεσθαι

199 4115 290 4183 τὴν
317 4116 416 4167 ἐπὶ
447 4114 680 4167 θάνατον
737 4112 952 4181 ἔμελλε,
994 4112 1198 4181 σπουδῇ
1242 4111 1569 4181 ’Λμὸρόσιος
1624 4128 1755 4163 κατ-

201 4209 469 4277 ελάμϐανε
491 4207 560 4260 τὰ
596 4206 845 4276 βασίλεια
870 4204 1082 4257 ἱκεσίαν
1106 4206 1347 4275 κινήσων
1392 4205 1533 4275 ὑπὲρ
1560 4205 1779 4258 αὑτοῦν

201 4300 329 4367 Περὶ
343 4299 400 4351 δὲ
423 4298 556 4351 θέαν
576 4297 917 4365 κυνηγεσίων
941 4296 1243 4364 Γρατιανοῦ
1266 4295 1557 4365 ὲνασχολου
1566 4295 1754 4364 μένου,

196 4393 261 4463 ῆν
291 4390 534 4451 ἀνέσεως
560 4390 695 4451 ίδίας
726 4389 893 4457 χάριν
918 4390 965 4441 οἱ
1000 4387 1237 4456 βασιλεῖς
1272 4389 1534 4459 πράττειν
1561 4388 1754 4443 είώθαο

200 4501 298 4543 σιν.
327 4482 508 4542 οὐδεὶς
549 4480 659 4532 τῶν
692 4481 786 4532 ἐπὶ
813 4479 923 4531 τῶν
958 4480 1221 4532 πυλώνων
1270 4480 1621 4549 τεταγμένων
1653 4478 1755 4549 τὴν

1856 2188 2183 2259 signiﬁcavit
2248 2188 2548 2241 sacrarium
2586 2187 2817 2243 interius
2847 2206 2875 2242 a
2908 2191 3039 2243 solis
3070 2189 3210 2244 adiri
3239 2204 3422 2245 sacer-

1857 2279 2097 2343 dotibus,
2137 2280 2378 2347 reliquos
2405 2289 2585 2333 autem
2620 2296 2811 2333 omnes
2843 2295 2900 2334 se
2933 2279 3083 2334 aditu
3144 2282 3264 2350 ejus
3296 2282 3424 2335 abs-

1859 2372 2055 2425 tinere.
2090 2389 2108 2421 ι
2141 2371 2647 2439 Exeundumigitur
2667 2370 2770 2423 sibi
2799 2386 2941 2433 esse,
2972 2380 3028 2425 et
3062 2372 3114 2423 in
3146 2371 3424 2425 communi

1857 2478 1981 2516 cum
2043 2463 2168 2518 aliis
2224 2463 2348 2518 loco
2376 2464 2635 2517 standum
2663 2478 2819 2516 esse:
2861 2478 3158 2539 purpuram
3191 2464 3429 2532 impera.

1862 2565 2031 2615 tores,
2092 2570 2201 2607 non
2263 2555 2576 2608 sacerdotes
2636 2555 2837 2617 larere,
2888 2554 3097 2608 dicens.
3128 2555 3427 2623 Imperator

1860 2643 2084 2696 divinus
2112 2643 2187 2697 illi
2220 2657 2441 2696 rursum
2492 2644 2797 2697 renuntiari
2820 2645 3008 2712 jussit,
3061 2661 3168 2697 non
3199 2648 3423 2700 temeri-

1863 2744 1970 2789 tate
1996 2750 2053 2789 se
2078 2734 2397 2799 adductum,
2421 2734 2514 2789 sed
2544 2734 2999 2789 consuetudinem
3026 2751 3145 2804 qua:
3161 2734 3426 2791 Constan-

1864 2826 2095 2891 tinopoli
2127 2834 2464 2889 servaretur,
2505 2835 2777 2889 secutum,
2819 2825 2961 2879 intra
3010 2826 3234 2880 sacrarii
3294 2844 3425 2881 can-

1860 2918 2025 2973 cellos
2058 2917 2291 2972 venisse.
2324 2916 2540 2985 Magnas
2572 2931 2701 2970 vero
2727 2930 2793 2969 eo
2818 2916 2983 2971 etiam
3009 2917 3228 2971 nomine
3245 2918 3312 2973 de
3329 2920 3420 2972 tali

1859 3011 2197 3065 institutione
2212 3024 2268 3065 se
2292 3009 2365 3063 illi
2385 3011 2777 3077 gratiasagere.
2813 3028 2829 3059 ι
2861 3009 2938 3063 Ad
2961 3009 3105 3064 hunc
3128 3011 3341 3066 scilicet
3367 3008 3424 3066 ct

1864 3103 2084 3158 modum
2119 3102 2417 3172 imperator
2446 3109 2502 3153 et
2535 3102 2828 3180 episcopus
2885 3102 3115 3156 miriﬁca
3174 3105 3426 3159 enituere

1859 3200 2084 3261 virtute,
2122 3205 2180 3249 ut
2210 3195 2343 3248 mihi
2379 3195 2677 3248 decernere
2721 3194 2878 3248 facile
2938 3210 3047 3248 non
3104 3196 3195 3260 sit,
3240 3205 3425 3250 utrum

1865 3283 2021 3337 alteri
2052 3281 2357 3351 praeferam.
2385 3282 2687 3336 Plurimum
2743 3297 2875 3336 sane
2904 3283 3050 3337 illius
3107 3285 3162 3339 in
3194 3284 3425 3340 dicendo

1864 3374 2195 3434 libertatem,
2229 3373 2390 3442 hujus
2437 3382 2619 3426 autem
2671 3374 2726 3427 in
2759 3378 2926 3427 rebus
2960 3374 3159 3429 divinis
3191 3376 3423 3445 religio-

1862 3479 2021 3518 nem:
2055 3474 2111 3517 et
2161 3465 2289 3518 item
2321 3464 2470 3518 illius
2516 3463 2790 3521 ardorem.
2833 3465 2998 3536 hujus
3053 3469 3323 3522 sinceram
3365 3470 3422 3524 in

1867 3555 2034 3608 Deum
2071 3555 2229 3610 Iidem
2248 3556 2511 3610 admiror.
2545 3555 2718 3624 Leges
2747 3572 2842 3610 eas
2868 3573 3006 3627 quas
3030 3559 3097 3612 ab
3130 3560 3421 3617 Ambrosio

1862 3648 2145 3715 didicerat,
2166 3649 2329 3701 etiam
2356 3647 2884 3717 Constantinopolim
2918 3664 3173 3705 reversus
3191 3652 3422 3723 diligen-

1865 3750 1949 3795 ter
1982 3743 2237 3795 servavit.
2272 3742 2407 3795 Cum
2443 3742 2585 3796 enim
2637 3752 2694 3796 et
2729 3743 2803 3796 ibi
2855 3744 2944 3797 die
2996 3744 3136 3799 festo
3179 3747 3421 3803 divinam

1863 3833 2139 3902 ingressus
2171 3832 2365 3895 adem,
2394 3834 2601 3887 donum
2628 3849 2786 3887 suum
2823 3835 3062 3907 mystica:
3117 3854 3317 3895 mensa:
3344 3842 3425 3894 in-

1862 3925 2050 3987 ferret,
2080 3925 2261 3977 statim
2295 3926 2643 3979 retrocedens
2686 3926 2814 3980 inde
2838 3928 2992 3983 exiit.
3025 3930 3292 3999 Episcopo
3320 3949 3423 3986 au-

1862 4023 1969 4068 tem
2004 4012 2312 4081 (Nectarius
2334 4016 2380 4066 is
2411 4022 2522 4067 tum
2537 4016 2673 4080 erat)
2701 4015 2901 4070 factum
2934 4018 2986 4071 id
3016 4034 3156 4089 aegre
3186 4019 3419 4086 ferente,

1861 4117 1913 4159 et
1945 4121 2182 4176 quanam
2212 4106 2279 4160 de
2323 4121 2485 4160 causa
2509 4123 2576 4161 ex
2605 4110 2844 4163 sacrario
2870 4110 3050 4166 abiret
3084 4114 3420 4179 inquirente,

1860 4211 1985 4252 cum
2042 4198 2275 4267 quadam
2312 4198 2559 4253 molestia
2590 4217 2603 4252 :
2646 4217 2663 4249 ι
2701 4201 2801 4255 Vix
2850 4202 3143 4272 aliquando
3177 4207 3416 4270 tandem.

1862 4287 2058 4360 inquit.
2095 4291 2238 4360 quod
2271 4290 2566 4345 discrimen
2607 4291 2678 4346 sit
2731 4294 2876 4348 inter
2926 4295 3310 4366 imperatorem
3361 4313 3419 4355 et

1862 4394 2143 4433 sacrorum
2192 4382 2491 4436 antistitem
2519 4384 2771 4453 cognovi.
2814 4385 2914 4439 Vix
2947 4388 3193 4443 veritatis
3223 4393 3417 4444 docto-

1861 4487 1974 4527 rem
2009 4472 2212 4526 inveni.
2247 4473 2424 4529 Unum
2458 4490 2711 4543 namque,
2741 4476 2834 4545 qui
2869 4491 2966 4544 pro
3023 4478 3287 4547 dignitate
3319 4498 3417 4536 sua

197 4570 497 4638 παρουσίαν
516 4567 611 4619 τοῦ
636 4568 938 4618 ἐπισκόπου
965 4567 1225 4635 ἐμήνυσε,
1248 4567 1321 4634 μὴ
1351 4566 1568 4618 εὐθέτου
1593 4566 1754 4635 δῆθεν

1860 4563 2155 4632 episcopali
2172 4564 2393 4618 nomine
2414 4574 2561 4618 recte
2579 4578 2783 4629 utatur,
2805 4567 3152 4622 Ambrosium
3183 4576 3379 4641 reperi.
3396 4596 3413 4626 ι

201 4662 345 4721 ὖντος
397 4657 615 4727 καιροῦ.
681 4657 740 4709 Ὀ
764 4656 808 4709 δ’
840 4656 1117 4725 ὑπεχώρει
1166 4658 1267 4724 μὲν
1328 4656 1574 4710 ὲκεῖθενο
1624 4658 1758 4727 πρὸς

198 4746 247 4796 δὲ
269 4749 339 4815 τῇ
369 4744 519 4815 πύλῃ
539 4736 882 4816 γενόμενοςῇ
910 4746 1034 4804 τοὺς
1061 4744 1229 4813 θῆρας
1261 4746 1504 4813 εἰσῆγον,
1531 4745 1626 4797 καὶ
1646 4749 1757 4809 τοῖς

201 4834 522 4903 κυνηγέταις
562 4834 755 4885 ἑαυτὸν
810 4834 1157 4902 παραμίξας,
1212 4833 1390 4885 λαθὼν
1424 4835 1618 4905 εἰσῄει.
1651 4837 1759 4888 Καὶ

198 4925 255 4975 οὔ
286 4926 556 4994 πρότερον
605 4923 815 4975 ἐκεῖθεν
863 4923 1075 4992 ἐξῆλθε,
1111 4923 1281 4975 πολλὰ
1310 4925 1348 4975 Γ
1355 4927 1613 4993 ρατιανοῦ
1663 4927 1759 4979 καὶ

198 5016 300 5066 τῶν
322 5018 455 5083 περὶ
489 5018 695 5066 ἐκεῖνον
719 5014 1172 5079 άντιόολούντων,
1204 5014 1310 5075 ἓως
1338 5016 1437 5086 τὴν
1467 5017 1566 5083 τῆς
1593 5034 1759 5070 κατα-

199 5107 346 5173 δίκης
407 5105 587 5173 ψῆφον
638 5105 945 5175 τάνθρώπῳ
971 5104 1247 5176 διέρρηξε.
1303 5108 1393 5159 καὶ
1427 5108 1595 5177 ἄλλην
1634 5109 1759 5177 ἑξή-

202 5213 377 5265 νεγκσ,
411 5198 805 5266 συγχωροῦσαν
850 5199 913 5249 τὸ
941 5197 1194 5266 ἔγκλημα
1225 5199 1299 5267 τῷ
1336 5201 1589 5266 ἀγομένῳ
1620 5200 1756 5266 πρὸς

203 5286 445 5341 θάνατον.
478 5287 650 5354 Είπερ
670 5302 752 5347 τις
781 5286 838 5338 δὲ
862 5289 992 5354 περὶ
1016 5286 1115 5356 τὴν
1143 5288 1389 5357 φυλακὴν
1426 5290 1533 5339 τῶν
1562 5290 1757 5357 ἐκκλη-

206 5379 491 5431 σιαστικῶν
515 5378 699 5445 νόμων
723 5378 1009 5439 σπουδαῖος
1037 5378 1178 5446 ἄγαν
1211 5381 1425 5444 ἐγένετο
1454 5380 1481 5429 6
1522 5381 1575 5431 Ἀ
1587 5380 1755 5448 p.696-

207 5485 331 5532 σιος,
363 5470 709 5539 καταστῆσαί
763 5487 822 5523 τε
877 5472 1005 5532 τοὺς
1058 5472 1117 5523 ὲν
1169 5472 1354 5540 κύκλῳ
1406 5474 1500 5525 καὶ
1541 5472 1755 5541 παιδείᾳ

209 5559 356 5615 θείων
402 5564 583 5633 νόμων
617 5565 924 5630 ὑπαγαγεῖν
972 5563 1310 5627 δεξιώτατος.
1340 5566 1482 5634 Πλὴν
1512 5567 1573 5618 ὲκ
1609 5568 1752 5619 πάνυ

209 5651 404 5705 πολλῶν
432 5653 535 5705 ὅσα
568 5653 926 5723 κατορθώσας
974 5653 1155 5723 ὤφθη,
1188 5656 1381 5707 τοσάδε
1438 5673 1528 5724 μοι
1561 5656 1752 5709 ἐνθάδε

207 5743 447 5813 είρήσθω.
496 5744 681 5799 Ἰκανά
710 5746 816 5816 γὰρ
847 5746 1043 5812 δείξαι,
1074 5749 1205 5817 ὅσης
1231 5749 1485 5821 ηὑμοίρει
1514 5749 1601 5801 διὰ
1654 5749 1752 5818 τὴν

1861 4656 2133 4720 Quantum
2171 4656 2577 4711 commoditatis
2630 4642 2957 4730 objurgatio,
3014 4663 3304 4718 affectione
3345 4671 3421 4718 vi-

1862 4748 1999 4799 tiosa
2056 4760 2274 4811 carens,
2356 4747 2400 4801 si
2457 4749 2511 4801 in
2584 4760 2827 4819 tempore
2887 4766 2918 4805 a
2976 4754 3093 4806 viro
3163 4768 3419 4823 Spectata:

1863 4835 2086 4888 virtutis
2111 4847 2166 4890 et
2191 4837 2415 4907 justitiat
2463 4838 2811 4903 adhibeatur,
2842 4840 3107 4896 indicans.
3143 4846 3417 4901 Ambrosii

1859 4929 2022 4998 hujus
2054 4930 2221 4982 multa
2258 4944 2474 4997 quoque
2506 4930 2611 4983 alia
2649 4939 2777 4984 sunt
2813 4942 2961 4985 recte
3013 4933 3174 4998 facta,
3205 4936 3418 5003 episco-

1860 5019 1965 5087 pali
2003 5018 2616 5086 virtuticonvenientia,
2640 5037 2761 5089 qua
2796 5023 2901 5076 loci
2927 5025 3044 5092 ejus
3068 5025 3263 5078 incolis
3289 5037 3415 5079 nota

1857 5125 2098 5178 cssepar
2128 5121 2209 5164 est
2240 5110 2425 5179 322.
2457 5111 2569 5177 Ego
2597 5124 2776 5167 autem
2810 5129 2979 5166 unum
3012 5131 3227 5184 quoque
3258 5117 3411 5175 illud.

1857 5186 2002 5269 quod
2020 5203 2084 5255 de
2116 5218 2181 5256 eo
2206 5202 2413 5265 audivi,
2446 5204 2705 5255 memoria
2736 5205 2982 5272 dignum,
3020 5207 3260 5261 historiae
3287 5210 3413 5262 huic

1858 5294 2115 5347 inseram.
2178 5295 2255 5347 Et
2322 5295 2727 5364 magistratibus
2785 5296 3030 5365 quidam.
3103 5299 3411 5354 Graecorum

1856 5385 2231 5453 supersdtioni
2250 5386 2516 5442 addictus.
2537 5386 2918 5457 imperatorem
2942 5389 3258 5445 Gratianum
3286 5407 3416 5446 con-
3476 5435 3488 5450 .

1863 5478 2007 5528 vicio
2031 5478 2388 5545 prosciderat,
2424 5493 2662 5546 eumque
2694 5495 2721 5532 a
2748 5491 2899 5548 patre
2930 5497 3030 5534 suo
3053 5482 3414 5549 degenerasse

1854 5568 2082 5620 dixerat.
2119 5569 2236 5633 Quo
2278 5567 2497 5621 nomine
2546 5585 2670 5623 cum
2703 5582 2988 5626 accusatus
3018 5589 3046 5626 a
3084 5574 3412 5642 quihusdam

1854 5661 2065 5724 luisset,
2103 5661 2294 5728 capitis
2317 5661 2609 5716 damnatus
2639 5675 2742 5720 est.
2772 5665 2966 5738 Etiam
2995 5668 3085 5723 ille
3108 5669 3171 5721 ad
3206 5670 3415 5738 suppli-
3477 5661 3492 5675 °

1853 5752 1996 5805 cium
2025 5753 2147 5807 duci
2180 5753 2431 5815 debebat.
2470 5773 2592 5811 cum
2622 5758 2944 5815 Ambrosius
2980 5777 3076 5830 pro
3129 5779 3193 5814 eo
3221 5763 3414 5832 deprc—
