  <div class='ocr_page' id='page_1' title='image "/cluster/home/n/w/nwhite01/storage/ocr_20150623/146/hvd.32044019208347/457.png"; bbox 0 0 3800 6558; ppageno 0'>
   <div class='ocr_carea' id='block_1_1' title="bbox 544 392 646 454">
    <p class='ocr_par' dir='ltr' id='par_1_1' title="bbox 544 392 646 454">
     <span class='ocr_line' id='line_1_1' title="bbox 544 392 646 454; baseline 0.02 -2"><span class='ocrx_word' id='word_1_1' title='bbox 544 392 646 454; x_wconf 79' lang='lat'><strong>899</strong></span> 
     </span>
    </p>
   </div>
   <div class='ocr_carea' id='block_1_2' title="bbox 1757 388 3686 470">
    <p class='ocr_par' dir='ltr' id='par_1_2' title="bbox 1757 388 3686 470">
     <span class='ocr_line' id='line_1_2' title="bbox 1757 388 3686 470; baseline 0.002 -23"><span class='ocrx_word' id='word_1_2' title='bbox 1757 389 2177 449; x_wconf 76' lang='lat' dir='ltr'><strong>NICEPHORI</strong></span> <span class='ocrx_word' id='word_1_3' title='bbox 2220 388 2565 449; x_wconf 76' lang='lat' dir='ltr'><strong>CALLlSTI</strong></span> <span class='ocrx_word' id='word_1_4' title='bbox 3610 407 3686 470; x_wconf 73' lang='lat'><strong>900</strong></span> 
     </span>
    </p>
   </div>
   <div class='ocr_carea' id='block_1_3' title="bbox 541 501 2086 583">
    <p class='ocr_par' dir='ltr' id='par_1_3' title="bbox 541 502 2086 574">
     <span class='ocr_line' id='line_1_3' title="bbox 541 502 2086 574; baseline -0.001 -17"><span class='ocrx_word' id='word_1_5' title='bbox 541 514 790 567; x_wconf 86' lang='lat' dir='ltr'><strong>caturus,</strong></span> <span class='ocrx_word' id='word_1_6' title='bbox 860 504 914 557; x_wconf 90' lang='lat' dir='ltr'><strong>in</strong></span> <span class='ocrx_word' id='word_1_7' title='bbox 951 504 1156 574; x_wconf 85' lang='lat' dir='ltr'><strong>regiam</strong></span> <span class='ocrx_word' id='word_1_8' title='bbox 1207 518 1263 558; x_wconf 89' lang='lat' dir='ltr'><strong>se</strong></span> <span class='ocrx_word' id='word_1_9' title='bbox 1294 503 1577 557; x_wconf 89' lang='lat' dir='ltr'><strong>celeritate</strong></span> <span class='ocrx_word' id='word_1_10' title='bbox 1632 517 1822 571; x_wconf 83' lang='lat' dir='ltr'><strong>magna</strong></span> <span class='ocrx_word' id='word_1_11' title='bbox 1874 502 2086 557; x_wconf 81' lang='lat' dir='ltr'><strong>conl‘crt</strong></span> 
     </span>
    </p>
   </div>
   <div class='ocr_carea' id='block_1_4' title="bbox 2190 501 3687 583">
    <p class='ocr_par' dir='ltr' id='par_1_4' title="bbox 2218 501 3687 583">
     <span class='ocr_line' id='line_1_4' title="bbox 2218 501 3687 583; baseline 0.009 -30"><span class='ocrx_word' id='word_1_12' title='bbox 2218 502 2441 555; x_wconf 76' lang='grc' dir='ltr'>ἐνοῦσαν</span> <span class='ocrx_word' id='word_1_13' title='bbox 2466 501 2663 572; x_wconf 77' lang='grc' dir='ltr'>ἀρετὴν</span> <span class='ocrx_word' id='word_1_14' title='bbox 2693 504 3004 573; x_wconf 63' lang='grc' dir='ltr'>παρρησίας</span> <span class='ocrx_word' id='word_1_15' title='bbox 3037 502 3095 556; x_wconf 80' lang='grc' dir='ltr'>ἔν</span> <span class='ocrx_word' id='word_1_16' title='bbox 3116 520 3175 557; x_wconf 81' lang='grc' dir='ltr'><strong>τε</strong></span> <span class='ocrx_word' id='word_1_17' title='bbox 3204 502 3317 573; x_wconf 81' lang='grc' dir='ltr'><strong>Θεῷ</strong></span> <span class='ocrx_word' id='word_1_18' title='bbox 3351 508 3435 561; x_wconf 72' lang='grc' dir='ltr'>καὶ</span> <span class='ocrx_word' id='word_1_19' title='bbox 3457 511 3553 574; x_wconf 76' lang='grc' dir='ltr'>τοῖς</span> <span class='ocrx_word' id='word_1_20' title='bbox 3576 529 3687 583; x_wconf 76' lang='grc' dir='ltr'>τηνι-</span> 
     </span>
    </p>
   </div>
   <div class='ocr_carea' id='block_1_5' title="bbox 539 592 2110 661">
    <p class='ocr_par' dir='ltr' id='par_1_5' title="bbox 539 592 2110 661">
     <span class='ocr_line' id='line_1_5' title="bbox 539 592 2110 661; baseline 0.001 -16"><span class='ocrx_word' id='word_1_21' title='bbox 539 592 757 646; x_wconf 86' lang='lat' dir='ltr'><strong>Accidit</strong></span> <span class='ocrx_word' id='word_1_22' title='bbox 788 602 924 658; x_wconf 83' lang='lat' dir='ltr'><strong>tum,</strong></span> <span class='ocrx_word' id='word_1_23' title='bbox 959 602 1018 647; x_wconf 90' lang='lat' dir='ltr'><strong>ut</strong></span> <span class='ocrx_word' id='word_1_24' title='bbox 1042 593 1413 647; x_wconf 78' lang='lat' dir='ltr'><strong>venerationis</strong></span> <span class='ocrx_word' id='word_1_25' title='bbox 1471 592 1783 661; x_wconf 87' lang='lat' dir='ltr'><strong>spectaculo</strong></span> <span class='ocrx_word' id='word_1_26' title='bbox 1814 592 2110 647; x_wconf 73' lang='lat' dir='ltr'><strong>Gratianus</strong></span> 
     </span>
    </p>
   </div>
   <div class='ocr_carea' id='block_1_6' title="bbox 2219 594 3039 664">
    <p class='ocr_par' dir='ltr' id='par_1_6' title="bbox 2219 594 3039 664">
     <span class='ocr_line' id='line_1_6' title="bbox 2219 594 3039 664; baseline 0 -16"><span class='ocrx_word' id='word_1_27' title='bbox 2219 594 2395 648; x_wconf 78' lang='grc' dir='ltr'>καῢτα</span> <span class='ocrx_word' id='word_1_28' title='bbox 2435 594 2723 664; x_wconf 82' lang='grc' dir='ltr'>Ῥωμαίων</span> <span class='ocrx_word' id='word_1_29' title='bbox 2759 597 3039 663; x_wconf 72' lang='grc' dir='ltr'>ἄρχουσιν.</span> 
     </span>
    </p>
   </div>
   <div class='ocr_carea' id='block_1_7' title="bbox 539 687 3687 767">
    <p class='ocr_par' dir='ltr' id='par_1_7' title="bbox 539 687 3687 767">
     <span class='ocr_line' id='line_1_7' title="bbox 539 687 3687 767; baseline 0.003 -28"><span class='ocrx_word' id='word_1_30' title='bbox 539 702 760 757; x_wconf 81' lang='lat' dir='ltr'><strong>operam</strong></span> <span class='ocrx_word' id='word_1_31' title='bbox 793 689 968 753; x_wconf 84' lang='lat' dir='ltr'><strong>daret,</strong></span> <span class='ocrx_word' id='word_1_32' title='bbox 1019 688 1208 761; x_wconf 74' lang='lat' dir='ltr'><strong>quase</strong></span> <span class='ocrx_word' id='word_1_33' title='bbox 1246 688 1464 742; x_wconf 81' lang='lat' dir='ltr'><strong>laxandi</strong></span> <span class='ocrx_word' id='word_1_34' title='bbox 1496 687 1661 742; x_wconf 89' lang='lat' dir='ltr'><strong>animi</strong></span> <span class='ocrx_word' id='word_1_35' title='bbox 1702 689 1874 756; x_wconf 82' lang='lat' dir='ltr'><strong>gratia</strong></span> <span class='ocrx_word' id='word_1_36' title='bbox 1911 688 2190 757; x_wconf 82' lang='lat' dir='ltr'><strong>principes</strong></span> <span class='ocrx_word' id='word_1_37' title='bbox 2249 689 2526 744; x_wconf 87' lang='lat' dir='ltr'><strong>oblectare</strong></span> <span class='ocrx_word' id='word_1_38' title='bbox 2590 691 2773 744; x_wconf 71' lang='lat' dir='ltr'><strong>solent</strong></span> <span class='ocrx_word' id='word_1_39' title='bbox 2824 704 3048 759; x_wconf 86' lang='lat' dir='ltr'><strong>:ueque</strong></span> <span class='ocrx_word' id='word_1_40' title='bbox 3141 693 3419 760; x_wconf 73' lang='lat' dir='ltr'><strong>quisquam</strong></span> <span class='ocrx_word' id='word_1_41' title='bbox 3456 709 3513 747; x_wconf 83' lang='lat' dir='ltr'><strong>ex</strong></span> <span class='ocrx_word' id='word_1_42' title='bbox 3536 696 3602 748; x_wconf 88' lang='lat' dir='ltr'><strong>eis</strong></span> <span class='ocrx_word' id='word_1_43' title='bbox 3622 702 3687 767; x_wconf 85' lang='lat' dir='ltr'><strong>qui</strong></span> 
     </span>
    </p>
   </div>
   <div class='ocr_carea' id='block_1_8' title="bbox 537 783 3686 860">
    <p class='ocr_par' dir='ltr' id='par_1_8' title="bbox 537 783 3686 860">
     <span class='ocr_line' id='line_1_8' title="bbox 537 783 3686 860; baseline 0.003 -24"><span class='ocrx_word' id='word_1_44' title='bbox 537 783 606 836; x_wconf 89' lang='lat' dir='ltr'><strong>ad</strong></span> <span class='ocrx_word' id='word_1_45' title='bbox 664 785 922 839; x_wconf 91' lang='lat' dir='ltr'><strong>vestibuli</strong></span> <span class='ocrx_word' id='word_1_46' title='bbox 974 784 1281 839; x_wconf 74' lang='lat' dir='ltr'><strong>custodiam</strong></span> <span class='ocrx_word' id='word_1_47' title='bbox 1314 783 1566 853; x_wconf 74' lang='lat' dir='ltr'><strong>dispositi</strong></span> <span class='ocrx_word' id='word_1_48' title='bbox 1618 792 1801 847; x_wconf 85' lang='lat' dir='ltr'><strong>erant,</strong></span> <span class='ocrx_word' id='word_1_49' title='bbox 1854 786 2097 853; x_wconf 75' lang='lat' dir='ltr'><strong>episcopi</strong></span> <span class='ocrx_word' id='word_1_50' title='bbox 2140 784 2521 853; x_wconf 68' lang='lat' dir='ltr'><strong>praesentiam,</strong></span> <span class='ocrx_word' id='word_1_51' title='bbox 2562 783 2709 853; x_wconf 90' lang='lat' dir='ltr'><strong>quod</strong></span> <span class='ocrx_word' id='word_1_52' title='bbox 2746 785 2867 855; x_wconf 83' lang='lat' dir='ltr'><strong>ejus</strong></span> <span class='ocrx_word' id='word_1_53' title='bbox 2894 785 2973 840; x_wconf 85' lang='lat' dir='ltr'><strong>rei</strong></span> <span class='ocrx_word' id='word_1_54' title='bbox 3018 797 3131 841; x_wconf 90' lang='lat' dir='ltr'><strong>tum</strong></span> <span class='ocrx_word' id='word_1_55' title='bbox 3158 794 3506 855; x_wconf 87' lang='lat' dir='ltr'><strong>opportunum</strong></span> <span class='ocrx_word' id='word_1_56' title='bbox 3529 799 3686 860; x_wconf 82' lang='lat' dir='ltr'><strong>tempus</strong></span> 
     </span>
    </p>
   </div>
   <div class='ocr_carea' id='block_1_9' title="bbox 538 871 3685 946">
    <p class='ocr_par' dir='ltr' id='par_1_9' title="bbox 538 871 3685 946">
     <span class='ocr_line' id='line_1_9' title="bbox 538 871 3685 946; baseline 0.002 -19"><span class='ocrx_word' id='word_1_57' title='bbox 538 893 649 930; x_wconf 88' lang='lat' dir='ltr'><strong>non</strong></span> <span class='ocrx_word' id='word_1_58' title='bbox 675 889 840 941; x_wconf 89' lang='lat' dir='ltr'><strong>esset,</strong></span> <span class='ocrx_word' id='word_1_59' title='bbox 866 876 1183 946; x_wconf 83' lang='lat' dir='ltr'><strong>imperatori</strong></span> <span class='ocrx_word' id='word_1_60' title='bbox 1223 874 1510 928; x_wconf 87' lang='lat' dir='ltr'><strong>iudicaret.</strong></span> <span class='ocrx_word' id='word_1_61' title='bbox 1536 876 1603 927; x_wconf 83' lang='lat' dir='ltr'><strong>At</strong></span> <span class='ocrx_word' id='word_1_62' title='bbox 1632 873 1955 926; x_wconf 80' lang='lat' dir='ltr'><strong>Ambrosius</strong></span> <span class='ocrx_word' id='word_1_63' title='bbox 1978 872 2105 925; x_wconf 88' lang='lat' dir='ltr'><strong>inde</strong></span> <span class='ocrx_word' id='word_1_64' title='bbox 2145 871 2456 939; x_wconf 84' lang='lat' dir='ltr'><strong>discedens,</strong></span> <span class='ocrx_word' id='word_1_65' title='bbox 2516 874 2584 928; x_wconf 83' lang='lat' dir='ltr'><strong>ad</strong></span> <span class='ocrx_word' id='word_1_66' title='bbox 2646 874 2792 928; x_wconf 79' lang='lat' dir='ltr'><strong>fores</strong></span> <span class='ocrx_word' id='word_1_67' title='bbox 2825 888 2918 927; x_wconf 81' lang='lat' dir='ltr'><strong>eas</strong></span> <span class='ocrx_word' id='word_1_68' title='bbox 2983 875 3259 943; x_wconf 83' lang='lat' dir='ltr'><strong>pervenit,</strong></span> <span class='ocrx_word' id='word_1_69' title='bbox 3321 891 3413 945; x_wconf 85' lang='lat' dir='ltr'><strong>per</strong></span> <span class='ocrx_word' id='word_1_70' title='bbox 3438 892 3554 946; x_wconf 82' lang='lat' dir='ltr'><strong>quas</strong></span> <span class='ocrx_word' id='word_1_71' title='bbox 3588 882 3685 936; x_wconf 75' lang='lat' dir='ltr'><strong>iens</strong></span> 
     </span>
    </p>
   </div>
   <div class='ocr_carea' id='block_1_10' title="bbox 539 965 3683 1037">
    <p class='ocr_par' dir='ltr' id='par_1_10' title="bbox 539 965 3683 1037">
     <span class='ocr_line' id='line_1_10' title="bbox 539 965 3683 1037; baseline 0.001 -16"><span class='ocrx_word' id='word_1_72' title='bbox 539 969 906 1023; x_wconf 86' lang='lat' dir='ltr'><strong>inducebant:</strong></span> <span class='ocrx_word' id='word_1_73' title='bbox 939 978 995 1023; x_wconf 91' lang='lat' dir='ltr'><strong>et</strong></span> <span class='ocrx_word' id='word_1_74' title='bbox 1019 966 1372 1022; x_wconf 86' lang='lat' dir='ltr'><strong>venatoribus</strong></span> <span class='ocrx_word' id='word_1_75' title='bbox 1398 968 1613 1028; x_wconf 87' lang='lat' dir='ltr'><strong>mistus,</strong></span> <span class='ocrx_word' id='word_1_76' title='bbox 1670 966 1743 1018; x_wconf 85' lang='lat' dir='ltr'><strong>ita</strong></span> <span class='ocrx_word' id='word_1_77' title='bbox 1778 974 1834 1019; x_wconf 92' lang='lat' dir='ltr'><strong>ut</strong></span> <span class='ocrx_word' id='word_1_78' title='bbox 1884 965 2252 1034; x_wconf 82' lang='lat' dir='ltr'><strong>ignoraretur,</strong></span> <span class='ocrx_word' id='word_1_79' title='bbox 2322 966 2603 1034; x_wconf 80' lang='lat' dir='ltr'><strong>ingressus</strong></span> <span class='ocrx_word' id='word_1_80' title='bbox 2658 973 2764 1019; x_wconf 88' lang='lat' dir='ltr'><strong>est.</strong></span> <span class='ocrx_word' id='word_1_81' title='bbox 2831 965 3019 1036; x_wconf 88' lang='lat' dir='ltr'><strong>Neque</strong></span> <span class='ocrx_word' id='word_1_82' title='bbox 3047 967 3172 1022; x_wconf 88' lang='lat' dir='ltr'><strong>inde</strong></span> <span class='ocrx_word' id='word_1_83' title='bbox 3205 968 3355 1037; x_wconf 79' lang='lat' dir='ltr'><strong>prius</strong></span> <span class='ocrx_word' id='word_1_84' title='bbox 3397 977 3683 1036; x_wconf 78' lang='lat' dir='ltr'><strong>estcgressus.</strong></span> 
     </span>
    </p>
   </div>
   <div class='ocr_carea' id='block_1_11' title="bbox 538 1051 3683 1133">
    <p class='ocr_par' dir='ltr' id='par_1_11' title="bbox 538 1051 3683 1133">
     <span class='ocr_line' id='line_1_11' title="bbox 538 1051 3683 1133; baseline 0.003 -23"><span class='ocrx_word' id='word_1_85' title='bbox 538 1059 706 1113; x_wconf 84' lang='lat' dir='ltr'><strong>multa</strong></span> <span class='ocrx_word' id='word_1_86' title='bbox 738 1059 1052 1113; x_wconf 78' lang='lat' dir='ltr'><strong>Gratianum</strong></span> <span class='ocrx_word' id='word_1_87' title='bbox 1084 1069 1138 1112; x_wconf 88' lang='lat' dir='ltr'><strong>et</strong></span> <span class='ocrx_word' id='word_1_88' title='bbox 1164 1072 1260 1110; x_wconf 89' lang='lat' dir='ltr'><strong>eos</strong></span> <span class='ocrx_word' id='word_1_89' title='bbox 1293 1056 1387 1126; x_wconf 88' lang='lat' dir='ltr'><strong>qui</strong></span> <span class='ocrx_word' id='word_1_90' title='bbox 1417 1072 1538 1111; x_wconf 93' lang='lat' dir='ltr'><strong>cum</strong></span> <span class='ocrx_word' id='word_1_91' title='bbox 1586 1074 1649 1110; x_wconf 84' lang='lat' dir='ltr'><strong>eo</strong></span> <span class='ocrx_word' id='word_1_92' title='bbox 1714 1065 1891 1133; x_wconf 84' lang='lat' dir='ltr'><strong>erant,</strong></span> <span class='ocrx_word' id='word_1_93' title='bbox 1962 1068 2213 1125; x_wconf 79' lang='lat' dir='ltr'><strong>precatus</strong></span> <span class='ocrx_word' id='word_1_94' title='bbox 2240 1098 2254 1122; x_wconf 92' lang='lat'><strong>,</strong></span> <span class='ocrx_word' id='word_1_95' title='bbox 2315 1051 2477 1126; x_wconf 70' lang='lat' dir='ltr'><strong>quam</strong></span> <span class='ocrx_word' id='word_1_96' title='bbox 2538 1058 2630 1112; x_wconf 86' lang='lat' dir='ltr'><strong>ille</strong></span> <span class='ocrx_word' id='word_1_97' title='bbox 2664 1058 3133 1115; x_wconf 83' lang='lat' dir='ltr'><strong>condemnationis</strong></span> <span class='ocrx_word' id='word_1_98' title='bbox 3160 1063 3421 1114; x_wconf 90' lang='lat' dir='ltr'><strong>sententia</strong></span> <span class='ocrx_word' id='word_1_99' title='bbox 3447 1064 3503 1114; x_wconf 74' lang='lat' dir='ltr'><strong>de</strong></span> <span class='ocrx_word' id='word_1_100' title='bbox 3526 1062 3683 1120; x_wconf 77' lang='lat' dir='ltr'><strong>homine</strong></span> 
     </span>
    </p>
   </div>
   <div class='ocr_carea' id='block_1_12' title="bbox 536 1150 3683 1222">
    <p class='ocr_par' dir='ltr' id='par_1_12' title="bbox 536 1150 3683 1222">
     <span class='ocr_line' id='line_1_12' title="bbox 536 1150 3683 1222; baseline 0.003 -19"><span class='ocrx_word' id='word_1_101' title='bbox 536 1152 839 1206; x_wconf 87' lang='lat' dir='ltr'><strong>eoinducta</strong></span> <span class='ocrx_word' id='word_1_102' title='bbox 867 1152 1028 1205; x_wconf 88' lang='lat' dir='ltr'><strong>aliam</strong></span> <span class='ocrx_word' id='word_1_103' title='bbox 1053 1151 1240 1213; x_wconf 79' lang='lat' dir='ltr'><strong>ferret,</strong></span> <span class='ocrx_word' id='word_1_104' title='bbox 1269 1165 1390 1219; x_wconf 65' lang='lat' dir='ltr'><strong>qum</strong></span> <span class='ocrx_word' id='word_1_105' title='bbox 1418 1150 1567 1203; x_wconf 89' lang='lat' dir='ltr'><strong>illum</strong></span> <span class='ocrx_word' id='word_1_106' title='bbox 1589 1150 1818 1203; x_wconf 81' lang='lat' dir='ltr'><strong>crimine</strong></span> <span class='ocrx_word' id='word_1_107' title='bbox 1889 1150 2219 1212; x_wconf 78' lang='lat' dir='ltr'><strong>absolveret.</strong></span> <span class='ocrx_word' id='word_1_108' title='bbox 2282 1150 2377 1220; x_wconf 89' lang='lat' dir='ltr'><strong>qui</strong></span> <span class='ocrx_word' id='word_1_109' title='bbox 2435 1152 2547 1222; x_wconf 80' lang='lat' dir='ltr'><strong>jam</strong></span> <span class='ocrx_word' id='word_1_110' title='bbox 2596 1152 2665 1205; x_wconf 87' lang='lat' dir='ltr'><strong>ad</strong></span> <span class='ocrx_word' id='word_1_111' title='bbox 2724 1162 2955 1207; x_wconf 87' lang='lat' dir='ltr'><strong>mortem</strong></span> <span class='ocrx_word' id='word_1_112' title='bbox 3019 1162 3327 1221; x_wconf 81' lang='lat' dir='ltr'><strong>raperetur.</strong></span> <span class='ocrx_word' id='word_1_113' title='bbox 3373 1152 3560 1209; x_wconf 77' lang='lat' dir='ltr'><strong>Nemini</strong></span> <span class='ocrx_word' id='word_1_114' title='bbox 3601 1176 3683 1212; x_wconf 76' lang='lat' dir='ltr'><strong>rem</strong></span> 
     </span>
    </p>
   </div>
   <div class='ocr_carea' id='block_1_13' title="bbox 535 1242 3682 1309">
    <p class='ocr_par' dir='ltr' id='par_1_13' title="bbox 535 1242 3682 1309">
     <span class='ocr_line' id='line_1_13' title="bbox 535 1242 3682 1309; baseline 0.003 -12"><span class='ocrx_word' id='word_1_115' title='bbox 535 1244 855 1299; x_wconf 88' lang='lat' dir='ltr'><strong>Ambrosius</strong></span> <span class='ocrx_word' id='word_1_116' title='bbox 912 1244 1300 1297; x_wconf 77' lang='lat' dir='ltr'><strong>ecclesiasticis</strong></span> <span class='ocrx_word' id='word_1_117' title='bbox 1356 1242 1841 1296; x_wconf 81' lang='lat' dir='ltr'><strong>constitutionibus</strong></span> <span class='ocrx_word' id='word_1_118' title='bbox 1896 1258 2092 1309; x_wconf 83' lang='lat' dir='ltr'><strong>magno</strong></span> <span class='ocrx_word' id='word_1_119' title='bbox 2169 1243 2354 1297; x_wconf 89' lang='lat' dir='ltr'><strong>studio</strong></span> <span class='ocrx_word' id='word_1_120' title='bbox 2394 1251 2450 1297; x_wconf 89' lang='lat' dir='ltr'><strong>et</strong></span> <span class='ocrx_word' id='word_1_121' title='bbox 2505 1259 2637 1299; x_wconf 84' lang='lat' dir='ltr'><strong>cura</strong></span> <span class='ocrx_word' id='word_1_122' title='bbox 2696 1245 2982 1301; x_wconf 75' lang='lat' dir='ltr'><strong>servandis</strong></span> <span class='ocrx_word' id='word_1_123' title='bbox 3018 1246 3223 1309; x_wconf 85' lang='lat' dir='ltr'><strong>cessit;</strong></span> <span class='ocrx_word' id='word_1_124' title='bbox 3286 1246 3429 1303; x_wconf 86' lang='lat' dir='ltr'><strong>clero</strong></span> <span class='ocrx_word' id='word_1_125' title='bbox 3481 1260 3625 1303; x_wconf 82' lang='lat' dir='ltr'><strong>autem</strong></span> <span class='ocrx_word' id='word_1_126' title='bbox 3649 1254 3682 1305; x_wconf 87' lang='lat' dir='ltr'><strong>in</strong></span> 
     </span>
    </p>
   </div>
   <div class='ocr_carea' id='block_1_14' title="bbox 534 1334 3683 1407">
    <p class='ocr_par' dir='ltr' id='par_1_14' title="bbox 534 1334 3683 1407">
     <span class='ocr_line' id='line_1_14' title="bbox 534 1334 3683 1407; baseline 0.001 -16"><span class='ocrx_word' id='word_1_127' title='bbox 534 1339 712 1392; x_wconf 71' lang='lat' dir='ltr'><strong>ofﬁcio</strong></span> <span class='ocrx_word' id='word_1_128' title='bbox 742 1336 1100 1400; x_wconf 85' lang='lat' dir='ltr'><strong>continendo,</strong></span> <span class='ocrx_word' id='word_1_129' title='bbox 1170 1347 1227 1390; x_wconf 90' lang='lat' dir='ltr'><strong>et</strong></span> <span class='ocrx_word' id='word_1_130' title='bbox 1258 1335 1566 1389; x_wconf 74' lang='lat' dir='ltr'><strong>divinarum</strong></span> <span class='ocrx_word' id='word_1_131' title='bbox 1628 1335 1808 1403; x_wconf 84' lang='lat' dir='ltr'><strong>legum</strong></span> <span class='ocrx_word' id='word_1_132' title='bbox 1885 1334 2171 1402; x_wconf 70' lang='lat' dir='ltr'><strong>disciplina</strong></span> <span class='ocrx_word' id='word_1_133' title='bbox 2217 1336 2536 1401; x_wconf 81' lang='lat' dir='ltr'><strong>imbuendo,</strong></span> <span class='ocrx_word' id='word_1_134' title='bbox 2589 1335 2945 1393; x_wconf 74' lang='lat' dir='ltr'><strong>felicissimus</strong></span> <span class='ocrx_word' id='word_1_135' title='bbox 2983 1338 3108 1393; x_wconf 76' lang='lat' dir='ltr'><strong>fuit.</strong></span> <span class='ocrx_word' id='word_1_136' title='bbox 3156 1339 3235 1393; x_wconf 83' lang='lat' dir='ltr'><strong>Ex</strong></span> <span class='ocrx_word' id='word_1_137' title='bbox 3302 1338 3533 1407; x_wconf 83' lang='lat' dir='ltr'><strong>plurimis</strong></span> <span class='ocrx_word' id='word_1_138' title='bbox 3582 1358 3683 1403; x_wconf 76' lang='lat' dir='ltr'><strong>vero,</strong></span> 
     </span>
    </p>
   </div>
   <div class='ocr_carea' id='block_1_15' title="bbox 533 1427 3684 1506">
    <p class='ocr_par' dir='ltr' id='par_1_15' title="bbox 533 1427 3684 1506">
     <span class='ocr_line' id='line_1_15' title="bbox 533 1427 3684 1506; baseline 0.002 -22"><span class='ocrx_word' id='word_1_139' title='bbox 533 1448 654 1499; x_wconf 77' lang='lat' dir='ltr'><strong>qua:</strong></span> <span class='ocrx_word' id='word_1_140' title='bbox 682 1430 772 1483; x_wconf 92' lang='lat' dir='ltr'><strong>ille</strong></span> <span class='ocrx_word' id='word_1_141' title='bbox 806 1440 950 1484; x_wconf 90' lang='lat' dir='ltr'><strong>recte</strong></span> <span class='ocrx_word' id='word_1_142' title='bbox 973 1430 1162 1499; x_wconf 81' lang='lat' dir='ltr'><strong>gessit,</strong></span> <span class='ocrx_word' id='word_1_143' title='bbox 1203 1428 1387 1489; x_wconf 87' lang='lat' dir='ltr'><strong>rebus,</strong></span> <span class='ocrx_word' id='word_1_144' title='bbox 1422 1443 1593 1496; x_wconf 82' lang='lat' dir='ltr'><strong>pauca</strong></span> <span class='ocrx_word' id='word_1_145' title='bbox 1627 1427 1742 1481; x_wconf 66' lang='lat' dir='ltr'><strong>haec</strong></span> <span class='ocrx_word' id='word_1_146' title='bbox 1791 1442 2250 1482; x_wconf 76' lang='lat' dir='ltr'><strong>commemorasse</strong></span> <span class='ocrx_word' id='word_1_147' title='bbox 2314 1432 2446 1487; x_wconf 82' lang='lat' dir='ltr'><strong>satis</strong></span> <span class='ocrx_word' id='word_1_148' title='bbox 2485 1440 2587 1486; x_wconf 90' lang='lat' dir='ltr'><strong>est.</strong></span> <span class='ocrx_word' id='word_1_149' title='bbox 2660 1432 2890 1487; x_wconf 81' lang='lat' dir='ltr'><strong>Abunde</strong></span> <span class='ocrx_word' id='word_1_150' title='bbox 2952 1435 3098 1486; x_wconf 88' lang='lat' dir='ltr'><strong>enim</strong></span> <span class='ocrx_word' id='word_1_151' title='bbox 3152 1433 3427 1487; x_wconf 83' lang='lat' dir='ltr'><strong>declarare</strong></span> <span class='ocrx_word' id='word_1_152' title='bbox 3473 1436 3567 1489; x_wconf 62' lang='lat' dir='ltr'><strong>liam</strong></span> <span class='ocrx_word' id='word_1_153' title='bbox 3602 1456 3684 1506; x_wconf 63' lang='lat' dir='ltr'><strong>pus-</strong></span> 
     </span>
    </p>
   </div>
   <div class='ocr_carea' id='block_1_16' title="bbox 530 1518 3688 1602">
    <p class='ocr_par' dir='ltr' id='par_1_16' title="bbox 530 1518 3688 1602">
     <span class='ocr_line' id='line_1_16' title="bbox 530 1518 3688 1602; baseline 0.003 -27"><span class='ocrx_word' id='word_1_154' title='bbox 530 1532 682 1585; x_wconf 84' lang='lat' dir='ltr'><strong>sunt,</strong></span> <span class='ocrx_word' id='word_1_155' title='bbox 722 1531 923 1591; x_wconf 88' lang='lat' dir='ltr'><strong>quanta</strong></span> <span class='ocrx_word' id='word_1_156' title='bbox 956 1531 1179 1589; x_wconf 89' lang='lat' dir='ltr'><strong>pr0pter</strong></span> <span class='ocrx_word' id='word_1_157' title='bbox 1229 1520 1445 1574; x_wconf 86' lang='lat' dir='ltr'><strong>insitam</strong></span> <span class='ocrx_word' id='word_1_158' title='bbox 1512 1520 1617 1573; x_wconf 83' lang='lat' dir='ltr'><strong>sibi</strong></span> <span class='ocrx_word' id='word_1_159' title='bbox 1658 1522 1939 1581; x_wconf 83' lang='lat' dir='ltr'><strong>virtutem,</strong></span> <span class='ocrx_word' id='word_1_160' title='bbox 1969 1534 2094 1573; x_wconf 87' lang='lat' dir='ltr'><strong>cum</strong></span> <span class='ocrx_word' id='word_1_161' title='bbox 2135 1520 2466 1579; x_wconf 75' lang='lat' dir='ltr'><strong>dexteritate</strong></span> <span class='ocrx_word' id='word_1_162' title='bbox 2525 1524 2781 1594; x_wconf 78' lang='lat' dir='ltr'><strong>quadam.</strong></span> <span class='ocrx_word' id='word_1_163' title='bbox 2848 1526 2902 1583; x_wconf 81' lang='lat' dir='ltr'><strong>in</strong></span> <span class='ocrx_word' id='word_1_164' title='bbox 2933 1518 3137 1581; x_wconf 78' lang='lat' dir='ltr'><strong>divinis</strong></span> <span class='ocrx_word' id='word_1_165' title='bbox 3163 1526 3417 1597; x_wconf 81' lang='lat' dir='ltr'><strong>negotiis.</strong></span> <span class='ocrx_word' id='word_1_166' title='bbox 3479 1535 3688 1602; x_wconf 72' lang='lat' dir='ltr'><strong>tutiiapud</strong></span> 
     </span>
    </p>
   </div>
   <div class='ocr_carea' id='block_1_17' title="bbox 538 1612 1681 1685">
    <p class='ocr_par' dir='ltr' id='par_1_17' title="bbox 538 1612 1681 1685">
     <span class='ocr_line' id='line_1_17' title="bbox 538 1612 1681 1685; baseline -0.003 -20"><span class='ocrx_word' id='word_1_167' title='bbox 538 1614 817 1685; x_wconf 81' lang='lat' dir='ltr'><strong>principes</strong></span> <span class='ocrx_word' id='word_1_168' title='bbox 832 1613 1110 1668; x_wconf 84' lang='lat' dir='ltr'><strong>Romanos</strong></span> <span class='ocrx_word' id='word_1_169' title='bbox 1144 1628 1276 1667; x_wconf 90' lang='lat' dir='ltr'><strong>usus</strong></span> <span class='ocrx_word' id='word_1_170' title='bbox 1309 1614 1378 1666; x_wconf 88' lang='lat' dir='ltr'><strong>sit</strong></span> <span class='ocrx_word' id='word_1_171' title='bbox 1406 1612 1681 1666; x_wconf 84' lang='lat' dir='ltr'><strong>libertate.</strong></span> 
     </span>
    </p>
   </div>
   <div class='ocr_carea' id='block_1_18' title="bbox 996 1748 1628 1823">
    <p class='ocr_par' dir='ltr' id='par_1_18' title="bbox 996 1748 1628 1823">
     <span class='ocr_line' id='line_1_18' title="bbox 996 1748 1628 1823; baseline 0.002 -18"><span class='ocrx_word' id='word_1_172' title='bbox 996 1753 1157 1823; x_wconf 79' lang='lat'><strong>323</strong></span> <span class='ocrx_word' id='word_1_173' title='bbox 1198 1748 1425 1806; x_wconf 82' lang='lat' dir='ltr'><strong>CAPUT</strong></span> <span class='ocrx_word' id='word_1_174' title='bbox 1464 1748 1628 1806; x_wconf 81' lang='lat' dir='ltr'><strong>XLII.</strong></span> 
     </span>
    </p>
   </div>
   <div class='ocr_carea' id='block_1_19' title="bbox 532 1860 2097 1945">
    <p class='ocr_par' dir='ltr' id='par_1_19' title="bbox 532 1860 2097 1945">
     <span class='ocr_line' id='line_1_19' title="bbox 532 1860 2097 1945; baseline -0.005 -20"><span class='ocrx_word' id='word_1_175' title='bbox 532 1870 609 1925; x_wconf 80' lang='lat' dir='ltr'><strong>De</strong></span> <span class='ocrx_word' id='word_1_176' title='bbox 643 1871 837 1941; x_wconf 81' lang='lat' dir='ltr'><strong>pietate</strong></span> <span class='ocrx_word' id='word_1_177' title='bbox 862 1875 911 1921; x_wconf 84' lang='lat' dir='ltr'><strong>et</strong></span> <span class='ocrx_word' id='word_1_178' title='bbox 940 1871 1132 1921; x_wconf 82' lang='lat' dir='ltr'><strong>uirtute</strong></span> <span class='ocrx_word' id='word_1_179' title='bbox 1162 1862 1405 1945; x_wconf 56' lang='lat' dir='ltr'><strong>Plocium</strong></span> <span class='ocrx_word' id='word_1_180' title='bbox 1423 1902 1437 1927; x_wconf 89' lang='lat'><strong>,</strong></span> <span class='ocrx_word' id='word_1_181' title='bbox 1462 1863 1797 1933; x_wconf 73' lang='lat' dir='ltr'><strong>imperatoris</strong></span> <span class='ocrx_word' id='word_1_182' title='bbox 1826 1860 2097 1917; x_wconf 79' lang='lat' dir='ltr'><strong>Theodosii</strong></span> 
     </span>
    </p>
   </div>
   <div class='ocr_carea' id='block_1_20' title="bbox 1194 1950 1451 2003">
    <p class='ocr_par' dir='ltr' id='par_1_20' title="bbox 1194 1950 1451 2003">
     <span class='ocr_line' id='line_1_20' title="bbox 1194 1950 1451 2003; baseline -0.004 -15"><span class='ocrx_word' id='word_1_183' title='bbox 1194 1950 1451 2003; x_wconf 67' lang='lat' dir='ltr'><strong>conjugis.</strong></span> 
     </span>
    </p>
   </div>
   <div class='ocr_carea' id='block_1_21' title="bbox 2064 1674 2097 1694">
    <p class='ocr_par' dir='ltr' id='par_1_21' title="bbox 2064 1674 2097 1694">
     <span class='ocr_line' id='line_1_21' title="bbox 2064 1674 2097 1694; baseline 0 0"><span class='ocrx_word' id='word_1_184' title='bbox 2064 1674 2097 1694; x_wconf 46' lang='grc' dir='ltr'>ἢ</span> 
     </span>
    </p>
   </div>
   <div class='ocr_carea' id='block_1_22' title="bbox 600 2046 2095 2118">
    <p class='ocr_par' dir='ltr' id='par_1_22' title="bbox 600 2046 2095 2118">
     <span class='ocr_line' id='line_1_22' title="bbox 600 2046 2095 2118; baseline -0.001 -12"><span class='ocrx_word' id='word_1_185' title='bbox 600 2050 947 2107; x_wconf 80' lang='lat' dir='ltr'><strong>Theodosius</strong></span> <span class='ocrx_word' id='word_1_186' title='bbox 996 2050 1291 2118; x_wconf 88' lang='lat' dir='ltr'><strong>imperator</strong></span> <span class='ocrx_word' id='word_1_187' title='bbox 1337 2046 1637 2116; x_wconf 86' lang='lat' dir='ltr'><strong>plurimum</strong></span> <span class='ocrx_word' id='word_1_188' title='bbox 1689 2046 1909 2114; x_wconf 85' lang='lat' dir='ltr'><strong>quidem</strong></span> <span class='ocrx_word' id='word_1_189' title='bbox 1964 2046 2095 2104; x_wconf 85' lang='lat' dir='ltr'><strong>Am-</strong></span> 
     </span>
    </p>
   </div>
   <div class='ocr_carea' id='block_1_23' title="bbox 531 2122 2093 2198">
    <p class='ocr_par' dir='ltr' id='par_1_23' title="bbox 531 2122 2093 2198">
     <span class='ocr_line' id='line_1_23' title="bbox 531 2122 2093 2198; baseline -0.004 0"><span class='ocrx_word' id='word_1_190' title='bbox 531 2145 703 2198; x_wconf 87' lang='lat' dir='ltr'><strong>brosii</strong></span> <span class='ocrx_word' id='word_1_191' title='bbox 735 2143 991 2197; x_wconf 80' lang='lat' dir='ltr'><strong>doctrina</strong></span> <span class='ocrx_word' id='word_1_192' title='bbox 1021 2150 1077 2195; x_wconf 91' lang='lat' dir='ltr'><strong>et</strong></span> <span class='ocrx_word' id='word_1_193' title='bbox 1110 2122 1603 2194; x_wconf 59' lang='lat' dir='ltr'><strong>constitutionibus</strong></span> <span class='ocrx_word' id='word_1_194' title='bbox 1637 2147 1720 2192; x_wconf 91' lang='lat' dir='ltr'><strong>est</strong></span> <span class='ocrx_word' id='word_1_195' title='bbox 1767 2138 2093 2193; x_wconf 89' lang='lat' dir='ltr'><strong>delectatus.</strong></span> 
     </span>
    </p>
   </div>
   <div class='ocr_carea' id='block_1_24' title="bbox 2784 1754 3196 1809">
    <p class='ocr_par' dir='ltr' id='par_1_24' title="bbox 2784 1754 3196 1809">
     <span class='ocr_line' id='line_1_24' title="bbox 2784 1754 3196 1809; baseline 0.005 -2"><span class='ocrx_word' id='word_1_196' title='bbox 2784 1754 3031 1807; x_wconf 79' lang='grc' dir='ltr'><strong>ΚΕΦΔΛ.</strong></span> <span class='ocrx_word' id='word_1_197' title='bbox 3062 1755 3196 1809; x_wconf 81' lang='lat' dir='ltr'><strong>MB’.</strong></span> 
     </span>
    </p>
   </div>
   <div class='ocr_carea' id='block_1_25' title="bbox 2200 1862 3691 1940">
    <p class='ocr_par' dir='ltr' id='par_1_25' title="bbox 2200 1862 3691 1940">
     <span class='ocr_line' id='line_1_25' title="bbox 2200 1862 3691 1940; baseline 0.018 -29"><span class='ocrx_word' id='word_1_198' title='bbox 2200 1863 2339 1940; x_wconf 64' lang='grc' dir='ltr'>Περὶ</span> <span class='ocrx_word' id='word_1_199' title='bbox 2369 1862 2483 1940; x_wconf 56' lang='grc' dir='ltr'>τῆς</span> <span class='ocrx_word' id='word_1_200' title='bbox 2496 1865 2826 1940; x_wconf 64' lang='grc' dir='ltr'><strong>⁸εὐσεϐείας</strong></span> <span class='ocrx_word' id='word_1_201' title='bbox 2843 1867 2957 1940; x_wconf 45' lang='grc' dir='ltr'>,καί</span> <span class='ocrx_word' id='word_1_202' title='bbox 2985 1866 3203 1940; x_wconf 68' lang='grc' dir='ltr'>ἀρετῆς</span> <span class='ocrx_word' id='word_1_203' title='bbox 3248 1869 3574 1940; x_wconf 69' lang='grc' dir='ltr'><strong>Πλᾳκίοιλης</strong></span> <span class='ocrx_word' id='word_1_204' title='bbox 3616 1872 3691 1940; x_wconf 76' lang='grc' dir='ltr'><strong>τῆς</strong></span> 
     </span>
    </p>
   </div>
   <div class='ocr_carea' id='block_1_26' title="bbox 2263 1932 3668 2007">
    <p class='ocr_par' dir='ltr' id='par_1_26' title="bbox 2263 1932 3668 2007">
     <span class='ocr_line' id='line_1_26' title="bbox 2263 1932 3668 2007; baseline 0.008 -22"><span class='ocrx_word' id='word_1_205' title='bbox 2263 1932 2608 2000; x_wconf 71' lang='grc' dir='ltr'><strong>βασιλίδος,</strong></span> <span class='ocrx_word' id='word_1_206' title='bbox 2640 1936 2900 2003; x_wconf 79' lang='grc' dir='ltr'>γαμετῆς</span> <span class='ocrx_word' id='word_1_207' title='bbox 2925 1932 3252 1990; x_wconf 73' lang='grc' dir='ltr'>Θεοδοσίου</span> <span class='ocrx_word' id='word_1_208' title='bbox 3278 1937 3387 1990; x_wconf 78' lang='grc' dir='ltr'>τοῦ</span> <span class='ocrx_word' id='word_1_209' title='bbox 3407 1932 3668 2007; x_wconf 63' lang='grc' dir='ltr'>βασιλέωςξ</span> 
     </span>
    </p>
   </div>
   <div class='ocr_carea' id='block_1_27' title="bbox 2283 2043 3688 2121">
    <p class='ocr_par' dir='ltr' id='par_1_27' title="bbox 2283 2043 3688 2121">
     <span class='ocr_line' id='line_1_27' title="bbox 2283 2043 3688 2121; baseline 0.006 -23"><span class='ocrx_word' id='word_1_210' title='bbox 2283 2043 2342 2099; x_wconf 89' lang='grc' dir='ltr'>Ὀ</span> <span class='ocrx_word' id='word_1_211' title='bbox 2373 2046 2428 2098; x_wconf 87' lang='grc' dir='ltr'><strong>δέ</strong></span> <span class='ocrx_word' id='word_1_212' title='bbox 2478 2046 2731 2115; x_wconf 81' lang='grc' dir='ltr'>βασιλεὺς</span> <span class='ocrx_word' id='word_1_213' title='bbox 2790 2049 3074 2111; x_wconf 78' lang='grc' dir='ltr'><strong>Θεοδόσιος</strong></span> <span class='ocrx_word' id='word_1_214' title='bbox 3133 2051 3369 2103; x_wconf 86' lang='grc' dir='ltr'>πλεῖστα</span> <span class='ocrx_word' id='word_1_215' title='bbox 3404 2052 3589 2121; x_wconf 81' lang='grc' dir='ltr'>ἐνήδετο</span> <span class='ocrx_word' id='word_1_216' title='bbox 3608 2059 3688 2119; x_wconf 70' lang='grc' dir='ltr'>ταῖς</span> 
     </span>
    </p>
   </div>
   <div class='ocr_carea' id='block_1_28' title="bbox 2213 2138 3688 2216">
    <p class='ocr_par' dir='ltr' id='par_1_28' title="bbox 2213 2138 3688 2216">
     <span class='ocr_line' id='line_1_28' title="bbox 2213 2138 3688 2216; baseline 0.005 -26"><span class='ocrx_word' id='word_1_217' title='bbox 2213 2138 2536 2208; x_wconf 75' lang='grc' dir='ltr'>Ἀμὸροσίου</span> <span class='ocrx_word' id='word_1_218' title='bbox 2578 2141 2849 2205; x_wconf 79' lang='grc' dir='ltr'><strong>παιδείαις</strong></span> <span class='ocrx_word' id='word_1_219' title='bbox 2875 2159 2934 2194; x_wconf 87' lang='grc' dir='ltr'><strong>τε</strong></span> <span class='ocrx_word' id='word_1_220' title='bbox 2961 2145 3057 2194; x_wconf 76' lang='grc' dir='ltr'>καὶ</span> <span class='ocrx_word' id='word_1_221' title='bbox 3094 2144 3461 2211; x_wconf 73' lang='grc' dir='ltr'>νομοθεσίαις.</span> <span class='ocrx_word' id='word_1_222' title='bbox 3497 2146 3587 2216; x_wconf 81' lang='grc' dir='ltr'><strong>Οὐχ</strong></span> <span class='ocrx_word' id='word_1_223' title='bbox 3606 2149 3688 2216; x_wconf 70' lang='grc' dir='ltr'><strong>ἧκε-</strong></span> 
     </span>
    </p>
   </div>
   <div class='ocr_carea' id='block_1_29' title="bbox 528 2229 2086 2309">
    <p class='ocr_par' dir='ltr' id='par_1_29' title="bbox 528 2230 2086 2304">
     <span class='ocr_line' id='line_1_29' title="bbox 528 2230 2086 2304; baseline -0.005 -14"><span class='ocrx_word' id='word_1_224' title='bbox 528 2238 649 2291; x_wconf 85' lang='lat' dir='ltr'><strong>Non</strong></span> <span class='ocrx_word' id='word_1_225' title='bbox 680 2251 872 2304; x_wconf 89' lang='lat' dir='ltr'><strong>parum</strong></span> <span class='ocrx_word' id='word_1_226' title='bbox 905 2248 1035 2287; x_wconf 91' lang='lat' dir='ltr'><strong>vero</strong></span> <span class='ocrx_word' id='word_1_227' title='bbox 1070 2231 1378 2286; x_wconf 86' lang='lat' dir='ltr'><strong>occasionis</strong></span> <span class='ocrx_word' id='word_1_228' title='bbox 1405 2242 1460 2286; x_wconf 90' lang='lat' dir='ltr'><strong>et</strong></span> <span class='ocrx_word' id='word_1_229' title='bbox 1493 2231 1748 2285; x_wconf 87' lang='lat' dir='ltr'><strong>utilitatis</strong></span> <span class='ocrx_word' id='word_1_230' title='bbox 1779 2232 1853 2294; x_wconf 87' lang='lat' dir='ltr'><strong>ei,</strong></span> <span class='ocrx_word' id='word_1_231' title='bbox 1885 2230 1950 2283; x_wconf 88' lang='lat' dir='ltr'><strong>ad</strong></span> <span class='ocrx_word' id='word_1_232' title='bbox 1984 2234 2086 2299; x_wconf 88' lang='lat' dir='ltr'><strong>pie-</strong></span> 
     </span>
    </p>
   </div>
   <div class='ocr_carea' id='block_1_30' title="bbox 2190 2229 3687 2309">
    <p class='ocr_par' dir='ltr' id='par_1_30' title="bbox 2199 2229 3687 2309">
     <span class='ocr_line' id='line_1_30' title="bbox 2199 2229 3687 2309; baseline 0.009 -29"><span class='ocrx_word' id='word_1_233' title='bbox 2199 2246 2302 2282; x_wconf 87' lang='grc' dir='ltr'><strong>στα</strong></span> <span class='ocrx_word' id='word_1_234' title='bbox 2326 2229 2383 2282; x_wconf 86' lang='grc' dir='ltr'><strong>δέ</strong></span> <span class='ocrx_word' id='word_1_235' title='bbox 2428 2230 2525 2283; x_wconf 69' lang='grc' dir='ltr'>καὶ</span> <span class='ocrx_word' id='word_1_236' title='bbox 2566 2232 2597 2300; x_wconf 84' lang='grc' dir='ltr'>ἡ</span> <span class='ocrx_word' id='word_1_237' title='bbox 2625 2232 2733 2283; x_wconf 82' lang='grc' dir='ltr'><strong>τῶν</strong></span> <span class='ocrx_word' id='word_1_238' title='bbox 2762 2234 2945 2286; x_wconf 82' lang='grc' dir='ltr'>αὐτῶν</span> <span class='ocrx_word' id='word_1_239' title='bbox 2996 2235 3147 2305; x_wconf 80' lang='grc' dir='ltr'><strong>αὐτῷ</strong></span> <span class='ocrx_word' id='word_1_240' title='bbox 3197 2236 3524 2289; x_wconf 76' lang='grc' dir='ltr'><strong>κοινωνοῦσα</strong></span> <span class='ocrx_word' id='word_1_241' title='bbox 3549 2241 3687 2309; x_wconf 72' lang='grc' dir='ltr'>γάμων</span> 
     </span>
    </p>
   </div>
   <div class='ocr_carea' id='block_1_31' title="bbox 531 2323 2095 2396">
    <p class='ocr_par' dir='ltr' id='par_1_31' title="bbox 531 2323 2095 2396">
     <span class='ocr_line' id='line_1_31' title="bbox 531 2323 2095 2396; baseline -0.004 -13"><span class='ocrx_word' id='word_1_242' title='bbox 531 2339 698 2384; x_wconf 83' lang='lat' dir='ltr'><strong>tatem</strong></span> <span class='ocrx_word' id='word_1_243' title='bbox 729 2328 943 2396; x_wconf 79' lang='lat' dir='ltr'><strong>scilicet</strong></span> <span class='ocrx_word' id='word_1_244' title='bbox 974 2328 1161 2388; x_wconf 87' lang='lat' dir='ltr'><strong>etiam,</strong></span> <span class='ocrx_word' id='word_1_245' title='bbox 1195 2325 1378 2378; x_wconf 85' lang='lat' dir='ltr'><strong>attulit</strong></span> <span class='ocrx_word' id='word_1_246' title='bbox 1407 2325 1526 2394; x_wconf 85' lang='lat' dir='ltr'><strong>ejus</strong></span> <span class='ocrx_word' id='word_1_247' title='bbox 1574 2324 1790 2387; x_wconf 75' lang='lat' dir='ltr'><strong>coniux.</strong></span> <span class='ocrx_word' id='word_1_248' title='bbox 1841 2323 2095 2389; x_wconf 76' lang='lat' dir='ltr'><strong>Quotidie</strong></span> 
     </span>
    </p>
   </div>
   <div class='ocr_carea' id='block_1_32' title="bbox 529 2416 2093 2490">
    <p class='ocr_par' dir='ltr' id='par_1_32' title="bbox 529 2416 2093 2490">
     <span class='ocr_line' id='line_1_32' title="bbox 529 2416 2093 2490; baseline -0.005 -14"><span class='ocrx_word' id='word_1_249' title='bbox 529 2437 769 2490; x_wconf 85' lang='lat' dir='ltr'><strong>namque</strong></span> <span class='ocrx_word' id='word_1_250' title='bbox 805 2420 885 2474; x_wconf 90' lang='lat' dir='ltr'><strong>illi</strong></span> <span class='ocrx_word' id='word_1_251' title='bbox 925 2419 1139 2472; x_wconf 87' lang='lat' dir='ltr'><strong>divinas</strong></span> <span class='ocrx_word' id='word_1_252' title='bbox 1182 2418 1354 2486; x_wconf 80' lang='lat' dir='ltr'><strong>leges,</strong></span> <span class='ocrx_word' id='word_1_253' title='bbox 1383 2416 1587 2486; x_wconf 83' lang='lat' dir='ltr'><strong>quibus</strong></span> <span class='ocrx_word' id='word_1_254' title='bbox 1627 2417 1741 2483; x_wconf 76' lang='lat' dir='ltr'><strong>ipsa</strong></span> <span class='ocrx_word' id='word_1_255' title='bbox 1767 2428 1924 2471; x_wconf 83' lang='lat' dir='ltr'><strong>antea</strong></span> <span class='ocrx_word' id='word_1_256' title='bbox 1961 2431 2093 2469; x_wconf 89' lang='lat' dir='ltr'><strong>eru-</strong></span> 
     </span>
    </p>
   </div>
   <div class='ocr_carea' id='block_1_33' title="bbox 528 2505 2090 2574">
    <p class='ocr_par' dir='ltr' id='par_1_33' title="bbox 528 2505 2090 2574">
     <span class='ocr_line' id='line_1_33' title="bbox 528 2505 2090 2574; baseline -0.006 -6"><span class='ocrx_word' id='word_1_257' title='bbox 528 2516 644 2568; x_wconf 82' lang='lat' dir='ltr'><strong>dita</strong></span> <span class='ocrx_word' id='word_1_258' title='bbox 685 2516 886 2574; x_wconf 74' lang='lat' dir='ltr'><strong>fuerat,</strong></span> <span class='ocrx_word' id='word_1_259' title='bbox 911 2510 966 2564; x_wconf 90' lang='lat' dir='ltr'><strong>in</strong></span> <span class='ocrx_word' id='word_1_260' title='bbox 997 2509 1319 2563; x_wconf 84' lang='lat' dir='ltr'><strong>memoriam</strong></span> <span class='ocrx_word' id='word_1_261' title='bbox 1356 2506 1654 2562; x_wconf 87' lang='lat' dir='ltr'><strong>revocavit.</strong></span> <span class='ocrx_word' id='word_1_262' title='bbox 1680 2505 1798 2560; x_wconf 86' lang='lat' dir='ltr'><strong>Non</strong></span> <span class='ocrx_word' id='word_1_263' title='bbox 1828 2507 1973 2560; x_wconf 90' lang='lat' dir='ltr'><strong>enim</strong></span> <span class='ocrx_word' id='word_1_264' title='bbox 2004 2506 2090 2561; x_wconf 82' lang='lat' dir='ltr'><strong>illa</strong></span> 
     </span>
    </p>
   </div>
   <div class='ocr_carea' id='block_1_34' title="bbox 528 2597 2093 2674">
    <p class='ocr_par' dir='ltr' id='par_1_34' title="bbox 528 2597 2093 2674">
     <span class='ocr_line' id='line_1_34' title="bbox 528 2597 2093 2674; baseline -0.01 -15"><span class='ocrx_word' id='word_1_265' title='bbox 528 2623 586 2661; x_wconf 87' lang='lat' dir='ltr'><strong>se</strong></span> <span class='ocrx_word' id='word_1_266' title='bbox 638 2604 909 2674; x_wconf 85' lang='lat' dir='ltr'><strong>imperiali</strong></span> <span class='ocrx_word' id='word_1_267' title='bbox 961 2600 1228 2656; x_wconf 85' lang='lat' dir='ltr'><strong>ellerebat</strong></span> <span class='ocrx_word' id='word_1_268' title='bbox 1279 2600 1547 2668; x_wconf 86' lang='lat' dir='ltr'><strong>potentia,</strong></span> <span class='ocrx_word' id='word_1_269' title='bbox 1592 2597 1684 2652; x_wconf 76' lang='lat' dir='ltr'><strong>sed</strong></span> <span class='ocrx_word' id='word_1_270' title='bbox 1724 2600 1907 2665; x_wconf 85' lang='lat' dir='ltr'><strong>potius</strong></span> <span class='ocrx_word' id='word_1_271' title='bbox 1944 2611 2093 2651; x_wconf 79' lang='lat' dir='ltr'><strong>amo.</strong></span> 
     </span>
    </p>
   </div>
   <div class='ocr_carea' id='block_1_35' title="bbox 531 2688 2094 2764">
    <p class='ocr_par' dir='ltr' id='par_1_35' title="bbox 531 2688 2094 2764">
     <span class='ocr_line' id='line_1_35' title="bbox 531 2688 2094 2764; baseline -0.007 -14"><span class='ocrx_word' id='word_1_272' title='bbox 531 2713 645 2751; x_wconf 84' lang='lat' dir='ltr'><strong>rem</strong></span> <span class='ocrx_word' id='word_1_273' title='bbox 683 2710 813 2764; x_wconf 80' lang='lat' dir='ltr'><strong>erga</strong></span> <span class='ocrx_word' id='word_1_274' title='bbox 838 2695 1009 2749; x_wconf 86' lang='lat' dir='ltr'><strong>Deum</strong></span> <span class='ocrx_word' id='word_1_275' title='bbox 1045 2689 1262 2760; x_wconf 81' lang='lat' dir='ltr'><strong>sibiipsi</strong></span> <span class='ocrx_word' id='word_1_276' title='bbox 1289 2688 1457 2744; x_wconf 89' lang='lat' dir='ltr'><strong>veluti</strong></span> <span class='ocrx_word' id='word_1_277' title='bbox 1508 2688 1822 2745; x_wconf 83' lang='lat' dir='ltr'><strong>thesaurum</strong></span> <span class='ocrx_word' id='word_1_278' title='bbox 1866 2702 2094 2742; x_wconf 87' lang='lat' dir='ltr'><strong>conser-</strong></span> 
     </span>
    </p>
   </div>
   <div class='ocr_carea' id='block_1_36' title="bbox 526 2778 2091 2851">
    <p class='ocr_par' dir='ltr' id='par_1_36' title="bbox 526 2778 2091 2851">
     <span class='ocr_line' id='line_1_36' title="bbox 526 2778 2091 2851; baseline -0.005 -11"><span class='ocrx_word' id='word_1_279' title='bbox 526 2787 710 2840; x_wconf 85' lang='lat' dir='ltr'><strong>vabat.</strong></span> <span class='ocrx_word' id='word_1_280' title='bbox 743 2788 959 2851; x_wconf 84' lang='lat' dir='ltr'><strong>Quanto</strong></span> <span class='ocrx_word' id='word_1_281' title='bbox 987 2798 1224 2851; x_wconf 87' lang='lat' dir='ltr'><strong>namque</strong></span> <span class='ocrx_word' id='word_1_282' title='bbox 1257 2780 1347 2834; x_wconf 89' lang='lat' dir='ltr'><strong>illa</strong></span> <span class='ocrx_word' id='word_1_283' title='bbox 1385 2778 1590 2850; x_wconf 85' lang='lat' dir='ltr'><strong>majora</strong></span> <span class='ocrx_word' id='word_1_284' title='bbox 1618 2778 1686 2833; x_wconf 88' lang='lat' dir='ltr'><strong>ab</strong></span> <span class='ocrx_word' id='word_1_285' title='bbox 1726 2794 1793 2832; x_wconf 89' lang='lat' dir='ltr'><strong>eo</strong></span> <span class='ocrx_word' id='word_1_286' title='bbox 1826 2778 2091 2833; x_wconf 82' lang='lat' dir='ltr'><strong>beneﬁcia</strong></span> 
     </span>
    </p>
   </div>
   <div class='ocr_carea' id='block_1_37' title="bbox 525 2869 2091 2945">
    <p class='ocr_par' dir='ltr' id='par_1_37' title="bbox 525 2869 2091 2945">
     <span class='ocr_line' id='line_1_37' title="bbox 525 2869 2091 2945; baseline -0.006 -15"><span class='ocrx_word' id='word_1_287' title='bbox 525 2885 836 2945; x_wconf 71' lang='lat' dir='ltr'><strong>acceperat,</strong></span> <span class='ocrx_word' id='word_1_288' title='bbox 866 2883 1018 2928; x_wconf 88' lang='lat' dir='ltr'><strong>tanto</strong></span> <span class='ocrx_word' id='word_1_289' title='bbox 1051 2873 1220 2926; x_wconf 82' lang='lat' dir='ltr'><strong>etiam</strong></span> <span class='ocrx_word' id='word_1_290' title='bbox 1264 2870 1512 2941; x_wconf 87' lang='lat' dir='ltr'><strong>quotidie</strong></span> <span class='ocrx_word' id='word_1_291' title='bbox 1541 2869 1867 2923; x_wconf 79' lang='lat' dir='ltr'><strong>charitatcm</strong></span> <span class='ocrx_word' id='word_1_292' title='bbox 1904 2869 1957 2922; x_wconf 87' lang='lat' dir='ltr'><strong>in</strong></span> <span class='ocrx_word' id='word_1_293' title='bbox 1992 2870 2091 2925; x_wconf 85' lang='lat' dir='ltr'><strong>be-</strong></span> 
     </span>
    </p>
   </div>
   <div class='ocr_carea' id='block_1_38' title="bbox 526 2960 2089 3031">
    <p class='ocr_par' dir='ltr' id='par_1_38' title="bbox 526 2960 2089 3031">
     <span class='ocr_line' id='line_1_38' title="bbox 526 2960 2089 3031; baseline -0.005 -9"><span class='ocrx_word' id='word_1_294' title='bbox 526 2970 860 3023; x_wconf 79' lang='lat' dir='ltr'><strong>nefactorem</strong></span> <span class='ocrx_word' id='word_1_295' title='bbox 891 2980 1050 3020; x_wconf 81' lang='lat' dir='ltr'><strong>Suum</strong></span> <span class='ocrx_word' id='word_1_296' title='bbox 1093 2963 1402 3031; x_wconf 78' lang='lat' dir='ltr'><strong>adaugebat</strong></span> <span class='ocrx_word' id='word_1_297' title='bbox 1453 2963 1645 3030; x_wconf 86' lang='lat' dir='ltr'><strong>magis.</strong></span> <span class='ocrx_word' id='word_1_298' title='bbox 1674 2960 1863 3030; x_wconf 83' lang='lat' dir='ltr'><strong>Itaque</strong></span> <span class='ocrx_word' id='word_1_299' title='bbox 1897 2977 2089 3015; x_wconf 91' lang='lat' dir='ltr'><strong>eorum</strong></span> 
     </span>
    </p>
   </div>
   <div class='ocr_carea' id='block_1_39' title="bbox 526 3053 2089 3132">
    <p class='ocr_par' dir='ltr' id='par_1_39' title="bbox 526 3053 2089 3132">
     <span class='ocr_line' id='line_1_39' title="bbox 526 3053 2089 3132; baseline -0.006 -18"><span class='ocrx_word' id='word_1_300' title='bbox 526 3062 624 3132; x_wconf 87' lang='lat' dir='ltr'><strong>qui</strong></span> <span class='ocrx_word' id='word_1_301' title='bbox 658 3060 826 3115; x_wconf 89' lang='lat' dir='ltr'><strong>variis</strong></span> <span class='ocrx_word' id='word_1_302' title='bbox 856 3058 1242 3112; x_wconf 85' lang='lat' dir='ltr'><strong>detinerentur</strong></span> <span class='ocrx_word' id='word_1_303' title='bbox 1270 3054 1500 3118; x_wconf 88' lang='lat' dir='ltr'><strong>morbis,</strong></span> <span class='ocrx_word' id='word_1_304' title='bbox 1526 3064 1583 3109; x_wconf 89' lang='lat' dir='ltr'><strong>et</strong></span> <span class='ocrx_word' id='word_1_305' title='bbox 1620 3053 1882 3107; x_wconf 87' lang='lat' dir='ltr'><strong>membris</strong></span> <span class='ocrx_word' id='word_1_306' title='bbox 1916 3053 2089 3123; x_wconf 87' lang='lat' dir='ltr'><strong>parti-</strong></span> 
     </span>
    </p>
   </div>
   <div class='ocr_carea' id='block_1_40' title="bbox 529 3144 2091 3220">
    <p class='ocr_par' dir='ltr' id='par_1_40' title="bbox 529 3144 2091 3220">
     <span class='ocr_line' id='line_1_40' title="bbox 529 3144 2091 3220; baseline -0.005 -14"><span class='ocrx_word' id='word_1_307' title='bbox 529 3154 742 3220; x_wconf 85' lang='lat' dir='ltr'><strong>busque</strong></span> <span class='ocrx_word' id='word_1_308' title='bbox 792 3148 1047 3217; x_wconf 86' lang='lat' dir='ltr'><strong>corporis</strong></span> <span class='ocrx_word' id='word_1_309' title='bbox 1095 3145 1332 3201; x_wconf 87' lang='lat' dir='ltr'><strong>Inutilati</strong></span> <span class='ocrx_word' id='word_1_310' title='bbox 1374 3154 1599 3206; x_wconf 83' lang='lat' dir='ltr'><strong>essent,</strong></span> <span class='ocrx_word' id='word_1_311' title='bbox 1647 3146 1826 3199; x_wconf 90' lang='lat' dir='ltr'><strong>omnis</strong></span> <span class='ocrx_word' id='word_1_312' title='bbox 1872 3144 2091 3213; x_wconf 79' lang='lat' dir='ltr'><strong>generis</strong></span> 
     </span>
    </p>
   </div>
   <div class='ocr_carea' id='block_1_41' title="bbox 528 3237 2090 3312">
    <p class='ocr_par' dir='ltr' id='par_1_41' title="bbox 528 3237 2090 3312">
     <span class='ocr_line' id='line_1_41' title="bbox 528 3237 2090 3312; baseline -0.006 -13"><span class='ocrx_word' id='word_1_313' title='bbox 528 3259 718 3299; x_wconf 86' lang='lat' dir='ltr'><strong>curam</strong></span> <span class='ocrx_word' id='word_1_314' title='bbox 751 3242 939 3312; x_wconf 81' lang='lat' dir='ltr'><strong>gessit,</strong></span> <span class='ocrx_word' id='word_1_315' title='bbox 972 3240 1086 3309; x_wconf 86' lang='lat' dir='ltr'><strong>ipsa</strong></span> <span class='ocrx_word' id='word_1_316' title='bbox 1125 3254 1224 3309; x_wconf 88' lang='lat' dir='ltr'><strong>per</strong></span> <span class='ocrx_word' id='word_1_317' title='bbox 1248 3238 1485 3307; x_wconf 87' lang='lat' dir='ltr'><strong>seipsam</strong></span> <span class='ocrx_word' id='word_1_318' title='bbox 1535 3239 1591 3290; x_wconf 89' lang='lat' dir='ltr'><strong>in</strong></span> <span class='ocrx_word' id='word_1_319' title='bbox 1628 3238 1794 3291; x_wconf 88' lang='lat' dir='ltr'><strong>rebus</strong></span> <span class='ocrx_word' id='word_1_320' title='bbox 1832 3237 2090 3290; x_wconf 76' lang='lat' dir='ltr'><strong>erunibus</strong></span> 
     </span>
    </p>
   </div>
   <div class='ocr_carea' id='block_1_42' title="bbox 524 3326 2091 3387">
    <p class='ocr_par' dir='ltr' id='par_1_42' title="bbox 524 3326 2091 3387">
     <span class='ocr_line' id='line_1_42' title="bbox 524 3326 2091 3387; baseline -0.005 0"><span class='ocrx_word' id='word_1_321' title='bbox 524 3332 607 3387; x_wconf 85' lang='lat' dir='ltr'><strong>cis</strong></span> <span class='ocrx_word' id='word_1_322' title='bbox 654 3331 980 3385; x_wconf 73' lang='lat' dir='ltr'><strong>inserviens.</strong></span> <span class='ocrx_word' id='word_1_323' title='bbox 1018 3329 1077 3383; x_wconf 88' lang='lat' dir='ltr'><strong>lu</strong></span> <span class='ocrx_word' id='word_1_324' title='bbox 1107 3329 1324 3382; x_wconf 89' lang='lat' dir='ltr'><strong>illorum</strong></span> <span class='ocrx_word' id='word_1_325' title='bbox 1367 3327 1515 3382; x_wconf 89' lang='lat' dir='ltr'><strong>enim</strong></span> <span class='ocrx_word' id='word_1_326' title='bbox 1545 3327 1825 3381; x_wconf 90' lang='lat' dir='ltr'><strong>domicilia</strong></span> <span class='ocrx_word' id='word_1_327' title='bbox 1854 3326 2091 3379; x_wconf 87' lang='lat' dir='ltr'><strong>ventita-</strong></span> 
     </span>
    </p>
   </div>
   <div class='ocr_carea' id='block_1_43' title="bbox 525 3420 2089 3494">
    <p class='ocr_par' dir='ltr' id='par_1_43' title="bbox 525 3420 2089 3494">
     <span class='ocr_line' id='line_1_43' title="bbox 525 3420 2089 3494; baseline -0.004 -15"><span class='ocrx_word' id='word_1_328' title='bbox 525 3427 641 3491; x_wconf 85' lang='lat' dir='ltr'><strong>bat,</strong></span> <span class='ocrx_word' id='word_1_329' title='bbox 671 3437 730 3479; x_wconf 92' lang='lat' dir='ltr'><strong>et</strong></span> <span class='ocrx_word' id='word_1_330' title='bbox 773 3440 879 3493; x_wconf 88' lang='lat' dir='ltr'><strong>qua</strong></span> <span class='ocrx_word' id='word_1_331' title='bbox 908 3422 1142 3494; x_wconf 90' lang='lat' dir='ltr'><strong>quisque</strong></span> <span class='ocrx_word' id='word_1_332' title='bbox 1180 3420 1451 3489; x_wconf 78' lang='lat' dir='ltr'><strong>indigeret</strong></span> <span class='ocrx_word' id='word_1_333' title='bbox 1510 3436 1589 3482; x_wconf 86' lang='lat' dir='ltr'><strong>re,</strong></span> <span class='ocrx_word' id='word_1_334' title='bbox 1618 3434 1737 3475; x_wconf 86' lang='lat' dir='ltr'><strong>eam</strong></span> <span class='ocrx_word' id='word_1_335' title='bbox 1777 3420 1854 3473; x_wconf 91' lang='lat' dir='ltr'><strong>illi</strong></span> <span class='ocrx_word' id='word_1_336' title='bbox 1888 3434 2089 3488; x_wconf 82' lang='lat' dir='ltr'><strong>suppe-</strong></span> 
     </span>
    </p>
   </div>
   <div class='ocr_carea' id='block_1_44' title="bbox 524 3511 2091 3580">
    <p class='ocr_par' dir='ltr' id='par_1_44' title="bbox 524 3511 2091 3580">
     <span class='ocr_line' id='line_1_44' title="bbox 524 3511 2091 3580; baseline -0.006 -9"><span class='ocrx_word' id='word_1_337' title='bbox 524 3518 754 3571; x_wconf 85' lang='lat' dir='ltr'><strong>ditabat.</strong></span> <span class='ocrx_word' id='word_1_338' title='bbox 784 3516 848 3570; x_wconf 84' lang='lat' dir='ltr'><strong>Et</strong></span> <span class='ocrx_word' id='word_1_339' title='bbox 873 3515 1233 3571; x_wconf 87' lang='lat' dir='ltr'><strong>ecclesiarum</strong></span> <span class='ocrx_word' id='word_1_340' title='bbox 1287 3512 1584 3580; x_wconf 75' lang='lat' dir='ltr'><strong>liOSpitales</strong></span> <span class='ocrx_word' id='word_1_341' title='bbox 1614 3511 1807 3565; x_wconf 90' lang='lat' dir='ltr'><strong>domos</strong></span> <span class='ocrx_word' id='word_1_342' title='bbox 1852 3512 2091 3565; x_wconf 83' lang='lat' dir='ltr'><strong>cireum-</strong></span> 
     </span>
    </p>
   </div>
   <div class='ocr_carea' id='block_1_45' title="bbox 525 3600 2086 3677">
    <p class='ocr_par' dir='ltr' id='par_1_45' title="bbox 525 3600 2086 3677">
     <span class='ocr_line' id='line_1_45' title="bbox 525 3600 2086 3677; baseline -0.006 -13"><span class='ocrx_word' id='word_1_343' title='bbox 525 3611 665 3675; x_wconf 88' lang='lat' dir='ltr'><strong>iens,</strong></span> <span class='ocrx_word' id='word_1_344' title='bbox 711 3623 808 3664; x_wconf 87' lang='lat' dir='ltr'><strong>eos</strong></span> <span class='ocrx_word' id='word_1_345' title='bbox 863 3607 957 3675; x_wconf 89' lang='lat' dir='ltr'><strong>qui</strong></span> <span class='ocrx_word' id='word_1_346' title='bbox 1008 3603 1271 3677; x_wconf 75' lang='lat' dir='ltr'><strong>gravibus</strong></span> <span class='ocrx_word' id='word_1_347' title='bbox 1306 3602 1514 3656; x_wconf 87' lang='lat' dir='ltr'><strong>morbis</strong></span> <span class='ocrx_word' id='word_1_348' title='bbox 1548 3602 1689 3655; x_wconf 88' lang='lat' dir='ltr'><strong>lecto</strong></span> <span class='ocrx_word' id='word_1_349' title='bbox 1729 3600 1868 3656; x_wconf 78' lang='lat' dir='ltr'><strong>aﬂixi</strong></span> <span class='ocrx_word' id='word_1_350' title='bbox 1905 3612 2086 3664; x_wconf 88' lang='lat' dir='ltr'><strong>erant,</strong></span> 
     </span>
    </p>
   </div>
   <div class='ocr_carea' id='block_1_46' title="bbox 523 3693 2085 3763">
    <p class='ocr_par' dir='ltr' id='par_1_46' title="bbox 523 3693 2085 3763">
     <span class='ocr_line' id='line_1_46' title="bbox 523 3693 2085 3763; baseline -0.006 -7"><span class='ocrx_word' id='word_1_351' title='bbox 523 3703 756 3757; x_wconf 81' lang='lat' dir='ltr'><strong>curavit.</strong></span> <span class='ocrx_word' id='word_1_352' title='bbox 780 3699 899 3753; x_wconf 88' lang='lat' dir='ltr'><strong>Non</strong></span> <span class='ocrx_word' id='word_1_353' title='bbox 927 3697 1073 3751; x_wconf 87' lang='lat' dir='ltr'><strong>enim</strong></span> <span class='ocrx_word' id='word_1_354' title='bbox 1107 3705 1316 3750; x_wconf 84' lang='lat' dir='ltr'><strong>tantum</strong></span> <span class='ocrx_word' id='word_1_355' title='bbox 1346 3694 1569 3747; x_wconf 85' lang='lat' dir='ltr'><strong>illorum</strong></span> <span class='ocrx_word' id='word_1_356' title='bbox 1603 3693 2085 3763; x_wconf 80' lang='lat' dir='ltr'><strong>attingebatollas,</strong></span> 
     </span>
    </p>
   </div>
   <div class='ocr_carea' id='block_1_47' title="bbox 521 3784 2085 3864">
    <p class='ocr_par' dir='ltr' id='par_1_47' title="bbox 521 3784 2085 3864">
     <span class='ocr_line' id='line_1_47' title="bbox 521 3784 2085 3864; baseline -0.006 -16"><span class='ocrx_word' id='word_1_357' title='bbox 521 3806 578 3849; x_wconf 90' lang='lat' dir='ltr'><strong>et</strong></span> <span class='ocrx_word' id='word_1_358' title='bbox 624 3792 845 3861; x_wconf 86' lang='lat' dir='ltr'><strong>juscula</strong></span> <span class='ocrx_word' id='word_1_359' title='bbox 882 3786 1162 3843; x_wconf 87' lang='lat' dir='ltr'><strong>delibabat</strong></span> <span class='ocrx_word' id='word_1_360' title='bbox 1194 3802 1209 3840; x_wconf 88' lang='lat'><strong>:</strong></span> <span class='ocrx_word' id='word_1_361' title='bbox 1247 3786 1342 3840; x_wconf 89' lang='lat' dir='ltr'><strong>sed</strong></span> <span class='ocrx_word' id='word_1_362' title='bbox 1375 3795 1431 3841; x_wconf 91' lang='lat' dir='ltr'><strong>et</strong></span> <span class='ocrx_word' id='word_1_363' title='bbox 1472 3784 1700 3854; x_wconf 86' lang='lat' dir='ltr'><strong>patellas</strong></span> <span class='ocrx_word' id='word_1_364' title='bbox 1734 3784 2085 3864; x_wconf 65' lang='lat' dir='ltr'><strong>admovebat,</strong></span> 
     </span>
    </p>
   </div>
   <div class='ocr_carea' id='block_1_48' title="bbox 524 3876 2086 3956">
    <p class='ocr_par' dir='ltr' id='par_1_48' title="bbox 524 3876 2086 3956">
     <span class='ocr_line' id='line_1_48' title="bbox 524 3876 2086 3956; baseline -0.009 -17"><span class='ocrx_word' id='word_1_365' title='bbox 524 3900 719 3956; x_wconf 90' lang='lat' dir='ltr'><strong>panem</strong></span> <span class='ocrx_word' id='word_1_366' title='bbox 779 3879 1115 3954; x_wconf 83' lang='lat' dir='ltr'><strong>apponebat,</strong></span> <span class='ocrx_word' id='word_1_367' title='bbox 1162 3879 1415 3934; x_wconf 86' lang='lat' dir='ltr'><strong>ciborum</strong></span> <span class='ocrx_word' id='word_1_368' title='bbox 1454 3877 1625 3931; x_wconf 82' lang='lat' dir='ltr'><strong>frusta</strong></span> <span class='ocrx_word' id='word_1_369' title='bbox 1659 3876 1950 3943; x_wconf 68' lang='lat' dir='ltr'><strong>afferebat,</strong></span> <span class='ocrx_word' id='word_1_370' title='bbox 1986 3892 2086 3946; x_wconf 76' lang='lat' dir='ltr'><strong>po-</strong></span> 
     </span>
    </p>
   </div>
   <div class='ocr_carea' id='block_1_49' title="bbox 519 3968 2086 4040">
    <p class='ocr_par' dir='ltr' id='par_1_49' title="bbox 519 3968 2086 4040">
     <span class='ocr_line' id='line_1_49' title="bbox 519 3968 2086 4040; baseline -0.006 -10"><span class='ocrx_word' id='word_1_371' title='bbox 519 3977 642 4030; x_wconf 83' lang='lat' dir='ltr'><strong>cola</strong></span> <span class='ocrx_word' id='word_1_372' title='bbox 681 3973 923 4038; x_wconf 87' lang='lat' dir='ltr'><strong>eluebat,</strong></span> <span class='ocrx_word' id='word_1_373' title='bbox 960 3971 1174 4040; x_wconf 87' lang='lat' dir='ltr'><strong>aliaque</strong></span> <span class='ocrx_word' id='word_1_374' title='bbox 1221 3970 1406 4023; x_wconf 88' lang='lat' dir='ltr'><strong>omnia</strong></span> <span class='ocrx_word' id='word_1_375' title='bbox 1454 3978 1704 4038; x_wconf 86' lang='lat' dir='ltr'><strong>prompte</strong></span> <span class='ocrx_word' id='word_1_376' title='bbox 1749 3977 1807 4023; x_wconf 91' lang='lat' dir='ltr'><strong>et</strong></span> <span class='ocrx_word' id='word_1_377' title='bbox 1849 3968 2086 4022; x_wconf 84' lang='lat' dir='ltr'><strong>feliciter</strong></span> 
     </span>
    </p>
   </div>
   <div class='ocr_carea' id='block_1_50' title="bbox 519 4055 2081 4129">
    <p class='ocr_par' dir='ltr' id='par_1_50' title="bbox 519 4055 2081 4129">
     <span class='ocr_line' id='line_1_50' title="bbox 519 4055 2081 4129; baseline -0.006 -12"><span class='ocrx_word' id='word_1_378' title='bbox 519 4064 731 4128; x_wconf 82' lang='lat' dir='ltr'><strong>obibat,</strong></span> <span class='ocrx_word' id='word_1_379' title='bbox 773 4077 895 4129; x_wconf 71' lang='lat' dir='ltr'><strong>qua:</strong></span> <span class='ocrx_word' id='word_1_380' title='bbox 924 4073 1206 4114; x_wconf 72' lang='lat' dir='ltr'><strong>servorum</strong></span> <span class='ocrx_word' id='word_1_381' title='bbox 1255 4065 1310 4111; x_wconf 92' lang='lat' dir='ltr'><strong>et</strong></span> <span class='ocrx_word' id='word_1_382' title='bbox 1340 4057 1669 4111; x_wconf 83' lang='lat' dir='ltr'><strong>ancillarum</strong></span> <span class='ocrx_word' id='word_1_383' title='bbox 1723 4064 1852 4111; x_wconf 85' lang='lat' dir='ltr'><strong>sunt</strong></span> <span class='ocrx_word' id='word_1_384' title='bbox 1883 4055 2081 4110; x_wconf 84' lang='lat' dir='ltr'><strong>ollicia.</strong></span> 
     </span>
    </p>
   </div>
   <div class='ocr_carea' id='block_1_51' title="bbox 517 4150 2085 4225">
    <p class='ocr_par' dir='ltr' id='par_1_51' title="bbox 517 4150 2085 4225">
     <span class='ocr_line' id='line_1_51' title="bbox 517 4150 2085 4225; baseline -0.006 -12"><span class='ocrx_word' id='word_1_385' title='bbox 517 4158 598 4213; x_wconf 88' lang='lat' dir='ltr'><strong>Ad</strong></span> <span class='ocrx_word' id='word_1_386' title='bbox 636 4171 730 4209; x_wconf 78' lang='lat' dir='ltr'><strong>cos</strong></span> <span class='ocrx_word' id='word_1_387' title='bbox 763 4170 895 4208; x_wconf 90' lang='lat' dir='ltr'><strong>vero</strong></span> <span class='ocrx_word' id='word_1_388' title='bbox 929 4151 1023 4225; x_wconf 88' lang='lat' dir='ltr'><strong>qui</strong></span> <span class='ocrx_word' id='word_1_389' title='bbox 1073 4152 1441 4206; x_wconf 85' lang='lat' dir='ltr'><strong>ministerium</strong></span> <span class='ocrx_word' id='word_1_390' title='bbox 1485 4150 1625 4220; x_wconf 76' lang='lat' dir='ltr'><strong>ejus,</strong></span> <span class='ocrx_word' id='word_1_391' title='bbox 1656 4151 1801 4220; x_wconf 92' lang='lat' dir='ltr'><strong>quod</strong></span> <span class='ocrx_word' id='word_1_392' title='bbox 1836 4165 1932 4220; x_wconf 88' lang='lat' dir='ltr'><strong>per</strong></span> <span class='ocrx_word' id='word_1_393' title='bbox 1970 4166 2085 4203; x_wconf 89' lang='lat' dir='ltr'><strong>ma-</strong></span> 
     </span>
    </p>
   </div>
   <div class='ocr_carea' id='block_1_52' title="bbox 518 4242 2081 4316">
    <p class='ocr_par' dir='ltr' id='par_1_52' title="bbox 518 4242 2081 4316">
     <span class='ocr_line' id='line_1_52' title="bbox 518 4242 2081 4316; baseline -0.006 -13"><span class='ocrx_word' id='word_1_394' title='bbox 518 4264 625 4303; x_wconf 90' lang='lat' dir='ltr'><strong>nus</strong></span> <span class='ocrx_word' id='word_1_395' title='bbox 681 4248 797 4316; x_wconf 84' lang='lat' dir='ltr'><strong>ipsa</strong></span> <span class='ocrx_word' id='word_1_396' title='bbox 848 4260 977 4300; x_wconf 86' lang='lat' dir='ltr'><strong>suas</strong></span> <span class='ocrx_word' id='word_1_397' title='bbox 1030 4244 1349 4314; x_wconf 81' lang='lat' dir='ltr'><strong>peragebat.</strong></span> <span class='ocrx_word' id='word_1_398' title='bbox 1410 4242 1669 4299; x_wconf 77' lang='lat' dir='ltr'><strong>inhibere</strong></span> <span class='ocrx_word' id='word_1_399' title='bbox 1714 4242 2081 4307; x_wconf 87' lang='lat' dir='ltr'><strong>conabantur,</strong></span> 
     </span>
    </p>
   </div>
   <div class='ocr_carea' id='block_1_53' title="bbox 519 4334 2082 4406">
    <p class='ocr_par' dir='ltr' id='par_1_53' title="bbox 519 4334 2082 4406">
     <span class='ocr_line' id='line_1_53' title="bbox 519 4334 2082 4406; baseline -0.004 -13"><span class='ocrx_word' id='word_1_400' title='bbox 519 4342 707 4395; x_wconf 89' lang='lat' dir='ltr'><strong>dicere</strong></span> <span class='ocrx_word' id='word_1_401' title='bbox 740 4339 899 4394; x_wconf 89' lang='lat' dir='ltr'><strong>solita</strong></span> <span class='ocrx_word' id='word_1_402' title='bbox 930 4346 1045 4391; x_wconf 88' lang='lat' dir='ltr'><strong>erat</strong></span> <span class='ocrx_word' id='word_1_403' title='bbox 1083 4354 1096 4391; x_wconf 91' lang='lat'>:</span> <span class='ocrx_word' id='word_1_404' title='bbox 1129 4355 1148 4388; x_wconf 79' lang='grc' dir='ltr'><strong>ι</strong></span> <span class='ocrx_word' id='word_1_405' title='bbox 1186 4334 1424 4406; x_wconf 88' lang='lat' dir='ltr'><strong>Imperio</strong></span> <span class='ocrx_word' id='word_1_406' title='bbox 1453 4336 1679 4405; x_wconf 85' lang='lat' dir='ltr'><strong>quidem</strong></span> <span class='ocrx_word' id='word_1_407' title='bbox 1713 4335 1993 4399; x_wconf 88' lang='lat' dir='ltr'><strong>convenit,</strong></span> <span class='ocrx_word' id='word_1_408' title='bbox 2022 4342 2082 4387; x_wconf 90' lang='lat' dir='ltr'><strong>ut</strong></span> 
     </span>
    </p>
   </div>
   <div class='ocr_carea' id='block_1_54' title="bbox 516 4429 2086 4521">
    <p class='ocr_par' dir='ltr' id='par_1_54' title="bbox 516 4429 2078 4500">
     <span class='ocr_line' id='line_1_54' title="bbox 516 4429 2078 4500; baseline -0.006 -14"><span class='ocrx_word' id='word_1_409' title='bbox 516 4446 715 4487; x_wconf 87' lang='lat' dir='ltr'><strong>aurum</strong></span> <span class='ocrx_word' id='word_1_410' title='bbox 775 4430 829 4485; x_wconf 90' lang='lat' dir='ltr'><strong>id</strong></span> <span class='ocrx_word' id='word_1_411' title='bbox 883 4429 1179 4500; x_wconf 75' lang='lat' dir='ltr'><strong>largiatur;</strong></span> <span class='ocrx_word' id='word_1_412' title='bbox 1214 4444 1313 4497; x_wconf 83' lang='lat' dir='ltr'><strong>ego</strong></span> <span class='ocrx_word' id='word_1_413' title='bbox 1356 4442 1486 4481; x_wconf 90' lang='lat' dir='ltr'><strong>vero</strong></span> <span class='ocrx_word' id='word_1_414' title='bbox 1519 4441 1778 4481; x_wconf 84' lang='lat' dir='ltr'><strong>manuum</strong></span> <span class='ocrx_word' id='word_1_415' title='bbox 1832 4440 2078 4481; x_wconf 89' lang='lat' dir='ltr'><strong>mearum</strong></span> 
     </span>
    </p>
   </div>
   <div class='ocr_carea' id='block_1_55' title="bbox 2190 4429 3096 4521">
    <p class='ocr_par' dir='ltr' id='par_1_55' title="bbox 2190 4437 3096 4505">
     <span class='ocr_line' id='line_1_55' title="bbox 2190 4437 3096 4505; baseline 0.015 -18"><span class='ocrx_word' id='word_1_416' title='bbox 2190 4451 2305 4502; x_wconf 87' lang='grc' dir='ltr'>γειν</span> <span class='ocrx_word' id='word_1_417' title='bbox 2354 4437 2541 4491; x_wconf 75' lang='grc' dir='ltr'>εἰώθει</span> <span class='ocrx_word' id='word_1_418' title='bbox 2594 4444 2856 4505; x_wconf 75' lang='grc' dir='ltr'>πυκνῶςο</span> <span class='ocrx_word' id='word_1_419' title='bbox 2905 4465 2923 4496; x_wconf 81' lang='grc' dir='ltr'><strong>ι</strong></span> <span class='ocrx_word' id='word_1_420' title='bbox 2985 4449 3096 4500; x_wconf 80' lang='grc' dir='ltr'>Ἀεί</span> 
     </span>
    </p>
   </div>
   <div class='ocr_carea' id='block_1_56' title="bbox 516 4518 2079 4592">
    <p class='ocr_par' dir='ltr' id='par_1_56' title="bbox 516 4518 2079 4592">
     <span class='ocr_line' id='line_1_56' title="bbox 516 4518 2079 4592; baseline -0.005 -15"><span class='ocrx_word' id='word_1_421' title='bbox 516 4540 657 4592; x_wconf 84' lang='lat' dir='ltr'><strong>opus</strong></span> <span class='ocrx_word' id='word_1_422' title='bbox 695 4540 794 4592; x_wconf 91' lang='lat' dir='ltr'><strong>pro</strong></span> <span class='ocrx_word' id='word_1_423' title='bbox 829 4524 1063 4591; x_wconf 86' lang='lat' dir='ltr'><strong>imperio</strong></span> <span class='ocrx_word' id='word_1_424' title='bbox 1100 4522 1243 4589; x_wconf 88' lang='lat' dir='ltr'><strong>ipso,</strong></span> <span class='ocrx_word' id='word_1_425' title='bbox 1286 4519 1337 4574; x_wconf 91' lang='lat' dir='ltr'><strong>ei</strong></span> <span class='ocrx_word' id='word_1_426' title='bbox 1388 4520 1480 4588; x_wconf 88' lang='lat' dir='ltr'><strong>qui</strong></span> <span class='ocrx_word' id='word_1_427' title='bbox 1530 4520 1584 4575; x_wconf 88' lang='lat' dir='ltr'><strong>id</strong></span> <span class='ocrx_word' id='word_1_428' title='bbox 1621 4520 1789 4573; x_wconf 86' lang='lat' dir='ltr'><strong>semel</strong></span> <span class='ocrx_word' id='word_1_429' title='bbox 1823 4518 2079 4578; x_wconf 88' lang='lat' dir='ltr'><strong>contulit.</strong></span> 
     </span>
    </p>
   </div>
   <div class='ocr_carea' id='block_1_57' title="bbox 517 4612 2079 4680">
    <p class='ocr_par' dir='ltr' id='par_1_57' title="bbox 517 4612 2079 4680">
     <span class='ocr_line' id='line_1_57' title="bbox 517 4612 2079 4680; baseline -0.004 -11"><span class='ocrx_word' id='word_1_430' title='bbox 517 4617 711 4669; x_wconf 74' lang='lat' dir='ltr'><strong>oll‘cro.</strong></span> <span class='ocrx_word' id='word_1_431' title='bbox 746 4633 763 4665; x_wconf 77' lang='grc' dir='ltr'><strong>ι</strong></span> <span class='ocrx_word' id='word_1_432' title='bbox 798 4613 929 4666; x_wconf 78' lang='lat' dir='ltr'><strong>Viro</strong></span> <span class='ocrx_word' id='word_1_433' title='bbox 976 4622 1160 4667; x_wconf 87' lang='lat' dir='ltr'><strong>autem</strong></span> <span class='ocrx_word' id='word_1_434' title='bbox 1212 4627 1316 4665; x_wconf 90' lang='lat' dir='ltr'><strong>suo</strong></span> <span class='ocrx_word' id='word_1_435' title='bbox 1364 4613 1489 4666; x_wconf 85' lang='lat' dir='ltr'><strong>talia</strong></span> <span class='ocrx_word' id='word_1_436' title='bbox 1541 4612 1708 4665; x_wconf 84' lang='lat' dir='ltr'><strong>verba</strong></span> <span class='ocrx_word' id='word_1_437' title='bbox 1758 4612 2079 4680; x_wconf 82' lang='lat' dir='ltr'><strong>frequenter</strong></span> 
     </span>
    </p>
   </div>
   <div class='ocr_carea' id='block_1_58' title="bbox 518 4703 2081 4779">
    <p class='ocr_par' dir='ltr' id='par_1_58' title="bbox 518 4703 2081 4779">
     <span class='ocr_line' id='line_1_58' title="bbox 518 4703 2081 4779; baseline -0.003 -18"><span class='ocrx_word' id='word_1_438' title='bbox 518 4708 845 4779; x_wconf 75' lang='lat' dir='ltr'><strong>subjiciebat</strong></span> <span class='ocrx_word' id='word_1_439' title='bbox 890 4724 906 4760; x_wconf 90' lang='lat'><strong>:</strong></span> <span class='ocrx_word' id='word_1_440' title='bbox 972 4725 991 4757; x_wconf 83' lang='grc' dir='ltr'><strong>ι</strong></span> <span class='ocrx_word' id='word_1_441' title='bbox 1044 4704 1408 4761; x_wconf 88' lang='lat' dir='ltr'><strong>Considerare</strong></span> <span class='ocrx_word' id='word_1_442' title='bbox 1465 4712 1517 4756; x_wconf 90' lang='lat' dir='ltr'><strong>te</strong></span> <span class='ocrx_word' id='word_1_443' title='bbox 1571 4717 1812 4770; x_wconf 86' lang='lat' dir='ltr'><strong>semper,</strong></span> <span class='ocrx_word' id='word_1_444' title='bbox 1881 4703 2081 4774; x_wconf 83' lang='lat' dir='ltr'><strong>conjux</strong></span> 
     </span>
    </p>
   </div>
   <div class='ocr_carea' id='block_1_59' title="bbox 515 4795 2079 4868">
    <p class='ocr_par' dir='ltr' id='par_1_59' title="bbox 515 4795 2079 4868">
     <span class='ocr_line' id='line_1_59' title="bbox 515 4795 2079 4868; baseline -0.003 -16"><span class='ocrx_word' id='word_1_445' title='bbox 515 4801 863 4862; x_wconf 74' lang='lat' dir='ltr'><strong>suavissime,</strong></span> <span class='ocrx_word' id='word_1_446' title='bbox 897 4806 1139 4868; x_wconf 85' lang='lat' dir='ltr'><strong>oportet,</strong></span> <span class='ocrx_word' id='word_1_447' title='bbox 1166 4807 1221 4853; x_wconf 86' lang='lat' dir='ltr'><strong>et</strong></span> <span class='ocrx_word' id='word_1_448' title='bbox 1244 4797 1496 4867; x_wconf 88' lang='lat' dir='ltr'><strong>quisnam</strong></span> <span class='ocrx_word' id='word_1_449' title='bbox 1523 4804 1683 4849; x_wconf 87' lang='lat' dir='ltr'><strong>antea</strong></span> <span class='ocrx_word' id='word_1_450' title='bbox 1712 4795 1906 4859; x_wconf 76' lang='lat' dir='ltr'><strong>fueris,</strong></span> <span class='ocrx_word' id='word_1_451' title='bbox 1938 4808 1993 4851; x_wconf 90' lang='lat' dir='ltr'><strong>et</strong></span> <span class='ocrx_word' id='word_1_452' title='bbox 2020 4796 2079 4849; x_wconf 87' lang='lat' dir='ltr'><strong>in</strong></span> 
     </span>
    </p>
   </div>
   <div class='ocr_carea' id='block_1_60' title="bbox 514 4886 2077 4958">
    <p class='ocr_par' dir='ltr' id='par_1_60' title="bbox 514 4886 2077 4958">
     <span class='ocr_line' id='line_1_60' title="bbox 514 4886 2077 4958; baseline -0.003 -11"><span class='ocrx_word' id='word_1_453' title='bbox 514 4906 675 4947; x_wconf 75' lang='lat' dir='ltr'><strong>intem</strong></span> <span class='ocrx_word' id='word_1_454' title='bbox 714 4892 897 4943; x_wconf 88' lang='lat' dir='ltr'><strong>locum</strong></span> <span class='ocrx_word' id='word_1_455' title='bbox 933 4900 984 4942; x_wconf 90' lang='lat' dir='ltr'><strong>te</strong></span> <span class='ocrx_word' id='word_1_456' title='bbox 1016 4889 1266 4943; x_wconf 74' lang='lat' dir='ltr'><strong>evexerit</strong></span> <span class='ocrx_word' id='word_1_457' title='bbox 1298 4886 1678 4941; x_wconf 84' lang='lat' dir='ltr'><strong>universitatis</strong></span> <span class='ocrx_word' id='word_1_458' title='bbox 1706 4887 1868 4958; x_wconf 87' lang='lat' dir='ltr'><strong>hujus</strong></span> <span class='ocrx_word' id='word_1_459' title='bbox 1908 4888 2077 4943; x_wconf 88' lang='lat' dir='ltr'><strong>Deus.</strong></span> 
     </span>
    </p>
   </div>
   <div class='ocr_carea' id='block_1_61' title="bbox 511 4978 2074 5051">
    <p class='ocr_par' dir='ltr' id='par_1_61' title="bbox 511 4978 2074 5051">
     <span class='ocr_line' id='line_1_61' title="bbox 511 4978 2074 5051; baseline -0.001 -16"><span class='ocrx_word' id='word_1_460' title='bbox 511 4981 568 5036; x_wconf 85' lang='lat' dir='ltr'><strong>Si</strong></span> <span class='ocrx_word' id='word_1_461' title='bbox 595 4983 739 5035; x_wconf 88' lang='lat' dir='ltr'><strong>enim</strong></span> <span class='ocrx_word' id='word_1_462' title='bbox 773 4992 1094 5051; x_wconf 77' lang='lat' dir='ltr'><strong>perpetuam</strong></span> <span class='ocrx_word' id='word_1_463' title='bbox 1126 4981 1246 5050; x_wconf 87' lang='lat' dir='ltr'><strong>ejus</strong></span> <span class='ocrx_word' id='word_1_464' title='bbox 1278 4980 1356 5032; x_wconf 90' lang='lat' dir='ltr'><strong>rei</strong></span> <span class='ocrx_word' id='word_1_465' title='bbox 1388 4978 1697 5033; x_wconf 87' lang='lat' dir='ltr'><strong>obtinueris</strong></span> <span class='ocrx_word' id='word_1_466' title='bbox 1729 4979 2074 5042; x_wconf 86' lang='lat' dir='ltr'><strong>memoriam,</strong></span> 
     </span>
    </p>
   </div>
   <div class='ocr_carea' id='block_1_62' title="bbox 513 5070 2078 5143">
    <p class='ocr_par' dir='ltr' id='par_1_62' title="bbox 513 5070 2078 5143">
     <span class='ocr_line' id='line_1_62' title="bbox 513 5070 2078 5143; baseline -0.002 -16"><span class='ocrx_word' id='word_1_467' title='bbox 513 5091 620 5127; x_wconf 88' lang='lat' dir='ltr'><strong>non</strong></span> <span class='ocrx_word' id='word_1_468' title='bbox 657 5088 885 5143; x_wconf 87' lang='lat' dir='ltr'><strong>prorsus</strong></span> <span class='ocrx_word' id='word_1_469' title='bbox 922 5082 974 5126; x_wconf 88' lang='lat' dir='ltr'><strong>te</strong></span> <span class='ocrx_word' id='word_1_470' title='bbox 1005 5074 1075 5128; x_wconf 86' lang='lat' dir='ltr'><strong>ob</strong></span> <span class='ocrx_word' id='word_1_471' title='bbox 1121 5080 1345 5139; x_wconf 86' lang='lat' dir='ltr'><strong>accepta</strong></span> <span class='ocrx_word' id='word_1_472' title='bbox 1384 5070 1647 5123; x_wconf 72' lang='lat' dir='ltr'><strong>beneﬁcia</strong></span> <span class='ocrx_word' id='word_1_473' title='bbox 1677 5086 1807 5140; x_wconf 79' lang='lat' dir='ltr'><strong>erga</strong></span> <span class='ocrx_word' id='word_1_474' title='bbox 1840 5086 1963 5124; x_wconf 88' lang='lat' dir='ltr'><strong>eum</strong></span> <span class='ocrx_word' id='word_1_475' title='bbox 1994 5072 2078 5124; x_wconf 87' lang='lat' dir='ltr'><strong>in-</strong></span> 
     </span>
    </p>
   </div>
   <div class='ocr_carea' id='block_1_63' title="bbox 508 5162 2069 5239">
    <p class='ocr_par' dir='ltr' id='par_1_63' title="bbox 508 5162 2069 5239">
     <span class='ocr_line' id='line_1_63' title="bbox 508 5162 2069 5239; baseline -0.001 -23"><span class='ocrx_word' id='word_1_476' title='bbox 508 5176 722 5233; x_wconf 86' lang='lat' dir='ltr'><strong>gratum</strong></span> <span class='ocrx_word' id='word_1_477' title='bbox 771 5165 1092 5232; x_wconf 78' lang='lat' dir='ltr'><strong>praestabis:</strong></span> <span class='ocrx_word' id='word_1_478' title='bbox 1129 5162 1229 5217; x_wconf 89' lang='lat' dir='ltr'><strong>sed</strong></span> <span class='ocrx_word' id='word_1_479' title='bbox 1274 5177 1340 5216; x_wconf 81' lang='lat' dir='ltr'><strong>ex</strong></span> <span class='ocrx_word' id='word_1_480' title='bbox 1373 5164 1692 5230; x_wconf 67' lang='lat' dir='ltr'><strong>przescripto</strong></span> <span class='ocrx_word' id='word_1_481' title='bbox 1741 5164 1916 5239; x_wconf 76' lang='lat' dir='ltr'><strong>legum</strong></span> <span class='ocrx_word' id='word_1_482' title='bbox 1952 5162 2069 5227; x_wconf 83' lang='lat' dir='ltr'><strong>Dei,</strong></span> 
     </span>
    </p>
   </div>
   <div class='ocr_carea' id='block_1_64' title="bbox 512 5255 2072 5326">
    <p class='ocr_par' dir='ltr' id='par_1_64' title="bbox 512 5255 2072 5326">
     <span class='ocr_line' id='line_1_64' title="bbox 512 5255 2072 5326; baseline 0.001 -19"><span class='ocrx_word' id='word_1_483' title='bbox 512 5259 658 5325; x_wconf 89' lang='lat' dir='ltr'><strong>quod</strong></span> <span class='ocrx_word' id='word_1_484' title='bbox 688 5258 756 5312; x_wconf 84' lang='lat' dir='ltr'><strong>ab</strong></span> <span class='ocrx_word' id='word_1_485' title='bbox 780 5272 845 5310; x_wconf 89' lang='lat' dir='ltr'><strong>eo</strong></span> <span class='ocrx_word' id='word_1_486' title='bbox 876 5257 1162 5326; x_wconf 87' lang='lat' dir='ltr'><strong>accepisti,</strong></span> <span class='ocrx_word' id='word_1_487' title='bbox 1185 5257 1520 5326; x_wconf 83' lang='lat' dir='ltr'><strong>gubernahis</strong></span> <span class='ocrx_word' id='word_1_488' title='bbox 1545 5256 1833 5325; x_wconf 85' lang='lat' dir='ltr'><strong>imperium</strong></span> <span class='ocrx_word' id='word_1_489' title='bbox 1869 5271 1882 5306; x_wconf 92' lang='lat'><strong>:</strong></span> <span class='ocrx_word' id='word_1_490' title='bbox 1912 5264 1967 5309; x_wconf 92' lang='lat' dir='ltr'><strong>et</strong></span> <span class='ocrx_word' id='word_1_491' title='bbox 1998 5255 2072 5308; x_wconf 88' lang='lat' dir='ltr'><strong>ita</strong></span> 
     </span>
    </p>
   </div>
   <div class='ocr_carea' id='block_1_65' title="bbox 2196 2319 3686 2399">
    <p class='ocr_par' dir='ltr' id='par_1_65' title="bbox 2196 2319 3686 2399">
     <span class='ocr_line' id='line_1_65' title="bbox 2196 2319 3686 2399; baseline 0.009 -27"><span class='ocrx_word' id='word_1_492' title='bbox 2196 2319 2464 2387; x_wconf 67' lang='grc' dir='ltr'>ὠφελείας</span> <span class='ocrx_word' id='word_1_493' title='bbox 2519 2323 2580 2375; x_wconf 85' lang='grc' dir='ltr'>οὐ</span> <span class='ocrx_word' id='word_1_494' title='bbox 2651 2327 2892 2394; x_wconf 75' lang='grc' dir='ltr'>σμικρᾶς</span> <span class='ocrx_word' id='word_1_495' title='bbox 2950 2326 3209 2389; x_wconf 76' lang='grc' dir='ltr'>ὑπόθεσις</span> <span class='ocrx_word' id='word_1_496' title='bbox 3264 2329 3457 2399; x_wconf 81' lang='grc' dir='ltr'>ἐκείνῳ</span> <span class='ocrx_word' id='word_1_497' title='bbox 3503 2332 3686 2398; x_wconf 78' lang='grc' dir='ltr'>ἐγένετο·</span> 
     </span>
    </p>
   </div>
   <div class='ocr_carea' id='block_1_66' title="bbox 2194 2411 3688 2491">
    <p class='ocr_par' dir='ltr' id='par_1_66' title="bbox 2194 2411 3688 2491">
     <span class='ocr_line' id='line_1_66' title="bbox 2194 2411 3688 2491; baseline 0.009 -30"><span class='ocrx_word' id='word_1_498' title='bbox 2194 2411 2465 2481; x_wconf 74' lang='grc' dir='ltr'><strong>ὁσημέραι</strong></span> <span class='ocrx_word' id='word_1_499' title='bbox 2494 2414 2601 2483; x_wconf 80' lang='grc' dir='ltr'><strong>γὰρ</strong></span> <span class='ocrx_word' id='word_1_500' title='bbox 2631 2414 2741 2467; x_wconf 85' lang='grc' dir='ltr'><strong>τῶν</strong></span> <span class='ocrx_word' id='word_1_501' title='bbox 2772 2416 2935 2468; x_wconf 83' lang='grc' dir='ltr'>θείων</span> <span class='ocrx_word' id='word_1_502' title='bbox 2959 2419 3139 2486; x_wconf 79' lang='grc' dir='ltr'>νόμων</span> <span class='ocrx_word' id='word_1_503' title='bbox 3169 2420 3342 2473; x_wconf 78' lang='grc' dir='ltr'>αὐτὸν</span> <span class='ocrx_word' id='word_1_504' title='bbox 3366 2421 3688 2491; x_wconf 72' lang='grc' dir='ltr'>ἀνεμίμνησκε,</span> 
     </span>
    </p>
   </div>
   <div class='ocr_carea' id='block_1_67' title="bbox 2194 2506 3691 2582">
    <p class='ocr_par' dir='ltr' id='par_1_67' title="bbox 2194 2506 3691 2582">
     <span class='ocr_line' id='line_1_67' title="bbox 2194 2506 3691 2582; baseline 0.006 -23"><span class='ocrx_word' id='word_1_505' title='bbox 2194 2506 2376 2570; x_wconf 85' lang='grc' dir='ltr'>καλῶς</span> <span class='ocrx_word' id='word_1_506' title='bbox 2423 2509 2560 2578; x_wconf 80' lang='grc' dir='ltr'>αὑτὴ</span> <span class='ocrx_word' id='word_1_507' title='bbox 2608 2513 2875 2582; x_wconf 72' lang='grc' dir='ltr'>πρότερον</span> <span class='ocrx_word' id='word_1_508' title='bbox 2920 2513 3135 2576; x_wconf 78' lang='grc' dir='ltr'>τούτοις</span> <span class='ocrx_word' id='word_1_509' title='bbox 3181 2516 3610 2568; x_wconf 72' lang='grc' dir='ltr'>ἐκπαιδευθεῖσι*</span> <span class='ocrx_word' id='word_1_510' title='bbox 3651 2519 3691 2568; x_wconf 67' lang='lat' dir='ltr'><strong>ei</strong></span> 
     </span>
    </p>
   </div>
   <div class='ocr_carea' id='block_1_68' title="bbox 2194 2594 3692 2672">
    <p class='ocr_par' dir='ltr' id='par_1_68' title="bbox 2194 2594 3692 2672">
     <span class='ocr_line' id='line_1_68' title="bbox 2194 2594 3692 2672; baseline 0.008 -27"><span class='ocrx_word' id='word_1_511' title='bbox 2194 2594 2303 2662; x_wconf 71' lang='grc' dir='ltr'><strong>γὰρ</strong></span> <span class='ocrx_word' id='word_1_512' title='bbox 2334 2598 2398 2666; x_wconf 80' lang='grc' dir='ltr'>τῇ</span> <span class='ocrx_word' id='word_1_513' title='bbox 2434 2595 2683 2669; x_wconf 78' lang='grc' dir='ltr'>βασιλικῇ</span> <span class='ocrx_word' id='word_1_514' title='bbox 2719 2599 3010 2672; x_wconf 75' lang='grc' dir='ltr'>δυναστείᾳ</span> <span class='ocrx_word' id='word_1_515' title='bbox 3042 2602 3258 2672; x_wconf 80' lang='grc' dir='ltr'>ἐπῆρτο</span> <span class='ocrx_word' id='word_1_516' title='bbox 3281 2620 3297 2635; x_wconf 76' lang='grc' dir='ltr'><strong>ο</strong></span> <span class='ocrx_word' id='word_1_517' title='bbox 3334 2603 3467 2659; x_wconf 79' lang='grc' dir='ltr'>ἀλλὰ</span> <span class='ocrx_word' id='word_1_518' title='bbox 3489 2605 3565 2657; x_wconf 83' lang='grc' dir='ltr'>τὸν</span> <span class='ocrx_word' id='word_1_519' title='bbox 3596 2605 3692 2657; x_wconf 71' lang='grc' dir='ltr'>θεῖον</span> 
     </span>
    </p>
   </div>
   <div class='ocr_carea' id='block_1_69' title="bbox 2196 2688 3696 2767">
    <p class='ocr_par' dir='ltr' id='par_1_69' title="bbox 2196 2688 3696 2767">
     <span class='ocr_line' id='line_1_69' title="bbox 2196 2688 3696 2767; baseline 0.007 -29"><span class='ocrx_word' id='word_1_520' title='bbox 2196 2688 2361 2740; x_wconf 81' lang='grc' dir='ltr'>πόθον</span> <span class='ocrx_word' id='word_1_521' title='bbox 2395 2689 2595 2758; x_wconf 82' lang='grc' dir='ltr'>μᾶλλον</span> <span class='ocrx_word' id='word_1_522' title='bbox 2624 2692 2793 2763; x_wconf 76' lang='grc' dir='ltr'>ἑαυτῇ</span> <span class='ocrx_word' id='word_1_523' title='bbox 2846 2694 3229 2763; x_wconf 76' lang='grc' dir='ltr'>ἐθησαύριζεν.</span> <span class='ocrx_word' id='word_1_524' title='bbox 3270 2696 3427 2765; x_wconf 83' lang='grc' dir='ltr'><strong>Ὄσῳ</strong></span> <span class='ocrx_word' id='word_1_525' title='bbox 3465 2696 3559 2765; x_wconf 76' lang='grc' dir='ltr'>γὰρ</span> <span class='ocrx_word' id='word_1_526' title='bbox 3582 2700 3696 2767; x_wconf 66' lang='grc' dir='ltr'>εὐητ-</span> 
     </span>
    </p>
   </div>
   <div class='ocr_carea' id='block_1_70' title="bbox 2193 2779 3693 2858">
    <p class='ocr_par' dir='ltr' id='par_1_70' title="bbox 2193 2779 3693 2858">
     <span class='ocr_line' id='line_1_70' title="bbox 2193 2779 3693 2858; baseline 0.005 -29"><span class='ocrx_word' id='word_1_527' title='bbox 2193 2779 2389 2848; x_wconf 82' lang='grc' dir='ltr'>γέτητο</span> <span class='ocrx_word' id='word_1_528' title='bbox 2426 2781 2667 2849; x_wconf 77' lang='grc' dir='ltr'>μείζονα,</span> <span class='ocrx_word' id='word_1_529' title='bbox 2705 2784 2959 2838; x_wconf 82' lang='grc' dir='ltr'>τοσοῦτον</span> <span class='ocrx_word' id='word_1_530' title='bbox 2988 2787 3083 2838; x_wconf 73' lang='grc' dir='ltr'>καὶ</span> <span class='ocrx_word' id='word_1_531' title='bbox 3131 2786 3193 2839; x_wconf 80' lang='grc' dir='ltr'>τὸ</span> <span class='ocrx_word' id='word_1_532' title='bbox 3225 2787 3456 2858; x_wconf 80' lang='grc' dir='ltr'>φίλτρον</span> <span class='ocrx_word' id='word_1_533' title='bbox 3497 2791 3602 2857; x_wconf 78' lang='grc' dir='ltr'>περὶ</span> <span class='ocrx_word' id='word_1_534' title='bbox 3634 2792 3693 2841; x_wconf 66' lang='grc' dir='ltr'><strong>τὸν</strong></span> 
     </span>
    </p>
   </div>
   <div class='ocr_carea' id='block_1_71' title="bbox 2195 2867 3697 2945">
    <p class='ocr_par' dir='ltr' id='par_1_71' title="bbox 2195 2867 3697 2945">
     <span class='ocr_line' id='line_1_71' title="bbox 2195 2867 3697 2945; baseline 0.007 -25"><span class='ocrx_word' id='word_1_535' title='bbox 2195 2867 2490 2940; x_wconf 80' lang='grc' dir='ltr'><strong>εὐεργέτην</strong></span> <span class='ocrx_word' id='word_1_536' title='bbox 2514 2871 2713 2941; x_wconf 75' lang='grc' dir='ltr'>ηὔξανε</span> <span class='ocrx_word' id='word_1_537' title='bbox 2766 2876 3136 2945; x_wconf 83' lang='grc' dir='ltr'>καθεκάστην.</span> <span class='ocrx_word' id='word_1_538' title='bbox 3174 2880 3282 2931; x_wconf 74' lang='grc' dir='ltr'>Καὶ</span> <span class='ocrx_word' id='word_1_539' title='bbox 3311 2879 3494 2931; x_wconf 78' lang='grc' dir='ltr'>τοίνυν</span> <span class='ocrx_word' id='word_1_540' title='bbox 3520 2881 3608 2933; x_wconf 84' lang='grc' dir='ltr'><strong>τῶν</strong></span> 
     </span>
    </p>
   </div>
   <div class='ocr_carea' id='block_1_72' title="bbox 2196 2964 3696 3043">
    <p class='ocr_par' dir='ltr' id='par_1_72' title="bbox 2196 2964 3696 3043">
     <span class='ocr_line' id='line_1_72' title="bbox 2196 2964 3696 3043; baseline 0.009 -31"><span class='ocrx_word' id='word_1_541' title='bbox 2196 2978 2309 3024; x_wconf 89' lang='grc' dir='ltr'>σοις</span> <span class='ocrx_word' id='word_1_542' title='bbox 2363 2964 2651 3029; x_wconf 81' lang='grc' dir='ltr'>παντοίαις</span> <span class='ocrx_word' id='word_1_543' title='bbox 2687 2967 3081 3038; x_wconf 73' lang='grc' dir='ltr'>πεπεδημένων</span> <span class='ocrx_word' id='word_1_544' title='bbox 3114 2972 3207 3025; x_wconf 79' lang='grc' dir='ltr'>καὶ</span> <span class='ocrx_word' id='word_1_545' title='bbox 3255 2971 3621 3043; x_wconf 77' lang='grc' dir='ltr'>λελωϐημένων</span> <span class='ocrx_word' id='word_1_546' title='bbox 3652 2993 3696 3026; x_wconf 74' lang='lat'><strong>:2</strong></span> 
     </span>
    </p>
   </div>
   <div class='ocr_carea' id='block_1_73' title="bbox 2195 3054 3697 3141">
    <p class='ocr_par' dir='ltr' id='par_1_73' title="bbox 2195 3054 3697 3141">
     <span class='ocr_line' id='line_1_73' title="bbox 2195 3054 3697 3141; baseline 0.012 -37"><span class='ocrx_word' id='word_1_547' title='bbox 2195 3054 2334 3123; x_wconf 79' lang='grc' dir='ltr'>μέλη</span> <span class='ocrx_word' id='word_1_548' title='bbox 2382 3054 2585 3125; x_wconf 85' lang='grc' dir='ltr'>πολλὴν</span> <span class='ocrx_word' id='word_1_549' title='bbox 2639 3059 2734 3110; x_wconf 70' lang='grc' dir='ltr'>καὶ</span> <span class='ocrx_word' id='word_1_550' title='bbox 2779 3062 3129 3133; x_wconf 79' lang='grc' dir='ltr'>παντοδαπὴν</span> <span class='ocrx_word' id='word_1_551' title='bbox 3180 3068 3434 3119; x_wconf 82' lang='grc' dir='ltr'>ἐποιεῖτο</span> <span class='ocrx_word' id='word_1_552' title='bbox 3480 3070 3697 3141; x_wconf 66' lang='grc' dir='ltr'>φροντίδί,</span> 
     </span>
    </p>
   </div>
   <div class='ocr_carea' id='block_1_74' title="bbox 2193 3147 3697 3229">
    <p class='ocr_par' dir='ltr' id='par_1_74' title="bbox 2193 3147 3697 3229">
     <span class='ocr_line' id='line_1_74' title="bbox 2193 3147 3697 3229; baseline 0.009 -30"><span class='ocrx_word' id='word_1_553' title='bbox 2193 3147 2332 3213; x_wconf 80' lang='grc' dir='ltr'>αὑτὴ</span> <span class='ocrx_word' id='word_1_554' title='bbox 2372 3149 2440 3203; x_wconf 80' lang='grc' dir='ltr'>τὰ</span> <span class='ocrx_word' id='word_1_555' title='bbox 2478 3151 2657 3211; x_wconf 83' lang='grc' dir='ltr'>πάντα</span> <span class='ocrx_word' id='word_1_556' title='bbox 2713 3152 3182 3227; x_wconf 80' lang='grc' dir='ltr'>καθυπουργοῦσα</span> <span class='ocrx_word' id='word_1_557' title='bbox 3230 3158 3299 3212; x_wconf 84' lang='grc' dir='ltr'>δι’</span> <span class='ocrx_word' id='word_1_558' title='bbox 3344 3161 3551 3229; x_wconf 79' lang='grc' dir='ltr'>ἑαυτῆς.</span> <span class='ocrx_word' id='word_1_559' title='bbox 3588 3163 3697 3228; x_wconf 64' lang='grc' dir='ltr'>Ἀφι-</span> 
     </span>
    </p>
   </div>
   <div class='ocr_carea' id='block_1_75' title="bbox 2192 3240 3697 3320">
    <p class='ocr_par' dir='ltr' id='par_1_75' title="bbox 2192 3240 3697 3320">
     <span class='ocr_line' id='line_1_75' title="bbox 2192 3240 3697 3320; baseline 0.012 -30"><span class='ocrx_word' id='word_1_560' title='bbox 2192 3242 2373 3292; x_wconf 85' lang='grc' dir='ltr'>κνεῖτο</span> <span class='ocrx_word' id='word_1_561' title='bbox 2403 3240 2536 3310; x_wconf 81' lang='grc' dir='ltr'>γὰρ,</span> <span class='ocrx_word' id='word_1_562' title='bbox 2558 3243 2652 3296; x_wconf 77' lang='grc' dir='ltr'>καὶ</span> <span class='ocrx_word' id='word_1_563' title='bbox 2681 3247 2803 3309; x_wconf 79' lang='grc' dir='ltr'>ταῖς</span> <span class='ocrx_word' id='word_1_564' title='bbox 2837 3246 3069 3303; x_wconf 81' lang='grc' dir='ltr'>ἐκείνων</span> <span class='ocrx_word' id='word_1_565' title='bbox 3127 3257 3482 3320; x_wconf 80' lang='grc' dir='ltr'>καταγωγαῖς</span> <span class='ocrx_word' id='word_1_566' title='bbox 3515 3249 3584 3317; x_wconf 74' lang='grc' dir='ltr'>οἷς</span> <span class='ocrx_word' id='word_1_567' title='bbox 3608 3255 3697 3308; x_wconf 72' lang='grc' dir='ltr'>ἐκι-</span> 
     </span>
    </p>
   </div>
   <div class='ocr_carea' id='block_1_76' title="bbox 2193 3327 3694 3411">
    <p class='ocr_par' dir='ltr' id='par_1_76' title="bbox 2193 3327 3694 3411">
     <span class='ocr_line' id='line_1_76' title="bbox 2193 3327 3694 3411; baseline 0.009 -30"><span class='ocrx_word' id='word_1_568' title='bbox 2193 3345 2316 3393; x_wconf 87' lang='grc' dir='ltr'>στος</span> <span class='ocrx_word' id='word_1_569' title='bbox 2351 3327 2461 3403; x_wconf 76' lang='grc' dir='ltr'>εἶχε</span> <span class='ocrx_word' id='word_1_570' title='bbox 2516 3334 2704 3403; x_wconf 82' lang='grc' dir='ltr'>χρείαν</span> <span class='ocrx_word' id='word_1_571' title='bbox 2760 3339 3077 3407; x_wconf 80' lang='grc' dir='ltr'>πορίζουσα,</span> <span class='ocrx_word' id='word_1_572' title='bbox 3124 3342 3386 3406; x_wconf 76' lang='grc' dir='ltr'>καὶτοὺς</span> <span class='ocrx_word' id='word_1_573' title='bbox 3426 3344 3525 3396; x_wconf 84' lang='grc' dir='ltr'><strong>τῶν</strong></span> <span class='ocrx_word' id='word_1_574' title='bbox 3554 3346 3694 3411; x_wconf 69' lang='grc' dir='ltr'>ἐκκλη-</span> 
     </span>
    </p>
   </div>
   <div class='ocr_carea' id='block_1_77' title="bbox 2194 3423 3697 3500">
    <p class='ocr_par' dir='ltr' id='par_1_77' title="bbox 2194 3423 3697 3500">
     <span class='ocr_line' id='line_1_77' title="bbox 2194 3423 3697 3500; baseline 0.009 -26"><span class='ocrx_word' id='word_1_575' title='bbox 2194 3424 2329 3476; x_wconf 83' lang='grc' dir='ltr'>σιῶν</span> <span class='ocrx_word' id='word_1_576' title='bbox 2362 3423 2603 3491; x_wconf 78' lang='grc' dir='ltr'>ξενῶνας</span> <span class='ocrx_word' id='word_1_577' title='bbox 2643 3429 2957 3498; x_wconf 83' lang='grc' dir='ltr'>περιιοῦσα,</span> <span class='ocrx_word' id='word_1_578' title='bbox 3012 3434 3124 3497; x_wconf 84' lang='grc' dir='ltr'>τοῖς</span> <span class='ocrx_word' id='word_1_579' title='bbox 3174 3434 3381 3500; x_wconf 75' lang='grc' dir='ltr'>δεινοῖς</span> <span class='ocrx_word' id='word_1_580' title='bbox 3428 3437 3515 3490; x_wconf 71' lang='grc' dir='ltr'>ἐπὶ</span> <span class='ocrx_word' id='word_1_581' title='bbox 3550 3437 3697 3492; x_wconf 64' lang='lat' dir='ltr'><strong>atii.qu</strong></span> 
     </span>
    </p>
   </div>
   <div class='ocr_carea' id='block_1_78' title="bbox 2193 3516 3695 3599">
    <p class='ocr_par' dir='ltr' id='par_1_78' title="bbox 2193 3516 3695 3599">
     <span class='ocr_line' id='line_1_78' title="bbox 2193 3516 3695 3599; baseline 0.009 -33"><span class='ocrx_word' id='word_1_582' title='bbox 2193 3516 2632 3586; x_wconf 78' lang='grc' dir='ltr'>συνεσχημένους</span> <span class='ocrx_word' id='word_1_583' title='bbox 2665 3524 2968 3590; x_wconf 84' lang='grc' dir='ltr'>νοσήμασιν</span> <span class='ocrx_word' id='word_1_584' title='bbox 2997 3524 3365 3594; x_wconf 82' lang='grc' dir='ltr'><strong>ἐθεράπευεν.</strong></span> <span class='ocrx_word' id='word_1_585' title='bbox 3399 3529 3472 3582; x_wconf 88' lang='grc' dir='ltr'><strong>Οὐ</strong></span> <span class='ocrx_word' id='word_1_586' title='bbox 3519 3531 3605 3599; x_wconf 78' lang='grc' dir='ltr'>γὰρ</span> <span class='ocrx_word' id='word_1_587' title='bbox 3629 3533 3695 3597; x_wconf 66' lang='grc' dir='ltr'><strong>μέ-</strong></span> 
     </span>
    </p>
   </div>
   <div class='ocr_carea' id='block_1_79' title="bbox 2189 3606 3695 3693">
    <p class='ocr_par' dir='ltr' id='par_1_79' title="bbox 2189 3606 3695 3693">
     <span class='ocr_line' id='line_1_79' title="bbox 2189 3606 3695 3693; baseline 0.01 -37"><span class='ocrx_word' id='word_1_588' title='bbox 2189 3621 2281 3657; x_wconf 90' lang='grc' dir='ltr'><strong>νον</strong></span> <span class='ocrx_word' id='word_1_589' title='bbox 2314 3606 2416 3674; x_wconf 82' lang='grc' dir='ltr'>τῆς</span> <span class='ocrx_word' id='word_1_590' title='bbox 2445 3608 2672 3664; x_wconf 81' lang='grc' dir='ltr'>ἐκείνων</span> <span class='ocrx_word' id='word_1_591' title='bbox 2738 3611 2946 3682; x_wconf 74' lang='grc' dir='ltr'><strong>⁴ίγιιτετο</strong></span> <span class='ocrx_word' id='word_1_592' title='bbox 2988 3614 3195 3687; x_wconf 84' lang='grc' dir='ltr'><strong>χύτρας</strong></span> <span class='ocrx_word' id='word_1_593' title='bbox 3226 3621 3321 3671; x_wconf 72' lang='grc' dir='ltr'>καὶ</span> <span class='ocrx_word' id='word_1_594' title='bbox 3370 3618 3545 3690; x_wconf 76' lang='grc' dir='ltr'>ζωμοῦ</span> <span class='ocrx_word' id='word_1_595' title='bbox 3575 3634 3695 3693; x_wconf 62' lang='lat' dir='ltr'><strong>unpr-</strong></span> 
     </span>
    </p>
   </div>
   <div class='ocr_carea' id='block_1_80' title="bbox 2189 3696 3695 3781">
    <p class='ocr_par' dir='ltr' id='par_1_80' title="bbox 2189 3696 3695 3781">
     <span class='ocr_line' id='line_1_80' title="bbox 2189 3696 3695 3781; baseline 0.01 -33"><span class='ocrx_word' id='word_1_596' title='bbox 2189 3696 2423 3764; x_wconf 62' lang='lat' dir='ltr'><strong>ysuato,</strong></span> <span class='ocrx_word' id='word_1_597' title='bbox 2474 3699 2608 3754; x_wconf 82' lang='grc' dir='ltr'>ἀλλὰ</span> <span class='ocrx_word' id='word_1_598' title='bbox 2671 3703 2769 3756; x_wconf 79' lang='grc' dir='ltr'>καὶ</span> <span class='ocrx_word' id='word_1_599' title='bbox 2821 3704 3077 3773; x_wconf 80' lang='grc' dir='ltr'>τρυϐλίον</span> <span class='ocrx_word' id='word_1_600' title='bbox 3125 3710 3402 3779; x_wconf 81' lang='grc' dir='ltr'>προσῆγε,</span> <span class='ocrx_word' id='word_1_601' title='bbox 3456 3712 3541 3765; x_wconf 78' lang='grc' dir='ltr'><strong>καὶ</strong></span> <span class='ocrx_word' id='word_1_602' title='bbox 3580 3713 3695 3781; x_wconf 73' lang='grc' dir='ltr'>ἄρτον</span> 
     </span>
    </p>
   </div>
   <div class='ocr_carea' id='block_1_81' title="bbox 2188 3789 3696 3869">
    <p class='ocr_par' dir='ltr' id='par_1_81' title="bbox 2188 3789 3696 3869">
     <span class='ocr_line' id='line_1_81' title="bbox 2188 3789 3696 3869; baseline 0.013 -29"><span class='ocrx_word' id='word_1_603' title='bbox 2188 3789 2377 3853; x_wconf 79' lang='grc' dir='ltr'>ἐτίθει,</span> <span class='ocrx_word' id='word_1_604' title='bbox 2413 3790 2508 3847; x_wconf 83' lang='grc' dir='ltr'><strong>καὶ</strong></span> <span class='ocrx_word' id='word_1_605' title='bbox 2540 3792 2732 3863; x_wconf 77' lang='grc' dir='ltr'>ψωμὸν</span> <span class='ocrx_word' id='word_1_606' title='bbox 2782 3798 3052 3869; x_wconf 83' lang='grc' dir='ltr'>προσῆγε,</span> <span class='ocrx_word' id='word_1_607' title='bbox 3106 3805 3197 3857; x_wconf 74' lang='grc' dir='ltr'>καὶ</span> <span class='ocrx_word' id='word_1_608' title='bbox 3232 3802 3458 3869; x_wconf 78' lang='grc' dir='ltr'>ἀπένιξε</span> <span class='ocrx_word' id='word_1_609' title='bbox 3513 3806 3696 3859; x_wconf 69' lang='grc' dir='ltr'>κύλικα·</span> 
     </span>
    </p>
   </div>
   <div class='ocr_carea' id='block_1_82' title="bbox 2188 3884 3698 3970">
    <p class='ocr_par' dir='ltr' id='par_1_82' title="bbox 2188 3884 3698 3970">
     <span class='ocr_line' id='line_1_82' title="bbox 2188 3884 3698 3970; baseline 0.012 -35"><span class='ocrx_word' id='word_1_610' title='bbox 2188 3885 2281 3937; x_wconf 73' lang='grc' dir='ltr'>καὶ</span> <span class='ocrx_word' id='word_1_611' title='bbox 2309 3884 2477 3939; x_wconf 77' lang='grc' dir='ltr'>τᾶλλα</span> <span class='ocrx_word' id='word_1_612' title='bbox 2503 3888 2684 3942; x_wconf 86' lang='grc' dir='ltr'>πάντα</span> <span class='ocrx_word' id='word_1_613' title='bbox 2710 3888 2904 3956; x_wconf 81' lang='grc' dir='ltr'>δεξιῶς</span> <span class='ocrx_word' id='word_1_614' title='bbox 2932 3890 3203 3965; x_wconf 77' lang='grc' dir='ltr'>ἔπραττεν</span> <span class='ocrx_word' id='word_1_615' title='bbox 3231 3897 3335 3950; x_wconf 84' lang='grc' dir='ltr'>ὅσα</span> <span class='ocrx_word' id='word_1_616' title='bbox 3375 3899 3510 3970; x_wconf 72' lang='grc' dir='ltr'>ἔργα</span> <span class='ocrx_word' id='word_1_617' title='bbox 3543 3900 3698 3953; x_wconf 73' lang='grc' dir='ltr'>δούλων</span> 
     </span>
    </p>
   </div>
   <div class='ocr_carea' id='block_1_83' title="bbox 2187 3977 3698 4063">
    <p class='ocr_par' dir='ltr' id='par_1_83' title="bbox 2187 3977 3698 4063">
     <span class='ocr_line' id='line_1_83' title="bbox 2187 3977 3698 4063; baseline 0.009 -35"><span class='ocrx_word' id='word_1_618' title='bbox 2187 3977 2283 4029; x_wconf 79' lang='grc' dir='ltr'>καὶ</span> <span class='ocrx_word' id='word_1_619' title='bbox 2338 3977 2744 4047; x_wconf 83' lang='grc' dir='ltr'>θεραπαινίδων</span> <span class='ocrx_word' id='word_1_620' title='bbox 2796 3983 2927 4038; x_wconf 86' lang='grc' dir='ltr'>εἰσί.</span> <span class='ocrx_word' id='word_1_621' title='bbox 2964 3985 3073 4039; x_wconf 74' lang='grc' dir='ltr'><strong>Καὶ</strong></span> <span class='ocrx_word' id='word_1_622' title='bbox 3118 3988 3229 4051; x_wconf 83' lang='grc' dir='ltr'>τοῖς</span> <span class='ocrx_word' id='word_1_623' title='bbox 3267 3990 3372 4063; x_wconf 74' lang='grc' dir='ltr'>τὴν</span> <span class='ocrx_word' id='word_1_624' title='bbox 3423 3993 3698 4062; x_wconf 69' lang='grc' dir='ltr'>αὐτουργίαν</span> 
     </span>
    </p>
   </div>
   <div class='ocr_carea' id='block_1_84' title="bbox 2187 4070 3700 4155">
    <p class='ocr_par' dir='ltr' id='par_1_84' title="bbox 2187 4070 3700 4155">
     <span class='ocr_line' id='line_1_84' title="bbox 2187 4070 3700 4155; baseline 0.011 -35"><span class='ocrx_word' id='word_1_625' title='bbox 2187 4070 2407 4140; x_wconf 75' lang='grc' dir='ltr'>ἐπέχειν</span> <span class='ocrx_word' id='word_1_626' title='bbox 2444 4074 2807 4143; x_wconf 81' lang='grc' dir='ltr'>πειρωμένοις</span> <span class='ocrx_word' id='word_1_627' title='bbox 2837 4079 3133 4148; x_wconf 82' lang='grc' dir='ltr'>ἐπέφερεν.</span> <span class='ocrx_word' id='word_1_628' title='bbox 3166 4082 3244 4145; x_wconf 86' lang='grc' dir='ltr'><strong>ὡς</strong></span> <span class='ocrx_word' id='word_1_629' title='bbox 3277 4101 3297 4134; x_wconf 80' lang='grc' dir='ltr'><strong>ι</strong></span> <span class='ocrx_word' id='word_1_630' title='bbox 3335 4084 3525 4153; x_wconf 83' lang='grc' dir='ltr'>Χρεὼν</span> <span class='ocrx_word' id='word_1_631' title='bbox 3552 4085 3634 4155; x_wconf 76' lang='grc' dir='ltr'>μὲν</span> <span class='ocrx_word' id='word_1_632' title='bbox 3654 4090 3700 4153; x_wconf 75' lang='grc' dir='ltr'>τῇ</span> 
     </span>
    </p>
   </div>
   <div class='ocr_carea' id='block_1_85' title="bbox 2188 4158 3701 4250">
    <p class='ocr_par' dir='ltr' id='par_1_85' title="bbox 2188 4158 3701 4250">
     <span class='ocr_line' id='line_1_85' title="bbox 2188 4158 3701 4250; baseline 0.015 -37"><span class='ocrx_word' id='word_1_633' title='bbox 2188 4160 2440 4233; x_wconf 70' lang='grc' dir='ltr'>βασιλείᾳ</span> <span class='ocrx_word' id='word_1_634' title='bbox 2467 4165 2668 4234; x_wconf 79' lang='grc' dir='ltr'>χρυσὸν</span> <span class='ocrx_word' id='word_1_635' title='bbox 2717 4167 3032 4240; x_wconf 83' lang='grc' dir='ltr'>διανέμειν·</span> <span class='ocrx_word' id='word_1_636' title='bbox 3066 4172 3178 4240; x_wconf 81' lang='grc' dir='ltr'>ἐγὼ</span> <span class='ocrx_word' id='word_1_637' title='bbox 3230 4175 3287 4228; x_wconf 71' lang='grc' dir='ltr'>δὲ</span> <span class='ocrx_word' id='word_1_638' title='bbox 3302 4158 3424 4250; x_wconf 72' lang='grc' dir='ltr'>’τὴν</span> <span class='ocrx_word' id='word_1_639' title='bbox 3447 4179 3511 4232; x_wconf 85' lang='grc' dir='ltr'>δι’</span> <span class='ocrx_word' id='word_1_640' title='bbox 3547 4181 3701 4248; x_wconf 74' lang='grc' dir='ltr'>ἑαυτῆς</span> 
     </span>
    </p>
   </div>
   <div class='ocr_carea' id='block_1_86' title="bbox 2186 4252 3700 4341">
    <p class='ocr_par' dir='ltr' id='par_1_86' title="bbox 2186 4252 3700 4341">
     <span class='ocr_line' id='line_1_86' title="bbox 2186 4252 3700 4341; baseline 0.017 -39"><span class='ocrx_word' id='word_1_641' title='bbox 2186 4252 2492 4323; x_wconf 77' lang='grc' dir='ltr'>ὑπουργίαν</span> <span class='ocrx_word' id='word_1_642' title='bbox 2515 4258 2656 4328; x_wconf 77' lang='grc' dir='ltr'>ὑπὲρ</span> <span class='ocrx_word' id='word_1_643' title='bbox 2676 4260 2845 4330; x_wconf 83' lang='grc' dir='ltr'>αὐτῆς</span> <span class='ocrx_word' id='word_1_644' title='bbox 2869 4278 2931 4328; x_wconf 83' lang='grc' dir='ltr'><strong>γε</strong></span> <span class='ocrx_word' id='word_1_645' title='bbox 2960 4263 3059 4333; x_wconf 79' lang='grc' dir='ltr'>τῆς</span> <span class='ocrx_word' id='word_1_646' title='bbox 3091 4266 3375 4337; x_wconf 83' lang='grc' dir='ltr'>βασιλείας</span> <span class='ocrx_word' id='word_1_647' title='bbox 3398 4271 3475 4341; x_wconf 83' lang='grc' dir='ltr'>τῷ</span> <span class='ocrx_word' id='word_1_648' title='bbox 3497 4273 3700 4334; x_wconf 70' lang='grc' dir='ltr'>καθάπαξ</span> 
     </span>
    </p>
   </div>
   <div class='ocr_carea' id='block_1_87' title="bbox 2185 4343 3699 4433">
    <p class='ocr_par' dir='ltr' id='par_1_87' title="bbox 2185 4343 3699 4433">
     <span class='ocr_line' id='line_1_87' title="bbox 2185 4343 3699 4433; baseline 0.015 -39"><span class='ocrx_word' id='word_1_649' title='bbox 2185 4343 2439 4398; x_wconf 77' lang='grc' dir='ltr'>δεδωκότι</span> <span class='ocrx_word' id='word_1_650' title='bbox 2482 4351 2801 4420; x_wconf 76' lang='grc' dir='ltr'>προσφέρω.</span> <span class='ocrx_word' id='word_1_651' title='bbox 2838 4371 2857 4404; x_wconf 71' lang='grc' dir='ltr'><strong>ι</strong></span> <span class='ocrx_word' id='word_1_652' title='bbox 2891 4354 2981 4425; x_wconf 85' lang='grc' dir='ltr'>Τῷ</span> <span class='ocrx_word' id='word_1_653' title='bbox 3016 4373 3079 4423; x_wconf 88' lang='grc' dir='ltr'><strong>γε</strong></span> <span class='ocrx_word' id='word_1_654' title='bbox 3130 4360 3236 4429; x_wconf 77' lang='grc' dir='ltr'>μὴν</span> <span class='ocrx_word' id='word_1_655' title='bbox 3263 4361 3422 4433; x_wconf 70' lang='grc' dir='ltr'>ἀνδρὶ</span> <span class='ocrx_word' id='word_1_656' title='bbox 3453 4366 3614 4417; x_wconf 68' lang='grc' dir='ltr'>τοιάδε</span> <span class='ocrx_word' id='word_1_657' title='bbox 3635 4365 3699 4416; x_wconf 65' lang='lat' dir='ltr'><strong>Lt-</strong></span> 
     </span>
    </p>
   </div>
   <div class='ocr_carea' id='block_1_88' title="bbox 3149 4454 3701 4522">
    <p class='ocr_par' dir='ltr' id='par_1_88' title="bbox 3149 4454 3701 4522">
     <span class='ocr_line' id='line_1_88' title="bbox 3149 4454 3701 4522; baseline 0.005 -20"><span class='ocrx_word' id='word_1_658' title='bbox 3149 4467 3207 4502; x_wconf 86' lang='grc' dir='ltr'><strong>σε</strong></span> <span class='ocrx_word' id='word_1_659' title='bbox 3261 4454 3394 4522; x_wconf 80' lang='grc' dir='ltr'>χρὴ,</span> <span class='ocrx_word' id='word_1_660' title='bbox 3451 4456 3701 4522; x_wconf 62' lang='grc' dir='ltr'>γλυκύυτε</span> 
     </span>
    </p>
   </div>
   <div class='ocr_carea' id='block_1_89' title="bbox 2186 4529 3697 4612">
    <p class='ocr_par' dir='ltr' id='par_1_89' title="bbox 2186 4529 3697 4612">
     <span class='ocr_line' id='line_1_89' title="bbox 2186 4529 3697 4612; baseline 0.012 -31"><span class='ocrx_word' id='word_1_661' title='bbox 2186 4529 2337 4600; x_wconf 81' lang='grc' dir='ltr'>ἄνερ,</span> <span class='ocrx_word' id='word_1_662' title='bbox 2368 4530 2699 4599; x_wconf 73' lang='grc' dir='ltr'>λογίζεσθαι,</span> <span class='ocrx_word' id='word_1_663' title='bbox 2732 4538 2783 4589; x_wconf 85' lang='grc' dir='ltr'><strong>τί</strong></span> <span class='ocrx_word' id='word_1_664' title='bbox 2809 4538 2908 4607; x_wconf 81' lang='grc' dir='ltr'>μὲν</span> <span class='ocrx_word' id='word_1_665' title='bbox 2938 4541 3204 4610; x_wconf 79' lang='grc' dir='ltr'>πρότερον</span> <span class='ocrx_word' id='word_1_666' title='bbox 3226 4539 3405 4612; x_wconf 76' lang='grc' dir='ltr'>ἦσθα,</span> <span class='ocrx_word' id='word_1_667' title='bbox 3439 4548 3537 4601; x_wconf 82' lang='grc' dir='ltr'>ποῦ</span> <span class='ocrx_word' id='word_1_668' title='bbox 3564 4547 3611 4599; x_wconf 68' lang='grc' dir='ltr'>δὲ</span> <span class='ocrx_word' id='word_1_669' title='bbox 3630 4547 3697 4599; x_wconf 62' lang='grc' dir='ltr'>νῦν</span> 
     </span>
    </p>
   </div>
   <div class='ocr_carea' id='block_1_90' title="bbox 2187 4623 3698 4703">
    <p class='ocr_par' dir='ltr' id='par_1_90' title="bbox 2187 4623 3698 4703">
     <span class='ocr_line' id='line_1_90' title="bbox 2187 4623 3698 4703; baseline 0.007 -32"><span class='ocrx_word' id='word_1_670' title='bbox 2187 4637 2246 4671; x_wconf 89' lang='grc' dir='ltr'><strong>σε</strong></span> <span class='ocrx_word' id='word_1_671' title='bbox 2280 4623 2619 4694; x_wconf 81' lang='grc' dir='ltr'>κατέστησεν</span> <span class='ocrx_word' id='word_1_672' title='bbox 2647 4627 2674 4678; x_wconf 88' lang='grc' dir='ltr'>ὁ</span> <span class='ocrx_word' id='word_1_673' title='bbox 2703 4626 2809 4677; x_wconf 89' lang='grc' dir='ltr'><strong>τῶν</strong></span> <span class='ocrx_word' id='word_1_674' title='bbox 2835 4627 2970 4680; x_wconf 75' lang='grc' dir='ltr'>ὅλων</span> <span class='ocrx_word' id='word_1_675' title='bbox 2997 4630 3152 4690; x_wconf 80' lang='grc' dir='ltr'>Θεός.</span> <span class='ocrx_word' id='word_1_676' title='bbox 3178 4631 3239 4683; x_wconf 77' lang='grc' dir='ltr'><strong>Εἰ</strong></span> <span class='ocrx_word' id='word_1_677' title='bbox 3269 4633 3379 4703; x_wconf 75' lang='grc' dir='ltr'>γὰρ</span> <span class='ocrx_word' id='word_1_678' title='bbox 3423 4636 3612 4688; x_wconf 77' lang='grc' dir='ltr'>τούτων</span> <span class='ocrx_word' id='word_1_679' title='bbox 3639 4651 3698 4685; x_wconf 75' lang='grc' dir='ltr'><strong>σοι</strong></span> 
     </span>
    </p>
   </div>
   <div class='ocr_carea' id='block_1_91' title="bbox 2187 4714 3697 4798">
    <p class='ocr_par' dir='ltr' id='par_1_91' title="bbox 2187 4714 3697 4798">
     <span class='ocr_line' id='line_1_91' title="bbox 2187 4714 3697 4798; baseline 0.016 -37"><span class='ocrx_word' id='word_1_680' title='bbox 2187 4714 2415 4782; x_wconf 78' lang='grc' dir='ltr'>συνεχὴς</span> <span class='ocrx_word' id='word_1_681' title='bbox 2444 4716 2716 4783; x_wconf 78' lang='grc' dir='ltr'>ἐγγίνοιτο</span> <span class='ocrx_word' id='word_1_682' title='bbox 2766 4721 2949 4788; x_wconf 81' lang='grc' dir='ltr'>μνεία,</span> <span class='ocrx_word' id='word_1_683' title='bbox 2984 4722 3042 4774; x_wconf 84' lang='grc' dir='ltr'>οὐ</span> <span class='ocrx_word' id='word_1_684' title='bbox 3094 4725 3313 4790; x_wconf 67' lang='grc' dir='ltr'>πάντως</span> <span class='ocrx_word' id='word_1_685' title='bbox 3355 4729 3697 4798; x_wconf 68' lang='grc' dir='ltr'>ἀχαριστήσεις</span> 
     </span>
    </p>
   </div>
   <div class='ocr_carea' id='block_1_92' title="bbox 2182 4802 3703 4889">
    <p class='ocr_par' dir='ltr' id='par_1_92' title="bbox 2182 4802 3703 4889">
     <span class='ocr_line' id='line_1_92' title="bbox 2182 4802 3703 4889; baseline 0.009 -35"><span class='ocrx_word' id='word_1_686' title='bbox 2182 4802 2258 4871; x_wconf 80' lang='grc' dir='ltr'>τῷ</span> <span class='ocrx_word' id='word_1_687' title='bbox 2284 4806 2583 4876; x_wconf 78' lang='grc' dir='ltr'>εὐεργέτῃ·</span> <span class='ocrx_word' id='word_1_688' title='bbox 2620 4808 2757 4861; x_wconf 84' lang='grc' dir='ltr'><strong>ἀλλά</strong></span> <span class='ocrx_word' id='word_1_689' title='bbox 2794 4812 2933 4865; x_wconf 83' lang='grc' dir='ltr'>κατὰ</span> <span class='ocrx_word' id='word_1_690' title='bbox 2986 4813 3182 4881; x_wconf 83' lang='grc' dir='ltr'>νόμους</span> <span class='ocrx_word' id='word_1_691' title='bbox 3227 4816 3382 4880; x_wconf 80' lang='grc' dir='ltr'>Θεοῦ,</span> <span class='ocrx_word' id='word_1_692' title='bbox 3420 4821 3487 4889; x_wconf 73' lang='grc' dir='ltr'>ἣν</span> <span class='ocrx_word' id='word_1_693' title='bbox 3537 4820 3703 4872; x_wconf 77' lang='grc' dir='ltr'>ἐκεῖθεν</span> 
     </span>
    </p>
   </div>
   <div class='ocr_carea' id='block_1_93' title="bbox 2183 4893 3701 4979">
    <p class='ocr_par' dir='ltr' id='par_1_93' title="bbox 2183 4893 3701 4979">
     <span class='ocr_line' id='line_1_93' title="bbox 2183 4893 3701 4979; baseline 0.011 -35"><span class='ocrx_word' id='word_1_694' title='bbox 2183 4893 2447 4964; x_wconf 76' lang='grc' dir='ltr'>είλήφεις,</span> <span class='ocrx_word' id='word_1_695' title='bbox 2483 4898 2930 4970; x_wconf 80' lang='grc' dir='ltr'>διακυϐερνήσεις</span> <span class='ocrx_word' id='word_1_696' title='bbox 2981 4906 3193 4976; x_wconf 78' lang='grc' dir='ltr'>ἀρχὴν·</span> <span class='ocrx_word' id='word_1_697' title='bbox 3226 4908 3323 4961; x_wconf 71' lang='grc' dir='ltr'>καὶ</span> <span class='ocrx_word' id='word_1_698' title='bbox 3363 4910 3433 4962; x_wconf 84' lang='grc' dir='ltr'><strong>δι’</strong></span> <span class='ocrx_word' id='word_1_699' title='bbox 3457 4911 3613 4979; x_wconf 78' lang='grc' dir='ltr'>αὐτῆς</span> <span class='ocrx_word' id='word_1_700' title='bbox 3637 4909 3701 4960; x_wconf 81' lang='grc' dir='ltr'>θε-</span> 
     </span>
    </p>
   </div>
   <div class='ocr_carea' id='block_1_94' title="bbox 2186 4987 3697 5070">
    <p class='ocr_par' dir='ltr' id='par_1_94' title="bbox 2186 4987 3697 5070">
     <span class='ocr_line' id='line_1_94' title="bbox 2186 4987 3697 5070; baseline 0.011 -32"><span class='ocrx_word' id='word_1_701' title='bbox 2186 4987 2481 5054; x_wconf 82' lang='grc' dir='ltr'>ραπεύσεις</span> <span class='ocrx_word' id='word_1_702' title='bbox 2517 4990 2593 5057; x_wconf 84' lang='grc' dir='ltr'>τῷ</span> <span class='ocrx_word' id='word_1_703' title='bbox 2623 4993 2829 5062; x_wconf 82' lang='grc' dir='ltr'>ταύτην</span> <span class='ocrx_word' id='word_1_704' title='bbox 2867 5012 2948 5049; x_wconf 88' lang='grc' dir='ltr'><strong>σοι</strong></span> <span class='ocrx_word' id='word_1_705' title='bbox 2980 4997 3057 5060; x_wconf 84' lang='grc' dir='ltr'>ὡς</span> <span class='ocrx_word' id='word_1_706' title='bbox 3092 4999 3269 5069; x_wconf 85' lang='grc' dir='ltr'>πιστῴ</span> <span class='ocrx_word' id='word_1_707' title='bbox 3292 5002 3658 5070; x_wconf 79' lang='grc' dir='ltr'>ἐγχειρίσαντι.</span> <span class='ocrx_word' id='word_1_708' title='bbox 3684 5018 3697 5047; x_wconf 79' lang='grc' dir='ltr'><strong>ι</strong></span> 
     </span>
    </p>
   </div>
   <div class='ocr_carea' id='block_1_95' title="bbox 2183 5078 3702 5156">
    <p class='ocr_par' dir='ltr' id='par_1_95' title="bbox 2183 5078 3702 5156">
     <span class='ocr_line' id='line_1_95' title="bbox 2183 5078 3702 5156; baseline 0.008 -28"><span class='ocrx_word' id='word_1_709' title='bbox 2183 5078 2463 5142; x_wconf 83' lang='grc' dir='ltr'>Τοιούτοις</span> <span class='ocrx_word' id='word_1_710' title='bbox 2518 5080 2582 5150; x_wconf 83' lang='grc' dir='ltr'>δὴ</span> <span class='ocrx_word' id='word_1_711' title='bbox 2629 5082 2808 5150; x_wconf 82' lang='grc' dir='ltr'>λόγοις</span> <span class='ocrx_word' id='word_1_712' title='bbox 2863 5087 3165 5156; x_wconf 78' lang='grc' dir='ltr'>ἐπᾴδουσα,</span> <span class='ocrx_word' id='word_1_713' title='bbox 3218 5092 3287 5143; x_wconf 76' lang='grc' dir='ltr'>τὰ</span> <span class='ocrx_word' id='word_1_714' title='bbox 3317 5092 3505 5145; x_wconf 82' lang='grc' dir='ltr'>ἐνόντα</span> <span class='ocrx_word' id='word_1_715' title='bbox 3545 5093 3702 5155; x_wconf 75' lang='grc' dir='ltr'>ἐκείνῳ</span> 
     </span>
    </p>
   </div>
   <div class='ocr_carea' id='block_1_96' title="bbox 2179 5165 3707 5251">
    <p class='ocr_par' dir='ltr' id='par_1_96' title="bbox 2179 5165 3707 5251">
     <span class='ocr_line' id='line_1_96' title="bbox 2179 5165 3707 5251; baseline 0.009 -36"><span class='ocrx_word' id='word_1_716' title='bbox 2179 5165 2287 5216; x_wconf 82' lang='grc' dir='ltr'><strong>τῶν</strong></span> <span class='ocrx_word' id='word_1_717' title='bbox 2317 5167 2477 5219; x_wconf 84' lang='grc' dir='ltr'>θείων</span> <span class='ocrx_word' id='word_1_718' title='bbox 2511 5173 2848 5240; x_wconf 81' lang='grc' dir='ltr'>σπερμάτων</span> <span class='ocrx_word' id='word_1_719' title='bbox 2889 5176 3114 5244; x_wconf 76' lang='grc' dir='ltr'>ηὔξανε,</span> <span class='ocrx_word' id='word_1_720' title='bbox 3166 5180 3246 5250; x_wconf 80' lang='grc' dir='ltr'>τῷ</span> <span class='ocrx_word' id='word_1_721' title='bbox 3279 5185 3494 5251; x_wconf 77' lang='grc' dir='ltr'>συνεχεῖ</span> <span class='ocrx_word' id='word_1_722' title='bbox 3522 5181 3618 5235; x_wconf 74' lang='grc' dir='ltr'><strong>τῶν</strong></span> <span class='ocrx_word' id='word_1_723' title='bbox 3640 5179 3707 5229; x_wconf 68' lang='lat'><strong>16-</strong></span> 
     </span>
    </p>
   </div>
   <div class='ocr_carea' id='block_1_97' title="bbox 2182 5258 2849 5332">
    <p class='ocr_par' dir='ltr' id='par_1_97' title="bbox 2182 5258 2849 5332">
     <span class='ocr_line' id='line_1_97' title="bbox 2182 5258 2849 5332; baseline 0.009 -23"><span class='ocrx_word' id='word_1_724' title='bbox 2182 5273 2293 5322; x_wconf 87' lang='grc' dir='ltr'><strong>γων</strong></span> <span class='ocrx_word' id='word_1_725' title='bbox 2322 5258 2559 5327; x_wconf 80' lang='grc' dir='ltr'>ἄρδουσα</span> <span class='ocrx_word' id='word_1_726' title='bbox 2591 5264 2849 5332; x_wconf 79' lang='grc' dir='ltr'>ῥεύματι.</span> 
     </span>
    </p>
   </div>
   <div class='ocr_carea' id='block_1_98' title="bbox 392 5346 3708 5437">
    <p class='ocr_par' dir='ltr' id='par_1_98' title="bbox 392 5346 3708 5437">
     <span class='ocr_line' id='line_1_98' title="bbox 392 5346 3708 5437; baseline 0.004 -32"><span class='ocrx_word' id='word_1_727' title='bbox 392 5412 408 5428; x_wconf 49' lang='lat'><strong><em>.</em></strong></span> <span class='ocrx_word' id='word_1_728' title='bbox 507 5369 634 5405; x_wconf 84' lang='lat' dir='ltr'><strong>eum</strong></span> <span class='ocrx_word' id='word_1_729' title='bbox 677 5356 768 5421; x_wconf 89' lang='lat' dir='ltr'><strong>qui</strong></span> <span class='ocrx_word' id='word_1_730' title='bbox 803 5351 856 5405; x_wconf 91' lang='lat' dir='ltr'><strong>id</strong></span> <span class='ocrx_word' id='word_1_731' title='bbox 897 5351 991 5405; x_wconf 84' lang='lat' dir='ltr'><strong>tibi</strong></span> <span class='ocrx_word' id='word_1_732' title='bbox 1036 5360 1095 5403; x_wconf 92' lang='lat' dir='ltr'><strong>ut</strong></span> <span class='ocrx_word' id='word_1_733' title='bbox 1129 5348 1274 5403; x_wconf 81' lang='lat' dir='ltr'><strong>ﬁdeli</strong></span> <span class='ocrx_word' id='word_1_734' title='bbox 1310 5349 1562 5404; x_wconf 89' lang='lat' dir='ltr'><strong>ministro</strong></span> <span class='ocrx_word' id='word_1_735' title='bbox 1605 5348 1903 5411; x_wconf 87' lang='lat' dir='ltr'><strong>commisit,</strong></span> <span class='ocrx_word' id='word_1_736' title='bbox 1963 5346 2068 5401; x_wconf 90' lang='lat' dir='ltr'><strong>rite</strong></span> <span class='ocrx_word' id='word_1_737' title='bbox 2108 5348 2275 5404; x_wconf 87' lang='lat' dir='ltr'><strong>coles.</strong></span> <span class='ocrx_word' id='word_1_738' title='bbox 2316 5371 2334 5403; x_wconf 74' lang='grc' dir='ltr'><strong>ι</strong></span> <span class='ocrx_word' id='word_1_739' title='bbox 2406 5352 2758 5422; x_wconf 86' lang='lat' dir='ltr'><strong>Ejuscemodi</strong></span> <span class='ocrx_word' id='word_1_740' title='bbox 2790 5359 2957 5415; x_wconf 86' lang='lat' dir='ltr'><strong>verba</strong></span> <span class='ocrx_word' id='word_1_741' title='bbox 2989 5352 3268 5431; x_wconf 68' lang='lat' dir='ltr'><strong>accinctis,</strong></span> <span class='ocrx_word' id='word_1_742' title='bbox 3301 5384 3418 5437; x_wconf 75' lang='lat' dir='ltr'><strong>qua:</strong></span> <span class='ocrx_word' id='word_1_743' title='bbox 3457 5367 3515 5423; x_wconf 81' lang='lat' dir='ltr'><strong>ei</strong></span> <span class='ocrx_word' id='word_1_744' title='bbox 3573 5367 3708 5422; x_wconf 74' lang='lat' dir='ltr'><strong>insita</strong></span> 
     </span>
    </p>
   </div>
   <div class='ocr_carea' id='block_1_99' title="bbox 507 5442 2723 5517">
    <p class='ocr_par' dir='ltr' id='par_1_99' title="bbox 507 5442 2723 5517">
     <span class='ocr_line' id='line_1_99' title="bbox 507 5442 2723 5517; baseline 0.003 -19"><span class='ocrx_word' id='word_1_745' title='bbox 507 5455 664 5499; x_wconf 81' lang='lat' dir='ltr'><strong>erant.</strong></span> <span class='ocrx_word' id='word_1_746' title='bbox 690 5446 876 5500; x_wconf 77' lang='lat' dir='ltr'><strong>divina</strong></span> <span class='ocrx_word' id='word_1_747' title='bbox 907 5443 1170 5498; x_wconf 84' lang='lat' dir='ltr'><strong>excitavit</strong></span> <span class='ocrx_word' id='word_1_748' title='bbox 1200 5444 1434 5509; x_wconf 88' lang='lat' dir='ltr'><strong>semina,</strong></span> <span class='ocrx_word' id='word_1_749' title='bbox 1466 5443 1730 5498; x_wconf 91' lang='lat' dir='ltr'><strong>continuo</strong></span> <span class='ocrx_word' id='word_1_750' title='bbox 1757 5442 2193 5498; x_wconf 78' lang='lat' dir='ltr'><strong>admonitionum</strong></span> <span class='ocrx_word' id='word_1_751' title='bbox 2231 5444 2379 5501; x_wconf 81' lang='lat' dir='ltr'><strong>ﬂuxu</strong></span> <span class='ocrx_word' id='word_1_752' title='bbox 2418 5461 2482 5501; x_wconf 86' lang='lat' dir='ltr'><strong>ea</strong></span> <span class='ocrx_word' id='word_1_753' title='bbox 2521 5450 2723 5517; x_wconf 78' lang='lat' dir='ltr'><strong>rigans.</strong></span> 
     </span>
    </p>
   </div>
  </div>
