3800 6554
510 395 613 463 903

1770 390 2189 449 NICEPIIURI
2229 388 2568 461 CALLISTI

3560 414 3581 455 ιτ
3618 389 3698 452 904

510 530 674 572 suum
730 513 918 569 divum
956 513 1305 578 Flavianum,
1346 513 1440 582 qui
1480 526 1579 581 pro
1629 511 1712 566 eis
1756 511 2072 580 deprecare-

2186 510 2341 563 πόλει
2374 508 2707 562 σπείσασθαι
2735 504 2969 578 δάκρυσι
2997 506 3060 560 τὸ
3093 508 3246 577 πόμα
3292 504 3695 576 ἐγκερασάμενον.

512 620 625 670 tur,
671 605 738 659 ad
787 607 1196 673 imperatorem,
1243 614 1518 658 oratorem
1569 602 1741 655 misit.
1779 602 1882 665 Qui
1935 601 2082 670 lega-

511 699 721 752 tionem
759 712 878 750 eatn
913 713 1012 765 pro
1060 712 1222 766 grege
1255 712 1357 750 suo
1401 696 1616 757 obiens,
1654 708 1777 747 cum
1822 694 2078 762 princeps

511 791 870 844 vehementer
902 787 1265 842 Antiochenis
1304 786 1553 840 infensus
1595 794 1767 846 esset,
1793 796 1910 839 arte
1940 801 2077 853 qua-

511 883 637 937 dam
680 882 1142 943 adolescentulos,
1188 878 1282 948 qui
1320 879 1387 932 ad
1443 879 1795 948 imperatoris
1833 893 2074 930 mensam

510 987 711 1027 canere
741 972 887 1026 soliti
934 980 1113 1034 erant,
1149 984 1463 1039 aggressus,
1499 976 1558 1021 ut
1615 967 1949 1022 miserabilia
1987 967 2074 1020 illa

510 1064 779 1127 carmina,
829 1062 1036 1131 quibus
1094 1061 1148 1114 in
1199 1059 1698 1129 supplicationibus
1748 1059 2079 1113 Autiocheni

513 1156 833 1216 utebantur,
869 1163 1151 1215 canerent,
1183 1153 1394 1207 effecit.
1427 1153 1522 1207 Eis
1567 1153 1954 1221 imperatorem
1987 1152 2083 1205 de-

512 1246 766 1309 libutum,
803 1244 941 1314 iram
996 1245 1351 1299 miseratione
1381 1255 1795 1299 commutasse:
1823 1254 1881 1299 et
1915 1246 2083 1299 mise-

512 1335 746 1389 ricordia
778 1336 1008 1396 victum,
1032 1335 1232 1402 poculo
1256 1336 1515 1407 lacrymis
1539 1346 1844 1404 temperato
1874 1338 2083 1403 (evenit

507 1427 653 1480 «nim
692 1437 750 1479 ut
778 1436 892 1480 tum
925 1427 1165 1497 phialam
1208 1427 1262 1480 in
1297 1427 1552 1482 tuanibus
1584 1427 1842 1496 teneret),
1872 1428 1997 1481 urbi
2029 1426 2082 1481 ei

511 1518 925 1572 reennciliatum
976 1534 1097 1574 esse
1144 1504 1397 1573 fuerunt.
1433 1518 1571 1574 Tum
1600 1534 1735 1573 vero
1769 1519 1936 1573 rebus
1960 1535 2082 1573 om-

506 1612 670 1666 nibus
720 1612 914 1675 vigens
947 1612 1256 1667 Antiochia:
1298 1612 1457 1668 divus
1499 1628 1722 1682 quoque
1748 1612 2080 1684 Chrysosto-

507 1718 649 1769 mus,
675 1704 935 1774 episcopo
964 1705 1018 1758 in
1053 1705 1329 1775 legatione
1363 1719 1591 1775 peregre
1619 1705 1870 1774 profecto
1899 1721 2080 1775 popu-

506 1792 621 1847 lum
680 1794 878 1849 sedulo
930 1795 1295 1851 concionibus
1353 1804 1438 1850 est
1490 1799 1834 1851 consolatus.
1890 1796 2080 1866 Magna

505 1888 653 1939 enim
695 1896 815 1942 erat
839 1888 1090 1942 doctrina
1119 1888 1260 1958 ejus.
1290 1887 1470 1956 Atque
1501 1887 1571 1954 is,
1621 1888 1771 1957 quod
1823 1864 2078 1941 multitu-
2109 1864 2156 1925 Β

506 1977 693 2032 dinem
722 1988 948 2047 propter
967 1992 1188 2032 causam
1225 1986 1429 2032 tantam
1454 1977 1510 2030 in
1535 1986 1682 2031 metu
1701 1992 1822 2032 esse
1848 1977 2074 2039 videret,

508 2069 576 2122 ad
610 2069 780 2122 animi
828 2084 952 2123 eam
998 2069 1458 2139 tranquillitatem
1486 2076 1542 2123 et
1572 2071 1835 2123 virtutem
1869 2068 2080 2123 carita-

506 2161 618 2215 bat.
695 2159 910 2214 Sensim
975 2161 1144 2216 etiam
1199 2160 1623 2230 quodammodo
1692 2160 2078 2229 imperatorem

505 2251 762 2307 laudibus
783 2252 866 2305 eis
889 2266 1184 2315 exornans,
1205 2267 1339 2320 quas
1362 2252 1430 2305 ad
1452 2251 1588 2305 iram
1617 2251 1839 2320 quidem
1861 2251 2078 2304 exstin-

503 2345 801 2411 guendam,
847 2346 913 2399 ad
970 2345 1403 2414 placabilitatem
1436 2353 1619 2399 autem
1664 2352 1722 2397 ct
1765 2343 2079 2398 misericor-

503 2434 649 2488 diam
684 2435 1078 2499 inducendam,
1106 2436 1426 2492 commodas
1459 2451 1580 2490 esse
1613 2436 1844 2491 sciebat.
1897 2435 2079 2489 Multa:

503 2538 633 2582 sunt
657 2531 798 2598 ejus,
825 2544 964 2597 quas
1003 2528 1108 2582 hoc
1140 2538 1466 2599 argumento
1500 2528 1834 2596 composuit.
1866 2527 2078 2582 oratio-

502 2635 603 2673 nes
635 2636 773 2689 quas
805 2620 1151 2690 ἀνδριάντας,
1195 2620 1301 2674 hoc
1344 2627 1448 2686 est,
1500 2627 1730 2683 statuas,
1763 2618 2070 2689 inscripsit.

505 2711 670 2765 Fatua
707 2710 837 2778 fert,
866 2729 933 2767 ea
978 2721 1163 2776 nocte,
1196 2729 1319 2780 qua:
1344 2713 1489 2766 diem
1518 2724 1630 2781 quo
1660 2712 1932 2765 tumultus
1970 2727 2072 2782 po-

501 2806 711 2872 pularis
752 2815 1063 2861 commotus
1089 2815 1193 2868 est,
1242 2819 1543 2874 praecessit,
1593 2806 1955 2860 siuiulacrum
1988 2805 2074 2859 [eo

2190 604 2393 670 Ἔτυχε
2419 602 2525 669 γὰρ
2560 600 2760 670 φιάλην
2786 598 3095 666 τηνικαῦτα
3132 597 3401 668 κατέχων.
3431 597 3552 650 Τότε
3574 600 3610 652 δ’
3637 606 3697 671 ἐφ’

2184 694 2390 747 ἅπασιν
2440 693 2707 761 ἀκμάζων
2752 692 2893 744 κατὰ
2934 691 3035 760 τὴν
3078 691 3354 758 Ἀντιόχου
3404 689 3498 742 καὶ
3533 693 3559 743 ὁ
3597 693 3698 759 Bais;

2184 785 2594 855 Χρυσόστομος,
2635 785 2730 836 τοῦ
2780 784 3044 852 ἱερᾰρχοο
3077 781 3364 850 ἀποδήμου
3389 784 3453 851 τῇ
3489 786 3699 858 πρεσῦεῐᾳ

2184 880 2568 947 τυγχάνοντος,
2600 877 2778 945 λόγοις
2806 874 3163 945 παραμυθίας
3195 874 3287 927 τὸν
3318 873 3488 940 δῆμον
3515 882 3697 947 κατεῖχε,

2184 971 2360 1032 Πολὺς
2390 973 2500 1038 γαρ
2531 966 2601 1041 ἦν
2649 972 2769 1027 ταῖ,
2801 967 3182 1030 διδασκαλίαις
3229 967 3389 1036 ῥέων.
3428 967 3535 1018 Καὶ
3558 971 3606 1021 ὲν
3624 970 3699 1025 δέει

2182 1066 2245 1118 τὸ
2304 1063 2511 1132 πλῆθος
2548 1063 2719 1133 όρῶν,
2769 1061 2865 1115 ἅτε
2919 1061 2982 1130 δὴ
3041 1059 3369 1128 προφάσεως
3405 1059 3696 1128 εἰλημμένος,

2187 1157 2321 1221 πρὸς
2351 1157 2617 1224 εὐθυμίαν
2656 1156 2751 1207 καὶ
2781 1154 2984 1221 ἀρετὴν
3016 1152 3342 1221 ἀνηρέθιξεν
3365 1166 3379 1181 ·
3408 1152 3584 1217 ἡρέμα
3620 1172 3699 1217 πως

2185 1251 2279 1301 καὶ
2310 1248 2403 1301 τὸν
2437 1248 2644 1301 ἄνακτα
2687 1245 2991 1314 ἐγκωμίοις
3043 1246 3421 1312 καταστέφων,
3451 1244 3551 1294 ὅσα
3593 1245 3700 1297 σϐεν-

2184 1339 2332 1391 νύειν
2365 1339 2465 1408 μὲν
2488 1335 2630 1390 οἶδεν
2655 1338 2849 1409 ὀργὴν,
2885 1332 3068 1389 οἶκτον
3117 1336 3174 1389 δὲ
3213 1337 3309 1389 καὶ
3342 1332 3700 1402 φιλανθρωπεαν

2187 1432 2422 1499 μάλιστα
2452 1429 2789 1493 ἐπεισάγειν.
2818 1426 3014 1480 Πολλοὶ
3041 1426 3087 1479 δ’
3116 1427 3253 1478 εἰσὶν
3285 1424 3379 1487 οὓς
3406 1425 3537 1494 περὶ
3560 1429 3699 1481 τοὺτιυ

2181 1523 2376 1589 λόγους
2443 1520 2774 1585 συνέταξεν,
2848 1515 3237 1584 Ἀνδμάντας
3308 1517 3521 1578 ἐπιθεὶς
3570 1520 3700 1573 αὐτοὶ

2180 1611 2375 1679 ὄνομα.
2407 1611 2579 1676 Λόγος
2609 1626 2672 1676 γε
2708 1606 2814 1676 μὴν
2858 1607 2968 1676 ἔχει
3003 1609 3149 1660 κατὰ
3175 1606 3273 1674 τὴν
3320 1600 3500 1659 νύκτα
3541 1608 3636 1674 μεθ’
3658 1613 3702 1675 ἦν

2184 1702 2409 1770 ἔμελλεν
2459 1700 2677 1772 ἡμέρας
2732 1700 3034 1767 γενομένης
3088 1697 3384 1767 κινηθῆναι
3413 1696 3517 1766 τὴν
3543 1701 3702 1762 etiam,

2183 1793 2402 1847 εἴδωλον
2455 1794 2513 1844 ὲν
2552 1793 2844 1861 γυναικείῳ
2872 1790 3106 1858 ὀφθῆναι
3160 1791 3407 1859 σχήματι
3459 1792 3704 1858 μετάρσιον

2182 1887 2264 1946 εἰς
2293 1885 2432 1952 ἀέρα
2457 1883 2603 1944 θέον,
2638 1882 2861 1951 μεγέθει
2891 1882 2992 1951 μὲν
3042 1881 3322 1950 μέγιστον,
3352 1881 3531 1933 δεινὸν
3556 1881 3604 1933 δὲ
3636 1883 3703 1951 τὴν

2180 1975 2328 2044 ὄψιν,
2355 1975 2429 2036 ὼς
2455 1975 2550 2026 καὶ
2574 1973 2740 2040 φόϐον
2774 1974 3027 2042 ἐμποιεῖν
3068 1971 3251 2024 ἱκανόν
3269 1983 3285 1999 ⁸
3318 1970 3348 2023 ὃ
3391 1969 3612 2037 διαέριον
3632 1974 3704 2024 ἀνὰ

2182 2066 2286 2128 τὰς
2312 2064 2509 2134 ἀγυιὰς
2539 2064 2638 2134 τῆς
2669 2064 2877 2126 πόλεως
2895 2065 3114 2136 τρέχον,
3145 2063 3373 2131 μάστιγί
3393 2080 3503 2114 τινι
3536 2063 3703 2132 δυσήχφ

2184 2158 2276 2212 τὸν
2305 2158 2443 2223 ἀέρα
2471 2157 2703 2209 ὲκλόνει.
2736 2150 2846 2207 Ἦν
2870 2154 2914 2208 δ’
2948 2157 2977 2208 ό
2998 2152 3151 2226 ἦχος,
3178 2149 3289 2219 οἶος
3321 2156 3386 2209 ἄν
3414 2171 3503 2214 τις
3544 2156 3610 2216 εἰς
3640 2157 3705 2205 θυ-

2190 2252 2289 2320 μὸν
2326 2248 2762 2317 προσκαλέσαιτο
2800 2248 2994 2317 θῆρας,
3049 2249 3183 2317 περὶ
3230 2248 3301 2300 τὰ
3353 2245 3574 2299 τοιαῦτα
3611 2247 3703 2299 θέαν

2176 2342 2604 2412 διαπονούμενος
2629 2358 2645 2373 θ
2677 2343 2747 2396 δι’
2776 2338 2853 2394 ὧν
2906 2342 3107 2408 ἔδοξεν,
3138 2342 3214 2405 ὡς
3260 2341 3471 2411 δαίμων
3499 2358 3577 2402 τις
3615 2344 3707 2393 ἀμιά-

2178 2453 2328 2505 στωρ
2361 2435 2422 2499 ἐξ
2446 2434 2744 2503 ἐπιϐουλῆς
2770 2434 2869 2505 τὴν
2900 2437 3088 2487 στάσιν
3117 2435 3365 2503 ὴρέθισε.
3411 2435 3575 2498 Πολὺς
3594 2434 3631 2486 δ’
3660 2437 3704 2487 ἂν

2176 2532 2273 2583 καὶ
2300 2528 2461 2597 φόνος
2498 2530 2694 2599 ἐρρύη,
2732 2530 2780 2581 εἰ
2812 2529 2889 2596 μὴ
2917 2529 3079 2598 τάχος
3105 2528 3230 2579 ὅσον
3261 2529 3289 2580 ό
3324 2526 3577 2595 βασιλεὺς
3608 2527 3706 2594 ’Δμ-

2178 2621 2398 2692 6ροσῐου
2428 2620 2593 2674 εἴκων
2621 2626 2738 2683 ταῖς
2761 2622 3139 2691 παραινέσεσι,
3167 2620 3382 2675 διέλυσε
3412 2620 3511 2689 τὴν
3538 2622 3701 2687 ὀργήν·

2177 2714 2251 2777 ὡς
2275 2714 2531 2767 πλεῖστον
2557 2714 2831 2777 αἰδεσθεὶς
2866 2716 2970 2766 ὑπὸ
2995 2716 3092 2784 τῆς
3125 2714 3267 2783 ἄγαν
3316 2713 3612 2775 εὐσεὸεἱας,
3639 2729 3708 2764 και

2176 2807 2278 2876 τὴν
2311 2808 2590 2877 ἱερατικὴν
2622 2808 2831 2861 ἱκεσίαν
2855 2807 3177 2862 Φλαϐιανοῦ.

502 2898 665 2953 minae
716 2899 910 2955 habitu
942 2901 1121 2955 visum
1162 2915 1286 2956 esse
1320 2900 1560 2954 sublime
1602 2899 1660 2955 in
1736 2914 1865 2955 aere
1934 2913 2147 2967 errare,
2189 2901 2568 2971 magnitudine
2612 2903 2842 2972 ingenti,
2894 2911 2952 2957 et
2999 2913 3227 2973 aspectu
3280 2906 3421 2960 adeo
3470 2904 3618 2970 truci,
3664 2911 3711 2957 ut

501 2997 788 3051 horrorem
816 2999 1049 3051 multum
1081 2996 1465 3063 spectantibus
1498 2996 1744 3052 aﬂerret.
1770 2997 1829 3051 Id
1860 2998 1914 3052 in
1945 3013 2073 3052 aere
2113 3012 2214 3068 per
2284 2999 2438 3054 urbis
2511 2999 2723 3069 plateas
2750 3014 3003 3065 currens,
3035 3000 3250 3071 ﬂagello
3274 3003 3510 3073 graviter
3529 3004 3706 3059 sonanti

502 3110 687 3149 aerem
715 3094 1146 3150 diverberabat:
1182 3096 1327 3149 unde
1354 3096 1573 3151 sonitus
1596 3095 1824 3166 prodiit,
1859 3096 2079 3166 qualem
2120 3094 2285 3150 edere
2352 3104 2783 3161 consueverunt,
2838 3112 2967 3150 cum
2999 3096 3065 3150 ad
3094 3097 3232 3151 iram
3263 3108 3321 3153 et
3342 3100 3573 3158 furorem
3595 3106 3710 3158 teras

439 3254 443 3258 ,
502 3191 817 3257 concitant,
858 3192 956 3263 qui
1006 3207 1197 3249 earum
1242 3194 1558 3265 spectacula
1605 3195 1798 3249 edunt.
1873 3193 2113 3249 Proinde
2154 3194 2343 3265 Opinio
2390 3194 2517 3259 fuit,
2572 3191 2897 3264 pestiferum
2981 3194 3217 3263 aliquem
3262 3196 3555 3251 daemonem
3596 3197 3709 3253 sedi-

501 3286 708 3340 tionem
735 3301 856 3340 eam
888 3286 1151 3342 insidiose
1199 3290 1591 3344 commovisse.
1635 3290 1802 3345 Multa
1830 3304 1962 3344 vero
1998 3289 2074 3345 ibi
2115 3303 2336 3358 quoque
2401 3290 2578 3344 caedes
2618 3299 2768 3345 esset
2832 3298 3079 3359 peracta,
3124 3290 3232 3345 nisi
3283 3290 3572 3361 imperator
3604 3296 3709 3346 Am-

500 3377 669 3432 brosii
690 3377 1168 3434 cohortationibus
1190 3381 1846 3453 eedens,quamprimum
1897 3382 2034 3436 iram
2070 3382 2365 3437 frenasset.
2393 3382 2558 3454 326
2579 3383 2883 3437 Plurimum
2912 3383 3002 3437 ille
3020 3381 3189 3437 etiam
3211 3395 3441 3453 propter
3477 3387 3705 3456 insignem

498 3473 758 3542 pietatem
789 3476 1159 3546 episcopalem
1188 3478 1651 3548 supplicationem
1680 3478 1928 3533 Flaviani
1953 3489 2039 3533 est
2081 3479 2374 3534 reveritus.

1059 3618 1289 3676 CAPUT
1331 3618 1523 3674 XLIV.

499 3730 578 3785 De
611 3733 987 3787 Macedoniam
1027 3733 1322 3788 clarissimo
1353 3736 1608 3788 monacho
1629 3750 1650 3789 :
1684 3751 1801 3803 qutc
1843 3737 2072 3803 impera-

573 3805 674 3857 tori
727 3804 1008 3875 Theodosio
1047 3822 1142 3874 per
1177 3806 1292 3875 ejus
1323 3805 1479 3858 duces
1514 3805 1577 3858 de
1601 3816 1901 3860 statuarum
1928 3821 2073 3858 ever-

568 3879 712 3928 sione
741 3874 1079 3929 uuutiaverit.

567 4054 704 4110 Cum
740 4055 1087 4111 Antiochiam
1120 4056 1198 4111 illi
1232 4057 1636 4127 pervenissent,
1670 4058 1764 4128 qui
1794 4061 1863 4113 ab
1897 4062 2070 4131 impe-

497 4155 684 4201 ratore
728 4162 795 4201 eo
823 4147 891 4201 ad
924 4148 1184 4217 injuriam
1217 4149 1606 4203 vindicandam
1642 4152 1794 4206 missi
1826 4151 2068 4214 fuerant,

499 4237 813 4293 Elebechus
847 4240 1110 4308 magister
1139 4239 1405 4305 militum,
1428 4252 1484 4296 et
1514 4241 1787 4297 Caesarius
1814 4242 2066 4315 Gregorii

492 4330 688 4393 frater,
739 4334 835 4401 qui
891 4342 1003 4386 tum
1046 4335 1290 4403 magistri
1341 4343 1670 4403 potestatem
1703 4337 1760 4391 in
1797 4338 2067 4408 imperiali

492 4424 619 4475 aula
650 4421 975 4488 obtinebat;
1020 4422 1078 4477 in
1110 4434 1259 4479 metu
1287 4425 1445 4480 fuere
1486 4426 1635 4481 cives
1664 4444 1859 4484 omnes
1900 4430 2068 4485 minis

494 4516 767 4579 exterriti,
797 4525 854 4570 et
878 4515 1131 4571 inducias
1164 4533 1259 4585 per
1285 4518 1664 4573 internuntios
1716 4529 1772 4574 et
1817 4535 2067 4577 oratores

493 4622 625 4663 suos
653 4609 721 4663 ab
749 4610 833 4663 eis
866 4611 1097 4679 petiere.
1145 4610 1397 4664 Monacbi
1430 4626 1666 4682 namque
1700 4616 1793 4682 qui
1831 4615 1885 4668 in
1919 4631 2067 4669 sum-

494 4701 600 4755 mis
627 4701 905 4756 montibus
933 4702 1210 4771 degebant
1240 4704 1417 4772 (multi
1445 4715 1623 4758 autem
1659 4715 1771 4759 tum
1803 4708 2063 4763 virtutem

493 4806 548 4849 et
578 4794 835 4864 pietatem
894 4803 1217 4850 exercentes
1265 4796 1494 4850 miritlce
1549 4797 1870 4866 ﬂorebant),
1906 4809 2068 4872 tugu-

493 4886 649 4941 riolis
672 4886 788 4941 suis
814 4886 1046 4951 relictis,
1073 4884 1128 4938 in
1156 4886 1353 4940 urbem
1378 4898 1672 4955 venerunt,
1700 4891 2065 4962 plurimisque

2753 3617 3004 3671 ΚΕΦΑΛ.
3037 3618 3169 3673 MA'.

2178 3733 2315 3805 Περ]
2355 3730 2729 3805 Μακεδοιςίρυ
2768 3733 2895 3805 ⁸ἰόῦν
2921 3732 3274 3805 περιϐοήτου
3328 3735 3400 3791 ἐν
3419 3736 3703 3805 μανικοῖς·

2249 3750 2315 3796 ςρι
2355 3750 2729 3785 ιιακεοονιου
2784 3750 2890 3786 του
2921 3750 2996 3785 πε
3035 3750 3274 3799 ιοοητου
3328 3750 3400 3791 εν
3419 3752 3703 3805 μουνιχοις·

2249 3798 2343 3854 οἶα
2367 3800 2624 3879 βασιδεῖ
2643 3802 2944 3879 ρερδοσίῳ
2967 3750 3071 3879 ρξά
3089 3803 3210 3879 τῷν
3230 3807 3461 3879 οζκείων
3480 3808 3603 3876 ἐμή»
3616 3821 3707 3879 eae

2253 3871 2605 3940 στρατηγῶν
2641 3870 2739 3923 διὰ
2766 3872 2881 3939 τὴν
2917 3871 3037 3925 τῶν
3068 3874 3442 3941 ἀνδριάντων
3476 3870 3709 3943 καθαίρει

2246 3960 2368 3996 σιν.

2247 4055 2369 4109 Τῶν
2395 4056 2438 4110 δ’
2470 4059 2533 4109 ὲκ
2567 4057 2831 4127 βασιλέως
2882 4058 3188 4111 σταλέντων
3228 4060 3372 4112 κατὰ
3414 4061 3505 4132 τὴν
3537 4063 3711 4114 Ἀντιὸ-

2174 4168 2272 4220 χου
2330 4148 2891 4219 γεκεενημένωνὼστε
2923 4150 3082 4220 δίκην
3109 4152 3301 4205 λαϐεῖν
3356 4154 3453 4225 τῆς
3496 4154 3707 4225 ὕϐρεων

2171 4241 2241 4314 ἦν
2294 4246 2338 4299 δ’
2386 4244 2680 4316 Ἐλέὅηχος
2725 4249 2754 4298 ό
2818 4248 3145 4316 στρατηγὸς,
3207 4250 3306 4302 καὶ
3364 4250 3709 4319 Καιοάριο;,ὀ

2172 4337 2481 4408 Γρηγορίου
2520 4339 2621 4407 μὲν
2670 4335 2923 4406 ἁδελφὸς,
2971 4341 3165 4407 ἠγεῖτο
3193 4340 3251 4393 δὲ
3290 4342 3571 4409 τηνικαῦτα
3608 4341 3703 4395 τῶν

2175 4428 2465 4499 βασιλείων
2499 4429 2598 4499 τὴν
2630 4430 2933 4500 μάγιστρον
2973 4433 3229 4502 χιιρίζων
3263 4436 3471 4505 ἀρχήν
3512 4438 3577 4497 εἰς
3600 4435 3703 4493 δέος

2174 4520 2277 4590 μὲν
2300 4521 2501 4584 πάντες
2532 4520 2862 4576 καθίσταντο
2890 4525 2988 4586 τὰς
3014 4524 3245 4589 ἀπειλὰς
3270 4528 3590 4597 πεφρικότες,
3617 4527 3700 4578 καὶ

2171 4613 2462 4686 ἀνακωχὴν
2495 4618 2562 4686 τῇ
2605 4616 2872 4687 πρεσϐεία
2917 4617 3103 4688 ⁴ᾔτουν.
3139 4621 3208 4673 Oi
3249 4637 3312 4688 γε
3354 4622 3456 4690 μὴν
3481 4621 3538 4672 τὰ
3575 4620 3699 4688 ἄκρα

2172 4708 2282 4760 τῶν
2318 4709 2489 4777 ὁρέων
2539 4708 2952 4779 κατειληφότες,
2986 4712 3173 4765 πολλοὶ
3201 4712 3256 4765 δὲ
3313 4713 3586 4782 τηνικαῦτα
3616 4711 3698 4774 ἦν·

2172 4801 2299 4853 θονν
2365 4802 2534 4870 ἀρετῇ
2597 4800 2895 4869 ὑπερφυῶς
2959 4800 3295 4865 ἀσκοῦντες,
3352 4807 3446 4862 τὰς
3496 4798 3698 4856 καλύϐας

2171 4892 2427 4961 ἀφέντες,
2458 4891 2550 4942 ἐπὶ
2580 4891 2677 4959 τὴν
2711 4891 2867 4944 πόλιν
2894 4886 3047 4963 ἧκον.
3097 4893 3454 4961 Παραινέσεις
3479 4892 3529 4945 δὲ
3573 4890 3697 4941 πλείη

493 4978 976 5034 cohortationibus
1036 4977 1206 5033 simul
1273 4990 1327 5033 et
1380 4979 1870 5050 deprecationibus
1932 5000 2060 5038 cum

2183 5000 2320 5047 πτας,
2363 4983 2463 5035 οὐκ
2496 4983 2752 5045 ἐλάττους
2786 4983 2842 5035 δὲ
2889 4986 2985 5037 καὶ
3038 4986 3251 5047 ἱκεσίας
3305 4987 3561 5056 προσῆγον
3599 4983 3701 5034 rei;

492 5073 629 5128 viris
663 5072 746 5128 eis
794 5080 1054 5141 egerunt.
1091 5071 1337 5137 Quorum
1369 5089 1511 5128 unus
1541 5084 1661 5129 erat
1702 5076 2073 5131 Macedonius

494 5164 739 5229 nomine,
771 5164 898 5219 vitae
947 5162 1128 5219 civilis
1160 5180 1390 5235 prorsus
1437 5165 1747 5236 imperitus,
1780 5178 1837 5220 et
1882 5184 2062 5236 neque

494 5261 670 5312 sacris
702 5255 950 5319 Litteris,
984 5272 1165 5326 neque
1200 5258 1390 5326 primis
1416 5260 1729 5313 litterarum
1774 5260 2067 5313 elementis

493 5353 768 5414 initiatus,
824 5350 917 5405 sed
965 5365 1135 5421 puras
1180 5350 1271 5405 die
1311 5361 1584 5421 nocteque
1629 5366 1826 5422 pretes
1879 5366 2061 5404 rerum

493 5443 875 5496 universarum
927 5442 1038 5496 Deo
1073 5442 1274 5496 oll'erre
1326 5442 1545 5505 doctus,
1592 5449 1756 5510 atque
1800 5442 1853 5495 in
1904 5456 2065 5495 mon-

494 5537 632 5589 tium
670 5535 1057 5591 cacuminibus
1106 5538 1296 5591 vivere
1345 5535 1564 5592 solitus.
1595 5533 1733 5591 Tum
1777 5549 1904 5590 vero
1937 5550 2063 5589 cum

494 5626 726 5696 reliquis
761 5628 1148 5694 descenderat,
1176 5644 1239 5682 ac
1263 5643 1441 5698 neque
1475 5628 1831 5697 imperatoris
1863 5628 2063 5685 minas.

493 5734 671 5787 neque
701 5736 891 5773 eorum
923 5721 1016 5790 qui
1049 5723 1117 5775 ab
1170 5722 1265 5777 illo
1307 5721 1468 5777 missi
1506 5722 1747 5785 fuerant,
1793 5730 2062 5775 terrorem

495 5821 786 5879 reputans,
841 5812 894 5864 in
954 5815 1130 5884 media
1189 5814 1325 5867 urbe
1376 5813 1603 5868 alterius
1663 5811 2060 5881 comprehensa

2173 5076 2432 5145 ἀνδράσιν
2467 5076 2699 5139 ἐκείνοις
2726 5092 2738 5105 ³
2770 5070 2846 5129 ὧν
2887 5071 2987 5140 εἷς,
3031 5078 3369 5140 Μακεδόνως
3414 5079 3581 5145 δνομι,
3605 5088 3682 5143 μη

2173 5165 2260 5218 δέν
2292 5183 2345 5217 τι
2378 5164 2487 5218 τῶν
2510 5168 2651 5219 κατὰ
2677 5167 2768 5220 τὸν
2787 5168 2903 5238 βίον
2934 5170 3322 5237 ἐπιστάμενος,
3352 5172 3440 5222 καὶ
3458 5166 3697 5221 τῶνθεὶωι

2173 5258 2229 5311 δὲ
2268 5259 2484 5327 λογίων,
2521 5260 2657 5312 ἀλλὰ
2700 5264 2795 5313 καὶ
2850 5263 3201 5331 γραμμάτων
3253 5263 3527 5335 ἀμύητοςο
3560 5258 3701 5326 εὐχάς

2172 5368 2236 5419 γε
2272 5353 2379 5422 μὴν
2416 5354 2632 5423 νύκτωρ
2674 5358 2765 5406 καὶ
2818 5353 2939 5423 μεθ’
2969 5355 3182 5424 ἡμέραν
3221 5356 3467 5425 καθαρὰς
3514 5353 3575 5423 τῷ
3598 5351 3699 5401 τῶν

2173 5443 2310 5497 ὅλων
2338 5444 2492 5506 εἰδζς
2545 5446 2882 5514 προσφέρειν
2916 5446 3059 5515 Θεῷ,
3101 5450 3223 5511 ταῖς
3257 5448 3563 5517 ὑπερϐολαῖς
3596 5444 3705 5495 τῶν

2173 5535 2344 5606 ὀρέων
2370 5536 2582 5588 δίαιταν
2629 5537 2788 5604 ἔχων.
2828 5537 2960 5591 Τότε
3009 5538 3055 5591 δ’
3104 5540 3197 5593 οὖν
3237 5544 3335 5595 σὺν
3382 5543 3481 5603 τοῖς
3521 5536 3698 5595 λοιποῖς

2175 5627 2402 5691 κατιὼν,
2440 5632 2534 5681 καὶ
2565 5631 2705 5699 μήτε
2748 5631 2848 5701 τὴν
2877 5631 3169 5705 βασιλικὴν
3208 5636 3432 5705 ἀπειλὴν
3454 5637 3505 5688 ἐν
3536 5631 3594 5700 νῷ
3616 5629 3701 5680 θέο

2175 5739 2354 5791 μενος,
2389 5722 2506 5775 ἀλλ’
2540 5724 2658 5776 οὐδὲ
2720 5726 2830 5777 τῶν
2862 5728 3289 5795 ἀπεσταλμένων
3332 5732 3388 5784 τὸ
3424 5730 3546 5788 δέος.
3572 5722 3694 5777 κατά

2174 5814 2348 5883 μέσην
2377 5815 2476 5884 τὴν
2527 5817 2683 5870 πόλιν
2711 5815 2941 5889 θατέρου
2986 5820 3087 5890 τῆς
3135 5820 3379 5892 χλανίδος
3413 5821 3683 5888 λαὸόμινθςι
