3930 6546
171 491 272 555 909
1083 487 1385 582 ECCLES'I
1402 482 1681 544 ASTICE
1723 483 1769 541 ll

1885 481 2110 538 .‘Ollll’.
2151 479 2295 538 LlB.
2332 477 2468 536 Xll.
3311 467 3410 530 920

173 629 318 685 μενοι
367 609 482 672 τοῖς
527 604 765 670 Σκύθαις
810 605 995 669 κακῶς
1049 605 1362 674 έττρσιττον⁸
1412 604 1573 673 φύσει
1623 603 1780 669 γὰρέ

1885 613 2022 665 eque
2062 596 2263 664 ipsum,
2330 609 2510 664 neque
2552 592 2802 651 comites.
2857 601 3019 657 atque
3064 587 3201 643 adeo
3240 601 3411 654 equos

167 678 304 776 ἦσαν
332 697 623 770 θηριώδεις
658 697 752 751 καὶ
780 696 1053 768 βάρϐαροι
1073 711 1088 727 ·
1129 693 1291 766 τέχνῃ
1324 693 1389 764 δή
1423 710 1535 746 τινι
1557 693 1619 744 ἐκ
1642 689 1737 745 τοῦ

1885 688 2038 743 nibus
2093 687 2462 752 vehebantur,
2521 682 2870 753 conspicati.
2929 680 3300 751 prater-irent.
3348 678 3414 732 Et

172 772 304 863 άγαν
338 791 532 864 ἀγρίου
565 789 646 853 είς
680 789 998 860 ἡμερότητα
1031 786 1286 852 καθίστα,
1319 787 1514 841 ἑστιῶν
1541 803 1601 839 τε
1646 785 1742 837 καὶ

1885 800 1969 838 nm
2042 783 2143 848 illi,
2205 792 2396 852 utpote
2440 781 2534 854 qui
2603 777 2821 851 plurimi
2855 784 3060 840 essent,
3096 775 3149 828 in
3185 772 3416 842 Scythas

171 889 360 955 δώροις
410 883 934 953 φιλοφρονούμενος,
986 881 1083 934 καὶ
1138 879 1318 948 λόγοις
1373 878 1647 933 ἐπιεικέσι
1681 877 1741 929 τὸ

1885 885 2105 946 npetum
2158 877 2429 931 facientes
2463 875 2663 930 damna
2707 870 2980 926 inlerrent
3011 867 3228 937 (natura
3267 867 3415 920 enim

175 976 428 1048 θηριῶδες
487 975 715 1030 ἐκείνων
795 973 1304 1044 ὲκμειλισσόμινος.
1362 971 1472 1024 Καὶ
1536 970 1600 1037 δή
1658 987 1741 1030 τις

1885 969 1942 1024 eri
1999 980 2057 1024 et
2109 968 2330 1024 barbari
2380 967 2586 1036 erant),
2632 973 2750 1020 arte
2801 963 3063 1034 quadam,
3104 976 3166 1014 ex
3216 957 3417 1028 agresti

175 1068 397 1124 ἐκείνων
451 1061 532 1129 οἷς
593 1067 888 1138 ἔπραττεν,
940 1063 1178 1134 εΰπορον
1228 1058 1371 1116 εἶναι
1425 1061 1740 1123 ὑπολαϐὼν,

1885 1061 2138 1115 .lmodum
2187 1076 2342 1115 more
2386 1061 2453 1115 ad
2489 1059 2928 1114 mansnetiorem
2974 1055 3143 1110 vitam
3181 1068 3279 1108 eos
3313 1061 3421 1106 tra-

174 1160 450 1222 ὲπίὸουλος
503 1157 698 1227 ἐκείνῳ
746 1156 1064 1220 καθίστατο,
1108 1155 1203 1210 καὶ
1257 1155 1398 1207 ἑλεῖν
1444 1155 1537 1208 τὸν
1594 1152 1743 1205 ὅσιον

1886 1150 2027 1213 uxit,
2061 1148 2320 1204 convivio
2358 1149 2663 1221 excipiens,
2690 1161 2745 1204 et
2771 1147 2933 1203 donis
2963 1144 3068 1200 sibi
3095 1143 3421 1205 concilians,

174 1254 448 1324 ἐπειρᾶτο.
465 1253 668 1324 Βρόχον
690 1250 746 1304 δὲ
771 1245 1229 1320 παρασκευάσας,
1261 1247 1412 1310 ἐπεὶ,
1435 1247 1508 1308 ὡς
1537 1244 1741 1306 εἰώθει,

1885 1241 2144 1310 erbisqne
2175 1239 2603 1294 humanioribus
2656 1237 2890 1294 ferinam
2926 1236 3151 1291 illorum
3187 1231 3423 1289 crudeli-

175 1346 514 1416 ἐρειδόμενος
563 1343 750 1398 ἀσπίδι
798 1343 914 1406 τοῖς
967 1339 1233 1403 ἐναντίοις
1260 1340 1528 1409 Θεότιμος
1573 1336 1745 1390 διελέ-

1885 1341 2018 1388 ιιειη
2039 1331 2386 1388 demulcens.
2409 1331 2516 1387 Sed
2549 1332 2695 1386 enim
2720 1347 2786 1387 ex
2815 1331 2898 1387 eis
2931 1329 3146 1384 Hnnnis
3175 1325 3425 1398 quidam,

177 1455 322 1507 γετο,
385 1433 638 1505 ἀνασχὼν
676 1434 882 1495 ἐκεῖνος
937 1431 1038 1500 τὴν
1081 1430 1277 1500 χεῖρα.
1327 1427 1636 1491 ἀκοντίζειν
1687 1425 1745 1476 τδ

1889 1425 2053 1480 uibus
2092 1425 2414 1495 benigniter
2451 1423 2718 1486 faciebat,
2771 1422 3107 1494 locupletem
3140 1435 3269 1475 eum
3305 1432 3428 1474 esse

179 1525 406 1596 σχοινίον
449 1511 706 1592 ἔμελλεν⁸
739 1520 817 1585 ὡς
847 1522 982 1589 πρὸς
1013 1519 1190 1587 ἑαυτῷ
1218 1517 1316 1570 καὶ
1359 1516 1419 1568 τὸ
1463 1515 1745 1586 σύμπνουν

1887 1518 2178 1582 rbitratus,
2216 1515 2448 1571 insidias
2489 1515 2696 1570 homini
2731 1525 2924 1571 saneto
2970 1513 3195 1580 struxit,
3227 1522 3283 1567 et
3331 1527 3426 1565 ca-

177 1619 366 1688 ὲκείνῳ
395 1615 638 1670 ἑλκύσων
675 1613 861 1682 φῦλον.
891 1613 1045 1681 ’Ἅμα
1089 1613 1147 1665 δὲ
1175 1613 1239 1681 τῇ
1273 1611 1620 1681 ἐπιχειρήσει
1654 1609 1748 1660 καὶ

1890 1625 1983 1664 ere
2010 1623 2138 1664 enm
2185 1608 2497 1664 contendit.
2542 1609 2606 1662 Et
2638 1609 2836 1677 laqueo
2872 1616 3088 1678 parato,
3120 1619 3247 1660 cum
3277 1619 3430 1657 more

181 1709 357 1778 ἠχεὶρ
389 1705 532 1760 οὕτω
562 1708 641 1769 είς
675 1707 813 1776 ἀέρα
857 1705 1200 1774 ἐκτεταμένη
1236 1703 1476 1773 διέμεινε
1497 1719 1512 1734 υ
1561 1705 1654 1754 καὶ
1680 1701 1743 1754 ού

1889 1701 2089 1756 uodam
2119 1715 2243 1764 suo,
2286 1703 2481 1772 clypeo
2529 1700 2753 1753 innixus
2788 1699 3104 1753 Thcotimus
3139 1697 3205 1750 ad
3243 1697 3430 1750 hostes

180 1796 442 1867 πρότερον
466 1793 572 1846 τῶν
604 1795 850 1866 ἀοράτων
881 1793 1085 1863 ἀφείθη
1125 1792 1366 1862 δεσμῶν.
1394 1791 1500 1853 ἕως
1530 1789 1588 1842 οὗ
1620 1787 1750 1841 Θεό.

181 1904 334 1958 τιμον
361 1883 667 1958 λιπαρήσαι
698 1886 758 1939 τὸ
797 1886 972 1949 Θείον,
1018 1885 1247 1939 πλεῖστα
1278 1884 1388 1935 τῶν
1426 1883 1602 1938 ἀλλων
1637 1883 1749 1934 ἱκε-

182 1984 490 2036 τευσάντων
543 1979 858 2052 βαρϐάρων.
897 1978 1070 2046 A670;
1100 1994 1164 2045 γε
1201 1970 1310 2046 μὴν
1344 1976 1458 2045 ἔχει
1500 1974 1751 2044 κομήτην

185 2073 240 2138 ἐξ
267 2072 446 2143 ἀρχῆς
469 2071 618 2133 δντα,
645 2070 735 2138 ἀφ’
762 2064 821 2123 οὗ
850 2069 924 2140 τῷ
951 2069 1262 2138 φιλοσοφεῖν
1294 2067 1581 2130 ἐπέϐαλεν,
1608 2065 1751 2119 οὕτω

184 2165 452 2236 διαμεῖναι
508 2161 602 2216 καὶ
667 2164 722 2224 te;
783 2161 972 2223 τέλος⁶
1022 2155 1162 2213 εἶναι
1215 2159 1271 2211 δὲ
1323 2158 1418 2210 καὶ
1448 2157 1548 2227 τὴν
1581 2156 1752 2220 ἄλλην

183 2257 390 2311 δίαιταν
443 2255 594 2325 αὐτῷ
628 2255 782 2323 λιτὴν
819 2254 980 2306 πάνυ.
1018 2254 1238 2322 Τροφῆς
1273 2253 1330 2306 δὲ
1374 2253 1470 2322 οὐχ
1512 2251 1611 2304 ἕνα
1637 2251 1754 2321 ᾔδει

186 2348 372 2418 καιρόν
392 2363 406 2377 ·
441 2347 701 2416 διάφορος
730 2345 778 2396 δ’
833 2340 901 2416 ἦν
925 2361 938 2377 ⁸
967 2345 1198 2415 ὡρίζετο
1231 2345 1338 2414 γὰρ
1386 2342 1600 2408 τοῦτον,
1627 2343 1750 2394 ὁπότ

186 2455 278 2493 ταν
301 2439 482 2490 πεινοϊ
508 2438 542 2507 ἢ
567 2437 730 2505 διψοί.
766 2437 876 2490 Kal.
895 2436 1002 2506 γὰρ
1023 2438 1141 2499 ταῖς
1172 2436 1452 2506 ἀληθείαις
1483 2437 1578 2487 καὶ
1596 2435 1756 2488 τοῦτο

191 2530 483 2599 φιλόσοφον
501 2526 592 2601 ἦν,
619 2528 832 2592 τούτοις
857 2529 934 2599 μὴ
960 2529 1094 2598 πρὸς
1119 2530 1424 2599 ῥᾳστώνην,
1455 2526 1590 2580 ἀλλὰ
1622 2529 1758 2598 πρδς

192 2620 376 2689 χρείαν
413 2621 606 2674 εἴκειν.

1854 1794 2016 1848 verba
2043 1797 2272 1857 faceret,
2313 1807 2475 1845 manu
2509 1791 2600 1846 ille
2624 1791 2840 1846 sublata
2884 1790 3161 1860 cenjiecrc
3199 1789 3254 1843 in
3301 1803 3430 1842 eum

1855 1887 2041 1941 funem
2079 1885 2278 1947 voluit,
2320 1894 2376 1939 ut
2415 1884 2581 1940 simul
2620 1884 2686 1938 ad
2728 1900 2786 1939 se
2827 1899 2952 1937 cum
2989 1899 3055 1937 eo
3090 1898 3212 1952 qtne
3251 1884 3432 1948 :tttspi—

1861 1977 1943 2030 cia
1979 1977 2101 2046 ejus
2135 1977 2474 2046 sequebatur
2501 1983 2719 2046 gentem
2756 1975 3122 2045 pertraheret.
3157 1973 3259 2026 Sed
3303 1988 3433 2026 ecce

1863 2085 1968 2122 una
2001 2085 2122 2125 cum
2157 2079 2355 2123 conatu
2399 2082 2598 2123 manus
2630 2067 2751 2138 ejus
2797 2067 2849 2120 in
2882 2079 3009 2118 acre
3055 2073 3278 2119 extenta
3323 2063 3435 2116 hte-

1861 2162 1934 2216 sit
1963 2181 1974 2216 :
2011 2177 2188 2231 neque
2222 2160 2378 2231 prius
2408 2161 2497 2214 illa
2540 2159 2783 2214 vinculis
2822 2159 3028 2214 talibus
3070 2172 3191 2225 qn:e
3221 2155 3274 2208 in
3306 2170 3437 2207 con-

1861 2263 2112 2322 spcctum
2156 2269 2264 2307 non
2309 2253 2595 2318 caderent,
2629 2253 2863 2307 liberata
2908 2259 3012 2313 est,
3046 2265 3208 2318 quam
3258 2247 3440 2300 Theo-

1863 2347 2033 2399 timns
2085 2344 2252 2399 Deum
2297 2361 2398 2416 pro
2441 2359 2509 2400 eo
2551 2352 2808 2400 exoraret
2851 2362 2865 2398 :
2907 2342 3054 2413 quod
3100 2340 3322 2411 quidem
3349 2357 3352 2360 ·
3381 2348 3440 2392 ιιι

1866 2438 2071 2494 faceret
2101 2477 2116 2503 ,
2141 2439 2441 2510 plurimum
2485 2453 2610 2492 eum
2649 2436 2845 2506 reliqui
2893 2435 3119 2490 Barbari
3155 2444 3438 2503 rogarunt.

1869 2529 2032 2584 Fama
2073 2545 2296 2601 quoque
2342 2530 2470 2595 fert,
2506 2529 2954 2599 quandoquidem
2985 2536 3258 2593 comatus,
3315 2542 3438 2580 cum

1871 2637 1928 2674 se.
1971 2622 2037 2676 ad
2095 2622 2146 2676 id
2204 2640 2380 2687 genus
2435 2623 2800 2694 philosOphize
2854 2621 3197 2684 contulissrt,
3239 2618 3441 2680 fuerat,

193 2717 346 2771 talem
381 2732 509 2771 enm
561 2733 739 2786 usque
776 2717 842 2771 ad
877 2717 998 2771 vitae
1033 2720 1193 2770 linem
1231 2717 1624 2786 permansisse.
1662 2717 1894 2786 Reliqua
1963 2735 2094 2774 vero
2161 2721 2502 2791 quotidiana:
2568 2720 2694 2775 vita:
2732 2719 3074 2775 consuetudo
3111 2717 3160 2773 ei
3215 2718 3444 2788 simplex

193 2811 343 2866 valde
398 2813 523 2865 fuit.
581 2813 840 2867 Alimenti
873 2813 1129 2882 capiendi
1182 2828 1289 2867 non
1361 2821 1554 2880 Unum,
1625 2813 1720 2868 scd
1787 2815 2068 2869 diversum
2123 2817 2363 2872 habebat
2405 2827 2656 2887 tempus:
2692 2827 2806 2872 tum
2855 2815 3002 2871 enim
3053 2817 3105 2869 id
3173 2818 3444 2878 sumebat.

193 2925 311 2965 cum
343 2911 604 2971 esuriret,
636 2920 731 2964 aut
766 2910 968 2966 sitiret.
999 2909 1132 2965 Nam
1164 2920 1219 2966 et
1251 2911 1356 2966 hoc
1381 2910 1542 2982 plane
1580 2910 1896 2982 philosophi
1967 2923 2072 2975 est,
2142 2916 2310 2970 rebus
2352 2915 2438 2970 his
2488 2913 2554 2968 ad
2604 2924 2988 2970 neCessnatem
3020 2954 3034 2978 ,
3106 2928 3213 2967 non
3253 2914 3317 2966 ad
3348 2927 3446 2967 vo-

196 3008 455 3078 luptatem
491 3009 619 3062 frui.

763 3129 1014 3184 κεοΑΑ.
1039 3131 1189 3198 Μετ’.

197 3224 325 3290 Περί
355 3222 470 3277 τοῦ
499 3223 670 3294 {ly-[op
727 3223 1075 3294 Ἐπιφανίου
1095 3292 1115 3294 ξ
1135 3222 1243 3276 τοῦ
1273 3221 1614 3294 ἐπισκόπου
1655 3223 1767 3278 Κύ-
1807 3228 1819 3294 γ’

263 3287 444 3364 ἐιρου,
465 3287 588 3358 οἷός
611 3291 690 3363 ἦν
712 3309 724 3322 '
755 3287 870 3345 καῖ
892 3294 1019 3364 περὶ
1048 3292 1166 3345 τῶν
1192 3293 1547 3362 παραδόξων
1575 3292 1766 3361 ἔργων
1793 3293 1835 3347 (ζ

263 3361 479 3418 αὐτοῦ.

276 3479 364 3532 Ἐν
394 3477 574 3548 τούτῳ
601 3477 658 3532 δὲ
687 3477 839 3549 ἤνθει
870 3479 964 3531 καὶ
1008 3475 1329 3549 Ἑπιφάνιος
1360 3481 1387 3532 ὁ
1420 3479 1520 3550 τὴν
1543 3477 1772 3550 Κύπρον

201 3569 512 3642 ἱερατεύειν
537 3568 748 3640 λαχὼνο
779 3569 839 3624 δν
865 3569 926 3623 οὐ
981 3571 1142 3640 μόνον
1171 3570 1351 3636 ζῶντα
1383 3571 1656 3641 ἐπίσημον
1695 3573 1773 3634 είς

203 3661 370 3724 ἄκρον
407 3657 582 3712 ἐποίει
605 3659 641 3727 ἡ
665 3659 843 3731 βιοτὴ,
886 3659 1023 3715 ἀλλὰ
1063 3664 1154 3714 καὶ
1181 3663 1312 3725 Θεδς
1344 3661 1518 3731 τιμῶν
1562 3661 1654 3714 τδν
1686 3661 1777 3715 άν-

203 3750 324 3822 δρα,
355 3749 680 3823 παραδόξων
739 3750 918 3822 ἔργων
963 3751 1265 3825 αὐτουργὸν
1299 3753 1526 3817 ἐδείκνυ,
1568 3756 1664 3806 καὶ
1695 3753 1777 3806 ἔτι

207 3846 468 3915 περιόντα
499 3845 602 3897 καὶ
638 3844 1068 3915 τελευτήσαντα.
1115 3845 1226 3897 Καὶ
1268 3846 1377 3916 γὰρ
1419 3845 1597 3913 λόγος,
1639 3845 1667 3897 ὃ
1702 3846 1776 3914 μὴ

205 3936 457 4001 περιόντι
497 3935 776 4005 ύπῆρξεν,
832 3935 1162 3990 ἀποθανόντι
1211 3935 1488 4004 γενέσθαι.
1545 3936 1778 3998 Πολλοὺς

212 4028 316 4100 γὰρ
348 4028 751 4100 δαιμονῶντας,
783 4028 934 4097 παρὰ
958 4029 1051 4082 τὸν
1073 4029 1243 4097 τάφον
1271 4027 1474 4095 ἰόντας,
1497 4027 1778 4081 ἀπαλλάτ-

209 4119 399 4174 τεσθαι
437 4119 538 4190 τῆς
571 4121 838 4189 μάστιγος
865 4135 878 4147 ⁶
909 4120 1006 4174 καὶ
1027 4120 1202 4183 ἰάσεις
1231 4119 1396 4184 άλλας
1423 4119 1520 4174 καὶ
1544 4123 1601 4184 ἐς
1621 4119 1779 4190 δεῦρο

210 4212 271 4282 δὴ
323 4211 693 4282 πράττεσθαι.
743 4211 923 4267 Πολλά
951 4213 1008 4268 δδ
1043 4212 1136 4266 καὶ
1163 4213 1328 4276 ζῶντι
1369 4214 1548 4280 τούτῳ
1577 4213 1781 4284 πρᾶξαι

209 4303 564 4358 ἀνατιθέασιν
595 4304 644 4356 οἱ
692 4304 972 4376 ἐγχώριοι.
1008 4303 1151 4374 Ἐγὼ
1193 4305 1250 4360 δὲ
1302 4305 1364 4358 τὸ
1395 4304 1474 4368 είς
1505 4305 1605 4377 ἐμὲ
1648 4301 1783 4378 ἧκον

208 4394 628 4465 ὲκδιηγήσομαι.
657 4389 766 4448 Ἦν
791 4397 892 4466 μὲν
915 4396 1024 4468 γὰρ
1065 4395 1415 4467 μεταδοτικὸς
1443 4397 1586 4462 λίαν,
1607 4397 1674 4468 ἠν
1700 4415 1781 4460 τις

210 4485 378 4539 ἐδεῖτο
395 4485 591 4556 πένης,
624 4486 656 4556 ἢ
689 4487 1007 4558 ναυαγίῳ,ἢ
1035 4487 1383 4559 άλλοτρόπως
1408 4488 1748 4559 δυστυχήσας
1769 4505 1780 4515 ·

215 4578 286 4642 ὡς
324 4578 383 4632 δὲ
413 4579 515 4648 τὴν
545 4578 754 4632 οίκείαν
782 4581 970 4634 οὐσίαν
1015 4580 1188 4634 πάλαι
1215 4581 1496 4635 ἀνάλωσεν
1523 4583 1582 4634 ἐν
1603 4583 1774 4634 τοιοῦο

213 4685 323 4732 τοις
351 4669 522 4741 (πόση
559 4670 667 4740 γάρ
693 4669 758 4724 ἂν
786 4674 883 4725 καὶ
905 4667 974 4743 ἦν
992 4672 1033 4740 ;l
1057 4675 1172 4737 τοῖς
1204 4673 1304 4744 τῆς
1333 4673 1631 4745 ἐκκλησίας
1656 4677 1788 4746 χρὴ·

219 4777 383 4827 μασιν
413 4761 716 4833 ἀπεχρῆτο,
746 4767 839 4817 καὶ.
860 4765 938 4826 είς
957 4763 1097 4832 δέον,
1123 4765 1184 4819 τὸ
1212 4765 1308 4819 τοῦ
1347 4766 1532 4835 λόγου,
1551 4767 1787 4820 ἐσπάθα.

218 4853 392 4908 [Ιολλά
429 4853 488 4906 δὲ
512 4849 653 4926 ἦσαν
687 4856 859 4928 ταύτῃ
910 4857 979 4910 τά
1012 4859 1278 4928 χρήματα
1305 4874 1318 4889 ⁸
1354 4855 1436 4924 οἷς
1467 4861 1575 4932 γὰρ
1631 4861 1791 4932 μέλον

215 4946 487 5016 θεοφιλῶς
516 4946 849 5014 ἀναλίσκειν,
884 4951 980 5004 καὶ
1010 4951 1216 5015 ζῶντες
1244 4951 1337 5005 καὶ
1368 4953 1475 5006 τῶν
1506 4947 1607 5007 ὧδε
1630 4955 1797 5008 ἀπσίρ

219 5055 432 5109 ροντες,
467 5043 532 5112 τῇ
561 5041 683 5095 κατ’
733 5042 897 5097 αὐτὸν
938 5045 1203 5116 ἐκκλησίᾳ
1233 5047 1465 5101 πλεῖστα
1501 5050 1784 5122 παρεῖχον.

220 5133 326 5186 Καὶ
355 5135 470 5204 γάρ
501 5135 560 5186 ἐν
593 5127 809 5189 ἐλπίσιν
833 5132 974 5209 ἦσαν
1001 5141 1290 5211 χρησταῖς,
1322 5143 1396 5206 ὡς
1428 5142 1554 5196 λίαν
1586 5143 1795 5197 οίκονοο

223 5225 384 5294 μικδς
413 5227 511 5282 καὶ
541 5226 796 5300 θεοφιλὴς
823 5229 898 5283 ὢν
922 5232 952 5284 δ
990 5233 1153 5304 ἀνὴρ,
1187 5234 1330 5289 κατά
1357 5234 1586 5308 γνώμην
1611 5238 1796 5299 αὑτοῖς

219 5316 472 5388 διαθήσει
505 5320 573 5374 τά
604 5320 880 5392 δεδομένα.
915 5324 1026 5378 Καί
1057 5342 1186 5379 ποτε
1227 5328 1464 5396 μετρίων
1491 5330 1798 5384 καταστὰν-

221 5427 329 5465 των
358 5411 474 5466 τῶν
501 5416 808 5485 χρημάτων
841 5419 910 5488 τῇ
937 5423 1106 5490 συχνῇ
1154 5420 1460 5489 μεταδόσει,
1494 5423 1796 5494 χαλεπῆναι

221 5501 316 5555 τδν
341 5503 490 5558 αὐτὰ
549 5507 896 5578 διανέμοντα,
930 5510 1024 5563 καὶ
1072 5512 1492 5582 ἐπιμέμψασθαι
1541 5513 1616 5578 ὼς
1660 5516 1800 5583 ἄγαν

223 5595 304 5664 εἴη
337 5597 655 5670 δαπανηρὸς
677 5603 925 5655 ’ἐκεῖνον
955 5602 1012 5656 δὲ
1045 5603 1168 5675 μηδ’
1198 5604 1341 5658 οὕτω
1369 5623 1418 5658 τι
1453 5604 1797 5674 καθυφεῖναι,

225 5687 532 5760 φιλοτίμως
593 5693 1034 5763 ἱπιχορηγοῦντα
1087 5700 1198 5760 τοῖς
1251 5697 1512 5753 ἐνδεέσιν.
1559 5697 1712 5751 Ἑπεὶ
1755 5699 1800 5751 δ’

223 5777 371 5834 ἃπαν
393 5782 496 5852 ἤδη
523 5783 582 5836 τδ
616 5788 841 5856 χρυσίον
873 5788 1138 5854 ἀνάλωτο,
1169 5773 1410 5861 προσιών
1435 5809 1520 5856 τις
1571 5792 1648 5863 τῷ
1701 5795 1802 5847 δω-

249 5880 252 5882 ’
293 5915 368 5984 (t)
409 5915 632 5974 Sozom.
664 5920 798 5976 an.
833 5938 953 5992 Cap.
999 5922 1088 5976 εδ.

2327 3128 2491 3198 330
2529 3128 2753 3185 CAPUT
2797 3127 2984 3183 XLVI.

1878 3221 1948 3275 De
1985 3229 2169 3274 sancto
2195 3219 2492 3288 Epiphanio
2513 3224 2753 3290 episcopo
2783 3220 3153 3292 Cypri,qualis
3181 3220 3372 3290 fuerit:
3401 3231 3451 3278 et

2255 3295 2316 3344 de
2342 3293 2669 3346 admirandis
2683 3296 2793 3360 ejus
2807 3292 3064 3361 aperibus.

1949 3472 2084 3528 Tum
2148 3487 2280 3528 vero
2336 3489 2559 3543 quoque
2620 3473 2809 3528 ﬂoruit
2860 3464 3253 3545 Epiphaninsp
3288 3475 3450 3548 Cypri

1876 3569 2218 3636 episcopus:
2258 3567 2353 3636 qui
2408 3566 2495 3621 vir
2540 3581 2649 3620 non
2707 3567 2886 3624 solum
2937 3569 3133 3624 vivens
3163 3611 3178 3634 ,
3228 3580 3456 3640 propter

1879 3661 2004 3714 vita:
2047 3659 2402 3716 sanctitatem
2455 3659 2804 3715 clarissimus
2831 3659 2974 3725 fuit;
3021 3661 3114 3717 sed
3148 3677 3274 3717 enin
3311 3664 3457 3718 Deus

1880 3753 2046 3809 etlam
2081 3752 2478 3818 cobonestans,
2514 3751 2877 3808 mirificarum
2928 3768 3157 3823 operum
3217 3765 3460 3824 patrato-

1883 3861 1997 3900 rem
2041 3859 2164 3899 esse
2211 3844 2476 3908 ostendit,
2525 3846 2882 3916 superstitem
2934 3845 3100 3902 simul
3153 3858 3209 3902 et
3259 3847 3460 3903 delun-

1883 3947 2026 3989 ctum
2055 3935 2154 4006 (l).
2199 3934 2262 3988 Et
2291 3935 2434 3990 fama
2472 3937 2710 4000 ohtinet,
2762 3936 2913 4007 quod
2948 3937 3075 3993 vivo
3109 3954 3218 3992 non
3249 3941 3455 4004 evenit,

1885 4031 1937 4083 id
1972 4040 2190 4084 mortuo
2223 4028 2538 4084 accidisse:
2584 4041 2642 4084 ut
2683 4028 2894 4085 scilicet
2942 4031 3287 4087 daemonibus
3339 4035 3460 4100 agi-

1887 4123 1982 4177 tati
2017 4123 2173 4177 multi
2211 4120 2276 4176 ad
2307 4122 2620 4192 sepulcrum
2646 4123 2766 4194 ejus
2812 4122 3168 4187 accedentes,
3207 4123 3366 4194 plaga
3397 4142 3459 4180 ea

1883 4219 2278 4281 liberarentur.
2329 4232 2384 4274 et
2443 4220 2626 4274 multa:
2677 4230 2940 4289 prmterea
2987 4221 3108 4276 alia:
3145 4223 3464 4278 sanationes

1888 4311 2053 4364 hodie
2085 4327 2306 4380 quoque
2334 4310 2400 4364 ad
2439 4310 2490 4364 id
2527 4310 2679 4364 fiant.
2709 4311 2877 4366 Multa
2916 4329 3047 4368 vero
3076 4314 3244 4370 etiam
3275 4315 3464 4384 viven-

1890 4415 1998 4459 tem
2035 4421 2160 4461 cum
2213 4404 2580 4459 admiratione
2614 4405 2858 4460 omnium
2890 4405 3108 4470 fecisse,
3136 4408 3326 4464 incola:
3345 4412 3466 4481 ejn.

1892 4499 2086 4553 insula:
2126 4497 2331 4553 ferunt.
2389 4499 2502 4568 Ego
2550 4507 2757 4563 autem,
2818 4509 3087 4570 quantum
3124 4501 3178 4556 in
3215 4519 3335 4558 mea
3367 4521 3464 4575 po-

1896 4600 2089 4646 testate
2122 4591 2287 4646 situm
2323 4590 2512 4654 fuerit,
2551 4606 2845 4662 exponam.
2878 4591 3261 4664 Fuitnamqne
3298 4597 3468 4666 perli-

1897 4683 2102 4738 beralis
2127 4683 2179 4738 in
2214 4698 2439 4754 egenos,
2477 4685 2596 4740 sive
2629 4685 2940 4757 naufragio,
2975 4687 3091 4741 sive
3136 4687 3245 4743 alio
3273 4687 3469 4744 adver—

1893 4790 1968 4829 sa:
2038 4775 2276 4830 fortuna:
2346 4777 2511 4830 modo
2576 4777 2768 4848 jactati
2833 4789 3044 4834 essent.
3115 4778 3215 4834 Ubi
3281 4789 3466 4834 autem

1896 4869 2105 4924 virtute
2133 4885 2195 4923 ca
2229 4885 2342 4924 rem
2378 4869 2705 4926 familiarem
2729 4885 2884 4925 suam
2920 4871 3144 4943 (quanta
3186 4882 3368 4926 autem
3405 4887 3468 4926 ea

1897 4961 2046 5030 fuit?)
2081 4963 2448 5032 consumpsit,
2501 4963 2751 5020 ecclesiae
2791 4965 3050 5034 pecuniis
3106 4973 3194 5019 est
3239 4965 3466 5029 abusus,

1897 5069 2032 5124 quas
2068 5054 2478 5125 quodammodo
2525 5056 2584 5109 in
2632 5056 2929 5112 honesmm
2987 5067 3044 5112 et
3095 5058 3468 5116 necessarium

1901 5163 2059 5201 nsum
2097 5147 2470 5217 dilapidavit:
2505 5131 2692 5202 multa:
2719 5159 2904 5205 autem
2952 5133 3033 5206 hai
3060 5150 3469 5222 fuerant._Nam

1897 5239 2102 5311 quibus
2141 5255 2291 5302 cura:
2337 5250 2479 5307 erat,
2527 5250 2588 5296 ut
2625 5242 2994 5306 substantiam
3043 5260 3202 5306 suam
3247 5245 3300 5299 in
3351 5247 3472 5316 pios

1902 5349 2035 5387 usus
2069 5343 2386 5405 erogareot,
2422 5342 2478 5387 et
2514 5333 2764 5390 viventes
2795 5345 2855 5390 et
2897 5338 3200 5394 morientes
3232 5338 3470 5407 plurima

1899 5424 2150 5481 ecclesiae
2183 5425 2304 5496 ejus
2343 5424 2645 5480 donarunt.
2699 5425 2757 5481 ln
2797 5428 2941 5484 bona
2974 5429 3123 5484 enim
3145 5419 3256 5500 lspe
3288 5441 3470 5492 erant,

1900 5516 2078 5570 virum
2113 5515 2205 5570 Dei
2235 5527 2536 5578 aiitantem.
2561 5526 2616 5574 et
2655 5518 2959 5587 prudenter
2982 5522 3248 5592 pecunias
3279 5523 3470 5579 distri—.

1903 5605 2182 5669 Luculent,
2217 5623 2281 5660 ex
2309 5607 2580 5662 sententia
2611 5624 2735 5674 sua,
2757 5612 3030 5683 Quidquid
3065 5616 3135 5668 ita
3163 5613 3472 5677 dedissent.

1902 5714 2274 5773 expetis-urunt
2323 5717 2465 5754 esse.
2504 5701 2572 5756 Et
2606 5718 2728 5756 cum
2761 5704 3062 5775 aliquando
3101 5717 3328 5778 propter
3358 5706 3475 5770 Ire-

1903 5801 2162 5862 quentem
2221 5793 2592 5862 largitionem,
2638 5798 2889 5865 pecuniae
2937 5799 3236 5856 admodum
3281 5799 3474 5857 decre-
