3918 6562
438 442 532 508 θιι

1656 437 2079 503 ΝῙΟΕΙἪΟΙΠ
2125 439 2472 500 CALLISTI

3570 439 3671 502 912

439 565 660 623 vissent,
700 557 968 629 quosdam
1007 558 1059 612 id
1097 558 1323 612 moleste
1356 558 1619 621 ferentes,
1670 567 1726 612 et
1754 554 2002 609 ecclesia:

2116 553 2293 622 ματίῳ
2319 548 2377 607 οὗ
2407 553 2597 621 διῆγεν
2626 555 2653 606 ό
2686 553 2992 622 οίκονόμος,
3025 551 3167 622 μέγα
3201 567 3252 606 τι
3288 553 3380 605 καὶ
3405 551 3675 621 ὑπερφυὲς

435 664 781 706 ωοοιιοιιιιιιιι
836 649 1138 720 ρι’ςνοίριιθ,
1185 647 1612 716 reprehendisse
1654 662 1806 705 eum.
1856 644 2003 714 quod

437 754 544 795 tam
577 748 937 808 sumptuosus
967 747 1022 793 et
1063 737 1326 808 prodigus
1367 747 1539 800 esset,
1584 735 1788 789 ferunt.
1824 731 2004 788 Caete-

434 844 554 886 rum
590 849 656 887 ne
687 843 800 886 tum
833 831 1058 902 quidem
1090 830 1156 885 de
1195 845 1347 884 more
1380 843 1503 894 suo,
1539 829 1667 897 quin
1701 827 2006 883 liberaliter

434 923 811 994 indigentibus
858 923 1174 994 largiretur,
1224 921 1525 990 quidquam
1570 919 1804 974 remisit.
1865 919 2002 974 Cum

433 1027 620 1070 autem
649 1019 760 1085 jam
792 1030 990 1068 aurum
1032 1028 1195 1067 omne
1225 1021 1614 1082 consumptum
1645 1021 1813 1075 esset,
1849 1025 2008 1066 8600⁸

433 1110 572 1165 dens
617 1109 840 1180 quidam
874 1108 943 1163 ad
976 1123 1098 1162 eam
1125 1107 1374 1169 domum,
1417 1105 1470 1160 in
1512 1121 1616 1176 qua
1650 1106 2005 1173 dispensator

434 1202 536 1256 iste
561 1201 777 1271 agebat,
816 1201 1090 1270 ingentem
1117 1198 1413 1268 quamdam
1443 1207 1501 1252 et
1548 1197 1834 1252 mirilicam
1875 1211 2004 1252 cru-

434 1307 648 1346 menam
701 1306 825 1344 cum
886 1306 1084 1362 magno
1137 1294 1260 1345 auri
1313 1290 1557 1360 pondere
1599 1290 1651 1344 ei
1704 1291 1756 1344 in
1808 1305 2005 1344 manus

431 1383 584 1437 dedit
617 1399 632 1437 :
663 1394 718 1436 et
747 1383 931 1438 statim
974 1382 1136 1445 abiit,
1175 1399 1352 1453 neque
1381 1383 1505 1452 quis
1535 1383 1650 1451 ipse
1686 1390 1853 1448 esset,
1903 1397 2002 1436 ne-

429 1490 538 1544 que
565 1474 657 1543 qui
690 1474 741 1528 id
774 1474 1036 1538 misisset,
1061 1473 1331 1528 indicans.
1353 1475 1620 1544 Perquam
1645 1489 1774 1529 vero
1802 1473 2000 1526 mirum

433 1569 606 1620 visum
639 1577 723 1619 est
754 1566 928 1619 latere
985 1582 1138 1628 eum,
1188 1565 1282 1634 qui
1320 1574 1530 1620 tantam
1591 1566 1699 1617 vim
1754 1566 2002 1636 pecunia:

429 1659 694 1720 dedisset,
755 1658 1042 1712 voluisse:
1101 1659 1419 1728 laetumque
1476 1657 1527 1712 id
1584 1657 2004 1712 considerantes

431 1753 704 1812 homines,
748 1751 990 1804 divinam
1044 1765 1165 1805 eam
1222 1766 1345 1805 esse
1399 1751 1812 1815 liberalitatem,
1865 1765 2001 1804 eon-

427 1846 696 1907 jecturam
743 1842 944 1896 fecere.
1001 1843 1180 1912 Atque
1229 1842 1331 1896 hoc
1379 1842 1602 1912 quidem
1658 1845 1740 1897 sic
1791 1851 2000 1896 aetum.

2109 644 2398 713 βαλάντιον
2440 639 2623 715 πολλῷ
2673 646 2904 716 χρυσίου
2969 645 3112 713 ὁλκῷ
3166 645 3535 714 βαρυνόμενον
3582 645 3680 696 ἀνά

2108 741 2296 809 χεῖρας
2325 738 2526 806 βαλὼν,
2564 739 2744 791 ἀπιὼν
2792 739 2986 808 ᾤχετο,
3027 740 3168 808 μήτε
3201 737 3286 800 τίς
3315 738 3343 789 ό
3372 738 3496 800 δοὺς
3527 736 3559 806 ἥ
3593 739 3683 790 καὶ

2105 830 2464 900 όπεπομφὼς
2517 831 2676 900 δῆλον
2733 833 3072 900 πεποιηκώς.
3123 831 3227 883 Καί
3264 847 3327 899 γε
3377 825 3685 898 παράδοξον

2104 922 2228 976 λίαν
2263 923 2461 986 ἐδόκει,
2492 924 2732 976 ἐπιδόσει
2762 921 3033 974 τοσούτων
3064 920 3365 992 χρημάτων
3396 922 3682 988 ἄγνωστον

2108 1015 2299 1068 ὲαυτδν
2347 1015 2494 1076 ὅστις
2528 1009 2595 1085 ἦν
2653 1015 2681 1066 ό
2727 1013 2873 1078 δοὺς,
2924 1013 3291 1081 καταστῆσαι.
3335 1013 3431 1078 Εἰς
3477 1013 3604 1066 νοῦν
3631 1015 3686 1066 δὲ

2108 1109 2349 1176 θέμενοι,
2399 1104 2680 1175 θειοτέραν
2729 1099 3004 1174 εἶναιτὴν
3038 1105 3237 1174 πρᾶξιν
3273 1105 3569 1159 συνέϐαλον
3628 1103 3690 1159 ἆ-

2110 1217 2335 1262 παντες.
2389 1198 2564 1252 Τοῦτο
2597 1199 2698 1269 μὲν
2843 1197 3122 1252 τοιοῦτον·
3161 1198 3350 1269 ἕτερον
3406 1198 3461 1251 δὲ
3515 1199 3686 1251 αὐτοῦ

2108 1292 2480 1362 πυνθάνομαι,
2532 1293 2733 1364 ἐπίσης
2764 1291 2865 1361 μὲν
2919 1282 3205 1363 Γρηγορίῳ
3239 1290 3380 1361 ἔχον,
3411 1291 3470 1355 ὃς
3518 1292 3687 1344 πάλαι

2105 1381 2204 1452 τὴν
2233 1381 2532 1452 ἐκκλησίαν
2553 1381 2890 1452 ἐπετρόπευε
2916 1381 3016 1452 τῆς
3050 1382 3191 1436 κατὰ
3227 1369 3425 1434 Πόντον
3449 1381 3685 1434 Neont-

2110 1473 2362 1542 σαρείας.
2400 1474 2474 1526 Οὐ
2492 1451 2611 1543 ’μήν
2635 1491 2700 1542 γε
2753 1475 2903 1543 παρὰ
2956 1473 3116 1528 τοῦτο
3170 1475 3424 1527 άπιστεῖν
3455 1474 3681 1537 δίκαιον,

2107 1563 2199 1614 καὶ
2245 1562 2549 1630 Ἑπιφανίῳ
2598 1564 2662 1616 τά
2701 1564 2794 1616 τσα
2852 1563 3305 1635 διαπεπρᾶχθαι·
3356 1564 3481 1617 ἐπεί
3511 1565 3593 1618 τοί
3623 1582 3684 1632 γε

2106 1654 2225 1707 οὐδὲ
2261 1655 2469 1725 Πέτρος
2501 1656 2664 1724 μόνον
2695 1657 2724 1706 ὁ
2764 1657 2872 1709 τῶν
2900 1657 3218 1709 ἀποστόλων
3248 1659 3565 1727 κορυφαῖος,
3600 1675 3683 1708 νε-

2109 1747 2241 1817 κρὸν
2264 1747 2460 1802 ἀνίστα
2483 1763 2496 1778 ’
2535 1747 2671 1800 ἀλλὰ
2713 1749 2811 1802 καὶ
2851 1747 3104 1817 Ἰωάννης
3140 1750 3282 1802 κατὰ
3307 1747 3404 1819 τὴν
3425 1749 3681 1818 Ἔφεσον,

2108 1839 2204 1890 καὶ
2230 1838 2469 1908 ἀλλαχοῦ
2494 1838 2670 1907 ’ἑτεροι
2697 1855 2710 1868 ⁸
2737 1841 2797 1892 οὐ
2821 1839 2926 1910 μὴν
2947 1841 3001 1893 δὲ
3024 1839 3161 1893 ἀλλὰ
3183 1841 3279 1894 καὶ
3303 1842 3358 1894 αἱ
3385 1841 3683 1912 θυγατέρες

429 1937 592 1989 Aliud
641 1950 773 1990 vero
810 1935 877 1989 de
909 1951 975 1990 eo
1006 1935 1194 1995 audio,
1229 1935 1375 2005 quod
1415 1934 1667 2005 Gregorii
1699 1935 1844 1990 illius
1896 1937 2001 1989 ιιιὶ-

2109 1931 2378 1983 Φιλίππου
2425 1932 2564 1984 κατὰ
2593 1934 2692 2002 τὴν
2731 1931 3052 2000 Ίεράπολιν.
3084 1933 3165 1986 Τά
3188 1932 3233 1985 δ’
3261 1933 3402 1986 αὐτὰ
3427 1934 3683 1998 πολλάκις

432 2031 622 2084 raculo
652 2029 831 2084 simile
869 2027 994 2092 fuit,
1032 2027 1125 2096 qui
1161 2028 1292 2082 olim
1327 2027 1696 2084 Neocaesareze
1730 2028 2004 2087 in,Ponto

426 2124 715 2179 ecclesiam
773 2123 1199 2192 gubernavcrat.
1261 2120 1421 2190 331
1472 2121 1660 2191 Neque
1711 2131 2003 2191 propterea

432 2217 594 2272 ﬁdem
622 2231 732 2268 non
762 2214 966 2268 habere
1003 2213 1240 2282 prodigii
1275 2213 1397 2283 ejus
1434 2212 1756 2268 testimonio
1783 2228 2003 2282 aequum

429 2319 537 2376 est,
564 2308 711 2378 quod
745 2307 888 2360 idem
923 2301 1266 2373 Epiphanius
1298 2306 1574 2374 peregerit
1606 2320 1620 2356 :
1659 2305 2008 2374 quandoqui-

428 2403 553 2456 dem
589 2413 768 2469 neque
811 2398 1008 2452 Petrus
1055 2396 1210 2450 solus
1264 2396 1644 2465 apostolorum
1681 2398 2007 2466 coryphzcus

428 2504 484 2550 et
517 2493 800 2566 princeps,
830 2499 1108 2544 mortuum
1139 2489 1526 2552 cxsuscitavit,
1552 2487 1649 2542 sed
1682 2496 1739 2542 et
1763 2487 2006 2542 Joannes

430 2583 656 2657 Ephesi,
694 2594 752 2639 et
791 2582 880 2636 alii
916 2582 1069 2646 alibi,
1107 2583 1218 2634 imo
1251 2580 1418 2634 etiam
1458 2579 1737 2650 Hierapoli
1764 2579 2004 2648 Philippi

431 2671 575 2733 lilire.
613 2677 770 2745 Saepe
800 2689 1039 2744 namque
1083 2675 1293 2734 evenit,
1337 2673 1499 2726 sicuti
1529 2689 1626 2742 par
1656 2683 1712 2726 et
1739 2673 2006 2728 credibile

427 2779 531 2831 est,
568 2781 627 2822 ut
653 2767 846 2822 eadem
890 2775 947 2821 et
996 2766 1125 2820 olim
1183 2774 1422 2828 veteres,
1474 2774 1529 2818 et
1581 2776 1783 2819 nostrae
1829 2765 2008 2820 aetatis

429 2860 525 2917 Dei
559 2871 809 2915 amantes
851 2859 1129 2923 homines,
1170 2857 1437 2912 miracula
1469 2856 1657 2912 edant.
1696 2855 1853 2923 Quod
1906 2874 2007 2912 au-

433 2966 541 3011 tem
604 2952 832 3006 historia
889 2961 1326 3010 commemorare
1374 2947 1566 3016 jubet,
1625 2946 1705 3002 sic
1767 2946 1936 3003 habet
1986 2964 2001 3002 :

428 3046 738 3116 Aliquando
769 3059 989 3098 sacrum
1023 3043 1172 3096 hunc
1209 3039 1580 3111 Epiphaniam
1629 3039 1740 3095 duo
1772 3041 2001 3111 quidam

431 3143 483 3194 in
536 3141 619 3192 via
677 3137 919 3191 mendici
966 3135 1376 3189 observarunt:
1411 3141 1626 3188 etcum
1673 3148 1783 3188 non
1827 3134 2007 3204 pinnia

431 3232 658 3287 tendum
687 3229 896 3299 aliqu'd
934 3243 990 3282 se
1020 3227 1089 3281 ab
1135 3241 1201 3282 eo
1232 3236 1562 3296 accepturos
1595 3226 2000 3295 existimarent,

429 3327 566 3378 alter
608 3324 661 3377 in
711 3322 851 3385 solo,
917 3321 1166 3390 spiritum
1221 3321 1515 3374 continens
1559 3319 1788 3390 perinde
1839 3329 2002 3390 atque

431 3425 686 3472 moturus
715 3424 888 3476 esset,
919 3414 1182 3484 jacebat:
1229 3412 1371 3467 alter
1404 3422 1590 3466 autem
1640 3413 1822 3468 veluti
1847 3412 2004 3468 fami-

432 3509 585 3564 liaris
627 3512 750 3579 ejus
787 3509 1096 3562 lamentans
1129 3515 1186 3561 et
1221 3505 1382 3573 ﬂens,
1411 3505 1654 3576 inopiam
1694 3521 1818 3561 eam
1863 3505 2002 3560 assi-

433 3603 696 3666 mulabat,
732 3613 792 3655 ut
822 3601 1036 3654 funeris
1069 3599 1347 3668 impensas
1371 3612 1479 3650 non
1530 3597 1780 3662 haberet,
1815 3605 1871 3651 et
1913 3613 2007 3667 pe—

435 3697 652 3748 auriam
697 3701 904 3746 tantam
949 3705 1076 3746 cum
1131 3690 1569 3760 reprehensione
1603 3691 1723 3759 ejus
1752 3689 2005 3760 deplora-

431 3782 546 3844 bat.
594 3787 766 3840 Porro
801 3785 1149 3856 Epiphanius
1195 3785 1545 3852 praeteriens,
1583 3785 1721 3840 nihil
1772 3785 2002 3855 quidem

428 3885 577 3939 aliud
608 3900 770 3954 quam
800 3882 947 3955 quod
975 3881 1180 3955 jacenti
1214 3880 1293 3936 illi
1323 3880 1572 3951 requiem
1615 3890 1871 3952 precatus
1895 3890 2001 3947 est,

429 3979 588 4032 dixit.
628 3975 896 4047 Exiguum
931 3985 1114 4029 autem
1145 3974 1406 4044 quiddam
1444 3973 1510 4028 ad
1550 3973 1702 4028 illum
1742 3975 2006 4030 funeran-

424 4074 557 4124 dum
597 4069 833 4140 ploranti
869 4065 1049 4130 dedit,
1079 4065 1167 4118 illa
1204 4067 1366 4118 verba
1405 4063 1714 4132 adjiciens:
1747 4081 1766 4114 ι
1803 4063 2002 4118 Curam

427 4165 594 4234 hujus
633 4160 846 4216 funeris
880 4159 1042 4223 habe,
1097 4167 1153 4212 et
1195 4159 1417 4212 tandem
1448 4157 1582 4212 ﬂere
1610 4157 1822 4212 desine.
1865 4159 2002 4216 Nam

427 4259 517 4310 hic
550 4271 700 4310 nunc
735 4269 843 4308 non
880 4261 1157 4323 resurget.
1191 4251 1422 4306 Mortem
1451 4260 1660 4314 autem,
1697 4267 1820 4321 qua:
1846 4267 2003 4307 com-

427 4350 611 4405 munis
644 4347 895 4403 omnium
919 4355 977 4400 et
1009 4345 1370 4409 inevitabilis,
1403 4345 1739 4400 necessitate
1763 4346 2001 4416 quadam

423 4441 682 4497 obeunda
709 4451 812 4507 est,
845 4441 1030 4493 animo
1075 4447 1127 4492 te
1175 4439 1303 4492 forti
1351 4439 1495 4494 ferre
1531 4448 1770 4510 oportet.
1811 4460 1828 4493 ι
1880 4441 2005 4497 ΙΙιεο

424 4527 769 4598 Epiphanius
825 4525 1000 4593 dixit,
1047 4535 1105 4580 et
1144 4527 1301 4592 abiit,
1357 4535 1593 4599 emptam
1651 4530 2003 4600 perfecturus

2110 2017 2197 2076 οἷα
2234 2024 2384 2088 εἰκὸς
2436 2024 2791 2092 ἐξειργάσθαι
2825 2025 3022 2095 συνέὗη
3062 2027 3212 2096 παρά
3251 2043 3312 2080 τε
3368 2027 3474 2080 τῶν
3516 2028 3682 2081 πάλαι

2111 2115 2206 2169 καὶ
2238 2114 2334 2168 νῦν
2388 2115 2654 2184 θεοφιλῶν
2689 2116 2919 2186 ἀνδρῶν.
2951 2119 3016 2169 ’0
3064 2118 3120 2172 δὲ
3155 2117 3334 2186 λέγειν
3470 2120 3682 2190 ἱστορία

2111 2205 2391 2276 ῶρμηται,
2446 2207 2647 2259 τοιόνδε
2700 2210 2818 2260 ὲστί
2848 2226 2859 2238 ·
2898 2207 3038 2261 Ποτὲ
3087 2209 3355 2278 παριόντα
3410 2211 3503 2264 τὸν
3538 2211 3683 2280 ἱερὸν

2109 2299 2322 2353 τουτονὶ
2365 2299 2687 2367 Ἐπιφάνιον
2708 2299 2803 2379 bdo
2836 2301 2982 2364 τινὲς
3015 2303 3456 2373 ὶπιτηρήσαντες
3495 2305 3683 2356 ἐνόδιοι

2111 2393 2364 2464 πένητες,
2397 2393 2492 2446 καὶ
2523 2391 2878 2462 λογισάμενοι
2907 2391 3095 2463 μεῖζόν
3124 2411 3177 2447 τι
3231 2395 3291 2460 ἐξ
3327 2396 3540 2450 ἐκείνου
3587 2397 3685 2448 λα-

2111 2485 2246 2550 ϐεῖν,
2282 2489 2310 2540 ό
2346 2485 2445 2552 μὲν
2471 2487 2556 2538 ἐπ’
2585 2485 2819 2553 ἐδάφους
2853 2485 3130 2548 ἁπλωθεὶς
3164 2488 3368 2554 ἔκειτο,
3397 2490 3684 2553 συστείλας

2110 2581 2170 2632 τὸ
2193 2573 2381 2648 ἆσθμα
2413 2574 2501 2633 οἷα
2524 2581 2686 2650 δῆθεν
2727 2581 2920 2651 νεκρός
2945 2594 2961 2611 ⁵
2994 2583 3023 2635 ό
3074 2581 3120 2634 δ’
3150 2579 3239 2636 οἷα
3292 2583 3536 2652 συνήθης
3565 2583 3684 2635 ὀλο-

2111 2672 2420 2742 φυρόμενος
2454 2670 2642 2726 ἔκλαιε
2669 2687 2686 2703 ⁶
2721 2673 2816 2726 καὶ
2845 2674 3250 2744 ἐσχηματίζετο
3275 2675 3335 2728 τὸ
3371 2678 3494 2746 μηδ’
3519 2677 3684 2731 εὐπό-

2111 2782 2222 2835 ρως
2249 2763 2392 2835 ἔχειν
2423 2765 2652 2820 θάπτειν
2679 2766 2864 2832 αὐτὸν,
2893 2770 2992 2838 τῆς
3017 2767 3227 2832 ἐνδείας
3246 2773 3688 2839 καταμεμφῦμε.

2109 2874 2216 2918 νος.
2235 2857 2294 2910 Ὀ
2325 2857 2370 2910 δ’
2389 2858 2706 2926 Ἐπιφάνιος
2733 2858 2947 2929 παριὼν
2979 2860 3134 2914 οὐδὲν
3163 2863 3263 2930 μὲν
3294 2861 3473 2927 ἔλεγε,
3514 2864 3685 2932 μόνην

2107 2947 2156 3001 δ’
2215 2949 2526 3004 ἀνάπαυσιν
2574 2949 2648 3018 τῷ
2708 2951 2948 3023 κειμένῳ
2976 2951 3270 3023 ὲπηύχετο.
3323 2953 3507 3025 Βραχὺ
3538 2955 3594 3008 δέ
3634 2973 3684 3005 τι

2109 3043 2250 3114 πρὸς
2276 3043 2498 3113 κηδείαν
2531 3042 2676 3109 δοὺς,
2715 3063 2736 3097 ι
2781 3044 3079 3115 Ἐπιμελοῦ
3105 3045 3198 3099 τοῦ
3226 3047 3508 3114 κειμένου,
3551 3067 3568 3100 ι
3609 3051 3685 3112 τῷ

2107 3136 2395 3208 δακρύοντι
2421 3138 2525 3208 ἔφη
2546 3153 2563 3169 ο
2597 3156 2616 3190 ι
2677 3137 2772 3190 καὶ
2808 3135 3022 3191 παῦσαι
3051 3137 3254 3191 κλαίων
3289 3140 3450 3192 ποτέ·
3480 3140 3541 3192 οὐ
3577 3144 3685 3211 γὰρ

2107 3229 2204 3282 νῦν
2242 3231 2626 3298 ἀναστήσεται.
2662 3229 2740 3283 Τὸ
2778 3230 2838 3283 δὶ
2869 3232 3050 3286 κοινόν
3075 3249 3134 3285 τε
3182 3232 3276 3285 καὶ
3309 3233 3686 3305 ἀπαραίτητον

2109 3322 2204 3374 καλ⁵
2253 3322 2622 3392 ἀποκείμενον
2675 3323 2734 3390 ἐξ
2761 3323 3010 3396 ἀνάγκης
3059 3325 3230 3390 τέλος,
3267 3324 3448 3395 χρεὼν
3480 3327 3574 3379 καὶ
3628 3321 3683 3379 σέ

2109 3415 2302 3485 φέρειν
2352 3417 2642 3485 γενναίως.
2683 3435 2701 3468 ι
2741 3414 2911 3472 Ταῦτ’
2964 3417 3139 3471 εἰπὼν
3181 3418 3520 3487 Ἐπιφάνιος,
3580 3437 3683 3473 πα-

2109 3507 2275 3580 ρῆλθε
2309 3509 2410 3579 τὴν
2471 3510 2744 3579 σφετέραν
2779 3509 3013 3564 διανύων
3073 3511 3214 3565 ὁδόν.
3257 3506 3350 3576 Ὦς
3404 3514 3460 3566 δὲ
3511 3513 3683 3578 οὖδεὶς

2107 3601 2297 3670 ἕτερος
2361 3601 2502 3655 κατὰ
2545 3600 2642 3672 τὴν
2691 3601 2806 3654 ὁδὸν
2839 3602 3169 3672 διεφαίνετος
3212 3606 3238 3656 ό
3283 3605 3454 3667 ἑστώς
3483 3623 3543 3657 τε
3591 3611 3683 3658 καὶ

2105 3691 2431 3762 ὀδυρόμενος
2460 3692 2717 3763 αἴσθησιν
2747 3691 2910 3763 δῆθεν
2941 3692 3017 3764 τῷ
3063 3695 3304 3764 κειμένῳ
3338 3696 3508 3750 ἐδίδου
3536 3700 3680 3764 ἐγεί-

2109 3785 2320 3856 ρεσθαι.
2363 3783 2586 3855 Ἐπῂνει
2615 3783 2673 3838 δὲ
2696 3783 2813 3855 ἅμα
2850 3786 2916 3856 τῇ
2944 3787 3178 3856 κινήσει,
3211 3787 3288 3845 ὡς
3316 3788 3496 3855 σοφῶς
3529 3790 3678 3859 μάλα

2108 3882 2517 3950 ὲσχηματίσιτο
2562 3880 2654 3932 τὸν
2703 3880 2897 3951 νεκρόν
2921 3899 2934 3912 ·
2970 3885 3082 3946 καὶ,
3125 3901 3142 3934 ι
3189 3884 3324 3952 Ἀγε
3359 3884 3446 3955 δὴ,
3473 3885 3679 3952 ἔλεγεν,

2108 3973 2388 4044 ὲξεγείρου
2415 3990 2428 4004 ·
2470 3975 2564 4026 καὶ
2607 3974 2734 4040 τόγε
2775 3973 2868 4026 νῦν
2920 3977 2985 4045 τῇ
3018 3977 3085 4046 σῇ
3135 3977 3571 4047 ὲντρυφήσωμεν
3604 3995 3682 4037 σο-

2111 4066 2350 4136 φιστείᾳ.
2387 4084 2405 4117 ι
2449 4067 2604 4120 Ἐπεὶ
2664 4065 2710 4117 δ’
2744 4066 2952 4129 ἐκεῖνος
2988 4067 3143 4120 οὐδὲν
3178 4068 3384 4137 μᾶλλον
3425 4063 3576 4121 οὔτε
3601 4069 3679 4120 λέ-

2107 4176 2293 4228 γονεος
2320 4160 2542 4228 ηκουεν,
2569 4155 2689 4209 οὔτε
2721 4159 2854 4210 πᾶσι
2879 4157 3104 4229 τρόποις
3137 4162 3469 4230 παρέχοντος
3496 4161 3682 4228 diser,-

2112 4269 2195 4304 σιν
2217 4249 2278 4304 τὸ
2306 4250 2414 4314 ζῶν
2447 4247 2588 4302 εἶναι
2613 4250 2902 4318 ὑπέφαινε,
2937 4251 3140 4321 σπουδῇ
3167 4250 3257 4303 τὸν
3285 4253 3435 4322 ἱερέα
3458 4251 3645 4307 ἐδίωκε
3663 4266 3678 4282 ⁸

2110 4346 2205 4396 καὶ
2239 4343 2476 4413 φθάσας,
2509 4344 2695 4414 τὴν-ἐξ
2730 4344 2938 4408 ἐνδείας
2972 4345 3125 4413 σφῶν
3157 4345 3406 4414 μηχανὴν
3444 4347 3680 4414 κατεμή-

2109 4455 2240 4492 νυεο
2291 4439 2388 4494 καὶ
2437 4441 2556 4502 ταῖς
2589 4439 2874 4506 ἀληθείαις
2933 4439 3137 4492 κλαίων
3189 4440 3282 4492 καὶ
3339 4439 3676 4511 ὀδυρόμενο;,

2108 4535 2335 4604 άνιστᾷν
2380 4534 2474 4585 τὸν
2520 4534 2740 4604 ἑταῖρον
2790 4531 3173 4601 κατελιπάρει.
3218 4531 3454 4594 Ἐκεῖνος
3505 4533 3560 4585 δὲ
3609 4534 3677 4602 μὴ

425 4621 888 4674 ambulationem.
926 4617 1063 4673 Cum
1114 4629 1298 4674 autem
1347 4636 1411 4675 ea
1454 4621 1510 4674 in
1545 4621 1629 4676 via
1670 4639 1832 4680 nemo
1857 4626 2000 4683 alius

2108 4625 2484 4696 δυσχεραίνειν
2526 4629 2617 4676 ἐπὶ
2657 4624 2732 4695 τῷ
2769 4625 3008 4695 δράματι
3037 4626 3304 4692 ἐπειπὼν,
3359 4627 3539 4679 ὀπίσω
3570 4627 3681 4679 ἁνε-

423 4719 737 4783 appareret,
784 4711 876 4766 ille
911 4711 1007 4781 qui
1048 4711 1133 4766 sic
1167 4719 1396 4766 steterat
1431 4721 1486 4766 et
1520 4713 1859 4786 ploraverat,
1909 4719 1998 4790 ja-

423 4815 664 4869 centem,
701 4804 912 4860 indicio
960 4803 1124 4876 pedis
1173 4806 1543 4862 concussione
1587 4807 1738 4875 dato,
1782 4822 2002 4866 utcon-

423 4907 700 4968 surgeret,
730 4897 1066 4953 admonuit:
1103 4899 1380 4967 simulque
1433 4915 1557 4954 eum
1606 4901 1874 4965 laudavit.
1907 4904 2000 4972 qui

425 5003 535 5045 tam
566 4991 787 5062 egregie
810 4991 1017 5046 mortui
1042 4991 1283 5046 hominis
1302 4992 1551 5048 habitum
1574 4994 1882 5062 retulisset;
1910 5006 1964 5050 et
1989 5015 2006 5053 :

427 5102 446 5135 ι
503 5085 616 5154 Age
665 5083 886 5140 tandem
938 5098 1196 5155 exsurge,
1239 5083 1442 5155 inquit,
1491 5093 1553 5139 ut
1594 5085 1650 5141 in
1703 5088 1998 5158 praesentia

419 5175 682 5230 versutia:
727 5185 835 5231 tuae
882 5175 1118 5230 hilarius
1157 5176 1397 5245 vivendo
1432 5177 1673 5233 fructum
1722 5181 1997 5251 percipia-

417 5284 561 5322 inus.
620 5288 638 5320 ι
681 5267 787 5324 Ubi
836 5275 1024 5324 autem
1074 5266 1170 5324 ille
1205 5271 1445 5341 amplius
1490 5284 1669 5341 neque
1720 5271 1998 5328 dicentem

419 5358 618 5424 audiit,
649 5374 827 5429 neque
874 5358 1054 5414 modis
1087 5360 1344 5416 omnibus
1387 5360 1850 5432 signiﬁcationem
1893 5366 1997 5418 ali-

416 5466 608 5521 quam,
639 5467 700 5506 se
728 5453 938 5516 vivere,
965 5452 1258 5518 exhibuit;
1293 5454 1433 5509 alter
1478 5469 1643 5510 cursu
1675 5456 1845 5511 celeri
1876 5457 1998 5528 epi-

417 5557 646 5612 scopum
708 5553 791 5597 cst
849 5555 1220 5607 consecutus.
1283 5546 1445 5616 eique
1516 5547 1767 5601 fraudem
1831 5565 1996 5619 quam

420 5638 606 5706 inepia
641 5638 818 5690 coacti
847 5637 1148 5693 commenti
1185 5647 1399 5705 essent,
1471 5639 1779 5696 indicavit:

2111 4733 2352 4788 πεμπεν·
2373 4715 2630 4768 ἀναλύειν
2658 4717 2766 4785 γάρ
2786 4718 2847 4768 τὸ
2876 4717 3098 4783 γεγονὸς
3125 4717 3256 4781 Θεὸς
3275 4717 3378 4772 οὐκ
3405 4718 3675 4789 ἠϐούλετοσ

2110 4807 2493 4863 πιστώσασθαι
2541 4807 2792 4872 ἅπαντας
2837 4809 3130 4879 ᾑρημένος,
3160 4803 3235 4872 ὥς
3268 4826 3330 4879 γε
3364 4811 3574 4880 οἴομαι,
3610 4808 3676 4871 ὡς

2110 4902 2274 4956 αὐτόν
2304 4900 2358 4969 γ’
2403 4901 2612 4954 ἐκεῖνον
2667 4899 2801 4953 Θεὸν
2837 4901 2996 4954 πάνθ’
3023 4901 3238 4973 ὁρῶντα
3274 4901 3368 4956 καὶ
3416 4903 3676 4956 ἀκούοντα

2107 4995 2418 5058 ἀπατῶσιν,
2453 4995 2568 5048 ὅσοι
2594 4994 2658 5065 δὴ
2688 4995 2917 5049 τοιαῦτα
2945 4995 3079 5067 δρᾷν
3107 4996 3202 5050 ἐπὶ
3241 4999 3356 5057 τοῖς
3399 4996 3567 5050 αὐτοῦ
3599 4996 3676 5048 0s-

2109 5087 2349 5158 ράπουσι
2373 5085 2551 5158 τόλμῃ
2571 5087 2932 5156 προάγονται,
2969 5091 3063 5141 καὶ
3097 5089 3235 5158 σφᾶς
3259 5089 3460 5152 αὐτοὺς
3484 5089 3674 5159 μᾶλλον

2107 5181 2495 5248 ὶξαπατῶντες
2527 5181 2841 5253 λελήθασιν.
2890 5183 2980 5236 Ἐν
3009 5183 3182 5253 πλοίῳ
3211 5183 3266 5236 δὲ
3300 5184 3486 5237 θανεῖν
3514 5183 3673 5250 ἔγνων

2104 5275 2197 5326 τὸν
2213 5271 2531 5341 Ἐπιφάνιον
2555 5289 2570 5305 ο
2603 5273 2665 5326 δν
2694 5275 2743 5326 οι
2770 5274 2900 5345 περὶ
2923 5273 3092 5328 αὑτὸν
3119 5274 3298 5346 μέλιτι
3328 5274 3668 5344 ἐμϐαλόντες,

2105 5367 2193 5419 ἵνα
2225 5367 2300 5436 μή
2335 5380 2389 5418 τι
2417 5366 2585 5437 ἀηδὲς
2611 5367 2741 5430 ἴσως
2789 5367 2960 5439 πάθῃ.
3000 5368 3144 5420 κατὰ
3183 5367 3281 5434 τὴν
3322 5366 3547 5438 Κύπρον
3572 5364 3672 5418 διέ-

2106 5475 2308 5513 σωσαν.
2340 5460 2453 5513 Καὶ
2497 5463 2567 5511 τὰ
2628 5461 2732 5530 μὲν
2789 5461 3282 5533 περὶ-Ἐπιφαγιου
3338 5457 3575 5514 τοσαῦτα
3612 5459 3669 5510 ἐκ

2109 5554 2253 5605 πάνυ
2291 5550 2505 5605 πολλῶν
2532 5552 2690 5620 όῖιίγα
2724 5552 3096 5625 διηγησάμην.

1862 5653 1918 5698 el
1957 5645 2073 5713 jam
2118 5645 2256 5701 citra
2301 5647 2487 5702 lucum
2530 5662 2662 5702 vere
2716 5647 2854 5702 ﬂens
2904 5659 2960 5703 et
3004 5649 3330 5716 lamentans,
3373 5659 3434 5705 ut
3472 5647 3666 5703 socium

417 5748 583 5788 suum
613 5733 993 5796 rcsuscitaret,
1024 5733 1380 5802 supplicavit.
1414 5736 1756 5806 Epiphanius
1786 5752 1994 5808 autem,
2039 5752 2328 5813 postquam
2398 5743 2500 5805 illi,
2568 5757 2636 5796 ne
2688 5744 2888 5796 factum
2928 5745 2980 5798 id
3024 5746 3270 5813 graviter
3300 5744 3486 5811 ferret,
3518 5744 3662 5804 dixit,

419 5825 699 5880 hominem
738 5825 1026 5880 dimissum
1053 5827 1290 5882 absolvit
1325 5845 1336 5880 :
1377 5829 1523 5897 quod
1557 5829 1700 5884 Deus
1730 5849 1842 5886 rem
1867 5849 1988 5886 eam
2032 5845 2385 5888 retractatam
2423 5837 2634 5891 nollet:
2693 5821 2878 5890 ’lidem
2954 5837 3137 5892 facere
3181 5839 3440 5892 omnibus
3465 5837 3662 5893 volenS.

419 5933 477 5978 nt
514 5922 772 5990 equidem
807 5933 982 5994 puto:
1047 5922 1144 5994 qui
1193 5931 1410 5981 tentare
1453 5938 1507 5983 et
1557 5928 1740 5985 facere
1819 5932 1948 5986 talia
2000 5933 2054 5986 in
2095 5933 2370 5989 ministris
2425 5934 2544 6006 ejus
2589 5935 2852 6003 audeant,
2906 5935 3062 5990 illum
3116 5935 3298 6005 ipsum
3340 5934 3530 6000 Deum,
3570 5933 3658 6004 qui
