3930 6552
191 402 294 465 933

1112 395 1720 458 ΕΠΟΕΕΞΙΑὸΤΙΟίΕ
1752 395 2146 460 ΗΙΞΤΟΒΙΑΞ
2186 401 2330 462 LIB.
2383 401 2559 462 Χῐῐι.

3342 412 3448 475 9H

190 518 394 572 αὐτίκα
446 515 795 585 γενέσθαι,ἢ
843 513 1064 586 ἕτοιμον
1115 516 1253 586 πρὸς
1315 514 1615 583 ἀπολογίαν
1661 485 1774 579 τοῖς

1879 514 2121 569 Isidorus
2152 515 2256 570 sibi
2285 531 2350 570 nc
2373 518 2501 584 quid
2538 515 2663 570 mali
2692 524 2973 584 pateretur
3000 519 3220 585 timens,
3259 523 3443 574 statim

190 609 489 677 ὲγκαῑοῦσι
523 608 771 676 γίνεσθαι
802 624 816 640 ο
851 606 1044 675 Ετυχον
1092 608 1202 676 γὰρ
1254 607 1442 659 πολλοὶ
1500 608 1768 677 παρόντες

192 701 408 755 ἐκεῖθεν
472 699 656 770 βιϐλία
705 695 828 752 κατ’
889 697 1055 752 αὑτοῦ
1119 699 1232 760 τοῖς
1295 697 1614 751 συνελθοῦσι
1660 697 1769 750 τῶν

195 792 515 848 ἐπισκόπων
565 790 921 860 παρέχοντες,
954 788 1113 852 ἄλλος
1147 788 1286 843 ἄλλα
1351 789 1767 857 ὲπαιτιώμενοι,

191 885 288 939 καὶ
321 884 659 956 παρανόμων
690 884 899 936 ἐκεῖνον
948 883 1310 952 γραφόμενοι.
1349 881 1536 936 Ταῦτα
1587 881 1771 944 δείσας

193 975 474 1042 Θεόφιλος.
507 975 568 1027 οὐ
595 974 758 1044 μόνον
809 973 1124 1043 σύμψηφος,
1147 973 1284 1026 ἀλλὰ
1317 973 1413 1026 καὶ
1465 989 1773 1044 χειροτονη-

194 1070 292 1136 τὴς
333 1069 586 1122 Ἰωάννου
642 1067 961 1122 καθίστατο.
1026 1067 1407 1134 Ἀναγνώστην
1465 1063 1521 1118 δὲ
1583 1065 1773 1118 τοῦτον

196 1159 394 1224 ἐποίει,
423 1159 498 1222 ὥς
523 1177 658 1228 φησι
687 1159 989 1228 Σωκράτης
1021 1159 1048 1210 ὸ
1078 1157 1554 1225 ὲκκλησιαστικδς.
1584 1159 1773 1227 Ζήνων

191 1255 219 1307 ὁ
248 1254 552 1317 ἐπίσκοπος
583 1253 782 1321 Γάζης,
837 1254 1016 1305 είτουν
1049 1250 1334 1321 Μαιοῧμα,
1366 1251 1424 1315 ἐξ
1477 1251 1774 1320 Ἱεροσολύ-

197 1360 315 1409 μων
342 1341 723 1411 ὑποστρέφων.
762 1339 1021 1407 Συνδιῆγε
1052 1339 1110 1390 δὲ
1150 1339 1471 1408 τηνικαῦτα,
1509 1337 1586 1400 ὼς
1630 1338 1775 1390 ιστο-

196 1437 282 1502 ρεῖ
303 1434 509 1494 οὑτοσὶ,
550 1430 833 1499 Βασιλείῳ,
863 1430 943 1500 τῷ
1010 1430 1174 1484 πάλαι
1223 1431 1320 1499 μὲν
1376 1429 1612 1500 διακόνῳ
1668 1429 1774 1482 ὑπὸ

193 1524 466 1578 Μελετίου
493 1524 865 1592 γεγενημένῳ,
895 1526 952 1587 ἐς
980 1521 1210 1591 ὕστερον
1240 1522 1296 1576 δὲ
1336 1522 1435 1590 τῆς
1477 1522 1776 1575 Καππαδο-

194 1619 310 1670 κῶν
343 1616 684 1684 Καισαρείας
713 1615 1078 1686 ἡγησαμένη).
1120 1614 1184 1666 Ὀ
1243 1615 1596 1668 παντάπασιν
1635 1616 1774 1667 απο-

192 1710 462 1778 τρέπεται
494 1703 722 1778 Συμεὼν
769 1710 796 1760 ὸ
841 1709 934 1760 τὴν
999 1706 1111 1776 βίον
1165 1706 1626 1774 συγγραψάμενος
1678 1705 1774 1759 τοῦ

195 1795 350 1870 ίεροῢ
383 1799 774 1869 Χρυσοστὸμου
805 1813 820 1828 δ
855 1799 914 1861 ὃς
935 1798 1000 1868 δὴ
1032 1799 1126 1851 καὶ
1161 1797 1267 1850 ὑπὸ
1298 1797 1598 1850 Φλασιανοῦ
1629 1799 1776 1865 γενέ-

193 1898 320 1947 σθαι
369 1893 740 1963 πρεσϐύτερον
782 1893 984 1962 ἱστορεῖ
1033 1891 1122 1943 καὶ
1179 1889 1432 1943 διάκονον
1467 1905 1484 1920 ο
1527 1891 1615 1943 ὅτε
1683 1894 1774 1942 καὶ

192 1986 532 2058 περιστερὰν
586 1983 738 2038 θείαν
767 1984 1218 2036 ἐπικαταπτᾶσαν
1273 1985 1341 2052 τῇ
1387 1983 1598 2034 ἐκείνου
1654 1979 1776 2053 ίερᾷ

191 2077 414 2144 κορυφῇ
478 2074 751 2142 ὲφιζῆσαι.
810 2073 1110 2142 Σωκράτης
1176 2072 1271 2135 δὲ,
1327 2069 1434 2126 ὑπὸ
1502 2073 1775 2143 Εὑαγρίου

190 2167 389 2219 τοῦτον
417 2164 568 2231 λέγει
606 2163 702 2216 τοῦ
753 2162 1183 2233 πρεσϐυτερείου
1225 2159 1526 2232 ἀξιωθῆναι
1563 2177 1578 2194 ·
1638 2162 1776 2232 μετὰ

191 2262 304 2330 γὰρ
341 2259 602 2330 τελευτὴν
633 2257 897 2312 Μελετίου
932 2258 1288 2328 ἀναχωρῆσαι
1333 2258 1433 2327 μὲν
1483 2259 1593 2311 τῶν
1635 2259 1776 2312 ὲκεί-

191 2369 290 2404 νου
320 2352 415 2404 τὸν
461 2353 714 2419 Ἰωάννην
757 2351 967 2420 φησίν·
1023 2350 1082 2402 ιν
1133 2349 1335 2420 ἡσυχίᾳ⁸
1383 2351 1428 2402 δ’
1476 2351 1568 2403 ἐπὶ
1625 2353 1776 2422 τρεῖς

189 2432 405 2512 διάγειν
433 2443 739 2508 ἐνιαυτοὺς,
774 2443 912 2513 μήτε
965 2439 1076 2504 τοῖς
1129 2443 1400 2513 Massiua,
1465 2444 1604 2513 μήτε
1665 2447 1776 2509 τοῖς

194 2536 455 2606 Παυλίνῳ
477 2536 898 2605 προσκειμένοις
948 2535 1420 2604 συγκοιωνοῦντα
1451 2551 1468 2567 ο
1504 2538 1562 2599 ἐς
1625 2535 1780 2588 ὓστε-

196 2631 376 2700 ρονδὲ
437 2629 542 2683 ὑπὸ
603 2629 893 2700 Εὐαγρίου,
945 2629 1005 2691 ὃς
1063 2627 1156 2683 τού
1214 2629 1478 2682 Παυλίνου
1534 2629 1778 2697 διάδοχος

193 2725 547 2792 ἐχρημάτισε
579 2763 592 2786 ,
637 2720 736 2791 τὴν
789 2722 1094 2790 ἱερωσύνην
1139 2721 1347 2773 λαϐεῖν.
1413 2719 1502 2773 Ἐν
1553 2719 1631 2790 τῷ
1683 2720 1778 2773 τοῦ

194 2813 554 2884 ἀναγνώστου
609 2817 794 2868 τοίνυν
841 2816 1037 2886 βαθμῷ
1085 2815 1409 2878 καθεστὼς,
1455 2814 1582 2878 τοὺς
1638 2812 1779 2867 κατᾶ

203 2907 488 2961 Ἰουδαίων
509 2906 698 2975 λόγους
739 2907 1042 2961 συντάττει.
1075 2907 1333 2958 Διακόνου
1367 2906 1423 2958 δὲ
1442 2906 1779 2975 χειροτονίαν

191 2999 520 3068 δεξάμενος,
547 3000 674 3062 τοὺς
705 2999 834 3068 περὶ
864 2997 1168 3066 ἱερωσύνης
1233 2996 1329 3050 καὶ
1369 2996 1503 3066 πρὸς
1551 2995 1780 3063 Σταγεί-

197 3109 344 3158 ριον,
376 3092 459 3144 ἔτι
479 3091 535 3143 δὲ
558 3090 796 3153 καὶτοὺς
825 3091 961 3158 Περὶ
994 3090 1424 3156 ἁκατιιλήπτου
1451 3091 1775 3159 συγγράφει,

1872 606 2262 661 Alexandriam
2305 607 2566 676 profugit.
2605 607 2843 662 Proinde
2879 609 3030 676 quod
3059 609 3211 664 illum
3253 610 3449 666 ﬁdissi-

1871 709 2022 751 mum
2054 699 2156 754 slbi
2207 701 2577 768 cognovisset,
2622 714 2856 770 pensare
2905 707 3021 752 tum
3075 703 3220 770 quod
3259 719 3357 772 pro
3389 720 3448 758 se

1872 789 2085 844 adierat
2118 791 2422 860 periculum
2448 831 2462 854 ,
2498 792 2672 860 gratia
2711 791 2891 859 aliqua
2929 791 3208 860 cogitabat
3237 794 3448 848 studio-

1872 896 1979 950 que
2009 889 2160 935 tanto
2196 896 2294 950 pro
2323 897 2390 936 eo
2419 881 2724 936 laborabat.
2757 881 2923 953 3&9
2948 881 3077 937 Sive
3109 893 3290 936 autem
3321 900 3443 936 eam

1873 971 1945 1025 ob
1975 983 2219 1036 causam,
2266 983 2326 1026 ut
2374 971 2597 1035 dicitur,
2635 971 2737 1027 hoc
2777 973 2990 1036 fecerit,
3029 987 3128 1027 seu
3163 975 3308 1040 quod
3353 969 3443 1028 Doi

1875 1072 2150 1116 amantem
2194 1064 2373 1116 virum
2425 1064 2491 1117 ad
2542 1065 2917 1133 episcopatum
2966 1073 3216 1118 evectum
3266 1065 3445 1117 Thr-0-

1874 1152 2062 1222 pliilus
2090 1153 2342 1212 voluerit.
2372 1153 2654 1221 postremo
2683 1164 2736 1206 et
2763 1155 2882 1222 ipse
2912 1154 3250 1209 ordinationi
3279 1153 3445 1207 Joan-

1876 1243 1962 1295 nis
2027 1243 2296 1296 calculum
2351 1244 2584 1311 adjecit,
2650 1247 3092 1314 sententiamque
3146 1246 3448 1315 imperialis

1874 1333 2012 1388 aulae
2051 1327 2409 1403 approbavit,
2443 1350 2565 1402 qum
2597 1333 3003 1390 ordinationem
3029 1336 3260 1392 Joannis
3291 1337 3464 1391 obti-‘

1877 1439 2011 1479 nere
2043 1425 2334 1478 manifeste
2365 1419 2596 1480 studuit.
2632 1425 2911 1481 Metuebat
2953 1437 3082 1482 vero
3116 1429 3445 1496 Eutropium

1878 1517 2262 1585 praepositum,
2311 1517 2401 1585 qui
2441 1517 2793 1584 imperatoris
2827 1519 3040 1573 aedibus
3088 1529 3142 1573 et
3189 1521 3446 1574 cubiculo

1880 1615 1993 1660 tum
2036 1608 2272 1676 prasfuit.
2321 1609 2524 1677 Aperte
2554 1609 2699 1664 enim
2745 1611 2792 1665 is
2822 1611 2898 1665 illi
2947 1611 3315 1666 minabtmdus
3350 1614 3450 1668 de-

1880 1701 2194 1764 nuntiarat,
2239 1691 2320 1754 ut'
2347 1703 2431 1754 vel
2464 1701 2585 1756 aliis
2628 1703 2746 1771 ipse
2784 1717 3003 1772 quoque
3032 1703 3298 1774 suﬂ'ragio
3345 1719 3447 1758 suo

1883 1789 2256 1852 consentiret,
2311 1790 2395 1844 vel
2443 1804 2504 1844 se
2550 1792 2616 1844 ad
2663 1792 2950 1847 dicendam
2995 1807 3214 1848 causam
3257 1805 3446 1850 contra

1879 1889 2235 1936 accusatores
2265 1895 2397 1936 suos
2428 1892 2663 1951 pararet.
2699 1883 2850 1939 Multi
2880 1887 3025 1938 enim
3060 1896 3172 1940 tum
3210 1887 3284 1941 ibi
3317 1890 3447 1941 ade-

1880 1979 2026 2037 rant,
2053 1967 2146 2040 qui
2174 1987 2240 2026 ex
2271 1973 2596 2028 Alexandria
2625 1985 2911 2041 venerant,
2941 1977 3156 2032 libellos
3181 1979 3446 2033 adversus

1878 2077 2030 2126 eum,
2060 2065 2152 2133 qui
2179 2064 2354 2118 coacti
2389 2064 2636 2129 fuerant,
2674 2067 2950 2136 episcopis
2979 2069 3314 2124 oﬂ‘ercntes:
3349 2071 3442 2124 alii

1878 2154 1983 2208 alia
2029 2155 2261 2208 crimina
2287 2156 2340 2210 ei
2385 2156 2709 2226 objicientes
2731 2201 2744 2223 ,
2777 2169 2832 2214 et
2864 2160 3077 2214 divinas
3110 2162 3449 2216 ecclesiasti-

1878 2258 2080 2315 casque
2107 2245 2254 2316 leges
2299 2259 2429 2302 eum
2475 2249 2707 2305 violasse
2751 2261 3097 2307 accusantes.
3143 2253 3267 2310 ch
3315 2267 3447 2309 vero

1879 2337 2220 2409 Theophilus
2253 2339 2452 2395 timens
2473 2379 2489 2405 ,
2521 2355 2631 2396 non
2671 2341 2849 2397 solum
2878 2343 3076 2399 Joanni
3113 2343 3446 2416 suffragatus

1878 2440 1983 2494 est,
2017 2431 2112 2485 sed
2161 2432 2417 2486 eumdem
2461 2433 2625 2488 etiam
2675 2449 2774 2505 per
2801 2451 2998 2490 manus
3043 2436 3446 2504 impositioncm

1879 2524 2240 2579 consecravit.
2295 2523 2580 2580 Lectorem
2625 2541 2788 2594 eum,
2831 2528 3299 2598 quemadmodum
3349 2529 3449 2586 So-

1880 2625 2060 2671 crates
2111 2617 2516 2673 ecclesiasticus
2568 2619 2808 2689 scriptor
2836 2618 2990 2682 dicit,
3043 2623 3249 2678 creavit
3299 2624 3449 2678 Zeno

1879 2704 2037 2762 Gazae
2068 2709 2181 2762 sive
2216 2708 2465 2778 Majumae
2491 2709 2801 2780 episcopus,
2838 2709 3231 2785 Hierosolymis
3265 2731 3451 2770 rever-

1881 2807 2023 2853 tens.
2065 2797 2215 2854 Vixit
2241 2799 2537 2868 (ll'autem
2573 2811 2685 2857 tum
2717 2801 2958 2866 diutius,
2992 2805 3152 2860 sicuti
3185 2805 3328 2862 idem
3367 2817 3448 2862 te-

1879 2896 2055 2942 statur
2076 2926 2091 2950 ,
2119 2899 2245 2943 cum
2279 2888 2512 2956 Basilio;
2544 2893 2639 2962 qui
2682 2892 2891 2948 dudum
2921 2893 3141 2964 quidem
3167 2911 3198 2950 a
3231 2895 3450 2952 Meletto

1881 2979 1936 3033 in
1964 2979 2322 3035 diacouorum
2355 2983 2604 3038 ordinem
2635 2985 2812 3040 lectus
2861 2984 3060 3051 fuerat,
3091 2996 3282 3056 postea
3315 3004 3447 3043 vero

1880 3071 2125 3126 ecclesize
2189 3072 2511 3128 Caesariensi
2578 3074 2725 3144 apud
2793 3076 3145 3146 Cappadoces
3205 3077 3445 3148 praefuit.

194 3187 298 3237 καὶ
360 3186 486 3246 τοὺς
539 3182 682 3251 Περὶ
733 3182 852 3236 τῶν
899 3181 1326 3236 συνεισὰκτων
1365 3180 1688 3250 Ἰερωσύνης
1739 3181 1777 3232 δ⁴

1885 3161 2039 3228 Quod
2072 3168 2296 3219 omnino
2350 3165 2526 3236 reiicit
2575 3167 2832 3238 Symeon,
2878 3171 2969 3238 qui
3018 3173 3160 3225 sacri
3209 3173 3446 3244 Chryso—

195 3275 485 3340 ἀξιωθεὶς,
541 3278 643 3335 τὰς
698 3274 810 3326 τῶν
865 3272 1026 3326 θείων
1072 3273 1418 3340 Εὐαγγελέων
1471 3272 1780 3342 ἐξηγήσεις,

198 3370 332 3430 τούς
351 3382 409 3421 τε
455 3367 865 3435 Ἀνδριάντας.
893 3368 989 3419 καὶ
1026 3365 1126 3437 τὴν
1151 3365 1558 3434 Παραμυθίαν,
1585 3365 1677 3416 καὶ
1715 3362 1783 3415 τὰ

192 3463 278 3523 εἰς
312 3461 412 3513 τὸν
451 3453 762 3526 Ψαλεῆρα,
789 3461 884 3510 καὶ
939 3457 1066 3520 τοὺς
1112 3458 1253 3524 Περὶ
1305 3456 1630 3524 παρθενίας
1681 3453 1784 3508 καὶ

189 3552 656 3620 ἐλεημοσύνης,
710 3549 818 3603 καὶ
856 3549 1049 3612 ἄλλους
1080 3549 1340 3622 ἀπείρους
1380 3548 1647 3616 ἐκτίθησι.
1677 3546 1783 3599 Τὸν

188 3641 250 3697 δὲ
275 3644 429 3696 θεῖον
461 3643 808 3705 ’Δπόστολον,
861 3644 955 3694 καὶ
1007 3641 1177 3694 αύτοῦ
1235 3641 1446 3694 ἐκείνου
1503 3639 1784 3709 μυστικῶς

188 3728 526 3799 ὁμιλοῦντος
557 3731 861 3781 συν-τάττει.
907 3724 1070 3780 Ἀλλὰ
1106 3727 1172 3795 δὴ
1196 3727 1293 3778 καὶ
1323 3726 1418 3786 τὰς
1452 3724 1603 3794 ἱερὰς
1636 3725 1785 3794 Πρά-

194 3818 345 3884 ξεις,
374 3817 476 3870 καὶ
491 3816 627 3871 ἄλλα
649 3817 746 3869 σὺν
773 3813 986 3877 τούτοις
1053 3814 1305 3878 πλεῖστα,
1337 3813 1535 3882 ἑορτάς
1583 3828 1644 3864 τε
1690 3812 1785 3864 καὶ

190 3907 551 3978 πανηγύρεις
583 3907 876 3976 διαφόρους
909 3905 1214 3975 σεμνύνων,
1249 3906 1306 3956 ὲν
1333 3906 1400 3974 τῇ
1437 3902 1784 3972 ἀρχιερωσύ-

191 4015 266 4071 νῃ
302 3999 479 4052 τελῶν
540 3997 682 4050 κατὰ
727 3996 827 4066 τὴν
877 3993 1471 4049 Κωνσταντινούπολιν.
1525 3991 1686 4062 Ἐμοὶ
1741 3991 1785 4044 δ’

191 4089 456 4158 ἐντυχεῖν
488 4088 665 4156 λόγοις
695 4087 790 4141 καὶ
813 4086 952 4156 ὑπὲρ
977 4085 1182 4155 χιλίους
1203 4084 1420 4152 ἐγένετο
1447 4079 1544 4135 τοῦ
1573 4080 1784 4152 ἀνδρὸς,

193 4181 495 4252 ἀμύθητον
543 4174 657 4234 οἷον
691 4180 790 4248 τὴν
842 4179 1039 4248 ἡδονὴν
1077 4174 1490 4240 ἀποστάζοντας
1515 4191 1531 4208 ο
1591 4173 1786 4227 τούτου

1885 3257 2045 3310 stomi
2092 3257 2254 3310 vitam
2305 3261 2673 3328 conscripsit;
2708 3276 2831 3314 nam
2873 3263 2916 3316 is
2960 3279 2987 3316 a
3024 3261 3284 3318 Flaviano
3322 3279 3446 3319 eum

1883 3357 1940 3402 et
1973 3349 2260 3403 diaconum
2309 3362 2363 3405 et
2412 3354 2793 3424 presbyterum
2841 3367 3084 3408 creatum
3134 3372 3291 3423 esse,
3337 3373 3451 3411 me-

1887 3435 2072 3489 moria:
2116 3437 2390 3505 prodidit:
2435 3453 2546 3510 quo
2587 3449 2830 3511 tempore
2871 3446 3034 3497 etiam
3077 3444 3316 3499 divinam
3359 3461 3454 3501 co-

1886 3528 2130 3583 lumbam
2161 3529 2514 3586 advolantem
2540 3571 2556 3595 ,
2605 3547 2765 3588 sacro
2802 3535 2922 3604 ejus
2966 3537 3130 3605 capiti
3183 3539 3450 3595 insedisse

1884 3629 2174 3674 memorat.
2209 3620 2464 3679 Socrates
2491 3634 2676 3679 autem
2707 3625 2778 3680 ab
2804 3625 3040 3696 Evagrio
3069 3643 3192 3684 eum
3223 3633 3450 3702 presby-

1885 3709 1989 3764 teri
2021 3711 2290 3781 dignitate
2319 3723 2542 3770 auc-tum
2569 3731 2696 3771 esse
2721 3715 2875 3772 dicit.
2911 3719 3042 3774 Post
3074 3721 3273 3776 Meletii
3302 3724 3449 3777 enim

1886 3801 2096 3855 obitum
2129 3805 2423 3858 secessisse
2459 3820 2487 3856 a
2525 3805 2832 3861 Meletianis
2864 3807 3154 3874 Joannem,
3187 3819 3242 3864 et
3277 3812 3454 3866 trien-

1886 3895 2039 3948 nium
2069 3894 2172 3949 sibi
2209 3896 2314 3964 ipsi
2367 3897 2554 3965 quiete
2595 3899 2668 3952 ita
2705 3900 2942 3966 vixisse,
2994 3909 3053 3956 ut
3103 3917 3281 3972 neque
3328 3921 3452 3959 cum

1887 3983 2122 4052 Meletii,
2169 3999 2346 4056 neque
2377 4003 2503 4042 cum
2538 3989 2749 4044 Paulini
2795 3994 3161 4048 sectatoribus
3205 4011 3454 4050 commu-

1887 4078 2109 4133 nionem
2143 4079 2398 4134 coleret:
2445 4091 2631 4150 postea
2683 4095 2814 4138 vero
2852 4085 2922 4137 ab
2965 4085 3192 4154 Evagrio
3236 4087 3452 4141 Paulini

1885 4183 2203 4226 successore
2229 4171 2610 4243 presbyterum
2640 4185 2884 4229 creatum
2916 4190 3058 4241 esse,
3092 4175 3284 4231 refert.
3312 4177 3449 4232 Cum

194 4277 318 4345 γὰρ
355 4274 422 4326 ἐκ
475 4272 595 4325 νέου
643 4271 789 4341 μάλα
827 4271 927 4324 καὶ
989 4268 1418 4339 προσετετήκειν
1451 4266 1529 4336 τῷ
1585 4265 1777 4336 ἔρωτι·

1889 4262 1945 4316 in
1977 4263 2245 4318 lectorum
2292 4266 2486 4320 ordine
2533 4267 2884 4334 consisteret,
2931 4269 3213 4325 orationes
3261 4281 3454 4326 centra

195 4368 296 4418 καί
322 4363 401 4426 ὡς
442 4362 579 4416 Θεοῦ
603 4363 809 4431 φωναῖς
836 4361 956 4423 ταῖς
988 4361 1201 4412 ἐκείνου
1233 4357 1652 4426 ὲνεκαρτὲρουν.
1678 4355 1777 4408 Καὶ

1886 4355 2104 4410 Judaeos
2149 4361 2484 4426 composuit.
2527 4359 2800 4414 Diaconus
2851 4372 3035 4416 autem
3089 4365 3297 4429 facrus,
3333 4365 3455 4418 dia-

193 4457 253 4508 εί
283 4471 342 4506 τι
363 4453 423 4506 δέ
457 4471 550 4522 μοι
580 4453 882 4522 περίεστιν,
927 4451 1138 4502 ἰκεῖθεν
1175 4448 1282 4519 ἔχω
1311 4448 1511 4502 λαὸὡν.
1548 4446 1777 4509 Πολλοὺς

1889 4446 2043 4517 logos
2066 4447 2134 4502 de
2157 4449 2455 4517 episcopali
2484 4465 2729 4513 munere,
2759 4461 2814 4506 et
2838 4452 3012 4508 libros
3041 4455 3107 4508 ad
3136 4453 3452 4526 Stagirium,

589 4505 716 4610 ἐμῖοὶ
751 4505 1062 4612 φοιτώντων
1125 4505 1341 4607 Επᾶσα,
1381 4537 1540 4592 πάντ’
1577 4537 1777 4606 ἀφεμέ-

1890 4541 2021 4596 itcm
2055 4541 2192 4596 alios
2220 4541 2291 4596 de
2338 4542 2919 4611 incomprehensibili,
2955 4555 3011 4600 et
3059 4548 3194 4602 alios
3241 4559 3456 4602 rursum

192 4653 337 4698 νους
376 4636 528 4705 αὐτῷ
549 4637 917 4706 προσχωρεῖν.
960 4633 1104 4686 Ἀλλ’
1149 4631 1244 4686 επὶ
1299 4631 1362 4684 τὸ
1420 4629 1784 4699 προκείμενον
1890 4628 2022 4698 περὶ
2053 4629 2164 4681 τῶν
2191 4631 2562 4684 συνεισάιιτων
2592 4632 2698 4702 (2).
2757 4635 2860 4688 hoc
2889 4645 2992 4702 est,
3023 4635 3092 4690 de
3123 4638 3316 4706 puellis
3347 4655 3455 4692 non

191 4728 490 4781 ἐπανέλθω
497 4745 618 4797 μεν.

1888 4719 2226 4777 matrimonii
2263 4735 2440 4793 neque
2473 4725 2724 4779 liuidinis
2758 4741 2918 4782 causa
2960 4728 3259 4798 adoptatis.
3323 4733 3460 4784 scri-

191 4827 342 4896 psit.
373 4821 540 4894 350
560 4820 874 4893 Presbyteri
899 4835 1028 4876 vero
1063 4823 1274 4874 honore
1299 4817 1705 4883 cobonestatus,
1731 4818 2105 4888 expositiones
2133 4817 2506 4874 divininorum
2540 4822 2983 4893 Evangeliorum,
3007 4826 3371 4896 ’Λιιδριάντα;,
3407 4829 3460 4879 id

189 4932 315 4988 est,
347 4920 597 4984 Statuas,
620 4919 1071 4984 Consolationem,
1093 4916 1512 4971 Commentarios
1573 4919 1628 4969 in
1692 4914 2040 4982 Psalterium,
2113 4913 2192 4970 De
2233 4919 2597 4989 uirginitate,
2645 4919 2722 4974 De
2769 4922 3166 4984 misericordia,
3201 4932 3253 4977 et
3292 4925 3461 4992 pluri-
3517 4933 3522 4937 '

190 5031 330 5073 mos
353 5016 494 5070 alios
533 5014 704 5068 libros
737 5011 931 5066 edidit.
972 5011 1236 5065 llomilias
1270 5025 1402 5064 vero
1467 5010 1727 5080 mysticas
1792 5009 1847 5063 in
1889 5009 2137 5063 divinum
2189 5011 2550 5080 Apostolum.
2602 5023 2657 5068 et
2709 5013 2764 5068 in
2816 5029 2971 5069 sacra
3022 5015 3190 5078 Acta,
3245 5013 3464 5084 aliaque

188 5117 477 5182 praeterea
515 5104 780 5175 plurima.
813 5104 980 5159 festos
1013 5104 1132 5158 dies
1162 5111 1219 5157 et
1249 5110 1557 5157 conventus
1593 5100 1996 5157 ecclesiasticos
2031 5104 2213 5159 varios
2267 5104 2571 5169 celebrans,
2611 5105 3083 5176 Constantinopoli
3151 5107 3205 5162 in
3246 5109 3462 5174 episeo-

189 5211 340 5274 potu
369 5199 642 5254 condidit.
665 5191 780 5267 Ego
810 5210 941 5250 vero
971 5211 1134 5265 supra
1161 5196 1307 5266 mille
1331 5195 1452 5264 ejus
1510 5191 1611 5248 viri
1668 5188 2098 5252 lucubrationes
2155 5196 2282 5268 legi,
2315 5195 2578 5252 ineffabili
2648 5198 2882 5268 quadam
2913 5203 3180 5254 suavitate
3205 5199 3459 5254 diluueu-

188 5308 313 5353 tes.
364 5295 492 5350 Jam
542 5293 691 5348 enim
724 5292 852 5347 inde
929 5291 999 5346 ab
1044 5291 1411 5346 adolescentia
1461 5303 1648 5344 amore
1700 5287 1820 5360 eius
1863 5289 2127 5360 tlagravi,
2178 5300 2343 5363 atque
2389 5295 2449 5348 in
2517 5292 2664 5348 illius
2696 5291 2921 5366 perinde
2957 5302 3120 5363 atque
3162 5291 3258 5346 Dei
3293 5292 3469 5361 ipsius

187 5393 446 5449 vocibus
484 5389 761 5460 acquievi.
811 5389 990 5458 Atque
1026 5386 1070 5442 si
1133 5387 1264 5456 quid
1307 5385 1442 5440 mihi
1493 5393 1577 5440 est
1621 5384 1971 5451 eruditionis,
2045 5387 2100 5442 id
2167 5388 2218 5443 ei
2287 5398 2572 5459 acceptum
2608 5389 2746 5445 fero.
2781 5387 2965 5444 Multis
2989 5388 3152 5443 etiam
3186 5403 3248 5444 ex
3287 5396 3466 5441 secta-

192 5488 432 5543 toribus
474 5483 612 5537 nicis
644 5482 920 5552 persuasi,
965 5490 1025 5536 ut
1063 5481 1316 5536 omnibus
1349 5479 1594 5548 relictis,
1663 5479 1816 5534 illum
1857 5480 1961 5535 sibi
2034 5481 2358 5537 familiarem
2409 5483 2672 5563 iacerent.
2718 5483 2920 5539 Verum
2969 5481 3033 5537 ad
3077 5490 3466 5552 argumentum

192 5581 530 5639 institutum
558 5582 920 5630 revertamur.

275 5762 360 5836 (ἱ)
395 5759 552 5836 ξοςῖ-
584 5758 787 5836 "ba",
826 5771 949 5836 ειν·
983 5757 1056 5836 .5-
1249 5826 1280 5836 ..
1748 5827 1756 5836 .

280 5823 367 5906 ('2)
393 5828 842 5886 Subintroducta:
868 5823 950 5882 hat
981 5827 1038 5880 in
1064 5826 1391 5894 canonibus,
1423 5836 1694 5882 extranea:
1748 5827 1800 5879 in
1839 5823 2056 5894 legibus
2083 5823 2364 5892 dicuntur.
