3930 6594
207 396 299 474 937

1117 391 1709 463 ECCLESIASTICE
1752 370 2132 457 msronte
2169 369 2308 453 Lm.
2350 375 2523 452 xm.

3313 388 3417 448 938

209 513 402 584 καινὸν,
432 520 479 571 εἰ
511 519 602 571 καί
634 535 772 570 τισιν
796 515 857 570 οὐ
893 515 1053 578 καλὸς
1087 516 1285 579 ἐδόκει,
1318 515 1437 566 ὲπεί
1461 513 1538 565 τοί
1566 529 1627 579 γε
1665 510 1757 563 καὶ

1887 506 2134 575 ιιπὶηρίρῖο
2159 504 2466 567 exhiberet,
2501 502 2672 556 durus
2701 495 2919 569 quidam
2951 496 3005 555 ct
3027 502 3206 571 gravis
3236 501 3424 554 mimo"

206 617 260 668 τὸ
287 612 407 682 μέλι
437 609 636 679 πικρὸν
700 610 813 671 τοῖς
867 607 1144 676 ίκτεριῶσι
1191 609 1359 660 δοκεῖ.
1414 604 1662 660 Mallem
1693 601 1760 666 δ’,

209 709 272 761 ὥς
303 721 492 772 φασιν,
523 702 715 769 ἐνῆγεν
763 699 905 752 οὕτω
952 700 1066 760 τοῖς
1125 697 1340 758 πολλοῖς
1399 693 1762 765 προσκρούειν

208 797 486 866 Σαραπίων
510 795 539 846 ὃ
571 792 840 863 μαθητής.
871 791 971 844 “Ov
1009 807 1137 842 ποτε
1189 791 1471 860 παρρησία
1495 787 1602 839 τῶν
1633 799 1764 850 συγ-

209 891 415 958 κὶήρων
449 886 667 938 πάντων
705 883 862 951 λόγος
893 883 1091 945 εἰπεῖν,
1111 880 1185 944 ὡς
1221 899 1239 931 t
1280 881 1391 933 Οὖκ
1418 881 1482 933 ἄν
1513 894 1575 946 γε
1605 877 1766 944 δυνη-

211 979 349 1045 θείης
377 977 584 1037 πάντας
615 975 795 1042 λόγοις
824 974 1026 1037 ἕλκειν,
1056 974 1104 1026 εί
1138 971 1212 1042 μὴ
1245 973 1338 1024 καὶ
1371 972 1603 1041 μάστιγι
1633 969 1767 1020 πάν-

209 1088 307 1131 τως
336 1066 579 1121 ἐλαύνειν
615 1065 1047 1134 προθυμηθείης.
1087 1083 1103 1113 ι
1138 1065 1205 1116 Ὃ
1236 1064 1298 1132 δὴ
1323 1063 1506 1133 ῥηθὲν,
1542 1061 1768 1122 πολλοὺς

210 1164 280 1221 είς
307 1161 462 1224 μῖσος
499 1158 640 1211 κατά
673 1157 766 1208 τοῦ
796 1156 1095 1211 ἐπισκόπου
1153 1156 1344 1224 ἐνῆκεν
1391 1156 1452 1207 οὐ
1522 1156 1766 1223 μέτριον.

215 1250 315 1302 Καὶ
350 1251 415 1318 δὴ
453 1247 663 1300 πολλῶν
715 1247 815 1315 τῆς
873 1241 1197 1314 Ἐκκλησίας
1235 1244 1628 1312 ⁴άσιιεωσμαένων
1678 1241 1769 1293 ιπι

209 1343 479 1411 διαφόροις
501 1344 608 1402 τοῖς
631 1341 968 1409 αἰτιάμασιν,
992 1339 1214 1404 ἐκεῖνοι,
1235 1335 1429 1405 οἷάπερ
1461 1335 1624 1402 φιλεῖ,
1648 1334 1769 1389 καθ’

210 1438 431 1496 ἑαυτοὺς
481 1435 774 1495 συνιόντες,
838 1432 973 1500 πρὸς
1004 1433 1064 1482 τὸ
1114 1429 1269 1493 δόξαν
1306 1431 1418 1489 τοῖς
1480 1426 1771 1496 κρατοῦσιν

211 1526 410 1593 ὡρμων
451 1537 467 1553 ο
494 1521 587 1573 καὶ
622 1521 855 1589 φατρίαν
888 1521 987 1571 οὐκ
1035 1519 1231 1585 ἀγεννῆ
1268 1519 1686 1586 συστησάμενοι,
1711 1515 1770 1567 οὐ

213 1614 463 1684 μετρίαις
527 1614 766 1682 ἐχρῶντο
819 1612 942 1664 κατ’
982 1611 1146 1664 αὑτοῦ
1202 1610 1492 1671 διαϐολαῖς.
1547 1609 1654 1662 Καὶ
1707 1605 1771 1675 γε

214 1712 394 1760 πίστιν
429 1710 655 1777 παρεῖχε
677 1707 744 1759 τὰ
779 1705 1067 1775 εἰρημένα,
1095 1705 1176 1756 ὅτι
1217 1705 1290 1774 μὴ
1326 1704 1622 1756 συνεσθίων
1664 1701 1774 1753 τινὶ

209 1808 235 1857 ὁ
270 1803 527 1870 Ἰωάννης
555 1801 897 1869 πεφώραται,
939 1800 1060 1868 μηδ’
1095 1798 1179 1866 ἐφ’
1205 1798 1394 1851 ἑστίαν
1425 1798 1538 1850 ίὼν.
1581 1795 1669 1859 Ἓξ
1699 1789 1773 1846 ὧν

211 1891 303 1944 καὶ
334 1889 556 1958 μείζους
582 1887 775 1956 ἐκείνῳ
813 1887 1055 1940 διαὸολαὶ
1087 1887 1460 1956 ἁνηγείροντο.
1511 1885 1624 1937 Τίνι
1675 1883 1776 1952 μὲν

210 1977 300 2032 οὖν
332 1981 476 2047 λόγῳ
517 1979 659 2031 τοῦτ’
685 1978 976 2047 ἔπραττεν,
1010 1978 1183 2037 οὐδεὶς
1231 1977 1417 2044 σαφῶς
1462 1976 1728 2046 ἤγγελλεν
1755 1989 1770 2004 ·

210 2075 256 2123 οἱ
287 2070 336 2121 δ’
371 2070 584 2122 ἐκείνου
619 2067 1045 2137 ἀπολογούμενοι
1077 2067 1174 2138 τὴν
1199 2070 1414 2137 μακράν
1451 2067 1780 2137 προεϐάλον-

210 2180 269 2215 το
292 2163 552 2229 ἄσκησιν,
594 2161 688 2215 καὶ
711 2161 788 2244 ,τὸ
829 2160 1109 2229 δυσφόρως
1149 2161 1292 2229 ἔχειν
1349 2160 1438 2212 τὸν
1488 2159 1777 2228 στόμαχον,

212 2249 457 2309 ἀσθενῶς
484 2247 688 2318 περὶτδ
719 2248 933 2300 πέττειν
962 2246 1158 2315 ἔχοντα
1213 2247 1281 2298 τά
1327 2247 1492 2299 σιτία.
1531 2247 1681 2309 Τέως
1732 2244 1778 2298 δ’

212 2343 369 2400 ὅπως
405 2334 572 2408 εἶχεν,
603 2339 663 2390 οὐ
722 2339 927 2406 μικρὰν
984 2337 1125 2405 τάχα
1183 2339 1410 2406 παρεῖχε
1453 2336 1622 2407 λαόὴν
1670 2337 1782 2398 τοῖς

210 2429 473 2489 ἐναντίως
509 2427 894 2496 διακειμένοις.
935 2426 1012 2481 Τὸ
1033 2427 1089 2479 δέ
1115 2442 1179 2495 γε
1217 2426 1422 2496 πλῆθος
1460 2427 1548 2479 διὰ
1578 2426 1638 2480 τὸ
1686 2427 1783 2496 τῆς

211 2521 566 2582 διδασκαλίας
598 2519 849 2586 ἄφθονον.
875 2519 970 2573 καὶ
1017 2519 1116 2587 τὴν
1176 2517 1388 2570 ἐκεῖθεν
1433 2516 1784 2587 πηγάζουσαν

208 2616 427 2684 ὄνησιν,
480 2613 686 2682 σφόδρα
757 2611 994 2680 ἑξείχετο
1052 2608 1143 2662 τοῦ
1206 2610 1434 2679 ἀνδρὸς,
1491 2610 1786 2677 ὑπερφυῶς

212 2704 457 2772 ἑρῶντες
487 2701 588 2770 τῆς
619 2699 886 2769 γλώττης,
916 2699 989 2760 ὡς
1027 2701 1122 2751 καὶ
1178 2700 1221 2750 Χ
1233 2700 1563 2769 ρυσόστομον
1625 2701 1788 2754 αὑτὸν

211 2792 566 2863 προσειπεῖν,
590 2790 648 2842 τὸ
675 2787 1012 2857 ὑπερϐάλλον
1043 2789 1141 2854 τῆς
1175 2787 1400 2859 ἐνούσης
1436 2790 1661 2860 χάριτος
1701 2791 1786 2840 αἰ-

210 2885 525 2953 νιττόμενοι
550 2898 564 2910 °
594 2886 682 2934 mi.
707 2883 956 2948 οὐδαμῶς
999 2882 1109 2934 τῶν
1160 2883 1466 2951 ἐρεσχελεῖν
1497 2881 1789 2952 ᾑρημένων

211 2978 415 3032 τοῦτον
441 2973 777 3045 ἐφρόντιζον.
807 2973 870 3024 Τί
915 2973 971 3025 δὲ
1026 2973 1133 3041 χρὴ
1188 2972 1368 3038 λέγειν
1405 2968 1559 3035 αὖθις
1614 2970 1790 3024 ὁποῖοί

211 3081 371 3126 τινες
407 3065 598 3132 ἐκείνῳ
629 3057 770 3132 ἦσαν
813 3061 862 3112 οί
914 3059 1087 3127 λόγοι,¹
1138 3060 1252 3113 ὅσοι
1303 3060 1401 3128 μὲν
1455 3061 1790 3131 γραφόμενοι

1866 596 1996 648 dum
2032 610 2150 649 esse
2182 592 2330 648 visus
2361 603 2444 646 est
2476 591 2830 660 peccantibus
2862 608 2874 645 :
2909 590 3256 659 potissimum
3295 605 3426 644 vero

1865 690 1966 748 eis,
2009 687 2101 755 qtti
2143 686 2196 739 in
2226 685 2374 738 clero
2407 684 2662 739 absurdis
2689 683 2994 752 gaudebant
3027 671 3204 737 laetis.
3237 675 3426 753 Itaque

1867 792 2120 845 magnum
2169 776 2434 828 adversus
2467 791 2590 829 eum
2636 775 2823 828 odium
2869 786 2950 828 est
2986 789 3330 838 succensum,
3372 783 3430 828 et

1868 866 2022 919 tnulti
2052 867 2326 920 hostiliter
2348 866 2496 919 illum
2523 865 2893 919 declinabant.
2919 863 3248 917 lllultitudini
3275 878 3430 928 vero,

1869 973 2032 1026 quam
2058 958 2277 1012 asSidua
2310 957 2560 1012 doctrina
2586 957 2954 1017 demulcebat,
2991 954 3220 1008 maxime
3248 961 3434 1023 gratus

1869 1049 1992 1102 fuit.
2041 1049 2226 1118 Neque
2275 1050 2414 1101 adeo
2451 1048 2648 1102 mirum
2681 1045 2784 1107 est.
2813 1050 2854 1101 si
2890 1045 3216 1115 quibusdam
3253 1048 3437 1099 minus

1870 1141 2045 1193 bonus
2068 1141 2219 1194 visus
2241 1151 2327 1193 est
2353 1157 2367 1193 :
2403 1153 2526 1192 nam
2557 1139 2665 1193 mel
2699 1146 2918 1208 quoque
2955 1135 3105 1207 regio
3135 1135 3328 1190 morbo
3357 1136 3439 1198 la.

1870 1229 2194 1284 borantibus
2252 1229 2794 1306 amarum‘videtur.
2858 1228 3210 1284 Potissimum
3272 1242 3432 1286 vero.

1870 1323 2028 1376 sicuti
2077 1319 2280 1384 ferunt,
2317 1331 2375 1375 ut
2423 1321 2626 1376 multos
2657 1321 2732 1374 ita
2764 1320 3115 1386 ostenderet,
3168 1317 3434 1387 Serapion

1868 1430 1993 1468 eum
2052 1413 2357 1483 discipulus
2413 1412 2647 1468 induxit.
2694 1411 2856 1482 350
2905 1411 3076 1478 Quem
3138 1411 3437 1479 aliquando

1871 1519 2056 1576 aperte
2090 1509 2141 1560 in
2176 1507 2312 1561 eleri
2342 1507 2628 1575 praesentia
2666 1507 2868 1559 dixisse
2895 1505 3038 1559 fama
3075 1511 3183 1567 'est,
3222 1523 3240 1555 ι
3283 1505 3434 1558 illum

1872 1614 1982 1652 non
2031 1613 2223 1653 omnes
2261 1598 2508 1651 oratione
2551 1597 2880 1650 allecturum
2917 1607 3062 1662 esse,
3111 1595 3214 1650 nisi
3268 1595 3434 1648 etiam

1872 1688 2082 1756 ﬂagello
2134 1691 2358 1744 omnino
2401 1702 2498 1743 eos
2537 1687 2928 1757 compelleret;
2977 1697 2994 1740 ι
3035 1688 3179 1756 quod
3229 1685 3434 1740 dictum

1875 1783 1932 1837 in
1960 1781 2145 1837 odium
2181 1789 2236 1835 et
2282 1781 2539 1834 invidiam
2588 1795 2696 1834 non
2743 1778 3072 1834 mediocrem
3121 1779 3435 1848 episcopum

1876 1878 2020 1944 apud
2051 1875 2251 1929 multos
2278 1874 2521 1929 adduxit.
2556 1874 2850 1928 Enimvero
2871 1868 3058 1926 multis
3083 1873 3153 1926 ita
3185 1872 3254 1927 ob
3288 1871 3437 1925 varia

1879 1964 2109 2018 crimina
2140 1964 2380 2019 Ecclesia
2403 1963 2612 2033 ejectis,
2639 1962 2714 2016 illi
2741 1963 3031 2017 sententiis
3053 1977 3108 2015 se
3136 1962 3438 2031 primorum

1879 2064 1935 2112 et
2006 2057 2328 2125 optimatum
2399 2054 2940 2108 accommodabant:
2999 2061 3053 2107 et
3107 2052 3268 2106 sicuti
3324 2053 3439 2106 lieri

1880 2149 2140 2205 assuevit.
2173 2149 2226 2202 in
2265 2147 2597 2218 ejuseemodi
2637 2161 2827 2200 eorum
2861 2144 2957 2213 qui
2999 2143 3165 2198 rebus
3197 2153 3442 2212 praesunt

1884 2239 2276 2307 impotentibus
2304 2239 2592 2292 conatibus
2623 2238 2765 2291 inter
2797 2251 2856 2292 se
2883 2234 3308 2299 conveniebant,
3347 2248 3441 2287 sed

1883 2330 2242 2400 dalitatesque
2281 2339 2338 2384 et
2380 2328 2815 2400 conspirationes
2858 2343 2966 2382 non
3015 2326 3442 2382 'contemnendas

1885 2414 2276 2484 instituebant,
2319 2420 2482 2488 atque
2516 2425 2640 2472 eum
2673 2422 2780 2472 non
2818 2418 3189 2472 mediocribus
3219 2426 3444 2485 expete-

1883 2511 2015 2566 bant
2045 2512 2353 2566 calomniis.
2383 2513 2448 2565 Et
2475 2527 2596 2581 quae
2620 2511 2698 2565 illi
2728 2511 2783 2564 in
2812 2523 2937 2567 eum
2973 2511 3252 2573 dicebant,
3284 2509 3445 2563 (idem

1887 2603 2254 2657 obtinebant:
2309 2603 2453 2673 quod
2501 2618 2626 2671 cum
2682 2603 2804 2658 aliis
2853 2603 3036 2658 cibum
3082 2617 3314 2672 capere,
3353 2609 3450 2654 aut

1889 2695 2136 2750 convivia
2188 2696 2340 2750 adire
2391 2697 2629 2752 Joannes
2677 2690 3057 2764 deprehensus
3107 2712 3216 2750 non
3275 2706 3446 2748 esset.

1889 2786 2005 2851 Qua
2039 2795 2105 2839 ex
2141 2802 2200 2840 re
2241 2787 2472 2841 crimina
2503 2787 2706 2855 majora
2739 2785 3137 2855 excitabantur.
3169 2786 3288 2852 Quo
3319 2795 3450 2842 'vero

1890 2879 2122 2932 consilio
2159 2879 2211 2932 id
2246 2879 2337 2933 ille
2369 2879 2581 2944 fecerit,
2617 2893 2780 2933 nemo
2811 2880 2957 2935 clare
2990 2879 3150 2934 dixit.
3183 2879 3286 2945 Qui
3320 2895 3450 2931 vero

1890 2983 2015 3024 eum
2044 2969 2367 3034 defendunt,
2395 2970 2708 3024 diuturnam
2740 2969 3084 3040 praetendunt
3112 2971 3238 3025 vitae
3265 2978 3452 3025 auste-

1896 3057 1988 3120 raa'
2017 3064 2404 3134 disciplinam:
2449 3074 2501 3120 et
2544 3063 2688 3134 quod
2725 3079 2924 3134 aagrum
2972 3065 3201 3119 haberet
3250 3073 3455 3118 stoma-

210 3154 533 3219 ἐξεδίδοντ’),
561 3152 672 3204 ὅσοι
698 3150 754 3201 δὲ
805 3150 1054 3216 λέγοντος
1109 3147 1214 3200 ὑπὸ
1261 3146 1370 3199 τῶν
1422 3148 1784 3216 ταχυγράφων

1894 3155 2080 3217 chum,
2113 3156 2206 3224 qui
2245 3168 2354 3209 non
2395 3155 2552 3208 facile
2584 3154 2764 3208 cibum
2809 3161 3200 3223 concoqueret.
3248 3153 3454 3208 Utcun-

210 3245 664 3312 ἀνελαμϐάνοντο
693 3258 706 3306 ;
735 3244 826 3293 καὶ
870 3240 1071 3309 μᾶλλον
1115 3240 1163 3292 οἱ
1223 3239 1488 3312 πλεῖστοι,
1533 3241 1679 3302 ὅπως
1731 3255 1791 3290 τε

207 3336 481 3406 λαμπροὶ·
504 3334 647 3399 λίαν,
710 3332 804 3384 καὶ
854 3331 914 3384 τὸ
964 3330 1251 3398 ἐπαγωγόν
1297 3345 1356 3382 τε
1415 3331 1530 3399 ἅμα
1580 3330 1675 3383 καὶ
1736 3331 1796 3382 τὸ

213 3431 424 3495 θέλγον
457 3427 603 3492 μάλα
655 3423 1093 3493 προϐεϐλημένοι
1125 3437 1140 3488 ;
1172 3421 1289 3485 ἐξὸν
1319 3422 1664 3491 ἐντυγχάνειν
1720 3421 1798 3490 τῷ

208 3516 539 3586 βουλομένῳ
605 3513 966 3580 ἀναλέγεσθαι
1015 3529 1074 3563 τε
1139 3511 1404 3574 τούτους,
1457 3514 1550 3563 καὶ
1593 3511 1692 3578 τὴν
1740 3511 1799 3574 ἐξ

208 3610 456 3662 ἐκείνων
509 3605 850 3678 καρποῦσθαι
913 3605 1182 3673 ὠφέλειαν
1212 3605 1392 3674 ’πρὸς
1445 3604 1501 3658 δὲ
1552 3605 1646 3658 καὶ
1698 3604 1798 3672 τὴν

206 3701 385 3752 Θείαν
441 3697 637 3765 ἡδονὴν
678 3693 1059 3765 άπαρύεσθαι·
1108 3693 1183 3754 ὡς
1231 3695 1325 3745 καὶ
1373 3693 1550 3747 δοκεῖν
1603 3692 1798 3757 ἐξεῖναι

209 3792 397 3852 θείως
428 3787 844 3858 βακχεύεινκαὶ
869 3786 1122 3856 σώφρονα
1174 3786 1483 3854 μαίνεσθαι.
1524 3785 1665 3838 Ἀλλ’
1693 3785 1798 3841 ἓως

211 3885 323 3952 μὲν
372 3880 454 3949 τῷ
485 3881 674 3947 κλήρῳ
707 3881 850 3946 μόνῳ
883 3878 1238 3947 προσέϐαλεν,
1269 3877 1564 3947 ἀρρώστως
1597 3872 1799 3946 εἶχενὴ

209 3973 346 4026 κατ’
380 3970 546 4023 αὑτοῦ
584 3970 770 4039 μανία,
805 3969 896 4021 καὶ
922 3969 1126 4040 ἥκιστα
1154 3971 1286 4040 δρᾷν
1315 3984 1366 4021 τι
1407 3964 1659 4040 assumo
1678 3969 1800 4021 κατ’

212 4062 406 4116 αὐτοῦ
429 4078 444 4093 ο
479 4061 631 4123 ὡςδὲ
665 4061 760 4114 καὶ
788 4059 914 4122 τοὺς
944 4063 1002 4114 ὲν
1030 4063 1172 4114 τέλει
1206 4063 1285 4119 είς
1318 4059 1621 4130 τούμφανὲς
1652 4061 1802 4112 ἒπει-

214 4156 367 4224 ρᾶτο
396 4152 719 4220 διελέγχειν,
746 4150 1045 4221 τηνικαῦτα
1069 4157 1162 4203 καὶ
1191 4151 1219 4202 ὁ
1252 4151 1377 4204 κατ⁹
1431 4153 1639 4204 ἐκείνου
1672 4151 1802 4220 φθό-

212 4263 314 4308 νος
393 4246 477 4304 είς
540 4244 683 4314 μέγα
731 4244 1029 4316 τάνήπτετο,
1090 4243 1184 4296 καὶ
1239 4243 1406 4295 πολλὰ
1452 4241 1572 4297 κατ’
1633 4243 1797 4295 αὐτοῦ

209 4338 491 4390 ἐκινεῖτο.
528 4334 724 4403 Ἐνῆγε
761 4334 806 4388 δ’
834 4335 1064 4388 ἕκαστον
1115 4333 1250 4402 πρὸς
1280 4335 1340 4386 τὸ
1379 4332 1570 4387 δοκοῦν
1624 4332 1804 4403 ἑαυτῷ

211 4431 323 4482 καὶ
363 4431 487 4490 ταῖς
521 4428 793 4489 διαϐολαῖς
841 4427 1118 4482 πιστεύειν
1163 4429 1225 4481 ὲκ
1272 4430 1365 4482 τοῦ
1437 4429 1801 4498 παρήκοντος,

1900 3262 2007 3317 que
2045 3256 2226 3300 autem
2258 3253 2316 3300 'se
2356 3261 2441 3300 res
2475 3247 2683 3309 habuit,
2720 3263 2826 3299 non
2869 3262 3086 3315 parvam
3121 3245 3454 3300 adversariis

1896 3340 1963 3394 ad
2012 3340 2468 3394 obtrectationem
2507 3355 2570 3391 ea
2621 3338 2850 3408 praebuit
2887 3339 3249 3392 occasionem.
3292 3337 3454 3390 Plebs

1899 3441 2079 3485 autem
2120 3431 2341 3502 propter
2387 3429 2651 3484 doctrina:
2688 3431 3028 3492 ubertatem,
3074 3439 3128 3482 et
3174 3445 3294 3498 qua:
3329 3430 3456 3483 inde

1899 3522 2199 3592 proﬂuebat
2225 3521 2551 3592 utilitatem,
2587 3537 2650 3572 ex
2703 3535 2768 3572 eo
2813 3519 2931 3573 viro
2975 3519 3130 3573 valde
3161 3518 3455 3587 pendebat,

1901 3615 2128 3668 miriﬁce
2177 3614 2326 3668 illius
2360 3614 2595 3683 linguam
2629 3611 2891 3666 deamans
2923 3611 2937 3665 ἑ
2981 3611 3118 3665 adeo
3161 3621 3218 3666 ut
3251 3613 3459 3682 Χρυσό-

1901 3721 2120 3773 στομον,
2177 3705 2280 3758 hoc
2331 3714 2433 3770 eat,
2486 3704 2637 3758 aurei
2688 3705 2802 3758 oris
2858 3704 3136 3758 hominem
3183 3707 3462 3775 cognutnb

1903 3809 2095 3862 naret;
2153 3806 2261 3850 tam
2319 3805 2668 3866 praestantem
2723 3795 2870 3849 illius
2911 3796 3141 3865 gratiam
3175 3812 3240 3850 eo
3291 3797 3461 3851 verbo

1901 3884 2232 3952 signiﬁcans.
2281 3884 2466 3952 Neque
2523 3884 2614 3937 ille
2661 3885 2958 3953 quidquam
3004 3899 3100 3941 eos
3138 3886 3232 3956 qui
3275 3897 3461 3942 contra

1901 3993 2026 4030 cum
2061 3976 2435 4035 blaterabant.
2470 3976 2713 4030 curabat.
2747 3971 2888 4043 Quid
2931 3979 3078 4033 enim
3120 3995 3338 4034 rursum
3375 3981 3464 4035 hic

1904 4068 2085 4123 dicere
2115 4069 2336 4130 attinet,
2362 4067 2550 4137 quales
2573 4067 2692 4139 ejus
2716 4069 2918 4124 fuerint
2947 4069 3244 4135 orationes,
3275 4073 3464 4140 quales

1905 4160 1989 4214 vel
2047 4160 2162 4228 ipse
2209 4159 2438 4228 scriptas
2494 4159 2703 4225 edidit,
2755 4161 2840 4215 vel
2892 4177 2959 4216 eo
3005 4162 3222 4232 dicente
3265 4167 3464 4220 notarii

1904 4254 2109 4320 celeres
2144 4251 2406 4322 plurimas
2435 4254 2733 4322 excepere?
2774 4253 2946 4319 Quam
2980 4255 3277 4325 splendidae
3314 4273 3466 4312 nam-

1906 4341 2173 4414 que'sint,
2205 4355 2367 4414 atque
2398 4343 2464 4398 ad
2497 4345 2942 4414 persuadendum
2978 4347 3139 4401 simul
3171 4357 3228 4402 et
3255 4348 3468 4402 demul-

1908 4433 2138 4488 cendum
2177 4434 2526 4502 compositae,
2573 4435 2808 4504 experiri
2838 4439 2887 4490 ei
2919 4436 3080 4501 licet,
3121 4437 3214 4505 qui
3246 4453 3467 4493 versare

207 4526 383 4586 ὅπως
424 4523 494 4576 ἂν
524 4523 746 4591 ἐλέγχου
779 4521 813 4592 ἢ
848 4522 1040 4592 μίσους
1079 4521 1212 4592 πρὸς
1242 4520 1401 4574 αὑτὸν
1426 4497 1592 4590 εἶχεν.
1627 4520 1784 4589 Προσ·

1907 4541 2000 4580 eas
2037 4533 2092 4579 et
2129 4526 2345 4594 legere,
2401 4525 2806 4597 Utilitatemque
2854 4541 3043 4582 earum
3094 4533 3371 4602 percipere
3415 4543 3470 4586 et.

208 4619 416 4685 θήκην
479 4615 623 4666 δ’ὄτι
669 4613 927 4684 πλείστην
972 4613 1252 4683 ἐνεποίησε
1300 4616 1364 4682 τῇ
1421 4610 1544 4664 κατ’
1591 4612 1801 4664 ἐκείνου

205 4708 469 4776 διαϐολῇ
521 4708 553 4776 ἡ
623 4705 745 4759 κατ’
787 4705 1087 4775 Εὐτροπίου
1143 4706 1291 4774 αὐτῷ
1336 4703 1518 4773 ὁμιλία
1561 4705 1805 4771 ἀναγνω-

206 4803 453 4854 «Barca.

1913 4618 2244 4686 voluptatem
2279 4616 2517 4670 divinam
2564 4618 2782 4673 haurire
2812 4634 2876 4672 ex
2907 4621 2988 4674 eis
3025 4622 3157 4676 velit
3187 4640 3199 4675 :
3241 4624 3378 4676 adeo
3414 4633 3472 4677 ut

1911 4706 2149 4774 seipsum
2187 4705 2374 4760 divino
2409 4709 2644 4775 quodam
2687 4709 2849 4763 modo
2881 4709 3225 4780 inteinperiis
3254 4717 3469 4782 agitari,

1913 4807 1969 4851 et
2009 4800 2285 4849 moderate
2319 4799 2727 4867 prudenterque
2759 4799 3000 4855 insanire
3028 4802 3342 4855 crediturus
3379 4803 3471 4854 sit.

200 4893 512 4947 therum
544 4891 786 4961 quandiu
835 4906 958 4944 cum
1010 4890 1158 4944 clero
1209 4898 1414 4944 tantum
1461 4890 1807 4944 conﬂictatus
1847 4899 1949 4952 est,
2010 4889 2277 4944 inﬁrmior
2306 4890 2569 4944 adversus
2609 4909 2733 4946 eum
2768 4891 2868 4945 fuit
2897 4893 3069 4957 furor,
3106 4909 3281 4963 neque
3313 4893 3470 4962 quid-

205 5007 400 5063 quam
445 4988 661 5042 eﬂicere
690 4988 892 5056 potuit.
923 4985 1024 5041 Ubi
1047 4997 1229 5040 autem
1260 4988 1613 5056 magistratus
1642 4987 1807 5040 etiam
1849 4987 2125 5055 propalam
2183 5001 2413 5054 arguere
2476 4987 2662 5055 cmpit,
2690 4997 2804 5040 tum
2833 4989 3050 5042 demqu
3078 4995 3251 5056 major
3281 4989 3473 5041 adver-

207 5100 326 5138 sus
377 5097 512 5136 cum
563 5083 834 5135 concitata
867 5088 953 5134 est
1000 5079 1238 5142 invidia,
1274 5079 1551 5147 multaque
1622 5079 1674 5131 in
1725 5093 1849 5132 eum
1889 5088 2015 5132 sunt
2067 5089 2290 5133 tentata.
2339 5080 2406 5133 Et
2446 5080 2680 5148 quisque
2743 5095 2840 5148 pro
2878 5094 2945 5132 eo
2991 5090 3154 5148 atque
3197 5080 3246 5133 ei
3295 5079 3473 5132 visum

201 5189 403 5243 esset,
457 5186 552 5231 aut
599 5177 737 5230 forte
786 5175 1213 5244 reprehensione
1258 5175 1340 5227 vel
1418 5177 1546 5227 odio
1593 5175 1648 5226 in
1727 5174 1877 5227 illum
1919 5175 2201 5243 ﬂagraret,
2249 5177 2536 5229 calumniis
2584 5175 2633 5230 ei
2686 5176 2964 5228 intentatis
3013 5174 3172 5228 (idem
3224 5177 3471 5228 habebat.

197 5273 545 5328 Plurimum
577 5279 757 5324 autem
787 5269 1045 5322 momenti
1074 5266 1138 5319 ad
1167 5266 1617 5320 obtrectationem
1657 5266 1803 5318 illius
1842 5269 2023 5319 attulit
2085 5269 2262 5322 oratio
2295 5269 2578 5338 pepularis
2646 5268 2786 5337 ejus,
2820 5279 3010 5321 contra
3046 5267 3368 5336 Eutropium
3404 5267 3473 5320 ab

202 5348 358 5436 ipso
401 5365 568 5417 lecta.

575 5892 840 5953 PATROL.
882 5889 995 5946 Gn.
1027 5883 1260 5944 CXLVI
3062 5873 3134 5938 3o
