3930 6570
229 366 320 454 9n

1126 353 1716 422 ECCI.ESIASTIC;E
1755 328 2132 412 lllSTOitl.-E
2177 328 2313 408 inn.
2362 328 2527 407 xiii.

3339 335 3442 416 ne

222 482 266 534 δ’
296 481 355 532 ὲν
408 476 622 546 ἑσπέρᾳ
663 474 941 537 πλείσταις
973 472 1282 544 διέπρεψεν.
1334 470 1410 523 Ού
1437 470 1617 538 μέντοι
1646 466 1701 520 δὲ
1731 464 1784 515 rh

1894 477 2007 514 rem
2040 460 2214 518 duxit.
2247 458 2334 511 cui
2366 474 2563 512 nomen
2602 457 2704 513 fuit
2734 459 3029 517 Eudoxiaez
3062 460 3330 528 Gratiani,
3353 467 3441 523 cui

223 568 440 638 γύναιον
501 566 638 619 κατὰ
663 566 760 634 τὴν
805 564 899 617 τοῦ
958 563 1147 632 ἀνδρὸς
1200 561 1468 632 νωθρείαν
1506 556 1774 612 διέκειτο·

224 659 357 715 ἀλλά
389 677 443 711 τι
467 658 564 710 καὶ
589 657 683 710 τοῦ
736 653 1072 725 βαρΰαρικοῦ
1101 652 1335 722 θράσους
1365 650 1469 702 οὐκ
1495 648 1779 717 ἐλάχιστον

122 784 128 788 ~
227 749 542 817 ἐπεφέρετο,
573 746 677 800 Δύο
706 746 762 800 δὲ
793 746 1098 814 θυγατέρας
1140 743 1219 813 τῷ
1259 740 1529 811 Ἀρκαδίῳ
1562 737 1779 805 ἐγέννα,

228 839 557 909 Πούλχερίαν
596 837 696 908 μὲν
751 837 1040 907 πρότερον,
1099 832 1291 887 ἔπειτα
1326 832 1418 885 καὶ
1460 828 1780 900 Ἀρκαδίαν,

225 931 357 1000 πρὸς
391 930 449 981 δὲ
471 930 565 981 καὶ
596 926 790 998 τρίτην
818 926 1064 995 Μαρίναν
1088 937 1105 958 ⁸
1143 923 1324 993 πολλῴ
1350 922 1406 976 δὲ
1432 915 1783 992 ὕστερονικαὶ

226 1024 337 1075 υἱὸν
362 1020 560 1090 ἐκείνῳ
586 1020 844 1088 ἐγέννησε
874 1018 1177 1083 Θεοδόσιον,
1207 1017 1290 1079 είς
1319 1013 1490 1083 ὄνομα
1528 1010 1608 1081 τῷ
1635 1009 1782 1064 πάπ-

226 1131 311 1182 πῳ
337 1111 624 1181 κληθέντα.
658 1112 782 1163 Ἔτι
812 1108 943 1176 γοῦν
990 1107 1084 1163 δύο
1132 1108 1342 1162 παίδων
1383 1103 1520 1160 οὖσα
1571 1105 1780 1175 μήτηρ,

223 1206 358 1274 πρὸς
418 1202 719 1270 Εὑτροπίου
769 1192 1185 1270 περιυϐρίζετο’
1222 1197 1361 1264 πρὸς
1414 1197 1523 1265 γὰρ
1567 1194 1633 1263 δὴ
1668 1194 1780 1256 τοῖς

222 1298 402 1357 ἄλλοις
455 1293 629 1361 ἐπῆγε
662 1293 757 1346 καὶ
803 1289 962 1344 τοῦτο
1010 1289 1417 1361 προσαπειλῶν,
1455 1288 1647 1341 θᾶττον
1671 1283 1782 1337 τῶν

223 1386 513 1460 βασιλείων
548 1385 755 1453 ταύτην
787 1385 1139 1450 κατενεγκεῖν
1172 1381 1267 1434 καὶ
1303 1368 1487 1432 οῐκαδε
1520 1375 1779 1446 ἀποπέμ-

220 1481 451 1549 ψασθαι,
487 1480 516 1531 ὁ
545 1478 867 1548 Εὐτρόπιος.
911 1476 977 1530 Ἥ
1012 1476 1068 1528 δὲ
1094 1475 1251 1545 θυμῷ
1309 1473 1680 1545 ύπερζέσασα,
1704 1470 1782 1534 ὡς

220 1569 335 1642 εἶχε
381 1572 447 1626 τὰ
477 1570 665 1625 παιδία
695 1568 783 1623 διὰ
829 1568 1011 1640 χειρὸς
1043 1567 1307 1638 ἑκατέρας
1335 1567 1777 1636 ἀγκαλισαμένη,

224 1666 475 1733 πρόσεισι
505 1660 583 1730 τῷ
615 1660 770 1730 ἀνδρὶ
794 1660 1168 1730 ὀλοφυρομένη
1214 1677 1277 1711 τε
1309 1659 1406 1713 καὶ
1452 1659 1776 1713 κωκύουσα·

222 1760 298 1820 εἰς
328 1752 509 1810 οἶκτον
536 1754 593 1808 δὲ
615 1754 798 1807 καὶτὰ
826 1753 1002 1823 βρέφη
1045 1753 1464 1835 προτεινομένη,
1523 1752 1779 1822 δακρύων

223 1845 371 1914 ὴφίει
398 1844 649 1905 λιϐάδαςο
682 1843 779 1896 καὶ
820 1843 911 1897 τᾶ)
923 1842 992 1897 λα
1021 1841 1196 1895 ἐποίει
1225 1843 1329 1895 ὅσα
1369 1841 1515 1904 είκὺς
1544 1843 1782 1910 γυναῖκα

219 1937 691 2006 φλεγμαίνουσαν,
721 1934 859 2004 πρὸς
920 1934 981 1989 τὸ
1030 1932 1316 2003 συμπαθὲς
1362 1932 1659 2002 ἐφελκύσαι
1690 1932 1783 1986 τὸν

217 2032 410 2100 ἄνδρα.
454 2031 513 2082 '0
545 2029 591 2082 δ’
622 2028 903 2099 ’Δρκάδιος
930 2026 1096 2097 οἴκτῳ
1144 2027 1208 2099 δὴ
1257 2027 1354 2095 τῆς
1383 2028 1640 2096 γυναικὸς
1689 2026 1783 2079 καὶ

220 2124 333 2176 τῶν
359 2121 565 2175 παίδων
596 2118 731 2188 πρὸς
768 2118 938 2188 ὀργὴν
980 2112 1196 2188 ἀνήφθη
1220 2135 1234 2148 ·
1264 2117 1340 2187 τῷ
1373 2133 1434 2170 τε
1480 2116 1657 2179 ζέοντι
1688 2114 1782 2168 τοῦ

218 2211 423 2281 θυμοῦ,
456 2212 555 2264 καὶ
592 2210 670 2279 τῷ
719 2208 829 2262 τῶν
857 2208 1033 2277 λόγων
1063 2204 1301 2275 μάλιστα
1351 2206 1626 2277 ἐμϐριθεῖ,
1661 2208 1782 2268 ταῖς

216 2304 505 2373 ἀληθείαις
553 2300 808 2371 βασιλεὺς
841 2294 911 2369 ἧν
934 2315 950 2331 ·
993 2300 1087 2352 καὶ
1119 2298 1236 2369 δῆτ’
1270 2299 1479 2351 ἐκεῖνον
1507 2297 1676 2366 τιμῆς
1722 2313 1783 2349 τε

217 2393 469 2467 περιδύει
497 2392 736 2462 ἀπάσης,
763 2391 939 2444 πάντα
972 2404 1031 2442 τε
1068 2387 1161 2443 τὸν
1211 2387 1443 2441 πλοῦτον
1473 2398 1784 2458 προσαφαι-

220 2489 428 2556 ρεῖεαι,
462 2485 556 2537 καὶ
583 2486 649 2554 τῇ
701 2483 911 2553 Κύπρῳ
939 2481 1085 2552 νήσῳ
1114 2481 1332 2549 φυγάδα.
1359 2482 1533 2533 ποιεῖ·
1563 2479 1784 2551 γραφὴν

214 2578 258 2629 δ’
292 2576 533 2637 ὑποστὰς
591 2576 648 2628 ἐν
685 2572 912 2643 βραχεῖ,
966 2571 1042 2633 ὡς
1091 2573 1255 2640 ἡνίκα
1309 2573 1390 2634 είς
1432 2571 1528 2642 τὴν
1578 2569 1785 2624 ὕπατον

214 2665 381 2728 ἀξίαν
417 2663 646 2732 προέϐη,
697 2661 928 2729 κόσμοις
970 2657 1103 2727 παρ’
1157 2658 1314 2723 ἀξίαν
1345 2659 1645 2728 ἐχρήσατο.
1689 2657 1784 2721 οὓς

217 2757 375 2824 μόνῳ
403 2755 580 2817 ἔξεστι
616 2753 823 2823 βασιλεῖ
858 2750 1277 2820 ἀμφιέννυσθαι,
1326 2749 1538 2803 ἐκεῖθεν
1576 2750 1782 2819 ἀχθεὶς,

215 2847 367 2899 κατὰ
399 2846 462 2898 τὸ
508 2843 826 2914 Παντείχιον
880 2841 1235 2904 καθεσθέντος
1266 2840 1569 2910 συνεδρίου,
1600 2841 1784 2909 Δύρη-

214 2938 410 2992 λιανοῦ
436 2936 531 2990 τοῦ
575 2938 817 3005 ἐπάρχου
851 2937 948 2989 σὺν
994 2935 1201 3005 ἑτέροις
1234 2934 1526 3002 ἐπιφανὲσι
1572 2934 1787 2986 συνδια-

215 3030 556 3092 σκσπούντος
606 3029 673 3082 τὰ
722 3027 842 3082 κατ’
872 3027 1042 3081 αὐτοῦ
1069 3066 1086 3091 ,
1137 3027 1225 3080 ἐπ’
1281 3025 1488 3088 αἰτίαις
1554 3025 1787 3094 φαύλαις

1884 550 2231 607 Oecideutale
2272 548 2561 619 imperium
2616 559 2782 614 sorte,
2816 560 2874 606 ut
2903 553 3122 622 quidam
3169 555 3446 609 memorizr

1882 639 2358 703 Commendarunt,
2387 638 2724 694 obvenerat:
2777 639 2939 696 siculi
2973 653 3154 697 autem
3183 645 3275 699 alii
3326 654 3442 700 tra-

1884 731 2039 792 dunt,
2075 729 2351 784 Baudonis
2374 730 2451 800 (Ι)
2490 729 2675 784 tiliam.
2712 730 2836 786 Fuit
2876 742 3058 787 autem
3096 733 3144 789 is
3177 726 3443 791 barbarus

1883 837 2103 893 genere,
2124 823 2176 875 in
2201 837 2259 875 re
2281 837 2412 875 vero
2438 821 2657 876 militari
2678 832 2733 876 et
2762 821 2814 876 in
2842 822 3208 893 imperatoriis
3230 828 3447 882 artibus

1884 910 2136 980 plurimis
2167 911 2221 964 in
2252 909 2550 967 Occidente
2584 912 2896 981 praselarus.
2959 914 3128 969 Ferro
3150 894 3354 971 leniina
3382 934 3446 973 ea

1882 1003 1990 1053 non
2010 998 2197 1077 itidem
2220 1001 2278 1053 tit
2293 996 2540 1064 maritus,
2561 999 2743 1070 segnis
2761 1001 2884 1067 fuit,
2916 1001 3013 1077 sed
3034 999 3142 1057 non
3159 1004 3444 1059 minimum

1882 1089 1950 1145 de
1983 1072 2267 1144 ba’rbarica
2303 1090 2591 1145 insolentia
2618 1088 2881 1149 obtinuit.
2922 1073 3064 1149 Duas
3096 1097 3279 1151 autém
3311 1078 3449 1151 tilias

1867 1180 2114 1269 [Arcadio
2141 1181 2347 1251 genuit,
2371 1178 2716 1269 Pulcheriain
2752 1185 3014 1253 primum.
3049 1176 3249 1243 deinde
3277 1187 3449 1243 Area-

1882 1265 2051 1337 diam,
2080 1287 2145 1327 ae
2172 1272 2388 1327 tertiam
2409 1289 2601 1329 rursus
2629 1267 2892 1331 Marinam
2918 1292 2934 1332 :
2958 1276 3118 1349 ldnge
3137 1274 3271 1333 vero
3302 1276 3447 1347 pust,

1885 1363 2055 1418 tilium
2089 1379 2308 1434 quoque
2347 1365 2746 1432 Theodosium,
2806 1367 2876 1422 de
2938 1370 3027 1425 avi
3096 1370 3318 1426 nohiihe
3369 1372 3444 1427 lta

1882 1453 2234 1524 appellatum.
2266 1451 2401 1509 Cum
2424 1472 2488 1511 ea
2527 1455 2709 1513 adhuc
2740 1458 2973 1515 duarum
3030 1462 3268 1517 liliarum
3327 1479 3446 1518 ma-

1885 1553 1974 1598 ter
2032 1554 2207 1610 esset,
2256 1540 2709 1604 contumeliosius
2772 1551 2841 1606 ab
2888 1536 3171 1623 'Eutropio
3222 1569 3445 1625 accepta

1881 1648 1984 1691 est.
2014 1634 2189 1707 Super
2217 1637 2321 1692 alia
2348 1636 2496 1693 enim
2528 1640 2778 1696 convicia
2809 1650 2865 1696 et
2914 1641 3047 1697 illud
3076 1644 3448 1699 minabundus

1880 1729 2112 1801 adjecit,
2172 1729 2322 1785 brevi
2393 1731 2510 1785 fore
2571 1742 2628 1785 ut
2684 1748 2805 1786 eam
2869 1749 2938 1788 ex
3005 1734 3272 1804 imperiali
3326 1737 3447 1791 aula

1882 1823 2197 1889 abductam,
2232 1822 2349 1901 ipse.
2375 1824 2596 1879 domum
2632 1825 2901 1881 remittat.
2936 1822 3030 1882 llla
3057 1828 3242 1882 autem
3274 1829 3447 1884 vehe-
3520 1883 3526 1887 .

1883 1916 2054 1971 menti
2084 1917 2301 1970 fervens
2334 1918 2434 1981 ira,
2471 1917 2692 1971 ﬁliolam
2746 1929 3037 1988 utramque
3084 1919 3141 1974 in
3193 1920 3443 1989 utrisque

1883 2006 2028 2063 ulnis
2058 2006 2265 2072 ferens,
2288 2008 2357 2062 ad
2414 2007 2592 2063 virnm
2638 2012 2886 2076 accessit,
2944 2012 3219 2083 quiritans
3277 2012 3443 2083 atque

1884 2102 2193 2158 lamentans
2239 2120 2253 2157 :
2290 2103 2497 2158 liberos
2522 2106 2686 2159 etiam
2720 2108 3216 2165 coimuiserationis
3275 2109 3446 2179 gratia

1885 2192 2261 2262 praetendens,
2294 2194 2507 2263 prolixe
2545 2182 2991 2266 collacrymavit:
3026 2198 3241 2267 aliaque
3296 2199 3449 2255 insu-

1884 2299 1981 2353 per
2008 2283 2159 2348 fecit,
2189 2299 2309 2353 qua:
2340 2284 2628 2355 mulierem
2665 2287 3036 2357 indignatione
3059 2291 3452 2359 ﬂagrantemet

1886 2374 2066 2428 virum
2101 2370 2169 2427 ad
2221 2373 2622 2430 condolentiam
2656 2378 2978 2445 pertrahere
3033 2380 3331 2448 volentem,
3374 2383 3453 2436 la-

1885 2478 2012 2519 cere
2045 2480 2143 2535 par
2168 2476 2271 2520 est.
2307 2465 2482 2535 Atque
2513 2455 2812 2532 Arcadias,
2837 2470 3125 2543 conjugem
3163 2483 3219 2529 et
3247 2473 3453 2530 liberos

1887 2556 2201 2623 miseratus,
2252 2557 2323 2612 ad
2380 2559 2515 2612 iram
2566 2559 2682 2628 ipse
2754 2576 2975 2632 quoque
3023 2579 3287 2620 accensus
3343 2578 3448 2632 est,

1885 2646 2210 2716 ardentique
2257 2646 2564 2713 iracundia,
2614 2659 2669 2704 et
2742 2653 3031 2708 verborum
3102 2657 3445 2723 potissimum

1885 2740 2172 2807 gravitate,
2200 2738 2589 2808 imperatorem
2610 2757 2803 2796 verum
2833 2758 2890 2797 se
2907 2746 3183 2813 praestitit.
3215 2746 3450 2802 Proinde

1886 2828 2208 2898 Eutropium
2242 2830 2505 2899 dignitate
2535 2833 2681 2886 omni
2707 2843 2763 2888 et
2787 2834 2987 2905 opibus
3011 2840 3226 2893 cunctis
3247 2842 3451 2910 spolia—

1888 2929 2000 2973 tum
2030 2921 2129 2990 (2),
2162 2921 2214 2974 in
2234 2920 2472 2991 Cyprum
2499 2923 2731 2977 insulam
2764 2926 3069 2984 exsulatum
3092 2928 3260 2984 misit.
3293 2928 3448 2985 Brevi

1886 3027 2016 3066 vero
2036 3022 2181 3082 post,
2214 3014 2361 3082 quod
2379 3028 2444 3068 eo
2460 3023 2722 3086 tempore,
2743 3032 2868 3073 cum
2916 3020 3261 3075 consulatum
3303 3021 3449 3081 imit.

213 3122 388 3183 ἁλοὺς
419 3122 447 3172 ὸ
476 3120 800 3191 Εύτρὸπιςς,
834 3120 933 3189 τὴν
963 3119 1208 3189 κεφαλὴν
1248 3117 1588 3187 ἀφαιρεῖται.
1638 3114 1782 3170 Ἀλλ’

1888 3109 2222 3161 ornamentis
2246 3116 2436 3176 praater
2472 3106 2793 3177 dignitatem
2843 3117 2975 3166 usus
3007 3117 3174 3178 esset,
3199 3124 3320 3180 qius
3348 3113 3448 3167 soil

213 3213 272 3262 ἐν
303 3212 521 3273 τούτοις
572 3209 671 3279 μὲν
698 3214 767 3263 τὰ
797 3212 939 3261 κατὰ
994 3202 1325 3278 Εὐτρόπιον.»
1363 3208 1478 3260 Οὐκ
1536 3200 1788 3259 ἐντεῦθεν

211 3299 314 3355 οὖν
342 3302 532 3370 μῶμος
565 3296 896 3369 πῳσετρίὸη
929 3300 1006 3370 τῷ
1045 3296 1289 3370 Ἰωάννῃ,
1326 3298 1442 3352 ἀλλ’
1467 3298 1550 3352 ὅτι
1578 3296 1671 3352 καὶ
1696 3297 1789 3350 τὸν

158 3430 171 3439 ς
214 3390 606 3464 στρατηλάτην
629 3392 828 3447 Γαῐνᾶν
859 3392 1212 3463 περιύόρισεν
1246 3393 1501 3461 ἐμφανῶς
1527 3392 1594 3460 τῇ
1627 3390 1788 3459 συνή-

210 3488 302 3542 θει
336 3485 617 3557 χρώμενος
649 3484 932 3556 παρρησίᾳ
958 3500 972 3515 ο
1021 3475 1256 3551 ὁπηνίκα
1308 3482 1440 3552 μίαν
1487 3482 1596 3534 τῶν
1641 3481 1790 3533 ἔνδον

207 3582 324 3651 τῆς
364 3579 575 3642 πόλεως
604 3577 907 3647 ἐκκλησιῶν
932 3580 1043 3639 τοῖς
1064 3578 1361 3646 ὀμόφροσιν
1385 3574 1594 3627 ἐκείνου
1625 3588 1790 3642 προσδ

210 3664 535 3734 νεμηθῆναι
580 3665 877 3734 Ἀρειανοῖς
926 3664 1076 3732 παρά
1108 3661 1203 3714 τοῦ
1250 3660 1514 3731 βασιλέως
1571 3660 1789 3728 αἰτῆσαι

209 3757 529 3825 ἐτόλμησεν
551 3771 565 3787 ο
598 3751 664 3827 ἧς
698 3754 779 3829 μὴ
801 3755 1003 3823 τυχὼν,
1044 3756 1328 3823 τυραννεῖν
1362 3750 1628 3805 ἐπέϐαλεν
1653 3765 1665 3779 ·
1699 3750 1790 3802 καὶ

211 3849 457 3913 πλεῖστα
493 3847 689 3917 ἔδρασε
718 3848 784 3898 τὰ
828 3845 978 3898 δεινὰ
1025 3845 1125 3915 την
1158 3844 1262 3897 ύπῆ
1306 3842 1609 3913 Ῥωμαίους
1656 3843 1788 3895 ἀνά-

209 3957 425 3992 στατον
447 3938 688 4005 θέμενος.
719 3938 950 3999 Πολλοὺς
981 3938 1036 3990 δὲ
1069 3936 1162 3989 καὶ
1192 3936 1385 4000 ἄλλους
1407 3936 1636 4006 ᾐτιῶντο
1659 3932 1793 4003 παρῖ

208 4030 393 4085 αὐτοῦ
432 4030 507 4099 μὴ
534 4030 650 4082 δέον
679 4030 736 4082 ὃν
756 4028 1197 4097 διελεγχομένου;
1219 4043 1234 4058 ⁸
1262 4028 1328 4081 δι’
1358 4028 1393 4080 ἃ
1416 4026 1507 4078 xai
1533 4027 1787 4096 διάφορος

207 4127 333 4183 τοῖς
363 4121 582 4182 πολλοῖς
614 4119 927 4173 καθίστατο.
977 4120 1052 4172 Ού
1081 4119 1280 4189 μέτρια
1316 4119 1373 4171 δὲ
1415 4119 1554 4172 κατὰ
1592 4117 1788 4171 τούτου

209 4217 310 4266 καὶ
328 4217 358 4265 ὁ
381 4210 484 4280 τῆς
510 4210 858 4279 Ἀλεξάνδρου
882 4210 1135 4278 Θεόφιλος
1152 4211 1444 4277 ἐσκαιώρει
1468 4208 1625 4269 εὐθὺς
1651 4208 1790 4274 μετά

206 4302 317 4372 τὴν
357 4301 692 4370 χειροτονίαν
715 4316 728 4330 ’
762 4300 933 4353 πολλά
963 4317 1020 4352 τε
1052 4296 1132 4361 οἷς
1162 4317 1220 4353 τε
1250 4299 1461 4370 ἐντύχοι
1495 4299 1561 4352 δι’
1593 4297 1786 4351 ἐλυτοΰ

206 4395 398 4460 ἔλεγε,
444 4395 537 4443 καὶ
567 4394 677 4452 rei;
720 4392 918 4445 ἀποῦσι
959 4392 1176 4445 πλείονα
1225 4393 1488 4463 ἔγραφεν,
1519 4390 1790 4445 ἐπιτωθάα

205 4482 332 4546 ζων
399 4482 494 4534 τὸν
557 4481 748 4550 ἄνδρα,
801 4482 992 4534 σκαιόν
1017 4500 1075 4534 τε
1140 4483 1237 4535 καὶ
1289 4483 1568 4553 ἀνήμερον
1615 4481 1785 4547 ἑγκα-
1818 4454 1867 4515 D

204 4577 352 4628 λῶν.
392 4574 503 4629 Καὶ
537 4577 642 4645 γὰρ
689 4575 753 4627 ού
791 4576 1030 4645 μετρίως
1070 4575 1261 4629 τοῦτον
1292 4576 1480 4628 ἐλύπει
1524 4573 1554 4627 ὅ
1596 4590 1653 4627 τε
1690 4574 1788 4643 ζῆ·-

203 4670 307 4730 λος
367 4667 584 4720 ἐκείνου
652 4669 746 4723 καὶ
802 4670 834 4737 ἠ
871 4668 1053 4731 ἔνθεος
1106 4670 1390 4739 παρρησία
1414 4684 1428 4699 ⁸
1462 4668 1579 4721 ἀλλ’
1603 4667 1684 4720 ὃτι
1719 4666 1788 4719 δι’

203 4763 434 4815 ἐκεῖνον
483 4760 578 4813 καὶ
630 4761 660 4812 ὁ
718 4758 865 4830 αύτῷ
918 4760 1120 4829 σφόδρα
1183 4758 1456 4828 ἐρώμενος
1520 4758 1788 4827 Ἰσίδωρος

199 4853 317 4922 τῆς
373 4850 679 4920 ἐπισκοπῆς
725 4848 1070 4934 διεκρούρθη.
1138 4848 1248 4901 Καὶ
1287 4848 1355 4901 τὰ
1390 4848 1490 4915 μὲν
1531 4846 1672 4900 κατὰ
1698 4847 1789 4897 τὸν

202 4946 501 4996 Θειτὶτατον
570 4941 823 5009 Ἰωάννην
880 4940 1053 5002 οὕτως
1122 4941 1383 5009 ἐφέρετο⁶
1436 4938 1638 4991 καὶτὸ
1683 4954 1788 4990 κα.-

200 5035 315 5088 κὺν
347 5032 513 5093 εὐθὺς
547 5032 664 5084 κατ’
694 5032 854 5084 αὑτὸν
886 5030 1061 5084 ὣδινσ.
1101 5032 1209 5085 1ιοῦ
1245 5032 1354 5100 γὰρ
1400 5034 1495 5083 καὶ
1538 5032 1734 5100 χωρεῖν
1760 5031 1787 5082 ὁ

200 5125 428 5191 κόσμος
453 5118 596 5191 εἶχεν
627 5121 799 5191 ἄνδρα
839 5124 1114 5189 τοσοῦτον,
1148 5123 1263 5190 Θεῴ
1299 5125 1443 5191 μόνῳ
1472 5123 1670 5185 ζῶντα,
1696 5121 1789 5172 καὶ

199 5216 393 5286 μηδὲν
423 5215 553 5268 ἄλλο
603 5213 636 5284 ἢ
666 5213 766 5283 τὴν
815 5212 923 5266 τῶν
976 5214 1279 5283 ἀνθρώπων
1314 5212 1586 5283 σωτηρίαν
1618 5215 1789 5289 μόνην

196 5309 311 5360 καὶ
340 5305 524 5372 λόγοις
552 5304 643 5358 καὶ
676 5304 856 5374 ἔργοις
896 5307 1461 5376 πραγματευόμενον;
1510 5305 1669 5359 Ἀλλὰ
1720 5307 1786 5358 τὰ

194 5402 316 5469 μὲν
349 5402 477 5469 περὶ
500 5401 711 5452 ἐκείνου
742 5402 1019 5470 προϊόντες
1047 5402 1384 5473 δηλώσομεν.

279 5617 364 5686 (Il
412 5616 597 5671 Baudo
644 5618 763 5681 iste,
796 5620 908 5674 sive
950 5621 1143 5685 Bauto,
1196 5622 1441 5689 proximo
1469 5638 1499 5677 a
1542 5620 1784 5677 Gratiani

188 5690 363 5742 crde
401 5703 547 5741 anno
600 5704 725 5743 cum
750 5692 980 5745 Arcadio
1016 5706 1128 5746 eos.
1161 5693 1287 5746 luit.

1890 3202 2204 3271 imperatori
2237 3210 2450 3272 gestare
2479 3201 2694 3279 liceret,
2751 3211 3062 3267 accusatus,
3125 3215 3292 3276 atque
3322 3208 3449 3262 inde

1889 3295 2184 3358 abductus,
2215 3302 2272 3348 et
2300 3293 2445 3364 apud
2472 3291 2847 3357 Pantichium,
2889 3296 2983 3351 ubi
3013 3297 3265 3367 judicum
3319 3315 3455 3354 eon«

1889 3380 2072 3441 silium
2103 3388 2445 3450 consederat,
2474 3387 2635 3457 353
2682 3388 2975 3443 Aureliano
3003 3389 3279 3458 praefecto,
3305 3394 3453 3447 aliis-

1890 3493 1998 3547 que
2034 3478 2342 3533 illustribus
2372 3478 2504 3533 viris
2565 3496 2785 3535 causam
2818 3482 2937 3553 ejus
2967 3488 3449 3554 cognoscentibus,

1890 3568 2135 3636 gravium
2153 3567 2443 3622 criminum
2468 3583 2596 3623 reus
2618 3581 2891 3639 peractus,
2909 3576 3103 3643 capitis
3123 3575 3450 3645 supplicium

1890 3657 2081 3711 subiit.
2115 3656 2220 3712 Res
2246 3656 2494 3729 Eutropii
2520 3660 2600 3716 sic
2630 3662 2890 3721 habuere.
2929 3666 3107 3738 Atque
3154 3684 3262 3722 non
3290 3685 3354 3723 ea
3386 3674 3452 3724 de

1889 3763 2053 3805 causa
2087 3749 2261 3803 solum
2278 3750 2513 3807 Joannes
2529 3761 2613 3807 est
2638 3756 3029 3824 reprehensus,
3056 3775 3245 3817 verum
3280 3766 3447 3820 etiam

1890 3841 2038 3908 quod
2097 3842 2415 3910 magistrum
2477 3845 2709 3903 militum
2768 3848 2996 3905 Gainatn
3056 3857 3451 3913 contumeliose

1890 3931 2169 4000 propalant
2199 3934 2357 3987 solita
2391 3949 2487 3988 sua
2523 3936 2742 3993 dicendi
2779 3940 3030 3998 libertate
3054 3961 3209 4012 usus,
3243 3956 3448 4004 tracta-

1890 4025 2051 4089 verit,
2092 4039 2214 4077 cum
2256 4023 2348 4079 ille
2374 4026 2444 4079 ab
2493 4027 2829 4095 imperatore
2864 4044 3050 4099 petere
3104 4051 3275 4091 ausus
3303 4050 3451 4094 esset

1892 4121 1951 4168 ut
1967 4115 2107 4168 intra
2135 4115 2324 4170 urbem
2349 4118 2577 4172 ecclesia
2598 4134 2702 4173 una
2722 4124 3075 4191 popularibus
3098 4128 3213 4182 suis
3235 4129 3453 4185 Ariauis

1891 4207 2316 4295 attribueretur:
2361 4226 2524 4279 quam
2561 4212 2651 4266 ubi
2709 4230 2818 4269 non
2875 4215 3207 4286 impetravit,
3246 4222 3312 4276 ad
3374 4235 3455 4295 ty-

1892 4298 2175 4354 rannidem
2206 4299 2455 4369 aspirans
2485 4302 2755 4371 plurimas
2787 4304 3054 4364 Romanis
3083 4309 3277 4365 intulit
3307 4316 3449 4369 cala-

1894 4389 2131 4457 mitates,
2164 4391 2426 4447 ditionem
2452 4409 2642 4463 eorum
2672 4396 2984 4453 devastatus.
3009 4400 3200 4458 Plures
3231 4422 3363 4460 vero
3396 4418 3453 4463 et

1892 4479 2030 4537 alios
2058 4489 2419 4552 przeterquam
2443 4485 2766 4549 deeeret,ab
2797 4502 2866 4545 eo
2897 4492 3259 4560 reprehensos
3308 4512 3449 4565 esse,

1890 4581 2020 4628 sunt
2069 4575 2368 4632 criminati.
2428 4577 2575 4644 Quas
2601 4580 2672 4635 ob
2723 4596 2809 4637 res
2844 4586 3130 4653 permultis
3189 4593 3455 4648 adversus

1891 4664 2018 4720 fuit.
2050 4665 2171 4720 Non
2208 4682 2378 4736 pauca
2413 4668 2466 4722 in
2500 4672 2647 4724 hunc
2675 4672 2839 4726 etiam
2871 4677 3054 4731 statim
3087 4690 3211 4748 post
3260 4697 3457 4738 conse-

1891 4757 2195 4812 crationem
2238 4759 2458 4814 molitus
2507 4772 2595 4816 est
2652 4762 3052 4823 Alexandrinus
3092 4770 3451 4841 Theophilus,

1894 4848 2176 4917 multaque
2223 4860 2279 4905 et
2334 4853 2718 4920 prarsentibus,
2772 4872 2911 4927 quos
2943 4863 3323 4928 conveniebat,
3360 4881 3457 4933 per

1894 4940 2137 5008 seipsum
2179 4942 2335 5006 dixit,
2369 4953 2421 4997 et
2454 4946 2605 5013 plura
2672 4948 2779 4999 illis
2830 4950 3152 5005 absentibus
3206 4956 3453 5020 scripsit.

1893 5037 2012 5087 viro
2051 5034 2100 5087 ei
2133 5035 2386 5096 illudens,
2421 5036 2594 5089 terum
2647 5050 2810 5106 atque
2850 5041 3126 5096 crudelem
3150 5045 3454 5113 appellans.

1892 5126 2007 5179 Non
2045 5140 2234 5194 garum
2265 5142 2498 5194 namque
2540 5128 2689 5180 illum
2748 5130 3060 5185 offendebat
3089 5135 3254 5187 ardor
3287 5146 3343 5190 et
3390 5137 3457 5191 Ii-

1894 5219 2080 5271 bertas
2127 5217 2310 5269 divina
2346 5216 2593 5282 Joannis,
2634 5227 2796 5287 atque
2864 5220 3086 5290 insuper
3154 5225 3297 5292 quod
3358 5242 3458 5296 per

1892 5309 2047 5362 illum
2078 5317 2360 5376 tantopere
2385 5308 2486 5361 sibi
2514 5309 2746 5362 dilectus
2775 5310 3016 5365 lsidorus
3044 5313 3111 5367 ab
3135 5316 3455 5386 episcopatu
3508 5301 3515 5308 ’

1893 5401 2145 5470 repulsus
2193 5409 2359 5454 esset.
2413 5400 2517 5453 lies
2554 5403 2910 5457 sacratissimi
2950 5405 3180 5461 Joannis
3233 5424 3289 5463 tn
3351 5411 3458 5465 hoe

1971 5621 2048 5690 (2)
2070 5620 2309 5690 Direptas
2328 5621 2453 5688 quid
2479 5622 2684 5689 plangis
2703 5636 2844 5688 opes.
2864 5636 2993 5688 quas
3026 5634 3181 5677 natus
3207 5621 3409 5676 habebu
3434 5614 3463 5675 Ῑ

2070 5689 2187 5744 Non
2221 5693 2377 5743 aliter
2408 5699 2612 5759 poteras
2652 5695 2903 5761 principis
2946 5710 3055 5746 esse
3083 5705 3253 5763 pater.

3009 5763 3245 5827 tC‘aud.)
