4006 6558
505 364 608 426 943

1724 361 2136 420 ΙΝῘΕΕΡΙΙΟΒΙ
2181 362 2524 422 CALLISTI

3637 356 3750 418 ςιι

502 489 656 531 erant
691 489 742 532 et
775 480 838 532 ad
890 477 1034 530 hunc
1085 475 1306 529 modum
1365 474 1545 528 statim
1601 475 1863 528 adversus
1918 475 2066 527 illum
2109 475 2352 544 plerique
2397 477 2596 530 malum
2659 475 3057 544 parturiebant.
3091 473 3375 540 Quomodo
3398 471 3545 529 enim
3569 474 3755 526 virum

504 586 710 628 tantum
743 591 935 646 rapere
969 574 1206 629 mundus
1238 581 1439 648 posset,
1471 573 1562 640 qui
1593 571 1691 625 soli
1741 572 1852 625 Deo
1903 571 2149 625 viveret:
2219 587 2394 641 neque
2461 573 2610 626 aliud
2679 572 3005 642 quidquam,
3061 586 3224 640 quam
3256 569 3426 624 solam
3459 567 3755 624 hominum

501 669 731 723 salutem
769 670 950 724 verbis
981 680 1033 722 et
1071 667 1230 722 factis
1285 664 1607 719 lucrifacere
1667 663 2069 718 contenderet?
2109 663 2214 718 Sed
2247 680 2336 720 res
2395 666 2515 736 ejus
2549 676 2736 736 postea
2769 679 3181 736 persequemur.

1003 784 1167 856 354
1184 782 1409 838 CAPL‘T
1442 783 1506 838 v.

497 880 598 935 Res
616 881 792 934 Gortln'
823 879 1008 933 Cainn:
1034 877 1261 928 Barbari
1293 888 1312 926 .'
1361 884 1406 926 et
1441 874 1502 925 de
1552 874 1793 927 libertate
1825 875 2061 938 dicendi,

570 968 672 1022 qua
728 966 823 1022 pro
857 947 1084 1001 ecclesiis
1119 955 1166 996 et
1209 949 1350 1022 apud
1411 946 1783 1012 imperatorem
1834 954 1880 997 et
1921 946 2065 1014 apud

566 1011 738 1090 i'psuni
774 1019 1006 1072 Gainatn
1041 1031 1167 1066 usus
1205 1011 1278 1066 est
1311 1011 1567 1066 Joannes.

568 1133 756 1189 Oratio
813 1140 992 1186 autem
1035 1129 1220 1183 Gainae
1253 1143 1344 1181 res
1378 1127 1581 1182 referre
1621 1126 1818 1194 cupide
1856 1127 2062 1198 gestit:

495 1228 622 1296 quis
655 1223 840 1288 fuerit,
880 1219 1023 1274 unde
1055 1219 1107 1272 in
1147 1219 1446 1272 Romanum
1482 1217 1772 1287 imperium
1806 1234 2067 1288 pervene-

499 1319 599 1382 rit,
624 1313 900 1384 quomodo
921 1311 1117 1364 Joauni
1147 1309 1425 1378 negotium
1470 1307 1770 1370 facesserit,
1799 1319 1857 1363 ut
1887 1320 2065 1363 motus

493 1419 686 1462 contra
718 1402 1006 1472 imperium
1042 1400 1350 1457 concitans,
1413 1411 1520 1465 quo
1573 1412 1802 1464 magnus
1833 1397 1923 1451 ille
1980 1399 2066 1452 vir

494 1499 763 1567 legatione
793 1492 935 1562 apml
960 1507 1082 1545 eum
1112 1486 1713 1559 fungeretur,eﬂ‘ecirrit
1735 1505 1746 1540 :
1765 1499 1819 1542 et
1845 1488 2062 1568 tandem

494 1605 525 1644 e
568 1585 745 1640 medio
778 1585 1046 1643 sublatus,
1087 1581 1378 1634 interierit.
1435 1579 1548 1632 Sub
1609 1594 1718 1647 quo
1777 1595 1863 1633 res
1895 1581 2062 1633 etiam

494 1695 633 1734 nova
669 1691 894 1748 prorsus
923 1674 1141 1734 accidit,
1173 1689 1269 1742 per
1303 1688 1464 1740 quam
1498 1671 1642 1724 Deus
1671 1671 1911 1725 ostendit
1935 1687 2064 1740 pro-

494 1770 808 1825 videntiact
838 1783 941 1837 ope
980 1783 1076 1820 sua
1138 1765 1327 1818 urbem
1383 1764 1738 1831 imperantem
1793 1775 1848 1815 et
1890 1763 2062 1831 impe-

494 1862 637 1912 rium
671 1859 972 1912 Romanum
1006 1853 1255 1907 maximis
1283 1868 1404 1904 esse
1436 1851 1696 1919 periculis
1748 1851 2062 1905 liberatum.

495 1951 697 2006 Gainas
735 1950 833 2002 iste
868 1947 1130 2001 barbarus
1163 1960 1362 2014 genere
1393 1944 1515 2005 luit,
1583 1959 1648 1996 ex
1687 1941 1922 2013 Scythis,
1970 1943 2063 2010 qui

495 2045 559 2097 ad
593 2045 786 2097 Istrum
827 2044 1036 2102 colunt,
1081 2050 1252 2092 ortus.
1294 2039 1354 2091 lli
1424 2053 1555 2090 vero
1607 2052 1768 2090 amne
1817 2052 1906 2099 eo,
1940 2050 2063 2089 cum

2791 783 2833 834 Κ
2848 779 3040 835 ΕΦΑΛ.
3084 778 3161 835 Ε’.

2177 875 2254 927 Τὰ
2285 875 2435 928 κατὰ
2457 879 2563 928 τὸν
2585 874 2895 942 βάρϐαρον
2922 875 2969 926 Γ
2971 873 3151 942 ότοον
3181 873 3214 924 Ι
3217 871 3416 942 ἀῑνᾶνλ
3435 887 3452 902 ο
3477 870 3576 942 καί
3613 870 3751 936 περι

2239 943 2353 1009 τῆς
2396 940 2679 998 Ἰωάννου
2708 940 2860 1010 πρὸς
2895 944 2999 994 τὸν
3019 941 3290 1004 ,βασιλέα
3322 940 3422 994 καί
3450 940 3606 1008 πρὸς
3642 942 3753 992 αὑ-

2239 1018 2348 1066 τι¹ν
2370 1015 2706 1082 παρῤησιάς
2743 1012 2839 1065 διὰ
2861 1010 2972 1078 τῆς
2998 1010 3359 1076 ἐκκλησίας.

2252 1127 2424 1196 Ὀργᾷ
2444 1126 2499 1179 δὲ
2521 1127 2651 1196 ἡμῖν
2677 1125 2705 1178 ὁ
2730 1125 2888 1194 λόγος
2914 1125 2982 1177 τὰ
3038 1123 3179 1176 κατὰ
3224 1123 3315 1176 τὸν
3361 1122 3564 1176 Γαῖνᾶν
3609 1122 3753 1174 διελ-

2172 1217 2304 1282 θεῖν,
2333 1218 2413 1281 τίς
2441 1235 2499 1270 τε
2526 1217 2600 1270 ὢν
2639 1217 2734 1270 καὶ
2771 1215 2958 1282 ποθεν,
2986 1217 3067 1278 είς
3098 1213 3168 1267 τὰ
3204 1212 3496 1281 Ῥωμαίων
3523 1211 3752 1280 εἰσήλα-

2170 1329 2252 1373 σε,
2305 1310 2400 1364 καὶ
2435 1309 2508 1373 ὡς
2540 1310 2845 1378 πράγματα
2908 1309 3165 1376 παρεῖχεν
3216 1305 3477 1374 ’Ῑωάννῃο
3542 1306 3642 1356 καὶ
3671 1304 3751 1365 ὡς

2167 1402 2482 1463 ἐπαναστὰς
2517 1403 2582 1470 τῇ
2618 1401 2783 1470 ἀρχῇ,
2831 1397 3155 1469 πρεσϐεύειν
3184 1395 3259 1458 ὡς
3295 1398 3504 1448 ἐκεῖνον
3526 1395 3620 1446 τδν
3652 1395 3751 1462 μέ·

2167 1511 2276 1561 γαν
2295 1493 2748 1562 παρεσκευάσατο
2769 1505 2784 1521 ο
2810 1492 2903 1543 καὶ
2928 1490 3080 1550 τέλος
3108 1487 3182 1551 ὡς
3205 1486 3470 1555 διεφθάρη
3507 1486 3750 1556 ἀςρανεία

2168 1581 2493 1656 παραδοθείς
2515 1601 2529 1615 ο
2563 1583 2648 1653 ἐφ’
2698 1581 2758 1635 οὗ
2789 1582 2881 1635 καὶ
2933 1577 3132 1649 πρᾶξις
3165 1579 3400 1646 πάμπαν
3453 1576 3748 1640 ξενίζουσα

2167 1679 2441 1746 διεγένετο
2468 1717 2483 1743 ,
2516 1676 2654 1730 Θεοῦ
2711 1673 3139 1744 παραδείξαντος
3167 1710 3182 1734 ,
3240 1669 3316 1731 ὡς
3365 1671 3486 1730 ταῖς
3526 1668 3746 1718 ἐκείνου

2169 1770 2448 1839 προνοίαις
2478 1786 2536 1821 τε
2580 1768 2698 1836 ἃμα
2727 1766 2822 1818 καὶ
2873 1763 3149 1833 βοηθείαις
3181 1761 3284 1830 τήν
3319 1775 3377 1812 τε
3420 1757 3747 1828 βασιλεύουε

2170 1875 2269 1911 σαν
2316 1859 2471 1910 πόλιν
2521 1859 2613 1911 καὶ⁸
2654 1857 2722 1908 τὰ
2762 1855 3052 1918 Ῥωμαίων
3104 1850 3407 1919 πράγματα
3458 1847 3745 1916 μεγίστων

2168 1950 2430 2003 κινδύνων
2465 1949 2767 2018 ἐξήρπασε.
2802 1945 2998 2006 Γαῖνᾶς
3048 1937 3201 2004 οὗτος
3241 1940 3514 2010 βάρϐαρος
3550 1940 3656 2007 μὲν
3684 1939 3746 1988 τὸ

2167 2044 2323 2109 γένος
2347 2039 2434 2112 ἦν,
2461 2043 2526 2095 ὲκ
2555 2040 2662 2092 τῶι
2694 2038 2844 2109 παρὰ
2873 2037 2962 2089 τὸν
2991 2037 3208 2104 Ἴστρον
3230 2033 3453 2086 Σκυθῶν
3479 2032 3748 2101 ὁρλλώμε·

495 2134 666 2200 glacie
723 2131 1055 2185 constrictus
1113 2129 1332 2187 luissi-t,
1375 2127 1626 2186 transito,
1685 2126 1974 2180 confertim
2011 2125 2059 2178 in

2169 2150 2288 2196 vo;°
2338 2134 2388 2185 οἳ
2443 2132 2688 2199 παγέντα
2739 2132 2828 2184 τὸν
2891 2129 3135 2195 ποταμὸν
3173 2125 3740 2192 διαπεραιωσὰμενοι,

499 2223 800 2275 Romanam
831 2221 1091 2274 ditionem
1141 2219 1481 2284 irruperunt,
1526 2223 1580 2269 et
1611 2215 1898 2268 Thraciam
1947 2229 2063 2267 om-

497 2330 620 2366 nem
652 2312 950 2381 pervagati,
983 2310 1252 2378 Europam
1279 2309 1650 2376 diripuerunt.
1719 2309 1787 2361 At
1838 2307 1928 2361 ille
1964 2307 2060 2361 ubi

499 2404 566 2455 ad
605 2405 879 2456 Romanos
923 2400 1233 2468 transfugit,
1301 2397 1560 2466 paulatim
1602 2411 1944 2467 progressus,
1993 2411 2062 2450 ex

499 2491 649 2545 tenui
684 2491 852 2544 milite
911 2491 1060 2544 brevi
1095 2491 1351 2558 magister
1399 2489 1633 2540 militum
1691 2487 2060 2542 [tertianorum

499 2585 697 2643 factus,
739 2583 1086 2650 equestribus
1113 2578 1569 2648 pedestribusque
1601 2577 1816 2647 pra-fuit
1866 2581 2060 2648 copiis.

499 2673 604 2728 Sed
635 2673 780 2726 enim
833 2673 900 2725 ad
954 2681 1161 2724 tanturn
1225 2671 1488 2724 honorem
1522 2679 1714 2738 praeter
1744 2670 2058 2739 dignitatem

498 2781 652 2818 suam
679 2775 918 2828 evectus,
953 2765 1071 2816 loco
1095 2771 1148 2816 et
1178 2762 1368 2815 ordine
1391 2775 1456 2815 eo
1489 2755 1782 2815 contentus
1806 2777 1912 2814 non
1935 2762 2057 2815 fuit:

497 2858 590 2909 sed
632 2856 736 2910 nisi
774 2856 1060 2924 imperium
1097 2854 1467 2907 Romanorum
1499 2853 1753 2921 potestati
1791 2870 1902 2907 sua:
1928 2857 2060 2907 sub-

491 2949 706 3014 jiceret.
736 2962 952 3015 gravem
998 2960 1115 2998 eam
1182 2960 1296 2997 rem
1351 2943 1598 2998 siluicsec
1651 2945 1883 3014 putavit.
1938 2944 2060 2997 Ηωο

497 3056 620 3091 (υιιι
676 3041 858 3090 animo
886 3038 1136 3105 agitaret,
1193 3036 1484 3105 populares
1533 3052 1662 3088 suos
1711 3035 1943 3091 Gotthos
1992 3053 2059 3091 ex

497 3130 836 3200 praefecturis
871 3144 1059 3180 rerum
1105 3129 1318 3184 accivit.
1371 3135 1533 3196 atque
1579 3141 1644 3179 ex
1705 3127 1786 3180 eis
1812 3127 2056 3196 quicum

496 3236 697 3290 genere
734 3221 1137 3288 contingerent,
1192 3218 1444 3270 ordinum
1476 3216 1752 3281 ductores,
1785 3220 2060 3273 centurio-

495 3332 592 3368 nes
644 3323 698 3367 et
754 3312 1005 3366 tribunos
1057 3311 1206 3373 fecit,
1266 3311 1679 3378 exercitumque
1737 3312 2054 3366 universum

496 3414 661 3468 sociis
688 3413 803 3468 suis
836 3411 1092 3465 credidit.
1130 3409 1199 3462 L't
1228 3418 1410 3462 autem
1443 3408 1772 3478 Trigibildus
1805 3425 2058 3466 necessa-

499 3509 609 3558 rius
634 3515 690 3560 et
736 3504 1056 3559 commodus
1084 3503 1134 3556 ei
1181 3502 1430 3560 maxime,
1465 3518 1727 3571 perquam
1783 3503 2055 3572 frequenti

493 3597 673 3650 ordini
734 3602 1011 3664 pra-esset,
1077 3594 1422 3660 procuravit;
1481 3593 1766 3663 eidemque
1812 3595 2055 3665 Phrygiae

497 3685 1027 3740 administrationem
1069 3698 1193 3735 cum
1229 3682 1446 3737 comitis
1470 3683 1736 3753 dignitate
1757 3688 2053 3742 concessit.

498 3779 570 3831 De
595 3793 704 3847 quo
733 3791 840 3829 non
862 3776 934 3828 ita
983 3774 1158 3827 multo
1189 3786 1311 3842 post
1346 3789 1470 3828 cum
1524 3777 1831 3829 nuntiatum
1891 3786 2054 3843 esset,

496 3884 582 3922 res
611 3883 734 3921 eum
792 3882 957 3919 novas
991 3865 1193 3930 moliri,
1227 3865 1392 3920 urbes
1447 3867 1591 3921 circa
1642 3869 1931 3940 Phrygiam
1997 3881 2055 3926 et

493 3959 768 4014 i\acoliam
824 3956 899 4027 (1)
956 3967 1188 4022 vastare,
1251 3967 1306 4010 et
1339 3958 1540 4012 erdem
1587 3961 1806 4014 multant
1854 3962 2052 4028 facere,

494 4050 839 4108 aSsimulavit
893 4050 1111 4119 quidem
1142 4051 1356 4105 scilicet
1389 4066 1445 4104 se
1471 4067 1532 4105 ea
1579 4052 1646 4106 de
1707 4069 1866 4108 causa
1918 4057 2060 4110 indi-

495 4143 646 4214 gnari
677 4140 878 4195 Gainas
905 4155 919 4192 :
948 4139 1170 4192 indit-iis
1215 4149 1395 4192 autem
1447 4141 1773 4209 quibusdam
1799 4146 1932 4198 satis
1966 4162 2058 4200 os-

500 4231 693 4294 tendit,
727 4231 791 4283 atl
825 4246 914 4283 res
943 4244 1112 4283 novas
1146 4246 1270 4282 eum
1304 4246 1523 4300 quoque
1586 4245 1852 4302 spectare.
1890 4235 2058 4292 "licet

501 4325 611 4388 ille,
642 4322 866 4392 perinde
887 4331 1050 4388 atque
1086 4321 1347 4374 Romanis
1401 4321 1540 4376 bene
1571 4323 1753 4386 vellet,
1809 4325 2055 4380 fraudem

496 4425 615 4468 arte
649 4415 1110 4472 comminiscitur,
1158 4423 1216 4465 ut
1263 4413 1379 4482 ipse
1412 4413 1612 4466 bellum
1661 4429 1849 4468 contra
1908 4418 2056 4472 illum

497 4506 797 4573 gerendum
817 4506 1102 4574 suscipiat,
1131 4514 1185 4556 et
1217 4504 1446 4558 urbibus
1475 4519 1621 4558 circa
1643 4505 1952 4576 Phrygiam,
1987 4511 2056 4562 ita

499 4607 720 4663 utopus
779 4606 948 4660 esset,
987 4597 1246 4648 auxilium
1272 4596 1430 4648 ferat.
1467 4595 1533 4648 Et
1577 4597 1874 4665 imperator
1906 4614 2056 4652 com-

501 4698 684 4739 mento
714 4687 966 4751 credens,
996 4687 1044 4740 ei
1084 4687 1135 4739 id
1164 4687 1427 4754 permisit.
1462 4685 1621 4756 355
1656 4688 1745 4742 Ille
1782 4706 1948 4759 porro
1979 4691 2090 4743 iu-'

2165 2224 2376 2295 ἀθρόως
2410 2225 2489 2286 είς
2519 2221 2617 2292 τὴν
2650 2221 2870 2291 Ῥώμην
2905 2219 3200 2288 είσήλασαν
3227 2233 3240 2248 ·
3279 2216 3419 2267 κατὰ
3465 2213 3653 2266 πᾶσάν
3680 2228 3742 2264 τε

2165 2318 2486 2386 ἀναχθέντες
2511 2315 2608 2385 τὴν
2632 2313 2879 2384 Θρᾴκην,
2901 2315 3000 2381 τὴν
3030 2309 3297 2380 Εὐρώπην
3316 2306 3740 2374 κατεληῐσαντο.

2167 2409 2467 2479 Αύτόμολος
2515 2408 2562 2460 δ’
2615 2403 2710 2460 οὖν
2765 2405 3171 2476 προσχωρήσας
3228 2399 3544 2469 Ῥωμαίοις,
3591 2398 3744 2450 κατά

2165 2501 2338 2572 βραχὺ
2370 2499 2598 2570 προῖὼν,
2631 2500 2690 2563 ἐξ
2737 2497 2960 2558 ἀτελοῦς
2991 2497 3320 2563 στρατιώτου
3353 2491 3742 2559 στρατηλάτης

2173 2593 2465 2660 Ῥωμαίων
2497 2593 2596 2644 οὐκ
2617 2593 2697 2654 είς
2738 2592 2952 2659 μακρὰν
2985 2587 3381 2647 ἀναδείκνυται,
3411 2583 3507 2634 καὶ
3536 2580 3634 2647 τῆς
3680 2595 3739 2628 τε

2165 2687 2393 2754 ἱππικῆς
2453 2686 2547 2737 καὶ
2604 2683 2835 2750 πεζικῆς
2891 2680 3212 2748 καθηγεῖται
3260 2675 3560 2741 δυνάμεως.
3619 2669 3741 2737 Τῆς

2160 2773 2420 2845 τοιαύτης
2471 2775 2529 2827 δὲ
2565 2774 2733 2843 τιμῆς
2775 2772 2906 2842 παρ’
2938 2773 3094 2836 ἀξίαν
3146 2768 3347 2837 τυχὼν,
3383 2766 3484 2818 οὐκ
3535 2765 3736 2832 ἠγάπα

2165 2867 2347 2935 μένειν
2378 2869 2469 2918 ἐπὶ
2505 2867 2598 2934 τῆς
2625 2866 2850 2929 τάξεως,
2909 2862 3025 2916 ἀλλ’
3055 2864 3101 2912 εί
3159 2859 3234 2929 μὴ
3281 2859 3374 2910 καὶ
3423 2857 3524 2924 τὴν
3554 2855 3736 2921 ἀρχὴν

2171 2953 2462 3023 Ῥωμαίων
2485 2955 2574 3023 ὑφ’
2597 2955 2792 3008 ἑαυτὸν
2819 2953 3246 3022 καταστήσεται,
3273 2953 3328 3000 ἑν
3347 2945 3508 3014 δεινῷ
3528 2945 3738 2995 εποιεῖ-

2161 3064 2240 3100 το.
2277 3046 2443 3098 Ταῦτ’
2479 3049 2536 3100 ἐν
2583 3046 2656 3116 νῷ
2693 3046 2939 3115 θέμενος,
2992 3043 3121 3101 τοὺς
3152 3039 3454 3110 ὁμοφύλους
3495 3037 3734 3095 Γότθους

2161 3139 2226 3190 ἐκ
2255 3140 2363 3192 τῶν
2397 3139 2614 3192 οἰκείων
2661 3139 2840 3208 νομῶν
2877 3135 3256 3205 μετεστέλλετο
3278 3172 3292 3198 ,
3325 3132 3421 3182 καὶ
3450 3131 3583 3190 τοὺς
3617 3130 3734 3180 ὅσοι

2161 3233 2301 3284 κατὰ
2329 3232 2484 3298 γένος
2514 3227 2651 3302 ἦσαν
2676 3231 2844 3301 αύτῷ,
2867 3233 3360 3301 συνταγματὲρχας
3387 3225 3568 3296 εἶχεν,
3606 3227 3737 3276 έλα-

2159 3325 2490 3392 τοντάρχους
2521 3341 2578 3376 τε
2611 3324 2704 3376 καὶ
2738 3323 3048 3393 χιλιάρχους
3081 3323 3273 3386 ἐποίει,
3306 3323 3396 3374 καὶ
3431 3321 3534 3388 τὴν
3567 3335 3734 3385 στρα-

2160 3415 2280 3467 τιάν
2316 3417 2494 3468 πᾶσαν
2517 3417 2627 3478 τοῖς
2679 3417 2914 3484 ἑταίροις
2947 3413 3342 3466 ὲνεπιστεύετο.
3378 3411 3734 3479 Τριγίϐιλδον

2159 3508 2214 3560 δὲ
2250 3508 2358 3560 τῶν
2395 3509 2634 3577 μάλιστα
2676 3509 2734 3559 ὲν
2772 3507 3099 3575 ἐπιτηδείοις
3146 3504 3291 3571 αὐτῷ
3325 3504 3452 3554 ὄντα
3489 3508 3734 3553 πολύαινε

2160 3591 2382 3662 θρώπου
2413 3595 2694 3662 τάγματος
2710 3593 2960 3663 ἡγεῖσθαι
2984 3592 3430 3660 παρεσκευάσατο
3462 3605 3477 3619 ⁸
3514 3592 3610 3641 καὶ
3639 3596 3734 3655 την

2159 3686 2254 3754 τῆς
2282 3686 2519 3756 Φρυγίας
2549 3685 2843 3756 ἐνεχείριζε
2874 3685 3047 3753 τούτῳ
3077 3685 3272 3752 ἀρχὴν,
3305 3685 3546 3750 κόμηιος
3573 3685 3734 3746 ἁξί;ν

2159 3776 2308 3845 αύτῷ
2337 3777 2691 3846 περιθέμενος
2713 3793 2726 3806 ο
2760 3773 2820 3829 οὗ
2856 3776 2919 3845 δὴ
2960 3778 3049 3827 καὶ
3081 3778 3136 3827 ἐν
3166 3775 3227 3826 ού
3265 3774 3440 3842 πολλῷ
3473 3773 3735 3842 νεωτερίο

2159 3869 2274 3933 ζειν
2305 3869 2666 3938 ἠγγελμένου,
2701 3872 2793 3924 καὶ
2810 3868 2905 3929 τὰς
2939 3869 3068 3937 περὶ
3095 3869 3190 3936 τὴν
3220 3867 3458 3936 Φρυγίαν
3491 3867 3588 3917 καὶ
3619 3867 3732 3917 Na-

2160 3961 2390 4015 κὼλειαν
2445 3961 2627 4024 πόλεις
2677 3960 3127 4023 ἁναστατοῦντος,
3183 3960 3275 4010 καὶ
3348 3959 3510 4024 εξόνον
3562 3957 3733 4010 πολὺν

2159 4054 2530 4124 ἐνεργοῦντος,
2580 4055 2957 4122 προσεποιεῖτο
3024 4051 3123 4120 μὲν
3184 4051 3343 4120 δῆθεν
3391 4052 3734 4118 ἀγανακτεῖν

2160 4149 2358 4209 ιἀἳνᾱς
2381 4161 2396 4176 '
2433 4146 2586 4215 δῆλο;
2611 4145 2654 4198 δ’
2693 4146 2754 4198 ἐκ
2778 4161 2938 4196 τινων
2967 4145 3208 4215 σημείων
3253 4144 3570 4206 καθίστατο,
3603 4163 3734 4196 συν-

2159 4238 2499 4308 νεωτερίζειν
2531 4236 2695 4306 αὐτῷ.
2739 4238 2956 4305 Ἀμέλει
2986 4252 3068 4286 τοι
3102 4236 3194 4287 καὶ
3214 4237 3372 4306 τέχνῃ
3395 4238 3732 4305 μετέρχεται

2160 4327 2256 4398 τὴν
2297 4328 2416 4380 κατ’
2447 4327 2657 4380 ἐκείνου
2696 4327 2878 4396 μάχην
2908 4324 3292 4388 ἀναλασέσθαι,
3324 4320 3410 4376 οἷα
3441 4327 3608 4394 δῆθεν
3640 4326 3730 4379 εύ-

2160 4437 2281 4482 νους
2310 4419 2456 4488 μάλα
2483 4418 2774 4486 Ῥωμαίοις
2803 4417 2899 4481 ὦν,
2935 4419 3028 4471 καὶ
3054 4421 3172 4479 ταῖς
3206 4420 3329 4488 περὶ
3360 4419 3605 4486 Φρυγίαν
3642 4420 3713 4470 πό

2159 4511 2305 4564 λεσιν
2338 4509 2410 4572 ὡς
2444 4508 2618 4579 χρεὼν
2648 4510 2969 4579 ἐπαμύνειν.
3018 4508 3280 4561 Ἑνεδίδου
3322 4509 3377 4561 δὲ
3421 4511 3447 4560 ὁ
3479 4511 3728 4578 κρατῶν,

2160 4602 2433 4657 πιστεύων
2459 4601 2536 4671 τῷ
2568 4602 2864 4669 πλάσματι.
2900 4604 3006 4655 Καὶ
3038 4605 3064 4655 ὸ
3119 4605 3219 4671 μὲν
3269 4604 3400 4655 πολύ
3432 4620 3482 4655 τι
3526 4603 3732 4670 ἑπαγό-

2164 4711 2319 4764 μενος
2340 4694 2539 4764 πλῆθος
2564 4699 2615 4756 ἐς
2650 4695 2913 4764 μυριάδας
2940 4694 3339 4764 ἠριθμημένον,
3366 4697 3454 4748 τὸν
3482 4714 3734 4765 κεκρυμ-

499 4787 714 4847 gentem
748 4777 982 4844 plurium
1014 4778 1238 4830 millium
1271 4778 1672 4831 multitudinem
1701 4781 1926 4846 ducens,
1953 4790 2059 4834 sta-

2169 4789 2327 4855 μένον
2359 4786 2558 4838 σκοπὸν
2587 4788 2744 4848 εὐθὺς
2771 4788 3131 4850 ἀνεκάλυπτε,
3159 4791 3249 4840 καὶ
3281 4789 3367 4840 τὸν
3395 4787 3492 4856 τῆς
3528 4806 3734 4856 τυρανο

501 4871 593 4922 tim
619 4871 762 4936 quod
789 4867 1060 4920 crlavcrat
1078 4866 1386 4929 consilium,
1407 4869 1665 4930 Ostendit,
1681 4881 1735 4923 et
1760 4873 2061 4940 tyrannidis

503 4960 746 5028 regulum
776 4960 828 5012 in
855 4960 1093 5012 medium
1119 4958 1648 5027 produxit.Tantum
1685 4963 1826 5014 enim
1861 4963 2054 5026 abfuit,

501 5061 559 5102 ut
595 5053 756 5105 urbes
804 5051 871 5104 ad
915 5065 1051 5119 quas
1079 5050 1280 5102 missus
1303 5059 1455 5114 erat,
1488 5051 1840 5117 defenderet,
1879 5063 1937 5106 ut
1969 5071 2062 5109 eas

496 5146 657 5195 etiam
696 5160 814 5212 qua:
845 5143 1072 5210 reliqum
1101 5142 1280 5196 adhuc
1338 5151 1515 5205 erant,
1550 5141 1842 5210 diriperet,
1891 5155 2060 5213 atque

499 5237 548 5286 vi
586 5250 774 5300 magna
802 5243 1121 5287 everteret:
1176 5232 1294 5285 alia:
1353 5243 1534 5284 autem
1571 5234 1713 5285 idem
1775 5249 1832 5288 se
1877 5237 1943 5288 ab
1995 5251 2062 5290 eo

501 5342 754 5394 pas'suras
790 5341 909 5378 esse
946 5324 1000 5378 in
1036 5325 1442 5391 exspectatione
1473 5328 1882 5393 cssenletque
1935 5328 2061 5380 inde

502 5432 742 5474 movens.
771 5433 891 5485 qua:
926 5419 975 5469 in
1011 5415 1192 5468 medio
1230 5427 1385 5466 erant
1408 5415 1523 5467 loca
1555 5417 1759 5480 omnia,
1790 5417 2059 5486 Mysorum

498 5508 642 5576 quod
669 5507 894 5568 dicitur,
936 5508 1172 5576 praedam
1206 5505 1368 5558 fecit:
1402 5517 1456 5558 ct
1478 5509 1541 5557 ad
1573 5523 1689 5558 cam
1724 5525 1840 5574 qua:
1871 5525 1933 5558 ex
1965 5527 1991 5560 ιι
2018 5512 2062 5559 l-

497 5613 661 5652 verSo
691 5599 946 5669 Byzantio
1003 5609 1087 5652 est
1139 5597 1560 5661 Chalcedonem,
1619 5609 1790 5650 castra
1829 5611 2062 5654 luctatus

573 5713 650 5779 tl)
685 5712 832 5764 lianc
863 5727 966 5764 non
1000 5711 1198 5764 habent
1222 5709 1474 5764 Socrates
1499 5721 1552 5762 et
1584 5709 1940 5771 Sozomcnus.
1967 5717 2061 5767 Sed

500 5778 662 5836 hodie
701 5796 916 5850 qucque
958 5781 1149 5834 'l‘urca:
1189 5795 1306 5833 eam
1365 5781 1501 5833 Asize
1537 5791 1741 5848 partem
1796 5784 2058 5836 λιιιιιιίδιιι

2166 4882 2302 4942 νίδος
2349 4879 2662 4950 βασιλίσκον
2692 4880 2934 4950 προῆγεν
2984 4882 3062 4942 εἰς
3098 4881 3289 4948 μέσον·
3325 4883 3417 4933 καὶ
3465 4883 3525 4932 ού
3571 4883 3730 4934 τόσον

2167 4973 2389 5039 ἀμύνων
2440 4965 2522 5031 αἷς
2553 4971 2802 5040 ἐπέμφθη
2856 4971 3072 5022 πόλισιν
3103 4970 3188 5039 ἦν,
3227 4973 3335 5039 ὅσῳ
3367 4972 3456 5022 καὶ
3488 4975 3586 5034 τὰς
3619 4974 3728 5025 λει-

2168 5063 2410 5128 πομένας
2457 5059 2610 5130 ἐδῄου
2669 5061 2763 5113 καὶ
2813 5061 3119 5130 ἀνακρὰιτος
3170 5061 3434 5130 ἠφάνιζε·
3497 5064 3617 5121 ταῖς
3673 5065 3730 5114 δὲ

2167 5151 2529 5218 προσδόκιμος
2580 5147 2648 5220 ἦν
2699 5150 3080 5220 ἐπιθήσεσθαι.
3123 5151 3364 5204 Ἐκεῖθεν
3404 5151 3448 5203 δ’
3480 5153 3726 5218 ἀπάρας,

2165 5247 2258 5294 καί
2289 5243 2354 5294 τὰ
2387 5243 2444 5294 ἐν
2474 5244 2621 5310 μέσῳ
2655 5243 2830 5294 πάντα
2871 5243 3022 5294 λείαν
3077 5243 3280 5294 Μυσῶν
3321 5245 3577 5312 ποιήσας,
3608 5243 3638 5295 ὃ
3665 5245 3732 5312 δὴ

2163 5333 2399 5403 λέγεται,
2454 5337 2510 5386 ὲν
2564 5337 2628 5404 τῇ
2661 5335 2990 5403 καταντικρὺ
3051 5332 3374 5395 Βυζαντίδος
3422 5335 3732 5404 Χαλκηδὸνι

2163 5425 2682 5494 ἐστρατοπεδεύετο,
2736 5431 2830 5477 καὶ
2887 5427 3036 5477 δεινὰ
3087 5429 3217 5496 δρᾷν
3269 5428 3520 5494 ἠπείλειο
3555 5431 3623 5480 τὰ
3671 5430 3732 5479 δὲ

2166 5515 2451 5580 ἔπραττεν,
2471 5515 2557 5565 Ἐν
2582 5515 2821 5585 μεγίστῳ
2839 5517 2888 5566 Et
2915 5517 3140 5586 κινδύνῳ
3166 5517 3270 5568 τῶν
3287 5517 3473 5586 Ἐᾡων
3496 5519 3729 5582 πόλεων,

2167 5606 2260 5656 καὶ
2285 5607 2484 5672 μᾶλλον
2524 5609 2633 5659 τὼν
2662 5611 2760 5661 ἀνα
2791 5611 2886 5678 τὴι
2925 5611 3106 5661 Ἀσίαν
3137 5627 3195 5662 τε
3233 5615 3323 5662 καὶ
3358 5612 3452 5661 τον
3484 5611 3734 5676 Εὔξεινον

2166 5729 2380 5775 vocant,
2407 5720 2668 5786 ἀνατολὴν
2694 5721 2762 5772 ιίίι
2783 5737 2873 5774 ere
2923 5723 3207 5785 debentes,
3267 5725 3369 5776 hoc
3405 5737 3505 5787 est,
3535 5725 3731 5782 Oricu-

2168 5796 2296 5839 tetn.
2337 5787 2466 5842 Vide
2499 5807 2560 5840 ur
2590 5793 2770 5858 ittquc
2799 5793 2914 5860 lege
2959 5798 3086 5844 dum
3121 5797 3410 5848 Natnluuu.
