4006 6552
287 448 399 514 989

1211 442 1802 506 ΕΩΕιΕΒΙΑΞΤιΕτΕ
1845 441 1861 500 l

1969 439 2219 502 TORLE
2260 439 2401 501 LIB.
2440 437 2605 498 Xlll.
3119 449 3204 484 rm.

3409 430 3512 490 (‘51

288 552 578 632 γινομένης
603 561 654 615 οῖ
689 559 780 613 τδν
817 557 1048 613 πλοῦτον
1075 557 1428 629 προτιθέντες
1456 556 1693 627 δημοσίᾳ
1719 555 1851 624 πρό-

1965 552 2089 605 ;itas
2142 551 2409 620 impetum
2458 551 2637 604 facere
2674 543 2982 604 constituit,
3020 541 3254 596 maxima
3301 540 3391 595 illa
3426 556 3520 605 spe

287 668 474 722 χειρον
523 651 882 719 ἐφυλάξαντο,
939 649 1232 720 βαρϐάρων
1270 650 1454 715 στῖφος
1493 647 1627 699 πολὺ
1661 645 1850 706 νυκτὸς

286 744 632 812 ἐπιπέμψας,
673 744 742 795 τά
787 742 1036 812 βασίλεια
1083 741 1334 793 ἐκέλευεν
1363 739 1668 808 ἐμπιπρᾷν.
1705 738 1767 790 Ol
1796 736 1854 789 δέ

285 834 543 887 τοσοῦτον
592 834 744 889 ούδέν
775 833 1004 903 ἤνυσαν,
1031 831 1173 884 ὥστε
1226 831 1320 884 καὶ
1371 833 1426 882 ἐν
1471 829 1580 882 δέει
1632 827 1854 896 μεγάλῳ

288 925 579 992 γενόμενοι
626 925 1100 993 καθυπέστρεφον.
1165 920 1499 991 Παρεδείκνυ
1551 921 1660 986 γὰρ
1703 936 1855 986 τηνι-

289 1015 471 1069 καῦτα
509 1016 665 1079 Θεὸς,
699 1000 852 1076 ὅπως
881 1014 1140 1083 προνοίας
1177 1009 1290 1082 εἶχε
1327 1013 1454 1080 περὶ
1505 1011 1606 1078 τὴν
1653 1009 1812 1062 πόλιν
1837 1021 1853 1038 ⁸

287 1107 516 1174 οὐρανία
544 1110 650 1177 γάρ
674 1125 756 1168 τις
786 1091 1020 1176 δύναμις
1047 1107 1390 1172 προφανεῖσα
1414 1105 1522 1162 τοῖς
1546 1101 1857 1163 ἐπιϐούλοις

289 1201 346 1250 ἐν
382 1200 646 1267 μεγάλοις
675 1201 785 1260 τοῖς
812 1197 1028 1266 σώμασι
1055 1195 1383 1264 κατέπληξε.
1415 1194 1519 1247 Καὶ
1545 1192 1856 1261 ἀνεχώρουν

288 1289 522 1353 ἐκεῖθεν,
557 1290 650 1341 καὶ
693 1288 886 1342 θᾶττον
917 1286 1351 1356 κατεπτηχότες,
1395 1285 1658 1354 ἠγγελλον
1689 1283 1860 1354 Γαῖνᾷ

287 1380 509 1450 νύκτωρ
540 1379 734 1448 νέηλυν
781 1381 996 1433 ἐπιέναι
1028 1382 1092 1448 τῇ
1130 1380 1286 1432 πόλει
1335 1377 1586 1447 στρατόν.
1629 1377 1687 1430 '0
1723 1375 1768 1430 δ’
1797 1376 1858 1446 ἦ·

290 1487 457 1522 κιστα
496 1472 611 1532 τοῖς
652 1471 966 1541 εἰρημένοις
1014 1469 1168 1538 ἠξίσυ
1215 1469 1527 1531 πιστεύειν,
1571 1469 1644 1535 μή
1705 1483 1857 1529 τινας

287 1561 402 1611 τῶν
428 1560 702 1613 εἰωθότων
724 1560 1026 1629 ἐνδημῆσαι
1049 1562 1115 1630 τῇ
1141 1559 1289 1612 πόλει
1317 1558 1654 1626 στρατιώτας
1679 1556 1856 1618 είδώς.

288 1651 416 1704 Ἶσῖτι
458 1651 514 1704 δὲ
549 1654 614 1720 τῇ
660 1651 894 1720 ἐχομένῃ
925 1652 1084 1704 νυκτὶ
1123 1654 1216 1704 καὶ
1261 1652 1455 1710 ἄλλους
1499 1649 1856 1723 ἀπέστελλεν.

294 1741 388 1802 Ὠς
417 1741 478 1794 δέ
507 1741 600 1794 καὶ
629 1736 775 1796 οὗτοι
806 1741 875 1794 τὰ
919 1743 1010 1796 ῖσα
1037 1743 1151 1804 τοῖς
1200 1744 1490 1812 προτέροις
1516 1738 1857 1808 διήγγελλον,

283 1832 450 1894 αὐτὸς
474 1833 623 1903 ἥκων
658 1833 938 1902 αὐτόπτης
989 1834 1208 1898 ἐγένετο
1242 1831 1338 1885 τοῦ
1385 1831 1695 1900 παραδόξου
1731 1829 1856 1883 θεά-

1962 651 2271 710 concepta,
2334 643 2586 708 ingentes
2641 653 2698 691 se
2751 635 3112 706 pecuniarum
3164 647 3392 685 acervos
3446 632 3520 684 ibi

1957 747 2309 788 corrasurum
2361 746 2505 786 esse.
2561 730 2722 799 360
2772 725 2876 783 Sed
2923 724 3071 780 enim
3119 723 3216 778 ubi
3268 726 3389 792 ejus
3446 723 3522 775 rei

1957 825 2097 878 fama
2127 823 2335 892 vulgari
2375 822 2561 890 erepit,
2588 831 2641 874 et
2674 816 2991 888 argentarii,
3014 814 3158 885 quod
3184 822 3344 868 antea
3374 814 3521 866 fece-

1962 924 2106 978 rant,
2147 915 2408 984 pecunias
2445 929 2572 967 suas
2599 921 2651 966 et
2683 926 2816 980 opes
2840 910 3058 980 publice
3094 908 3148 961 in
3185 907 3390 959 mensis
3418 921 3527 957 non

1962 1020 2328 1075 proposuere,
2378 1005 2656 1074 ingentem
2709 1001 3077 1056 Barbarorum
3105 999 3214 1052 vim
3258 1006 3424 1050 noctu
3462 997 3526 1048 ad

1962 1095 2278 1166 imperiales
2323 1095 2494 1158 aedes,
2539 1103 2598 1149 ut
2641 1109 2740 1148 eas
2787 1090 3172 1154 incenderent,
3225 1087 3396 1141 misit.
3449 1087 3528 1139 illi

1961 1201 2096 1242 vero
2133 1198 2348 1240 tantum
2382 1186 2538 1239 abest
2581 1193 2639 1238 ut
2673 1182 2881 1253 aliquid
2919 1180 3158 1251 egerint,
3193 1187 3252 1231 ut
3283 1191 3406 1230 eum
3442 1176 3529 1227 in—
3588 1233 3595 1236 _

1961 1276 2111 1346 genti
2142 1276 2310 1330 etiam
2346 1285 2491 1329 metu
2522 1273 2652 1328 inde
2683 1283 2836 1328 retro
2871 1269 3160 1326 cesserint.
3198 1268 3344 1321 Deus
3377 1281 3534 1317 nam-
3571 1293 3593 1341 ,-

1962 1383 2069 1436 qne
2110 1374 2222 1420 tum
2255 1365 2522 1430 ostendit,
2562 1373 2766 1432 quanta
2803 1364 2881 1418 illi
2919 1361 3264 1432 providentia
3308 1371 3368 1413 et
3400 1375 3532 1412 cura

1964 1459 2116 1512 urbis
2144 1458 2334 1512 fuerit.
2365 1456 2623 1512 Caelestis
2647 1456 2792 1510 enim
2821 1453 3069 1523 qntedam
3103 1453 3184 1507 vis
3213 1451 3532 1519 ingentibus

1963 1549 2315 1615 corporibus,
2367 1547 2788 1601 insidiatoribus
2837 1545 2947 1598 illis
2989 1557 3284 1614 apparens,
3322 1542 3392 1594 ita
3438 1554 3532 1592 eos

1960 1640 2254 1702 exterruit,
2294 1647 2353 1692 ut
2387 1649 2540 1709 terga
2583 1645 2888 1700 verterent,
2937 1646 2993 1690 et
3038 1633 3294 1689 celeriter
3333 1633 3528 1700 trepidi

1961 1729 2150 1785 Gaina:
2202 1729 2600 1798 significarent.
2658 1741 2862 1780 novum
2908 1742 2970 1781 ca
3026 1733 3189 1778 nocte
3232 1724 3286 1777 in
3339 1723 3530 1775 urbem

1963 1825 2266 1878 exercitum
2308 1823 2548 1878 venisse.
2598 1822 2693 1876 Ille
2729 1830 2910 1874 autem
2953 1818 3116 1873 fidem
3147 1832 3334 1872 eorum
3371 1815 3535 1868 dictis

287 1938 481 1987 ματος.
511 1925 618 1976 Kal
649 1926 718 1995 δὴ
753 1924 982 1993 νομίσας
1009 1923 1219 1977 ἐκείνου
1254 1925 1414 1994 χάριν
1434 1923 1560 1986 τοὺς
1581 1921 1856 1981 τοιούτους

1965 1927 2068 1966 non
2101 1914 2317 1978 habuit,
2345 1915 2492 1982 quod
2519 1929 2628 1966 non
2661 1915 2799 1967 alios
2827 1928 2991 1982 quam
3020 1911 3114 1980 qui
3141 1909 3286 1964 soliti
3319 1907 3536 1961 fuerant

285 2011 464 2063 ἐλθεῖν
493 2014 854 2082 στρατιώτας,
886 2014 984 2067 καὶ
1009 2013 1350 2084 κρύπτεσθαι
1389 2014 1490 2082 μὲν
1523 2013 1738 2082 ἡμέρας
1766 2012 1859 2063 νύ-

285 2119 438 2172 κτωρ
461 2104 516 2156 δέ
540 2104 640 2173 τὴν
667 2106 824 2160 πόλιν
848 2108 1108 2174 φρουρεῖν
1134 2107 1229 2160 καὶ
1251 2106 1391 2158 αὐτὰ
1414 2105 1481 2157 τὰ
1505 2104 1773 2174 βασίλεια,
1804 2106 1858 2155 ἐν

284 2195 490 2264 σκήψει
505 2193 600 2248 τοῦ
624 2196 884 2267 δαιμονᾷν
903 2198 1115 2264 ἐγίνετο
1131 2210 1146 2226 ο
1175 2199 1267 2249 καῖ.
1285 2191 1375 2249 οἷα
1394 2196 1530 2262 δῆτα
1548 2195 1858 2263 εὐξάμενος,

285 2284 380 2338 τδν
409 2286 548 2341 νεὼν
593 2289 1028 2356 κατελάμϐανεν,
1060 2289 1119 2342 ὃν
1149 2289 1176 2340 ό
1207 2288 1299 2341 τοῦ
1333 2287 1605 2357 βασιλέως
1651 2286 1855 2354 πατὴρ,

298 2375 556 2450 Ἰωάννην
605 2379 696 2432 τὸν
746 2379 1056 2446 Βαπτιστὴν
1109 2367 1310 2447 τιμῶν,
1361 2379 1554 2430 ἀνίστα
1603 2378 1744 2428 κατὰ
1799 2376 1860 2427 τὸ

287 2465 583 2534 Ἕϐδομον.
609 2465 863 2535 Συνεξῄει
886 2465 941 2517 δὲ
967 2464 1116 2535 αύτῷ
1144 2466 1236 2518 καὶ
1267 2465 1399 2517 πολύ
1432 2482 1484 2517 τι
1515 2464 1621 2517 τῶν
1649 2464 1855 2532 βαρϐά-

286 2573 399 2622 ρων
438 2555 643 2620 πλῆθος
665 2573 680 2588 ο
713 2557 890 2625 λάθρα
916 2556 971 2608 δὲ
1005 2559 1101 2609 καλ⁸
1139 2557 1278 2609 ὅπλα
1306 2556 1520 2624 ἐξῆγον,
1551 2555 1646 2607 καὶ
1694 2555 1860 2625 κεράσ

287 2664 423 2714 μους
451 2648 624 2717 βελῶν
654 2651 710 2700 ἐν
734 2651 1063 2716 γυναικείοις
1091 2651 1356 2717 ὀχήμασι,
1389 2650 1482 2700 καὶ
1509 2648 1694 2708 ἄλλαις
1719 2649 1861 2715 χρὼ-

288 2755 446 2813 μενοι
485 2745 774 2810 μηχαναῖς.
811 2743 884 2792 Τὸ
927 2743 985 2795 δὲ
1021 2741 1294 2810 βούλευμα
1330 2739 1489 2793 τοῦτο
1538 2742 1631 2794 ἐπὶ
1686 2740 1859 2810 βλάϐῃ

283 2826 452 2894 δῆθεν
493 2828 782 2897 Ῥωμαίων
808 2830 1005 2884 ἐποίει.
1037 2830 1108 2882 Τὸ
1130 2829 1176 2882 δ’
1203 2829 1506 2883 ἐλυσιτέλει
1536 2830 1761 2898 μᾶλλον,
1785 2830 1860 2891 ὡς

286 2920 320 2988 ἡ
354 2918 578 2982 ἔκϐασις
609 2920 832 2984 ἔδειξεν.
851 2921 1000 2973 Ἐπεὶ
1029 2921 1138 2988 γάρ
1169 2922 1303 2991 πρὸς
1326 2922 1434 2974 τῶν
1471 2921 1865 2992 φρουρούντων

285 3010 388 3071 τάς
417 3009 594 3072 πύλας
641 3010 997 3081 πεφώρανται
1026 3011 1169 3065 ὅπλα
1207 3013 1511 3089 ἐξάγοντες,
1572 3013 1665 3065 καὶ
1711 3013 1862 3065 ἐπείρ

286 3120 454 3170 χοντο
482 3103 580 3173 τὴν
633 3104 839 3157 τούτων
871 3105 1186 3174 ἐκκομιδὴν,
1218 3105 1418 3158 ἐκεῖνοι
1447 3105 1516 3158 τά
1553 3106 1685 3174 ξίφη
1723 3122 1862 3159 σπα-

1961 2006 2016 2059 in
2070 2007 2206 2060 urbe
2255 2007 2458 2061 milites
2500 2022 2621 2062 esse
2674 2006 2866 2060 sciret.
2899 2004 3246 2072 Quapropter
3281 2002 3531 2070 proxima
3575 2009 3580 2013 ‘

1960 2097 2124 2153 etiam
2164 2105 2324 2150 nocte
2357 2097 2495 2151 alios
2536 2111 2603 2150 eo
2649 2095 2821 2149 misit.
2857 2094 2927 2150 Ut
2961 2109 3093 2148 vero
3134 2103 3189 2147 et
3229 2093 3303 2145 illi
3342 2093 3533 2145 eadem

1959 2205 2082 2259 qua:
2116 2191 2332 2258 priores
2367 2190 2795 2254 annuntiarunt,
2840 2188 2959 2257 ipse
3008 2202 3075 2241 eo
3108 2187 3281 2247 venit,
3325 2197 3536 2253 διεμυ-

1959 2292 2139 2338 ctator
2184 2283 2360 2337 oculis
2409 2284 2525 2337 suis
2571 2282 2823 2335 miraculi
2855 2282 2975 2351 ejus
3023 2280 3147 2333 fuit.
3184 2277 3387 2332 Verum
3440 2293 3536 2329 sua

1961 2374 2135 2443 gratia
2183 2376 2386 2430 milites
2415 2391 2512 2430 eos
2546 2375 2622 2428 ibi
2655 2375 2850 2429 adesse
2882 2373 3201 2433 arbitratus.
3234 2374 3326 2440 qui
3361 2371 3537 2422 inter-

1962 2469 2053 2522 diu
2093 2468 2318 2537 quidem
2369 2483 2428 2522 se
2479 2467 2850 2531 occultarent,
2904 2475 3071 2519 noctu
3112 2477 3296 2517 autem
3339 2462 3540 2529 vigiliis

1963 2561 2153 2613 urbem
2185 2568 2246 2614 et
2285 2560 2469 2613 aulam
2515 2559 2928 2629 imperatoriam
2959 2554 3326 2612 custodirent.
3365 2568 3392 2604 a
3432 2555 3540 2604 da»

1934 2667 2128 2724 κιιιοιιο
2164 2666 2222 2704 se
2255 2651 2452 2720 agitari
2498 2650 2864 2712 assimulavit.
2899 2663 2953 2702 et
2986 2649 3135 2701 velut
3168 2645 3406 2698 orationi
3447 2660 3540 2694 va-

1961 2752 2185 2799 caturus
2221 2745 2488 2812 templum
2520 2742 2680 2808 adiit,
2716 2743 2859 2810 quod
2902 2739 3251 2808 imperatoris
3284 2748 3448 2806 pater.
3481 2737 3534 2788 iu

1961 2836 2191 2892 Joannis
2237 2837 2492 2906 Baptistae
2524 2836 2792 2891 honorem
2832 2835 2884 2886 in
2924 2833 3173 2902 Septimo
3204 2834 3536 2884 construxit.

1962 2928 2110 2984 Exiit
2143 2938 2327 2983 autem
2347 2943 2472 2982 cum
2497 2943 2564 2982 eo
2587 2931 2782 2991 titagna
2811 2926 3180 2981 Barbarorum
3212 2923 3536 2987 multitudo,

1964 3037 2085 3091 qua:
2115 3021 2256 3074 clam
2277 3036 2460 3076 secum
2482 3036 2632 3074 arma
2657 3032 2711 3075 et
2730 3036 2855 3073 vasa
2884 3019 3069 3072 fit-tilia
3097 3018 3221 3072 telis
3242 3017 3536 3083 completa,

1963 3114 2018 3168 in
2045 3113 2406 3167 muliebribus
2431 3112 2675 3182 pilentis,
2696 3122 2752 3166 et
2780 3120 3045 3178 pra‘terca
3075 3108 3197 3167 aliis
3220 3109 3384 3173 etiam
3405 3122 3541 3175 quas

291 3193 542 3262 σάμενοι,
587 3195 714 3258 τοὺς
744 3196 1019 3264 φρουροὺς
1068 3195 1448 3264 διεχρήσαντο.
1480 3193 1668 3247 Δεινοῦ
1713 3195 1759 3247 δ’
1787 3195 1859 3255 ὡς

1967 3204 2268 3259 machinati
2321 3203 2542 3258 fuerant
2579 3204 2813 3262 artibus.
2845 3201 3128 3265 eil'crebat.
3152 3199 3537 3268 ELCt‘ttth'lllltnt

289 3286 444 3348 εἰκὸς
471 3285 704 3355 θορύϐου
749 3286 850 3358 τὴν
900 3286 1054 3338 πόλιν
1087 3285 1516 3350 καταλαϐόντος,
1548 3286 1624 3349 ὡς
1647 3286 1856 3339 ἀλωσοι

291 3375 464 3442 μένης
493 3376 691 3428 αὐτίκα
715 3379 812 3444 τῆς
845 3376 1074 3441 πόλεως,
1096 3378 1246 3444 ὅμως
1273 3378 1470 3446 γνώμη
1502 3377 1683 3446 ἀγαθὴ
1700 3377 1862 3446 ἐκρά-

287 3481 377 3516 τει
407 3469 522 3528 τοῖς
558 3467 806 3536 παροῦσι.
829 3466 1042 3528 δεινοῖς.
1083 3467 1149 3521 'll
1184 3467 1284 3536 μὲν
1313 3470 1422 3538 γὰρ
1469 3469 1626 3530 πόλις
1662 3467 1862 3537 ἀθρόον

289 3557 355 3604 ὲν
385 3555 466 3624 τῷ
524 3556 755 3626 ἀσφαλεῖ
791 3558 1059 3627 ἐγεγόνει,
1099 3559 1210 3611 τῶν
1254 3559 1442 3612 πυλῶν
1485 3557 1626 3611 κατὰ
1675 3556 1862 3626 χώραν

291 3649 714 3717 γεγενημένων·
747 3651 960 3720 χρηστῇ
990 3649 1048 3704 δὲ
1078 3649 1274 3722 γνώμῃ
1324 3651 1668 3720 χρησάμενος
1710 3650 1863 3718 βασι-

291 3740 450 3803 λεὺς,
489 3741 746 3812 προφανῆ
778 3758 837 3796 τε
897 3742 1158 3812 πολέμιον
1196 3739 1338 3797 εῖναι
1366 3744 1458 3798 τὸν
1498 3745 1700 3800 Γαῖνᾶν
1744 3749 1862 3804 δια-

289 3833 486 3897 γνοὺς,
530 3832 748 3885 ἐκέλευε
775 3835 902 3896 τοὺς
953 3833 1383 3902 ὑπολειφθέντας
1417 3837 1525 3889 τῶν
1561 3837 1860 3911 βαρϐάρων

289 3919 444 3971 ἔνδον
470 3919 666 3988 τειχῶν
697 3918 964 3989 ἀναιρεῖν.
993 3921 1104 3974 Kal.
1130 3921 1249 3991 δῆτ’
1272 3921 1537 3993 ἀνδρείως
1565 3926 1598 3995 ὴ
1630 3930 1864 3997 στρατιὰ

288 4007 637 4077 ἐπιθέμενοι,
683 4011 810 4070 τοὺς
850 4008 1143 4071 πλείστους
1186 4011 1425 4082 ἀνῄρουν
1466 4016 1596 4083 περὶ
1639 4014 1741 4086 τὴν
1773 4019 1864 4070 ἐκ-

292 4101 526 4168 κλησίαν
549 4101 659 4152 τῶν
702 4101 948 4153 Γότθωνο
979 4103 1099 4155 ἐκεῖ
1136 4103 1246 4172 γὰρ
1271 4103 1646 4176 ἠθροίσθησαν
1673 4107 1749 4170 ὡς
1781 4111 1864 4173 είς

290 4193 698 4261 κρησφύγετον,
735 4195 847 4248 τῶν
883 4196 1069 4248 πυλῶν
1101 4195 1159 4247 ἐν
1181 4195 1259 4266 τῷ
1290 4197 1527 4264 ἀσφαλεῖ
1551 4201 1864 4270 γενομένων

293 4287 368 4353 μὴ
393 4285 717 4353 δυνηθέντες
741 4287 1048 4354 διαφυγεῖν.
1081 4287 1191 4340 Καὶ
1219 4287 1283 4355 δὴ
1315 4287 1416 4357 τὴν
1441 4288 1540 4358 μὲν
1564 4291 1864 4361 ἐκκλησίαν

292 4379 448 4447 σφῶν
476 4377 589 4448 πῦρ
619 4379 858 4440 ἐνιέντες
889 4377 1249 4448 κατέπρησαν
1268 4394 1284 4408 ·
1309 4380 1522 4442 πάντας
1549 4381 1595 4435 δ’
1621 4370 1864 4448 ἐκείνους

290 4469 532 4535 ἀφειδῶς
577 4469 844 4524 ἔκτειναν.
886 4471 951 4523 Ὀ
979 4469 1047 4540 δὴ
1101 4470 1290 4539 μαθὼν
1317 4469 1538 4536 Ραῐνᾶς,
1567 4473 1662 4529 τὸν
1705 4476 1864 4530 ἐκούο

1967 3298 2180 3352 hoeille
2202 3298 2256 3351 in
2278 3299 2653 3359 Rotnanornm
2692 3298 2909 3351 scilicet
2943 3295 3333 3350 detrimentum
3369 3294 3536 3362 ccpit.

1965 3388 2235 3443 Caeterum
2263 3389 2316 3442 id
2349 3390 2530 3457 potius
2553 3387 2789 3458 imperio
2809 3402 3000 3441 eorum
3029 3389 3173 3448 bono
3195 3385 3318 3449 fuit,
3367 3394 3425 3437 ut
3461 3385 3537 3438 rei

1967 3482 2151 3536 exitus
2173 3481 2648 3537 declaravit.Cum
2674 3497 2912 3550 namque
2958 3495 2987 3534 a
3029 3491 3312 3550 portarum
3346 3489 3536 3532 custo-

1967 3571 2131 3628 dibus
2157 3589 2307 3628 arma
2323 3573 2521 3628 efferre
2546 3574 2872 3644 deprehensi
2899 3581 3106 3638 essent,
3131 3582 3296 3640 atque
3318 3588 3382 3626 ea
3405 3572 3458 3625 in
3485 3583 3542 3625 re

1968 3662 2382 3728 inhiberentur,
2401 3663 2598 3734 gladiis
2621 3663 2702 3717 illi
2741 3662 2953 3717 strictis
2969 3661 3321 3716 excubitores
3339 3661 3542 3714 intere-

1971 3764 2216 3810 merunt.
2271 3755 2452 3824 Atque
2512 3755 2628 3821 ubi,
2687 3755 3154 3824 quemadmodum
3209 3753 3322 3808 fieri
3377 3753 3540 3812 solet,

1971 3844 2158 3916 gravis
2211 3847 2482 3902 tumultus
2516 3848 2736 3910 urbem,
2791 3846 3021 3916 perinde
3064 3855 3232 3915 atque
3275 3861 3339 3899 ea
3391 3844 3543 3898 illico

1969 3939 2086 4009 capi
2116 3939 2367 4002 deberet,
2417 3940 2732 4007 occupavit,
2775 3940 3069 3994 consilium
3111 3948 3291 3992 tamen
3331 3939 3536 3990 bonum

1970 4029 2258 4098 pra-sentin
2315 4029 2454 4083 mala
2504 4031 2772 4098 explicuit
2823 4043 2988 4100 atque
3041 4033 3348 4098 superavit.
3398 4029 3535 4082 Nam

1969 4122 2165 4176 civitas
2199 4123 2374 4192 portis
2421 4121 2625 4176 clausis
2658 4130 2822 4191 atque
2874 4122 3217 4197 obiit-matis,
3248 4121 3302 4179 in
3354 4131 3536 4180 tutum

1971 4212 2192 4266 redacta
2218 4220 2304 4265 est
2330 4219 2556 4266 statum.
2589 4212 2655 4266 Et
2685 4212 2989 4280 imperator
3015 4211 3286 4291 optimum
3314 4221 3540 4264 secutus

1970 4302 2282 4375 consilium,
2311 4302 2613 4372 publicitus
2643 4303 2872 4358 Gainam
2911 4303 3126 4358 hostem
3157 4302 3452 4372 judicavit,
3483 4313 3539 4356 ct

1971 4393 2064 4463 qui
2114 4387 2417 4464 reliqui-in
2469 4394 2604 4449 urbe
2645 4405 2805 4450 erant
2841 4395 3114 4451 Barbaros
3149 4396 3292 4451 intra
3352 4411 3540 4449 muros

1971 4485 2148 4540 occidi
2193 4485 2380 4553 jussit.
2424 4486 2774 4557 Quapropter
2821 4489 3028 4545 milites
3073 4489 3288 4565 magnis
3335 4489 3540 4546 animis

292 4578 411 4614 σιον
461 4561 797 4631 ἀποθέμενος
825 4563 1079 4631 δαίμονα,
1111 4565 1206 4617 καὶ
1264 4564 1338 4635 μὴ
1375 4565 1470 4618 τοῦ
1500 4568 1695 4622 λοιποῦ
1729 4564 1861 4638 προ-

1969 4577 2093 4632 illos
2143 4577 2406 4648 aggressi,
2455 4580 2724 4648 plurimos
2773 4580 2916 4647 apud
2976 4595 3098 4638 eam
3136 4563 3281 4651 qua:
3331 4580 3538 4636 dicitur

291 4654 493 4723 χωρεῖν
543 4653 643 4714 τὰς
685 4655 904 4718 ἀπάτας
951 4655 1126 4727 αὐτῷ.
1170 4656 1308 4725 άρας
1341 4654 1588 4723 ἐκεῖθεν,
1629 4663 1726 4714 καὶ
1775 4663 1865 4716 διὰ

293 4745 518 4814 θρᾲκης
567 4744 788 4817 ἐλάσας,
811 4739 947 4816 ἧκεν
1000 4748 1081 4807 εἰς
1109 4747 1210 4815 τὴν
1255 4747 1627 4818 Χερρόνησον,
1658 4750 1867 4805 ἐκεῖθεν

295 4838 373 4897 είς
399 4837 477 4888 ἔω
520 4836 894 4906 περαιωθῆναι
935 4837 1342 4906 διανοούμενος.
1370 4839 1532 4908 ’ῼετο
1577 4841 1685 4909 γάρ
1715 4842 1792 4904 ὼς
1818 4843 1868 4895 εί

294 4928 394 4991 τας
432 4930 495 4981 ἐν
535 4928 691 4998 ιΑσίᾳ
748 4927 935 4992 πόλεις
973 4930 1324 4998 χειρώσαιτο,
1357 4930 1561 5001 ῥᾳδίως
1591 4932 1742 5000 αὐτῷ
1773 4932 1870 4986 καὶ

295 5023 364 5072 τὰ
390 5020 714 5090 περικύκλῳ
743 5020 870 5092 ἔθνη
895 5021 1182 5092 ὑποχείρια
1210 5023 1441 5090 γένοιτο.
1467 5024 1579 5077 Καὶ
1613 5025 1642 5077 δ
1673 5025 1774 5092 μὲν
1809 5026 1868 5079 ἐν

304 5114 518 5176 τούτοις
549 5111 617 5184 ἦν
641 5129 658 5147 ⁸
681 5117 710 5168 ὁ
727 5115 784 5168 δέ
813 5114 1072 5183 βασιλεὺς
1099 5116 1358 5186 πρέσϐεις
1378 5117 1621 5187 πέμπειν
1646 5120 1834 5190 ᾑρεῖτο
1851 5134 1865 5150 ⁸

299 5209 480 5271 οὐδεὶς
501 5208 548 5260 δ’
576 5208 780 5279 ἐτόλμα
798 5207 897 5277 τὴν
938 5209 1238 5276 πρεσϐείαν
1263 5225 1276 5240 ·
1307 5209 1368 5262 τὸ
1389 5211 1502 5280 γὰρ,
1527 5210 1626 5280 τῆς
1655 5210 1866 5264 ἐκείνου

303 5299 530 5370 γνώμης
559 5299 709 5369 ὠμὸν
741 5300 1020 5353 ὑπείδοντο
1050 5301 1302 5363 ἕκαστος.
1341 5301 1609 5361 Λιπόντες
1641 5302 1698 5355 δὲ
1743 5303 1869 5366 τοὺς

301 5393 519 5454 ἄλλους.
556 5392 649 5444 ἐπὶ
692 5393 786 5444 τὸν
830 5392 1092 5459 μέγιστον
1151 5391 1376 5444 ἔϐλεπον
1429 5393 1679 5463 ἀριστέα.
1718 5393 1779 5447 '0
1811 5395 1868 5448 δὲ

303 5487 376 5549 μὴ
409 5488 508 5553 τὴν
537 5486 919 5555 γεγενημένην
955 5485 1140 5549 δείσας
1190 5485 1456 5555 διαφορὰν
1505 5487 1610 5556 πρὸ
1641 5487 1865 5558 μικροῦ,

305 5577 532 5644 πρέσϐις
571 5577 771 5631 αὐτίκα
812 5579 903 5630 ἐπὶ
941 5579 1168 5650 θρᾴκης
1211 5579 1290 5647 τῷ
1337 5577 1598 5649 βαρδάρῳ
1645 5580 1864 5650 ἐχώρει.

302 5669 498 5732 ίάἷνᾶς
527 5667 586 5721 δέ
614 5669 706 5721 τον
730 5671 963 5738 πρέσϐιν
984 5673 1132 5731 ὅστις
1168 5671 1252 5738 εῖη
1285 5669 1620 5736 διεγνωκὼς,
1648 5672 1743 5723 καὶ
1768 5675 1866 5742 τὴν

304 5762 440 5826 ὑπὲρ
473 5762 570 5828 τῆς
620 5763 902 5825 εὐσεϐείας
936 5764 1250 5834 παῤῥητίαν
1295 5766 1668 5832 γεγενημένην
1701 5766 1866 5833 ¹αὐτῷ

302 5861 355 5902 εέ
391 5855 463 5921 uti!
493 5855 746 5924 Uéjts‘mq'
783 5858 1046 5919 αἰδειΟεῖς
1081 5859 1132 5908 5':
1175 5856 1324 5927 ςῖττερ
1365 5875 1414 5906 τι
1464 5857 1603 5924 μάλα
1649 5857 1735 5925 ιὴν
1779 5860 1860 5910 ποῖ)

1969 4669 2300 4725 Gotthorum
2331 4671 2625 4726 ecclesiam
2658 4683 2966 4750 necarunt._
3014 4675 3094 4728 Eo
3145 4689 3384 4744 namque
3426 4685 3540 4728 tan-

1969 4777 2130 4832 quam
2165 4763 2230 4817 ad
2265 4763 2476 4834 asylum
2513 4775 2570 4817 et
2609 4766 2916 4837 perfugium
2964 4765 3371 4830 conﬂuxerant,
3413 4782 3538 4821 cum

1970 4854 2145 4923 portis
2181 4855 2389 4910 clausis
2424 4855 2716 4930 profugere
2769 4845 3084 4928 nequirent.
3137 4859 3296 4938 361
3336 4859 3411 4912 Ita
3442 4875 3536 4914 ec-

1969 4947 2192 5001 clesiam
2223 4963 2421 5002 eorum
2466 4950 2591 5017 igne
2626 4949 2828 5018 injecto
2859 4959 3200 5014 cremarunt,
3228 4959 3284 5004 ct
3335 4951 3538 5005 Barba-

1973 5052 2062 5092 ros
2085 5052 2279 5091 omnes
2302 5038 2624 5093 discrimine
2659 5041 2810 5094 nulli)
2835 5041 3222 5095 conciderunt.
3247 5039 3406 5105 Quod
3442 5043 3534 5094 ubi

1969 5125 2172 5181 Gainas
2205 5129 2452 5193 rescivit,
2502 5131 2752 5184 daemone
2779 5145 2944 5199 quem
2974 5131 3262 5184 voluntate
3293 5145 3390 5185 sua
3427 5131 3534 5193 sibi

1971 5233 2305 5288 sumpserat,
2357 5221 2608 5285 diruisse,
2656 5229 2802 5291 quod
2840 5222 2944 5276 sibi
2993 5222 3374 5277 fraudulentas
3413 5224 3539 5278 insi-

1971 5311 2093 5366 dias
2124 5327 2254 5366 suas
2297 5311 2498 5366 deinde
2540 5313 2726 5366 minus
2761 5313 3062 5382 procedere
3093 5323 3370 5378 cerneret,
3411 5316 3540 5388 inde

1974 5403 2273 5470 profectus,
2299 5417 2397 5472 per
2422 5403 2710 5459 Thraciam
2741 5405 2796 5459 itt
2827 5404 3244 5479 Chersonesum
3265 5411 3538 5484 pervenit,

1977 5495 2231 5564 trajicere
2265 5511 2329 5548 ex
2363 5512 2430 5550 eo
2462 5497 2582 5552 loco
2615 5497 2996 5574 in'Orietttem
3020 5500 3290 5576 cogitans.
3337 5504 3538 5560 Existi-

1973 5586 2156 5639 mabat
2193 5603 2451 5657 namque,
2509 5590 2552 5644 si
2608 5590 2660 5644 in
2697 5592 2820 5644 Asia
2869 5593 3038 5663 urbes
3079 5596 3341 5667 cepisset,
3377 5598 3538 5669 facile

1970 5694 2190 5747 quoth
2224 5695 2280 5733 se
2313 5680 2574 5735 finitimas
2620 5682 2672 5735 in
2724 5684 2958 5738 circuitu
2995 5697 3185 5758 gentes
3214 5687 3318 5741 sibi
3355 5667 3540 5756 subch

1970 5781 2187 5823 cturum
2232 5787 2374 5826 esse.
2412 5775 2589 5841 Atque
2625 5774 2714 5828 illc
2751 5775 2973 5842 quidem
3008 5777 3121 5829 hzre
3150 5777 3226 5830 sic
3271 5779 3537 5832 molieba-

1973 5872 2075 5914 tur.
2142 5862 2442 5930 imperator
2499 5873 2679 5918 autem
2732 5877 2978 5921 oratores
3033 5885 3253 5922 rursum
3305 5869 3407 5924 sibi
3463 5873 3534 5940 uti
