4006 6540
501 395 603 460 9οι

500 600 781 668 suscipere
828 603 1086 668 audebat.
1123 609 1324 665 Omnes
1377 613 1524 667 cnim
1568 633 1667 684 pro
1720 633 1778 672 se
1829 622 2063 691 quisque

500 690 776 746 feritatem
813 697 978 756 animi
1007 699 1127 768 ejus
1158 712 1470 775 suspectam
1508 707 1802 775 habebant,
1840 690 1984 766 adeo
2007 723 2063 767 ut

498 798 678 852 neque
740 783 885 840 bello
932 803 1055 853 cum
1103 807 1169 845 co
1213 795 1472 864 congredi
1527 800 1819 869 quisquam
1875 804 2063 868 vellet,

501 890 680 943 neque
724 876 999 948 legatione
1044 881 1189 949 apud
1239 899 1365 937 eum
1421 896 1538 942 tuto
1582 906 1641 945 se
1695 892 1848 960 fungi
1899 909 2065 963 posse

503 978 742 1035 putaret.
777 972 1047 1028 Omnibus
1079 991 1209 1029 vero
1251 978 1372 1032 aliis
1415 981 1646 1047 relictis,
1678 984 1735 1039 in
1767 985 2064 1039 maximum

505 1058 657 1114 illum
686 1061 910 1117 heroem
940 1069 1331 1136 respiciebant.
1352 1069 1448 1125 llle
1477 1088 1642 1142 porro
1670 1075 1806 1129 nihil
1831 1080 2063 1144 veritus,

505 1153 652 1218 quod
698 1154 800 1208 sibi
860 1171 964 1210 non
1019 1158 1092 1211 ita
1143 1162 1353 1226 pridem
1407 1179 1532 1219 eum
1578 1180 1643 1220 eo
1677 1167 2069 1224 intercesserat

505 1245 820 1312 dissidium,
845 1246 1030 1304 oratur
1057 1256 1240 1308 statim
1272 1257 1324 1309 in
1351 1256 1642 1313 Thraciam
1676 1260 1742 1313 ad
1767 1261 2076 1321 Barbarum.

505 1345 591 1391 est
643 1339 940 1406 profectus.
981 1342 1181 1397 Verum
1214 1347 1500 1402 enimvero
1540 1335 1743 1403 Gaiuas
1777 1361 2066 1419 postquam

505 1426 740 1494 legatum
783 1431 846 1482 ad
891 1446 950 1484 se
1001 1434 1338 1507 venientem,
1387 1438 1640 1506 quisnam
1687 1448 1855 1502 esset,
1908 1441 2069 1493 intel-

504 1518 658 1586 lexit,
687 1531 742 1576 et
766 1523 1078 1579 libertatem
1113 1526 1356 1593 dicendi,
1390 1545 1497 1598 qua
1531 1547 1662 1584 usus
1699 1531 1841 1599 apud
1885 1545 1940 1586 se
1972 1547 2069 1600 pro

505 1611 727 1678 ver-inre
793 1615 997 1684 pietate
1067 1613 1284 1681 fuerat,
1341 1620 1396 1674 in
1460 1632 1698 1676 mentem
1768 1624 2068 1689 revocavit,

505 1701 872 1770 nihilominus
900 1707 945 1760 si
995 1708 1126 1776 quid
1171 1709 1344 1774 aliud,
1394 1720 1448 1764 et
1489 1711 1748 1766 virtutem
1802 1713 1902 1768 viri
1953 1716 2072 1784 ejus

509 1796 806 1880 reveritus,
860 1798 1110 1866 quamvis
1151 1810 1208 1854 et
1259 1801 1530 1858 barbarus
1581 1813 1637 1859 et
1687 1805 1864 1859 hostis
1897 1818 2067 1870 esset.

1093 473 1101 480 _
1671 416 2085 480 NlCEPHORl
2122 425 2209 483 CA
2222 426 2463 488 LLISTI
3427 489 3440 498 ,

501 520 626 570 eum
681 506 976 566 mittendos
1026 514 1224 577 duxit:
1259 518 1351 574 sed
1391 535 1554 578 nemo
1585 523 1912 594 legationem
1944 544 2064 583 eam

2183 521 2360 607 ινδρὸς
2384 537 2606 607 ἀρετὴν,
2636 538 2740 591 κᾶν
2782 540 2879 593 καὶ
2908 537 3180 609 βάρϐαρός
3218 557 3303 601 τις
3341 532 3412 608 ἦν
3441 533 3533 590 καὶ
3566 539 3710 592 πολέ-

3607 431 3700 491 932

2176 647 2317 697 μιος,
2348 631 2628 703 πόρρωθέν
2654 650 2712 684 τε
2741 632 3011 701 ύπήντετο
3030 649 3043 663 ·
3069 632 3163 684 καὶ
3191 631 3288 700 τὴν
3315 631 3522 682 ἐκείνου
3547 629 3710 693 δεξιὰν

2172 724 2282 783 τοῖς
2314 722 2612 791 ὀφθαλμοῖς
2671 723 2956 792 παρετίθει
3012 725 3106 775 καὶ
3161 721 3569 790 κατησπάζετο·
3625 722 3710 773 καὶ

2171 813 2298 876 τοὺς
2339 814 2536 874 παῖδας
2577 815 2892 882 προσάγων,
2928 816 3042 876 τοῖς
3091 815 3251 882 ίεροῖς
3281 811 3489 865 ἐκείνου
3537 812 3710 877 γόνασι

2175 905 2583 975 προσεκόμιζεο
2634 906 2730 958 καὶ
2780 905 2899 956 τότε
2950 904 3046 972 μὲν
3084 904 3151 957 τὰ
3205 904 3340 956 ὅπλα
3393 903 3709 965 κατετίθετο,

2175 998 2270 1050 καὶ
2301 995 2579 1064 πειθήνιος
2607 991 2694 1064 ἦν.
2729 995 2883 1048 (οὕτω
2911 995 3155 1062 πέφυκεν
3177 993 3343 1063 ἀρετὴ
3376 994 3470 1048 καὶ
3494 994 3580 1046 τὸν
3602 994 3715 1061 σφο-

2173 1087 2275 1155 δρα
2297 1104 2360 1154 γε
2393 1087 2631 1155 δυσμενῆ
2664 1086 2843 1144 αἰδοῦς
2871 1103 2932 1139 τε
2981 1088 3078 1140 καὶ
3127 1085 3519 1152 καταπλήξεως
3569 1087 3714 1154 ἐμπι-

2176 1174 2334 1243 πλᾷν.
2379 1176 2468 1226 Ἐν
2496 1175 2556 1226 οὐ
2592 1175 2770 1244 πολλῷ
2800 1176 2843 1226 δ’
2871 1176 3073 1244 ἐτέρων
3096 1176 3510 1243 ἐπιγενομένων,
3538 1176 3591 1224 ὲν
3615 1176 3712 1234 τοῖς

2179 1266 2312 1326 ίσοις
2342 1260 2409 1332 ῆν
2438 1265 2635 1325 Γαῖνᾶς
2654 1280 2668 1295 ⁸
2707 1265 2796 1318 καὶ
2826 1267 2948 1317 ἐπεὶ
2971 1265 3203 1319 ἐπέϐαλε
3233 1264 3713 1332 τδνἚλλῆσποντον

2175 1357 2646 1428 διαπεραιοῦσθαι,
2677 1359 2770 1411 καὶ
2807 1357 2899 1410 ἐπὶ
2937 1357 3242 1427 Λάμψακον
3283 1356 3596 1413 διαϐαίνειν.
3627 1356 3714 1422 τῆς

2176 1451 2395 1513 ἐλπίδος
2429 1450 2694 1520 ἐψεύσθη,
2727 1449 2876 1512 θείας
2911 1450 3064 1513 αὖθις
3115 1450 3289 1519 ῥοπῆς
3310 1451 3428 1510 ταῖς
3458 1446 3550 1498 τοῦ
3581 1446 3716 1516 βασι-

2178 1544 2313 1604 λέως
2337 1543 2604 1604 ἐπινοίαις
2631 1541 2740 1594 τῶν
2773 1541 3065 1611 Ῥωμαίων
3091 1541 3479 1612 χρησαμένων.
3511 1539 3591 1598 ⁹Ω;
3621 1540 3714 1605 γὲρ

2176 1635 2226 1688 el
2257 1633 2528 1704 βάρϐαροι
2558 1632 2694 1685 νεῶν
2729 1635 2786 1685 ὲν
2816 1632 3024 1702 ἀπορίᾳ
3071 1632 3494 1699 καθεστηκότες.
3525 1631 3713 1697 σχεδίας

2179 1722 2624 1792 συμπηγνύντες,
2674 1725 2766 1774 τὸν
2821 1721 3215 1792 Ἑλλήσποντον
3257 1721 3535 1773 διεκπλεῖν
3586 1722 3715 1770 ἐπει-

2181 1815 2352 1884 ρῶντο
2377 1815 2458 1876 είς
2511 1816 2610 1882 τὴν
2639 1815 2978 1882 καταντικρὺ
3005 1815 3258 1883 ῆπειρον,
3301 1812 3331 1863 ὁ
3373 1810 3613 1880 βασιλεὺς
3641 1810 3714 1860 δή

509 1886 728 1952 longius
754 1889 804 1941 ei
833 1891 1056 1944 honoris
1093 1907 1253 1945 causa
1283 1910 1606 1963 progressus
1636 1905 1720 1950 est
1749 1897 1990 1963 obviam,
2013 1907 2068 1952 et

2183 1903 2278 1970 γῆς
2312 1918 2372 1954 τε
2396 1901 2490 1953 καὶ
2515 1900 2787 1970 Θαλάττης
2827 1900 3038 1963 τούτοις
3076 1899 3231 1970 ἐπῄει
3259 1899 3474 1951 πολλῶν
3499 1915 3712 1966 στρατη·

512 1976 760 2032 dextram
819 1981 938 2048 ejus
985 1983 1162 2039 oculis
1224 1987 1487 2050 admovit,
1522 1997 1578 2042 et
1626 1989 1909 2043 osculatus
1965 1998 2071 2054 est,

512 2067 830 2140 liberosque
857 2088 987 2143 suos
1025 2075 1294 2132 adductos
1322 2079 1497 2134 sacris
1525 2080 1679 2135 illius
1712 2081 1947 2151 genibus
1979 2081 2074 2135 ad-

515 2159 716 2241 hibuit.
753 2164 815 2216 Et
853 2174 965 2218 tum
993 2166 1215 2234 quidem
1244 2169 1335 2224 ille
1363 2185 1512 2225 arma
1537 2171 1812 2240 deposuit,
1845 2183 1900 2227 et
1931 2175 2078 2241 lega-

517 2239 654 2316 tioni
702 2254 752 2308 ei
800 2270 1006 2310 morem
1055 2260 1242 2325 gessit.
1289 2258 1472 2329 Usque
1517 2262 1656 2316 adeo
1687 2264 1862 2318 virtus
1909 2267 2074 2320 etiam

513 2349 628 2402 acri
660 2349 801 2403 hoin
825 2352 1083 2419 pudorem
1113 2363 1168 2407 et
1193 2363 1458 2410 terrorem
1493 2356 1741 2424 incutere
1770 2360 2073 2416 consuevit.

516 2439 674 2506 Brevi
701 2449 881 2494 autem
921 2450 1063 2510 post,
1099 2459 1222 2497 cum
1272 2445 1414 2500 aliud
1465 2448 1722 2516 quiddam
1763 2451 2070 2514 accidisset,

523 2516 592 2606 ad
635 2531 913 2602 ingenium
949 2550 1105 2588 suum
1150 2535 1350 2590 Gainas
1399 2538 1581 2594 rediit.
1614 2541 1682 2594 Et
1733 2541 1823 2595 ubi
1871 2541 2079 2597 Helles-

521 2633 744 2693 pontum
793 2625 1065 2695 trajicere,
1105 2627 1572 2699 l.ampsacumque
1620 2647 1890 2700 occupare
1941 2651 2076 2688 eou-

519 2714 714 2779 tendit,
759 2729 883 2782 spes
910 2731 1036 2770 eum
1069 2716 1284 2778 lefellit,
1319 2735 1444 2773 cum
1489 2720 1717 2775 Romani
1755 2723 1924 2776 divini
1958 2723 2073 2777 Nu-

519 2805 682 2859 minis
730 2807 994 2860 auxilium
1045 2823 1140 2877 per
1187 2810 1532 2880 imperatoris
1583 2814 1807 2868 consilia
1856 2829 2070 2868 rursum

520 2899 624 2969 sibi
679 2899 925 2955 adfuisse
957 2913 1265 2957 senserunt.
1328 2905 1618 2975 Postquam
1662 2908 1807 2960 enim
1857 2907 2073 2960 Barbari

517 2991 737 3045 navium
783 2994 936 3061 copia
963 2995 1229 3058 destituti,
1270 2997 1479 3052 ratibus
1508 2988 1810 3067 compactis
1865 2998 2076 3055 llelles-

521 3070 746 3152 pontum
802 3085 1075 3155 trajicere,
1136 3088 1278 3142 etin
1328 3089 1645 3144 ulteriorem
1702 3091 2074 3146 continentem

519 3155 753 3248 evadere
790 3176 1107 3240 voluerunt,
1142 3178 1443 3247 imperator
1475 3191 1619 3234 terra
1653 3181 1902 3250 marique
1945 3197 2078 3236 con-

524 3249 609 3336 tra
643 3279 740 3319 eos
772 3264 948 3329 duxit,
987 3267 1174 3320 multis
1228 3268 1557 3340 militaribus
1596 3249 1917 3326 triremibus
1945 3273 2077 3327 sub-

525 3358 906 3427 sequentibus.
987 3357 1183 3425 luhoe
1245 3375 1424 3414 rerum
1495 3370 1640 3417 statu
1706 3363 2084 3418 vehementior

526 3448 826 3517 derepente
857 3449 1130 3520 zephyrus
1161 3450 1369 3516 amans,
1403 3463 1548 3508 rates
1579 3453 1628 3508 vi
1664 3469 1856 3520 magna
1881 3454 2083 3510 dissol-

524 3541 641 3611 vit.
691 3550 855 3610 atque
921 3541 977 3594 in
1033 3554 1128 3595 eas
1190 3541 1564 3596 Romanorum
1619 3559 1786 3604 naves
1845 3545 2082 3615 impulit.

523 3629 751 3707 Barbari
799 3630 1012 3685 ratibus
1045 3615 1312 3701 disjectis,
1349 3633 1537 3701 plures
1582 3649 1707 3689 cum
1753 3635 1890 3707 ipsis
1923 3637 2086 3703 equis

525 3701 578 3774 in
627 3722 741 3790 alto
798 3721 1034 3796 demersi
1085 3730 1216 3776 sunt
1259 3740 1274 3777 :
1327 3724 1574 3779 nonnulli
1635 3701 1890 3784 ﬂuctibus
1943 3701 2086 3796 rapti

525 3821 690 3882 atque
741 3812 1085 3879 circumacti,
1140 3813 1270 3870 hinc
1305 3825 1362 3870 et
1398 3815 1526 3884 inde
1575 3816 1631 3870 iu
1677 3818 1864 3875 littore
1902 3819 2084 3891 ejecti,

531 3903 689 3968 multi
715 3903 882 3970 etiam
911 3903 980 3961 ab
1011 3897 1400 3974 invadentibus
1426 3923 1522 3971 eos
1561 3899 1827 3970 militibus
1853 3907 2102 3979 jugulati

530 4005 680 4049 sunt.
716 3995 877 4066 362
917 3981 1145 4052 Plurimi
1195 4014 1326 4055 sane
1365 4015 1431 4054 ex
1467 4001 1718 4055 hostibus
1764 4001 1818 4054 in
1857 4001 2087 4055 transitu

529 4086 765 4164 periere.
841 4088 1044 4163 Gainas
1104 4101 1286 4146 autem
1349 4087 1731 4163 cum‘paucis
1795 4092 2103 4164 incolumis

527 4158 818 4234 'l‘hraciam
865 4161 1182 4258 pererrans,
1224 4193 1282 4238 et
1332 4183 1515 4255 fugam
1570 4199 1715 4254 saepe
1753 4194 1994 4250 mutans,
2035 4183 2088 4237 in

2175 1993 2349 2062 γικῶν
2387 1993 2658 2063 τριήρεων
2710 1991 3116 2047 καταθεουσῶν.
3166 1991 3257 2045 Ἐν
3303 1990 3516 2051 τούτοις
3537 1990 3588 2041 δὲ
3623 1989 3714 2041 τῶν

2175 2082 2519 2154 πραγμάτων
2559 2082 2750 2146 ὄντων,
2783 2080 3011 2147 ἑξάπινα
3037 2081 3274 2152 ζέφυρός
3295 2098 3382 2144 τις
3407 2079 3713 2139 ἐπιπνεύσας

2178 2176 2430 2244 σφοδρὸς,
2459 2175 2556 2236 τὰς
2614 2174 2827 2243 σχεδίας
2877 2174 3053 2227 διέλυε
3098 2174 3212 2244 βίᾳ,
3236 2174 3336 2226 καὶ
3370 2172 3489 2224 κατ’
3515 2171 3712 2224 ἐκείνων

2175 2266 2274 2330 τὰς
2311 2265 2598 2334 Ῥωμαίων
2647 2265 2849 2335 ῆλαυνε
2873 2266 3024 2329 ναῦς.
3073 2267 3185 2320 Καὶ
3211 2267 3262 2317 οί
3322 2263 3424 2332 μὲν
3451 2261 3710 2332 βάρϐαροι.

2175 2359 2529 2415 δισλυθεισῶν
2576 2359 2684 2412 τῶν
2739 2359 3003 2426 σχεδιῶν,
3057 2359 3155 2410 σὺν
3208 2357 3400 2418 αὐτοῖς
3452 2356 3628 2412 ἵπποις
3673 2353 3711 2400 οἱ

2179 2451 2418 2512 πλείους,
2449 2450 2497 2502 οί
2535 2449 2636 2518 μὲν
2665 2449 2986 2518 ὑποϐρύχιοι
3029 2449 3105 2517 τῷ
3131 2448 3300 2518 βυθῷ,
3342 2448 3392 2499 οι
3417 2446 3472 2498 δὲ
3505 2444 3574 2513 τῷ
3602 2443 3710 2496 κλύ-

2175 2538 2304 2590 δωνι
2334 2537 2748 2607 περιαγόμενοι,
2775 2536 3272 2608 ἀναρριπτούμενοι
3320 2536 3422 2589 ἀνὰ
3447 2535 3543 2598 τὰς
3565 2533 3712 2593 ἀκτὰς

2177 2628 2561 2698 ὲξελικμῶντο.
2597 2629 2788 2684 Πολλοὶ
2814 2629 2868 2682 δὲ
2900 2628 3004 2681 ύπδ
3026 2628 3134 2682 τῶν
3169 2627 3521 2699 στρατιωτῶν
3558 2624 3713 2678 ἐπιόν-

2175 2737 2284 2773 των
2314 2721 2496 2782 αὐτοῖς
2542 2720 2862 2791 ἀνῃροῦντο.
2904 2722 2978 2773 Τδ
3041 2720 3139 2786 μὲν
3187 2720 3281 2774 οὖν
3331 2719 3576 2772 πλεῖστον
3618 2718 3713 2768 τῶν

2179 2812 2478 2883 βαρϐάρων
2525 2813 2602 2881 τῷ
2640 2813 2877 2882 διέκπλῳ
2926 2811 3220 2882 διέφθαρτο
3253 2829 3267 2844 ο
3305 2812 3506 2871 Γαῖνᾶς
3549 2809 3599 2862 δὲ
3632 2810 3713 2860 σὺν

2176 2903 2380 2970 ὀλίγοις
2431 2901 2534 2954 ἀνὰ
2559 2901 2658 2971 τὴν
2703 2901 2926 2972 Θρᾴκην
2976 2899 3333 2970 περισωθεὶς,
3389 2897 3648 2966 ἁλώμενός
3672 2895 3712 2944 τ’

2178 2993 2359 3046 ἐκεῖσε
2390 2993 2485 3046 καὶ
2515 2994 2717 3060 φυγαῖς
2765 2992 3067 3062 χρώμενος,
3119 2991 3280 3060 ἑτέρᾳ
3316 2990 3587 3057 Ῥωμαϊκῇ
3621 2985 3714 3036 ἐνέ-

2179 3100 2343 3138 πιπτε
2376 3083 2627 3153 στρατιᾷ,
2662 3083 2752 3135 καὶ
2784 3083 2881 3136 σὺν
2924 3083 3037 3144 τοῖς
3079 3082 3216 3150 ἀμφ’
3247 3081 3417 3134 αὑτὸν
3450 3078 3713 3149 βαρϐάροις

2182 3177 2450 3230 ἀπώλετο.
2476 3174 2550 3228 Οὔ
2597 3177 2630 3244 ή
2670 3173 2882 3243 κεφαλὴ
2920 3173 3310 3243 ταριχευθεῖσα
3343 3175 3424 3236 είς
3461 3171 3554 3241 τὴν
3579 3171 3713 3221 Κων-

2186 3265 2467 3319 σταντίνου
2513 3262 2892 3332 ἀνεκομίζετο.
2951 3263 3038 3315 Ἐν
3081 3263 3145 3332 δὴ
3189 3263 3267 3333 τῷ
3311 3263 3530 3330 πολέμῳ
3566 3258 3715 3326 τούτῳ

2183 3356 2452 3419 Φλαϐίτας
2477 3356 2617 3426 ἀνὴρ
2647 3356 2842 3417 Γότθος
2880 3355 2978 3424 μὲν
3011 3355 3071 3408 τὸ
3099 3357 3276 3421 γένος,
3310 3353 3496 3415 εὔνους
3518 3353 3570 3405 δὲ
3593 3351 3714 3419 μάλα

2196 3448 2510 3516 Ῥωμαίοις,
2543 3448 2637 3501 καὶ
2664 3450 2732 3500 τὰ
2765 3447 3000 3515 πολέμια
3037 3446 3358 3514 κράτιστος,
3398 3445 3629 3513 λαμπρός
3647 3459 3714 3501 τις

2187 3537 2380 3607 φανεὶς
2413 3537 2508 3591 καὶ
2555 3538 2797 3607 ἄριστος,
2829 3537 3035 3597 ὕπατος
3073 3536 3441 3604 ἀνηγόρευται
3461 3550 3478 3566 ο
3509 3532 3715 3600 ὁπηνίκα

2186 3629 2266 3699 τῷ
2298 3628 2506 3698 βασιλεῖ
2555 3631 2683 3690 παῖς
2714 3628 2976 3693 ἐτίκτετο,
3027 3629 3054 3680 ὁ
3085 3628 3243 3690 καλὸς
3304 3629 3376 3680 τὰ
3423 3626 3591 3679 πάντα
3639 3623 3716 3673 καὶ

2189 3720 2442 3790 θεοφιλὴς
2472 3720 2774 3782 Θεοδόσιος,
2821 3719 2900 3788 τῷ
2963 3720 3172 3788 πάππῳ
3221 3720 3533 3789 ὁμώνυμος.
3584 3718 3652 3784 Τῇ
3678 3716 3713 3766 δ’

2188 3813 2317 3882 ἑξῆς
2349 3811 2584 3880 ὑπατείᾳ
2608 3813 2704 3862 καὶ
2739 3809 3000 3871 σεϐαστὸς
3031 3810 3392 3878 ἀνηγόρεντο.
3439 3809 3644 3877 Ἐπίσης
3669 3806 3715 3858 δὲ

2189 3905 2360 3974 Γαῖνᾷ
2387 3901 2484 3958 καὶ
2513 3903 2541 3954 ὁ
2589 3899 2777 3971 ῥηθεὶς
2831 3900 3180 3970 Τριγίϐιλδος
3228 3899 3428 3962 Γότθος
3457 3897 3713 3952 πέπονθεν.

2203 3995 2290 4058 Ὠς
2321 3993 2428 4063 γὰρ
2451 3992 2646 4060 ἐκείνῳ
2672 3991 2773 4059 τὴν
2806 3990 2964 4055 νίκην
2999 3991 3308 4059 προδέδωκε
3347 3992 3557 4071 Γαῖνᾷς,
3580 3988 3714 4056 δῆθεν

2189 4087 2399 4144 ἐκεῖνον
2429 4084 2670 4150 φεύγων,
2707 4081 2805 4150 τὴν
2869 4082 3122 4134 Πισιδίαν
3170 4082 3267 4134 uel.
3300 4083 3612 4150 Παμφυλίαν
3634 4097 3716 4132 κα-

2187 4151 2437 4230 ταλαϐὼν
2469 4155 2814 4240 ἐλυμαίνετο.
2849 4173 3080 4223 Ἔπειτα
3138 4172 3234 4224 καὶ
3275 4173 3439 4234 αὐτὸς
3470 4171 3713 4229 πλείσταις

525 4272 663 4352 alias
711 4271 1088 4344 Romanorum
1132 4275 1336 4356 incidit
1371 4276 1581 4348 copias,
1627 4286 1792 4346 atque
1836 4277 1912 4331 ibi
1963 4291 2078 4331 cum

2193 4265 2397 4336 μάχαις
2443 4264 2536 4317 καὶ
2577 4261 2909 4333 δυσχωρίαις
2951 4263 3280 4329 Ἰσαυρικαῑς
3330 4261 3715 4332 περιθρανσθεὶς

527 4348 670 4435 fuga:
715 4366 1017 4423 comitibus
1063 4346 1532 4424 barbaris-camus
1559 4346 1670 4426 est.
1707 4366 1876 4439 Cujus
1926 4375 2078 4436 caput

2189 4357 2286 4427 τὴν
2320 4355 2496 4424 ἰσχὺν,
2533 4354 2685 4423 μόλις
2710 4353 2801 4404 ἐπὶ
2843 4353 2935 4404 τὸν
2978 4352 3379 4420 Ἑλλήσποντον
3401 4351 3714 4415 διασώζεται.

528 4454 905 4522 exsiccatum,
963 4457 1496 4536 Constantinopolim
1565 4468 1649 4516 est
1702 4458 1967 4529 delatum.
2032 4458 2078 4511 In

2191 4443 2535 4515 Περαιωθεὶς
2655 4445 2746 4496 ἐπὶ
2777 4442 3022 4513 Θρᾴκην,
3055 4444 3113 4495 ὲν
3142 4445 3204 4496 ού
3243 4443 3428 4514 πολλῷ
3462 4445 3553 4496 καὶ
3579 4441 3717 4500 αὐτὸς

530 4545 672 4600 bello
719 4547 846 4628 hoc,
898 4531 1130 4628 lavita.
1164 4550 1434 4610 Gotthicaa
1468 4553 1646 4621 gentis
1676 4551 1783 4616 vir,
1827 4549 2078 4607 Romani:

2190 4536 2585 4606 διαφθείρεται.
2627 4532 2787 4586 Ἀλλὰ
2811 4533 2879 4586 τὰ
2921 4534 3021 4602 μὲν
3049 4534 3182 4607 περ).
3205 4534 3318 4590 τῶν
3348 4536 3512 4616 Γαῖνᾶ
3545 4533 3718 4600 τολμηο

530 4645 712 4690 autem
741 4620 976 4710 maxime
1017 4640 1182 4713 (idus,
1213 4653 1268 4696 et
1303 4620 1536 4715 scientia
1565 4643 1788 4698 militari
1823 4651 2078 4708 praestan-

2199 4632 2406 4701 μάτων,
2445 4627 2538 4680 καὶ
2566 4624 2662 4696 οἴῳ
2707 4625 2856 4678 τέλει
2902 4628 3198 4697 ἐχρήσατο,
3235 4629 3294 4679 ὲν
3323 4628 3578 4697 ἐπιδρομῇ
3606 4625 3719 4676 ἁπο-

533 4729 799 4794 tissimus,
850 4732 995 4800 quod
1034 4712 1242 4802 optime
1281 4751 1339 4790 se
1386 4746 1442 4792 et
1490 4713 1927 4806 splendidissime
1969 4749 2078 4804 ges-

2195 4719 2475 4791 χρώντως,
2503 4712 2678 4793 οἶμαι,
2710 4715 3050 4784 εἰρήκαμεν·
3090 4719 3139 4768 εί
3187 4717 3245 4770 δέ
3296 4735 3374 4787 τῳ
3418 4717 3561 4786 φίλον
3591 4716 3722 4806 ἀκρι-

531 4819 717 4885 sisset,
757 4823 946 4895 consul
975 4832 1058 4893 est
1092 4825 1460 4894 renuntiatus.
1492 4825 1612 4892 Quo
1644 4835 1890 4896 tempore
1919 4826 2078 4880 etiam

2196 4812 2303 4874 ϐὡς
2337 4811 2436 4864 καὶ
2461 4809 2602 4862 κατὰ
2635 4798 2830 4860 λεπτὸν
2854 4807 3106 4862 διειδέναι
3139 4807 3208 4860 τὰ
3239 4807 3314 4877 τῷ
3341 4809 3553 4876 πολέμῳ
3574 4804 3718 4896 τούτῳ

531 4909 863 4982 imperatori
903 4914 1049 4969 iilins
1091 4927 1392 4988 prognatus
1441 4928 1560 4987 est,
1606 4917 1784 4975 modis
1831 4917 2091 4972 omnibus

533 5003 734 5070 honus,
798 5005 1019 5076 Deoque
1064 5011 1269 5065 charus
1317 5010 1683 5077 Theodosius,
1737 5025 1862 5072 avo,
1923 5007 2087 5063 sicuti

531 5092 794 5160 diximus,
839 5100 1183 5180 cegnominis
1213 5119 1227 5156 :
1260 5103 1514 5175 sequenti
1567 5110 1749 5156 autem
1793 5097 2089 5154 consulatu

527 5186 694 5241 etiam
761 5189 1042 5261 Augustus
1110 5202 1195 5247 est
1273 5193 1644 5267 renuntiatus.
1728 5190 1873 5244 ldem
1939 5186 2089 5257 quod

527 5273 753 5340 Gainas,
810 5277 1174 5350 Trigibildus,
1221 5297 1387 5350 quem
1443 5296 1619 5354 supra,
1660 5281 2094 5344 nominavimus,

531 5365 769 5424 Gotthus
803 5386 994 5438 passus
1046 5385 1148 5427 est.
1198 5374 1492 5443 Postquam
1527 5373 1674 5426 enim
1721 5372 1766 5426 is
1802 5369 2089 5441 victoriam

531 5458 736 5524 Quinte,
790 5477 886 5530 per
937 5449 1296 5518 collusionem
1341 5465 1570 5541 scilicet,
1606 5463 1869 5533 prodidit,
1925 5471 2090 5541 atque

527 5563 591 5599 ex
626 5562 808 5617 pugna
849 5549 1108 5621 profugit,
1160 5552 1418 5606 Pisidiam
1455 5561 1510 5606 et
1557 5552 1934 5620 Pamphyliam
1967 5567 2091 5621 per-

531 5653 766 5700 currens
799 5640 1011 5696 aillixit.
1063 5643 1254 5697 Postea
1306 5645 1554 5713 plurimis
1597 5644 1814 5714 pugnis,
1847 5628 2092 5706 et‘loco-

530 5743 652 5782 rum
716 5728 769 5784 in
815 5731 1022 5786 lsauria
1061 5735 1657 5811 .incommoditatibus,
1699 5727 1913 5788 viribus
1969 5733 2111 5808 ejus

2195 4901 2557 4971 γεγενημένα,
2597 4901 2662 4969 τῇ
2694 4899 2980 4963 Γαῖαν-δίᾳ
3009 4899 3176 4968 δέλτῳ
3219 4901 3562 4968 ἐντυγχάνειν
3615 4895 3718 4948 τοῦ-

2195 5012 2289 5062 τον
2311 4992 2625 5062 κελεύομεν,
2665 4992 2731 5062 ῆν
2776 4991 2804 5041 ὁ
2853 4991 3207 5060 σχολαστικὸς
3256 4992 3540 5056 συνέταξεν
3578 4987 3716 5041 Elici-

2195 5089 2330 5151 ϐιος,
2361 5088 2388 5138 ὁ
2423 5083 2574 5153 παρὰ
2599 5082 2827 5153 Τρωΐλῳ
2861 5084 3124 5152 φοιτήσας
3153 5083 3228 5152 τῷ
3260 5087 3482 5153 σοφιστῇ
3508 5098 3520 5112 ο
3551 5081 3602 5151 ὃς
3621 5079 3716 5139 τοῖς

2196 5181 2487 5250 πράγμασι
2523 5174 2738 5245 παρὼν,
2771 5178 2866 5228 καὶ
2904 5175 3183 5244 αὐτόπτης
3215 5175 3306 5228 τοῦ
3332 5176 3557 5242 πολέμου
3585 5169 3716 5240 γενό-

2199 5288 2379 5343 μενος,
2419 5271 2646 5338 τέτρασι
2703 5267 2932 5336 βιϐλίοις
2967 5269 3025 5320 ὲν
3072 5268 3240 5337 ήρὼῳ
3274 5269 3452 5338 μέτρῳ
3483 5260 3716 5334 λαμπρῶς

2199 5362 2484 5432 ἐπεξῆλθ⁸’
2512 5361 2740 5431 Νεαρῶν
2760 5360 2816 5412 δὲ
2839 5358 2948 5419 τῶν
2972 5358 3313 5427 πραγμάτων
3342 5357 3522 5418 ὄντων,
3543 5353 3715 5422 σφόδρι

2199 5456 2292 5510 ἐπὶ
2345 5458 2412 5526 τῆ
2461 5455 2752 5524 συγγραφῇ
2805 5449 3148 5520 ἐθαυμάσθη.
3211 5449 3319 5501 Καὶ
3357 5445 3636 5517 Ἀμμώνιος
3679 5437 3712 5488 δ’

2199 5551 2386 5620 ἕτερος
2434 5547 2682 5619 ποιητὴς,
2741 5547 2810 5606 τὸ.
2867 5544 3006 5598 αὐτὰ
3069 5543 3414 5613 ῥαψῳδήσας,
3469 5537 3712 5601 εὐδόκιμος

2201 5641 2447 5713 διεκρίθη
2477 5640 2570 5693 ἐπὶ
2601 5641 2700 5708 τῆς
2733 5635 3013 5709 παρούσης
3040 5635 3358 5706 ἡγεμονίας.
3387 5628 3612 5683 Τοσαῦτα
3639 5621 3714 5675 καὶ

2204 5733 2332 5802 περὶ
2357 5731 2580 5784 τούτων.

529 5812 747 5900 accisis,
784 5824 875 5899 vis
899 5835 953 5880 et
988 5825 1102 5897 ipse
1132 5826 1185 5882 in
1217 5808 1636 5902 lienes-pontum
1669 5828 1849 5897 salvus
1890 5804 2309 5909 evasit.‘Atque
2381 5821 2474 5877 ubi
2558 5820 2686 5878 inde
2731 5821 2782 5877 iu
2819 5818 3107 5875 Thraciam
3156 5815 3384 5888 trajecit,
3421 5826 3523 5867 non
3569 5804 3713 5859 ωυιιο
