4006 6564
451 482 559 549 955
992 523 1001 545 ,
1641 477 2063 538 merrnom
2111 476 2459 541 carus“
3560 477 3658 543 οδε

456 607 602 661 tura,
648 609 709 650 sc
740 592 1005 649 lnclinata
1037 591 1317 660 submisit,
1351 592 1782 665 mystcriumque
1828 606 2013 647 sacro-

2128 610 2306 662 ροντα,
2363 592 2580 664 ἀγνῶτα
2629 592 2729 665 μὲν
2785 592 2884 665 τὴν
2943 590 3101 664 ὕλην,
3150 590 3353 657 ξενίζον
3401 592 3457 647 δέ
3488 594 3575 649 καὶ
3605 598 3660 650 τὸ

453 693 704 741 sanctum
751 685 1000 739 occuluit
1046 702 1061 739 :
1109 694 1164 739 et
1214 700 1336 754 qua:
1383 684 1433 737 ei
1470 683 1763 737 assistebat
1792 685 2016 749 ancilla,

2128 684 2309 754 τρῶμα
2332 684 2412 747 ὥσ
2424 700 2521 755 περ
2550 684 3016 754 προϐεϐλημένον.
3040 684 3324 754 Δίτήσασα
3346 684 3401 738 δέ
3430 686 3657 753 συγγνώ-

455 795 553 847 pro
597 792 664 831 eo
711 793 908 845 panem
949 791 1299 831 communem
1331 776 1495 829 domo
1528 775 1755 828 allatum
1791 776 2019 840 obtulit,

2128 794 2247 847 μην,
2283 778 2378 830 τοῦ
2410 776 2601 830 λοιποῦ
2660 777 2940 845 διαγέγονε
2988 775 3057 830 τὰ
3111 777 3202 829 ίσα
3234 776 3312 843 τῷ
3355 777 3504 845 ἀνδρὶ
3534 794 3658 857 φρο-

451 884 615 937 quem
651 869 741 922 illa
772 868 855 922 ori
894 868 1217 931 admovens,
1255 868 1309 922 in
1336 866 1536 935 lapidis
1564 875 1819 921 naturam
1852 868 2020 922 indu-

2128 869 2301 924 δοῦσα.
2348 868 2410 923 ’0
2456 869 2514 923 δὲ
2560 868 2703 933 λίθος
2763 872 2843 932 είς
2876 869 3066 921 πίστιν
3115 869 3209 922 τοῦ
3255 868 3529 947 θαύματος
3559 872 3659 933 τοῖς

455 972 631 1014 ratum
661 976 812 1022 csse.
844 962 974 1014 dum
1017 960 1274 1015 dentibus
1310 969 1549 1014 atterere
1597 970 1849 1021 conatur,
1892 974 2018 1013 sen-

2128 962 2281 1029 ,εροϊς
2333 961 2648 1035 κειμηλίοις
2701 961 2796 1029 τῆς
2833 961 3165 1031 Ἐκκλησίας
3209 964 3266 1023 ἐς
3311 960 3446 1035 πολύ
3473 979 3517 1013 τι
3550 962 3663 1031 χρό⁵

453 1054 525 1106 sit
555 1050 658 1123 (ί).
694 1053 885 1122 Itaque
919 1053 1116 1107 timore
1141 1052 1372 1120 percita,
1402 1067 1469 1104 ne
1507 1051 1635 1119 quid
1665 1052 1888 1120 gravius
1923 1047 2026 1116 βπ

2128 1067 2211 1105 νου
2261 1031 2689 1123 διατηρούμενος
2726 1047 2816 1122 ἦν,
2856 1051 3043 1121 θαῦμα
3089 1055 3203 1116 τοίς
3253 1031 3427 1123 ὁρῶσί
3454 1055 3662 1121 γενόμε-

457 1143 548 1197 υοί
581 1143 874 1197 vindictam
904 1151 1206 1212 pateretur,
1238 1151 1465 1211 propter
1495 1140 1846 1204 miraculum,
1870 1139 2015 1210 quod
2118 1158 2228 1205 vo;.

454 1244 655 1303 prmter
721 1234 1039 1304 opinionem
1097 1234 1413 1299 acciderat,
1473 1237 1621 1290 nulla
1685 1233 2012 1302 interposita
2056 1247 2241 1298 mora,
2289 1235 2356 1289 ad
2409 1249 2662 1305 magnum
2719 1232 2875 1290 illum
2964 1235 3177 1291 accedit
3232 1233 3478 1301 Patrem,
3562 1251 3660 1288 rem

452 1335 629 1381 actam
674 1328 726 1381 ei
766 1328 1013 1397 exponit,
1058 1338 1115 1382 et
1162 1327 1402 1396 lapidem
1447 1326 1716 1388 ostendit.
1756 1337 1909 1381 certo
1960 1335 2015 1379 et
2055 1336 2247 1395 aperte
2316 1342 2536 1382 morsus
2602 1327 2870 1381 indicium
2905 1328 3282 1391 exhibentem,
3319 1328 3409 1395 qui
3439 1329 3665 1395 jamtna-

456 1419 648 1471 teriam
701 1418 960 1489 ignotam.
1016 1434 1335 1489 novumque
1386 1430 1442 1475 et
1491 1420 1734 1474 alienum
1808 1418 2051 1472 colorem
2091 1418 2391 1473 obtineret.
2459 1418 2523 1472 Et
2557 1421 2715 1473 venia
2761 1419 2945 1474 delicti
2977 1420 3170 1488 petita,
3211 1419 3472 1485 deinceps
3499 1420 3546 1471 in
3584 1435 3666 1471 ea-

453 1512 575 1563 dem
601 1526 725 1565 cum
755 1512 953 1566 marito
975 1513 1235 1583 opinione
1259 1512 1600 1581 perduravit.
1633 1510 1796 1579 Lapis
1826 1510 1926 1564 iste
1985 1509 2051 1562 ad
2096 1509 2258 1564 iidem
2292 1510 2546 1565 miraculi
2570 1511 2690 1583 ejus
2720 1512 3025 1567 laciendam
3051 1513 3214 1581 longo
3243 1521 3483 1581 tempore
3542 1513 3664 1566 inter

450 1602 703 1658 ecclesia:
745 1602 972 1659 donaria
1018 1615 1356 1670 asservatus,
1402 1602 1808 1674 spectatoribus
1854 1601 2124 1656 miraculo
2162 1600 2288 1657 luit.

1034 1719 1259 1775 CAPUT
1298 1719 1439 1775 Vili.

362 1816 365 1819 ‘
459 1804 533 1861 De
557 1807 910 1881 frequentibus
937 1812 993 1864 iu
1014 1812 1201 1866 divinis
1227 1812 1432 1881 templis
1457 1811 1637 1880 populi
1662 1811 2016 1875 conventibus,

526 1889 575 1932 et
620 1882 683 1932 de
716 1879 1019 1947 psalmodiis
1070 1879 1376 1951 hymnisque
1422 1879 1641 1934 alternis
1687 1881 2018 1951 decantatis;

525 1965 628 2020 qua
666 1963 729 2001 ea:
766 1965 928 2020 causa
969 1958 1018 2003 et
1060 1949 1316 2019 quomodo
1361 1966 1555 2003 morem
1600 1966 1717 2004 cum
1758 1949 2019 2020 psallendi

524 2019 758 2087 priurum
788 2018 1028 2073 Ecclesia
1067 2018 1160 2073 Dei
1189 2020 1467 2090 acceperit.

524 2131 701 2189 Porro
750 2131 987 2201 populus
1034 2130 1683 2202 Constantinopolitanus
1729 2134 2019 2187 nocturnis

457 2224 852 2294 matutinisque
881 2224 1100 2294 hymnis
1139 2226 1371 2279 maxima
1416 2226 1703 2280 alacritate
1743 2225 2016 2293 incnlmit,

451 2330 519 2367 es
557 2315 827 2383 ejusmodi
865 2314 1102 2386 primum
1137 2333 1321 2372 causa.
1348 2318 1538 2372 Ariani
1571 2319 1674 2373 sub
1702 2318 2018 2375 Theodosio

455 2406 627 2460 sacris
648 2407 863 2462 aedibus
892 2410 1128 2480 expulsi,
1161 2418 1316 2465 extra
1350 2410 1503 2464 urbis
1528 2412 1728 2466 mcenia
1756 2413 2019 2467 ecclesias

457 2508 874 2568 conventusque
901 2515 1033 2555 suos
1056 2500 1310 2570 agebant.
1349 2502 1509 2557 Prius
1530 2512 1715 2557 autem
1748 2513 2018 2557 nocturno

459 2599 706 2657 tempore
742 2592 796 2644 in
845 2591 1085 2659 publicis
1128 2593 1433 2661 porticibus
1471 2593 1813 2663 congregati,
1851 2602 2017 2663 atque

457 2680 510 2732 iu
541 2680 746 2736 choros
778 2670 907 2737 suos
950 2682 1239 2752 segregati,
1272 2683 1517 2736 carmina
1552 2682 1801 2753 «tutandam
1852 2683 2019 2738 alter-

459 2773 543 2826 nis
572 2771 1001 2841 antipltonorum
1034 2773 1197 2828 modo
1244 2773 1348 2828 sibi
1400 2774 1637 2829 invicem
1678 2775 2020 2844 responden-

456 2862 556 2925 tia,
587 2862 653 2916 ad
685 2862 911 2918 haeresis
931 2880 1043 2919 sua:
1072 2864 1267 2933 placita
1296 2864 1727 2927 accommodata,
1749 2866 2019 2922 concinne

456 2955 751 3019 cauebant,
784 2964 841 3010 et
868 2967 1084 3010 noctem
1116 2958 1344 3011 multam
1380 2957 1434 3010 in
1474 2958 1743 3029 ejusmodi
1772 2958 2017 3027 psalmo-

2676 1717 2856 1771 ΚΕΦΔ
2866 1718 2930 1772 Λ.
2979 1715 3061 1773 H'.

2120 1810 2258 1877 Περὶ
2288 1808 2400 1878 τῆς
2424 1812 2513 1877 είς
2541 1809 2684 1877 τοὺς
2709 1811 2910 1878 θείους
2931 1809 3082 1876 νεὼς
3106 1808 3412 1876 συνεχοῦς
3450 1806 3663 1878 σχολῆς

2188 1879 2309 1932 τῶν
2351 1877 2556 1933 λαῶν·
2598 1881 2696 1933 καί
2741 1877 2894 1945 περί
2929 1879 3046 1933 τῶν
3095 1878 3448 1948 ἀντιφώνων
3484 1877 3663 1948 {mi-uir

2190 1949 2289 2001 καί
2327 1948 2695 2016 ψαλμῳᾶιῶν
2717 1988 2731 2012 ,
2780 1950 2921 2003 ὅθεν
2951 1948 3048 2001 καί
3105 1946 3264 2014 ὅπωζ·
3297 1948 3481 1999 ταῦτα
3516 1948 3577 1999 τὸ
3602 1946 3662 2009 ἐξ

2187 2018 2383 2086 ἀρχῆς
2413 2019 2452 2085 ἡ
2484 2020 2590 2073 τοῦ
2619 2018 2773 2073 Θεοῦ
2797 2019 3125 2086 Ἐκκλησία
3148 2017 3508 2085 παρέλαϐεν.
3592 2048 3595 2057 ε

2189 2134 2288 2187 Διά
2312 2151 2392 2187 τοι
2428 2134 2587 2188 τοῦτο
2615 2134 3029 2203 προθυμότερον
3071 2133 3099 2186 ὁ
3128 2135 3224 2201 τῆς
3272 2130 3662 2185 Κωνσταντίνου

2104 2224 2254 2288 ,λεὼς
2281 2228 2391 2288 τοῖς
2414 2242 2473 2278 τε
2498 2225 2746 2289 ἑωθινοῖς
2768 2226 2862 2278 καὶ
2888 2227 3222 2294 νυκτερινοίς
3250 2222 3444 2294 ὕμνοις
3471 2221 3662 2291 μάλιστ’

2120 2318 2360 2388 ἐχρῶντο
2390 2318 2447 2382 ἐξ
2472 2317 2652 2382 αίτίας
2680 2318 2895 2371 τοιᾶσδε
2924 2319 3299 2387 γεγενημένης
3323 2318 3387 2369 τὸ
3412 2316 3468 2382 ἐξ
3485 2316 3661 2388 ἀρχῆς.

2120 2410 2183 2460 Ui
2245 2408 2516 2477 Ἀρειανοὶ
2567 2410 2664 2461 ἐπὶ
2717 2409 3001 2463 Θεοδοσίου
3027 2408 3139 2462 τῶν
3187 2407 3491 2478 εὐκτηρίων
3518 2406 3664 2460 οἴκων

2121 2499 2513 2565 ἀπελαθέντες,
2536 2500 2642 2571 πρδ
2672 2499 2782 2554 τῶν
2815 2500 3012 2570 τειχῶν
3036 2499 3497 2570 ἐκκλησιάζοντες
3522 2493 3663 2569 ἦσαν.

2120 2591 2395 2661 Πρότερον
2421 2590 2477 2644 δὲ
2516 2591 2731 2660 νύκτωρ
2764 2592 2882 2654 ταίς
2902 2592 3197 2661 δημοσίαις
3231 2593 3419 2656 στοαῖς
3443 2590 3668 2662 ἀθροιζό-

2123 2698 2297 2748 μενοι,
2332 2682 2426 2734 καὶ
2448 2681 2527 2746 είς
2561 2683 2889 2753 συστήματα
2909 2682 3337 2753 διακρινόμενοι,
3368 2683 3509 2753 ᾠδάς
3529 2698 3665 2743 τινας

2117 2773 2317 2844 τρόπον
2344 2773 2663 2843 ἀντιφώνων
2707 2773 3009 2838 ποιοῦντες,
3047 2774 3183 2845 πρὸς
3224 2774 3287 2827 τό
3338 2775 3558 2837 ἐκείνοις
3586 2774 3663 2825 δο-

2118 2863 2250 2919 κοῦν
2287 2866 2384 2937 τῆς
2418 2866 2686 2938 αἱρέσεως
2719 2866 2977 2936 ἐμμελῶς
3002 2862 3130 2940 ᾖδον
3155 2882 3172 2898 ο
3207 2865 3304 2920 καὶ
3356 2866 3416 2918 τὸ
3442 2865 3667 2918 πλείσταν

2119 2957 2184 3027 δὴ
2231 2956 2332 3026 τῆς
2366 2958 2565 3021 νυκτὸς
2594 2957 2689 3010 ἐπὶ
2732 2956 2947 3020 τούτοις
3000 2957 3322 3026 ἀνήλισκον.
3364 2957 3494 3020 Ὑπὸ
3532 2957 3574 3010 δ’
3602 2957 3667 3009 ἓν

456 3044 547 3096 dia
597 3045 1019 3101 consumebant.
1072 3046 1188 3101 Sub
1244 3058 1499 3101 auroram
1558 3058 1741 3103 autem
1803 3049 2019 3119 publice

2128 3048 2361 3120 δημοσίᾳ
2399 3049 2492 3102 καὶ
2534 3047 2710 3102 ταῦτα
2737 3045 3059 3117 ψάλλοντες,
3091 3047 3419 3135 ἐξω-πυλῶν
3454 3048 3530 3110 είς
3555 3046 3667 3108 τοὺς

455 3136 649 3190 eadem
686 3137 1062 3201 concinentes,
1089 3150 1242 3193 extra
1289 3140 1485 3194 urbem
1519 3139 1572 3194 in
1618 3156 1681 3195 ea
1717 3141 1807 3195 ubi
1835 3142 2020 3198 eccle-

457 3228 567 3282 sias
630 3227 910 3283 habebant
958 3229 1080 3283 ioca
1141 3231 1540 3298 procedebant.
1607 3232 1904 3288 Faciebant
1967 3233 2020 3288 id

459 3319 696 3373 maxime
739 3318 1169 3376 solemnioribus
1198 3321 1464 3376 festorum
1500 3323 1717 3378 dierum
1754 3325 2021 3395 tempori-

460 3416 586 3477 bus,
624 3425 681 3466 et
728 3415 899 3482 prima
938 3406 1250 3483 eademque
1285 3414 1475 3469 ultima
1512 3416 1879 3473 hebdomadis
1911 3418 2021 3484 die,

458 3522 624 3573 quam
680 3506 1016 3560 Dominicam
1068 3521 1374 3561 vocamus:
1428 3507 1631 3576 quibus
1678 3508 2023 3576 temporibus

458 3596 628 3647 ιιιίειιιι
678 3609 910 3664 synaxes
965 3594 1021 3648 in
1078 3595 1326 3651 ecclesiis
1385 3593 1503 3648 fieri
1558 3596 1759 3652 solent.
1825 3596 2022 3654 Postea

464 3698 598 3737 vero
638 3692 836 3737 cantus
868 3683 1008 3738 tales
1054 3684 1121 3737 ad
1151 3686 1569 3746 contentionem
1601 3702 1824 3756 quoque
1866 3688 2027 3744 insti-

464 3775 695 3829 tuebant
731 3773 810 3843 (2)
842 3791 854 3828 :
890 3793 909 3825 ι
950 3773 1185 3829 Ubinam
1224 3784 1353 3835 sunt
1387 3766 1679 3847 (dicentes)
1719 3777 1815 3846 qui
1842 3777 2029 3841 Trini-

463 3876 634 3922 tatem
667 3866 911 3937 cjusdem
945 3865 1274 3921 substantia:
1296 3876 1354 3921 et
1383 3867 1631 3939 ejusdem
1674 3868 1905 3925 honoris
1933 3884 2027 3926 co-

464 3960 619 4014 lunt?
656 3978 694 4011 ι-
729 3959 856 4014 ilaac
905 3968 959 4014 et
989 3960 1109 4028 jalia
1164 3968 1427 4029 pra-terea
1462 3960 1801 4027 ejusccmodi
1854 3963 2025 4018 verba

462 4053 801 4107 carminibus
826 4053 1213 4122 aspergebant.
1244 4051 1405 4130 365
1440 4050 1545 4107 Sed
1579 4053 1728 4108 enim
1760 4053 2026 4121 Joannes,

467 4162 535 4200 ne
588 4145 758 4215 aliqui
794 4160 861 4199 ex
905 4144 1143 4198 ecclesia
1192 4158 1291 4198 sua
1330 4145 1453 4214 ejus
1499 4145 1722 4214 generis
1770 4145 2026 4203 cantibus

462 4237 718 4299 demulsi,
748 4237 816 4291 ab
848 4236 956 4291 illis
978 4235 1399 4310 seducerentur,
1418 4233 1485 4288 ad
1511 4235 1768 4289 eunidcm
1800 4235 2025 4294 modum

465 4341 658 4384 contra
704 4327 827 4381 illos
867 4326 1226 4396 psalmodiam
1281 4340 1439 4381 suam
1472 4325 1730 4381 instituit.
1773 4325 1842 4379 Et
1876 4328 2026 4381 brevi

2126 3140 2325 3202 τόπους
2368 3138 2497 3192 ἔνθα
2550 3137 2644 3192 καὶ
2683 3138 3074 3219 ἐκκλησίαζον,
3127 3139 3471 3212 ἐπορεύοντο.
3503 3137 3668 3195 Ταῦτα

2126 3232 2183 3286 δὲ
2216 3234 2434 3302 μάλιστ’
2477 3235 2695 3301 ἐποίουν
2737 3234 2795 3299 ἐν
2824 3251 2885 3291 τε
2917 3235 3043 3303 ταῖς
3087 3233 3393 3306 ἐπισήμοις
3428 3233 3529 3286 τῶν
3560 3234 3668 3301 ἐορ-

2127 3323 2258 3386 τιίν,
2298 3324 2394 3377 καὶ
2423 3327 2496 3411 τῇ
2541 3323 2737 3407 πρώτη
2775 3324 2875 3377 καὶ
2906 3325 3200 3395 τελευταίᾳ
3245 3324 3353 3394 τῆς
3402 3323 3668 3411 ἐ-δδομάῂ

2128 3414 2367 3483 ἡμέρας,
2430 3408 2496 3483 ἣν
2538 3412 2823 3484 Κυριακὴν
2867 3411 3244 3482 ὀνομάζομεν·
3294 3414 3355 3465 ἐν
3380 3408 3466 3476 αἷς
3511 3411 3596 3489 καὶ
3622 3410 3669 3461 ai

2130 3503 2376 3568 συνάξεις
2408 3501 2548 3566 κατὰ
2580 3501 2677 3566 τὰς
2708 3503 3007 3572 ἐκκλησίας
3040 3503 3267 3569 εἰώθασι
3297 3500 3556 3569 γίνεσθαι.
3595 3498 3669 3559 Ἐς

2130 3592 2355 3663 ὕστερον
2381 3593 2439 3660 δέ
2483 3595 2577 3647 καὶ
2602 3594 2899 3663 ἐριστικῶς
2936 3593 3008 3647 τὰ
3051 3593 3188 3663 μέλη
3235 3581 3449 3661 ἐτίδουν
3472 3608 3489 3623 ο
3522 3609 3539 3642 ι
3575 3590 3668 3642 [Ιοῦ

2130 3683 2257 3745 εισι,
2288 3681 2560 3750 λέγοντες,
2605 3682 2658 3735 oi
2697 3681 2907 3752 Τριάδα
2954 3680 3241 3751 όμοούσιον
3299 3684 3398 3736 καὶ
3434 3679 3671 3751 ὁμότιμον

2132 3771 2408 3849 σέϐοντεςὶ
2447 3788 2466 3822 ι
2500 3772 2597 3835 καὶ
2618 3771 2758 3831 ἄλλα
2791 3770 2915 3829 τινὰ
2933 3770 3159 3825 τοιαῦτα
3187 3772 3309 3834 ταῖς
3328 3771 3491 3842 ᾠδαῖς
3520 3783 3670 3839 παρε-

2135 3862 2377 3932 μίγνυον.
2413 3859 2610 3926 Δείσας
2650 3861 2832 3918 τοίνυν
2883 3863 2913 3916 ό
2943 3861 3202 3931 Ἰωάννης
3261 3861 3340 3931 μή
3382 3877 3524 3921 τινες
3572 3858 3671 3919 τοῖς

2130 3950 2394 4016 τοιούτοις
2426 3951 2899 4023 κατακηλούμενοι
2947 3951 3188 4020 μέλεσιν,
3210 3950 3261 4003 οι
3296 3948 3390 4001 ὑπ’
3422 3946 3563 4014 αύτῷ
3590 3947 3670 3996 ἐκ-

2132 4042 2449 4113 κλησίαζον,
2497 4042 2817 4114 ὑπαχθῶσιν
2869 4043 3125 4106 ἐκείνοις,
3173 4045 3265 4094 τδν
3309 4042 3423 4096 ἶσον
3482 4037 3671 4091 ἐπενόει

2131 4135 2334 4205 τρόπον
2394 4115 2783 4203 ἀντιπράττειν
2816 4133 3022 4197 αὐτοῖς.
3068 4134 3159 4186 Ἐν
3207 4132 3408 4203 βραχεῖ
3426 4131 3471 4184 δ’
3502 4132 3673 4194 ἐπιση-

2136 4227 2358 4302 μότεροι
2379 4225 2491 4279 τῶν
2509 4225 2579 4278 δι’
2604 4225 2855 4287 ἐναντίας
2878 4225 3184 4293 γενόμενοι,
3216 4224 3362 4276 κοιτιῆ⁵
3388 4240 3443 4275 τε
3470 4221 3672 4288 πλῆθο,

2134 4318 2228 4370 καὶ
2276 4316 2488 4388 προόδῳ
2533 4316 2703 4387 τιμῆς
2756 4317 2999 4379 ἐκείνους
3042 4315 3478 4386 ὑπερϐάλλοντες
3515 4308 3672 4381 ἦσαν’

465 4437 528 4478 ca
592 4420 889 4482 celebrior,
944 4434 1108 4489 quam
1166 4417 1611 4473 adversariorum
1668 4427 1833 4480 esset,
1880 4417 2024 4473 facta

2129 4412 2353 4481 σταυροὶ
2372 4408 2482 4479 γὰρ
2509 4408 2778 4479 ἀργύρεοι
2802 4407 2989 4477 κηρῶν
3011 4406 3100 4458 ἐπ’
3128 4407 3313 4467 αὐτοῖς
3339 4407 3675 4474 ιὶιντείμμέκινωνὶ

466 4523 605 4568 est:
657 4523 709 4565 ut
761 4528 887 4582 qum
936 4521 993 4567 et
1044 4509 1400 4565 multitudine
1449 4518 1506 4579 et
1549 4509 1853 4564 honoriﬁco
1901 4524 2033 4579 pro-

468 4617 659 4673 gressu
703 4602 828 4657 illos
860 4610 1170 4672 superaret.
1204 4600 1337 4656 Nam
1371 4617 1489 4656 eam
1523 4616 1723 4657 cruces
1755 4615 2031 4672 argenteae

468 4708 662 4748 cereos
697 4694 955 4748 incensos
1002 4691 1273 4747 habentes
1321 4693 1608 4763 praeibam.
1642 4694 1891 4749 Eudoxio
1921 4694 2032 4747 im-

470 4783 743 4853 paraturis
774 4782 1006 4852 conjuge
1035 4784 1309 4855 impensas
1337 4783 1402 4837 ad
1434 4798 1553 4838 eam
1588 4799 1701 4838 rem
1730 4784 2032 4854 praebente,

468 4890 591 4944 quae
623 4873 727 4928 hoc
762 4873 976 4928 Brisoni
1006 4870 1249 4928 cubiculi
1287 4874 1372 4928 sui
1411 4875 1670 4943 prml‘ecto
1698 4874 1953 4945 injnnxit.
1974 4884 2035 4930 ut

469 4968 800 5039 hymnorum
851 4980 1047 5023 cantus
1098 4976 1444 5036 procuraret,
1476 4976 1532 5027 et
1578 4967 1647 5021 ad
1701 4984 1828 5023 eum
1873 4982 2033 5023 usum

468 5076 635 5131 quam
690 5061 987 5131 plurimum
1051 5061 1403 5117 lucernarum
1484 5070 1722 5131 pararet.
1794 5060 1917 5126 Qua
1976 5075 2036 5116 re

469 5154 659 5213 Ariani
690 5153 756 5208 ad
788 5153 1157 5210 a-mulationis
1199 5152 1451 5208 ardorem
1483 5152 1704 5222 perciti,
1732 5153 1797 5206 ad
1850 5151 2034 5206 vindi-

467 5259 615 5302 ctam
667 5264 727 5303 se
761 5247 1072 5315 contulere,
1103 5257 1161 5302 et
1190 5261 1385 5303 manus
1418 5261 1545 5302 eum
1584 5248 1792 5301 nostris
1835 5259 2036 5300 conse-

470 5351 596 5397 ποι-ε
625 5347 757 5392 sunt
789 5338 1055 5408 aggressi.
1099 5337 1293 5391 Adhuc
1335 5337 1483 5391 enim
1514 5351 1581 5392 ex
1618 5351 1681 5391 ea
1716 5350 1879 5405 quam
1909 5343 2035 5389 ante

472 5431 788 5488 habuerant
815 5430 1057 5500 potentia
1084 5436 1141 5483 et
1178 5426 1575 5495 dominatione,
1604 5427 1805 5482 animis
1833 5426 2034 5495 ﬂagra.

472 5525 630 5587 bant,
659 5529 716 5576 et
753 5521 820 5575 ad
867 5536 1104 5591 pugnam
1152 5519 1601 5575 committendam
1640 5520 1813 5590 parati
1853 5528 2033 5583 erant,

473 5628 809 5685 nostrosque
834 5615 972 5669 adeo
1018 5615 1420 5685 despiciebant.
1474 5616 1660 5686 Itaque
1710 5621 1869 5667 nocte
1899 5627 2037 5680 qua-

472 5710 607 5771 dam
633 5709 781 5765 inter
822 5695 882 5763 se
919 5708 1225 5777 congressi,
1260 5725 1366 5762 non
1400 5708 1558 5779 pauci
1590 5705 1849 5773 utrinque
1891 5704 2035 5758 ccci-

555 5891 635 5967 (i)
666 5860 883 5953 Sozom.
916 5909 1036 5966 cap.
1069 5893 1123 5959 5,
1160 5894 1251 5949 lib.
1298 5909 1406 5947 vm.

2127 4501 2310 4554 αὐτῶν
2338 4501 2703 4571 προηγοῦντο,
2733 4500 2832 4568 τῆς
2875 4496 3148 4568 βασιλίδος
3185 4496 3446 4562 Εὐδοξίας
3469 4494 3565 4574 τὴν
3591 4492 3672 4554 διι-

2128 4592 2308 4661 πάνην
2329 4590 2679 4663 χορηγούσης
2703 4589 2914 4652 αὐτοῖς.
2949 4587 3060 4642 Καὶ
3084 4587 3337 4659 Βρίσωνα
3367 4587 3458 4647 τὸν
3485 4584 3571 4634 ἐπὶ
3591 4577 3673 4633 τοῦ

2130 4683 2390 4749 κοιτῶνος
2422 4682 2592 4750 αὐτῆς
2618 4680 2808 4734 ἐταττε
2838 4681 2968 4745 τοὺς
2989 4677 3194 4752 ὕμνους
3223 4672 3670 4746 παρασκευάζειν.

2133 4773 2228 4825 καὶ
2255 4771 2489 4840 ἄφθονον
2541 4760 2890 4841 εὐτρεπίζειν
2936 4768 3001 4821 τὸ
3031 4767 3172 4836 φῶς.
3208 4756 3674 4837 Ζηλοτυπήσαντες

2131 4866 2177 4919 δ’
2200 4864 2454 4918 ἐντεῦθεν
2506 4864 2556 4917 oi
2586 4862 2648 4928 ἐξ
2686 4862 2925 4933 Ἀρείου⁹
2956 4862 3053 4916 καὶ
3078 4862 3160 4923 εἰς
3207 4845 3424 4928 ἄμυναν
3455 4853 3673 4926 χωροῦν

2130 4974 2241 5021 τες,
2295 4955 2694 5026 συμπληγὰδας
2724 4953 3049 5025 ἐπεχείρουν
3088 4953 3284 5009 ποιεῖν.
3322 4949 3432 5009 Καὶ
3478 4947 3578 5015 γὰρ
3602 4942 3673 4995 ἐτι

2132 5051 2196 5103 ἐκ
2218 5048 2315 5117 τῆς
2340 5046 2718 5117 προλαόούσης
2734 5046 3057 5107 δυναστείας
3078 5043 3340 5116 ἔνθερμοι
3361 5040 3532 5101 ὄντες,
3553 5033 3674 5100 πρὲις

2133 5139 2520 5212 χειροκρασίαν
2546 5138 2760 5209 ἕτοιμοι
2784 5133 2949 5210 ἦσαν,
2979 5136 3075 5191 καὶ
3104 5133 3443 5205 ὑπερεώρων
3470 5127 3671 5185 αὐτούς.

2136 5234 2245 5290 Καὶ
2269 5234 2333 5305 δή
2372 5250 2500 5287 ποτε
2527 5217 2628 5307 μιᾷ
2653 5229 2764 5284 τῶν
2794 5230 3008 5283 νυκτῶν
3054 5218 3494 5307 συγκρούσαντες
3525 5219 3668 5286 alid]-

2134 5327 2268 5393 λοις,
2305 5326 2597 5379 πίπτουσιν
2634 5320 2977 5393 ἑκατέρωθεν
2997 5320 3098 5373 οὐκ
3128 5320 3425 5389 ἐλάχιστοι.
3460 5313 3597 5381 Λίθῳ
3622 5309 3673 5360 δὲ

2134 5423 2231 5473 καὶ
2259 5419 2401 5485 κατὰ
2434 5417 2495 5469 τὸ
2542 5417 2794 5486 μέτωπον
2823 5412 3078 5485 βάλλεται
3106 5411 3317 5481 Βρίσων
3354 5410 3382 5461 ό
3406 5405 3673 5475 εἰρημένος

2134 5515 2231 5582 τῆς
2260 5510 2506 5580 γαμετῆς
2547 5509 2644 5562 τοῦ
2675 5506 2942 5579 βασιλέως
2973 5503 3283 5574 τηνικαῦτα
3303 5501 3412 5554 τῶν
3442 5499 3672 5563 Galam,-

2137 5607 2320 5660 πόλων
2371 5604 2641 5673 εὐνούχων
2691 5597 3069 5670 προεστηκὼς.
3133 5595 3434 5665 ΙΙεριοργὴς
3488 5590 3542 5643 δὲ
3594 5583 3673 5636 διὸ

2139 5699 2309 5753 ταῦτα
2341 5698 2538 5767 γενόμε
2572 5712 2631 5756 ος
2657 5697 2685 5748 ὁ
2708 5695 2950 5764 κρατῶν,
2976 5693 3067 5744 τοῦ
3098 5690 3179 5742 λιι
3198 5711 3205 5716 ·
3224 5687 3285 5743 οὗ
3318 5688 3415 5752 τὰς
3438 5681 3671 5756 τοιαύτας

2228 5884 2301 5949 (‘3)
2342 5882 2551 5941 Solum.
2600 5880 2721 5936 Cod.
2754 5895 2870 5951 cap.
2907 5880 2958 5932 3.
