4006 6548
323 377 421 442 961

1223 376 1822 436 ECCI.ESIAST|C:E
1867 380 2249 439 illS'i'ORifE
2295 382 2435 443 ΗΒ,
2481 383 2649 443 ΧΙΗ.

3456 379 3560 442 962

319 494 408 559 ζον
438 490 589 560 ὠμόν
615 505 676 542 τε
703 489 794 541 καὶ
823 487 1032 557 ἀπηνῆ,
1061 487 1278 558 ὀργίλον
1311 506 1366 540 τε
1397 489 1488 541 καὶ
1520 490 1889 559 ὑπερήφανον,

2003 508 2126 547 suas
2179 502 2437 562 agerent,
2491 507 2587 547 eos
2637 507 2970 562 magnopere
3016 491 3213 546 charos
3256 491 3464 555 habuit.
3506 504 3561 546 et

319 586 410 638 καὶ
453 581 676 651 θυμώδη
738 579 1171 642 ἀποκαλοῦντες.
1220 581 1332 632 Καὶ
1359 581 1428 633 τὰ
1472 584 1598 650 περὶ
1643 583 1736 636 τοῦ
1774 582 1888 652 βίου

320 675 505 746 ἠρέμα
531 673 670 744 πρὸς
699 672 824 734 τοὺς
840 671 1067 734 πολλοὺς
1099 672 1418 742 ἐπεχείρουν
1440 672 1769 727 διαϐάλλειν·
1798 674 1891 727 καὶ

322 767 534 817 πείθειν
563 759 710 833 εἶχον
743 765 852 824 τοῖς
878 763 1322 833 προειρημένοις,
1353 762 1778 834 καταιτιώμενοι
1810 766 1892 818 δτι

327 858 402 928 μή
424 873 532 909 τινι
555 854 853 908 συνεσθίων
877 856 1089 922 ἑωρᾶτο
1106 892 1122 920 ,
1152 855 1274 922 μηδ’
1299 856 1388 922 ἐφ’
1419 856 1599 908 ἑστίαν
1629 855 1740 918 ίὼν,
1772 857 1892 926 μηδ’

322 951 414 1003 ἐπὶ
450 950 741 1000 συνουσίαν
770 947 996 1018 ἀρίστου
1024 962 1037 974 ·
1071 948 1164 998 καὶ
1199 947 1281 999 ὅτι
1314 947 1574 1000 πάστιλον
1619 949 1758 1017 μετὰ
1795 950 1895 1018 τὴν

320 1039 430 1093 τῶν
483 1037 646 1091 θείων
680 1037 980 1108 μετάληψιν
1024 1038 1329 1104 ἀπεγεύετο
1350 1052 1365 1068 ·
1402 1040 1460 1091 ἐν
1483 1034 1563 1100 οἷς
1583 1041 1779 1092 ἐκεῖνοι
1805 1040 1898 1107 δῆ-

323 1134 414 1185 θεν
462 1131 892 1200 ἐπερειδόμενοι,
924 1131 1022 1193 τὰς
1064 1131 1336 1201 ἀρρήτους
1382 1131 1672 1198 ἐξύφαινον
1705 1130 1897 1201 ἐκείνῳ

321 1225 601 1286 διαϐολάς.
648 1225 760 1275 Οὐκ
789 1221 1048 1292 ἐλαχίστη
1084 1225 1140 1277 δέ
1178 1225 1446 1294 πρόφασις
1483 1225 1630 1294 αὐτῷ
1657 1227 1896 1293 ἐγεγόνει

327 1317 420 1368 καὶ
449 1317 581 1386 πρὸς
619 1315 718 1384 τὴν
750 1313 1021 1383 βασιλέως
1051 1317 1304 1384 γαμετὴν
1335 1316 1424 1369 διὰ
1449 1317 1777 1387 Σευηριανὸν
1805 1317 1898 1368 τὸν

328 1407 367 1457 Γ
371 1407 586 1458 αϐάλων
616 1406 710 1475 τῆς
744 1405 941 1474 Συρίας
975 1406 1294 1462 ἐπίσκοπον.
1329 1405 1438 1458 Καὶ
1462 1408 1569 1477 γὰρ
1594 1401 1748 1469 οὗτος
1777 1408 1900 1459 σύν-

324 1513 441 1566 αμα
473 1497 552 1566 τῷ
612 1496 890 1566 Ἀντιόχῳ,
948 1496 1312 1566 Πτολεμαΐδος
1360 1497 1415 1549 δὲ
1443 1499 1543 1566 τῆς
1577 1501 1637 1550 ἐν
1667 1500 1896 1570 Φοινίκῃ

322 1584 475 1650 οὗτος
501 1589 819 1650 ἐπίσκοπος,
849 1587 1125 1656 ἐλλόγιμοί
1146 1605 1204 1641 τε
1223 1589 1491 1656 ἐγένοντο,
1514 1587 1610 1642 καὶ
1633 1587 1899 1661 είςᾶκρον

321 1681 384 1732 τὸ
410 1680 496 1732 ἐπ’
531 1679 826 1749 ἐκκλησίας
853 1678 1130 1732 διδάσκειν
1163 1677 1552 1748 ἐξησκηκότες.
1574 1681 1714 1732 Ἀλλ’
1741 1682 1768 1733 δ
1799 1681 1896 1750 μὲν

323 1771 578 1822 τοσοῦτον
600 1772 887 1840 πρόχειρος
915 1765 984 1840 ἦν
1009 1769 1211 1836 λέγειν,
1240 1771 1332 1822 καὶ
1367 1766 1424 1823 εὖ
1455 1771 1598 1839 μάλα
1627 1771 1898 1840 στρογγύ-

325 1859 430 1920 λως
461 1875 522 1909 τε
559 1859 675 1927 ἅμα
705 1858 799 1908 καὶ
822 1857 1034 1926 εὐήχως
1063 1857 1524 1926 ἀπεστομάτιζεν,
1555 1859 1638 1910 δτι
1670 1873 1729 1925 γε
1763 1860 1894 1928 τερος
1931 1841 1969 1895 Β

325 1969 489 2004 τινων
507 1954 601 2003 καὶ
622 1950 1001 2020 Χρυσόστομος
1020 1948 1359 2018 ὠνομάζετο·
1385 1948 1712 2018 Σεϐηριανὸς
1737 1950 1792 2002 δέ
1824 1949 1900 2019 τῷ

327 2041 438 2094 τῶν
473 2041 760 2110 νοημάτων
810 2042 1021 2112 πυκνῷ,
1063 2040 1157 2093 καὶ
1204 2044 1272 2110 τῇ
1318 2045 1594 2111 μαρτυρίᾳ
1635 2042 1744 2094 τῶν
1784 2043 1902 2094 θεο-

329 2132 614 2188 πνεύστων
637 2132 853 2202 λογίων,
892 2134 1137 2202 ἀμείνων
1164 2130 1307 2186 εἶναι
1343 2135 1520 2187 ἐδόκει
1543 2150 1557 2165 ·
1592 2135 1692 2204 τὴν
1720 2135 1774 2188 δὲ
1796 2134 1896 2187 Σύο

333 2243 446 2294 ρων
492 2225 760 2294 δασύτητα
798 2227 891 2279 ἐπὶ
920 2227 1016 2296 τῆς
1063 2225 1308 2295 γλώττης
1340 2224 1501 2297 ἔφερε
1535 2228 1756 2291 μᾶλλον.
1794 2227 1903 2281 Καὶ

329 2319 358 2369 ὁ
390 2317 490 2386 μὲν
527 2317 805 2386 Ἀντίοχος
832 2316 1097 2386 πρότερον
1125 2319 1224 2385 τὴν
1250 2318 1407 2369 πόλιν
1436 2319 1780 2380 καταλαϐὼν,
1808 2319 1902 2370 καὶ

328 2409 593 2480 χρήματα
620 2408 792 2461 πολλὰ
815 2409 1230 2478 συλλεξάμενος,
1271 2411 1349 2471 είς
1377 2408 1475 2472 τὴν
1497 2409 1702 2462 οἰκείαν
1733 2411 1900 2462 ἐπαν-

329 2500 459 2566 ἦλθε
491 2501 668 2554 πόλιν.
709 2500 883 2555 Τοῦτο
913 2501 979 2572 δὴ
1009 2502 1258 2569 ζηλώσας
1293 2505 1386 2554 καὶ
1421 2504 1768 2574 Σευηριανὸς,
1806 2504 1903 2556 καὶ

331 2593 497 2656 αὐτὸς
547 2595 725 2646 ἐκεῖσε
777 2593 1026 2663 ἀφίκετο.
1062 2592 1231 2646 Εὖνου
1287 2594 1342 2647 δέ
1383 2595 1633 2648 Ἰωάννου
1684 2595 1900 2664 τυχὼν,

336 2685 595 2748 πολλάκις
634 2685 948 2756 ἐξεχωρήθη
984 2687 1078 2739 καὶ⁸
1109 2685 1194 2738 ἐπ’
1224 2686 1521 2754 ἐκκλησίας
1555 2690 1728 2739 εἰπεῖν
1754 2703 1767 2717 ·
1809 2690 1904 2742 καὶ

321 2775 510 2850 λέγων
537 2774 770 2845 μάλιστα
803 2775 1167 2844 ἐθαυμάζετο,
1199 2775 1340 2828 καθὰ
1366 2777 1430 2844 δὴ
1461 2780 1552 2829 καὶ
1595 2779 1865 2847 Ἀντίοχος
1884 2793 1901 2812 ο

321 2857 430 2921 ’καὶ
451 2869 574 2929 ταῖς
603 2866 810 2919 ἐκείνου
845 2871 1030 2936 τιμαῖς
1065 2868 1225 2929 πολύς
1249 2885 1306 2920 τε
1333 2871 1388 2920 ἐν
1409 2869 1637 2938 δυνάμει
1667 2871 1902 2938 ἐγένετο,

333 2961 427 3012 καὶ
478 2959 756 3028 γνώριμος
804 2960 1101 3013 καθίστατο
1151 2959 1380 3029 βασιλεῖ,
1423 2963 1517 3014 καὶ
1548 2964 1614 3033 τῇ
1645 2964 1903 3032 ,βασιλίδι

334 3052 428 3103 ἐπὶ
459 3052 660 3120 μᾶλλον
692 3052 1105 3120 κεχαρισμένος.
1147 3054 1347 3106 Ἢνίκα
1379 3053 1432 3106 δὲ
1482 3054 1702 3124 Ἰωάννῃ
1729 3056 1904 3110 ἐδόκει

1995 587 2286 641 honoravit
2329 605 2342 642 :
2397 587 2563 658 368
2613 595 2668 640 et
2725 600 2794 640 ne
2847 583 2925 638 illi
2973 600 3002 639 a
3053 585 3306 654 quopiam
3360 585 3558 654 injuria

1993 679 2360 748 adicerentur,
2421 693 2584 750 atque
2650 677 2815 732 etiam
2881 686 2938 730 ut
3005 677 3172 730 rebus
3240 677 3562 729 neCessariis

1995 770 2374 836 abundarent,
2428 771 2726 841 plurimqu
2778 782 2924 820 (ειη-ιε
2974 765 3204 819 habuit.
3253 766 3560 820 Circumfu-

1997 877 2192 916 raneos
2214 874 2420 929 autem,
2448 871 2503 917 et
2529 861 2622 932 qui
2654 875 2751 929 per
2778 858 2931 912 urbis
2964 857 3172 926 plateas
3201 859 3558 919 cursitarent,

1997 959 2180 1002 notam
2231 952 2591 1020 philosophiae
2638 965 2748 1003 suae
2812 947 3116 1006 inurentes,
3157 945 3341 1000 verbis
3383 947 3452 1000 ita
3501 956 3560 999 ut

1997 1039 2247 1098 decebat.
2289 1039 2720 1108 reprehendens,
2771 1037 3059 1105 acriusque
3108 1051 3358 1105 carpens.
3403 1051 3562 1104 repu-

1997 1131 2202 1184 diabat.
2237 1131 2635 1200 Nonnunquam
2666 1132 2827 1184 etiam
2861 1129 3128 1185 conviciis
3158 1144 3251 1183 eos
3285 1131 3562 1198 corrigens

1999 1225 2328 1288 incessebat,
2351 1233 2407 1280 et
2432 1225 2782 1279 convenienti
2820 1224 3202 1294 objurgatione
3233 1223 3564 1291 perstringi-s

2000 1315 2112 1369 bat.
2144 1317 2320 1385 Atque
2353 1316 2428 1369 illi
2461 1319 2524 1370 ad
2552 1332 2676 1369 eum
2708 1316 2928 1368 modum
2961 1316 3302 1384 reprehensi,
3327 1319 3566 1382 graviter

2000 1406 2053 1460 id
2097 1405 2265 1471 ferre,
2305 1415 2360 1461 ct
2415 1406 2583 1461 verba
2635 1408 3030 1461 contumeliosa
3087 1408 3140 1460 in
3190 1423 3315 1461 eum
3356 1407 3562 1476 jacere,

2000 1496 2200 1563 ferum,
2237 1497 2546 1560 crudelem,
2589 1496 2936 1557 iracundum,
2988 1497 3285 1565 superbum
3337 1505 3392 1548 et
3427 1494 3560 1547 furi-

2001 1586 2245 1641 bundum
2296 1589 2610 1657 appellare,
2665 1603 2876 1641 necnon
2939 1587 3180 1656 quietam
3229 1587 3350 1657 ejus
3398 1585 3564 1637 vitam

2002 1680 2143 1749 apud
2187 1680 2388 1733 multos
2423 1687 2628 1744 taxare,
2664 1680 2904 1734 cavillari
2948 1687 3000 1733 et
3041 1694 3287 1747 carpere,
3321 1679 3562 1747 aggredi.

2004 1769 2068 1822 Et
2110 1770 2440 1839 persuadere
2472 1770 2525 1824 id
2559 1772 2640 1824 eis
2671 1785 2808 1840 quas
2842 1771 3080 1824 diximus
3115 1771 3280 1822 rebus
3312 1778 3563 1838 potuere,

2001 1862 2469 1930 reprehendentes
2516 1862 2745 1931 insuper
2790 1861 2846 1914 in
2900 1876 2966 1915 eo
3017 1861 3160 1929 quod
3213 1860 3396 1913 cibum
3438 1875 3562 1912 cum

2001 1952 2220 2007 nemine
2253 1967 2471 2008 sumere
2499 1953 2805 2017 videretur,
2839 1953 3096 2022 quodque
3127 1967 3306 2021 neque
3340 1953 3392 2005 in
3434 1966 3569 2005 con-

2000 2044 2146 2097 vivio
2193 2058 2372 2112 neque
2420 2043 2474 2096 in
2531 2043 2764 2114 prandio
2808 2043 3042 2114 alicujus
3094 2053 3239 2097 esset
3276 2060 3288 2095 :
3328 2043 3568 2110 denique

2000 2134 2145 2205 quod
2190 2145 2320 2204 post
2362 2134 2674 2188 divinorum
2727 2135 3109 2204 mysteriorum
3157 2133 3567 2202 perceptionem

2001 2228 2278 2298 pastillum
2339 2227 2678 2297 degustaret.
2735 2226 2948 2292 Quibus
3005 2225 3081 2278 illi
3139 2225 3350 2278 scilicet
3405 2225 3571 2278 rebus

2002 2319 2136 2384 nixi,
2173 2319 2490 2378 innumeras
2525 2317 2788 2371 adversus
2820 2331 2945 2370 cum
2979 2326 3201 2369 temere
3241 2314 3565 2368 calumnias.

2002 2409 2120 2463 Non
2157 2411 2382 2464 minima
2414 2426 2543 2464 vero
2576 2419 2632 2462 et
2669 2411 2761 2462 illa
2797 2407 2847 2462 ei
2883 2409 2950 2464 ab
2993 2407 3344 2476 imperatoris
3373 2420 3567 2470 uxore,

2003 2515 2102 2569 per
2149 2499 2508 2553 Severianum
2551 2497 2880 2553 Gabaloruni
2932 2499 2986 2550 in
3035 2498 3186 2569 Syria
3225 2498 3567 2566 episcopum,

2002 2593 2204 2646 accidit
2245 2593 2355 2645 odii
2403 2591 2640 2644 occasio.
2682 2591 2811 2644 Nam
2854 2599 2908 2644 et
2943 2591 3051 2652 hic,
3088 2605 3190 2642 una
3225 2604 3345 2642 cum
3379 2588 3571 2640 Antio-

2004 2685 2108 2739 cho
2138 2725 2152 2750 ,
2193 2683 2546 2738 Ptolemaidis
2596 2683 2888 2736 Pliceuicia:
2936 2681 3226 2750 episcorio,
3278 2681 3570 2749 praeclarus

2003 2776 2142 2840 fuit;
2185 2784 2415 2842 uterque
2463 2789 2593 2827 sane
2632 2773 2697 2825 ad
2737 2787 3032 2834 summum,
3072 2771 3254 2824 verbis
3290 2771 3354 2822 ad
3397 2785 3572 2836 poliu-

2004 2869 2120 2922 lum
2172 2868 2226 2921 in
2277 2868 2509 2921 ecclesia
2549 2864 2832 2924 faciendis.
2871 2863 3222 2917 exercitatus.
3266 2862 3570 2916 Antiochus

2005 2960 2224 3030 quidem
2279 2967 2427 3013 tanta
2480 2959 2536 3013 in
2589 2956 2823 3012 dicendo
2871 2957 3132 3010 facilitate
3181 2955 3313 3020 fuit,
3357 2965 3411 3008 et
3460 2968 3569 3009 tam

2005 3052 2237 3105 rotunde
2266 3051 2429 3106 simul
2449 3060 2502 3104 et
2522 3049 2762 3104 suaviter
2785 3048 3180 3118 pronuntiavit,
3207 3056 3317 3101 uta
3342 3046 3570 3115 quibus-

332 3142 426 3194 καὶ
454 3143 588 3209 πρὸς
620 3143 717 3212 τὴν
774 3144 956 3194 Ἀσίαν
989 3145 1310 3212 ἀποδημεῖν,
1348 3144 1494 3214 αὐτῷ
1523 3145 1589 3197 τὰ
1623 3146 1901 3224 κατάστὴν

2009 3149 2129 3197 dam
2155 3145 2272 3214 ipse
2305 3158 2521 3212 quoque
2567 3143 2732 3196 veluti
2769 3157 2994 3196 aureum
3041 3156 3102 3194 os
3144 3140 3374 3201 habens,
3403 3140 3574 3210 Chry-

335 3233 610 3302 σφετέραν
663 3232 989 3302 Ἐκκλησίαν
1034 3236 1292 3300 ἀνετίθει,
1345 3236 1475 3289 ὥστ’
1523 3239 1903 3308 ἐπιμελεῖσθαι

318 3323 568 3404 ξταύτης,
613 3330 710 3380 καὶ
749 3330 862 3382 ἀντ’
915 3330 1121 3383 ἐκείνου
1171 3332 1271 3398 τὴν
1318 3333 1666 3387 διδασκαλίαν
1724 3336 1906 3399 αὐτοῖς

317 3409 612 3490 ⁴χορηγεῖν.
648 3422 754 3473 Καὶ
787 3421 893 3490 γὰρ
927 3420 1144 3491 ἐνόμιζε
1175 3423 1328 3492 φίλον
1363 3426 1505 3494 ἔχειν
1537 3427 1700 3478 αὐτὸν
1740 3443 1904 3480 σπου-

315 3511 634 3594 δαιότατον,
680 3514 800 3574 ταῖς
843 3513 1156 3576 κολακείαις
1183 3515 1402 3574 πυκνῶς
1453 3516 1803 3585 περιέποντα.
1849 3518 1906 3572 '0

331 3603 391 3656 δέ
431 3603 755 3672 χαρίζεσθαι
789 3603 863 3670 τῷ
895 3603 1086 3672 πλήθει
1120 3605 1319 3674 μάλλον
1350 3605 1437 3657 διὰ
1492 3608 1725 3678 σπουδῆς
1753 3609 1907 3661 ἐποι-

315 3687 471 3754 ἐῖτο,
503 3690 733 3752 καὶτοῖς
767 3689 944 3757 λόγοις
974 3690 1222 3756 ἐπάγειν,
1257 3693 1348 3743 καὶ
1379 3693 1513 3762 πρὸς
1538 3694 1730 3746 ἑαυτὸν
1770 3697 1905 3748 πᾶσι

329 3783 556 3851 τρόποις
595 3781 876 3848 μεθέλκειν
933 3783 1024 3834 καὶ
1073 3782 1349 3846 ίδιοῦσθαι.
1388 3785 1456 3836 'A
1489 3783 1553 3855 δὴ
1599 3785 1906 3856 πυθόμενον

316 3872 626 3941 ,’1ωάννην,
660 3873 1006 3944 Σεραπίωνος
1033 3873 1392 3943 ἐρεθίζοντος,
1427 3876 1527 3928 οὐκ
1553 3877 1902 3947 ἀνασχέσθαι·

331 3963 471 4015 ἀλλὰ
500 3962 696 4016 θάττον
727 3965 790 4016 ἐκ
820 3964 916 4033 τῆς
959 3964 1143 4031 Ἀσίας
1173 3968 1272 4037 τὴν
1303 3968 1713 4022 Κωνσταντίνου
1743 3987 1908 4023 κατα-

332 4053 542 4107 λαϐεῖν.
608 4055 694 4116 Ὠς
743 4053 786 4107 δ’
836 4054 1132 4124 ἐπανῆλθε,
1187 4058 1382 4126 συνέϐη
1435 4075 1536 4111 που
1577 4059 1907 4129 Σευηριανὸν

333 4147 594 4212 παριέναι
615 4161 630 4176 °
656 4145 836 4201 ίδόντα
850 4146 906 4200 δὲ
931 4147 1250 4215 Σεραπίωνα
1281 4149 1546 4220 μηδαμῶς
1565 4151 1864 4221 ἀναστῆναι
1888 4193 1904 4220 ,

333 4235 528 4308 ὥσπερ
576 4237 894 4309 ἐξεπίτηδες
940 4241 1052 4301 τοῖς
1100 4239 1338 4309 παροῦσι
1381 4243 1904 4311 παραδεικνύμενον,

332 4329 410 4390 ὡς
458 4330 515 4381 ἐν
545 4329 772 4399 οὐδεμιᾷ
821 4330 1061 4398 φροντίδι
1093 4332 1182 4384 τὸν
1236 4332 1408 4401 ἄνδρα
1447 4336 1704 4388 ποιεῖται.
1743 4335 1803 4388 '0
1849 4337 1905 4389 δὲ

336 4422 543 4489 σφόδρα
572 4421 882 4490 χαλεπήνας
909 4423 1004 4475 ἐπὶ
1033 4423 1173 4491 μέγα
1202 4424 1429 4493 ἐϐόησεν
1453 4442 1466 4455 ·
1502 4430 1572 4480 El
1600 4431 1906 4496 Σεραπίων

2009 3246 2283 3290 sostomus
2300 3235 2596 3288 diceretur.
2621 3231 2950 3287 Severianus
2971 3242 3150 3285 autem
3171 3245 3320 3285 SCIIIC
3333 3232 3571 3284 Illiill‘lllll

2008 3327 2315 3395 frequentia
2364 3337 2417 3380 et
2471 3325 2734 3378 divinitus
2788 3325 3174 3393 inspiratorum
3227 3323 3572 3376 oraculorum

2009 3419 2328 3474 testimonio
2367 3417 2564 3472 melior
2597 3417 2820 3470 habitus
2849 3423 2954 3479 est,
2986 3419 3129 3484 quod
3167 3413 3377 3468 scilicet
3406 3414 3574 3482 Syro-

2009 3528 2128 3565 rum
2164 3510 2337 3581 magis
2369 3508 2695 3563 densitatem
2734 3508 2787 3562 in
2824 3507 3007 3577 lingua
3045 3506 3236 3560 ferret.
3271 3505 3574 3558 Antiochus

2006 3603 2160 3672 prior
2198 3603 2251 3656 in
2293 3603 2486 3655 urbem
2521 3608 2746 3654 venerat
2778 3615 2791 3652 ;
2825 3609 2987 3668 atque
3025 3598 3102 3651 ibi
3140 3599 3365 3664 pecunia
3405 3599 3574 3652 multa

2004 3697 2264 3759 collecta,
2304 3697 2357 3750 in
2413 3694 2689 3748 civitatem
2739 3706 2893 3746 suam
2939 3699 3025 3746 est
3081 3706 3350 3745 reversus.
3401 3690 3572 3754 Quem

2005 3786 2290 3841 aliiulatus
2334 3785 2686 3848 Severianus,
2723 3794 2778 3837 et
2820 3781 2936 3853 ipse
2986 3799 3052 3837 eo
3103 3784 3268 3838 venit.
3318 3783 3385 3836 Et
3425 3781 3572 3852 quod

2007 3877 2275 3932 benevolo
2322 3877 2532 3931 Joanne
2584 3885 2854 3943 uteretur,
2892 3875 3035 3946 saepe
3085 3878 3250 3930 etiam
3306 3876 3352 3930 is
3399 3876 3472 3934 ei.
3516 3885 3577 3930 nt
3661 3897 3664 3900 ·

2005 3987 2131 4026 cum
2174 3971 2377 4041 populo
2421 3971 2478 4024 in
2521 3969 2753 4024 ecclesia
2801 3979 3010 4037 ageret,
3048 3969 3314 4038 permisit.
3357 3969 3575 4034 Qua.in

2006 4080 2066 4120 re
2094 4079 2218 4119 eum
2254 4078 2448 4119 omnes
2479 4063 2713 4116 maxime
2743 4071 2892 4119 sunt.
2921 4062 3084 4115 sicuti
3125 4072 3178 4113 et
3215 4061 3573 4125 Antiochum,

2007 4156 2288 4211 admirati.
2327 4154 2392 4208 Et
2421 4154 2647 4209 Joannis
2680 4153 2982 4208 honoribus
3009 4168 3132 4206 cum
3167 4154 3395 4206 multum
3428 4153 3572 4222 apud

2007 4249 2271 4320 populum
2337 4248 2558 4316 potuit,
2617 4253 2731 4298 tum
2795 4244 2848 4297 in
2911 4243 3260 4313 imperatoris
3320 4246 3572 4300 notitiam

2007 4340 2281 4414 pervenit,
2307 4349 2363 4392 et
2393 4339 2636 4406 ejusdem
2675 4335 2896 4405 conjugi
2927 4351 3188 4404 perquam
3224 4347 3412 4404 gratus
3444 4336 3572 4390 fuit.

2006 4434 2183 4503 Atque
2214 4447 2338 4486 cum
2370 4429 2564 4484 Joanni
2594 4429 2650 4483 in
2678 4429 2860 4482 Asiam
2893 4427 3167 4498 proﬁcisci
3197 4432 3373 4485 visum
3405 4439 3571 4490 esset.

333 4511 696 4580 Χριστιανὸς
730 4511 1042 4578 ἀποθάνοι,
1069 4516 1182 4566 οὐκ
1212 4514 1682 4586 ἑνηνθρώπησεν
1715 4525 1748 4575 ό
1771 4524 1902 4588 Χριρ

2011 4526 2138 4579 huic
2170 4523 2270 4594 ipsi
2305 4521 2602 4576 Ecclesiam
2638 4508 3254 4583 suam‘commendavit,
3293 4530 3352 4574 ut
3386 4535 3572 4575 curam

332 4607 502 4667 στός.
543 4605 668 4658 Ἐπὶ
693 4603 757 4668 δὴ
806 4604 982 4674 τούτῳ
1013 4606 1165 4676 παρά
1203 4607 1551 4676 Σεραπίωνος
1581 4612 1736 4683 δίκην
1769 4617 1903 4668 ὑπο-

331 4698 467 4760 στὰς
489 4737 503 4760 ,
531 4697 763 4765 ἐξηλάθη
794 4697 895 4766 τῆς
937 4696 1140 4760 πόλεως
1179 4698 1283 4750 ὑπὸ
1325 4699 1575 4754 Ἰωάννου
1595 4745 1609 4770 ,
1639 4704 1714 4767 ὡς
1743 4705 1904 4774 δῆθεν

331 4792 413 4854 είς
445 4791 580 4843 Θεὸν
614 4789 928 4860 ἐξυϐρίσας.
959 4790 1271 4861 Μαρτύρων
1293 4793 1401 4862 γὰρ
1424 4797 1831 4865 παραχθέντων,
1855 4799 1905 4852 oi

333 4881 439 4950 μιν
500 4879 576 4942 ώς
610 4881 801 4952 εἴρηκε
843 4879 1168 4949 Σευηριανὸς
1227 4883 1646 4954 ἐμαρτύρησαν·
1683 4888 1797 4941 ὅσοι
1847 4889 1905 4942 δέ

331 4972 692 5043 προσέκειντο
721 4971 1050 5042 Σεραπίωνι,
1089 4974 1247 5028 πάντ’
1290 4976 1766 5047 ἀποκρυψάμενοι,
1809 4983 1906 5050 μό-

331 5080 424 5116 νον
469 5064 680 5117 ἐκεϊνον
713 5062 1146 5134 διεμαρτύραντο
1183 5067 1359 5121 εἰπεῖν
1385 5069 1741 5140 Σευηριανὸν,
1777 5090 1795 5124 ι
1817 5073 1906 5138 Ὠς

328 5152 442 5221 ἄρα
469 5151 568 5204 οὐκ
597 5151 1018 5224 ἐνηνθρώπησεν
1049 5154 1078 5206 ὁ
1110 5154 1399 5224 Χριστός.ι
1433 5157 1493 5211 Ὅ
1526 5159 1583 5212 δὲ
1627 5161 1905 5232 Ἰωάννης,

329 5246 452 5313 οὐχὶ
490 5245 539 5296 εί
582 5245 674 5297 καὶ
703 5243 864 5298 τοῦτο
894 5246 1055 5315 μόνον
1101 5242 1168 5318 ῆν
1217 5249 1276 5300 ἐν
1309 5249 1514 5313 αἰτίαις
1545 5251 1736 5318 ἐτίθει,
1768 5253 1904 5308 ἀλλὰ

331 5338 430 5390 καὶ
466 5337 634 5390 τᾶλλα
663 5337 762 5390 ὅσα
808 5340 1014 5400 ἐκεῖνος
1055 5339 1375 5408 προσθεῖναι
1415 5341 1724 5398 διετείνετο.
1759 5345 1898 5398 Οὐδὲ

333 5431 464 5498 γάρ,
498 5428 918 5496 ιΕίΣεραπίων,
947 5429 1126 5498 ἔλεγε,
1157 5430 1232 5499 μὴ
1255 5431 1519 5486 ἀποθάνοι
1551 5434 1901 5504 Χριστιανὸς,

330 5519 564 5601 Χριστὸς
591 5521 740 5589 παρὰ
769 5519 928 5573 τοῦτο
954 5521 1053 5574 οὐκ
1081 5523 1561 5593 ἐνηνθρώπησεν.»
1606 5525 1674 5580 Ἦ
1718 5528 1902 5597 μέντοι

329 5609 622 5680 βασίλισσα
669 5612 893 5678 Εὐδοξία
922 5612 1036 5683 ἅμα
1068 5632 1126 5666 τε
1153 5615 1248 5684 τὴν
1299 5619 1502 5685 μεταξῦ
1544 5619 1651 5670 τῶν
1679 5623 1902 5671 ἐπεσκί-

399 5793 769 5864 (ll-chozypin
803 5798 1034 5864 quatiat:
1085 5801 1299 5850 ductus.
1340 5801 1547 5867 (Ἣοίςιν.)

2007 4618 2124 4686 ejus
2169 4625 2423 4686 gereret,
2476 4621 2532 4668 et
2583 4615 2781 4668 vicem‘
2807 4627 2962 4667 suam
3016 4614 3278 4680 populum
3329 4614 3575 4666 doctrina

2007 4717 2282 4779 pasceret.
2330 4707 2628 4760 Putavcrat
2661 4704 2820 4758 enim
2868 4704 2958 4758 ille
2999 4704 3206 4774 Optimo
3243 4719 3300 4758 se
3343 4721 3408 4758 eo
3450 4721 3575 4758 usu-

2007 4815 2128 4853 rum
2159 4798 2359 4862 amico,
2385 4798 2475 4867 qui
2505 4814 2602 4865 per
2628 4797 3055 4852 assentationem
3082 4810 3206 4850 eum
3243 4807 3348 4849 tam
3387 4797 3575 4850 sedulo

2006 4900 2311 4948 assectatus
2356 4891 2573 4946 fuisset.
2614 4889 2779 4961 369
2810 4891 2880 4943 At
2913 4889 3003 4944 ille
3041 4888 3225 4941 studio
3269 4889 3438 4958 magis
3475 4890 3574 4942 ha-

2007 4985 2126 5041 buit
2156 4996 2215 5040 ut
2239 4983 2580 5040 multitudini
2611 4981 3034 5052 gratiﬁcaretur,
3067 4995 3296 5047 eamque
3323 4981 3575 5036 oratione

2007 5076 2274 5142 duceret,
2325 5085 2380 5130 et
2431 5073 2498 5128 ad
2550 5087 2610 5127 se
2664 5071 2840 5125 modis
2889 5069 3148 5124 omnibus
3194 5069 3572 5138 pertraheret,

2006 5185 2274 5239 suamque
2331 5181 2562 5238 prorsus
2633 5163 2912 5218 redderet.
2971 5159 3128 5226 Quod
3192 5159 3282 5213 ubi
3337 5159 3578 5216 Joannes

2005 5261 2205 5316 absens
2246 5259 2478 5321 audivit,
2511 5253 3130 5323 Serapioneiustigante
3160 5250 3257 5319 (Ι).
3283 5265 3389 5306 non
3429 5250 3575 5316 tulit,

2006 5350 2100 5406 sed
2131 5350 2536 5420 quamprimum
2567 5362 2629 5400 ex
2661 5346 2786 5399 Asia
2814 5342 3350 5410 Constantinpoliin
3386 5340 3576 5396 rediit.

2005 5444 2086 5499 Eo
2115 5457 2339 5498 reverso
2375 5440 2597 5502 accidit,
2631 5447 2690 5492 ut
2725 5437 3057 5491 Severianus
3109 5433 3311 5489 alicubi
3355 5442 3580 5502 pra-ter-

2006 5532 2132 5599 iret,
2163 5541 2217 5588 et
2241 5534 2290 5585 ei
2317 5530 2604 5600 Serapion,
2629 5528 2724 5598 qui
2757 5525 3172 5590 illum-viderat,
3195 5539 3300 5579 non
3325 5538 3580 5593 assurge-

2007 5635 2090 5679 rct
2126 5641 2140 5677 :
2183 5623 2348 5677 veluti
2397 5638 2460 5676 ex
2509 5621 2816 5689 composito
2847 5619 2928 5673 eis
2965 5621 3054 5688 qui
3093 5617 3345 5676 aderant.
3385 5625 3576 5670 osten-
