4006 6550
318 369 421 433 ξοδ

1165 358 1754 429 ECCI.ESIASTlC.E
1796 363 2176 430 HISTORIA!
2212 360 2355 422 LIB.
2400 360 2566 420 XIII.

3442 349 3561 414 966

320 495 457 541 σοις,
487 476 645 540 δίκας
673 475 799 545 ἄρτι
827 474 1021 539 δώσεις
1050 475 1205 547 ἡμῖν,
1232 476 1465 540 ἀσεϐοῦς
1492 481 1588 549 καὶ
1614 477 1886 549 θεομάχου

2000 473 2253 527 damnare
2283 478 2522 538 oportet.
2554 466 2689 522 Nam
2726 451 2853 536 quia
2886 460 2959 521 ex"
2986 462 3269 521 monachis
3299 460 3553 518 nonnulli

314 570 477 635 ῐόξαν
498 567 923 638 κληρούμενος.»
957 565 1214 635 Θεόφιλος
1241 568 1320 631 δὲ,
1355 587 1373 621 ι
1419 568 1560 622 Ἀλλ’
1590 570 1713 639 ἐμοὶ
1731 567 1892 622 τοῦτο

319 654 384 735 ἐκ
416 656 560 709 πάνυ
613 654 810 709 πολλοῦ
839 654 1111 720 δέδοκται,
1163 658 1257 710 καὶ
1311 656 1341 710 ὃ
1383 657 1538 725 φίλον
1584 657 1714 727 ὑμῖν
1757 657 1893 729 δρᾷν

322 747 544 816 ιτοιμος
571 761 588 778 ο
615 747 716 817 οὐκ
746 742 908 819 ἧττον
936 747 1043 821 γὰρ
1079 747 1235 819 ὑμῶν
1269 748 1427 816 κάγὼ
1453 750 1565 813 τοῖς
1584 749 1892 820 Ὠριγένους

324 833 760 906 συγγράμμασιν
806 834 1069 906 ἄχθομαι,
1123 838 1219 891 καὶ
1257 840 1372 901 τοῖς
1411 838 1551 893 αὐτὰ
1584 839 1890 910 παραδεχο-

325 927 561 998 μένοις.ι
604 925 663 981 '0
694 925 794 998 μιν
821 922 918 982 οὖν
941 926 1083 983 οὕτω
1107 928 1169 982 τό
1196 945 1256 984 τε
1287 931 1472 998 στίφος
1503 929 1610 985 τῶν
1640 931 1892 1001 μοναχιῖη

322 1018 771 1091 ἀποδουκολήσας
804 1036 867 1073 τε
906 1020 1003 1074 καὶ
1034 1023 1586 1091 παρακρουσάμενος.
1633 1022 1733 1094 τὴν
1767 1023 1896 1080 στά-

285 1133 296 1159 ι
325 1126 412 1164 σιν
456 1108 685 1164 διέλυεν.
719 1110 881 1173 Ἴσως
925 1109 971 1165 δ’
997 1111 1063 1164 ἂν
1095 1112 1190 1165 καὶ
1218 1112 1253 1181 ἡ
1281 1112 1408 1182 περὶ
1436 1110 1627 1165 τούτου
1662 1110 1894 1182 ζήτησις

286 1221 296 1245 τ
327 1199 627 1270 τηνικαῦτα
647 1200 801 1265 τέλος
834 1197 949 1272 εἶχε
980 1204 1073 1258 καὶ
1097 1203 1445 1257 παντάπασιν
1482 1204 1820 1268 ἀπεπαύετο,
1842 1203 1894 1256 εί

284 1358 292 1372 ι
325 1287 402 1357 μὴ
431 1285 693 1355 Θεόφιλος
744 1287 884 1350 ίδίας
910 1288 1073 1358 χάριν
1099 1288 1302 1359 ἔχθρας
1338 1289 1666 1359 τεθνηκυῖαν
1704 1290 1895 1360 ὥσπερ

320 1376 533 1449 ἀναζῇν
547 1377 700 1441 αὖθις
722 1377 822 1447 τὴν
845 1378 1107 1450 τοιαύτην
1137 1380 1314 1433 ἐποίει
1344 1380 1596 1453 ζήτησιν,
1630 1381 1895 1452 ἄντικρυς

321 1468 412 1522 διὰ
446 1468 630 1538 μάχης
662 1466 762 1521 ίὼν
806 1466 1105 1538 Ἀμμωνίῳ
1127 1469 1222 1521 καὶ
1249 1469 1547 1540 Διοσκόρῳ,
1574 1468 1816 1538 Εὐσεὸίῳ
1834 1485 1893 1522 τε

322 1560 416 1613 καὶ
444 1557 721 1629 Εὑθυμίῳ,
769 1557 820 1611 οἶ
857 1559 1075 1630 ἀδελφοὶ
1106 1561 1210 1632 μὲν
1260 1556 1417 1632 ἦσαν,
1467 1553 1530 1632 τιδ
1577 1562 1811 1630 ἐπίκλην
1838 1562 1894 1615 δὲ

320 1646 547 1717 Μακροὶ
570 1647 903 1717 ἑπεφόροντο
924 1648 1011 1701 διὰ
1039 1647 1140 1721 τὴν
1164 1649 1380 1718 ἠλικίαν
1406 1650 1503 1705 τοῦ
1533 1649 1781 1720 σώματος
1801 1668 1816 1684 ·
1844 1651 1894 1705 oi

323 1737 607 1809 εὐδόκιμοι
656 1739 766 1792 τῶν
795 1738 852 1793 ἑν
903 1739 1101 1809 Σκήτει
1131 1740 1301 1795 πάλαι
1346 1742 1650 1811 γενόμενοι,
1707 1730 1893 1811 ὥσπερ

1992 566 2047 620 in
2099 578 2295 619 eorum
2350 560 2641 616 lectionem
2696 557 3027 623 inciderunt,
3067 564 3128 612 ut
3167 556 3243 611 ita
3287 554 3553 618 sentiant,

1990 653 2241 727 persuasi
2286 661 2441 716 sunt,
2476 650 2750 719 nobisque
2797 647 3160 702 adversantur
3198 639 3330 700 asin
3369 645 3422 700 id
3471 644 3555 700 fa-

1990 760 2118 802 cere
2147 744 2328 814 noles.
2368 756 2560 814 partes
2591 754 2740 795 nunc
2768 738 2947 804 dabis,
2974 738 3069 808 qui
3103 737 3327 809 impiam
3356 745 3413 793 et
3442 737 3556 793 Deo

1991 840 2389 907 repugnantem
2439 829 2759 901 opinionem
2801 827 3071 899 sequaris.
3116 846 3135 880 ι
3187 827 3326 883 Tum
3368 826 3556 882 Theo-

1990 927 2177 999 philus
2212 944 2228 983 :
2280 945 2301 981 ι
2339 924 2450 982 Sed
2494 931 2552 980 et
2603 938 2725 979 mea
2773 921 3009 984 dudum,
3047 921 3253 990 inquit,
3292 920 3407 975 haec
3452 919 3559 975 fuit

1992 1017 2300 1085 sententia,
2338 1026 2397 1073 et
2444 1017 2595 1087 quod
2630 1015 2792 1072 vobis
2838 1013 3105 1085 placitum
3144 1020 3250 1079 est,
3286 1004 3561 1067 id‘l‘acere

1992 1122 2223 1183 paratus
2269 1125 2413 1166 sum.
2452 1109 2575 1164 Non
2627 1108 2812 1163 minus
2864 1118 3128 1175 namque,
3173 1117 3337 1173 quam
3380 1099 3558 1166 vobis.

1993 1211 2051 1258 et
2105 1199 2240 1256 mihi
2293 1200 2550 1269 Origenis
2603 1198 2833 1267 scripta,
2872 1196 3078 1267 quique
3126 1209 3190 1249 ea
3247 1194 3558 1263 recipiunt,

1994 1309 2215 1368 gravem
2250 1292 2558 1350 molestiam
2610 1289 2869 1345 aderunt.
2909 1308 2928 1341 ι
2965 1288 3146 1357 Atque
3183 1286 3274 1340 ille
3334 1284 3558 1355 quidem

1995 1395 2112 1443 tum
2145 1386 2543 1442 monachorum
2580 1383 2798 1437 turbam
2830 1382 3116 1451 deceptam
3148 1395 3178 1434 a
3208 1395 3264 1433 se
3299 1379 3557 1440 removit.

1993 1490 2051 1536 et
2094 1480 2428 1536 seditionem
2483 1475 2816 1547 composuit.
2857 1474 3017 1543 371
3068 1472 3322 1527 Fortasse
3371 1479 3556 1524 autent

1996 1572 2230 1641 quaestio
2272 1584 2495 1640 quoque
2544 1569 2646 1623 ista
2686 1568 2847 1621 tinem
2890 1577 3004 1621 tum
3050 1579 3207 1619 somn
3255 1561 3559 1626 habuisset,

1997 1662 2099 1718 nisi
2129 1677 2250 1718 eam
2281 1659 2622 1731 Theophilus
2654 1656 3065 1710 inimicitiarum
3101 1670 3322 1731 suarum
3358 1654 3557 1724 gratia,

1997 1752 2163 1806 veluti
2207 1751 2644 1811 intermortu’am,
2681 1753 2748 1802 ad
2784 1746 2975 1803 vitam.
3015 1753 3073 1798 ut
3110 1725 3182 1797 ita
3220 1742 3426 1806 dicant.
3464 1761 3558 1799 reo

321 1830 575 1900 ἔφημεν,
630 1831 936 1900 τηνικαῦτα
987 1833 1099 1886 τῶν
1147 1831 1267 1885 κατ’
1329 1833 1609 1900 Αἴγυπτον
1664 1834 1896 1903 ἡγοῦντο

2000 1848 2280 1903 vocasset,
2306 1847 2496 1908 aperte
2542 1835 2856 1897 Annuonio,
2896 1835 3176 1896 Dioscoro.
3211 1833 3469 1900 Eusebio,
3503 1842 3561 1889 et

320 1922 706 1993 ἀσκητηρίων,
737 1923 837 1995 βίῳ
862 1925 954 1977 καὶ
974 1910 1129 1995 ’λόγῳ
1155 1924 1500 1991 διαπρεπεῖς.
1525 1924 1698 1988 Πολὺς
1719 1925 1765 1977 δ’
1796 1924 1894 1977 αὖά

320 2014 430 2066 τῶν
457 2013 612 2081 λόγος
634 2013 692 2067 ἐν
713 2031 772 2068 τε
804 2005 1181 2087 Ἀλεξανδρείᾳ
1208 2016 1306 2069 καὶ
1330 2016 1481 2086 παρὰ
1513 2014 1760 2086 Θεοφίλῳ
1793 2015 1895 2085 μάέ

1997 1928 2292 1999 Euthymio
2339 1926 2684 1990 adversatus,
2719 1924 2816 1995 qui
2868 1923 3066 1978 fratres
3098 1923 3342 1993 gerntani
3374 1932 3559 1992 erant,

1991 2026 2049 2074 et
2080 2029 2502 2087 cognomentum
2559 2017 2876 2085 Lougorutn
2908 2025 3132 2086 propter
3161 2016 3408 2085 corporis
3436 2026 3561 2085 pro-

324 2103 488 2156 λιστα
515 2099 586 2176 ἦν
611 2119 627 2136 ο
661 2104 757 2157 καὶ
786 2103 874 2158 διὰ
901 2103 1060 2159 τοῦτο
1094 2104 1206 2160 τῶν
1242 2105 1301 2159 ὲν
1347 2102 1611 2177 Αἰγύπτῳ
1643 2105 1895 2175 μοναχῶν

2000 2109 2281 2163 ceritatem
2322 2107 2621 2164 habebant.
2656 2108 2721 2163 lli
2756 2108 3004 2178 praclari
3036 2108 3267 2171 dudum.
3292 2110 3560 2178 quemad-

323 2195 563 2264 μάλιστα
586 2197 976 2268 κεχαρισμένοι
995 2196 1147 2252 ὄντες
1167 2196 1479 2266 ἐτύγχανον.
1502 2198 1613 2251 Καὶ
1636 2195 1704 2250 τὰ
1727 2195 1896 2251 πολλὰ

324 2286 646 2359 συνομίλους
698 2304 756 2342 τε
789 2285 927 2359 εἶχε,
953 2288 1052 2341 καὶ
1081 2288 1167 2357 ἐφ’
1196 2287 1381 2341 ἑστίαν
1412 2287 1617 2348 ἐκάλει.
1653 2288 1749 2340 καὶ
1782 2287 1897 2340 δια-

324 2377 601 2444 φερόντως
636 2377 801 2446 ἐτίμα
826 2377 953 2440 τοὺς
989 2376 1228 2446 ἄνδρας·
1266 2370 1340 2431 ὧν
1369 2377 1464 2430 καὶ
1499 2376 1596 2430 ἕνα
1627 2376 1720 2429 τὸν
1741 2376 1896 2428 Διόσ-

324 2484 490 2539 κορον
542 2467 636 2520 καὶ
689 2467 1104 2539 Ἐρμουπόλεως
1131 2466 1362 2522 καθίστα
1396 2468 1717 2532 ἐπίσκοπον,
1756 2467 1892 2520 πολ-

324 2561 423 2629 λὴν
456 2559 581 2630 βίαν
607 2558 928 2630 ὲπαγαγὼν.
959 2560 1100 2624 Τοὺς
1138 2559 1231 2614 δύο
1282 2560 1339 2613 δὲ
1387 2559 1732 2631 παρεκάλεσε
1776 2574 1899 2613 συν-

327 2653 470 2705 εἶναι
505 2651 676 2722 αὐτῷ.
700 2650 808 2706 Καὶ
837 2650 994 2721 μόλις
1023 2651 1376 2723 μὲνέπεισενσ
1400 2646 1489 2706 οἶα
1513 2652 1569 2706 δὲ
1600 2653 1900 2717 ἐπίσκοπος

326 2743 423 2795 καὶ
452 2743 731 2813 ἠνάγκασε
763 2759 778 2775 ο
816 2744 913 2797 καὶ
939 2743 1020 2815 τῷ
1050 2743 1142 2796 ὑπ’
1165 2744 1329 2800 αὐτὸν
1353 2744 1543 2816 κλήρῳ
1566 2744 1900 2813 συγκαταλέ-

330 2833 451 2899 εας,
478 2836 579 2903 τὴν
623 2835 721 2903 τῆς
761 2834 1087 2905 Ἐκκλησίας
1117 2833 1433 2905 οἰκονομίαν
1461 2834 1671 2888 διέπειν
1702 2835 1901 2905 ἔχείρι-

328 2926 440 2989 ξεν.
477 2929 540 2981 0t
574 2926 631 2980 δὲ
683 2928 749 2996 τῇ
787 2926 880 2998 βία
925 2926 1237 2997 νικώμενοι,
1264 2926 1342 2992 ὡς
1372 2925 1547 2999 χρεὼν
1575 2925 1675 2996 μὲν
1698 2920 1789 2996 ἦν,
1827 2925 1893 2995 τῇ

327 3019 610 3090 οἰκονομίᾳ
640 3019 963 3089 διόπρεπον·
1000 3019 1155 3081 ἀνίας
1193 3019 1239 3073 δ’
1276 3014 1416 3091 ἦσαν
1444 3020 1653 3090 μεστοὶ,
1684 3018 1788 3086 ὃτι,
1818 3016 1893 3082 ὡς

331 3111 407 3180 μὴ
436 3110 694 3174 καθάπαξ
727 3110 1040 3179 προέθεντο,
1087 3112 1153 3181 τῇ
1202 3110 1491 3183 φιλοσοφίᾳ
1518 3111 1889 3182 προσέκειντο.

329 3177 492 3256 δΕπεὶ
519 3202 573 3254 δὲ
597 3177 844 3272 προῖόντι
872 3201 953 3273 τῷ
981 3177 1161 3273 χρόνῷ
1196 3177 1338 3256 κατὰ
1359 3177 1537 3274 dux—tv
1562 3177 1899 3273 βλάπτεσθαι
1924 3177 1968 3235 c

331 3292 524 3363 ᾤοντο,
554 3294 647 3347 τὸν
708 3293 971 3362 Θεόφιλον
1019 3293 1311 3364 βλέποντες
1345 3293 1438 3347 τὸν
1471 3294 1901 3364 γρηματιστικδν

333 3386 452 3457 βίον
508 3386 1047 3457 μεταχειριζόμενον,
1115 3388 1291 3442 πάντα
1338 3386 1388 3440 τ⁹
1446 3386 1902 3458 ἐξαργυρίζεσθαι

332 3478 704 3546 πεποιημένον
756 3477 1033 3549 σπουδὴν,
1083 3479 1178 3531 καὶ
1226 3478 1403 3532 πάντα
1453 3479 1634 3546 λίθον,
1693 3478 1754 3533 τὸ
1804 3478 1902 3532 τοῦ

333 3569 521 3637 λόγου,
544 3566 797 3622 κινοῦντα
817 3567 958 3621 ὥστε
980 3567 1081 3636 τῆς
1107 3567 1281 3638 ὀσμῆς
1306 3568 1401 3621 τοῦ
1423 3570 1648 3638 χρυσίου
1672 3569 1902 3641 ὀσφραί-

337 3661 550 3725 νεσθαι,
598 3660 661 3711 τδ
719 3661 957 3712 συνεῖναι
1011 3659 1208 3730 ἐκείνῳ
1260 3661 1759 3731 παραιτησάμενοι,
1802 3663 1903 3732 τὴν

336 3754 573 3825 ἐρημέαν
599 3748 756 3814 αὖθις
788 3752 1116 3820 ἠσπάζοντο,
1149 3753 1249 3823 τῆς
1292 3754 1350 3805 ἐν
1378 3750 1534 3805 ἄστει
1590 3754 1903 3824 προτιμῶν-

335 3865 426 3909 τες
450 3846 748 3913 διαγωγὴς.
785 3844 848 3899 '0
877 3844 955 3910 δὲ,
985 3844 1089 3908 ἕως
1119 3845 1219 3914 μὲν
1240 3847 1438 3898 ἐκεῖνοι
1459 3844 1748 3899 ἐλάνθανον
1770 3846 1904 3899 ἄλλα

338 3939 838 4010 προφασιζόμενοι,
876 3936 1061 4007 μένειν
1087 3954 1147 3990 τε
1179 3937 1510 4005 παρεκάλει,
1539 3940 1635 3991 καὶ
1662 3937 1761 4008 τὴν
1787 3935 1904 4006 μετ’

336 4032 548 4084 ἐκείνου
576 4031 731 4099 ἠξίου
762 4029 1049 4098 διατριὸήν
1087 4042 1103 4059 ⁸
1133 4028 1209 4091 ὡς
1237 4029 1295 4082 δὲ
1340 4029 1483 4097 ἔγνω
1514 4030 1903 4098 κατεγνωσμέ-

340 4140 426 4186 νος
458 4122 689 4184 ὲκείνοις
718 4120 817 4185 ὢν,
843 4120 1016 4191 θυμοῦ
1069 4119 1395 4192 ἐπληροῦτο,
1428 4121 1523 4174 καὶ
1566 4122 1667 4174 οὐκ
1711 4120 1906 4193 ἔληγεν

336 4215 730 4286 ὀργιζόμενος·
771 4213 867 4268 καὶ
928 4211 1144 4283 ἠπείλει
1198 4213 1306 4266 πᾶν
1335 4213 1390 4268 ετ
1442 4229 1494 4265 τι
1548 4212 1720 4266 δεινδν
1771 4214 1906 4283 δρᾷν

338 4308 589 4370 ὲκεενοις.
618 4307 681 4359 υι
707 4304 764 4359 δὲ
792 4304 905 4359 τῶν
953 4304 1340 4376 ἡπειλημένων
1374 4304 1549 4375 μικρὰ
1579 4304 1902 4374 φροντίσανο

336 4420 448 4465 τες,
486 4400 728 4469 ἐχώρουν
752 4396 911 4461 αὖθις
942 4397 1082 4450 κατὰ
1143 4398 1241 4468 τὴν
1299 4396 1529 4467 ἔρημον.
1581 4395 1796 4467 Θερμδς
1847 4396 1905 4449 δὲ

340 4493 580 4564 μάλιστα
604 4490 860 4558 Θεόφιλος
893 4487 993 4553 ὢν,
1030 4487 1303 4559 ραγδαίως
1335 4490 1559 4559 ἐφέρετο
1585 4488 1706 4543 κατ’
1725 4488 1906 4543 αὐτῶν

341 4582 803 4654 σκευωρήσασθαι
839 4582 967 4645 τοὺς
991 4580 1190 4650 ἄνδρας
1239 4580 1621 4650 διανοούμενος
1662 4599 1675 4612 ο
1713 4582 1809 4634 καὶ
1842 4580 1906 4651 δὴ

340 4681 433 4731 καὶ
467 4678 548 4739 εἰς
576 4678 731 4744 μῖσος
759 4672 1215 4744 ιχώρειτάδελφῴ
1237 4673 1535 4743 Διοσκόρῳ,
1568 4673 1627 4725 ὃν
1668 4672 1905 4742 Ἐρμου-

341 4769 549 4830 πόλεως
592 4766 892 4819 ἐπίσκοπον
938 4765 1353 4834 καταστήσειεν.
1407 4764 1565 4817 Ἦνία
1608 4764 1664 4817 δὲ
1716 4765 1907 4818 τοῦτον

342 4863 580 4933 μάλιστα
609 4860 669 4911 τὸ
691 4859 814 4921 τοὺς
836 4857 902 4929 ἐν
957 4856 1193 4927 ἀσκήσει
1232 4856 1591 4926 διαφέροντας
1646 4859 1907 4927 προσκεῖ-

340 4956 490 5017 σθαι,
515 4950 611 5003 καὶ
638 4950 772 5002 πολύ
795 4966 848 5001 τι
879 4947 1042 5010 σέϐας
1070 4948 1257 5016 νέμειν
1286 4948 1469 5010 αὐτοῖς
1501 4964 1515 4977 ·
1548 4949 1641 5001 καί
1666 4948 1747 5011 είς
1781 4947 1907 5001 νοῦν

340 5047 564 5115 ἁιῆγεν,
589 5042 663 5105 ὠς
695 5041 751 5093 ἐν
781 5040 953 5094 οὐδενί
990 5055 1097 5091 τινι
1139 5038 1327 5110 τρόπῳ
1365 5037 1578 5103 ἐξέσται
1623 5039 1907 5109 παραὸλά-

339 5138 439 5207 ψαι
466 5136 685 5199 αὐτοὺς,
721 5134 769 5185 σί
802 5131 878 5202 μὴ
908 5133 1004 5185 καὶ
1030 5130 1086 5182 το
1118 5131 1227 5182 τῶν
1262 5131 1515 5201 μοναχῶν
1555 5133 1738 5200 στῖφος
1783 5131 1908 5184 τούς

341 5248 455 5293 τοις
487 5225 913 5296 ἐκπολεμώσειε.
949 5222 1116 5275 Ταῦτ’
1148 5221 1240 5276 οὖν
1288 5221 1693 5291 βουλευόμενος,
1729 5221 1906 5276 τοιιύ-

344 5340 411 5395 τῃ
451 5321 655 5390 χρῆται
689 5321 756 5389 τῇ
792 5318 1010 5387 μηχανῇ
1047 5331 1062 5347 ·
1094 5308 1247 5381 ὲξῶν
1309 5316 1415 5384 γὰρ
1451 5313 1708 5378 πολλάκις
1761 5315 1909 5385 αὐτῴ

348 5413 728 5483 συγγινόμενοι
756 5413 885 5478 περὶ
916 5407 1056 5460 Θεοῦ
1116 5406 1440 5474 διελέγοντο,
1498 5407 1744 5478 ἀκριϐῶς
1791 5409 1908 5479 ᾔδει

349 5506 677 5578 φρονοῦντας
708 5504 781 5566 ὼς
814 5504 840 5556 ὁ
866 5502 966 5571 μὲν
1002 5500 1135 5564 Θεὸς
1164 5500 1453 5569 ἀσώματός
1502 5501 1640 5565 ἐστι,
1674 5503 1768 5554 καὶ
1819 5503 1911 5555 ἀν-

350 5602 595 5674 θρωπίνῃ
647 5601 827 5670 μορφῇ
859 5597 954 5651 καὶ
1002 5598 1243 5667 σχήματι
1293 5599 1524 5665 πάμπαν
1588 5595 1907 5665 ἀλλότριος·

353 5696 417 5748 δι’
447 5695 690 5762 ἀνάγκης
714 5694 822 5761 γὰρ
866 5691 1067 5742 ἐνεῖναι
1103 5687 1180 5757 τῷ
1235 5686 1690 5757 ἀνθρωπομόρφῳ
1736 5686 1796 5738 τὸ
1825 5687 1910 5737 ἀν-

324 5810 327 5811 ν
356 5787 733 5859 θρωποπαθές.
766 5786 832 5843 Ὃ
851 5784 915 5855 δὴ
947 5782 1039 5835 καὶ
1076 5781 1225 5852 παρὰ
1254 5780 1361 5837 τῶν
1388 5778 1639 5835 παλαιῶν
1687 5775 1906 5848 ἐξηκρίο

1995 2201 2217 2254 modum
2267 2201 2531 2265 diximus,
2575 2201 2629 2255 itt
2683 2201 2831 2257 Secti
2888 2202 3110 2257 fuerant
3151 2221 3165 2257 :
3206 2212 3320 2256 tum
3373 2211 3560 2258 autem

1996 2291 2052 2346 in
2099 2291 2332 2363 Egypto
2385 2292 2738 2346 monasteriis
2784 2294 3186 2363 praesidebant,
3231 2304 3289 2348 et
3343 2294 3453 2349 vita
3505 2305 3564 2350 et

1998 2382 2245 2439 doctrina
2304 2383 2673 2453 percelebrcs.
2731 2383 2896 2438 Multa
2944 2396 3128 2440 autem
3178 2402 3367 2441 corum
3418 2386 3563 2441 fanis

1998 2472 2351 2527 Alexandriae
2381 2485 2434 2528 et
2463 2472 2811 2542 potissimum
2846 2475 2991 2538 apud
3026 2474 3391 2544 Theophilum
3421 2487 3563 2540 erat.

1997 2561 2091 2631 qui
2126 2563 2298 2632 gratia
2333 2572 2390 2618 et
2430 2564 2656 2617 nomine
2695 2577 2862 2633 supra
2893 2564 3030 2619 alios
3057 2563 3343 2634 Egyptios
3379 2583 3567 2622 mona-

1998 2654 2135 2708 chos
2173 2653 2465 2722 pollentes.
2499 2654 2783 2723 Frequens
2816 2670 2941 2708 cum
2976 2655 3059 2710 eis
3086 2657 3392 2727 Theophila
3431 2675 3566 2713 con-

1998 2745 2233 2800 suetudo
2264 2744 2667 2800 fuit.Convivio
2693 2747 2842 2799 enim
2872 2762 2968 2801 eos
2992 2747 3387 2816 excipit~bat,et
3412 2765 3566 2803 sum-

2000 2852 2223 2907 mopere
2292 2836 2619 2891 honorabat.
2683 2835 3000 2892 Dioscorum
3056 2854 3314 2908 quoque.
3366 2856 3561 2911 magna

2000 2927 2055 2982 vi
2109 2928 2404 2996 adactum,
2466 2927 2814 2998 llcrmopolis
2875 2929 3195 2999 episcopum
3256 2932 3565 2989 constituit.

2002 3018 2152 3073 Duos
2193 3029 2403 3085 autem,
2450 3029 2508 3072 ut
2555 3034 2742 3074 secum
2791 3028 2999 3086 essent,
3043 3019 3297 3076 hortatus
3338 3030 3469 3077 est:
3509 3032 3567 3078 et

1998 3111 2097 3185 ‘vix
2131 3108 2221 3169 eis
2257 3112 2476 3166 tandem
2511 3112 2805 3182 persuasit.
2838 3128 2934 3168 seu
2975 3114 3160 3183 potius
3189 3124 3248 3168 ut
3273 3116 3566 3187 episcopus

2002 3188 2075 3258 id
2101 3219 2198 3259 eos
2242 3204 2421 3258 facere
2460 3203 2663 3273 coegit.
2701 3201 2892 3271 itaque
2935 3204 3016 3258 eis
3050 3205 3102 3259 in
3141 3204 3274 3260 eleri
3313 3209 3564 3264 ordinem

2002 3297 2292 3365 cooptetis,
2321 3296 2579 3351 Ecclesiae
2598 3295 2959 3352 (teconomiam
2981 3311 3082 3352 seu
3099 3295 3562 3368 dispensationem

2001 3388 2302 3458 gerendam
2334 3382 2710 3442 demandavit.
2748 3387 2918 3444 Porro
2963 3390 3042 3444 illi
3076 3391 3127 3444 vi
3162 3392 3359 3455 coacti,
3397 3393 3469 3447 ita
3504 3403 3567 3449 ut

2003 3478 2210 3543 decuit,
2237 3478 2667 3547 dispensationis
2695 3482 2814 3551 ejus
2850 3497 3079 3536 munere
3144 3483 3401 3537 obeundo
3445 3486 3568 3539 cui-

2006 3579 2233 3627 tuerunt
2264 3587 2278 3624 :
2308 3586 2541 3627 maerore
2585 3584 2769 3629 autem
2802 3574 2948 3643 pleni
2986 3584 3168 3648 erant,
3187 3577 3329 3645 quod
3357 3592 3455 3645 pro
3498 3593 3571 3632 eo

2003 3672 2171 3732 atque
2208 3678 2318 3718 non
2359 3664 2530 3718 semel
2568 3666 3008 3730 constituissent,
3045 3667 3409 3737 philosophiae
3453 3684 3568 3725 sua:

2003 3768 2114 3808 non
2151 3754 2556 3810 incumberent.
2593 3756 2889 3826 Postquam
2933 3767 3116 3811 autent
3159 3766 3405 3827 tempore
3442 3775 3571 3829 pro-

2005 3844 2256 3911 cedente,
2283 3846 2337 3900 in
2364 3847 2565 3902 animis
2597 3851 2699 3917 ipsi
2732 3849 2851 3904 suis
2878 3839 2940 3904 se
2964 3850 3084 3905 lanii
3115 3860 3391 3919 putarent.
3419 3854 3566 3922 quod

2006 3936 2411 4007 Theophilum,
2461 3954 2560 4008 per
2607 3939 2932 4007 avaritiam,
2979 3952 3349 4010 quzestuosam
3399 3946 3566 3997 vitam

2006 4030 2186 4099 sequi,
2234 4040 2400 4100 atque
2452 4030 2639 4085 omnia
2697 4045 2895 4101 magno
2945 4031 3130 4085 studio
3180 4035 3236 4085 in
3281 4042 3566 4102 argentum

2006 4122 2295 4190 redigere,
2339 4136 2676 4191 ontnemque
2725 4123 2863 4177 adeo
2912 4121 3186 4192 lapidem,
3239 4124 3385 4192 quod
3439 4138 3571 4192 pro-

2005 4213 2202 4268 verbio
2233 4212 2457 4279 dicitur,
2492 4229 2733 4281 movere,
2770 4224 2831 4269 ut
2871 4214 2992 4269 auri
3036 4212 3206 4268 odore
3248 4215 3570 4281 periruere-

2010 4312 2121 4366 tur,
2150 4302 2402 4358 viderent
2430 4319 2445 4357 :
2475 4303 2788 4358 convictum
2814 4303 2932 4375 ejus
2961 4302 3325 4367 declinantes,
3357 4303 3410 4356 in
3441 4300 3569 4357 soli-

2009 4396 2256 4451 tudinem
2292 4411 2535 4462 rnrsum,
2570 4411 2731 4464 quam
2765 4396 2987 4450 urbanae
3016 4396 3141 4450 vitae
3178 4395 3567 4464 praeferebant,

1939 4522 1981 4575 υ
2006 4503 2065 4543 se
2101 4489 2477 4544 contulerunt.
2512 4487 2875 4558 Theophilus,
2906 4487 3086 4558 quoad
3130 4487 3206 4542 illi
3243 4503 3359 4543 rem
3392 4487 3568 4556 ipsam

2007 4582 2280 4644 celantes,
2326 4590 2646 4650 praetextum
2699 4581 2867 4635 alium
2917 4581 3307 4642 obtenderunt.
3362 4596 3456 4635 eos
3513 4590 3573 4634 nt

2009 4678 2314 4735 manerent,
2346 4679 2401 4724 et
2437 4670 2839 4725 consuetudine
2875 4684 2974 4725 sua
3024 4677 3339 4732 uterentur,
3375 4671 3573 4722 cohor-

2011 4772 2157 4818 tatus
2184 4774 2290 4819 εει.
2322 4763 2420 4820 Ubi
2448 4779 2580 4818 vero
2610 4779 2668 4818 sc
2688 4762 2899 4835 judicio
2926 4778 3114 4819 eorum
3142 4762 3566 4817 condemnatum

2005 4870 2129 4909 esse
2184 4856 2487 4925 comperit,
2538 4854 2621 4911 ira
2671 4857 2950 4925 percitus,
3001 4854 3399 4911 excandescere
3458 4868 3572 4907 non

2008 4948 2195 5009 desiit.
2227 4958 2282 5003 et
2316 4947 2426 5001 illis
2457 4961 2515 5000 se
2545 4947 2689 5001 mala
2730 4947 2911 5001 omnia
2943 4945 3215 5001 facturum
3248 4960 3364 4998 esse
3397 4943 3574 4998 mina-

2012 5047 2100 5090 tus
2132 5048 2236 5091 est.
2273 5040 2334 5091 At
2372 5036 2447 5091 illi
2497 5038 2676 5091 minas
2718 5037 2840 5107 ejus
2883 5035 3019 5090 nihil
3057 5034 3272 5098 morati,
3309 5034 3364 5088 in
3399 5033 3570 5097 solos,

2013 5138 2070 5182 ut
2101 5129 2308 5181 dictum
2339 5138 2445 5193 est,
2483 5144 2701 5182 rursum
2733 5129 2886 5182 locos
2915 5141 2972 5181 se
3008 5133 3356 5194 receperunt.
3391 5124 3578 5179 Theo-

2012 5222 2196 5290 plnlus
2247 5233 2432 5274 autem
2484 5222 2647 5273 homo
2702 5217 3235 5281 vehementissimus,
3278 5214 3423 5285 quod
3471 5216 3577 5269 im-

2010 5330 2140 5385 petu
2176 5316 2415 5383 quodam
2463 5311 2723 5373 ferretur,
2763 5308 3044 5364 insidiosis
3083 5307 3327 5361 consiliis
3369 5306 3574 5360 adoriri

2010 5424 2106 5461 eos
2160 5404 2501 5459 constituit:
2542 5412 2597 5457 et
2663 5401 2847 5456 odisse
2894 5400 3058 5454 etiam
3108 5398 3331 5451 fratrem
3383 5411 3576 5452 eorum

2013 5501 2332 5553 ιὶιοεοοτιιιιι
2362 5497 2549 5566 coepit,
2576 5511 2735 5565 quem
2757 5491 3070 5561 licrmopoli
3091 5490 3412 5559 episc0pnm
3436 5503 3580 5558 pra:-

2010 5590 2241 5642 fcccrat.
2284 5584 2511 5638 Dolehat
2562 5583 2772 5637 homini
2817 5580 3139 5651 plurimum,
3180 5576 3574 5632 monachorum

2011 5677 2495 5755 przesmutissimos
2523 5689 2775 5745 quosque
2820 5672 2928 5727 illis
2967 5671 3169 5735 favere,
3211 5680 3577 5738 magnumque

2014 5784 2273 5846 pra‘stare
2322 5772 2587 5826 honorem
2621 5786 2633 5824 :
2672 5776 2785 5822 tum
2834 5777 3016 5821 autem
3052 5770 3111 5819 et
3145 5760 3274 5815 illud
3311 5762 3364 5817 in
3396 5757 3577 5810 animo
