3930 6546
452 353 557 418 967

1597 338 1607 346 ’
1679 347 2036 409 NICEPHOI

2139 350 2472 412 CALLlSTl
3569 344 3662 408 968

450 469 858 535 considerabat,
905 468 1047 524 nihil
1090 481 1149 522 se
1196 466 1308 521 illis
1351 464 1668 522 detrimenti
1717 466 2013 520 allaturum

2139 467 2311 530 ῑωται,
2346 468 2441 520 καὶ
2482 465 2716 536 μάλιστα
2777 462 3059 532 ’ίιριγὲνης
3096 463 3219 528 περὶ
3274 463 3462 512 τούτου
3486 462 3665 531 ἄριστα

453 562 779 632 esse,372
806 561 910 616 nisi
937 558 1335 616 monachorum
1366 573 1588 611 manum
1609 555 1675 610 ad
1702 557 2018 611 inimicitias

452 663 648 708 contra
692 667 788 707 eos
828 650 1214 719 suscipiendas
1245 657 1636 705 commoveret.
1671 648 1750 703 Re
1783 649 1856 702 ita
1888 649 2023 703 deli-

453 744 678 806 berata,
729 741 1065 812 ejuseemodi
1123 741 1560 796 comminiscitur
1606 740 1814 794 dolum.
1864 740 2020 805 Quod

455 850 694 904 namque
723 849 868 903 saepe
902 850 1024 887 cum
1054 847 1120 887 eo
1151 833 1201 886 in
1235 831 1488 885 familiari
1523 831 1924 887 consuetudine
1951 832 2020 888 de

457 926 569 981 Deo
620 925 882 980 collocuti
940 933 1144 990 essent,
1185 934 1337 979 certo
1384 925 1590 979 sciebat
1637 939 1733 980 eos
1781 924 2016 996 opinari,

459 1019 629 1072 Deum
679 1019 1086 1087 incorporeum,
1119 1025 1176 1070 et
1209 1032 1238 1070 a
1286 1017 1458 1070 forma
1491 1027 1654 1086 atque
1690 1018 1874 1087 specie
1917 1016 2023 1071 hu-

461 1123 620 1161 mana
669 1123 895 1176 prorsus
945 1107 1182 1159 alienum
1236 1122 1356 1160 esse
1394 1125 1408 1161 :
1447 1107 1538 1175 qui
1586 1108 1734 1161 enim
1787 1109 2022 1163 humana

459 1200 632 1248 forma
664 1196 734 1250 sit
765 1212 887 1249 eum
920 1197 1084 1248 etiam
1125 1194 1509 1249 silet-tionibus
1553 1205 1610 1250 et
1654 1197 2024 1266 perpessioni—

461 1289 564 1342 bus
598 1289 856 1341 humanis
891 1287 1202 1340 necessario
1246 1287 1548 1341 obnoxium
1587 1303 1712 1342 esse
1749 1289 2025 1354 scientes;

463 1380 515 1433 id
551 1378 694 1448 quod
729 1393 759 1431 a
793 1377 1074 1432 veteribus
1105 1379 1520 1434 accuratissime
1563 1389 1647 1433 est
1689 1380 2026 1450 disputatum

461 1481 631 1539 atque
666 1470 972 1532 decretum,
1009 1477 1064 1523 et
1097 1468 1360 1538 Origenes
1391 1471 1732 1538 potissimum
1767 1471 2026 1540 pulcher-

462 1563 600 1614 rime
631 1563 735 1613 hoc
763 1560 1038 1614 tractavit.
1075 1560 1130 1614 lu
1159 1577 1264 1629 qua
1293 1563 1564 1616 sententia
1595 1578 1719 1616 cum
1743 1563 2026 1632 Theophi-

462 1656 548 1709 lus
576 1654 815 1708 maxime
856 1662 1028 1714 esset,
1065 1661 1120 1706 et
1155 1654 1345 1707 ulcisci
1391 1663 1569 1708 tamen
1613 1655 1762 1708 viros
1790 1669 1887 1710 eos
1919 1664 2030 1709 sta—

465 1743 681 1807 tuisset,
716 1743 884 1796 veluti
935 1743 1172 1812 tempori
1230 1742 1561 1807 inserviens,
1601 1752 1658 1797 ut
1706 1758 1828 1813 qua
1879 1753 2027 1799 recte

464 1833 809 1901 opinaretur,
838 1839 1132 1895 everteret,
1169 1847 1332 1900 grave
1367 1832 1470 1886 sibi
1501 1847 1622 1886 esse
1653 1848 1763 1886 non
1795 1833 2026 1902 putavit.

465 1923 653 1992 itaque
684 1921 1076 1974 monachorum
1103 1923 1320 1976 turbam
1353 1920 1616 1976 adversus
1641 1938 1736 1976 eos
1767 1923 2025 1977 concitat.

467 2015 523 2068 Ε.
573 2015 773 2067 multos
805 2028 869 2065 ex
902 2013 982 2066 eis
1011 2013 1078 2066 ad
1117 2028 1175 2067 se
1208 2013 1368 2082 rapit,
1411 2014 1554 2066 viros
1605 2013 1850 2067 moribus
1896 2012 2030 2065 sim-

467 2107 639 2174 plices
681 2114 733 2158 et
768 2104 983 2166 idiotas,
1005 2097 1202 2173 plures
1238 2103 1400 2157 etiam
1438 2104 1750 2159 illiteratus.
1786 2104 1853 2158 Et
1884 2104 2032 2158 litte-

467 2214 555 2251 ras
576 2198 642 2250 ad
669 2197 994 2250 monasteria
1020 2196 1074 2250 in
1097 2196 1394 2250 solitudine
1441 2195 1690 2257 mittens,
1709 2210 1818 2250 non
1839 2211 2034 2264 paren—

468 2290 598 2342 dum
633 2303 754 2341 esse
781 2287 1042 2342 Dioscoro
1087 2297 1141 2340 et
1184 2286 1451 2340 fratribus
1489 2287 1628 2355 ejus,
1657 2285 1803 2354 quod
1847 2297 2034 2354 aperte

469 2377 639 2432 Deum
672 2378 1057 2445 incorporeum
1091 2393 1215 2431 esse
1243 2379 1629 2445 opinarentur.
1655 2377 1863 2431 docuit.
1895 2377 2036 2430 Deus

471 2483 729 2537 namque,
767 2469 967 2536 inquit.
1003 2468 1163 2521 sicuti
1213 2467 1399 2520 divina
1447 2468 1734 2536 Scriptura
1781 2475 2033 2531 testatur,

471 2571 525 2614 et
554 2561 744 2613 oculos
775 2560 959 2619 habet.
993 2567 1050 2613 et
1106 2575 1292 2623 aures,
1325 2574 1521 2612 manus
1546 2597 1562 2622 ,
1589 2558 1755 2628 pedes
1776 2597 1790 2621 ,
1822 2565 1878 2611 et
1906 2557 2034 2621 alia,

475 2653 636 2705 sicuti
669 2662 723 2705 et
770 2652 1042 2714 homines,
1088 2651 1353 2704 membra.
1398 2651 1692 2703 Dioscorus
1739 2658 1947 2712 autem,
1984 2658 2038 2701 et

473 2743 592 2812 ejus
638 2751 960 2808 sectatores,
992 2757 1193 2793 novum
1243 2741 1519 2808 quoddam
1563 2749 1620 2793 et
1661 2739 2037 2807 blasphemum

475 2836 668 2902 dogma
711 2835 971 2892 afl‘crunt,
1005 2833 1297 2900 Origeuem
1345 2831 1517 2885 secuti
1553 2849 1566 2884 :
1598 2845 1777 2898 neque
1823 2845 2036 2892 manus,

480 2942 661 2992 neque
698 2925 888 2992 pedes,
921 2938 1098 2992 neque
1129 2922 1274 2976 aliud
1306 2921 1606 2991 quidquam
1638 2922 1806 2974 Deum
1841 2921 2040 2976 habere

475 3027 878 3071 asseverantes.
915 3016 1037 3069 llac
1069 3016 1149 3069 sic
1177 3015 1464 3072 cavillans.
1497 3014 1798 3067 monachos
1840 3014 2041 3068 multos

475 3114 541 3163 ad
587 3110 993 3163 contentionem
1045 3107 1328 3170 excitavit,
1362 3115 1418 3160 et
1457 3106 1656 3160 seditio
1698 3107 1888 3176 ingens
1918 3115 2038 3159 orta
2068 3141 2110 3200 ο

475 3212 561 3256 est
595 3219 608 3254 :
643 3217 947 3271 parumque
994 3200 1192 3254 decore
1225 3214 1254 3252 ε
1289 3197 1753 3267 disputationibus
1795 3197 1940 3252 inter
1980 3209 2040 3250 se

478 3295 718 3363 agitabis.
758 3305 1034 3362 postremo
1069 3292 1132 3344 ad
1171 3290 1532 3345 contumel:as
1576 3304 1898 3359 pervenere.
1942 3289 2041 3342 At-

483 3401 589 3455 que
620 3385 872 3454 equidem
911 3385 1004 3452 qui
1039 3393 1275 3436 mentem
1305 3381 1660 3434 exercitatam
1694 3393 1749 3434 et
1776 3395 2039 3434 sensuum

482 3477 652 3528 robur
699 3476 923 3528 densius
970 3474 1322 3535 obtinebant,
1356 3471 1647 3540 Theophili
1690 3463 2042 3524 cavillatione

482 3581 589 3618 non
629 3566 1024 3617 movebantur:
1061 3576 1111 3615 et
1139 3563 1394 3615 Ilioscot-o
1420 3571 1568 3614 recte
1593 3562 1871 3625 sentienti,
1901 3573 1958 3616 et
1985 3562 2042 3618 in

480 3657 674 3725 primis
704 3654 924 3723 Origeni
967 3653 1340 3707 adhaerebant.
1377 3653 1476 3716 Qui
1512 3667 1642 3705 vero
1680 3653 2045 3722 simpliciores

481 3754 660 3808 erant,
710 3756 766 3798 et
809 3747 1124 3814 flagrantem
1177 3744 1424 3812 quidem,
1472 3743 1564 3795 sed
1600 3758 1708 3795 non
1740 3743 2042 3796 secundum

483 3839 794 3897 scientiam.
833 3839 1008 3891 zelum
1054 3837 1354 3905 spirabant,
1388 3835 1767 3890 conflictantes
1809 3837 1949 3888 inter
1986 3851 2045 3890 se

485 3933 859 4000 nugabantur,
907 3940 963 3983 et
1009 3930 1202 3982 fratres
1241 3929 1366 3982 illos
1414 3936 1672 3996 tanquam
1720 3927 1885 3997 impie
1923 3940 2046 3983 sen-

487 4025 688 4076 tientes
720 4021 1167 4090 proscindebaut.
1202 4019 1276 4072 Ita
1311 4022 1536 4084 factum,
1570 4029 1629 4071 ut
1665 4020 1854 4088 ingens
1882 4022 2045 4073 Asce-

487 4117 556 4169 tis
591 4116 736 4168 inter
769 4129 828 4168 se
872 4114 1238 4167 intercederet
1272 4112 1587 4164 dissidium.
1618 4111 1719 4176 Qui
1753 4109 2043 4178 TbeOphili

487 4204 724 4273 partiutn
781 4210 969 4265 erant,
1019 4200 1359 4271 Origenistas
1414 4201 1552 4254 alios
1600 4200 1891 4252 vocabant.
1944 4199 2046 4263 Qui

486 4305 668 4346 autem
723 4293 892 4346 Deum
941 4292 1363 4361 incorporeum,
1413 4300 1467 4344 et
1515 4307 1542 4343 a
1593 4291 1767 4344 lorma
1813 4291 2044 4344 alienum

486 4399 608 4437 esse
635 4383 970 4446 statuebant,
991 4397 1085 4434 eos
1106 4382 1196 4450 qui
1225 4399 1250 4433 a
1274 4381 1578 4449 Theophila
1599 4380 1861 4434 concitati
1889 4381 2048 4434 aliter

2121 558 2431 626 φιλοσοφῶν
2463 557 2796 624 διαγέγονεν.
2843 555 2906 606 Ἀ
2938 553 3000 621 δὴ
3035 553 3127 604 καὶ
3153 551 3514 620 διαφερόντως
3534 554 3669 619 δοξά-

2121 647 2230 711 ζων
2263 646 2406 717 μάλα
2454 647 2734 714 Θεόφιλος,
2791 643 3104 713 ἀμύνασθαι
3145 642 3191 695 δ’
3246 643 3513 712 ᾑρημένος
3558 649 3669 707 τοὺς

2120 739 2452 810 ἄνδρας,-ὼς
2488 739 2836 810 χρησάμενος
2868 737 2945 806 τῷ
2994 736 3198 808 καιρῷ,
3253 737 3575 804 ἀνατρέπειν
3612 740 3670 790 τά

2121 831 2302 894 καλῶς
2341 831 2491 900 αὗτῷ
2517 830 2818 898 δεδογμένα
2869 829 2969 880 οὐκ
3017 827 3256 895 ὤκνησε.
3299 827 3407 878 Καὶ
3452 827 3513 895 δὴ
3555 844 3673 895 συγ-

2122 921 2314 992 κρούει
2343 922 2404 974 τὸ
2458 919 2569 972 τῶν
2636 917 2886 988 μοναχῶν
2951 916 3206 985 σύστημα
3260 916 3392 982 πρὸς
3451 916 3668 978 αὐτούς’

2125 1013 2469 1083 συναρπάζει
2499 1029 2557 1062 τε
2599 1001 2829 1070 πολλοὺς
2864 1007 3112 1067 ἐκείνων,
3147 1005 3346 1072 ἄνδρας
3400 1005 3672 1072 ἀκεραίους

2127 1105 2224 1176 μὶν
2272 1105 2362 1156 τὸν
2405 1103 2538 1172 βίον,
2583 1100 2799 1162 ἰδιώτας
2833 1099 2887 1150 δὲ
2923 1097 3120 1157 ἄλλως,
3152 1098 3244 1148 καὶ
3278 1098 3405 1156 τοὺς
3438 1095 3669 1157 πλείονας

2124 1197 2564 1267 ἀγραμμάτουςο
2605 1196 2698 1245 καὶ
2742 1191 3048 1260 γράμματα
3099 1189 3333 1255 πέμπων
3367 1191 3476 1246 τοῖς
3526 1190 3577 1238 ἐν

2125 1289 2317 1358 ἐρήμῳ
2376 1285 2755 1356 ἀσκητηρίοις,
2805 1283 2880 1352 μὴ
2929 1283 3042 1334 δεῖν
3101 1280 3386 1332 πείθεσθαι
3423 1280 3674 1347 Διοσκόρῳ

2124 1385 2220 1437 καὶ
2267 1384 2380 1445 τοῖς
2419 1379 2667 1449 ἀδελφοῖς
2729 1378 3023 1447 εἰσηγεῖτο,
3060 1373 3350 1442 ἀσώματον
3402 1373 3674 1442 διαρρήδην

2127 1477 2220 1528 τὸν
2250 1473 2384 1526 Θεὸν
2439 1467 2881 1540 δογματίζουσιν.
2927 1467 2986 1519 '0
3018 1467 3128 1535 γάρ
3159 1465 3312 1528 Θεὸς,
3366 1464 3442 1526 ὡς
3483 1466 3514 1532 ἡ
3576 1463 3674 1516 Οεῖα

2126 1563 2278 1633 λέγει
2309 1561 2524 1632 Γραφὴ.
2574 1560 2672 1614 καὶ
2731 1557 3043 1628 ὀφθαλμοὺς
3102 1558 3236 1626 ἔχει,
3266 1557 3360 1613 καί
3409 1551 3544 1616 ὦτα,
3597 1560 3674 1607 καὶ

2127 1655 2339 1724 χεῖρας,
2361 1654 2456 1704 καὶ
2479 1651 2667 1715 πόδας,
2722 1650 2911 1703 καὶτὰ
2955 1649 3139 1710 λοιπὰ,
3186 1647 3329 1700 καθὰ
3369 1647 3465 1699 καὶ
3509 1648 3557 1700 οι
3596 1647 3674 1700 ἂν·

2130 1744 2359 1813 θρωποι.
2390 1741 2460 1794 Οῖ
2493 1755 2558 1808 γε
2599 1739 2706 1809 μὴν
2736 1739 2862 1808 περὶ
2891 1737 3186 1806 Διόσκορον
3237 1737 3363 1801 ξένα
3396 1739 3518 1789 τινὰ
3548 1740 3676 1806 εἰση-

2131 1833 2390 1901 γοῦνται,
2457 1832 2552 1884 καὶ
2619 1829 2942 1900 βλάσφημον
2998 1828 3176 1898 δόγμα
3238 1828 3672 1897 νεωτερίζουσιν,

2143 1925 2411 1994 Ὣριγένει
2446 1925 2705 1994 ἑπόμενοι
2730 1938 2744 1953 ⁸
2772 1923 2907 1992 μήτε
2943 1925 3153 1992 χεῖρας,
3179 1922 3317 1992 μήτε
3347 1921 3532 1982 πόδας,
3569 1920 3674 1990 μήτ’

2131 2015 2258 2070 ἄλλο
2282 2031 2334 2066 τι
2355 2013 2416 2066 τὸ
2441 2011 2584 2065 θεῖον
2618 2011 2763 2081 ἔχειν
2801 2009 3224 2080 ἰσχυριζόμενοι.
3285 2009 3474 2062 Ταῦτα
3503 2010 3562 2078 δὴ
3608 2028 3678 2062 σοι

2134 2108 2451 2180 φιζόμενος,
2492 2107 2619 2168 τοὺς
2652 2104 2882 2166 πολλοὺς
2919 2107 3000 2165 εἰς
3035 2103 3151 2170 ἐριν
3181 2101 3354 2170 ἀνῆψε
3383 2101 3493 2153 τῶν
3539 2118 3678 2170 μονα-

2135 2202 2265 2272 χῶν,
2302 2201 2396 2253 καὶ
2430 2199 2618 2260 στάσις
2647 2195 2871 2264 ἐκράτει
2903 2194 3070 2265 πολλή
3106 2211 3122 2228 ο
3154 2195 3246 2248 καὶ
3289 2195 3392 2248 οὐκ
3433 2196 3489 2247 ἐν
3513 2195 3678 2264 κόσμῳ

2134 2291 2274 2361 πρὸς
2303 2288 2566 2357 ἀλλήλους
2599 2287 2696 2348 τάς
2723 2284 2989 2350 διαλέξεις
3025 2283 3362 2350 ποιούμενοι.
3418 2284 3565 2347 τέλος
3612 2289 3678 2348 εἰς

2136 2381 2323 2452 ὕϐρεις
2353 2379 2698 2434 καθίσταντο.
2725 2378 2788 2432 Ui
2840 2376 2941 2445 μὲν
2987 2371 3082 2432 οὖν
3125 2377 3563 2445 γεγυμνασμένοι
3601 2377 3678 2429 τὸν

2138 2471 2262 2524 νοῦν
2319 2471 2416 2523 καὶ
2487 2470 2907 2538 πεπυκνωμένοι
2956 2469 3026 2522 τά
3069 2470 3418 2539 αίσθητήρια,
3469 2469 3586 2522 οὔτε
3621 2474 3677 2540 τῇ

2137 2560 2403 2627 Θεοφίλου
2439 2561 2725 2631 σοφιστείᾳ
2755 2561 3084 2631 ἡρπάζοντο,
3112 2563 3206 2613 καὶ
3242 2564 3355 2622 τοῖς
3387 2562 3513 2630 περὶ
3546 2563 3680 2612 Avic-

2143 2667 2306 2722 κορον
2362 2651 2437 2714 ὡς
2466 2651 2642 2714 καλῶς
2675 2651 2924 2718 λέγουσιν
2959 2632 3199 2717 εἵποντο,
3227 2652 3323 2705 καὶ
3353 2652 3458 2723 πρὸ
3481 2654 3679 2706 ἐκείνων

2141 2743 2380 2811 μάλιστα
2421 2741 2725 2810 Ὠριγένειο
2752 2743 2800 2794 οῖ
2846 2739 2901 2793 δέ
2954 2757 3018 2808 γε
3065 2739 3332 2809 ἁπλότητι
3389 2740 3677 2805 διαζῶντες,

2139 2836 2231 2888 καὶ
2267 2834 2472 2902 θερμὸν
2505 2832 2622 2903 μέν,
2656 2833 2717 2885 οὒ
2745 2833 2853 2902 μὴν
2904 2834 3027 2886 κατ’
3052 2833 3350 2900 ἐπίγνωσιν
3384 2833 3541 2901 ζῆλον
3598 2833 3680 2884 αὖ·

2139 2927 2385 2996 χοῦντες,
2445 2927 2582 2996 πρὸς
2637 2925 2903 2996 ἀλλήλους
2951 2924 3434 2995 παρατρισόμενοι,
3489 2927 3682 2996 ἐρεσχε-

2138 3019 2359 3080 λοῦντες
2391 3013 2554 3090 ἦσαν,
2604 3019 2698 3070 καὶ
2743 3017 2821 3079 ὡς
2879 3016 3214 3080 ἀσεῦοῦντας
3261 3018 3391 3080 τοὺς
3444 3019 3681 3086 ἀδελφοὺς

2140 3109 2410 3179 διέσυρον.
2447 3105 2608 3162 Ὅσοι
2644 3107 2746 3176 μὲν
2775 3104 2868 3161 οὖν
2897 3108 3140 3179 Θεοφίλῳ
3176 3109 3522 3178 προσέκειντο
3558 3111 3684 3180 Ὠρι-

2147 3201 2467 3270 γενειαστάς
2492 3202 2620 3262 τοὺς
2652 3200 2846 3261 ἄλλους
2877 3201 3112 3254 ἐκάλουν
3141 3217 3156 3232 ’
3215 3201 3332 3254 ὅσοι
3378 3201 3434 3254 δλ
3485 3202 3683 3270 ἀσώμα-

2147 3310 2237 3346 τον
2291 3291 2352 3343 τὸ
2408 3289 2550 3343 θεῖον
2601 3289 2862 3359 ὡρίζοντο
2917 3285 3060 3343 εἷναι
3109 3291 3204 3343 καὶ
3255 3293 3680 3361 ἀσχημάτιστον,

2161 3382 2780 3453 Ἀνθρωπομορφιανοὺς
2804 3383 2927 3445 τοὺς
2975 3381 3390 3452 ἐρεθιζομένους
3441 3383 3537 3435 ὑπὸ
3573 3383 3683 3434 Θεο-

2149 3477 2304 3547 φίλου
2331 3475 2427 3528 καὶ
2450 3474 2709 3528 τάναντία
2749 3475 3080 3543 φρονοῦντας
3114 3474 3416 3544 ὠνόμαζον.
3451 3477 3549 3528 Kal
3605 3493 3684 3544 με·

2149 3569 2280 3632 ταξὺ
2333 3567 2444 3619 τῶν
2499 3566 2749 3636 μοναχῶν
2805 3565 3043 3635 πόλεμος
3097 3566 3361 3630 ἄσπονδος
3411 3567 3680 3638 ἀνερράγη,

2153 3659 2507 3731 παρατριὸῆς
2562 3659 2625 3711 οὐ
2669 3660 2911 3728 σμικρᾶς
2950 3659 3263 3728 γινομένης.
3334 3660 3422 3721 Ὠς
3477 3660 3518 3712 δ’
3562 3662 3680 3726 Emi

2150 3752 2404 3820 Θεόφιλος
2435 3753 2516 3814 είς
2541 3750 2700 3822 ἔργον
2728 3750 2879 3819 αὐτῷ
2918 3750 3006 3803 τὸν
3027 3751 3228 3804 σκοπὸν
3258 3753 3678 3822 προχωρήσαντσ,

2153 3846 2250 3896 σὺν
2279 3842 2457 3913 πολλῷ
2489 3844 2686 3912 πλήθει
2720 3842 2816 3895 καὶ
2874 3844 3136 3914 στρατιάς
3167 3844 3454 3912 ἑπομένης,
3508 3844 3560 3896 τὺ
3596 3846 3681 3913 τῆς

2151 3934 2379 4005 Νιτρίας
2400 3933 2820 4002 κατελάμϐανεν
2849 3933 2994 4003 ὅρος,
3026 3934 3157 3987 ἔνθα
3208 3935 3442 4002 μάλιστα
3488 3937 3680 3988 πλεῖστα

2153 4021 2294 4096 ἦσαν
2323 4026 2392 4077 τὰ
2447 4025 2788 4094 μοναστήρια
2822 4039 2837 4054 ·
2897 4025 2989 4076 καὶ
3026 4024 3237 4087 ὁπλίζει
3279 4026 3347 4078 τά
3403 4025 3551 4094 στίφη
3589 4027 3679 4076 τῶν

2155 4114 2407 4186 μοναχῶν
2432 4114 2572 4168 κατά
2591 4129 2650 4165 τε
2676 4115 2970 4184 Διοσκόρου
2998 4115 3093 4168 καὶ
3117 4116 3226 4167 τῶν
3251 4116 3415 4169 αὐτοῦ
3435 4117 3648 4184 ἀδελφῶν
3665 4130 3678 4142 ·

2154 4210 2248 4260 καὶ
2303 4207 2414 4277 πῦρ
2459 4207 2696 4269 ἐνιέντες
2751 4207 2828 4276 τῷ
2880 4207 3228 4278 μοναστηρίῳ
3281 4209 3512 4271 ἐκείνων,
3549 4207 3679 4260 πάντ’

2155 4299 2349 4367 ἀθρόον
2378 4297 2625 4367 δαπάνην
2656 4297 2822 4351 αὑτοῦ
2876 4296 3177 4350 ἐποιοῦντο.
3213 4298 3275 4350 Οί
3306 4299 3362 4351 δέ
3417 4300 3503 4352 καὶ
3552 4300 3679 4350 αὐτοὶ

2156 4393 2215 4442 ἐν
2242 4389 2357 4460 χρῷ
2392 4389 2636 4442 κινδύνου
2661 4390 2964 4457 γενόμενοι,
3008 4389 3163 4458 μόλις
3192 4390 3393 4458 γυμνοὶ
3412 4391 3514 4442 τῶν
3544 4391 3679 4457 apsti-

486 4477 878 4544 Opinabantur,
947 4473 1591 4542 Authropomorphianos
1669 4473 2036 4526 nominabant.

2148 4497 2254 4532 των
2287 4480 2667 4551 ἀναθορόντες,
2696 4480 2788 4532 τὸν
2845 4479 2985 4550 ὑπὲρ
3027 4481 3267 4550 κεφαλῆς
3323 4483 3554 4534 κίνδυνον
3592 4481 3677 4532 δέ·

492 4569 566 4622 lta
624 4569 767 4620 inter
816 4566 1114 4618 monachos
1163 4581 1268 4618 non
1317 4580 1484 4632 parvo
1525 4562 1784 4619 conﬂictu
1832 4578 2046 4630 exorto,

2154 4571 2412 4640 όρασκον.

491 4660 834 4727 implacabile
891 4660 1088 4712 bellum
1133 4661 1466 4714 concitatum
1545 4668 1653 4712 est.
1733 4658 1892 4728 373
1939 4661 2278 4731 Theophilus
2329 4666 2424 4720 ubi
2474 4667 2766 4722 consilium
2840 4684 3000 4723 suum
3047 4669 3154 4723 sibi
3200 4668 3490 4724 succedere
3555 4668 3673 4729 vidit,

489 4769 684 4821 magna
729 4753 1102 4814 multitudine,
1145 4752 1411 4804 militibus
1457 4751 1622 4805 etiam
1660 4754 2148 4821 consequentibus.
2210 4771 2454 4814 montem
2517 4761 2730 4823 Nitriae,
2760 4761 2850 4815 ιιὺί
2911 4762 3144 4831 plurima
3170 4771 3328 4815 erant
3374 4761 3674 4820 monasteria,

487 4854 739 4913 occupat,
768 4853 824 4897 et
853 4845 1251 4897 monachorum
1282 4854 1526 4896 catenas
1591 4843 1852 4896 adversus
1914 4845 2234 4900 Dioscorum
2279 4858 2335 4903 et
2374 4851 2572 4906 fratres
2639 4854 2760 4923 ejus
2808 4855 2976 4907 armis
3023 4853 3247 4907 instruit
3283 4870 3296 4905 :
3368 4854 3579 4924 igueque
3621 4853 3674 4901 in~

481 4939 630 5008 jecto
688 4940 1080 4992 monasterium
1138 4953 1327 4992 eorum
1389 4937 1662 4999 incendit,
1719 4946 1770 4989 et
1826 4952 2054 5004 prorsus
2093 4949 2302 4995 vastat.
2371 4945 2548 5012 Atque
2587 4945 2663 4997 illi
2739 4946 2792 4998 in
2833 4961 3104 5000 summum
3142 4946 3436 5000 discrimen
3467 4942 3672 5012 conjecti,

490 5035 574 5087 vix
624 5035 841 5088 tandem
894 5033 1025 5087 nudi
1079 5048 1143 5086 ex
1194 5034 1396 5101 puteis,
1431 5046 1540 5100 quo
1593 5043 1652 5083 se
1705 5031 2050 5094 abdiderant,
2089 5034 2412 5102 evadentes,
2445 5039 2640 5106 capitis
2669 5038 2973 5107 periculum
3005 5038 3336 5108 eil‘ugerunt.

1081 5148 1304 5203 CAPUT
1343 5148 1436 5200 XI.

491 5241 552 5296 Ut
601 5241 793 5311 fratres
848 5237 1013 5311 Longi
1061 5246 1271 5311 propter
1315 5237 1625 5311 inimicitiqu
1673 5234 1940 5311 Theophili
1996 5253 2051 5290 se

558 5305 750 5364 εΙὸιιηιιί
793 5305 1180 5378 conjuuxerint.
1223 5308 1356 5360 Item
1407 5307 1468 5358 de
1515 5305 1739 5366 Isidoro,
1788 5319 1842 5358 ut
1888 5307 2050 5360 Theo-

557 5382 699 5450 plulo
741 5383 808 5434 sit
852 5384 1198 5432 adversatus:
1241 5387 1289 5430 et
1333 5387 1386 5428 ut
1430 5379 1665 5444 Augusta
1709 5391 1793 5428 eos
1841 5378 2055 5444 benigna

556 5455 858 5517 susceperit.

561 5562 686 5615 llaec
743 5564 796 5615 iu
849 5561 1077 5632 Ᾱὶεγριο
1130 5561 1462 5632 agebantur,
1521 5571 1575 5614 et
1622 5560 1886 5616 Joannem
1938 5573 2052 5617 tum

491 5655 752 5714 latebant,
784 5656 875 5722 qui
921 5655 1186 5708 doctrinae
1225 5653 1550 5709 incumbens
1599 5652 1832 5706 maxime
1877 5655 2058 5709 enite‘

493 5750 603 5806 bat,
637 5757 858 5816 propter
903 5747 1338 5801 consentientem
1384 5749 1628 5801 omnium
1658 5744 1726 5799 de
1755 5760 1820 5800 eo
1848 5744 2046 5801 famam

2749 5158 3000 5210 ΚΕΦΑΛ.
3035 5155 3136 5211 iA'.

2168 5245 2261 5310 Ὡς
2293 5248 2346 5298 οἱ
2390 5246 2612 5312 Μαιίροὶ
2652 5246 2730 5311 τῷ
2769 5249 3021 5313 Ἰωάννῃ
3055 5245 3426 5316 προσῆλθον,
3458 5247 3674 5316 Θεοφίλῳ

2230 5317 2704 5383 ἀπεχθανόμενοι
2728 5333 2740 5346 ·
2797 5319 2891 5368 καὶ
2929 5321 3062 5385 περὶ
3093 5313 3436 5384 ’⁸1σιδώρου,
3483 5318 3552 5380 ὠς
3581 5313 3677 5364 διά-

2227 5401 2412 5452 φορος
2444 5388 2714 5451 Θεοφίλῳ
2749 5387 3009 5452 κατέστη
3036 5403 3048 5415 ·
3084 5389 3178 5440 καί
3201 5390 3279 5452 ὡς
3314 5388 3673 5454 ττι-βασίλισσα

2227 5455 2450 5518 αὐτοὺς
2488 5456 2660 5522 ἠξίου
2686 5454 3020 5524 ἀναδοχῆς.

2237 5567 2348 5618 Καὶ
2407 5570 2543 5619 κατά
2606 5568 2705 5636 μὲν
2759 5569 3034 5636 Αἴγυπτον
3087 5569 3261 5622 ταῦτα
3331 5569 3569 5636 γινόμενα
3606 5562 3673 5614 τόν

2170 5659 2422 5727 Ἰωάννην
2457 5659 2589 5721 τέως
2629 5660 2916 5713 ἐλάνθανον
2958 5675 2972 5690 ο
3010 5662 3217 5720 ἐκεῖνος
3269 5661 3327 5714 δέ
3380 5660 3541 5714 ἀνθῶν
3582 5654 3672 5714 ταῖς

2157 5750 2537 5814 διδασκαλίαις
2571 5753 2810 5822 μάλιστα
2835 5752 3082 5820 διετέλει,
3121 5754 3441 5824 περιϐόητος
3467 5753 3670 5805 ἅπαντα·
