3930 6530
226 443 334 507 θὸθ

1114 445 1714 508 ECCLESIASTICE
1753 445 2142 506 HISTORIIE
2184 445 2329 506 LlB.
2374 445 2539 506 XIII.

3363 449 3466 513 970

221 555 320 625 χοῦ
355 556 423 626 τῇ
469 554 528 621 ἐξ
575 553 834 610 ἁπάντων
884 557 1042 630 φήμῃ
1079 558 1388 628 γινόμενος.
1446 560 1511 612 Οἱ
1567 558 1623 611 δὲ
1669 558 1790 627 napi

1906 557 2113 626 ubique
2159 557 2396 614 celebris
2440 565 2498 612 et
2529 555 2733 612 clarus.
2778 553 3071 616 Dioscorus
3115 565 3300 614 autem
3339 573 3466 614 eum

221 647 523 719 Διόσκορον
547 648 614 702 τὰ
666 649 764 718 μὲν
823 649 1020 718 πρῶτα.
1077 653 1158 714 είς
1213 651 1559 721 Ἰεροσόλυμα
1612 645 1748 722 ἧκον
1779 667 1792 680 ·

221 740 438 792 ἐκεῖθέν
460 757 516 794 τε
545 742 624 804 είς
659 741 1002 796 Σκυθόπολιν
1055 743 1425 814 μετεχώρουν,
1481 745 1798 814 ἐπιτηδείαν

219 834 412 898 αὐτοῖς
449 835 588 904 πρὸς
607 836 894 889 κατοικίαν
942 835 1109 891 οὖσαν
1141 837 1230 890 διὰ
1262 838 1324 891 τὸ
1374 838 1485 889 τῶν
1539 837 1800 904 φοινίκων

221 924 430 993 πλῆθος
458 940 474 956 ο
499 929 611 990 τοῖς
641 928 752 998 γάρ
783 927 1006 996 φύλλοις
1029 928 1254 985 ἐκείνων
1285 929 1528 1000 ἐχρῶντο
1559 929 1696 1001 πρὸς
1731 929 1800 983 τὰ

223 1022 483 1088 μοναχοίς
506 1021 766 1091 ἀνδράσιν
798 1021 1074 1092 ἀνήκοντα
1107 1023 1267 1095 ἔργα.
1323 1027 1435 1080 Καὶ
1481 1026 1680 1094 ἄνδρες
1741 1023 1798 1076 δὲ

218 1111 437 1175 τούτοις
471 1115 570 1182 τῆς
594 1115 804 1183 ἐρήμου
837 1116 1054 1187 ἐκείνης
1081 1118 1296 1172 εἵποντο
1323 1120 1468 1189 ἀμφὶ
1500 1119 1800 1190 ὀγδοήκον-

219 1222 309 1258 τα.
343 1205 601 1274 Θεόφιλος
631 1205 686 1259 δὲ
719 1207 926 1271 δείσας,
951 1208 1032 1271 είς
1061 1209 1162 1278 τὴν
1193 1211 1608 1264 Κωνσταντίνου
1637 1212 1797 1274 εὐθὺς

218 1297 498 1365 ἔπεμπεν,
547 1297 690 1350 ὥστε
716 1297 914 1362 αὐτοὺς
947 1300 1296 1371 αευωρῆσαι
1349 1301 1643 1364 διαϐολαῖς,
1699 1304 1798 1368 ἑμ-

222 1389 402 1442 mem
433 1407 490 1442 τε
537 1397 906 1459 καταστῆναι,
937 1393 992 1445 ετ
1045 1408 1113 1460 γε
1171 1394 1304 1463 περί
1340 1411 1482 1458 τινος
1535 1394 1800 1463 βασιλέως

217 1477 430 1530 δέοιντο
464 1493 479 1510 ·
520 1478 548 1530 ὅ
609 1479 673 1548 δὴ
716 1481 762 1532 οί
807 1481 937 1548 περὶ
1000 1482 1309 1550 Ἀμμώνιον
1354 1485 1450 1536 καὶ
1508 1485 1798 1556 Διόσκορον

216 1569 552 1635 διαγνόντες.
583 1571 746 1634 εὐθὺς
799 1573 893 1625 καὶ
925 1573 1080 1626 αὐτοὶ
1115 1577 1196 1638 είς
1240 1574 1342 1646 τὴν
1381 1576 1796 1630 Κωνσταντίνου

219 1664 520 1720 ἀπέπλεον.
585 1668 762 1736 Συνῆν
795 1669 853 1722 δὲ
885 1670 1070 1731 αὐτοῖς
1131 1673 1226 1723 καὶ
1261 1669 1554 1739 Ἰσίδωρος,
1605 1672 1677 1724 δι’
1733 1671 1796 1726 οὗ

218 1755 321 1822 τῆς
341 1756 545 1824 ἔχθρας
582 1760 676 1811 καὶ
714 1762 824 1822 τοῖς
855 1762 983 1830 περὶ
1016 1763 1308 1832 Διόσκορον
1337 1764 1418 1826 είς
1453 1769 1610 1832 μῖσος
1639 1765 1798 1817 κατέ-

216 1863 319 1916 στη
349 1848 642 1918 Ἰσίδωρος,
672 1853 698 1902 ὁ
718 1852 885 1905 πάλαι
918 1852 1018 1921 μὲν
1047 1853 1141 1905 ἐπὶ
1190 1854 1347 1907 τόσον
1399 1854 1644 1924 Θεοφίλῳ
1705 1874 1796 1910 κε-

214 1941 572 2008 χαρισμένος,
606 1942 687 1994 ὅτι
719 1959 782 2009 γε
815 1945 908 1997 καὶ
965 1946 1106 2012 μετά
1141 1945 1447 2014 Νεκτάριον
1490 1948 1793 2001 ἐπίσκοπον

213 2031 314 2096 τῆς
342 2032 753 2085 Κωνσταντίνου
789 2037 1120 2103 χειροτονεῖν
1167 2036 1467 2101 ισπούδαζε
1504 2054 1519 2069 ·
1571 2039 1690 2092 τότε
1733 2041 1793 2096 δὲ

213 2123 610 2194 ἀπηχθημένος
649 2127 714 2178 τὰ
745 2125 983 2194 μάλιστα
1005 2128 1074 2180 δι’
1101 2129 1282 2182 αίτίαν
1305 2131 1518 2184 τοιάνδε
1545 2149 1558 2164 ·
1586 2132 1796 2202 Πέτρος

212 2228 297 2272 τις
323 2205 392 2280 ἦν
417 2211 635 2282 πρῶτος
682 2214 792 2266 τῶν
840 2215 899 2268 εν
956 2215 1339 2288 Ἀλεξανδρείᾳ
1385 2219 1790 2290 πρεσϐυτέρων,

211 2302 272 2354 ὃν
310 2301 624 2371 ἀμῦνασθαι
649 2303 910 2371 Θεόφιλος
944 2305 1228 2374 βουληθεὶς
1256 2307 1344 2361 διά
1395 2326 1517 2362 τινα
1581 2310 1796 2379 συμϐᾶ-

213 2411 318 2446 σαν
356 2395 678 2464 ἀπέχθειαν,
710 2396 810 2464 τῆς
869 2397 1334 2468 ὲκκλησιαστικῆς
1390 2399 1550 2464 ἀξίας
1596 2401 1794 2464 ἐξῶσαι

209 2484 474 2537 διενοεῖτο
496 2502 513 2517 ο
546 2486 753 2556 μέμψιν
778 2487 822 2538 δ’
858 2489 1070 2558 ἐπῆγεν
1096 2489 1266 2561 αὐτῷ,
1299 2491 1375 2554 ὡς
1406 2493 1643 2560 γυναῖκά
1669 2511 1794 2546 τινα

208 2578 313 2645 τῆς
365 2579 715 2649 Μανιχαῦιῆς
771 2581 1042 2651 αίρίσεως
1094 2583 1296 2648 οὖσαν,
1348 2586 1518 2656 πρινὴ
1586 2588 1795 2658 ταύτην

209 2672 600 2742 ἀπαγορεῦσαι
629 2673 729 2744 τὴν
766 2675 1007 2745 αἰρεσιν,
1064 2677 1227 2731 θείων
1276 2680 1593 2751 μυστηρίων
1626 2701 1795 2737 καταο

209 2763 433 2829 ειῶσαι.
469 2765 580 2820 Καὶ
616 2766 791 2828 ἄλλως
820 2768 876 2820 δὲ
910 2769 1058 2839 αὐτῷ
1091 2771 1460 2841 ἀπηχθάνετο.
1504 2774 1562 2827 '0
1601 2775 1646 2827 δ’
1693 2777 1795 2847 ἀρ-

212 2857 692 2927 χιπρεσδύτερος,
755 2861 849 2913 καὶ
892 2861 1035 2914 κατὰ
1089 2861 1252 2931 νόμον
1308 2865 1408 2934 τῆς
1461 2867 1794 2937 Ἐκκλησίας

204 2948 401 3020 εκείνη
431 2949 698 3019 προσῆναι
727 2951 817 3005 τὸν
834 2952 1000 3022 νόμον
1016 2953 1191 3022 ἔλεγε.
1225 2955 1336 3010 Καὶ
1363 2957 1534 3012 αὑτοῦ
1566 2958 1623 3012 δὲ
1662 2977 1794 3029 προ-

206 3047 392 3114 τροπῇ
421 3045 708 3113 Θεοφίλου,
734 3047 813 3109 είς
856 3046 923 3100 τὰ
964 3050 1248 3119 μυστήρια
1284 3049 1685 3124 παραδεδέχθαι
1734 3055 1794 3107 τδ

206 3137 440 3204 γύναιον
461 3137 774 3193 διετείνετο.
817 3139 878 3195 '0
908 3140 955 3194 δ’
987 3144 1050 3196 ὲτ
1091 3161 1286 3208 ’κοπος
1344 3145 1663 3214 ἠγανάκτει,
1700 3150 1794 3202 καὶ

1901 653 2018 706 suis
2045 652 2419 724 Hierosolyma
2443 653 2682 723 primum
2708 651 3001 715 concessit,
3022 651 3218 708 deinde
3243 653 3472 725 Scytho-

1902 743 2068 811 polim
2101 757 2160 799 se
2205 745 2441 799 contulit
2471 763 2483 798 :
2515 760 2677 814 quem
2719 745 2904 799 locum
2947 743 3209 801 idoneum
3252 747 3357 803 sibi
3388 758 3466 803 at-

1901 852 2008 903 que
2040 836 2156 890 suis
2185 853 2307 893 esse
2336 838 2403 892 ad
2448 839 2801 894 lncolendum
2847 839 3062 908 putavit
3101 848 3325 910 propter
3353 841 3472 911 pal-

1901 942 2116 982 marum
2165 928 2558 999 frequentiam,
2593 931 2739 1000 quod
2779 947 2968 986 earum
3012 931 3162 988 foliis
3196 934 3264 987 ad
3303 949 3470 1002 opera

1901 1035 2000 1074 sua
2031 1020 2286 1076 monachi
2323 1031 2471 1077 recte
2509 1031 2820 1082 uterentur.
2864 1023 3250 1094 Sequebantur
3285 1033 3471 1080 autem

1897 1124 1996 1164 eos
2050 1110 2369 1168 solitudinis
2425 1111 2574 1167 illius
2631 1113 2735 1167 viri
2792 1113 3018 1168 circiter
3047 1112 3344 1184 octaginta.
3404 1116 3474 1168 At

1900 1202 2237 1270 TheOphilus
2265 1203 2370 1259 sibi
2405 1214 2676 1268 metuens.
2709 1207 2895 1261 statim
2935 1205 3470 1275 Constantinopolim

1898 1309 2030 1348 suos
2072 1295 2244 1360 misit,
2277 1295 2371 1364 qui
2423 1310 2547 1352 cum
2593 1297 2702 1352 illis
2749 1311 2848 1366 per
2892 1299 3200 1355 calumnias
3243 1299 3474 1354 insidias

1898 1392 2218 1447 struerent,
2267 1396 2381 1440 tum
2425 1387 2591 1442 etiam
2637 1387 2683 1442 si
2733 1387 2861 1456 quid
2909 1388 2986 1442 illi
3032 1391 3101 1442 ab
3139 1390 3472 1457 imperatore

1899 1478 2187 1538 peterent,
2238 1471 2638 1541 impedimento
2692 1476 2776 1531 eis
2825 1487 3030 1532 essent.
3085 1479 3162 1534 De
3212 1494 3323 1544 quo
3377 1478 3470 1532 ubi

1899 1559 2230 1622 Ammonius
2261 1570 2316 1616 et
2351 1563 2651 1619 Dioscorus
2687 1567 2956 1621 certiores
2987 1577 3120 1622 sunt
3157 1566 3306 1633 facti,
3343 1584 3476 1621 con-

1898 1649 2082 1706 festim
2125 1663 2180 1710 et
2217 1653 2321 1722 ipsi
2370 1654 2902 1728 ConstantTnopolim
2950 1659 3302 1728 navigarunt.
3348 1661 3474 1716 Fuit

1899 1743 2046 1798 enim
2085 1760 2212 1804 cum
2251 1747 2336 1804 eis
2379 1747 2646 1814 Isidorus,
2690 1761 2916 1820 propter
2953 1754 3110 1824 cujus
3153 1753 3472 1808 inimicitias

1899 1833 2225 1892 Dioscorum
2257 1853 2476 1909 quoque
2539 1857 2940 1914 germanosque
2965 1847 3087 1916 ejus
3132 1845 3472 1914 Theophilus

1824 1903 1870 1964 Β
1900 1928 2075 1998 magis
2115 1903 2300 1986 odisse
2345 1903 2682 2003 ctepit.vllic
2714 1936 2799 1989 vir
2833 1903 3054 2007 quidem
3103 1937 3240 1992 adeo
3285 1903 3468 1993 Theo-

1898 2021 2052 2090 philo
2101 2025 2306 2080 eharus
2361 2036 2523 2081 antea
2577 2028 2777 2094 fuerat,
2820 2041 2880 2086 ut
2930 2031 3082 2084 illum
3131 2034 3299 2086 etiam
3348 2041 3474 2100 post

1895 2114 2137 2170 Nectarii
2196 2126 2428 2170 mortem
2490 2134 2682 2187 magna
2737 2120 3094 2177 contentione
3148 2121 3467 2190 episcOpum

1897 2204 2570 2277 ConStantinopolitanum
2603 2209 2803 2266 factum
2833 2211 3089 2267 voluerit.
3121 2212 3258 2266 Tum
3285 2224 3469 2268 autem

1897 2297 2085 2355 hostili
2133 2299 2371 2356 maxime
2413 2301 2469 2356 in
2511 2316 2637 2358 eum
2679 2313 2799 2356 erat
2843 2303 3051 2368 animo,
3082 2319 3205 2358 cum
3237 2305 3370 2357 alias
3399 2305 3471 2358 ob

1896 2407 2111 2457 causas,
2139 2403 2252 2448 tum
2279 2405 2507 2464 propter
2531 2395 2674 2450 hanc
2694 2395 3063 2464 potissimum.
3091 2395 3221 2451 Erat
3242 2397 3472 2452 Alexan-

1897 2485 2032 2539 driae
2077 2485 2378 2555 primarius
2429 2488 2648 2556 quidam
2698 2491 2983 2561 presbyter
3032 2491 3263 2555 Petrus,
3306 2507 3469 2560 quem

1898 2577 2241 2647 Theophilus
2297 2588 2524 2649 propter
2580 2579 2916 2636 simultatem
2967 2581 3298 2650 quamdam,
3349 2597 3470 2651 qua-

1895 2670 1978 2724 eis
2024 2669 2372 2731 intercessit,
2427 2670 2618 2726 ulcisci
2673 2672 2900 2736 volens,
2945 2675 3210 2743 abrogare
3260 2673 3467 2727 homini

1896 2760 2219 2831 dignitatem
2254 2760 2684 2816 ecclesiasticam
2722 2762 3017 2832 cogitabat.
3052 2763 3145 2818 illo
3172 2763 3224 2818 ei
3255 2763 3470 2834 objecto

1895 2853 2165 2916 crimine,
2222 2851 2372 2921 quod
2439 2853 2732 2908 mulierem
2797 2855 3092 2923 quamdam
3161 2855 3472 2909 Manicheum

1897 2943 2125 3000 haeresis
2186 2945 2338 3014 prius
2396 2945 2464 3000 ad
2524 2945 2714 3002 divina
2801 2947 3058 3017 mysteria
3119 2947 3470 3018 percipienda

1895 3035 2250 3105 admisisset,
2299 3053 2463 3108 quam
2521 3039 2614 3094 illa
2669 3040 2865 3096 haeresi
2919 3042 3172 3096 nuntium
3231 3041 3471 3111 legitime

1896 3129 2219 3186 remisisset.
2255 3130 2421 3202 374
2451 3132 2656 3188 Oderat
2691 3148 2822 3188 vero
2868 3149 2998 3188 eum
3041 3133 3163 3188 aliis
3206 3135 3370 3188 etiam
3401 3134 3471 3188 de

205 3225 303 3283 οἶα
339 3233 850 3304 συκοφαντούμενος
885 3225 1186 3307 διεπρίειο.
1240 3237 1446 3310 Πέτρος
1488 3240 1544 3294 δὲ
1579 3241 1659 3304 είς
1699 3240 1789 3295 πί-

1896 3221 2100 3276 causis.
2135 3223 2595 3293 Archipresbyter
2631 3225 3086 3282 constitutionem
3125 3225 3382 3286 Ecclesia:
3415 3225 3471 3279 in

207 3336 334 3372 στιν
373 3320 468 3374 τοῦ
513 3322 868 3393 πράγματος,
920 3328 1017 3380 καὶ
1070 3327 1165 3380 τὸν
1206 3328 1478 3400 Ἰσίδωρον
1533 3330 1792 3402 μάρτυρα

203 3413 426 3476 ἐκάλει,
446 3412 522 3476 ὡς
550 3414 636 3484 εἴη
668 3415 767 3485 τὴν
809 3417 1047 3482 γυναῖκα
1097 3419 1238 3470 κατά
1265 3417 1491 3487 γνώμην
1519 3421 1614 3471 τοῦ
1671 3422 1792 3474 sm-

203 3505 428 3556 ἀκόπου
460 3506 570 3568 τοῖς
622 3507 952 3576 μυστηρίοις
999 3509 1430 3578 είσδεδεγμένος.
1485 3510 1792 3583 Ἀπῶημος

197 3597 259 3648 δὶ
280 3597 590 3665 τηνικαῦτα
621 3599 702 3661 είς
744 3599 968 3670 Ῥώμην
999 3599 1300 3671 ἐτύγχανεν
1325 3601 1400 3656 ὢν
1428 3605 1456 3657 δ
1496 3603 1788 3673 Ἰσίδωρος.

199 3687 618 3756 Διερεθίζοντος
671 3690 777 3759 γάρ
816 3691 1090 3754 Ἰωάννου,
1128 3692 1262 3761 πρὸς
1316 3692 1575 3762 Θεόφιλον
1617 3695 1792 3764 ἐπέμ-

201 3795 345 3831 πετο
371 3781 451 3841 εἰς
475 3780 567 3832 τὸν
623 3784 721 3850 τῆς
757 3781 980 3851 Ῥώμης
1005 3782 1308 3846 ἐπίσκοπον
1335 3784 1612 3852 Δάμασον,
1647 3785 1787 3840 ὥστε

197 3873 275 3924 τὰ
312 3877 371 3926 ἐν
409 3874 562 3942 μέσῳ
581 3873 832 3928 διαλῦσαι
847 3874 942 3928 διὰ
964 3873 1057 3928 τοῦ
1085 3875 1390 3930 eamme
1437 3877 1602 3944 ὅρκον
1632 3895 1788 3944 γεγε-ο

201 3964 441 4033 νημένα,
476 3964 572 4017 καὶ
609 3966 946 4033 καταλλάξαι
979 3967 1176 4030 αὐτούς
1204 3983 1220 4000 ο
1251 3967 1500 4038 διάφοροι
1553 3970 1662 4038 γὰρ
1698 3971 1787 4024 ¹ἔτι

197 4060 252 4110 οί
294 4057 700 4128 Εὑσταθίῳκαὶ
730 4059 983 4128 Μελετίῳ
1028 4060 1420 4129 προσκείμενοι
1466 4058 1608 4132 ἦσαν
1653 4065 1790 4114 Φλα-

197 4151 405 4220 ειανῷ,
428 4149 502 4212 ὡς
531 4152 624 4203 καὶ
653 4151 912 4221 ἀνωτέρω
938 4154 1263 4223 εἰρήκαμεν.
1303 4153 1456 4206 Ἐπεὶ
1477 4156 1523 4206 δ’
1551 4156 1788 4226 ἐπανῆλ-

200 4246 299 4299 θεν
330 4245 629 4314 Ἰσίδωρος,
654 4246 827 4316 άληθῆ
860 4247 1040 4314 λέγειν
1067 4247 1161 4300 τὸν
1195 4249 1400 4320 Πέτρον
1416 4251 1789 4320 διεμαρτύρα-

200 4339 386 4398 το.ῶς
414 4341 554 4390 κατά
581 4339 807 4406 γνώμην
852 4337 920 4391 τά
950 4341 1042 4392 ἐπὶ
1103 4343 1323 4408 γυναικὶ
1369 4344 1636 4411 γενόμενα
1691 4342 1786 4394 τοῦ

199 4431 514 4480 ἐπισκόπου
565 4432 800 4498 προέεἱη.
875 4432 962 4493 Ὦς
1014 4431 1324 4498 διαὸληθεὶς
1364 4435 1418 4488 δὲ
1470 4434 1787 4504 χαλεπήνας

199 4520 415 4586 σφέδρα
437 4517 716 4585 Θεόφιλος,
749 4521 840 4572 καὶ
865 4521 1032 4590 ἄμφω
1057 4522 1155 4589 τῆς
1181 4523 1508 4592 Ἐκκλησίας
1530 4524 1782 4594 ἐξήλασε.

1894 3329 1959 3369 ea
2013 3315 2247 3370 muliere
2298 3325 2614 3382 servatam,
2668 3334 2903 3388 eamque
2959 3319 3133 3387 ipsius
3179 3318 3469 3388 Tlu-ophili

1893 3407 2278 3462 cohortatione
2322 3407 2391 3463 ad
2445 3412 2703 3480 mysteria
2757 3409 3052 3472 admissam
3099 3425 3222 3466 esse
3265 3410 3472 3467 conﬁr-

1894 3498 2088 3553 mavit.
2126 3499 2434 3568 Episcopus
2468 3499 2766 3571 indignari,
2810 3509 2867 3556 et
2908 3501 3138 3570 perinde
3175 3510 3337 3570 atque
3379 3517 3470 3555 ca-

1893 3591 2126 3646 lumniis
2171 3600 2437 3647 oneratus
2484 3601 2650 3656 esset,
2697 3592 2909 3650 furere.
2956 3594 3153 3650 Petrus
3191 3593 3259 3647 ad
3302 3592 3466 3650 ﬁdem

1893 3683 1970 3735 rei
2008 3683 2338 3742 faciendam.
2373 3683 2643 3739 Isidorum
2689 3693 2884 3742 testem
2932 3685 3178 3750 iatulare,
3217 3687 3363 3754 quod
3400 3687 3470 3740 de

1889 3775 2134 3844 episcopi
2193 3777 2466 3830 sententia
2527 3778 2727 3833 mulier
2788 3779 2856 3834 ad
2919 3781 3175 3849 mysteria
3243 3790 3468 3850 recepta

1890 3879 2059 3923 esset.
2099 3868 2346 3923 Isidorus
2395 3880 2579 3925 autem
2627 3870 2814 3926 Romae
2860 3881 2975 3926 tum
3017 3882 3156 3935 erat,
3201 3873 3465 3940 instinctu
3523 3936 3528 3943 ,

1889 3962 2118 4017 Joannis
2181 3977 2211 4016 ο
2269 3960 2578 4031 TheOpbilo
2641 3962 2709 4016 ad
2768 3965 3100 4032 episeOpum'
3154 3965 3462 4020 [toruanum

1893 4053 2183 4106 Damasum
2231 4051 2454 4115 missus,
2491 4061 2548 4107 ut
2582 4053 2874 4108 dissidium
2907 4053 3056 4122 quod
3087 4064 3312 4124 pr0pter
3336 4054 3463 4110 Fla-

1891 4143 2036 4196 viani
2061 4144 2437 4213 juramentum
2467 4154 2794 4208 emerserat,
2829 4146 3062 4211 to'lleret,
3091 4157 3143 4200 et
3173 4147 3466 4216 CpiSCOpOS

1889 4235 2038 4290 inter
2072 4251 2129 4290 se
2177 4237 2232 4290 in
2268 4238 2498 4307 gratiam
2528 4237 2844 4293 reduceret.
2876 4239 3282 4294 Dissentiehant
3312 4240 3464 4295 enim

1887 4327 2069 4381 adhuc
2096 4343 2125 4380 a
2160 4328 2441 4395 Flaviano,
2476 4329 2570 4398 qui
2615 4330 2887 4385 Eustathii
2931 4341 2988 4386 et
3030 4330 3233 4385 Meletii
3277 4345 3462 4401 partes

1887 4419 2062 4474 secuti
2104 4420 2342 4485 fuerant,
2388 4421 2549 4475 sicuti
2605 4439 2768 4491 supra
2816 4439 2845 4476 a
2899 4423 3058 4477 nobis
3100 4434 3184 4479 est
3229 4425 3457 4485 dictum,

1889 4511 2185 4582 Postquam
2235 4523 2420 4568 autem
2472 4514 2717 4570 lsidorus
2763 4515 2947 4578 rediit,
3007 4532 3198 4572 verum
3237 4518 3461 4573 Petrum

200 4609 320 4660 Καὶ
360 4609 458 4676 μία
496 4608 595 4676 μὲν
619 4608 762 4678 αὕτη
792 4610 938 4662 αἰτία
973 4609 1066 4661 to?)
1096 4613 1189 4662 καὶ
1224 4610 1498 4679 Ἰσίδωρον
1525 4613 1783 4683 διάφορον

1892 4600 2101 4666 dicere,
2147 4620 2213 4658 ex
2260 4607 2547 4662 voluntate
2601 4607 2858 4663 videlicet
2911 4608 3154 4678 episc0pi
3212 4612 3280 4666 de
3338 4627 3461 4665 mu-

195 4702 456 4770 Θεοφίλῳ
490 4701 835 4770 καταστῆναι
865 4715 877 4730 ·
912 4704 1008 4756 καὶ
1038 4702 1204 4772 ἄλλην
1243 4703 1298 4755 δὲ
1355 4704 1546 4771 ἔγνων,
1602 4705 1670 4776 ἢν
1719 4705 1784 4776 δὴ

197 4796 299 4847 καὶ
333 4794 538 4863 ταύτην
566 4794 830 4846 ἐκθέσθαι
886 4794 1110 4861 εὗλογον
1173 4797 1413 4864 ἥγημαι.
1456 4795 1785 4866 Ἐπίτροπος

193 4886 267 4954 ἦν
301 4889 408 4940 τῶν
442 4889 498 4938 ὲν
525 4889 592 4954 τῇ
653 4886 916 4957 ἐκκλησίᾳ
943 4887 1173 4955 πτωχῶν
1195 4888 1222 4939 ὁ
1247 4887 1545 4958 Ἰσίδωρος·
1573 4888 1784 4941 πολλῶν

190 4981 253 5032 δὲ
286 4979 590 5049 χρημάτων
621 4979 843 5031 ίκείνων
875 4980 1036 5048 χάριν
1068 4980 1515 5049 χορηγουμένων,
1543 4981 1780 5049 ἀπηξίου

189 5070 446 5138 Bac-piam
475 5068 698 5128 διδόναι,
734 5068 1103 5138 ἐπιχειροῦντι
1148 5071 1499 5140 διαρπάζειν,
1555 5072 1650 5124 καὶ
1699 5071 1781 5133 είς

192 5163 517 5234 ἐκκλησιῶν
543 5163 787 5227 δαπάνας
819 5165 1132 5218 ἀναλίσκειν
1159 5167 1321 5220 αὑτά.
1353 5166 1641 5237 Είσηγεῖτο
1673 5169 1782 5239 γάρ

198 5277 218 5308 ε
246 5259 483 5325 ἄμεινον
523 5255 728 5326 μᾶλλον
762 5253 906 5309 εἶναι
933 5257 1120 5310 τὰτῶν
1133 5261 1454 5326 καμνόντων
1477 5259 1728 5330 σώματα,
1746 5262 1780 5316 ἃ

184 5349 256 5418 δὴ
281 5350 376 5401 καὶ
402 5349 517 5400 ναοὶ
545 5348 680 5400 Θεοῦ
705 5349 1056 5419 κυριώτεροι,
1079 5351 1148 5403 δι’
1164 5349 1258 5413 οὒς
1275 5353 1413 5420 καὶὴ
1433 5352 1542 5404 τῶν
1560 5369 1664 5422 χρη
1676 5355 1781 5420 μάν

185 5457 305 5492 των
343 5441 596 5509 εἰσφορὰ,
611 5443 732 5501 ταῖς
750 5439 1083 5510 ἀνηκούσαις
1105 5441 1434 5509 θεραπείαις
1449 5442 1779 5512 ἀνανεοῦν,ῆ

185 5530 412 5598 τοίχους
428 5530 670 5599 ἀψύχους
697 5534 788 5598 Lys
801 5531 960 5601 ίριιν,
978 5532 1075 5585 καὶ
1093 5532 1172 5594 είς
1193 5533 1386 5596 κάλλος
1399 5533 1727 5602 οἰκοδομεῖν.
1755 5552 1774 5586 ι

187 5623 309 5675 Εἶτ’
341 5622 435 5676 οὖν
467 5623 632 5692 αὕτη,
684 5625 784 5676 εἰτ’
810 5623 997 5694 ἐκείνη
1032 5625 1183 5678 αίτία
1210 5627 1309 5692 τῆς
1331 5627 1469 5693 πρὸς
1504 5627 1780 5698 Ἰσίδωρον

183 5714 521 5784 δυσμενείας
547 5715 775 5783 ἐγίνετο,
804 5717 942 5779 τέως
975 5717 1272 5780 ἀπελαθεὶς
1307 5717 1442 5786 πρὸς
1469 5719 1594 5781 τοὺς
1630 5717 1779 5771 ἑταί-

187 5825 330 5877 ρους
375 5809 488 5860 τῶν
543 5811 794 5878 μοναχῶν
824 5811 929 5863 ἀνά
961 5810 1061 5880 τὴν
1120 5810 1322 5879 Σκῆτιν
1373 5810 1630 5876 ἐγένετο·
1685 5811 1781 5864 καὶ

185 5903 439 5969 ἑγκοτῶν
469 5902 717 5971 Θεοφίλῳ
753 5905 847 5956 καὶ
875 5903 1040 5965 αὐτὸς
1064 5903 1317 5957 διετέλει.
1362 5901 1674 5974 ’Λμμὼνιος
1719 5905 1777 5957 δὲ

397 6004 667 6063 ΡΑτίιοι..
695 6004 814 6064 (in.
843 5999 1080 6062 CXLVI

1887 4693 2024 4748 liere
2060 4706 2176 4749 acta
2206 4711 2329 4752 esse
2367 4700 2574 4764 omnia,
2610 4701 2934 4756 testiﬁcatus
2971 4713 3079 4756 est.
3121 4701 3462 4770 Theophilus

1886 4798 2096 4849 autem,
2130 4790 2301 4844 veluti
2353 4791 2404 4844 ei
2455 4793 2732 4847 calumnia
2777 4794 3045 4849 intentata
3092 4805 3257 4858 esset,
3297 4798 3461 4850 vehe-

1887 4883 2130 4937 meutius
2181 4885 2524 4955 indignatus,
2555 4881 2854 4956 utrumque
2888 4903 2952 4941 ex
2985 4889 3228 4942 Ecclesia
3269 4889 3460 4943 detur-

1889 4975 2058 5030 bavit.
2100 4977 2222 5034 Ihec
2255 4996 2361 5032 una
2391 4996 2554 5035 causa
2588 4992 2692 5043 est,
2727 4997 2890 5051 quam
2922 4983 2993 5036 ob
3024 4998 3136 5036 rem
3168 4983 3377 5037 Isidoro
3400 4996 3458 5038 et

1888 5065 2194 5136 Thraphilo
2237 5069 2528 5124 dis-sidiam
2579 5071 2983 5129 intercesserit.
3028 5073 3270 5142 Cognovi
3323 5089 3454 5129 vero

1885 5170 1940 5214 et
1972 5163 2158 5228 aliam,
2187 5179 2354 5233 quam
2387 5173 2442 5219 et
2474 5168 2646 5234 ipsam
2681 5175 2739 5221 ut
2769 5182 3128 5236 exponerem,
3157 5169 3459 5222 convenire

1883 5263 1968 5308 est
2015 5257 2214 5308 visum.
2259 5257 2570 5326 Pauperum
2621 5257 2677 5311 in
2729 5259 2960 5313 ecclesia
2999 5272 3187 5312 curam
3228 5258 3458 5328 gerebat

1885 5347 2167 5404 Isidorus:
2196 5366 2433 5419 quorum
2462 5357 2636 5422 gratia
2658 5368 2782 5407 cum
2813 5353 3097 5407 hominum
3123 5354 3457 5410 liberalitate

1885 5443 2054 5496 multa
2079 5453 2229 5498 esset
2253 5445 2451 5498 collata
2482 5447 2738 5516 pecunia,
2759 5461 2878 5502 eam
2906 5447 3212 5517 TheOphilo
3235 5463 3454 5519 rapere,

1881 5542 1942 5586 et
1981 5534 2035 5586 in
2077 5533 2438 5589 ecclesiarum
2486 5545 2822 5590 structuram
2869 5536 3188 5607 impendere
3223 5539 3460 5606 volenti,

1884 5621 2126 5676 lsidorus
2152 5623 2286 5678 dare
2315 5627 2517 5679 renuit.
2557 5643 2577 5678 ι
2611 5626 2840 5682 Rectius
2862 5629 3012 5682 enim
3041 5643 3162 5686 esse
3194 5633 3457 5695 asseruit,

1886 5716 2119 5782 pecunia
2155 5717 2246 5770 tali
2278 5733 2549 5787 aegrorum
2586 5735 2842 5790 corpora,
2868 5738 2991 5792 qua:
3025 5727 3242 5779 veriora
3271 5733 3463 5780 essent

1885 5808 1978 5862 Dei
2009 5810 2228 5878 templa,
2258 5811 2711 5882 quandoquidem
2739 5817 3020 5886 praecipue
3054 5817 3107 5871 in
3139 5834 3264 5873 eum
3298 5834 3459 5872 usum

1884 5912 2226 5972 eomportata
2281 5916 2462 5972 esset,
2526 5923 2658 5964 cura
2721 5912 3072 5968 conveuieuti
3135 5913 3461 5978 restituere,

3018 6011 3081 6071 Si
