4006 6564
496 446 600 514 971

1711 450 2130 512 NlCEPllORI
2172 451 2384 511 CALLl
2398 451 2516 510 5Τῖ

3613 449 3707 515 972

497 577 666 636 quam
711 563 952 635 parietes
1001 565 1335 621 inanimatos
1381 546 1668 638 magniﬁce
1707 569 1949 622 excitare
1995 576 2074 622 at-

2180 567 2423 622 διαλύειν
2460 567 2636 620 Θέλων
2664 566 2724 620 τὸ
2757 565 3072 630 σκάνδαλον,
3111 563 3204 618 καὶ
3236 563 3422 626 ἄλλους
3449 563 3590 628 τινὰς
3618 557 3713 618 τῶν

495 673 605 727 que
633 667 978 712 construere.
1017 677 1035 710 ι
1070 659 1198 714 Sive
1242 675 1371 714 vero
1415 659 1554 724 haec,
1588 676 1683 715 seu
1726 660 1832 714 alia
1879 660 2071 715 inimi—

496 750 755 803 citiarum
799 747 1091 817 Theophili
1146 765 1275 817 erga
1330 750 1594 803 lsidorum
1642 765 1807 804 causa
1862 748 2070 813 fuerit,

501 852 615 893 tum
647 839 874 909 quidem
913 840 1002 894 ille
1034 841 1363 893 Alexandria
1410 842 1621 908 pulsus,
1659 841 1725 894 ad
1773 841 2076 896 monachos

500 946 758 1004 tauquam
797 937 1007 988 amicos
1062 935 1112 987 in
1147 933 1350 987 Scetim
1387 949 1446 988 se
1486 936 1716 1004 recepit,
1747 944 1800 988 et
1845 934 1985 989 male
2018 933 2072 987 in

499 1029 864 1097 Theophilum
921 1035 980 1081 et
1036 1027 1151 1096 ipse
1207 1026 1486 1079 animatus
1542 1026 1666 1079 fuit.
1724 1025 2071 1096 Ejuscemodi

497 1120 761 1174 ullensam
813 1118 1138 1173 Ammonius
1187 1117 1412 1172 abolere
1457 1117 1683 1181 volens,
1735 1118 1922 1172 ascitis
1967 1117 2071 1171 sibi

495 1214 616 1266 aliis
660 1213 987 1281 quibusdam
1031 1211 1339 1276 monachis,
1377 1211 1444 1264 ad
1483 1211 1850 1280 Theophilum
1898 1209 2070 1273 venit,

494 1318 547 1360 et
581 1317 640 1359 ut
679 1305 889 1360 Isidoro
937 1305 1255 1360 communio
1308 1303 1653 1369 redderetur,
1684 1304 1752 1358 ab
1783 1319 1848 1358 eo
1889 1303 2068 1372 petiit.

496 1399 551 1451 id
591 1399 681 1452 ille
727 1414 785 1453 se
827 1398 1100 1453 facturum
1136 1397 1365 1466 recepit.
1405 1397 1474 1451 Et
1507 1411 1637 1450 vero
1675 1397 1808 1450 satis
1837 1395 2071 1448 multum

497 1492 761 1559 temporis
813 1487 1120 1560 praeteriit,
1167 1501 1221 1544 et
1270 1490 1348 1544 illi
1399 1489 1536 1542 nihil
1586 1498 1850 1557 egerunt,
1891 1487 2074 1540 Theo-

497 1586 790 1651 philusqne
819 1593 1007 1652 aperte
1035 1599 1146 1652 pra:
1174 1598 1231 1636 se
1261 1583 1405 1647 tulit,
1433 1593 1682 1652 tempore
1707 1580 2068 1642 extrahendo,

495 1677 677 1731 verbis
704 1693 798 1731 eos
828 1676 1022 1731 ludere
1053 1676 1192 1730 velle
1227 1693 1241 1728 :
1275 1673 1688 1729 vehementiore
1717 1672 1914 1730 ardore
1941 1686 2069 1726 eum

493 1769 755 1838 aggressi,
783 1778 842 1822 ut
871 1768 1205 1838 promissum
1237 1766 1303 1820 ad
1335 1766 1498 1819 linem
1525 1779 1684 1819 suum
1712 1763 2070 1834 perduceret,

462 1861 863 1931 -snpplieando
907 1861 1277 1930 postularunt.
1315 1858 1476 1928 375
1517 1858 1587 1912 Et
1635 1857 1726 1910 ille
1776 1855 2070 1925 quemdam

2181 662 2432 732 μοναχῶν
2479 660 3066 731 προσεταιρισάμενος,
3117 657 3257 728 πρὸς
3296 657 3545 726 Θεόφιλον
3589 654 3714 729 ἧκε*

2176 757 2272 806 καὶ
2297 753 2398 822 τὴν
2420 752 2710 806 κοινωνίαν
2741 747 2902 814 αὖθις
2948 748 3208 820 Ἰσιδώρῳ
3253 747 3435 802 δοῦναι
3484 749 3641 802 ἐδεῖτο
3662 766 3675 778 ·
3693 753 3718 803 ὸ

2173 844 2218 898 δ’
2251 845 2586 913 ὑπισχνεῖτο.
2629 844 2718 906 Ὠς
2749 842 2808 895 δὲ
2841 841 3041 912 χρόνου
3097 841 3310 909 ῥέοντος
3363 838 3511 891 οὐδὲν
3540 839 3717 907 μᾶλλον

2174 937 2356 1006 ῆνυον,
2384 935 2544 1001 δῆλος
2569 935 2614 988 δ’
2652 934 2863 1002 ἐγίνετο
2882 932 2978 988 καὶ
3020 929 3284 997 Θεόφιλος
3338 929 3570 992 ἐκείνους
3611 931 3715 994 ταῖς

2175 1024 2418 1087 ἀπάταις
2452 1025 2560 1076 τῶν
2606 1024 2782 1090 λόγων
2843 1020 3359 1091 παρακρουόμενος,
3417 1020 3716 1090 θερμότερον

2177 1115 2553 1176 εἰσπεσόντες.
2586 1115 2872 1183 περαίνειν
2906 1112 2966 1166 τὸ
3001 1110 3167 1183 ἔργον
3206 1110 3632 1180 κατηντιϐόλουν.
3667 1111 3717 1166 '0

2175 1209 2222 1262 δ’
2249 1210 2346 1262 ῑνα
2376 1209 2484 1261 τῶν
2515 1208 2778 1279 μοναχῶν
2817 1207 3120 1270 συλλαϐὼν.
3155 1207 3326 1261 ἐδίδου
3380 1211 3604 1278 φρουρᾷ,
3654 1208 3718 1272 ὡς

2174 1302 2240 1356 ἂν
2265 1301 2391 1364 τοὺς
2417 1301 2612 1363 ἄλλους
2665 1301 2934 1371 φοϐήσας,
2993 1299 3336 1370 ἀπαλλαγείη
3391 1300 3488 1370 τῆς
3541 1303 3718 1370 συχνῆς
3759 1317 3775 1335 '

2176 1394 2500 1456 ἐπιθέσεως.
2544 1394 2605 1446 Ὀ
2633 1393 2689 1446 δὲ
2729 1391 2984 1445 τοσοῦτον
3031 1391 3126 1444 τοῦ
3191 1391 3398 1444 σκοποῦ
3448 1390 3720 1461 διημάρτα-
3750 1371 3765 1461 ι’

2175 1503 2288 1553 νεν,
2325 1483 2456 1540 ὥστ’
2501 1485 2814 1555 Ἀμμώνιος
2876 1487 2973 1538 καὶ
3025 1485 3151 1546 τοὺς
3206 1484 3432 1544 λοιποὺς
3488 1483 3718 1553 ἁθροίσας

2177 1577 2287 1631 τῶν
2355 1577 2632 1648 μονακῶν,
2685 1577 2790 1630 ὑπὸ
2829 1575 2931 1647 τὴν
2983 1578 3229 1648 φρουρὰν
3275 1576 3420 1629 ἑκὼν
3462 1576 3715 1643 ἐγεγόνει·
3752 1586 3757 1591 ’

2175 1671 2398 1740 δόκησιν
2450 1671 2561 1741 γὰρ
2614 1673 2728 1733 τοῖς
2783 1675 3049 1742 φρουροῖς
3093 1670 3494 1740 παρασχόντες,
3542 1669 3611 1731 ὡς
3653 1669 3719 1732 εἰς

2181 1761 2470 1827 μετάδοσιν
2495 1761 2603 1815 τῶν
2631 1762 2962 1832 ἐπιτηδείων
2991 1765 3106 1824 τοῖς
3147 1762 3561 1831 καθειργμένοις
3585 1757 3717 1831 ἧκον,

2178 1855 2372 1909 ἄνετον
2428 1851 2588 1924 εὖρον
2645 1857 2747 1926 τὴν
2809 1854 3282 1909 είσοδον.Ἐκεῖσε
3316 1853 3374 1906 δὲ
3439 1854 3718 1921 γεγονότες,

493 1973 559 2008 ex
605 1954 891 2008 monachis
927 1954 1386 2022 comprehensum
1422 1951 1686 2006 custodia:
1727 1950 1971 2012 inclusit,
2010 1957 2068 2002 ut

2178 1949 2352 2002 οὐκέτ’
2383 1949 2588 2014 ἐξιέναι
2621 1947 2940 2018 ἠϐούλοντο.
2979 1947 3146 2008 Γνοὺς
3173 1945 3232 1998 δὲ
3263 1944 3438 1997 ταῦτα
3470 1945 3717 2012 Θεόφιλος,

494 2045 619 2098 aliis
660 2044 966 2110 exterritis,
1006 2043 1258 2098 molestia
1306 2059 1369 2097 ea
1417 2058 1524 2112 qua
1564 2043 1715 2096 illum
1751 2040 2074 2110 lrequenter

497 2136 862 2206 impetebant,
896 2135 1246 2189 liberaretur.
1293 2133 1526 2188 Tantum
1580 2143 1762 2188 autem
1811 2131 1970 2186 abest
2013 2139 2074 2185 ut

497 2229 729 2283 consilio
762 2244 832 2282 eo
865 2226 1167 2297 quidquam
1201 2225 1471 2291 eEl'ecerit,
1505 2233 1564 2279 ut
1598 2225 1923 2279 Ammonius
1964 2237 2072 2278 una

495 2337 621 2375 cum
664 2318 893 2387 reliquis
927 2332 1065 2385 quos
1111 2325 1368 2385 coegerat
1406 2314 1715 2378 monachis,
1752 2328 1848 2367 sua
1877 2320 2074 2382 sponte

498 2427 775 2466 carcerem
805 2411 877 2464 sit
905 2409 1207 2478 ingressus.
1235 2406 1372 2462 Cum
1398 2407 1549 2461 enim
1571 2420 1692 2460 eam
1714 2404 1781 2459 de
1802 2419 1862 2459 se
1887 2414 2075 2458 custo-

495 2505 658 2559 dibus
687 2502 1058 2574 praebuissent
1087 2500 1432 2570 opinionem,
1467 2497 1637 2554 veluti
1665 2496 1809 2552 illam
1838 2497 1910 2552 ob
1940 2511 2074 2550 cau-

495 2613 612 2652 sam
663 2610 730 2650 eo
770 2595 1074 2658 venissent,
1117 2600 1177 2647 ut
1214 2591 1415 2646 vinctis
1447 2605 1535 2645 res
1565 2587 1905 2644 necessarias
1935 2603 2073 2657 prae-

496 2693 711 2755 berent,
755 2688 989 2743 liberum
1035 2685 1278 2740 habuere
1316 2684 1373 2738 in
1415 2698 1694 2737 carcerem
1740 2681 2070 2752 ingressum,

495 2792 659 2852 atque
692 2781 822 2835 inde
845 2779 1035 2850 egredi
1063 2778 1382 2833 noluerunt.
1417 2774 1574 2839 Quod
1608 2773 1702 2827 ubi
1732 2773 2072 2842 Theophilus

496 2875 792 2936 intellexit,
824 2874 891 2927 ad
923 2887 982 2926 se
1014 2886 1111 2926 eos
1153 2870 1344 2925 venire
1382 2867 1566 2940 jussit.
1605 2865 1691 2921 llli
1733 2874 1916 2920 autem
1953 2864 2073 2935 pri-

493 2981 641 3018 mum
681 2967 731 3019 ei
771 2964 1178 3033 signilicarunt,
1217 2969 1276 3014 ut
1309 2960 1426 3031 ipse
1465 2959 1538 3013 ibi
1584 2964 1785 3027 praesto
1816 2965 1984 3020 esset,
2015 2963 2072 3010 et

493 3058 733 3113 exeundi
765 3057 846 3112 eis
881 3065 1207 3127 potestatem
1243 3053 1594 3109 concederet.
1626 3051 1896 3122 Oportere
1923 3050 2070 3104 enim

494 3150 775 3222 propalam
830 3149 914 3203 eis
965 3148 1170 3201 exitum
1228 3143 1512 3216 permitti,
1566 3145 1662 3214 qui
1717 3151 1827 3197 tam
1880 3148 2072 3210 aperte

493 3239 829 3295 contumelia
871 3239 940 3292 ab
970 3253 1037 3292 eo
1069 3235 1251 3290 allecti
1280 3242 1488 3289 essent.
1525 3231 1625 3287 Vix
1656 3242 1839 3287 autem
1872 3228 2070 3303 deinde

493 3334 543 3388 ei
576 3333 855 3393 cedentes,
891 3330 958 3384 ad
1006 3345 1134 3384 eum
1173 3336 1303 3384 sunt
1333 3327 1627 3397 progressi.
1671 3325 1766 3380 llle
1807 3323 2072 3393 depreca-

494 3428 643 3482 tione
694 3423 1122 3488 interveniente,
1162 3419 1443 3492 pollicitus
1487 3434 1547 3474 se
1594 3419 1676 3474 eis
1719 3427 1910 3488 postea
1957 3429 2074 3469 mo—

495 3521 695 3576 lestum
725 3535 835 3574 non
870 3518 1006 3580 l'ore,
1037 3515 1132 3571 sed
1177 3529 1238 3569 re
1282 3514 1401 3583 ipsa
1442 3513 1773 3582 promissum
1822 3507 2072 3579 expletu-

499 3626 620 3664 rum
657 3624 805 3674 esse,
839 3622 934 3662 eos
983 3603 1242 3661 absolvit.
1295 3603 1445 3657 lntra
1496 3601 1739 3671 seipsum
1784 3606 1966 3652 autem
2013 3609 2072 3650 se

494 3700 820 3755 excrucians
865 3695 1284 3767 indignabatur,
1321 3703 1377 3748 et
1427 3691 1553 3746 mali
1605 3689 1887 3759 quidpiam
1937 3685 2075 3741 viris

495 3793 576 3844 eis
607 3791 786 3845 facere
819 3788 1175 3852 moliebatur,
1208 3799 1350 3855 quos
1376 3792 1535 3838 antea
1565 3796 1675 3836 non
1709 3794 1871 3836 secus
1908 3786 2074 3846 atque

495 3899 650 3939 suam
687 3881 863 3953 ipsius
892 3879 1133 3935 animam
1164 3876 1468 3933 dilexisset.
1505 3872 1644 3930 Cum
1676 3881 1860 3928 autem
1902 3867 2073 3924 animi

496 3975 700 4030 dubius
737 3982 904 4040 esset,
935 3969 1214 4042 quomodo
1260 3968 1480 4025 tandem
1522 3982 1666 4039 agre
1703 3965 1814 4022 illis
1845 3964 2072 4026 laceret,

495 4069 587 4137 qui
625 4077 986 4138 praeterquam
1037 4078 1274 4133 corpora
1312 4062 1450 4117 nihil
1487 4059 1852 4131 possiderent,
1891 4064 1950 4111 et
1987 4067 2076 4109 res

495 4175 688 4214 omnes
741 4156 1063 4213 monasticae
1097 4153 1462 4225 philosophiae
1500 4167 1612 4207 suae
1655 4154 2073 4221 postponercnt,

495 4252 737 4321 quietem
802 4264 996 4304 eorum
1064 4246 1438 4300 interturbare
1496 4256 1787 4312 aggressus
1847 4246 1964 4302 est,
2023 4244 2078 4290 et

494 4342 856 4410 quaestionem
894 4353 1016 4393 eam
1060 4338 1128 4392 de
1176 4335 1431 4406 Origenis
1475 4334 1736 4405 opinione
1776 4347 1896 4401 quae
1931 4330 2076 4384 dicta

497 4445 602 4498 est,
645 4434 726 4488 eis
769 4432 1022 4488 criminis
1071 4431 1195 4485 loco
1245 4429 1472 4501 obiecit.
1527 4427 1633 4482 Has
1676 4427 1846 4481 fuisse
1885 4436 2078 4479 causas

499 4525 756 4595 cognovi,
792 4540 892 4578 cur
943 4523 1210 4587 Isidorus,
1242 4537 1404 4591 quem
1451 4520 1711 4582 diximus,
1747 4534 1870 4573 eum
1921 4516 2078 4570 Dios-

2176 2041 2316 2111 πρδς
2341 2039 2533 2094 ἑαυτὸν
2556 2039 2755 2102 αὐτοὺς
2793 2038 3202 2108 μετεστέλλετο.
3241 2037 3307 2090 0i
3340 2037 3396 2090 δὲ
3430 2036 3608 2106 apti/ta
3635 2038 3718 2104 μὲν

2174 2132 2467 2202 διεμήνυον
2493 2171 2509 2196 ,
2569 2131 2735 2186 αὑτὸν
2780 2133 2989 2185 ἐκεῖνον
3037 2131 3485 2202 παραγενόμενον
3541 2130 3718 2184 ἀνιέναι

2173 2226 2274 2296 τὴν
2301 2225 2480 2290 ἔξοδον
2508 2241 2523 2258 ο
2550 2229 2749 2298 χρῆναι
2775 2226 2885 2296 γὰρ
2942 2225 3229 2297 παρρησίᾳ
3276 2224 3644 2295 ὑϐρισμένους,
3671 2226 3718 2277 ἐν

2175 2320 2397 2391 φανερῷ
2421 2319 2517 2372 καὶ
2549 2319 2649 2389 τὴν
2688 2317 2870 2383 ἔξοδον
2928 2317 3265 2388 γεγενῆσθαι
3302 2334 3318 2349 ·
3378 2319 3525 2387 μόλις
3555 2317 3597 2369 δ’
3641 2318 3718 2369 ἑνο

2173 2415 2381 2478 δόντες,
2416 2411 2548 2483 παρ’
2577 2412 2741 2464 αὐτὸν
2781 2406 2938 2482 ἧκον.
2980 2410 3330 2481 Παραίτησιν
3386 2411 3438 2465 δὲ
3498 2411 3609 2472 δοὺς
3658 2407 3720 2468 ὡς

2174 2504 2360 2557 οὐκέτι
2390 2504 2646 2575 λυπήσει,
2682 2503 2796 2555 ἀλλ’
2819 2502 3096 2556 έκτελέσει
3115 2503 3176 2557 τὸ
3203 2503 3391 2573 ἔργον,
3419 2503 3687 2572 ἀπέπεμπε
3706 2516 3718 2531 ⁸

2174 2597 2298 2651 καθ’
2328 2597 2522 2649 ἑαυτὸν
2546 2597 2592 2649 δ’
2615 2595 2916 2666 ἐπλήττετο
2952 2596 3047 2648 καὶ
3082 2595 3415 2664 ἠγανάκτει,
3439 2595 3530 2647 καὶ
3577 2594 3718 2647 κακόν

2172 2706 2225 2744 τι
2255 2689 2388 2760 δρᾷν
2415 2688 2649 2758 ἐμελέτα
2695 2688 2821 2751 τοὺς
2877 2689 3102 2758 ἄνδρας,
3152 2685 3244 2749 οὓς
3308 2688 3398 2739 ῐσα
3463 2690 3552 2739 καὶ
3596 2686 3719 2755 ψυχῇ

2175 2781 2347 2852 φιλῶν
2385 2780 2633 2834 διετέλει.
2679 2780 2766 2853 Ἑν
2799 2779 2992 2849 ἀπόρῳ
3033 2779 3089 2832 δὲ
3123 2778 3413 2841 καθεστὼς
3453 2779 3482 2832 ὅ
3517 2796 3566 2831 τι
3613 2777 3723 2846 δρά-

2176 2891 2340 2939 σειεν,
2367 2874 2568 2944 ἄνδρας
2593 2873 2734 2943 πλὴν
2755 2871 2850 2925 τοῦ
2879 2871 3133 2939 σώματος
3160 2871 3335 2941 μηδὲν
3361 2872 3721 2940 κεκτημένους,

2175 2966 2270 3019 καὶ
2300 2963 2460 3019 πάντ’
2495 2965 2553 3016 ἐν
2584 2963 2831 3033 δευτέρῳ
2862 2961 3003 3032 πρὸς
3033 2963 3093 3016 τὸ
3129 2964 3452 3031 φιλοσοφεῖν
3501 2961 3724 3029 ποιουμέ-

2177 3075 2324 3124 νους,
2375 3057 2478 3128 τὴν
2529 3057 2760 3126 ἡσυχίαν
2817 3054 2999 3108 αὐτῶν
3057 3055 3326 3120 ἐπειρᾶτο
3379 3055 3721 3126 ὸχλαγωγεῖν·

2172 3150 2270 3204 καὶ
2307 3150 2368 3204 τὸ
2399 3149 2532 3218 περὶ
2559 3149 2659 3219 τῆς
2702 3148 3014 3220 Ὠριγὲνους
3057 3148 3220 3217 δόξης
3272 3147 3512 3218 ζήτημα,
3559 3145 3626 3208 ὥς
3670 3160 3723 3211 γε

2176 3243 2414 3315 εἴρηται,
2441 3241 2651 3304 τούτοις
2681 3241 2967 3312 ὲπῃτιᾶτο.
3014 3239 3239 3309 Ταύτην
3302 3241 3402 3312 μὲν
3459 3236 3548 3295 οὖν
3579 3238 3724 3307 ίγνιον

2174 3337 2453 3407 πρόφασιν
2483 3331 2583 3387 τοῦ
2621 3334 2828 3388 καὶτὸν
2857 3334 3151 3405 εἰρημένον
3197 3333 3471 3404 Ἰσίδωρον
3516 3333 3604 3386 σὺν
3629 3331 3722 3391 τοῖς

2175 3428 2307 3497 περὶ
2366 3425 2662 3495 Διόσκορον
2729 3425 2830 3496 τὴν
2901 3427 3326 3481 Κωνσταντίνου
3386 3423 3724 3481 καταλαϐεἰν’

2173 3517 2318 3572 ὥστε
2374 3519 2528 3588 κοινῇ
2574 3516 2640 3589 δὴ
2706 3517 3029 3589 προσιόντες
3085 3518 3242 3588 παρά
3293 3535 3358 3572 τε
3405 3517 3602 3589 βασιλεῖ
3649 3513 3726 3567 καὶ

2187 3609 2416 3684 Ἰωάννῃ
2476 3611 2694 3681 κριταῖς
2721 3649 2737 3675 ,
2795 3609 2865 3664 τὰ
2919 3611 3044 3664 κατ’
3094 3610 3279 3664 αὐτῶν
3337 3607 3726 3680 ἐσκευωρημένο

2175 3702 2558 3774 διελεγχθῑψαι
2603 3718 2620 3734 ο
2677 3704 2775 3758 καὶ
2823 3704 2935 3774 γὰρ
2991 3701 3166 3774 ᾤοντο
3237 3704 3494 3773 Ἰωάννην
3547 3700 3724 3754 ἐνδίκου

2177 3797 2496 3867 παρρησίας
2523 3795 2990 3868 ἐπιμελούμενον,
3017 3795 3128 3849 τῶν
3163 3796 3397 3851 δικαίων
3425 3794 3500 3866 μὴ
3526 3789 3727 3862 ἀστοχῆ-

2179 3904 2290 3944 σαι.
2334 3887 2396 3942 Ὀ
2413 3887 2472 3942 δέ
2501 3886 2845 3958 φιλοφρόνως
2873 3886 3004 3952 τοὺς
3059 3887 3266 3959 ἄνδρας
3331 3886 3631 3956 δεξάμενος,
3678 3882 3728 3934 ἐν

2176 3982 2312 4051 τιμῇ
2335 3973 2450 4050 εἶχε
2481 3995 2497 4011 ο
2531 3979 2630 4034 καὶ
2672 3979 2785 4033 τῶν
2815 3980 2915 4051 μὲν
2952 3979 3048 4034 ἐπὶ
3082 3982 3182 4046 τῆς
3241 3978 3540 4051 ἐκκλησίας
3581 3972 3728 4046 εὐχῶν

2183 4071 2486 4142 μετεδίδου,
2535 4071 2698 4126 θείων
2747 4071 2804 4126 δέ
2859 4074 3142 4126 κοινωνεῖν
3190 4073 3380 4136 αὐτοῖς
3446 4068 3726 4141 μυστηρίων

2179 4163 2414 4234 ἀπηξίου
2441 4179 2457 4194 ·
2491 4163 2760 4234 μηδὲγὰρ
2816 4163 3040 4233 θεμιτὸν
3067 4159 3210 4218 εἶναι
3239 4164 3350 4234 πρὸ
3395 4159 3727 4228 διαγνώσεως.

2180 4257 2389 4310 τούτων
2419 4257 2603 4320 αὐτοῖς
2635 4255 2986 4322 μεταδοῦναι.
3011 4257 3257 4327 Γράμμα
3286 4257 3346 4309 δὲ
3397 4256 3488 4309 καὶ
3516 4250 3728 4319 Θεοφίλῳ

2183 4348 2324 4416 ὑπὲρ
2355 4345 2537 4400 αὐτῶν
2561 4346 2833 4413 ἔστελλεν,
2871 4346 2903 4416 ἢ
2933 4347 3031 4417 τὴν
3058 4348 3354 4402 κοινωνίαν
3401 4348 3574 4406 αὐτοῖς
3614 4345 3730 4395 ἁπο-

2181 4441 2388 4504 δοῦναι,
2420 4440 2596 4510 ὀρθῶς
2625 4437 2684 4492 τὸ
2713 4439 2867 4492 Θεῖον
2894 4439 3211 4503 δοξάζουσιν
3246 4456 3258 4468 ·
3298 4443 3348 4493 εἰ
3377 4439 3422 4492 δ’
3461 4437 3567 4500 οὖν,
3615 4431 3732 4487 ἀλλά

2183 4549 2305 4586 τινα
2335 4532 2581 4600 πέμπειν
2623 4531 2808 4594 αὐτοῖς
2844 4532 3227 4602 δικασόμενον,
3267 4532 3328 4595 ὃς
3382 4530 3525 4598 αὐτῷ
3571 4521 3733 4593 ἐπιτή-

508 4631 630 4670 .oro
675 4624 730 4669 et
771 4615 1040 4669 fratribus
1081 4615 1200 4684 eius
1243 4611 1780 4681 CmistantinOpolim
1811 4609 2074 4664 venerit:

2183 4623 2325 4686 δειος
2354 4639 2370 4655 ο
2402 4622 2522 4690 εἴγε
2555 4621 2693 4684 τέως
2721 4622 2846 4692 δίκῃ
2889 4623 2999 4675 δεῖν
3059 4624 3240 4677 ἕλοιτο
3282 4625 3354 4676 τὰ
3404 4622 3522 4676 κατ’
3562 4615 3730 4674 αὐτοὺς

506 4706 762 4758 Ίὶηιῑειιιη
793 4713 851 4757 ut
886 4702 1105 4771 publice
1136 4702 1238 4757 sub
1267 4702 1602 4770 imperatore
1637 4701 1754 4768 ipso
1783 4705 1840 4753 et
1867 4698 2078 4753 Joanne

505 4796 800 4857 ~udicibus,
843 4794 1061 4862 injuria:
1110 4803 1276 4861 atque
1324 4790 1562 4855 insidiae,
1602 4791 1805 4860 quibus
1848 4789 2076 4859 expetiti

504 4895 740 4948 .‘uerant,
764 4894 1256 4957 coguoscerenlur.
1292 4883 1686 4938 Existimabam
1713 4883 1886 4949 enim,
1914 4882 2080 4937 Joan-

504 4999 625 5035 nem
663 4997 761 5049 pro
793 4989 1056 5034 consueta
1093 4979 1200 5032 sibi
1236 4977 1512 5039 libertate,
1545 4991 1652 5046 qua
1685 4975 1930 5047 legitime
1958 4985 2083 5030 ute-

507 5087 680 5132 «iatur.
717 5089 744 5125 a
773 5074 894 5143 jure
941 5083 989 5126 et
1037 5074 1298 5142 aequitate
1347 5086 1456 5125 non
1501 5070 1884 5125 aberraturum
1933 5084 2076 5123 esse.

500 5171 594 5222 ille
637 5169 785 5220 viros
833 5167 1066 5235 benigne
1107 5174 1363 5233 acceptos
1417 5165 1471 5218 in
1516 5165 1724 5218 honore
1773 5162 1985 5224 habuit,
2022 5171 2077 5215 et

501 5263 566 5314 atl
599 5275 924 5314 communes
965 5259 1017 5312 in
1048 5259 1284 5314 ecclesia
1331 5273 1524 5328 preces
1555 5258 1834 5322 adhibuit,
1884 5255 1951 5312 ad
1993 5255 2080 5310 di-

505 5356 754 5405 vinorum
803 5360 986 5405 autem
1041 5351 1432 5420 mysteriorum
1479 5347 1924 5403 communionem
1968 5359 2080 5398 non

503 5443 745 5498 admisit.
778 5443 967 5512 Neque
997 5441 1146 5496 enim
1175 5440 1258 5496 l‘as
1285 5449 1428 5505 erat,
1461 5449 1590 5494 ante
1621 5453 1840 5493 causam
1893 5437 2083 5506 cogni-

506 5547 613 5590 tam
661 5549 727 5588 ea
777 5549 901 5589 cum
955 5534 1064 5589 illis
1106 5533 1536 5588 communicare.
1581 5530 1667 5585 Ad
1711 5529 2080 5598 Theophilum

511 5645 636 5681 vero
669 5643 767 5696 pro
795 5629 878 5683 eis
917 5628 1130 5682 litteras
1167 5627 1341 5692 dedit,
1371 5637 1431 5680 ut
1471 5625 1556 5679 vel
1597 5624 1704 5677 illis
1740 5625 2084 5677 communio-

509 5741 634 5779 nem
685 5724 958 5787 redderet,
1004 5724 1098 5793 qui
1149 5734 1296 5777 recte
1343 5722 1412 5777 de
1467 5723 1578 5776 Deo
1626 5722 1899 5776 sentirent
1943 5738 1958 5775 :

2181 4715 2586 4787 διακρίνασθαι.
2630 4715 2755 4768 Ἐπὶ
2785 4714 2984 4768 πολλοῦ
3014 4716 3071 4770 δὲ
3109 4717 3311 4787 καιροῦ
3364 4716 3463 4785 τῆς
3502 4716 3555 4766 ἐν
3599 4708 3730 4764 πόλει

2184 4802 2470 4872 διατριϐῆς
2499 4804 2614 4866 τοῖς
2654 4805 2918 4873 μοναχοῖς
2947 4805 3275 4876 γενομένης,
3333 4805 3420 4875 ἐφ’
3453 4802 3569 4858 ὁδοῦ
3597 4799 3730 4870 προῖ-

2183 4894 2320 4964 ούσῃ
2337 4897 2402 4964 τῇ
2421 4894 2654 4963 βασιλίδι
2675 4894 2930 4968 Εύδοξίᾳ,
2959 4899 3009 4950 οἱ
3032 4898 3177 4968 ἀμφὶ
3218 4897 3530 4969 ’Δμμὼνιον
3557 4895 3724 4948 ἐκεῖνοι

2186 4985 2522 5055 προσῆλθον,
2555 4987 2952 5057 ἐπαιτιώμενοι
2991 4989 3257 5061 Θεόφιλον
3285 4987 3367 5056 οἷς
3423 4989 3538 5042 κατ’
3575 4983 3729 5039 αὐτῶν

2186 5075 2570 5131 ἐϐουλεύσατο.
2639 5077 2703 5131 Ἠ
2749 5079 2798 5133 δ’
2850 5079 3153 5150 αίσθομένη
3231 5081 3329 5151 τὴν
3392 5078 3510 5133 κατ’
3562 5073 3730 5132 αὐτοὺς

2187 5166 2425 5230 ἀδικίαν,
2449 5168 2667 5237 τιμῶσα
2695 5169 2819 5231 τοὺς
2844 5169 3067 5241 ἄνδρας,
3094 5171 3190 5225 τοῦ
3217 5173 3404 5242 πρόσω
3430 5172 3560 5224 ἰέναι
3586 5167 3728 5230 ἐστΐν

2189 5255 2286 5308 καὶ
2315 5255 2410 5308 τοῦ
2448 5256 2730 5326 βασιλικοῦ
2758 5260 3038 5330 ὀχήματος
3069 5262 3422 5333 προκύψασα,
3457 5263 3516 5328 τῇ
3547 5246 3732 5322 κεφαλῇ¹

2186 5347 2437 5413 ἐπένευε,
2467 5352 2583 5413 καὶ,
2613 5367 2630 5401 ι
2663 5351 2973 5420 Εὐλογεῖτε,
3007 5355 3137 5422 ἔφη,
3190 5357 3357 5426 εὐχάς
3389 5371 3445 5406 τε
3480 5350 3611 5418 ὑπὲρ
3645 5343 3726 5398 τοῦ

2192 5439 2460 5509 βασιλέως
2491 5443 2586 5494 καί
2616 5443 2755 5513 ἐμοῦ
2779 5447 2873 5497 καὶ
2909 5449 3016 5498 τῶν
3044 5447 3252 5500 παίδων
3282 5449 3500 5498 ποιεῖτε.
3544 5436 3669 5505 Ἐγὼ
3693 5434 3730 5486 δ’

2189 5535 2318 5587 ὅσον
2339 5535 2505 5602 τάχος
2529 5535 2756 5590 σπεύσω
2781 5537 3042 5609 Θεόφιλον
3075 5539 3392 5610 ἀφικέσθαι.
3419 5556 3439 5591 ι
3461 5536 3564 5590 Καὶ
3589 5533 3620 5602 ἡ
3645 5528 3728 5598 μὲν

2192 5624 2319 5676 τάδε
2343 5625 2576 5678 εἰποῦσα
2603 5626 2783 5697 διέϐη.

2032 5721 2114 5775 vel
2155 5719 2415 5775 idoneum
2464 5723 2703 5793 aliquem
2744 5724 3283 5798 Constantinopolim
3335 5727 3586 5786 mitteret,
3649 5714 3725 5786 qui

507 5834 632 5868 rum
684 5817 790 5871 illis
834 5816 1154 5886 ambigeret,
1184 5814 1456 5886 siquidem
1493 5815 1542 5868 ei
1585 5815 1762 5868 visum
1796 5825 1960 5880 esset,
2028 5830 2152 5869 cum
2193 5813 2274 5867 eis
2319 5814 2532 5883 judicio
2581 5817 2942 5874 contendere.
2999 5819 3064 5873 Et
3106 5835 3230 5874 cum
3277 5818 3481 5874 diutius
3519 5815 3570 5868 in
3611 5806 3725 5864 urbe

509 5911 760 5966 monachi
818 5920 1188 5976 morarentur,

1267 5919 1322 5963 et
1375 5907 1693 5978 imperatrix
1756 5907 1996 5963 Eudoxia
2051 5908 2104 5962 in
2147 5909 2428 5979 publicum
2473 5923 2761 5979 progressa
2816 5921 2986 5977 esset,
3056 5913 3220 5984 376
3269 5908 3572 5967 Ammonius
3610 5912 3716 5956 cum
