4006 6544
284 447 390 522 97‘3
1182 441 2220 516 ECCLIiSlASTlCﬁ:HISTORI£
2265 446 2406 514 Lm.
2448 442 2614 516 xm.
3445 444 3549 511 974

284 570 552 627 fratribus
579 569 694 624 suis
722 567 789 623 ad
819 582 938 623 eam
983 567 1036 621 in
1082 566 1162 620 vii
1194 568 1453 634 accessit,
1487 568 1858 640 Theophilum
1902 576 2126 640 prepter
2157 565 2393 636 injurias
2455 563 2537 618 eis
2600 555 2871 618 insidiose
2905 564 3083 620 illatas
3115 565 3417 620 accusavit.
3457 562 3550 619 Illa

285 674 466 719 autem
501 663 590 718 ubi
627 664 814 731 inique
840 677 962 716 cum
991 662 1070 716 eis
1113 671 1296 716 actum
1354 676 1476 717 esse
1505 664 1700 728 sensit,
1732 663 2000 718 honorem
2026 658 2171 730 gviris
2212 659 2510 724 exhibens,
2587 655 2862 723 constitit,
2951 667 3116 728 alque
3167 674 3230 715 ex
3277 658 3550 730 imperiali

284 771 454 814 curru
497 757 860 828 prOspiciens,
908 757 1086 826 capite
1156 759 1234 811 eis
1271 755 1466 811 annuit
1550 765 1628 819 et,
1713 775 1729 807 t
1774 752 2250 819 Benedictionem,
2297 755 2495 824 inquit,
2546 751 2708 809 nobis
2755 750 3058 825 impertile,
3122 766 3177 810 et
3219 753 3388 810 Deum
3455 773 3554 826 pro

283 852 621 922 imperatore
669 849 770 921 (l),
807 858 863 905 et
901 866 1009 917 me,
1055 849 1361 920 liberisque
1410 851 1638 914 nostris,
1689 865 1864 906 orate.
1907 850 2018 920 Ego
2062 863 2195 905 vero
2238 865 2400 919 quam
2449 848 2742 903 celerrime
2787 849 3016 914 curabo,
3085 860 3144 904 ut
3213 851 3557 922 Tthpbilus

285 947 374 1002 hic
413 954 617 1018 praesto
656 944 748 1001 sit.
781 962 800 996 ι
831 943 955 1001 Haec
1001 954 1292 1016 postquam
1345 945 1433 999 illa
1475 946 1635 1009 dixit,
1671 947 1902 1001 ulterius
1944 945 2238 1015 processit.

880 1060 1134 1116 ΚΕΦΑΛ.
1172 1059 1272 1113 IB'.

281 1156 383 1225 Ὠς
437 1156 728 1224 Θεόφιλος
784 1157 932 1209 κατὰ
993 1154 1281 1210 Ἰωάννου
1342 1156 1701 1225 γενόμενος,
1766 1159 1865 1210 καὶ

366 1227 723 1294 Ἐπιεεάνιον
775 1225 883 1278 τὸν
918 1227 1162 1292 Κύπρου
1224 1229 1868 1295 προσεταιρισάμενος,

355 1299 430 1352 τὰ
454 1295 655 1364 πρῶτα
685 1295 901 1363 ἐκείνῳ
949 1296 1238 1365 διάφορος
1275 1296 1379 1360 ὢν,
1421 1297 1502 1362 ὠς
1548 1298 1870 1366 Ὠριγενια-

355 1369 522 1434 στὴν
560 1367 666 1420 τόν
719 1366 1014 1434 Ἰωάννην·
1069 1367 1348 1430 διέϐαλε,
1407 1367 1508 1421 καὶ
1561 1370 1872 1432 συνόδους

357 1441 547 1496 ἐποίει
581 1437 921 1508 ἀθετούσιις
945 1439 1016 1491 τὰ
1039 1437 1386 1508 Ὠριγένους
1411 1437 1868 1508 συτγῬάμματα,

369 1509 663 1576 Ἰωάννην
698 1508 796 1561 καὶ
831 1504 976 1570 τοὺς
1003 1504 1286 1576 Manli—oi);
1311 1507 1498 1576 δῆθεν
1522 1504 1872 1580 ditatem-31(8-

354 1601 485 1647 νος.

355 1700 525 1768 Φήμη
549 1695 604 1750 δὲ
635 1689 838 1766 ψευδὴς
869 1691 972 1748 ἀνὰ
999 1689 1099 1764 τὴν
1156 1689 1569 1766 Ἀλεξάνδρειαν
1619 1694 1874 1763 ἔφθανεν,

285 1787 362 1856 ὥς
381 1793 472 1859 εῐη
511 1789 769 1859 Ἰωάννης
818 1791 918 1842 καὶ
973 1784 1298 1859 μυστηρίων
1348 1787 1534 1852 αὐτοῖς
1587 1789 1875 1858 μεταδοὺς,

288 1883 660 1954 ἐπικουρῆσαί
691 1901 748 1936 τε
774 1878 1181 1951 διανοούμενος.
1222 1882 1486 1951 Θεόφιλος
1511 1882 1568 1936 δὲ
1619 1887 1877 1948 παντοῖος

287 1963 378 2048 ἦν,
405 1977 468 2030 οὐ
503 1976 666 2047 μόνον
691 1973 1010 2043 ἀμύνασθαι
1038 1975 1167 2038 τοὺς
1198 1976 1328 2044 περὶ
1385 1977 1703 2048 Διόσκορον,
1756 1976 1877 2030 ἀλλ’

290 2071 344 2125 ετ
373 2087 437 2140 γε
495 2070 739 2135 δύναιτο,
772 2069 869 2122 καὶ
921 2069 1085 2121 αὑτὸν
1137 2061 1395 2140 Ἰωάννην
1428 2071 1528 2140 τῆς
1571 2073 1878 2143 ἐπισκοπῆς

291 2162 570 2217 καθελεῖν.
597 2159 944 2232 Ἐνδομυχῶν
999 2159 1056 2214 δὲ
1125 2161 1300 2215 ταῦτα
1351 2161 1445 2215 καὶ
1503 2164 1878 2230 συσκευάζων,

291 2255 409 2319 τοῖς
438 2256 581 2309 κατὰ
631 2253 812 2315 πόλεις
870 2252 1196 2317 ἐπισκόποις
1246 2253 1561 2322 ἐπέστελλε,
1616 2258 1880 2326 κρύπτων

294 2349 399 2418 μὲν
428 2350 530 2416 τὴν
563 2341 750 2413 ὠδῖνα,
780 2349 894 2410 τοῖς
921 2347 1235 2418 Ὠριγένους
1255 2346 1310 2400 δὲ
1352 2345 1585 2418 βιϐλίοις
1629 2351 1874 2421 ἐπιμεμ·

2576 1057 2803 1114 CAPUT
2851 1057 2965 1116 ΧΙΙ.

1979 1151 2044 1204 Ut
2101 1153 2409 1221 Theophilus
2449 1153 2644 1206 Joanni
2691 1155 3007 1216 adversam,
3052 1171 3111 1207 se
3154 1157 3206 1208 in
3261 1157 3561 1212 amicitiam

2050 1221 2338 1292 Epiphanii
2361 1223 2544 1294 Cyprii
2561 1225 2805 1294 episcopi,
2822 1225 2907 1277 cui
2925 1236 3080 1278 antea
3099 1226 3273 1294 fuerat
3292 1228 3558 1293 inimicus,

2048 1293 2424 1360 insinuaverit,
2494 1295 2543 1348 εἰ
2584 1293 2846 1348 Joannem
2891 1293 3149 1366 tanquam
3204 1294 3562 1366 Origeuistam

2051 1381 2146 1433 per
2199 1365 2522 1418 calumniam
2560 1367 2826 1437 rargrterit
2852 1405 2867 1424 .
2925 1365 3260 1437 synodosquc
3303 1365 3558 1433 coegerit,

2047 1449 2164 1502 qua:
2190 1435 2430 1504 Origenia
2463 1436 2663 1504 scripta
2696 1436 3054 1496 aboleveruut,
3084 1439 3138 1490 in
3172 1435 3268 1491 hoc
3308 1449 3365 1492 ut
3393 1439 3563 1494 Joan-

2051 1453 2164 1502 qua:
2190 1453 2280 1489 urt
2319 1453 2430 1488 eius
2463 1453 2663 1504 scripta
2696 1453 3054 1496 anatcveruut,
3084 1454 3138 1490 tn
3173 1453 3204 1490 It

2051 1522 2165 1558 nent
2196 1515 2245 1558 ct
2279 1453 2480 1576 ganges
2509 1507 2849 1560 criminando
2883 1507 3204 1564 traduceret.

2054 1681 2217 1744 Fama
2253 1707 2382 1747 vero
2410 1682 2542 1745 falsa
2568 1685 2959 1746 Alexandriam
2990 1693 3264 1764 pervenit,
3294 1693 3566 1750 Joannem

1980 1800 2108 1841 cum
2145 1784 2257 1840 illis
2310 1785 2577 1856 mysteria
2625 1787 3093 1854 communicasse,
3151 1805 3427 1860 opemque
3457 1791 3568 1846 illis

1979 1881 2124 1934 ferre
2154 1877 2532 1933 constituisse.
2566 1878 2737 1935 Porro
2768 1881 3112 1952 Theophilus
3141 1883 3294 1938 varia
3352 1885 3408 1938 in
3439 1885 3566 1939 ani-

1981 1986 2070 2025 me
2092 1970 2337 2041 agitabat
2366 1971 2620 2036 consilia,
2664 1984 2719 2027 ut
2751 1990 2862 2030 non
2901 1976 3081 2030 solum
3138 1976 3464 2033 Dioscorum
3511 1990 3570 2034 et

1980 2077 2276 2130 germanos
2306 2063 2429 2134 ejus
2459 2061 2846 2133 ulcisceretur,
2869 2084 3060 2124 verum
3088 2071 3256 2126 etiam
3271 2071 3570 2143 Joannem,

1981 2159 2027 2212 si
2063 2157 2182 2212 lieri
2238 2166 2451 2226 posset,
2510 2157 2836 2229 episcopatu
2888 2161 3173 2232 dejiceret.
3212 2167 3392 2235 Atque
3454 2167 3573 2222 haec

1981 2265 2170 2306 secum
2204 2251 2322 2320 ipse
2351 2253 2551 2306 tacitus
2577 2252 2832 2319 volvens,
2874 2264 2932 2310 et
2995 2256 3266 2313 insidiose
3314 2259 3571 2322 moliens.

1984 2343 2050 2398 ad
2076 2343 2292 2398 urbium
2341 2345 2735 2417 plerarumque
2786 2347 3078 2418 episcopos
3114 2351 3361 2421 scripsit,
3390 2355 3575 2410 consi-

292 2439 532 2512 φόμενος
559 2458 574 2473 ο
603 2437 686 2507 οἷς
724 2440 787 2512 δὴ
821 2441 957 2512 πρὸς
991 2434 1158 2495 αὐτοῦ
1186 2443 1213 2495 ό
1231 2441 1537 2506 πολύαθλος
1561 2445 1880 2510 Ἀθανάσιος

1999 2433 2120 2487 ium
2153 2435 2375 2504 quidem
2400 2437 2548 2506 quod
2581 2438 2922 2508 parturiebat
2959 2441 3245 2498 occultans
3277 2444 3571 2516 :Origenis

292 2527 394 2600 τῆς
436 2532 648 2596 οἰκείας
675 2533 910 2596 πίστεως
941 2533 1022 2596 είς
1053 2532 1318 2587 σύστασιν
1346 2537 1699 2606 ἀπεχρήσατο
1726 2537 1880 2591 πλει-

295 2627 493 2692 στάκις
525 2629 714 2692 ὲνυῖς
738 2629 880 2682 κατὰ
896 2629 1196 2700 Ἀρειανῶν
1227 2629 1378 2700 αὐτῷ
1419 2629 1702 2700 πονηθεῖσι
1749 2647 1881 2698 συγ-

293 2718 620 2789 γράμμασι.
668 2719 1045 2788 Λογισάμενος
1084 2717 1140 2772 δὲ
1190 2717 1326 2772 πολύ
1365 2737 1418 2772 τι
1484 2723 1754 2774 συνοίσειν
1803 2722 1882 2792 τῷ

298 2811 653 2882 προκειμένῳ
677 2813 885 2881 σκοπῷ,
916 2812 966 2863 εί
985 2812 1080 2865 καὶ
1103 2808 1426 2880 Ἐπιφάνιον
1455 2813 1547 2866 τὸν
1564 2814 1883 2884 Σαλαμίνης

294 2906 398 2972 τῆς
425 2901 657 2974 Κύπρου
688 2902 991 2958 ἐπίσκοπον
1026 2904 1163 2975 πρὸς
1193 2898 1484 2958 κοινωνίαν
1515 2906 1610 2976 τῆς
1644 2907 1882 2976 σπουδῆς

298 2999 657 3069 ὲταιρίσοιτο,
683 2995 1011 3069 περιϐόητον
1038 2993 1206 3070 ἄνδρα
1234 2997 1344 3053 τῶν
1376 3001 1498 3053 κατ’
1546 2999 1732 3068 αὑτὸν,
1763 3001 1884 3054 ἐπί-

301 3092 483 3163 σημόν
521 3110 582 3144 τε
637 3092 738 3162 βίῳ
797 3093 892 3145 καὶ
950 3092 1092 3146 αἰδοῖ
1148 3093 1352 3164 ἀρετῆς
1398 3092 1882 3165 λαμπρυνόμενον,

299 3185 469 3250 εὐθὺς
500 3185 752 3254 πέμψας,
785 3185 938 3255 φίλον
959 3203 1019 3239 τε
1048 3187 1306 3251 ἐποιεῖτο,
1354 3187 1558 3258 καίπερ
1587 3188 1658 3241 τὰ
1690 3188 1887 3260 πρῶτα

299 3275 480 3347 τούτῳ
513 3277 935 3348 διαφερόμενος,
966 3276 1042 3342 ὡς
1090 3278 1568 3352 ἀνθρωπόμορφον
1627 3281 1688 3336 τὸ
1728 3283 1886 3338 Θεῖον

299 3367 587 3436 δοξάζοντι
621 3384 636 3398 ο
663 3369 784 3423 τότε
809 3369 856 3423 δ’
879 3370 954 3434 ὡς
980 3372 1045 3423 ὲκ
1074 3373 1365 3442 μετανοίας
1389 3374 1487 3444 τὴν
1521 3374 1690 3446 ὀρθὴν
1723 3377 1888 3448 tam.

300 3463 416 3526 κὼς
441 3460 626 3526 δόξαν,
654 3463 914 3533 όμόφρων
936 3461 1101 3535 δῆθεν
1126 3465 1276 3537 αὑτῷ
1319 3458 1702 3539 καθειστήκει.
1731 3469 1889 3526 Οὕτω

301 3555 487 3608 τοίνυν
521 3553 663 3626 ἔχων
691 3555 972 3625 Θεόφιλος,
1009 3558 1105 3610 καὶ
1131 3557 1486 3623 διατωθάζων
1510 3563 1638 3624 τοὺς
1671 3561 1888 3634 ἀνθρω-

305 3650 597 3726 πόμορφον
625 3650 686 3703 τὸ
710 3650 864 3704 Θεῖον
884 3649 1230 3718 δοξάζοντας,
1259 3651 1344 3706 διὰ
1375 3654 1476 3721 τὴν
1509 3655 1646 3722 πρὸς
1665 3655 1891 3726 ἑτέρους

302 3725 606 3810 ἀπέχθειαν
631 3742 707 3812 τῷ
741 3743 1054 3812 φαινομένῳ
1084 3746 1383 3814 παρῃτεῖτο
1407 3742 1444 3798 ἃ
1473 3744 1718 3810 ἐδόξαζε.
1753 3725 1888 3802 Τότε

301 3823 350 3881 δ’
381 3826 496 3896 οὖν,
528 3831 603 3894 ὡς
639 3831 882 3902 εἴρηται,
922 3833 1079 3902 φίλον
1130 3835 1369 3904 ποιήσας
1419 3836 1511 3890 τδν
1545 3838 1888 3907 Ἐπιφάνιον,

301 3923 638 3993 ὀμοφρονεῖν
704 3929 1088 3988 προσεποιεῖτο
1153 3930 1275 3990 ταῖς
1332 3930 1460 4000 περὶ
1518 3929 1656 3984 Θεοῦ
1711 3932 1892 3998 δόξαις

302 4015 458 4085 αὐτῷ
484 4032 498 4046 ο
527 4016 817 4088 παρεκίνει
849 4035 906 4071 τε
937 4019 1154 4084 τοῦτον,
1183 4021 1263 4082 είς
1295 4021 1395 4090 τὴν
1422 4021 1532 4075 τῶν
1576 4024 1893 4094 Ὠριγένους

306 4104 511 4178 βίϐλων
533 4109 810 4181 διαϐολὴν,
846 4110 923 4175 ὡς
955 4111 1148 4166 αἰτίων
1171 4112 1336 4184 δῆθεν
1355 4114 1644 4184 δογμάτων
1675 4117 1896 4186 διεφθο-

308 4199 504 4271 ρότων.
544 4202 864 4272 Ἐπιφάνιος
896 4203 941 4258 δ’
970 4204 1214 4260 ἔκπαλαι
1243 4206 1500 4277 ἀπεχθῶς
1537 4211 1650 4272 τοῖς
1677 4208 1892 4280 Ὠριγὲ⁴

308 4309 435 4356 νους
459 4296 602 4366 ἔχων
637 4297 1101 4366 συγγράμμασιν,
1129 4300 1335 4362 ἁπλοῦς
1360 4316 1419 4352 τε
1467 4299 1566 4367 ὢν,
1614 4302 1711 4355 καὶ
1749 4303 1897 4375 ἄκρᾳ

305 4383 573 4458 εὐλαϐείᾳ
591 4387 794 4454 συζῶν,
816 4390 991 4460 ῥᾷστα
1010 4393 1078 4461 τῇ
1099 4390 1361 4458 Θεοφίλου
1382 4393 1589 4464 σπουδῇ
1616 4395 1894 4464 πειθήνιος

303 4472 376 4549 ἦν
411 4493 428 4510 ·
467 4476 565 4530 καὶ
601 4475 728 4540 τοὺς
758 4478 815 4528 ὲν
838 4477 1072 4549 Κύπρῳ.
1101 4478 1438 4543 ἐπισκόπους
1502 4481 1666 4545 εὐθὺς
1710 4482 1895 4552 ἁθροί-

307 4588 432 4637 σας,
466 4570 779 4641 ἀπηγόρευε
813 4571 912 4642 τὴν
938 4570 1047 4624 τῶν
1075 4571 1394 4644 Ὠριγένους
1434 4574 1614 4643 λόγων
1652 4577 1896 4644 ἀνάγνω-

306 4678 398 4715 σιν
427 4678 443 4693 ·
465 4662 560 4714 καὶ⁵
590 4661 659 4714 τὰ
675 4662 742 4732 τῇ
768 4662 971 4733 συνόδῳ
989 4664 1338 4732 ἐγνωσμένα,
1361 4664 1547 4730 ἄλλοις
1572 4682 1632 4718 τε
1655 4665 1894 4737 ἔπεμπε,

305 4757 406 4809 καὶ
435 4754 515 4825 τῷ
551 4754 652 4824 τῆς
682 4755 1102 4808 Κωνσταντίνου
1150 4756 1422 4826 ἀρχιερεῖ.
1452 4756 1543 4810 Ἐν
1581 4752 1663 4822 οἷς
1707 4761 1895 4812 κάκεῖ-

305 4865 400 4900 νον
435 4847 840 4916 προύτρέπετο,
893 4847 1114 4900 σύνοδόν
1165 4865 1226 4900 τε
1285 4853 1487 4914 ποιεῖν,
1532 4851 1624 4904 καὶ
1688 4851 1756 4906 τὰ
1805 4854 1897 4907 ἶσα

306 4941 456 4996 κατά
481 4941 594 4993 τῶν
635 4940 951 5010 Ὠριγένους
1006 4941 1184 5010 λόγων
1236 4941 1597 5012 ψηφίζεσθαι,
1654 4946 1749 4999 καὶ
1800 4947 1896 5001 τοῦ

307 5033 503 5087 λοιποῦ
530 5027 576 5086 δ⁴
604 5033 982 5103 ἀπαγορεύειν
1007 5034 1077 5085 τὰ
1124 5035 1436 5106 Ὠριγένους
1497 5038 1896 5105 ἀναγινώσκειν

1987 2539 2175 2583 autem
2236 2528 2396 2584 libris
2454 2529 2757 2598 insultans,
2815 2533 3018 2602 quibus
3090 2536 3430 2593 Athanasius
3484 2539 3575 2594 ille

1987 2621 2290 2690 multorum
2321 2624 2690 2679 certaminum
2721 2625 2900 2680 victor
2935 2637 3063 2683 ante
3102 2645 3226 2683 eum
3283 2635 3350 2685 ad
3412 2631 3571 2687 ﬁdem

1989 2729 2144 2770 suam
2215 2715 2712 2786 comprobandum,
2775 2718 2831 2772 in
2892 2719 3380 2778 lucubrationibus
3455 2725 3576 2780 suis

1988 2805 2257 2861 adversus
2322 2801 2557 2865 Arianos
2620 2811 2788 2866 editis
2837 2827 3223 2882 stepenumero
3285 2827 3372 2872 est
3418 2835 3572 2875 usus.

1990 2891 2286 2971 Postquam
2302 2911 2486 2956 autem
2517 2903 2570 2958 ei
2596 2901 2652 2957 in
2673 2914 2914 2969 mentem
2937 2907 3106 2970 venit,
3139 2908 3372 2964 multum
3390 2923 3576 2983 empto

1990 3005 2093 3074 suo
2127 2987 2483 3060 profuturum
2507 3007 2658 3059 esse,
2683 2993 2727 3048 si
2756 2985 3126 3064 Epiphanium
3163 2998 3459 3056 Salaminis
3495 3005 3575 3074 (2)

1991 3083 2047 3136 in
2069 3073 2251 3155 Cypro
2282 3085 2604 3156 episcopum
2663 3087 2730 3142 ad
2780 3100 3014 3145 conatus
3070 3094 3194 3164 ejus
3245 3073 3574 3151 societatem

1991 3176 2100 3231 sibi
2140 3177 2460 3242 ascisceret,
2487 3181 2666 3236 aetatis
2699 3198 2812 3237 sua:
2860 3199 3124 3254 perquam
3159 3188 3459 3253 celebrem,
3487 3192 3574 3245 ri-

1994 3280 2158 3342 taque
2199 3273 2524 3342 praeclarum
2561 3285 2618 3330 et
2643 3277 2874 3332 virtutis
2906 3281 3217 3336 reverentia
3264 3295 3572 3352 spectatum

1993 3365 2195 3432 virum,
2228 3366 2410 3421 statim
2439 3362 2508 3422 ad
2540 3382 2669 3423 eum
2692 3369 2866 3433 misit,
2897 3370 3116 3443 sibique
3147 3376 3385 3430 amicum
3421 3378 3574 3448 fecit,

1994 3474 2122 3514 cum
2155 3460 2379 3529 quidem
2423 3461 2634 3517 dudum
2689 3465 2758 3518 ab
2810 3465 2906 3520 illo
2943 3463 3318 3534 dissensissct,
3387 3479 3581 3542 utpote

1998 3552 2093 3621 qui
2127 3552 2299 3606 Deum
2343 3551 2587 3608 lintnana
2628 3554 2807 3609 forma
2859 3570 2983 3612 esse
3040 3560 3400 3629 opinaretur,
3462 3573 3578 3618 tum

1996 3653 2204 3708 autem,
2261 3645 2428 3700 veluti
2470 3661 2570 3716 per
2627 3650 3011 3717 pmnitentiam
3057 3653 3174 3722 ipse
3236 3655 3581 3727 Theophilus

2000 3745 2203 3790 rectam
2237 3739 2563 3808 complexus
2594 3748 2745 3796 esset
2779 3745 3133 3807 sententiam.
3167 3747 3493 3820 suﬂragalor
3528 3754 3580 3807 ei

1993 3837 2079 3882 est
2122 3828 2322 3884 laetus.
2367 3832 2442 3884 Ea
2487 3832 2702 3890 scilicet
2737 3847 2922 3890 mente
2953 3838 3297 3909 Theophilus
3332 3845 3458 3906 fuit,
3520 3857 3582 3899 ut

1996 3923 2091 3990 qui
2145 3920 2443 3976 humanam
2520 3925 2758 3980 formam
2821 3928 2934 3982 Deo
2993 3931 3300 3988 tribuentes
3349 3936 3580 4000 rideret,

1995 4024 2224 4084 propter
2273 4016 2644 4078 quorumdam
2718 4017 3040 4078 inimicitias
3101 4029 3347 4082 aversari
3401 4044 3460 4083 se
3515 4046 3583 4086 ca

1995 4119 2119 4173 qua:
2173 4113 2326 4160 recte
2357 4107 2711 4176 opinaretur,
2759 4111 3226 4181 signiﬁcationem
3261 4134 3361 4187 per
3391 4120 3580 4175 [ticum

1995 4196 2062 4252 de
2084 4213 2144 4252 se
2169 4200 2442 4268 praeberet
2469 4203 2572 4274 (5).
2605 4203 2744 4258 Tum
2780 4204 2947 4273 igitur
2971 4211 3437 4278 quemadmodum
3463 4216 3582 4270 dic.

1999 4299 2113 4345 tum
2151 4300 2256 4358 est,
2287 4293 2378 4348 ubi
2440 4294 2808 4366 Epiphanium
2864 4303 3106 4357 amicum
3155 4304 3260 4359 sibi
3321 4309 3578 4374 reddidit,

1997 4385 2314 4439 consentire
2337 4388 2389 4440 ei
2421 4404 2481 4443 se
2537 4389 2592 4442 in
2639 4390 2903 4460 opinione
2933 4392 3003 4447 de
3066 4395 3176 4450 Deo
3207 4399 3578 4462 assimulavit.

1995 4477 2366 4548 eumdemque
2421 4481 2491 4535 ad
2548 4482 2818 4540 librorum
2866 4484 3122 4557 Origenis
3176 4492 3577 4550 calumniosum

1997 4571 2460 4642 suggillationem,
2487 4577 2720 4644 perinde
2746 4587 2912 4648 atque
2933 4596 3230 4650 pravorum
3259 4584 3581 4658 dogmatum

1997 4678 2178 4719 causa
2202 4675 2415 4732 essent,
2456 4668 2730 4725 incitavit.
2761 4671 2925 4742 377
2969 4673 3319 4746 Epiphanius
3368 4692 3580 4746 autem,

1997 4756 2093 4826 qui
2124 4757 2334 4814 dudum
2359 4759 2619 4843 Origenis
2656 4765 2862 4834 scripta
2918 4782 3083 4822 exosa
3135 4769 3392 4834 babeba‘t,
3431 4776 3577 4843 quod

1999 4849 2232 4919 simplex
2284 4861 2455 4918 esset,
2515 4841 2572 4909 et
2631 4856 2686 4909 in
2731 4871 2946 4912 summa
3005 4861 3275 4931 religione
3327 4865 3575 4932 viveret,

2000 4941 2261 4998 facillime
2290 4946 2525 5013 pedibus
2557 4947 2614 5002 in
2648 4949 2941 5019 Theophili
2995 4957 3330 5010 sententiam
3364 4959 3479 5012 ivit.
3513 4961 3581 5015 Et

1999 5037 2151 5094 illico
2178 5041 2456 5112 episcOpis
2492 5043 2546 5096 in
2574 5043 2755 5114 Cypro
2803 5049 3168 5116 congregatis,
3221 5051 3475 5122 Origeuis
3508 5057 3578 5110 li-

309 5127 521 5201 βιϐλία.
589 5127 852 5196 Θεόφιλος
897 5127 954 5180 δὲ
1016 5128 1110 5180 τὸν
1177 5130 1508 5200 περιϐόητον
1572 5131 1885 5199 Ἐπιφάνιον

2007 5132 2231 5186 brorum
2253 5135 2548 5190 lectionem
2582 5137 2768 5190 edicto
2803 5137 3062 5194 inhibuit.
3132 5142 3196 5196 Et
3225 5145 3419 5213 synodi
3456 5148 3578 5218 ejus

309 5221 694 5292 συναρπάσας,
735 5221 963 5282 πολλοὺς
1004 5222 1297 5282 ἐπαινέτας
1328 5221 1541 5292 ἔχοντα.
1575 5225 1666 5277 καὶ
1702 5225 1792 5278 διὰ
1833 5226 1895 5278 τὸ

311 5313 503 5381 περιὸν
534 5311 628 5363 τοῦ
650 5311 793 5380 βίου,
823 5311 960 5381 ὅπερ
978 5309 1044 5363 ἂν
1071 5311 1319 5381 φρονοίη,
1346 5311 1894 5384 δοξάζοντας,παρα.

311 5404 522 5472 πλήσια
555 5403 648 5454 καὶ
681 5403 880 5465 αὐτοὺς
913 5402 1040 5466 τοὺς
1071 5397 1162 5456 ὑπ’
1191 5404 1356 5456 αὑτὸν
1405 5405 1741 5468 ἐπισκόπους
1772 5424 1895 5459 συν-

311 5495 563 5566 αγαγὼν,
611 5494 908 5565 ἐψηφίζετο
943 5512 954 5525 ·
993 5496 1088 5549 καὶ
1149 5497 1369 5566 μακρὰν
1424 5498 1659 5551 ἐποιεῖτο
1708 5499 1895 5552 διαϐο-

313 5589 432 5656 λὴν,
474 5588 786 5657 Ὠριγὲνους
820 5588 920 5659 ἤδη
975 5588 1080 5659 πρὸ
1121 5587 1413 5643 διακοσίων
1454 5591 1593 5642 ἐτῶν
1641 5592 1898 5664 τελευτή-

389 5771 465 5838 (l)
499 5771 564 5824 Et
589 5787 689 5840 pro
736 5769 966 5840 imperio
1007 5770 1272 5840 Romano.
1324 5769 1534 5823 Sozam.

389 5845 467 5908 (2)
497 5838 830 5896 Constatura:
881 5839 1029 5893 Socr.
1066 5838 1154 5896 Sic
1194 5842 1342 5895 enim
1395 5858 1614 5912 quoque
1644 5859 1705 5896 ea
1761 5848 1891 5900 urbs

317 5926 398 5967 Cal
436 5914 600 5967 dicta.

2001 5225 2284 5280 decretum
2325 5243 2452 5282 cum
2486 5229 2551 5281 ad
2588 5229 2728 5284 alios
2761 5233 2984 5298 multos,
3021 5244 3133 5289 tum
3189 5238 3255 5290 ad
3300 5237 3579 5298 Constan-

2007 5317 2431 5385 tinopolitanum
2465 5321 2772 5374 antistitem
2807 5323 2958 5377 misit
3013 5341 3027 5378 :
3059 5341 3220 5394 quem
3256 5330 3420 5382 etiam
3452 5332 3582 5384 hor-

2007 5423 2152 5465 tatus
2172 5421 2277 5476 est,
2307 5421 2365 5464 ut
2393 5416 2602 5482 synodo
2633 5428 2840 5479 coacta,
2867 5417 3008 5470 idem
3056 5418 3124 5472 dc
3152 5418 3410 5490 Origenis
3442 5426 3582 5479 seri-

2007 5505 2117 5570 ptis
2147 5513 2438 5568 statueret,
2471 5519 2533 5558 ac
2569 5504 2835 5576 deinceps
2863 5508 2968 5562 sibi
2990 5510 3089 5579 ipsi
3127 5527 3318 5567 eorum
3342 5515 3580 5571 lectione

2009 5596 2386 5650 interdiceret.
2430 5597 2792 5666 Theophilus,
2831 5601 2923 5654 ubi
2951 5601 3341 5674 Epiphaniam,
3379 5609 3581 5663 multos

2011 5775 2152 5901 M(Ei)
2213 5775 2366 5832 Socr.
2396 5778 2490 5834 lib.
2520 5796 2594 5844 Vl,
2639 5797 2758 5852 cap.
2807 5782 2892 5839 l0.
2925 5785 3143 5846 S-izmn,
3174 5788 3268 5844 lib.
3301 5807 3418 5858 vm,
3457 5809 3576 5862 cap.
