4006 6568
265 414 384 481 υττ

1201 390 1809 483 ECCLESIASTICAE
1849 416 2238 480 HlS’l‘OBIrE
2276 419 2413 481 LIB.
2450 419 2619 480 xm.
2680 486 2685 493 ,

3444 410 3563 475 973»
3598 384 3605 389 ’

264 527 353 591 ὡς
378 526 573 599 ἔτυχεν
602 528 971 602 ἀπορρίπτειν
1021 529 1119 595 τὰς
1168 530 1279 584 τῶν
1323 532 1700 604 ἀρχαιοτέρων
1747 547 1875 598 συγ-

1978 527 2163 583 verbis
2190 544 2361 600 prope
2390 524 2769 600 perstringens
2804 543 2820 582 :
2867 534 2887 578 ι
2929 524 3087 599 Ego,
3117 523 3319 599 inquit,
3366 541 3399 581 ο
3430 526 3556 599 Epi-

256 613 502 691 ἣραφὰς
538 620 808 692 αἱροῦμαι
834 639 849 655 ο
899 622 1255 695 βλασφημίας
1289 624 1400 695 γὰρ
1441 625 1541 678 οὐκ
1582 624 1738 687 ἐκτὸς
1762 623 1862 696 τὴν

270 713 510 769 δκείνων
540 714 722 787 κρίσιν
748 715 1059 783 ἐκϐάλλειν,
1097 717 1195 771 καί
1224 716 1295 770 τὰ
1324 717 1508 780 καλῶς
1541 717 1773 780 ἐκείνοις
1800 733 1861 770 τε

272 807 375 861 καὶ
415 806 496 877 τῷ
544 808 725 879 χρόνῳ
775 807 1159 879 δοκιμασθέντ’
1207 809 1422 863 ἀθετεῖν
1473 810 1533 862 οὐ
1571 809 1664 878 μοὶ
1712 810 1865 863 δοκεῖ

278 897 581 966 σωφρόνων
609 894 775 953 εἶναι.
800 884 835 953 ἡ»
878 899 1063 953 Ταῦτα
1104 901 1305 969 λέγων,
1347 901 1441 954 καί
1480 919 1533 954 τι
1571 901 1679 954 τῶν
1717 901 1863 971 Ὠρι-

272 990 476 1059 γένους
516 992 973 1063 συγγραμμάτων
1027 994 1111 1057 είς
1153 992 1319 1062 μέσον
1369 993 1615 1062 προῆγε·
1647 992 1741 1051 καὶ
1788 994 1864 1056 ὡς

276 1081 554 1150 ἀναγκαῖα
585 1083 683 1136 καὶ
706 1082 945 1153 χρειώδη
997 1083 1184 1135 ἐκεῖνα
1220 1084 1339 1146 ταῖς
1372 1081 1694 1153 ἐκκλησίαις
1724 1082 1863 1135 ἀπσ-

276 1174 488 1240 δείξας,
515 1192 535 1228 ι
575 1177 838 1239 Ἄτοπον,
870 1174 1048 1239 ἔλεγε,
1079 1179 1420 1247 πράττουσιν
1452 1174 1503 1228 οἱ
1548 1175 1720 1228 ταῦτα
1750 1176 1864 1228 δια-

281 1267 503 1323 ϐάλλειν
536 1270 985 1340 ὲπιτηδεύουσιν·
1028 1270 1089 1323 οὗ
1141 1270 1321 1324 ταῦτα
1376 1270 1509 1342 γὰρ,
1554 1270 1690 1322 ἀλλὰ
1739 1270 1866 1339 περὶ

280 1352 360 1412 ὧν
384 1360 435 1412 oi
456 1358 605 1428 λόγοι
639 1360 1017 1414 κινδυνεύουσι
1047 1362 1428 1433 καθυϐρίζειν.
1467 1382 1487 1414 ι
1530 1364 1589 1417 Ὀ
1616 1363 1869 1417 δὲίωάν·

280 1467 387 1522 νης
439 1450 518 1521 μὴ
549 1451 911 1523 μεμψάμενος
949 1453 1307 1522 Ἐπιφάνιον,
1340 1448 1423 1518 οἷς
1476 1453 1611 1524 παρ’
1646 1453 1865 1523 ὲνορίαν

280 1543 629 1612 χειροτονίαν
672 1543 872 1607 ἐποίει,
903 1543 972 1597 δι’
1002 1544 1185 1608 αἰδοῦς
1216 1540 1320 1617 ἦγε
1352 1545 1445 1598 τὸν
1477 1546 1667 1616 ἄνδρα,
1696 1562 1869 1616 παρεκ-

1968 619 2165 689 phani,
2191 621 2345 675 nefas
2367 636 2489 676 esse
2542 628 2702 691 puto,
2732 618 3073 675 contumelia
3101 632 3200 673 eos
3226 619 3323 690 qui
3344 616 3552 674 dudum
3644 604 3650 619 ’

1970 720 2100 768 sunt
2129 709 2354 778 mortui,
2394 709 2613 768 aﬂicere
2646 729 2661 766 :
2694 726 2879 782 neque
2918 710 2995 767 ita
3049 708 3260 787 temere
3286 710 3555 766 vetustio-

1970 821 2095 859 rum
2127 804 2331 876 scripta
2365 804 2673 876 altjicienda
2703 819 2924 860 censeo.
2951 801 3114 859 Extra
3150 802 3553 876 blasphemiam

1970 899 2118 953 enim
2145 914 2254 954 non
2285 906 2372 954 est
2393 899 2677 970 judicium
2708 899 2930 955 illorum
2975 897 3319 975 proculcare,
3347 906 3404 955 et
3435 912 3556 968 quae

1973 990 2078 1045 rite
2113 1000 2277 1060 atque
2310 991 2506 1048 ordine
2559 992 2629 1047 ab
2675 993 2755 1047 eis
2789 1003 3014 1059 statuta,
3066 1002 3123 1047 et
3154 1000 3401 1061 tempore
3437 990 3557 1060 ipso
3636 1042 3637 1045 η

1972 1084 2328 1152 comprobata
2358 1093 2509 1150 sunt,
2534 1084 2820 1156 abrogare,
2859 1085 3086 1140 minime
3138 1083 3277 1138 mihi
3338 1082 3559 1139 videtur

1973 1175 2330 1244 prudentium
2393 1175 2636 1232 virorum
2670 1191 2815 1233 esse.
2853 1175 3039 1232 i‘Cum
3066 1172 3225 1231 hisce
3265 1171 3558 1228 verbisll-

1973 1266 2136 1321 brum
2168 1266 2461 1337 quemdam
2486 1267 2741 1339 Origenis
2775 1268 3093 1324 inmedium
3147 1266 3433 1338 produxit,
3473 1270 3559 1318 at-

1974 1376 2082 1432 que
2117 1361 2212 1416 ubi
2243 1376 2407 1432 quam
2462 1362 2772 1417 necessaria
2807 1370 2864 1417 et
2910 1359 3065 1416 utilia
3097 1357 3356 1415 Ecclesiae
3389 1357 3448 1411 in
3492 1368 3561 1410 eo

1974 1461 2162 1510 essent
2209 1453 2475 1509 indicavit
2523 1472 2537 1508 :
2581 1472 2599 1505 ι
2636 1451 2917 1519 Absurde,
2962 1452 3125 1517 dixit,
3183 1449 3418 1511 faciunt,
3463 1445 3564 1515 qui

1977 1545 2091 1601 haec
2125 1545 2448 1601 calumniari
2474 1544 2736 1601 student:
2779 1559 2895 1599 non
2948 1534 3095 1599 ehim
3163 1541 3282 1597 haec
3318 1546 3557 1598 tantum,

285 1633 447 1689 κάλει
490 1652 553 1688 τε
600 1637 1093 1707 συνεκκλησιάζειν
1143 1638 1317 1709 αὐτῷ,
1372 1642 1467 1694 καὶ
1516 1640 1565 1691 εί
1626 1637 1868 1706 βούλοιτο

1977 1639 2075 1693 sed
2105 1653 2170 1694 ea
2195 1638 2363 1692 etiam
2393 1636 2463 1692 de
2494 1637 2698 1706 quibus
2726 1636 2782 1692 itt
2824 1635 2985 1692 libris
3010 1641 3304 1696 tractatur,
3337 1630 3560 1703 pericu-

287 1728 589 1783 συνοικεῖν.
629 1726 692 1783 Ὀ
744 1727 801 1780 δὲ
837 1730 933 1782 καὶ
979 1730 1270 1799 ἀμφότερα
1318 1734 1643 1804 παρῃτεῖτο,
1695 1733 1742 1783 εἱ
1792 1729 1868 1802 μὴ

1977 1731 2092 1787 lose
2130 1731 2467 1787 contumelia
2497 1728 2711 1786 allicere
2739 1727 3022 1784 videntur.
3061 1746 3080 1780 ι
3137 1726 3380 1784 Joannes
3426 1724 3559 1795 Epi-

290 1819 563 1891 πρότερον
588 1820 685 1873 καὶ
728 1822 894 1887 αὐτὸς
933 1823 1133 1895 ἐπίσης
1165 1823 1273 1877 τῶν
1315 1824 1628 1894 Ὠριγένους
1666 1824 1869 1894 βίϐλων

1977 1823 2267 1894 pltanium,
2314 1822 2462 1893 quod
2496 1832 2653 1878 extra
2689 1818 2917 1878 ditionis
2949 1834 3063 1875 sua:
3095 1814 3234 1874 ﬁnes
3262 1815 3572 1872 ordinandi-

288 1910 763 1981 καταψηφίσηται,
795 1916 888 1967 καὶ
911 1914 1041 1978 τοὺς
1060 1915 1187 1985 περὶ
1210 1916 1504 1986 Διόσκορον
1534 1917 1633 1986 τῆς
1659 1917 1869 1980 πόλεως
1904 1896 1950 1960 Β

285 1996 564 2069 ἀπελάσῃ.
596 1999 703 2053 Τοῦ
734 2000 793 2053 δὲ
820 2002 1008 2072 κοινῆς
1041 2004 1412 2068 συνελεύσεως
1441 2005 1570 2059 ἄνευ
1614 2005 1870 2074 λέγοντος

289 2089 369 2159 μὴ
393 2087 508 2143 δεῖν
537 2085 679 2145 εἶναι
714 2095 990 2163 προπετές
1014 2111 1071 2148 τι
1111 2094 1266 2166 δρᾷν,
1298 2095 1396 2150 καὶ
1430 2095 1870 2165 ἀναϐαλλομένου

282 2182 388 2253 τὴν
424 2184 668 2254 σίτησιν,
697 2184 749 2237 oi.
779 2184 873 2238 δυσ
885 2187 1238 2256 μεναίνοντες
1268 2188 1497 2261 Ἰωάννῃ
1544 2190 1641 2243 ἐπὶ
1673 2190 1870 2261 ἑτέραν

254 2274 490 2347 ’βουλὴν
544 2276 788 2347 μετῆγον
841 2278 934 2332 τὸν
986 2278 1328 2346 Ἐπιφάνιον.
1384 2280 1718 2350 Είσηγοῦντο
1778 2280 1874 2337 καὶ

287 2371 423 2442 γὰρ,
453 2369 759 2441 μελλούσης
789 2372 1064 2443 μεγίστης
1099 2373 1376 2439 συνάξεως
1400 2374 1661 2444 γενέσθαι
1690 2374 1782 2427 ἐπὶ
1804 2376 1869 2446 τῇ

287 2463 402 2518 τῶν
442 2464 789 2518 Ἀποστόλων
816 2464 1094 2536 ἐπωνύμῳ
1125 2466 1422 2539 ἐκκλησίᾳ,
1455 2469 1638 2521 ἐκεῖσε
1675 2467 1871 2537 προελ-

290 2556 405 2613 θεῖν
434 2558 670 2625 ἐκεῖνον,
707 2561 803 2614 καὶ
832 2559 1072 2632 δημοσία
1125 2560 1225 2630 μὲν
1252 2559 1558 2631 ἐκκηρῦξαι
1591 2561 1687 2623 τὰς
1734 2561 1875 2631 Ὠρι-

290 2652 489 2719 γένους
520 2650 762 2719 βίϐλους,
793 2652 876 2706 ἔτι
905 2653 962 2706 δὲ
989 2653 1086 2706 καὶ
1115 2654 1243 2718 τοὺς
1289 2654 1420 2724 περὶ
1448 2655 1761 2728 Διόσκορον,
1797 2652 1873 2717 ὠς

290 2742 362 2797 τὰ
388 2742 486 2797 In
510 2743 711 2815 ἐκείνῳ
740 2744 1147 2813 πρεσϐεύοντας
1167 2762 1182 2777 ⁸
1215 2745 1350 2815 πρὸς
1376 2747 1432 2799 δὲ
1461 2747 1556 2800 καὶ
1579 2746 1679 2818 τὴν
1697 2746 1876 2800 Ἰωαν-

291 2856 391 2894 νου
447 2838 708 2910 διασύραι
754 2840 914 2905 δόξαν
966 2840 1064 2897 καὶ
1115 2839 1412 2906 διαϐαλεῖν,
1449 2834 1536 2893 οἷα
1580 2840 1644 2909 δὴ
1690 2839 1873 2904 αὐτοῖς
1917 2867 1921 2871 -

290 2930 753 3002 προστιθεμένου.
785 2933 898 2986 Καὶ
926 2932 976 2984 οί
1012 2933 1115 3002 μὲν
1145 2934 1203 2985 ἐν
1247 2931 1464 2996 τούτοις
1493 2928 1634 3002 ἦσαν
1658 2949 1671 2962 ο
1699 2930 1873 3002 ᾤοντο

292 3024 338 3078 δ’
365 3024 536 3080 αὐτὸν
563 3024 707 3079 οὕτω
751 3025 888 3096 πρὸς
922 3022 982 3080 τδ
1027 3024 1233 3095 πλῆθος
1278 3023 1633 3097 συγκρούειν.
1671 3026 1780 3079 Καὶ
1810 3024 1875 3094 δὴ

291 3119 391 3175 ἐπὶ
443 3118 623 3191 τούτῳ
671 3118 959 3190 προελθὼν
1001 3118 1345 3188 Ἐπιφάνιος,
1396 3119 1566 3187 ἐγγὺς
1623 3117 1724 3189 ήδη
1776 3118 1875 3187 τῆς

293 3211 598 3282 ἐκκλησίας
652 3206 740 3283 ἦν.
782 3211 1035 3281 ’Υπήντα
1083 3210 1143 3264 δὲ
1203 3210 1355 3281 αὐτῷ
1410 3208 1698 3280 Σεραπίων
1737 3207 1875 3279 πρὸς

1978 3192 2146 3276 etiam
2174 3226 2231 3273 et
2258 3192 2562 3273 sectatores
2592 3215 2741 3288 ejus,
2802 3224 2864 3272 ut
2897 3212 2992 3286 qui
3040 3228 3166 3269 cum
3219 3213 3313 3268 illo
3371 3211 3562 3267 eadem
3612 3214 3615 3219 ‘
3691 3192 3699 3199 ’

306 3302 562 3357 Ἰωάννου
588 3303 1033 3373 ἀπεσταλμένοςο
1062 3303 1299 3358 ἐπύθετο
1331 3303 1442 3373 γὰρ
1484 3302 1555 3356 τὰ
1589 3300 1877 3372 βεϐουλευα

298 3392 440 3461 μένα
465 3394 584 3456 τοῖς
615 3393 909 3462 πονηροῖς⁶
963 3392 1061 3445 καὶ
1110 3390 1460 3464 ἐμαρτύρετο
1504 3391 1632 3462 μήτ’
1676 3389 1878 3459 ἔννομα

294 3482 564 3551 πράττειν
619 3483 932 3553 αἱρεῖσθαι,
1000 3485 1139 3556 μήτε
1206 3487 1256 3539 οἱ
1319 3488 1471 3558 αὑτῷ
1533 3488 1873 3543 συνοίσοντα.

299 3590 319 3625 ι
365 3574 596 3646 Πρῶτον
627 3576 726 3646 μὲν
775 3576 905 3647 γὰρ,
937 3579 1131 3650 φησὶν,
1159 3581 1219 3633 ὲν
1244 3581 1365 3644 ταῖς
1397 3580 1492 3636 ὑπ’
1547 3580 1651 3652 ἐμὲ
1679 3579 1878 3652 ἐκκλη-

294 3664 446 3730 σίαις
476 3670 804 3738 χειροτονεῖν
832 3668 999 3734 εἵλου,
1029 3668 1137 3742 ἰδίᾳ
1165 3670 1424 3742 αὐθεντία
1448 3669 1524 3742 μὴ
1547 3672 1876 3742 προσταγεὶς

293 3759 702 3831 λειτουργήσας
726 3778 739 3791 ⁸
772 3764 1113 3833 προτραπεὶς
1143 3781 1201 3816 τε
1225 3762 1381 3828 αὖθις
1405 3766 1707 3828 κοινωνεῖν,
1734 3781 1877 3833 παρ-

296 3853 515 3923 utilem.
588 3854 702 3909 Καὶ
734 3854 849 3919 νῦν,
880 3855 955 3919 ὥς
983 3872 1048 3924 γε
1095 3856 1464 3927 πυνθάνομαι,
1496 3857 1677 3911 ἄτοπα
1703 3854 1877 3926 πράτ-

296 3962 415 3999 τειν
463 3945 680 4018 διανοῇο
733 3947 1023 4017 φυλάττειν
1054 3948 1149 4005 οὖν
1182 3950 1324 4016 δέον,
1361 3950 1470 4020 μὴ,
1507 3948 1755 4010 στάσεως
1788 3948 1875 4001 ὲν-

256 4035 487 4091 ’τιῦθσν
532 4038 612 4108 τῷ
660 4038 858 4110 πλήθει
898 4041 1303 4113 γεγενημένης,
1361 4040 1527 4105 αὐτὸς
1578 4041 1669 4093 τὸν
1732 4039 1877 4109 ὑπὲρ

299 4129 496 4183 τούτου
530 4129 777 4186 κίνδυνον
812 4133 1126 4206 ὑποστήσῃ,
1157 4134 1331 4196 αἴτιος
1377 4132 1649 4205 τοσαύτης
1675 4132 1879 4204 συγχύ-

304 4241 446 4288 σεως
489 4226 760 4293 γεγονώς.
808 4244 829 4279 ι
891 4228 1003 4281 Καὶ
1032 4228 1058 4279 ὀ
1111 4226 1212 4295 μὲν
1256 4227 1604 4297 εὐλαϐηθεὶς,
1651 4226 1752 4296 τῆς
1785 4225 1879 4279 ἐπὶ

299 4315 462 4370 τοῦτο
497 4317 741 4387 ἀνεκόπη
772 4318 954 4389 ὁρμῆς
978 4332 992 4347 ·
1056 4319 1115 4372 ἐν
1165 4317 1340 4388 τούτῳ
1369 4317 1425 4371 δὲ
1480 4316 1704 4387 συνέϐη,
1737 4317 1879 4388 νόσῳ

301 4409 396 4465 τὸν
427 4409 520 4462 τοῦ
568 4410 834 4480 βασιλέως
886 4410 1057 4465 παῖδα
1113 4410 1402 4481 βληθῆναι.
1448 4409 1512 4463 Ἡ
1561 4410 1617 4462 δὲ
1666 4408 1881 4481 βασιλὶς

297 4502 434 4570 περὶ
464 4498 543 4569 τῷ
579 4500 733 4554 παιδὶ
755 4501 1027 4554 δεδοικυῖα
1060 4503 1134 4571 μή
1174 4518 1223 4554 τι
1254 4502 1443 4565 πάθοι,
1473 4500 1741 4570 πέμψασα
1760 4499 1877 4571 ᾔτει

1980 1914 2319 1989 provinciam
2344 1914 2451 1970 sibi
2475 1921 2820 1985 usurpasset,
2864 1927 2975 1968 non
3003 1909 3387 1986 reprehendit,
3459 1906 3559 1964 sed

1974 2008 2161 2079 potius
2195 2007 2375 2063 virum
2411 2007 2710 2072 reveritus,
2737 2013 2796 2061 ut
2826 2019 3016 2061 secum
3068 2002 3125 2059 in
3156 2000 3391 2057 ecclesia
3420 2016 3561 2057 con—

1973 2109 2176 2155 ventus
2209 2107 2415 2171 ageret,
2460 2108 2627 2169 atque
2675 2095 2840 2153 etiam
2869 2096 2916 2152 si
2975 2094 3236 2167 placitum
3288 2094 3339 2150 ei
3390 2101 3561 2161 esset,

1974 2191 2215 2263 hospitio
2246 2191 2443 2246 domus
2471 2205 2586 2246 sua:
2619 2200 2894 2258 uteretur,
2941 2191 3197 2244 hortatus
3229 2195 3334 2242 est.
3386 2184 3553 2257 379

1973 2285 2071 2341 Hle
2101 2294 2288 2342 autem
2335 2294 2634 2355 utrumque
2685 2284 2894 2351 renuit,
2952 2281 3061 2339 nisi
3130 2281 3287 2352 prius
3335 2288 3394 2336 et
3444 2278 3564 2348 ipse

1976 2377 2234 2450 Origenis
2290 2376 2467 2433 iihros
2522 2375 2865 2443 damnasset,
2927 2382 2985 2431 et
3040 2373 3369 2429 Dioscorum
3435 2368 3625 2426 cum—~

1973 2470 2240 2527 fratribus
2304 2469 2420 2526 suis
2483 2468 2618 2525 urbe
2694 2467 2975 2539 ejecisset.
3056 2466 3355 2539 Postquam
3422 2478 3556 2522 vero

1973 2563 2215 2621 Joannes
2267 2562 2409 2618 nihil
2467 2571 2677 2617 temere
2719 2569 2778 2615 et
2808 2558 3007 2631 cupide
3062 2569 3215 2615 extra
3280 2556 3562 2629 publicum

1976 2667 2309 2715 conventum
2339 2656 2617 2729 agendum
2656 2670 2781 2712 esse
2811 2655 2970 2721 dixit,
3027 2664 3084 2711 et
3116 2669 3339 2711 causam
3398 2652 3562 2707 talem

1975 2755 2338 2812 dill‘erendam
2400 2754 2640 2819 censuit,
2711 2752 3117 2807 obtrectatores
3188 2749 3340 2804 illius
3412 2735 3585 2801 aliud.

1977 2848 2291 2920 Epiphanio
2319 2860 2646 2918 suggessere
2672 2843 2991 2900 consilium.
3034 2839 3355 2897 Suadebant
3387 2836 3560 2903 enim,
3620 2846 3625 2851 '

1977 2959 2100 2999 cum
2132 2941 2356 3014 synaxis
2389 2940 2628 2995 maxima
2661 2934 2994 2993 celebranda
3015 2944 3183 2997 esset,
3212 2934 3269 2987 itt
3296 2932 3551 2987 divoruut

1980 3032 2356 3103 apostolorum
2411 3027 2637 3098 templo,
2676 3033 2738 3082 ut
2781 3025 2839 3081 in
2898 3023 2950 3080 id
3007 3021 3461 3095 pragrederetur,
3504 3020 3563 3075 et

1979 3126 2280 3199 publicitus
2304 3125 2564 3196 Origenis
2610 3123 2787 3179 libros
2848 3120 3178 3177 damnaret:
3236 3118 3560 3175 Dioscorum

1979 3313 2267 3377 docerent,
2299 3310 2675 3383 proscriberet
2709 3329 2724 3365 :
2759 3307 2991 3367 Joannis
3021 3307 3283 3378 denique,
3309 3304 3401 3376 qui
3452 3304 3563 3359 illis

1979 3405 2312 3476 coniunctus
2340 3412 2510 3471 esset,
2532 3402 3007 3460 existimationem
3038 3416 3103 3457 ac
3130 3399 3563 3469 famamgtaxaret

1976 3508 2141 3567 atque
2169 3498 2584 3553 criminaretur.
2649 3495 2766 3553 Hoc
2816 3495 2894 3550 ita
2963 3492 3043 3548 illi
3106 3491 3363 3561 agebant,
3412 3486 3561 3558 quod
3604 3492 3607 3499 ’

1976 3605 2103 3647 eum
2131 3590 2212 3645 sic
2251 3589 2634 3645 existimarent
2681 3603 2809 3642 cum
2864 3584 3069 3657 populo
3114 3582 3557 3639 conﬂictaturum

1976 3698 2120 3738 esse.
2151 3686 2331 3753 Atque
2365 3679 2713 3752 Epiphanius
2733 3679 2855 3750 ejus
2891 3678 2969 3732 rei
3003 3675 3178 3747 gratia
3214 3678 3611 3745 progressus;.'

1977 3790 2087 3830 non
2114 3773 2278 3845 longe
2310 3773 2379 3829 ab
2404 3772 2642 3828 ecclesia
2684 3769 2881 3836 abfuit,
2934 3783 3061 3824 cum
3098 3764 3362 3836 Serapion
3406 3761 3457 3818 el
3493 3761 3563 3817 ab

1977 3867 2186 3924 Joanne
2208 3866 2411 3922 missus
2434 3865 2698 3921 occurrit.
2726 3862 2994 3919 Audierat
3053 3859 3101 3915 is
3135 3872 3394 3927 namque,
3439 3868 3565 3925 qua:

1977 3960 2056 4016 illi
2090 3958 2343 4015 malevoli
2370 3956 2697 4013 suasissent.
2725 3954 2964 4011 Proinde
2995 3953 3169 4008 illum.
3212 3948 3439 4006 consilia
3471 3962 3565 4003 ca-

1981 4069 2107 4126 pere
2122 4060 2414 4109 atlestatus
2430 4058 2534 4119 est,
2554 4064 2698 4119 quae,
2727 4056 2788 4103 ut
2813 4047 3112 4116 illegitima,
3126 4043 3177 4098 ei
3211 4052 3562 4111 nequaquam

1979 4146 2270 4219 profutura
2327 4151 2531 4201 essent.
2604 4160 2622 4194 ι
2656 4140 2902 4195 Primum
2944 4150 3202 4207 namque,
3242 4132 3443 4204 inquit,
3504 4130 3573 4185 in

1979 4233 2231 4290 ecclesiis
2263 4233 2399 4288 meis
2431 4228 2728 4286 ordinandi
2758 4235 3085 4299 potestatem
3138 4232 3329 4295 tuapte
3361 4229 3560 4276 aucto-

1979 4329 2165 4392 ritate,
2193 4324 2499 4380 miaisterio
2537 4321 2636 4377 tibi
2668 4337 2734 4378 eo
2760 4336 2870 4375 non
2902 4321 3222 4385 commisso,
3242 4314 3559 4386 sumpsisti:

1982 4417 2182 4476 deinde
2227 4417 2295 4472 ad
2329 4416 2778 4472 communionem
2820 4412 3113 4475 invitatus,
3181 4425 3305 4467 eam
3340 4409 3561 4464 detrec-

1984 4506 2129 4563 tasti.
2167 4504 2327 4560 Nunc
2355 4519 2522 4574 porro
2546 4503 2740 4569 etiam,
2773 4501 2937 4558 sicuti
2968 4501 3156 4567 audio,
3206 4513 3329 4556 rem
3379 4496 3565 4568 indig-

308 4590 638 4660 Ἕπιφάνιον
669 4592 810 4663 ὑπὲρ
846 4593 1013 4646 αὐτοῦ
1065 4592 1345 4664 εὕχεσθαι.
1388 4594 1447 4646 '0
1483 4593 1541 4646 δὲ
1574 4591 1875 4662 παρηγγύα

1984 4614 2108 4653 nam
2138 4597 2381 4668 incipere
2405 4597 2633 4667 cogitas.
2660 4594 2980 4651 Cavendum
3020 4608 3152 4649 vero
3186 4592 3283 4648 tibi
3331 4600 3435 4658 est,
3489 4604 3563 4645 ne

301 4684 572 4755 ζήσεσθαι
603 4687 695 4739 τον
721 4686 908 4751 παῖδα,
935 4685 988 4737 εἴ
1011 4702 1076 4754 γε
1106 4687 1205 4755 τῆς
1238 4685 1450 4749 πόλεως
1480 4685 1807 4739 ἁπελαθεῖεν
1829 4683 1878 4736 οἱ

299 4779 433 4848 περὶ
466 4778 776 4847 Διόσκορον.
815 4778 880 4831 Ἦ
909 4778 966 4831 δὲ
998 4776 1246 4845 Εὑδοξία,
1284 4797 1302 4830 ι
1339 4777 1400 4831 '0
1439 4776 1540 4848 μὲν
1566 4777 1719 4846 ἐμὸς,
1748 4774 1876 4846 ἔφη,

300 4872 456 4937 παῖς,
490 4870 631 4937 εἴγε
662 4870 782 4941 Θεῷ
817 4870 1013 4925 δοκοῦν
1067 4870 1208 4938 ἔστι,
1239 4870 1504 4941 ζήσεται·
1546 4870 1595 4922 εἰ
1628 4868 1675 4923 δ’
1705 4865 1819 4934 οὖν,
1851 4871 1881 4922 ὁ

299 4961 448 5027 δοὺς,
494 4962 545 5014 εἰ
597 4962 694 5015 καὶ
735 4963 902 5017 πάλιν
931 4963 1110 5017 ἕλοιτο
1138 4962 1460 5033 ἀφελέσθαι,
1488 4962 1664 5033 ταύτῃ
1711 4961 1876 5015 ἐστω.

299 5054 373 5108 Σὺ
406 5053 453 5105 δ’
474 5052 639 5123 εἴπερ
679 5047 789 5116 οἷος
818 5048 965 5124 ἦσθα
990 5054 1220 5124 νεκροὺς
1264 5054 1513 5125 ἀνιστᾷν,
1538 5053 1638 5106 οὐκ
1678 5052 1746 5106 ἂν
1778 5052 1877 5106 θα-

299 5145 448 5215 νάτῳ
478 5147 508 5200 ο
535 5146 627 5209 σὸς
674 5144 1059 5217 ἀρχιδιάκονος
1093 5146 1376 5201 ἐτελεύτα.
1427 5166 1447 5199 ι
1493 5147 1603 5200 Καὶ
1630 5146 1740 5215 γὰρ
1773 5145 1880 5216 πρὸ

302 5238 538 5313 βραχέος
565 5237 820 5292 ὲτελεύτα
847 5240 1161 5308 Κρισπίων,
1188 5240 1243 5302 ὃς
1272 5238 1503 5309 ἀδελφὸς
1529 5235 1597 5309 ἦν
1626 5236 1880 5292 Φούσκω-

302 5346 393 5392 νος
427 5330 526 5383 καὶ
548 5330 800 5400 Σαλάμου
834 5331 945 5384 τῶν
967 5333 1058 5385 ἐπ’
1087 5335 1256 5404 ἀρετῇ
1279 5333 1580 5403 διαϐοήτων
1607 5331 1878 5403 μοναχῶν,

302 5417 379 5478 ὧν
410 5424 471 5476 ὲν
502 5425 571 5493 τῇ
596 5422 740 5477 κατὰ
771 5422 1052 5478 οὐάλεντα
1104 5427 1397 5496 συγγραφῇ
1449 5425 1751 5496 ἐμνήσθην.
1782 5426 1878 5477 Ὃν

303 5514 400 5567 καὶ
437 5510 689 5566 σύνοικον
721 5513 887 5585 ἔχων,
926 5517 1020 5570 καὶ
1067 5517 1452 5586 ἁρχιδιακόνου
1488 5518 1643 5584 τάξει
1688 5518 1878 5588 ἐτίμα.

304 5605 370 5658 Οἱ
397 5605 456 5658 δὲ
493 5606 622 5675 περὶ
656 5604 973 5676 Ἀμμώνιον
1022 5608 1118 5663 καὶ
1148 5608 1459 5678 Διόσκορον,
1496 5608 1642 5663 οὕτω
1673 5610 1780 5681 γὰρ
1812 5612 1877 5680 τῇ

305 5697 536 5772 Εὑροξίᾳ
580 5698 781 5764 ἐδόκει,
812 5693 945 5773 ἧκον
990 5702 1128 5772 πρὸς
1164 5702 1501 5771 Ἐπιφάνιον.
1546 5703 1788 5757 Ἐκείνου
1830 5703 1876 5755 δ’

304 5790 707 5865 ἐρωτήσαντος,
759 5791 905 5857 τινες
958 5788 1090 5860 εἷεν,
1147 5796 1177 5847 ὁ
1236 5796 1549 5865 ’Λμμώνιος
1594 5795 1874 5867 ἐπιφέρει,

315 5902 336 5937 ι
372 5883 438 5938 οι
496 5884 743 5956 Μακροὶ,
774 5877 819 5942 ὧ
842 5885 1096 5944 δέσποτα.
1143 5888 1282 5943 Ἀλλ’
1306 5889 1359 5942 εί
1386 5906 1514 5943 ποτε
1555 5888 1874 5960 συντάγμα-

1981 4685 2257 4742 seditione
2287 4700 2351 4740 ea
2381 4686 2448 4740 de
2478 4699 2643 4741 causa
2667 4684 2929 4751 excitata,
2973 4676 3090 4753 ips'e
3133 4696 3297 4738 causa
3328 4678 3563 4735 dicenda

1982 4778 2290 4850 periculum
2323 4779 2547 4845 subeas,
2578 4777 2751 4833 veluti
2786 4777 2961 4833 turbae
2983 4784 3040 4830 et
3069 4773 3411 4830 confusionis
3438 4782 3565 4828 tan,

1984 4885 2049 4928 ta:
2075 4883 2289 4928 auctor.
2338 4890 2358 4924 ι
2393 4871 2739 4941 Epiphanius
2763 4870 2913 4924 hisce
2944 4867 3130 4923 verbis
3181 4866 3397 4921 cautior
3444 4863 3566 4919 lac-

1983 4976 2092 5030 tus,
2116 4982 2148 5020 a
2173 4974 2355 5036 empto
2377 4963 2611 5019 destitit.
2643 4961 2855 5017 Accidit
2874 4961 3106 5023 interea,
3127 4967 3185 5013 ut
3211 4953 3574 5026 imperatoris-

1972 5060 2131 5114 ‘ﬁlius
2191 5058 2343 5129 gravi
2415 5056 2792 5126 corriperetur
2841 5053 3056 5107 morbo.
3096 5049 3161 5104 Et
3192 5050 3437 5119 Augusta
3491 5047 3561 5104 de

1983 5164 2156 5221 puero
2184 5164 2253 5204 ne
2282 5147 2416 5218 quid
2442 5146 2763 5201 humanitus
2791 5142 2843 5198 ei
2875 5139 3174 5203 accideret,
3201 5153 3328 5194 eum
3356 5137 3559 5193 timore

1981 5243 2242 5305 sollicita,
2300 5239 2666 5310 Epipltanium
2704 5236 2963 5302 accitum,
2991 5242 3057 5288 ut
3089 5248 3191 5304 pro
3210 5232 3385 5287 salute
3439 5230 3562 5302 ejus

1981 5342 2189 5397 oraret,
2218 5331 2399 5404 petiit.
2444 5330 2513 5385 Et
2541 5329 2656 5391 ille.
2686 5340 2927 5398 puerum
2974 5324 3385 5379 convaliturum
3432 5335 3560 5379 esse

1982 5425 2261 5497 pollicitus
2293 5432 2398 5489 est,
2437 5423 2483 5478 si
2510 5422 2810 5476 Dioscorus
2857 5433 2985 5472 cum
3043 5415 3160 5472 suis
3203 5419 3341 5473 urbe
3368 5415 3557 5487 exige-

1980 5526 2154 5574 retur.
2213 5514 2461 5571 Eudoxia
2514 5523 2724 5577 autem,
2786 5529 2805 5563 ι
2853 5510 3026 5566 Filius
3056 5509 3301 5581 quidem,
3355 5509 3557 5580 inquit,

1982 5625 2158 5673 meus,
2180 5608 2228 5663 si
2253 5607 2399 5662 Deus
2445 5607 2610 5668 volet,
2651 5606 2823 5660 vivet.
2888 5603 2985 5660 Sin
3036 5602 3190 5668 eum,
3245 5600 3342 5668 qui
3381 5601 3569 5667 dedit,

1979 5701 2197 5756 aul‘erre
2240 5699 2549 5764 constituit,
2586 5699 2710 5770 ejus
2741 5696 2994 5753 voluntas
3044 5695 3158 5751 liat.
3209 5695 3292 5750 Tu
3333 5709 3466 5750 vero
3508 5693 3565 5750 si

1979 5804 2230 5848 mortuos
2288 5794 2625 5848 cxsuscitare
2680 5805 2890 5861 posses,
2938 5789 3362 5845 archidiaconus
3427 5796 3559 5844 tuus

1981 5885 2273 5943 defunctus
2311 5900 2438 5960 .non
2504 5893 2667 5942 esset.
2735 5902 2753 5938 ι
2814 5881 3004 5956 Nuper
3040 5882 3189 5940 enim
3255 5879 3567 5938 admodm
