3930 6526
210 386 314 454 981

1139 372 1746 450 ECCLESIASTICIE
1782 391 2172 454 HlSTORl/E
2207 393 2351 456 LIB.
2395 393 2563 454 XIII.

3377 391 3485 454 982

211 505 403 572 Ἔδοξε
434 502 492 556 δὲ
521 499 599 573 τῷ
647 500 864 574 πλήθει,
894 501 971 566 ὡς
1001 502 1291 574 αἰνίγματι
1321 504 1464 559 κατὰ
1501 505 1599 575 τῆς
1633 505 1789 576 βασι-

1902 519 2029 572 arat,
2054 507 2364 563 orationem
2414 508 2468 561 in
2516 505 2748 561 ecclesia
2801 520 2903 576 pro
2956 503 3222 560 concione
3264 503 3478 573 habuit,

206 601 353 663 λίδος
388 598 586 668 ἐκείνῳ
618 597 855 668 μάλιστα
902 598 1227 670 συντεθῆναι
1275 600 1368 654 τὸν
1402 601 1581 669 λόγον.
1617 603 1728 655 Καὶ
1761 603 1787 655 ό

207 693 367 761 λόγος
397 693 510 754 τοῖς
538 690 993 761 δυσμεναίνουσιν
1020 691 1336 762 ἐκληφθείς,
1374 695 1468 747 ἐπὶ
1491 696 1590 764 τὴν
1627 693 1788 765 βασί-

209 783 403 837 λισσαν
429 785 648 851 ἄγεται.
693 783 758 835 Ἥ
792 782 848 835 δὲ
890 784 1090 838 θᾶττον
1127 786 1313 857 τάνδρὶ
1356 788 1664 858 προσιοῦσα
1690 788 1790 858 τὴν

207 875 421 930 οἰκείαν
456 873 788 944 ἁπωδύρατο
819 873 1000 946 ὓϐριν.
1039 876 1151 929 Καὶ
1175 877 1487 950 προσετίθει
1518 878 1684 932 αὑτοῦ
1724 896 1788 947 γε

207 964 302 1020 τοῦ
335 965 667 1036 κρατοῦντος
699 964 858 1035 ὕϐριν
886 963 1026 1020 εἰναι
1070 967 1168 1038 τὴν
1200 968 1424 1038 ἑαυτῆς.
1455 971 1565 1024 Καὶ
1591 970 1788 1025 θᾶττον

210 1057 625 1124 παρασκευάζει
658 1055 835 1110 ἐλθεῖν
862 1056 955 1111 τὸν
990 1057 1276 1130 Θεόφιλον,
1305 1060 1399 1114 καί
1425 1061 1522 1130 τὴν
1547 1064 1670 1115 κατ’
1693 1062 1790 1115 αύ-

207 1146 304 1200 τοῦ
364 1149 671 1218 κατήπειγε
709 1146 951 1204 σύνοδον.
985 1150 1337 1220 Συνὲπραττε
1375 1153 1430 1206 δὲ
1486 1151 1660 1207 ταῦτα
1694 1157 1789 1208 καὶ

209 1239 542 1308 Σευηριανὸς
573 1239 601 1291 δ
646 1238 932 1305 Γαϐάλων,
975 1239 1312 1311 ὑποσμύχων
1352 1241 1435 1294 ἔτι
1466 1242 1564 1314 τὴν
1585 1242 1785 1314 λύπην,

209 1331 305 1384 καὶ
341 1330 419 1399 μὴ
451 1331 555 1395 τῆς
585 1331 786 1394 κακίας
840 1331 1207 1401 ἀπαλλαγείς.
1249 1333 1394 1387 Ἀλλ’
1423 1334 1535 1388 είτε
1569 1337 1645 1399 ὠς
1668 1337 1791 1390 ἐτυ-

208 1433 305 1485 χεν
347 1415 604 1487 Ἰωάννης
656 1418 748 1470 τὶν
779 1419 1025 1476 τοιοῦτον
1063 1421 1447 1492 ἐκκλησιάζων
1473 1427 1788 1495 προήνεγκε

209 1507 393 1575 λόγον,
424 1507 525 1562 εἴτ’
546 1509 971 1579 αἰνιγματωδῶς
1002 1512 1102 1582 τῆς
1128 1512 1399 1582 βασιλίδος
1429 1517 1790 1588 κατατρέχων

207 1599 472 1668 ἐποίειτῇ
513 1599 653 1670 πρὸς
696 1600 1012 1671 Ἐπιφάνιον
1062 1601 1220 1674 ἔριδι,
1251 1607 1330 1670 είς
1364 1607 1650 1676 ἀκρίϐειαν
1703 1610 1792 1662 λέ-

208 1707 330 1757 γειν
379 1692 483 1745 οὐκ
537 1691 668 1763 ἔχω.
714 1692 857 1746 Ἀλλ’
896 1695 959 1747 ού
1011 1696 1155 1750 πάνυ
1190 1699 1380 1769 πόρρω
1435 1699 1693 1770 Θεόφιλός
1729 1719 1788 1756 τε

210 1781 396 1851 παρῆν
424 1795 438 1811 ·
471 1781 565 1834 καὶ
588 1781 774 1836 πολλοὶ
805 1783 911 1836 τῶν
941 1786 1286 1851 ἐπισκόπων,
1315 1789 1362 1840 οἰ
1393 1789 1493 1859 μὲν
1517 1796 1792 1862 προστάγ-

1897 614 2006 666 qua
2030 598 2402 653 communiter
2453 598 2507 651 in
2542 596 2806 651 mulieres
2857 595 3029 650 malas
3070 596 3322 651 invectus
3371 604 3478 652 est.

1897 689 2239 746 Multitudini
2269 699 2451 745 autem
2485 689 2662 744 visum
2687 694 2794 753 est,
2826 687 3132 742 orationem
3176 703 3296 742 eam
3320 689 3478 759 quasi

1896 781 1999 834 sub
2065 780 2350 836 involucra
2408 787 2603 835 contra
2661 779 2967 849 Augustam
3020 777 3256 833 maxime
3309 778 3377 832 ab
3411 793 3478 832 eo

1897 873 2260 942 compositam
2299 887 2610 941 esse:quae
2641 871 2806 926 etiam
2858 870 2928 926 ab
2977 869 3310 924 adversariis
3357 871 3478 937 ejus

1896 973 2145 1032 excepta,
2167 963 2232 1018 ad
2265 978 2388 1018 eam
2419 975 2504 1018 est
2530 963 2733 1018 delata.
2762 963 2830 1018 Et
2876 961 2969 1016 illa
3004 961 3263 1015 maritum
3295 964 3479 1015 statim

1897 1052 2054 1119 adiit,
2087 1062 2145 1108 et
2171 1054 2318 1124 apud
2378 1070 2504 1114 eum
2532 1055 2924 1110 contumeliam
2954 1069 3108 1108 suam
3148 1052 3476 1122 deploravit,

1897 1145 2154 1216 injuriam
2216 1162 2336 1220 eam
2389 1147 2572 1214 mariti
2621 1161 2967 1201 communem
3027 1161 3154 1200 esse
3195 1145 3476 1200 dictitans.

1896 1236 2198 1292 Confestim
2233 1237 2399 1292 etiam
2439 1238 2863 1308 utTheophilus
2895 1237 3204 1298 adveniret,
3237 1236 3476 1299 curavit,

1895 1338 2059 1399 atque
2084 1336 2143 1382 ut
2171 1329 2582 1399 quamprimum
2616 1329 2861 1401 synodus
2907 1329 3173 1386 adversus
3207 1329 3475 1384 Joannem

1897 1428 2208 1489 cogeretur,
2233 1420 2367 1489 egit.
2397 1419 2708 1490 Adjuvabat
2736 1430 2926 1475 autem
2961 1435 3081 1476 eam
3144 1420 3478 1476 Severianus

1897 1525 2144 1580 quoque,
2216 1510 2548 1568 Gabalorum
2613 1512 2926 1582 episcopus,
2977 1511 3224 1567 dolorem
3296 1510 3480 1565 adhuc

1898 1618 2057 1658 suum
2087 1611 2290 1659 tectum
2324 1605 2378 1659 in
2418 1606 2604 1660 animo
2635 1605 2850 1672 fovens,
2874 1605 3078 1676 quippe
3111 1605 3206 1674 qui
3230 1604 3476 1659 nondum

1899 1695 2338 1752 malevolentiam
2366 1699 2419 1751 in
2447 1698 2718 1752 Joannem
2761 1712 2919 1752 suam
2971 1691 3335 1766 deposuisset.
3363 1696 3480 1750 Ca:—

1900 1797 2082 1840 terum
2117 1787 2231 1840 sive
2268 1787 2508 1843 Joannes
2549 1803 2679 1842 casu
2737 1788 2994 1857 quopiam
3044 1788 3363 1857 hujusmodi
3421 1788 3480 1842 in
3541 1817 3555 1828 ο

213 1884 348 1936 ματι
415 1867 684 1937 βασιλέως
740 1865 899 1941 ἧκον,
952 1873 1000 1924 οἰ
1049 1872 1107 1926 δέ
1162 1873 1426 1945 Θεοφίλου
1477 1878 1792 1944 κινοῦντος·

1902 1878 2126 1934 ecclesia
2153 1879 2346 1934 habuit
2384 1879 2714 1946 orationem,
2751 1895 2849 1936 seu
2873 1880 3214 1935 subobscure
3277 1883 3330 1933 in
3379 1880 3477 1933 im-

214 1958 426 2012 μᾶλλον
477 1959 522 2012 δ’
555 1961 760 2014 ἐκεῖνοι
816 1964 1128 2028 σπουδαίως
1181 1965 1430 2038 ἔτρεχον,
1489 1971 1605 2025 ὅσοι
1658 1973 1795 2042 πρὸς

220 2046 483 2100 Ἰωάννου
508 2051 649 2103 κατὰ
681 2051 783 2120 τὴν
822 2051 1008 2107 Ἀσίαν
1064 2055 1297 2122 ἐνδίκως
1331 2059 1434 2124 τὰς
1483 2062 1797 2130 ἐπισκοπὰς

213 2139 580 2211 ἀφῃρέθησαν
605 2158 620 2174 ·
665 2144 762 2197 καὶ
807 2145 957 2201 ἄλλοι
997 2149 1173 2221 ἑτέρῳ
1212 2151 1404 2225 τρόπῳ
1442 2155 1581 2226 πρὸς
1631 2156 1796 2213 αὐτὸν

211 2231 622 2302 ἀπηχθάνοντο.
651 2235 793 2309 ’Ἡδη
843 2239 899 2292 δέ
930 2241 1026 2295 καὶ
1064 2241 1190 2311 νῆες
1226 2244 1285 2310 ἐξ
1322 2247 1601 2316 Αἰγύπτου
1633 2250 1798 2305 κατέ-

216 2325 407 2394 πλεον,
440 2326 508 2392 ἃς
537 2327 798 2399 Θεόφιλος
823 2334 1173 2404 περιέμενεν.
1217 2336 1374 2392 Ἐπεὶ
1419 2338 1465 2392 δ’
1497 2341 1797 2415 ἠθροίσθη-

215 2433 318 2470 σαν
351 2419 595 2484 ἅπαντες
627 2421 772 2476 κατὰ
804 2423 904 2492 τὴν
935 2426 1016 2489 εἰς
1042 2425 1304 2483 Βιθυνίαν
1330 2431 1678 2502 Χαλκηδόνα,
1704 2435 1798 2490 καὶ

213 2510 522 2576 συνιόντες,
561 2512 711 2576 ὅπως
739 2514 775 2584 ἡ
822 2514 966 2569 κατὰ
1013 2515 1109 2570 τοῦ
1153 2517 1406 2574 Ἰωάννου
1445 2524 1798 2598 ἐπιχείρησις

212 2600 485 2672 προϐαίη,
519 2601 715 2674 βουλὴν
745 2605 1053 2663 ἐποιοῦντο.
1087 2611 1221 2664 Τότε
1263 2613 1329 2682 δὴ
1358 2614 1596 2687 Κυρῖνος
1630 2618 1658 2671 δ
1692 2619 1796 2690 τῆς

213 2693 565 2765 Χαλκηδόνος
599 2699 916 2764 ἐπίσκοπος,
935 2699 1179 2773 Θεοφίλῳ
1198 2722 1258 2759 τε
1281 2706 1423 2761 κατὰ
1445 2710 1604 2778 γένος
1630 2729 1800 2782 προσ-

211 2787 391 2875 sum,
430 2789 526 2842 και
574 2789 645 2844 τὰ
690 2791 860 2846 πολλὰ
923 2794 1074 2866 αὐτῷ
1129 2799 1453 2868 χαρίζεσθαι
1498 2803 1795 2875 ᾑρημένος,

211 2873 452 2950 (ἦνογὰρ
500 2881 845 2954 Αἰγύπτιος),
896 2884 1153 2958 διάφορος
1183 2894 1252 2942 τὰ
1299 2873 1534 2961 μάλιστα
1574 2873 1795 2968 Ἰωάννῃ

211 2969 603 3041 καθεστηκὼς,
643 2974 874 3029 πλεῖστα
922 2977 1138 3047 παριὼν
1185 2980 1444 3054 ἐλοιδόρει
1483 2984 1576 3038 τὸν
1612 2986 1797 3042 Ἰωάν-

209 3080 338 3133 νην,
372 3064 554 3130 ἁσεδῆ
587 3067 682 3122 καὶ
707 3067 946 3133 ἀλαζόνα
973 3071 1070 3126 καὶ
1101 3073 1365 3142 ἀγόνατον
1411 3077 1622 3134 ἐκεῖνον
1656 3083 1796 3136 ἀπο-

1895 1969 2228 2041 peratricem
2290 1979 2376 2026 est
2402 1971 2674 2035 invectus,
2717 1981 2948 2041 prOpter
3013 1986 3134 2026 eam
3191 1987 3313 2041 quae
3373 1972 3479 2027 sibi

1895 2077 2025 2118 cum
2083 2062 2396 2133 Epiphanio
2433 2063 2750 2120 intercessit
2819 2065 3262 2132 contentionem,
3327 2063 3476 2134 quod

1896 2153 2169 2210 aﬂirmare
2216 2168 2370 2210 certo
2409 2171 2520 2211 non
2575 2171 2840 2226 possum;
2876 2155 3223 2226 Theophilus
3257 2157 3479 2226 quidem

1899 2243 2151 2312 profecto
2178 2259 2290 2299 non
2317 2245 2494 2300 multo
2515 2256 2643 2315 post
2671 2244 2854 2310 an‘uit,
2897 2252 2954 2300 et
3011 2244 3173 2299 multi
3217 2254 3480 2316 praeterea

1895 2334 2170 2404 episcopi,
2208 2335 2407 2405 partim
2441 2335 2999 2408 imperatorisjussu,
3049 2335 3250 2406 partim
3303 2336 3484 2391 Theo-

1895 2425 2037 2496 phili
2067 2425 2356 2492 instinctu,
2385 2425 2923 2496 Constantinopolim
2958 2425 3260 2482 advenere.
3307 2426 3485 2482 Potis—

1896 2519 2100 2574 simum
2132 2533 2266 2574 vero
2313 2535 2515 2590 magno
2546 2519 2626 2574 illi
2675 2519 2862 2575 studio
2892 2529 3322 2586 concurrerunt,
3355 2521 3482 2590 qui-

1897 2612 2006 2668 bus
2039 2613 2095 2668 in
2121 2613 2252 2669 Asia
2277 2629 2308 2668 a
2345 2614 2556 2670 Joanne
2577 2615 2822 2684 legitime
2853 2614 3206 2685 episc0patus
3239 2615 3480 2685 adempti

1895 2706 2139 2770 fuerant,
2177 2707 2384 2777 quique
2433 2705 2487 2762 ei
2515 2707 2652 2762 alias
2680 2707 2848 2762 etiam
2868 2707 2940 2761 ob
2974 2722 3176 2763 causas
3206 2707 3481 2764 hostiliter

1897 2797 2358 2854 adversabantur.
2395 2795 2515 2852 Jam
2541 2813 2714 2854 naves
2739 2815 2958 2869 quoque
2981 2814 3118 2869 quas
3139 2797 3479 2868 'l‘heOphilus

1899 2897 2272 2958 exspectarat,
2325 2903 2396 2946 ex
2436 2887 2676 2961 ZEgypto
2735 2889 3084 2959 appulerant.
3146 2887 3326 2957 Atque
3383 2888 3478 2941 ubi

1894 2979 2244 3038 Chalcedone
2279 2980 2640 3053 Bithynorum
2671 2980 2990 3051 congregati
3024 2993 3220 3034 omnes
3279 2993 3481 3033 conve-

1898 3088 2050 3139 nere,
2102 3072 2380 3144 quomodo
2431 3087 2546 3127 rem
2599 3073 2870 3128 adversus
2925 3072 3194 3127 Joannem
3255 3069 3477 3140 aggredi

470 3158 583 3211 Ka‘t
641 3159 690 3212 οί
746 3161 848 3229 μὲν
879 3163 1172 3219 ἐπίσκοποι
1223 3166 1430 3224 τούτων
1487 3171 1795 3244 λεγομένων

1902 3166 2188 3231 deberent,
2233 3164 2642 3221 consultarunt.
2677 3163 2808 3219 Erat
2837 3176 2949 3220 tum
2980 3163 3335 3219 Chalcedone
3362 3163 3479 3230 epi-

208 3241 472 3313 ἐνὴδοντο
492 3260 508 3275 ο
537 3249 731 3316 ταχεῖα
762 3247 807 3302 δ’
837 3251 1033 3320 ἐκείνῳ
1059 3251 1167 3307 τῶν
1205 3253 1419 3320 ὕϐρεων
1448 3241 1635 3314 θεόθεν
1665 3262 1795 3330 μέτ-

210 3350 318 3388 εισι
362 3335 513 3407 δίκτμ
598 3337 657 3392 ’0
704 3339 813 3412 γὰρ
855 3343 954 3413 τῆς
1008 3345 1446 3418 Μεσοποταμίας
1493 3351 1795 3420 ἐπίσκοπος

211 3426 528 3497 Μαρουθᾶς
563 3430 713 3486 ἄκων
767 3433 997 3506 θάτερον
1024 3438 1140 3490 τοῖν
1193 3443 1374 3493 ποδοῖν
1402 3443 1498 3496 τοῦ
1552 3446 1796 3516 Κυρίνου

214 3518 524 3588 ἐπάτησεν.
561 3521 835 3586 Χαλεπῶς
857 3526 902 3578 δ’
927 3526 1140 3583 ἐκεῖθεν
1185 3529 1475 3599 διατεθεὶς,
1507 3535 1798 3605 συνδιαδῆ-

213 3625 308 3662 ναι
343 3613 462 3674 τοῖς
482 3613 692 3676 λοιποῖς
724 3616 1049 3681 ἐπισκόποις
1083 3622 1220 3691 πρὸς
1250 3623 1350 3692 τὴν
1381 3627 1796 3684 Κωνσταντὶνου

211 3701 475 3771 οὐδαμῶς
523 3703 791 3774 ἐδυνήθη·
823 3706 1029 3778 καίπερ
1083 3710 1382 3778 ἀναγκαῖος
1429 3708 1569 3767 εἰναι
1620 3717 1797 3775 δοκῶν

214 3793 364 3862 πρὸς
393 3793 493 3857 τὰς
541 3796 686 3848 κατὰ
728 3797 974 3852 Ἰωάννου
1009 3801 1330 3868 ἐπιϐουλάς.
1368 3805 1606 3861 Ἔπειτα
1658 3810 1797 3882 πρὸς

213 3885 277 3937 τὸ
333 3889 526 3958 χεῖρον
581 3890 904 3957 γενόμενος,
938 3893 1216 3964 διαφόρως
1280 3898 1384 3950 ὑπὸ
1430 3900 1542 3953 τῶν
1595 3904 1798 3973 ἰατρῶν

215 3979 546 4049 ἀπεπρίσθη
581 3981 641 4032 τὸ
672 3982 882 4045 σκέλος.
915 3985 1171 4054 Σηπεδὼν
1197 3989 1308 4059 γὰρ
1341 3991 1552 4046 ἐκεῖθεν
1605 3997 1796 4066 ἐπιγε-

216 4069 428 4138 νομένη
484 4070 547 4120 τὸ
599 4071 709 4122 πᾶν
767 4074 929 4141 σῶμα
974 4074 1188 4144 μετῄει,
1222 4078 1296 4139 ὡς
1332 4079 1428 4131 καὶ
1476 4081 1570 4136 τὸν
1607 4082 1800 4154 ἕτερον

217 4160 368 4211 πόδα
395 4160 468 4212 τὰ
495 4160 587 4212 ίσα
622 4161 815 4215 παθεῖν
844 4166 909 4234 τῇ
945 4166 1234 4233 μεταδόσει
1259 4168 1358 4222 τοῦ
1392 4171 1619 4237 πάθους.
1659 4177 1800 4230 Ἀλλ’

215 4252 246 4303 δ
299 4251 409 4320 μὲν
464 4253 525 4304 ού
565 4253 747 4324 πολλῷ
782 4253 1010 4326 ὕστερον
1053 4259 1120 4326 τῇ
1179 4259 1274 4311 τοῦ
1326 4261 1552 4327 σκέλους
1616 4267 1799 4341 πληγῇ

217 4343 488 4397 ἐτελεύτα
515 4344 609 4396 τὸν
640 4345 772 4414 βίον,
821 4347 1116 4416 ’Δρσακίου
1143 4351 1236 4402 τὸν
1277 4351 1468 4423 θρόνον
1499 4355 1799 4424 διέποντος,

217 4434 393 4542 ἀξίαν
443 4434 684 4507 ἀμοιϐὴν
729 4437 839 4494 τῶν
888 4439 1033 4493 κατὰ
1089 4439 1183 4494 τοῦ
1229 4443 1378 4496 ὁσίου
1401 4444 1613 4518 ὖσρεων
1650 4453 1802 4526 εἰλη-

221 4543 369 4595 φως.

1897 3273 2096 3328 scopus
2120 3256 2376 3328 Cyrinus,
2411 3258 2574 3329 382
2611 3257 2906 3327 Theophili
2946 3256 3248 3327 popularis,
3277 3253 3478 3324 tEgyp

1901 3351 2012 3405 tius
2042 3349 2318 3405 videlicet.
2363 3349 2466 3404 llic
2501 3350 2735 3404 multum
2781 3348 2861 3403 illi
2891 3348 3189 3419 gratiﬁcari
3237 3346 3471 3404 studuit,

1897 3443 2094 3501 Joanni
2129 3433 2566 3513 quam-maxime
2600 3440 2884 3497 inimicus.
2915 3441 3108 3510 itaque
3134 3454 3476 3510 progressus,

1898 3535 2166 3592 Joannem
2214 3533 2484 3589 conviciis
2542 3533 2839 3604 plurimum
2909 3533 3199 3604 proscidit,
3249 3533 3476 3602 impium

1898 3624 2076 3692 illum,
2107 3624 2443 3680 insolentem
2497 3634 2554 3680 et
2579 3623 2935 3680 inﬂexibilem
2966 3625 3261 3679 nominans
3295 3643 3308 3679 :
3352 3624 3476 3693 qui-

1899 3717 2005 3772 bus
2036 3717 2201 3771 dictis
2244 3716 2487 3788 episcopi
2511 3727 2641 3772 sunt
2685 3716 2963 3772 delectati.
3020 3716 3225 3771 Verum
3284 3717 3471 3775 illum,

1899 3823 2068 3878 parva
2115 3809 2492 3865 intercedente
2545 3824 2723 3873 mora,
2775 3809 2846 3863 ob
2909 3809 3140 3880 injurias
3204 3808 3474 3879 ejusmodi

1906 3901 2090 3955 divina
2150 3901 2394 3956 vindicta
2455 3911 2747 3971 persecuta
2806 3912 2914 3957 est.
2971 3902 3251 3956 Maruthas
3303 3905 3477 3967 enim,

1901 3993 2305 4062 Mesopotamia:
2321 3995 2634 4064 episcopus,
2659 3993 2981 4064 imprudens
3013 3995 3246 4048 alterum
3277 3996 3479 4064 pedum

1901 4085 2022 4156 ejus
2050 4085 2283 4142 calcavit
2311 4103 2326 4140 :
2354 4087 2505 4142 unde
2543 4087 2633 4143 ille
2705 4088 2848 4142 male
2921 4086 3127 4141 habere
3167 4088 3358 4156 coepit,
3426 4101 3482 4140 ct
3520 4154 3528 4158 _

1901 4188 2192 4250 propterea
2214 4195 2340 4235 cum
2380 4179 2610 4249 reliquis
2631 4181 2905 4251 episcopis
2943 4179 3477 4248 Constantinopolim

1903 4273 2178 4343 proﬁcisci
2211 4288 2560 4343 nequaquam
2588 4274 2790 4342 potuit,
2819 4271 3068 4342 quamvis
3099 4270 3166 4325 ad
3185 4271 3480 4326 struendas

1903 4364 2104 4420 Joanni
2141 4365 2368 4420 insidias
2396 4366 2746 4420 necessarius
2793 4379 2914 4420 esse
2939 4366 3236 4419 videretur.
3270 4363 3479 4418 Deinde

1906 4467 2091 4512 autem
2125 4473 2252 4513 cum
2285 4457 2593 4512 deteriores
2619 4459 2795 4512 multo
2829 4473 2918 4511 res
2942 4457 3062 4527 ejus
3108 4457 3324 4521 fierent,
3355 4474 3481 4510 crus

1831 4541 1876 4596 D
1905 4549 1958 4604 ei
1992 4565 2022 4604 a
2047 4548 2282 4604 medicis
2303 4549 2470 4603 etiam
2497 4558 2582 4603 est
2602 4549 3154 4612 resectum.Putredo
3181 4549 3330 4604 enim
3358 4549 3484 4606 inde

217 4633 421 4678 exorta
485 4623 560 4678 ita
593 4626 868 4698 reliquum
901 4645 1102 4700 corpus
1127 4632 1349 4699 invasit,
1378 4649 1439 4692 ut
1468 4641 1796 4710 contagione
1836 4645 2067 4700 alterum
2134 4659 2354 4716 quoque
2391 4645 2582 4701 itidem
2639 4643 2835 4715 pedem
2855 4645 3166 4715 occuparit.
3197 4645 3337 4710 Quin
3371 4659 3482 4699 non

218 4720 404 4774 multo
433 4719 602 4774 etiam
651 4731 772 4789 post
801 4739 864 4778 ea
895 4727 1011 4795 ipsa
1043 4727 1197 4799 plaga
1231 4730 1397 4784 vitam
1435 4731 1597 4799 ﬁniit,

1695 4737 1925 4805 gratiam
1995 4754 2116 4794 eam
2182 4740 2556 4805 contumeliis,
2593 4739 2796 4809 quibus
2834 4740 3010 4796 virum
3039 4750 3289 4796 sanctum
3351 4739 3483 4795 alle-

216 4820 400 4877 cerat,
435 4821 720 4881 acceptam
779 4817 980 4899 ferens.
1013 4817 1186 4889 Cujus
1239 4821 1500 4876 thronum
1541 4824 1803 4881 Arsacias
1843 4830 2054 4900 recepit
2086 4829 2188 4900 (1).

821 4931 1074 4988 ΚΕΦΑΛ.
1107 4933 1207 4990 lE'.

223 5020 372 5087 Περί
405 5018 519 5087 τῆς
563 5020 990 5090 ἀθροισθείσης
1041 5026 1189 5079 κατὰ
1226 5025 1508 5083 Ἰωάννου
1531 5032 1803 5088 συνόδου

291 5091 526 5212 eam?
565 5090 890 5159 Ῥουερίνου
910 5106 923 5121 ·
954 5095 1056 5147 καὶ
1090 5097 1170 5162 ὡς
1196 5097 1427 5167 ἐρήμην
1451 5101 1640 5154 αὐτοῦ
1665 5119 1804 5157 κατ’·

291 5177 325 5214 ε
395 5177 474 5213 κα
524 5177 571 5215 ε.

306 5275 468 5325 Ἐπεὶ
489 5274 545 5326 δέ
568 5275 663 5328 καὶ
685 5275 945 5344 Θεόφιλος
965 5279 1030 5346 τῇ
1049 5280 1463 5335 Κωνσταντίνου
1481 5282 1809 5355 διεπεραιώ-

219 5366 317 5437 θη,
349 5365 534 5429 οὐδεὶς
563 5367 675 5420 τῶν
709 5371 804 5436 τῆς
837 5371 1490 5440 Κωνσταντινουπόλεως,
1519 5373 1708 5446 ὥσπερ
1739 5378 1806 5450 ἦν

2517 4944 2743 5002 CAPUT
2773 4943 2885 5001 XV.

1910 5031 1986 5088 De
2008 5035 2205 5105 synodo
2232 5037 2301 5089 ad
2333 5036 2629 5101 basilicam,
2665 5037 2750 5088 cui
2774 5038 2968 5089 nomen
2988 5044 3103 5088 erat
3127 5033 3481 5105 Ruﬁni,con-

1983 5104 2066 5158 ινα
2098 5104 2362 5159 Joannem
2393 5114 2757 5174 congregata:
2804 5115 2854 5158 et
2896 5105 2972 5158 uti
3014 5105 3245 5158 Joannes
3290 5104 3497 5158 absens

1979 5176 2178 5229 indicta
2203 5191 2361 5229 causa
2385 5177 2452 5229 sit
2481 5178 2784 5228 damnatus.

1981 5285 2081 5342 Ubi
2110 5301 2242 5341 vero
2272 5284 2615 5355 Theophilus
2634 5285 3172 5356 ConstantinOpolim
3206 5285 3476 5354 pervenit,

1910 5395 2073 5435 nemo
2108 5380 2205 5441 illi,
2240 5395 2338 5450 pro
2380 5389 2597 5449 recepta
2641 5379 3060 5446 consuetudine,
3083 5395 3145 5434 ex
3170 5380 3483 5435 Constanti-

220 5459 377 5524 ἔθος,
407 5459 688 5530 ὕπήντητο
711 5461 1013 5532 κληρικῶν.
1031 5463 1197 5531 Δῆλος
1227 5467 1334 5533 γὰρ
1364 5461 1433 5535 ἦν
1457 5467 1512 5529 ἐς
1540 5467 1709 5538 ἄκρον
1727 5469 1795 5539 τᾷ

1907 5473 2232 5540 nopolitano
2262 5473 2412 5526 clero
2440 5473 2658 5526 obviam
2693 5473 2984 5541 processit,
3033 5473 3179 5541 quod
3219 5474 3490 5528 omnibus

220 5550 526 5622 ἐπισκόπῳ
567 5553 835 5625 δυσμενὴς
867 5554 1171 5618 καθεστώς,
1222 5556 1297 5607 Τὸ
1326 5557 1382 5608 δὲ
1421 5557 1521 5626 τῆς
1557 5558 1807 5627 Ἀλεξαν-

1908 5571 2209 5626 constaret,
2240 5563 2526 5617 inimicum
2556 5578 2681 5618 eum
2709 5563 3106 5632 episcopipsse.
3140 5565 3327 5620 Nauta-
3349 5581 3504 5617 vem-

219 5641 408 5712 δρέων
442 5645 722 5709 ναυτικὸν,
750 5646 846 5699 καὶ
877 5647 1119 5718 μάλιστα
1151 5649 1274 5702 ὅσον
1306 5647 1394 5701 διὰ
1415 5648 1517 5717 τὴν
1553 5652 1795 5721 σιτηγίακ.

1907 5653 2286 5716 Alexandrini,
2319 5664 2376 5708 et
2397 5655 2633 5709 maxime
2661 5657 2753 5726 qui
2780 5655 3115 5712 frumentum
3143 5673 3208 5712 eo
3235 5659 3478 5711 advexe.

303 5832 387 5903 (ί)
425 5831 548 5886 llaec
567 5831 729 5885 verba
771 5831 836 5886 de
865 5833 1088 5891 Arsacio
1116 5839 1258 5909 apud
1290 5841 1568 5897 Socratem
1592 5853 1642 5897 ct
1681 5847 2038 5897 Q'ur'imcn'tlll
2078 5857 2187 5896 non
2220 5841 2594 5913 reperiuntur.
2631 5868 2641 5873 -
