3930 6566
282 398 390 464 975

1210 402 1812 469 ECCLESIASTICA‘.‘
1851 410 2243 473 HISTORL’E
2287 415 2430 478 ΜΒ.
2476 413 2651 476 XIII.

3444 419 3549 483 986

281 514 415 570 ῶσθ*
444 513 551 570 ὑπὸ
588 515 911 587 περιφανῶν
945 517 1158 591 ἐχθρῶν
1206 521 1498 593 ἀνέχεσθαι
1547 525 1855 597 κρίνεσθαι.

1967 537 2170 601 tusqne
2195 531 2336 588 adeo
2367 530 2436 587 ad
2483 530 2774 588 dicendam
2833 548 3054 590 causam
3119 548 3265 598 sum,
3296 534 3342 590 si
3377 535 3548 590 modo

281 610 554 673 Χαλεπῶς
581 607 627 663 δ’
667 608 894 663 ἐκείνων
939 609 1323 677 διατεθέντων,
1359 611 1558 687 οἷάπερ
1609 619 1858 673 ἀπειθεῖν

280 701 587 770 ἐγνωκότος
608 700 817 770 ωνόδῳ
846 701 1095 774 τοιαύτῃ,
1126 701 1177 756 oi
1208 704 1308 773 μὲν
1326 706 1695 775 πεμφθέντες,
1725 710 1859 762 ούκο

279 792 364 848 ἐτι
420 790 601 846 ὀπίσω
646 793 1014 864 ἀνέστρεφον·
1045 798 1360 867 Δημήτριος
1392 799 1450 852 δὲ
1493 802 1591 853 καὶ
1618 801 1734 855 ὅσοι
1758 801 1859 872 τὴν

293 885 545 940 Ἰωάννου
556 887 844 939 συνουσίαν
865 888 966 956 τῆς
991 889 1157 959 κενῆς
1179 892 1494 961 προετίμων
1513 893 1696 963 δόξης,
1720 895 1860 964 πρὸς

279 976 373 1030 τὸν
422 977 581 1046 ἅγιον
613 977 913 1050 δπανῆκον.
965 981 1105 1034 Κατ’
1156 981 1376 1054 ἐκείνην
1406 984 1465 1037 δὶ
1510 988 1610 1055 τὴν
1635 987 1857 1057 ἡμέραν

278 1067 641 1134 ταχυγράφος
668 1065 768 1119 καὶ
796 1066 1139 1137 ταχυδρόμος
1177 1070 1243 1121 ἐκ
1274 1068 1544 1139 βασιλέως
1577 1090 1644 1126 πε
1655 1074 1860 1143 μφθέν-

278 1171 395 1221 τες,
421 1155 516 1210 τὸν
540 1157 640 1226 μὲν
667 1158 1008 1228 κατήπειγον
1038 1159 1176 1228 πρὸς
1197 1161 1294 1231 τὴν
1326 1163 1543 1216 σύνοδον
1576 1164 1856 1234 ἀπαντᾷνο

277 1248 406 1312 τοὺς
434 1248 492 1302 δὲ
528 1253 604 1319 μὴ
627 1248 892 1319 ἄχθεσθαι
926 1251 1322 1320 διαμέλλοντας
1353 1256 1482 1324 περὶ
1511 1251 1611 1327 τὴν
1636 1252 1857 1327 ἀπόφαέ

279 1355 389 1393 σιν.
443 1340 532 1404 Ὦς
573 1341 631 1393 δε
656 1340 756 1393 καὶ
794 1341 1054 1413 τετράκις
1109 1343 1334 1414 κληθεὶς
1362 1347 1463 1400 ούκ
1505 1348 1743 1417 ἀπήντα,
1781 1350 1858 1414 ὡς

276 1431 511 1501 ἐχθροὺς
550 1432 797 1496 ἐκείνους
838 1439 1370 1507 παραγραφόμενος,
1402 1439 1500 1494 καὶ
1548 1442 1859 1510 οἰκουμενι-

256 1524 384 1603 ²κὴν
426 1522 643 1576 σύνοδον
671 1526 1014 1591 ἐπεκαλεῖτο,
1050 1531 1247 1583 ἐκείνοι
1295 1532 1512 1602 ἐρήμην
1541 1531 1636 1584 τοῦ
1661 1530 1858 1604 ἀνδρὸς

262 1614 826 1684 καταψηφισάμενοι,
881 1618 1136 1672 καθεῖλον
1190 1621 1379 1684 αύτὺν,
1404 1621 1558 1676 οὐδὲν
1591 1622 1722 1676 ἀλλο
1773 1623 1860 1677 αι·-

273 1708 625 1778 τιασάμενοι,
651 1710 791 1781 πλὴν
855 1712 938 1765 ὅτι
994 1715 1254 1783 τετράκις
1286 1715 1508 1784 κληθεὶς
1556 1716 1658 1769 οὐκ
1683 1716 1861 1787 ἀπήν-

272 1815 468 1868 τησεν.

1961 619 2055 687 qui
2086 630 2438 676 accusatores
2473 621 2587 676 mei
2639 621 2773 685 sint,
2824 637 3158 694 cognovero,
3191 634 3249 679 et
3283 640 3405 694 qua:
3464 625 3543 680 illi

1961 710 2094 765 mihi
2124 713 2357 768 crimina
2424 712 2713 783 objicient,
2783 714 2937 784 prius
3001 716 3311 786 dispexero.
3378 718 3546 791 384

1959 800 2018 855 In
2036 802 2242 871 majore
2263 812 2442 858 autem
2460 804 2950 875 frequentioreque
2968 806 3178 878 synodo
3199 809 3544 878 respondere

1959 896 2258 961 constitui;
2294 911 2472 965 neque
2508 896 2655 951 en’im
2686 908 2796 951 tam
2824 913 2949 952 sum
2987 899 3276 967 stupidus,
3316 909 3376 954 ut
3425 915 3545 957 rem

1961 987 2120 1041 talem
2145 987 2442 1053 subire,,ct
2465 1000 2573 1044 tam
2603 991 3023 1046 anilestorum
3079 990 3434 1047 inimicorum
3454 992 3544 1060 ju-

1958 1078 2161 1133 dicium
2190 1080 2334 1135 ferre
2354 1082 2573 1135 velim.»
2612 1080 2863 1137 Graviter
2885 1084 2990 1137 hoc
3011 1084 3283 1154 episcopi,
3308 1085 3540 1154 perinde

1959 1179 2125 1239 atque
2160 1170 2251 1225 ille
2277 1173 2485 1242 synodo
2529 1183 2693 1229 tanta:
2729 1174 2914 1228 minus
2969 1189 3163 1244 parere
3216 1178 3543 1233 constituis-

1959 1277 2067 1325 set,
2101 1279 2388 1334 accepere.
2413 1265 2482 1320 Et
2513 1268 2605 1334 qui
2655 1267 2725 1320 ab
2754 1281 2823 1319 eo
2848 1267 3008 1336 legati
3040 1267 3282 1332 fuerant,
3333 1272 3541 1326 reversi

1958 1353 2026 1409 ad
2047 1373 2174 1412 eum
2218 1374 2330 1411 non
2358 1369 2506 1413 sunt.
2537 1358 2848 1413 Demetriud
2875 1368 3081 1423 autem,
3117 1369 3176 1415 et
3194 1362 3289 1429 qui
3319 1361 3540 1417 inanem

1959 1447 2189 1517 gloriam
2222 1459 2344 1518 post
2369 1449 2597 1505 Joannis
2633 1449 3098 1504 consuetudinem
3148 1452 3417 1512 habuere.
3469 1455 3539 1509 ad

1956 1539 2138 1595 virum
2170 1550 2425 1596 sanctum
2486 1539 2720 1597 rediere.
2751 1542 2829 1595 Eo
2862 1541 2982 1610 ipso
3035 1542 3126 1598 die
3187 1546 3448 1599 notarius
3478 1556 3537 1601 et

1959 1645 2158 1687 cursor
2181 1633 2474 1702 expeditus
2507 1633 2575 1687 ab
2603 1634 2941 1703 imperatore
2971 1635 3148 1699 missi,
3181 1635 3383 1691 Joanni
3413 1638 3540 1707 qui.

1958 1723 2085 1780 dem
2114 1733 2174 1780 ut
2211 1726 2266 1779 in
2298 1725 2570 1797 synodum
2603 1726 2840 1791 veniret,
2863 1729 3081 1783 acriore
3108 1730 3369 1784 mandato
3408 1730 3533 1799 jus-

1958 1824 2150 1871 serunt
2175 1833 2191 1872 :
2216 1817 2494 1886 episcopis
2517 1826 2725 1884 autem,
2759 1827 2820 1873 ut
2846 1819 2952 1874 sibi
2970 1822 3248 1875 sententia
3269 1818 3536 1875 dill‘errnu

274 1895 345 1990 da
385 1900 669 1971 negotium
737 1917 849 1957 non
894 1901 1253 1967 facesserent,
1297 1906 1703 1976 signiﬁcarunt.
1780 1908 1852 1966 Ut
1889 1922 2075 1967 autem
2137 1913 2229 1969 ille
2288 1923 2490 1984 quater
2516 1915 2732 1973 citatus
2786 1930 2896 1971 non
2931 1918 3264 1987 comparuit,
3320 1918 3538 1990 judith

273 1989 403 2047 illos
431 2003 489 2047 ut
519 1995 624 2051 sibi
667 1996 925 2054 inimicos
955 2000 1283 2071 exceptione
1310 2001 1670 2066 submovens,
1705 2014 1762 2059 et
1820 2006 1889 2061 ad
1929 2008 2298 2066 universalem
2329 2010 2603 2081 synodum
2671 2027 3008 2081 provocans,
3039 2014 3118 2069 illi
3155 2016 3207 2070 ei
3258 2013 3407 2084 quod
3467 2015 3533 2067 sel

269 2087 541 2158 judicium
570 2107 682 2147 non
731 2094 1022 2161 adfuisset,
1069 2098 1436 2155 condemnato
1464 2100 1845 2172 episcopatum
1880 2103 2223 2177 abrogarent
2248 2147 2265 2175 ,
2308 2108 2461 2165 nihil
2503 2107 2655 2165 aliud
2689 2110 2744 2164 ei
2808 2108 3160 2182 objicientes,
3185 2122 3352 2182 quam
3374 2107 3532 2181 quod

277 2191 478 2252 quater
504 2193 788 2254 evocatus,
822 2190 1037 2260 judicio
1067 2205 1126 2247 se
1153 2206 1267 2247 non
1311 2192 1566 2252 stitisset.

878 2303 1130 2359 ΚΕΦΑΛ.
1166 2306 1286 2374 ις’.

275 2390 453 2472 Περὶ-
473 2391 590 2472 τῆς
641 2392 954 2472 Ἰωάννου-
981 2398 1273 2472 προτέρας
1315 2390 1579 2472 ἐξορίας,
1609 2400 1706 2456 καί
1743 2401 1855 2472 τῆς

346 2463 456 2540 τοῦ
516 2461 718 2540 δήμου
761 2461 1123 2540 παταόοῆς·Δ
1157 2461 1267 2522 καὶ
1312 2461 1610 2540 dicenda",
1668 2461 1858 2528 πάλὶῦ

346 2531 620 2602 ἐπανῆκε
646 2531 727 2597 τῷ
753 2535 965 2621 θρόιξρ,
999 2531 1249 2607 ἐίρήνην
1275 2531 1541 2596 ἐπειπὼν
1565 2531 1645 2608 τῶ
1673 2543 1827 2610 λαῷ.

358 2717 521 2772 Ἐπεὶ
568 2718 624 2772 δὲ
656 2717 717 2772 τὸ
768 2718 979 2790 πλῆθος
1011 2719 1112 2790 τῆς
1139 2721 1558 2777 Κωνσταντίνου
1588 2725 1717 2795 περὶ
1746 2725 1857 2780 δεί-

274 2811 380 2881 λην
440 2810 601 2880 ὀψίαν
633 2810 776 2880 ἔγνω
820 2811 884 2864 τδ
941 2812 1190 2880 γεγονὸς,
1226 2813 1423 2884 ἀθρόον
1463 2817 1609 2887 πρὸς
1664 2820 1855 2873 στάσιν

280 2905 553 2975 μεγίστην
584 2904 859 2974 ἀνήπτετο
883 2919 896 2933 ·
929 2906 1025 2960 καὶ
1046 2905 1147 2974 τὴν
1183 2907 1483 2976 ἐκκλησίαν
1514 2910 1853 2964 καταλαϐόν-

276 3013 394 3059 τες,
430 2997 658 3049 πλείστά
685 3010 745 3048 τε
768 2996 904 3050 ἄλλα
944 2997 1278 3067 ἀνέκραγον,
1311 3002 1407 3053 καὶ
1432 3003 1523 3055 τὸν
1543 3002 1854 3073 κρατοῦντα

274 3088 737 3159 διελοιδοροῦντο·
768 3090 862 3142 καὶ
905 3090 981 3152 ῶς
1008 3090 1120 3143 δέοι
1151 3093 1361 3161 μείζονι
1401 3094 1605 3165 συνόδῳ
1637 3097 1858 3166 ἐπιτρέ-

275 3198 410 3255 πειν
431 3181 505 3235 τὰ
542 3183 666 3236 κατ’
705 3182 870 3239 αύτίν
899 3185 997 3238 καὶ
1032 3187 1140 3248 τοῖς
1170 3187 1231 3237 ὲκ
1254 3185 1525 3256 βασιλέως
1551 3190 1854 3260 πεμφθεῖσι

277 3274 573 3330 καθέλκειν
595 3275 687 3329 τοῦ
716 3276 906 3347 θρόνου
940 3278 1203 3346 γενναίως
1231 3281 1553 3336 ἀνθίσταντο
1571 3297 1586 3311 ·
1618 3284 1718 3337 καὶ
1738 3284 1854 3339 διαο

274 3368 718 3437 νυκτερεύοντες,
745 3370 827 3434 είς
855 3370 1074 3442 ὲξορίαν
1101 3372 1414 3441 ἀπάγεσθαι
1446 3374 1698 3446 οὐδαμῶς
1718 3377 1857 3477 ξυν-

273 3461 545 3533 εχώρουν.
589 3461 651 3516 Ὀ
696 3462 755 3516 δὲ
798 3464 1054 3536 Ἰωάννης
1083 3466 1267 3527 δείσας
1302 3467 1375 3539 μή
1408 3483 1463 3521 τι
1503 3461 1854 3542 ἔτερονῚγ-

273 3554 470 3623 κλημα
526 3554 856 3628 προσπλακῇ
891 3556 1093 3629 τούτῳ,
1128 3559 1161 3629 ἦ
1197 3559 1270 3621 ὡς
1310 3560 1646 3630 θεσπίσματι
1700 3563 1857 3634 βασι-

2548 2307 2780 2365 CAPUT
2820 2306 2961 2363 XVI.

1957 2396 2037 2457 De
2073 2402 2251 2474 priore
2288 2399 2515 2474 Joannis
2558 2403 2765 2467 exsilio,
2799 2401 3079 2472 populique
3107 2402 3168 2455 ob
3196 2402 3254 2456 id
3286 2405 3536 2461 concitati

2025 2473 2355 2527 tumultuoso
2402 2473 2637 2526 clamore
2666 2488 2686 2526 :
2715 2484 2764 2527 et
2814 2484 2871 2526 ut
2909 2474 3104 2526 invitus
3148 2474 3326 2527 sedem
3379 2490 3537 2530 suam

2027 2545 2309 2614 receperit,
2339 2560 2521 2613 pacem
2550 2552 2711 2615 atque
2748 2544 3155 2598 benedictionem
3191 2545 3384 2613 papula
3414 2563 3536 2617 prc-

2026 2622 2200 2670 catus.

2025 2729 2191 2785 Plebs
2215 2728 2829 2800 Constantinopolitano
2857 2728 2951 2784 ubi
2977 2727 3206 2785 circiter
3236 2745 3536 2801 crepuscu~

1954 2824 2067 2878 lam
2115 2822 2321 2878 factum
2358 2823 2464 2878 hoc
2499 2823 2745 2888 rescivit,
2777 2822 2846 2877 ad
2896 2822 3193 2877 tumultum
3231 2824 3529 2878 maximum

1954 2914 2212 2977 excitata,
2245 2920 2409 2982 atque
2437 2912 2728 2969 ecclesiam
2763 2912 3038 2984 ingressa,
3072 2927 3200 2971 cum
3234 2914 3551 2983 quampln-l

1958 3007 2095 3061 rima
2139 3004 2243 3058 alia
2276 3005 2442 3059 verba
2487 3004 2788 3060 vociferata
2834 3015 2943 3071 est,
2981 3014 3095 3059 tum
3138 3005 3529 3075 imperatorem

1955 3097 2225 3153 conviciis
2252 3095 2542 3167 proscidit,
2574 3106 2633 3151 et
2667 3111 2890 3152 causam
2924 3112 3047 3153 eam
3077 3098 3275 3168 majori
3318 3098 3531 3170 synodo

1954 3183 2406 3246 committendam
2450 3203 2575 3244 esse
2621 3189 2858 3245 censuit.
2908 3188 3004 3246 Eis
3035 3189 3279 3262 denique
3312 3193 3407 3262 qui
3457 3194 3529 3248 ab

1955 3279 2293 3350 imperatore
2324 3287 2384 3335 ut
2415 3278 2571 3334 illum
2604 3279 2806 3334 throno
2835 3296 2936 3335 suo
2962 3280 3342 3345 detraherent,
3374 3284 3528 3339 missi

1955 3373 2198 3438 fuerant,
2234 3372 2453 3427 fortiter
2479 3371 2684 3428 restitit
2720 3389 2735 3426 :
2766 3378 2935 3442 atque
2965 3372 3043 3428 ibi
3086 3383 3437 3443 pernoctans,
3471 3376 3527 3430 in

1957 3466 2220 3521 exsilium
2280 3465 2552 3520 Joannem
2596 3464 2796 3521 abduci
2856 3480 2966 3521 non
3030 3468 3304 3537 permisit.
3357 3467 3530 3522 Porro

1954 3559 2215 3626 Joannes,
2262 3573 2334 3612 ne
2381 3557 2517 3627 quid
2550 3556 2782 3613 alterius
2817 3558 3067 3614 criminis
3098 3559 3148 3614 ei
3194 3559 3529 3629 impingere-

272 3646 418 3718 λικῷ
470 3649 919 3721 ἀντιπράττοντι,
982 3654 1016 3722 ἢ
1069 3654 1145 3717 ὡς
1198 3654 1292 3707 τὸν
1344 3656 1517 3727 δῆμον
1547 3657 1628 3721 είς
1663 3659 1853 3712 στάσιν

1960 3663 2068 3719 tur,
2106 3654 2253 3723 quod
2303 3653 2390 3708 vel
2434 3662 2632 3707 contra
2661 3652 3005 3723 imperialem
3042 3654 3347 3725 jussionem
3383 3655 3529 3711 veni-

273 3739 662 3811 διερεθίζοντι,
694 3743 920 3812 ἡμερῶν
949 3746 1121 3815 τριῶν
1156 3746 1297 3814 μετὰ
1324 3747 1424 3818 τὴν
1470 3749 1855 3820 καταψηφισιν

272 3833 699 3904 διαγενομένων,
732 3839 864 3907 περὶ
913 3838 1268 3911 μεσημϐρίαν
1301 3843 1604 3913 διασπαρὲν
1634 3843 1694 3897 τδ
1720 3844 1857 3916 πλῆ-

273 3926 370 3987 θος
404 3927 542 3980 ὅπου
582 3927 645 3997 δή
678 3928 800 3981 ποτ’
830 3931 923 3983 ἐπὶ
954 3931 1024 3984 τὰ
1053 3933 1292 4003 σφέτερα
1325 3932 1455 4004 ἢθη,
1493 3934 1675 3989 λαθὼν
1710 3936 1856 3989 ὲκεί-

272 4035 427 4085 νους,
487 4021 601 4083 τοῖς
654 4021 965 4089 ἀπάγουσιν
1013 4022 1302 4078 ἐκδῗδωσιν
1355 4024 1573 4089 ἑαυτὸν,
1631 4029 1696 4080 ἐκ
1744 4026 1857 4080 τῶν

272 4105 431 4177 ἑῴων
464 4107 686 4178 ἀπάρας
740 4109 946 4166 πυλῶν.
986 4112 1096 4165 Καὶ
1155 4114 1352 4182 πρῶτα
1375 4117 1436 4168 τὸ
1467 4115 1607 4186 πρὸς
1631 4116 1710 4186 τῷ
1736 4117 1857 4169 στόι

273 4217 414 4271 ματι
436 4199 533 4256 τοῦ
566 4201 770 4255 Πόντου
825 4205 1085 4274 κείμενον
1135 4206 1440 4261 κατέλαϐεν
1469 4208 1613 4280 ἱερόν
1634 4223 1652 4242 ο
1712 4209 1856 4263 οὕτω

269 4293 389 4364 γὰρ
430 4293 492 4346 rb
527 4292 766 4347 ἐπίνειον
812 4297 992 4349 ἐκεῖνο
1044 4297 1336 4352 καλεῖται·
1395 4298 1588 4353 ἔπειτα
1635 4299 1725 4353 διὰ
1754 4302 1854 4369 τῆς

267 4387 522 4440 Βιθυνῶν
574 4384 759 4457 ἤγετο.
791 4387 1060 4453 Χαλεπῶς
1107 4390 1165 4442 δὲ
1212 4390 1274 4444 τὸ
1308 4391 1512 4461 πλῆθος
1541 4392 1729 4463 ἔφερε,
1758 4395 1855 4448 καὶ

265 4478 467 4537 δεινῶς
516 4477 846 4543 ὲστασίαζεο
897 4479 1120 4551 βασιλέα
1150 4497 1209 4533 τε
1262 4480 1565 4546 ἔσκωπτον,
1616 4482 1752 4551 πρὸς
1796 4482 1851 4535 δὲ

266 4573 368 4626 καὶ
404 4571 740 4641 Σευηριανὸν
786 4573 881 4626 καὶ
934 4573 1198 4642 Θεόφιλον
1225 4590 1241 4607 ο
1274 4576 1443 4644 ἄμφω
1502 4575 1558 4627 δὲ
1621 4575 1853 4646 ἁρχηγὼ

267 4666 376 4733 τῆς
411 4664 536 4719 κατ’
588 4666 800 4720 ἑκείνου
854 4660 999 4738 ἦσαν
1029 4666 1361 4736 ἐπιϐουλῆς·
1395 4666 1493 4719 καὶ
1539 4667 1741 4737 μᾶλλον
1771 4668 1854 4721 ὅτι

269 4760 370 4814 καὶ
397 4759 735 4835 Σευηριανὸς
767 4759 1067 4828 τηνικαῦτα
1100 4758 1189 4812 ἐπ’
1219 4760 1519 4828 ἐκκλησίας
1560 4760 1849 4824 διδάσκων,

271 4849 468 4921 ἐπῄνει
497 4847 570 4911 ῶς
603 4847 820 4903 δικαίαν
850 4849 951 4920 τὴν
993 4849 1244 4903 Ἰωάννου
1272 4849 1620 4921 καθιίρεσιν,
1654 4852 1850 4913 είπὼν,

277 4960 298 4994 ι
341 4942 404 4995 El
441 4943 541 4996 καὶ
585 4942 753 5013 μηδὲν
778 4941 909 4996 ἀλλο
948 4941 1174 5013 Ἰωάννῃ
1208 4942 1425 5011 προσῆν
1468 4942 1723 5013 ἔγκλημα
1749 4948 1851 5014 την

1959 3752 2064 3807 ret,
2096 3743 2184 3798 vel
2229 3743 2493 3813 pepulum
2526 3742 2594 3796 ad
2645 3743 2975 3797 seditionem
3013 3752 3409 3806 commoveret,
3458 3744 3532 3798 ti-

1956 3851 2137 3903 mens,
2165 3836 2341 3891 tribus
2371 3851 2401 3889 a
2436 3836 2897 3891 condemnatione
2928 3837 3125 3893 diebus
3142 3837 3365 3908 elapsis,
3384 3846 3534 3907 post—

1956 3942 2121 3998 quam
2147 3926 2444 3983 multitudo
2469 3928 2615 3981 cirea
2640 3926 2925 3981 meridiem
2957 3927 3230 3998 dispersa,
3254 3929 3394 3985 alius
3419 3928 3529 3982 alio

1957 4019 2013 4074 in
2044 4018 2384 4073 domicilium
2435 4031 2597 4072 suum
2643 4032 2704 4072 se
2738 4018 2990 4085 contulit,
3038 4019 3165 4074 illos
3218 4019 3415 4073 fallens
3467 4033 3527 4074 se

1956 4127 2146 4168 eorum
2180 4109 2459 4179 potestati,
2496 4110 2590 4178 qui
2620 4124 2748 4163 eum
2778 4109 3116 4165 abducerent
3152 4110 3401 4178 permisit
3425 4128 3444 4167 :
3472 4119 3529 4165 et

1955 4212 2114 4274 porta
2138 4201 2405 4258 Orientali
2432 4216 2713 4271 egressus.
2747 4199 2985 4269 primum
3016 4202 3082 4255 ad
3112 4201 3166 4256 id
3194 4200 3340 4272 quod
3374 4204 3439 4254 ad
3468 4215 3533 4254 os

1954 4294 2114 4350 Ponti
2141 4294 2308 4348 situm
2337 4303 2445 4357 est,
2478 4291 2649 4362 ἱερὸν,
2697 4290 2806 4345 hoc
2848 4298 2959 4355 est,
3003 4304 3221 4346 sacrum
3253 4291 3349 4361 (ita
3379 4290 3531 4344 enim

1955 4385 2122 4440 statio
2178 4383 2403 4439 navium
2460 4384 2556 4438 illa
2610 4381 2894 4452 vocatur),
2950 4382 3124 4448 venit,
3182 4381 3386 4438 deinde
3435 4396 3532 4451 per

1955 4474 2266 4547 Bithyniam
2300 4478 2498 4530 ductus
2519 4482 2625 4529 est.
2650 4471 2944 4528 Multitudo
2968 4471 3074 4527 hoc
3098 4471 3327 4528 moleste
3360 4472 3532 4536 ferre,

1954 4572 2197 4639 graviter
2260 4567 2616 4633 tumultuari,
2684 4567 3076 4636 imperatorem
3137 4566 3534 4637 perstringere,

1954 4672 2060 4715 nec
2108 4658 2294 4713 minus
2343 4658 2705 4712 Severianum
2754 4666 2812 4713 et
2858 4655 3228 4728 Theophilum
3266 4659 3535 4712 conviciis

1952 4752 2333 4825 proscindere.
2375 4753 2552 4807 Ambo
2595 4753 2743 4809 enim
2794 4751 3124 4809 insidiarum
3173 4752 3254 4808 illi
3291 4762 3532 4806 ειιυειεο

1954 4861 2077 4900 rum
2108 4855 2363 4900 auctores
2408 4853 2570 4898 erant
2604 4860 2620 4900 :
2651 4842 2817 4914 385
2861 4845 3136 4913 praecipue
3185 4842 3331 4912 quod
3367 4841 3534 4897 Seve-

1952 4941 2143 4993 rianus
2185 4938 2244 4993 iu
2290 4937 2522 4993 ecclesia
2573 4946 2689 4994 tum
2734 4938 2966 5001 docens,
3014 4935 3531 4990 condemnationem

270 5008 603 5100 καθαίρεσιν
647 5008 963 5101 ’σχεδιάζοη
1019 5008 1173 5083 αὑτά-
1203 5008 1267 5098 γε
1328 5031 1437 5101 μὴν
1488 5008 1552 5085 τὸ
1607 5008 1850 5095 ἀλαζόνα

1960 5031 2181 5088 Ioannis
2230 5041 2492 5101 tanquam
2522 5029 2727 5099 justam
2772 5027 3081 5082 laudabat:
3122 5044 3141 5077 ι
3175 5025 3406 5080 Etiamsi
3444 5023 3531 5078 ni-

271 5120 418 5176 είναι
443 5123 637 5192 ἀρκεῖν
663 5134 679 5151 ο
720 5121 789 5175 τὰ
821 5120 921 5192 μὲν
950 5122 1060 5191 γὰρ
1101 5122 1239 5178 ἄλλα
1271 5122 1384 5177 τῶν
1425 5122 1850 5194 ἁμαρτημάτων

1960 5125 2034 5179 hil
2062 5124 2213 5180 aliud
2258 5122 2509 5179 criminis
2538 5128 2709 5187 esset,
2739 5118 3103 5189 quamobrem
3151 5118 3225 5172 ita
3271 5117 3533 5173 celeriter

270 5212 336 5266 τὸ
388 5212 538 5266 θεῖον
574 5213 688 5275 τοῖς
719 5210 1031 5285 ἀνθρώποις
1065 5212 1332 5284 ἀφίησιν
1393 5214 1557 5279 αὐτὸς
1609 5213 1669 5268 δὲ
1714 5214 1852 5280 Θεὸς

1960 5216 2190 5274 Ioannes
2216 5223 2609 5271 exauctoratus
2635 5219 2804 5278 esset,
2860 5210 3110 5265 sufﬁcere
3144 5219 3325 5264 tamen
3354 5224 3530 5264 unum

272 5306 387 5368 τοῖς
429 5304 811 5376 ὑπερηφάνοις
870 5305 1173 5375 προφανῶς
1230 5306 1640 5373 ἀντιτάσσεται,
1692 5306 1769 5370 ὡς
1816 5307 1851 5377 ἡ

1960 5308 2081 5376 hoc,
2096 5309 2310 5373 dicens,
2340 5306 2491 5379 quod
2514 5307 2788 5376 superbus
2812 5310 2869 5359 et
2900 5301 3142 5358 insolens
3164 5312 3308 5357 esset
3338 5318 3354 5357 :
3381 5301 3530 5372 quod

273 5396 398 5451 θεία
429 5396 580 5465 λέγει
610 5396 825 5468 Γραφῇ.
880 5413 902 5448 ι
962 5395 1183 5452 Τούτων
1228 5399 1567 5469 εἰρημένων,
1614 5399 1854 5470 ὲνεμέσα

1960 5402 2061 5458 lia
2108 5401 2332 5473 quidem
2386 5399 2590 5457 delicta
2642 5399 2786 5455 Deus
2832 5396 3151 5454 hominibus
3198 5395 3531 5458 remitteret,

278 5487 486 5558 μᾶλλον
543 5488 613 5541 τὰ
665 5488 887 5559 πλήθη,
947 5490 1046 5543 καὶ
1102 5491 1202 5559 τὴν
1256 5489 1429 5562 ὀργὴν
1484 5490 1852 5555 ἀνεκαίνιζεν.

278 5581 522 5650 ’Δσχετα
566 5580 615 5633 δ’
656 5580 951 5646 ἐστασίαζε
981 5595 995 5610 ·
1047 5581 1143 5635 κοιλ⁵
1177 5580 1291 5635 οὔτ’
1334 5584 1590 5653 ἀγοραῖς,
1643 5582 1758 5636 οὔτ’
1794 5585 1854 5638 ὲν

274 5672 603 5744 ἐκκλησίαις
635 5673 885 5744 ἠνείχετο
915 5676 1166 5746 ἠρεμεῖν.
1209 5677 1503 5749 Ὀδυρμοίς
1523 5678 1579 5731 δὲ
1608 5679 1699 5731 καὶ
1730 5678 1853 5731 ὀλο-

274 5767 474 5836 λυχαῖς
507 5767 605 5820 σὺν
651 5764 905 5837 δεήσεσιν
935 5769 1065 5838 ἄχρι
1097 5770 1193 5822 καὶ
1226 5769 1333 5823 τῶν
1368 5769 1661 5839 βασιλείων
1690 5771 1859 5841 ἠκον-

277 5877 393 5930 τες,
421 5859 523 5932 τὴν
550 5857 854 5930 ἀνάκλησιν
880 5861 973 5916 τοῦ
1012 5862 1269 5933 ποιμένος
1300 5860 1524 5934 ἐξῄτουν
1543 5879 1557 5896 ·
1594 5862 1688 5917 καὶ
1722 5862 1854 5917 ἰδεῖν

1956 5494 2346 5564 arrogantibus
2380 5501 2565 5548 autem
2601 5490 2894 5547 manifeste
2925 5489 3229 5553 resisteret,
3260 5488 3533 5558 quemad-

1957 5587 2183 5642 modum
2232 5601 2390 5643 sacra
2440 5594 2740 5642 testaretur
2790 5584 3095 5654 Scriptura.
3131 5599 3153 5634 ι
3200 5580 3299 5636 llis
3347 5583 3417 5635 ab
3463 5595 3534 5635 eo

1955 5676 2142 5732 verbis
2172 5677 2354 5743 dictis,
2389 5678 2626 5748 pepulus
2667 5676 2841 5747 magis
2869 5677 3032 5730 etiam
3064 5674 3269 5730 factum
3306 5683 3533 5744 propter

1956 5769 2076 5840 ejus
2106 5770 2485 5841 indignitatem
2515 5768 2890 5839 reprehendit,
2929 5768 3178 5839 iramque
3221 5762 3529 5821 renovavit.

1956 5862 2025 5919 Et
2061 5862 2300 5918 tumultu
2351 5863 2557 5935 ingenti
2599 5869 2896 5933 commoto,
2954 5860 3205 5917 homines
3256 5871 3436 5930 neque
3471 5858 3526 5912 in
