4006 6562
408 402 512 464 987

1631 423 2047 485 NlCEl’llOlil
2097 421 2434 483 GALLIS'I‘I

3549 420 3653 481 983

409 516 533 570 foro
585 533 760 589 neque
817 520 871 574 in
913 522 1133 592 templis
1179 526 1330 579 taciti
1378 542 1499 582 esse
1536 540 1854 598 potuerunt,
1892 534 1978 588 sed

2095 535 2301 584 ἐκεῖνον
2353 529 2560 599 σφόδρα
2609 526 2846 594 ἐφίεντο,
2901 522 2960 576 οὖ
3021 523 3116 592 τῆς
3145 522 3358 593 γλώττη
3426 526 3654 580 uallaui-

408 609 699 676 questibus
730 624 894 681 atque
943 615 1198 669 lamentis
1229 632 1352 670 cmn
1403 623 1658 686 pret'ihus
1696 625 1875 678 mistis
1915 627 1981 679 ad

412 702 752 768 imperialem
813 704 1038 758 domum
1105 711 1402 776 progressi.
1465 715 1704 779 pastoris
1763 731 1984 771 revoca-

409 791 618 846 tionetn
669 794 1004 862 flagitarunt,
1039 815 1277 868 eumque
1310 803 1496 857 videre
1529 820 1858 876 magnOpere
1889 811 1984 865 de-

408 882 739 947 siderarunt,
778 903 841 940 ex
887 893 1044 956 cujus
1073 905 1166 943 ore
1214 893 1462 960 quotidie
1510 912 1737 952 aureum
1792 905 1874 971 (ut
1907 902 1981 956 ita

408 972 612 1041 dicam)
651 976 736 1028 lac
785 977 1126 1036 hausissent.
1176 982 1240 1036 lit
1289 984 1431 1050 quod
1464 1001 1606 1055 smpe
1654 990 1772 1042 fieri
1819 992 1980 1057 solet,

407 1072 518 1112 non
553 1062 711 1128 pauci
742 1065 835 1132 qui
883 1065 1069 1119 hostili
1102 1085 1227 1138 erga
1269 1086 1394 1123 eum
1424 1084 1583 1128 crant
1611 1079 1818 1145 animo,
1852 1097 1984 1136 sen-

407 1151 577 1203 tentia
607 1164 834 1216 mutata,
867 1159 1239 1226 sycophantiis
1269 1163 1444 1216 virum
1475 1183 1602 1220 eum
1631 1172 1810 1239 expeti
1838 1174 1982 1227 aflir-

411 1255 658 1306 marnnt,
717 1246 877 1314 cujus
931 1250 1093 1316 paulo
1157 1262 1284 1305 ante
1348 1256 1760 1327 abrogationem
1815 1281 1979 1334 quam

409 1335 648 1390 maxime
709 1341 1159 1408 concupit-erant.
1229 1347 1468 1403 Proinde
1540 1352 1724 1419 plures
1789 1368 1980 1414 contra

409 1425 796 1496 imperatorem
841 1442 898 1485 et
941 1435 1211 1502 synodum
1263 1447 1427 1505 atque
1479 1441 1625 1510 ipsos
1669 1445 1976 1516 episcopos,

407 1514 462 1568 in
511 1519 704 1586 primis
764 1537 894 1575 vero
951 1524 1215 1580 adversus
1269 1529 1634 1601 Theophilum
1686 1514 1976 1596 vociferati

405 1621 556 1665 sunt.
589 1611 783 1666 Latere
809 1617 954 1668 enim
986 1617 1030 1669 is
1059 1633 1182 1670 cum
1212 1619 1452 1677 sinistris
1477 1625 1976 1688 machinationibus

402 1704 541 1769 suis,
583 1715 806 1775 propter
836 1711 1007 1764 multa
1051 1712 1338 1767 manifesta
1373 1716 1595 1782 indicia,
1631 1736 1738 1774 non
1771 1726 1970 1790 potuit.

403 1793 590 1862 Itaque
624 1797 866 1865 Angusta
919 1800 1056 1868 ipsa,
1109 1805 1296 1872 pepuli
1342 1809 1596 1874 precibus
1641 1825 1886 1877 exorata,
1916 1826 1973 1870 et

2094 643 2246 692 στην.
2306 625 2380 685 ὼς
2437 623 2634 685 είπεῖν,
2693 619 2755 671 to
2804 616 3042 685 χρυσοῦν
3096 617 3276 668 έκεῖνο
3320 617 3462 683 γάλα
3519 613 3656 686 ἦσαν

2089 714 2450 782 ἀμέλγοντες.
2485 705 2587 762 Οἷα
2641 709 2697 761 δὲ
2756 705 2904 774 φιλεῖ
2930 707 3192 768 πολλάκις
3243 708 3512 772 γίνεσθαι,
3564 709 3658 760 καὶ

2090 801 2275 855 πολλοὶ
2303 801 2414 854 τῶν
2438 801 2576 866 πρὸς
2629 799 2840 852 ἐκείνου
2876 796 3338 866 ἀπεχθννομένων
3389 797 3656 864 μετασαλο

2086 895 2326 962 λόμενοι,
2395 889 2854 959 συκοφαντεῖσθαι
2884 889 2974 940 τὸν
3021 888 3191 956 ἄνδρα
3238 887 3653 957 διισχυρίζοντο,

2085 980 2146 1039 οὗ
2172 984 2369 1055 μικρὸν
2399 982 2634 1052 πρόσθεν
2657 982 2754 1051 τῆς
2777 980 3154 1050 καθαιρέσεως
3181 980 3397 1047 μάλιστ’
3421 980 3652 1048 ἐφίεντο.

2084 1079 2186 1132 Διά
2213 1093 2295 1128 τοι
2329 1074 2507 1128 ταῦτα
2558 1077 2652 1127 καὶ
2710 1073 2932 1134 πλείους
2979 1066 3120 1141 ἦσαν
3149 1073 3200 1123 oi.
3245 1069 3656 1139 κατασοώμενοι

2082 1169 2177 1221 τοῦ
2205 1185 2265 1220 τε
2298 1166 2629 1237 κρατοῦντος
2653 1166 2748 1218 καὶ⁵
2775 1164 2874 1232 τῆς
2906 1163 3130 1216 συνόδου
3162 1162 3258 1214 καὶ
3295 1162 3405 1214 τῶν
3431 1163 3655 1214 ὲπισκὸς

2085 1277 2224 1321 πων,
2265 1259 2358 1310 καὶ
2403 1257 2639 1328 μάλιστα
2667 1255 2967 1323 Θεοφίλου·
3019 1252 3268 1306 λανθάνει
3315 1252 3425 1320 γὰρ
3477 1250 3655 1303 οὐκέτ’

2081 1349 2196 1413 οἷός
2225 1368 2286 1404 τε
2315 1347 2406 1420 ἦν,
2453 1349 2530 1412 ὠς
2559 1351 2621 1402 ἐκ
2649 1349 2860 1402 πολλῶν
2891 1347 3209 1416 τεκμηρίων
3255 1347 3552 1400 ἐδείκνυτο.
3593 1343 3652 1398 'H

2081 1442 2212 1513 γοῦν
2265 1443 2478 1513 βασιλὶς
2533 1443 2921 1511 δυσωπηθεῖσα
2982 1444 3048 1510 τῇ
3098 1438 3193 1491 τοῦ
3253 1438 3428 1505 δήμου
3473 1435 3655 1506 δεήσει

2081 1535 2175 1585 καὶ
2221 1531 2300 1600 τῷ
2336 1532 2556 1600 νύκτωρ
2601 1528 2980 1596 ὲπιγενομένῳ
3033 1525 3265 1594 σεισμῷ,
3313 1525 3494 1578 πείθει
3541 1527 3651 1577 Em-

2079 1624 2270 1678 νεῦσαι
2297 1623 2386 1675 τὸν
2408 1621 2576 1690 ἄνδρα
2605 1620 2697 1673 τὸν
2750 1620 2898 1672 ὅσιον
2946 1619 3202 1687 ἀγαγεῖν.
3243 1617 3354 1670 Καὶ
3381 1616 3447 1684 δὴ
3488 1615 3650 1683 Βρίσ-

2079 1732 2222 1768 σωνα
2248 1715 2340 1766 τὸν
2377 1716 2516 1784 αὐτῇ
2549 1713 2740 1765 πιστὸν
2767 1711 2896 1766 ὄντα
2924 1707 3315 1778 θαλαμηπόλον
3346 1707 3635 1776 πέμψασα,

2077 1809 2141 1860 ὲκ
2179 1808 2478 1875 [Ιραινέτου
2502 1806 2593 1858 τὸν
2621 1809 2775 1872 ᾶγιον
2824 1804 3112 1871 ἐπανάγει,
3147 1800 3327 1854 ἀθῶον
3373 1796 3514 1852 εἶναι
3549 1802 3653 1853 τῶν

404 1895 720 1941 terraemotu
761 1889 854 1956 qui
907 1901 1070 1944 noctu
1122 1893 1301 1948 factus
1337 1896 1515 1952 fuerat
1564 1901 1826 1970 adducta,
1861 1910 1977 1959 viro

2082 1900 2203 1952 κατ’
2243 1897 2410 1951 αὑτοῦ
2465 1898 2917 1968 σκαιωρηθέντων
2955 1892 3433 1964 διαμηνυσαμένη,
3482 1893 3654 1958 ὲπαγο

402 1992 504 2028 suo
533 1981 850 2046 persuadet,
887 1993 946 2036 ut
977 1987 1152 2040 sancti
1190 1987 1294 2041 viri
1339 1991 1674 2046 resdtutioni
1721 2008 1929 2053 annuat
1961 2018 1979 2054 :

401 2080 457 2122 et
511 2070 741 2126 Urisoue
795 2073 1062 2130 fidissimo
1113 2080 1452 2134 cubicularin
1498 2099 1600 2136 suo
1649 2087 1858 2153 misso,
1913 2107 1980 2144 ex

403 2161 653 2217 Prteneto
685 2165 946 2236 Bthynia:
975 2170 1247 2238 emporio,
1276 2188 1343 2227 ex
1381 2174 1614 2232 adverso
1644 2177 1980 2236 Nicomedia:

400 2257 533 2318 sito,
561 2255 824 2310 Joannem
861 2260 1102 2326 reduxit,
1133 2263 1433 2320 immunem
1470 2284 1528 2321 se
1562 2277 1618 2322 et
1650 2271 1883 2326 alienam
1910 2275 1980 2328 ab

403 2349 625 2404 insidiis
653 2362 844 2406 contra
877 2352 1028 2407 illutn
1055 2357 1282 2411 structis
1311 2374 1433 2413 esse
1463 2359 1748 2418 testificata
1775 2380 1787 2414 ε
1816 2376 1982 2435 atque

402 2443 628 2511 insuper
691 2457 817 2496 eum
880 2444 950 2498 de
997 2456 1192 2500 caetero
1243 2463 1300 2501 se
1365 2459 1422 2502 ut
1473 2453 1812 2507 sacerdotem
1861 2457 1977 2521 Dei,

398 2533 814 2604 liberorumque
851 2553 1076 2590 suorum
1123 2538 1174 2591 in
1223 2540 1386 2594 rebus
1428 2542 1632 2595 divinis
1666 2544 1976 2613 doctorem,

399 2629 492 2696 qui
550 2643 647 2697 per
685 2629 931 2682 divinum
989 2630 1268 2684 lavacrum
1311 2632 1455 2686 sacri
1508 2646 1698 2703 partus
1745 2653 1874 2691 cum»
1912 2654 1977 2694 ea

398 2721 720 2774 societatem
761 2731 926 2790 atque
963 2724 1403 2779 communionem
1458 2726 1666 2791 inierit,
1706 2731 1976 2784 reveritu-

401 2827 519 2866 ram
551 2828 671 2866 esse
706 2814 966 2882 pollicita.
995 2813 1235 2872 Joannes
1273 2831 1551 2884 reversus,
1583 2822 1687 2874 sub
1721 2826 1878 2889 urbe,
1908 2823 1974 2878 ad

401 2906 714 2963 transitum.
751 2905 801 2956 in
838 2906 1076 2972 regione’
1095 2923 1216 2974 qua:
1245 2907 1502 2962 Marianae
1539 2911 1763 2973 dicitur,
1799 2929 1980 2967 mora-

398 3003 489 3046 tus
522 3005 604 3047 est
639 3013 650 3046 :
684 3009 862 3063 neque
892 3005 1016 3047 ante
1049 2994 1444 3064 frequentioris
1472 3000 1668 3068 synodi
1697 3001 1970 3071 discepta-

402 3085 608 3139 tionem
660 3096 825 3155 atque
859 3087 1133 3156 judicium
1173 3090 1363 3141 urbem
1415 3090 1630 3160 ingredi
1667 3094 1862 3159 voluit,
1918 3105 1976 3149 ut

400 3179 693 3234 manifesto
724 3196 983 3248 apparere
1092 3197 1191 3253 per
1245 3180 1499 3251 injuriam
1552 3184 1740 3254 inique
1769 3187 1819 3240 ei
1846 3189 1975 3255 epi—

398 3281 681 3340 scopatum
732 3274 950 3341 adempt
971 3290 1048 3327 .m
1099 3291 1245 3330 esse.
1297 3274 1432 3330 Cum
1490 3290 1674 3333 autem
1727 3281 1793 3334 ad
1845 3297 1970 3335 eum
2003 3264 2044 3318 (ἶ

401 3367 626 3418 modum
662 3365 960 3433 ingressum
987 3368 1038 3418 in
1072 3367 1262 3420 urbem
1296 3369 1587 3436 proferret,
1613 3371 1783 3441 magis
1809 3373 1973 3426 etiam

405 3455 565 3522 plebs
604 3463 687 3507 est
735 3455 1037 3524 indignata,
1077 3459 1343 3514 conviciis
1374 3462 1652 3530 principes
1709 3465 1976 3530 perstrin-

398 3562 552 3615 gens.
585 3546 932 3616 Quapropter
965 3559 1114 3603 tanta
1165 3551 1268 3603 sibi
1321 3552 1573 3620 imposita
1623 3557 1970 3622 necessitate,

397 3637 604 3707 oppido
652 3655 817 3706 quam
872 3638 1074 3693 invitus
1123 3641 1310 3695 urbem
1347 3651 1431 3696 est
1481 3645 1782 3713 ingressus.
1835 3646 1973 3700 Tum

398 3729 785 3798 navigantibus
813 3730 1092 3799 805porus
1122 3734 1381 3801 repletus,
1410 3746 1464 3788 et
1488 3736 1798 3802 piscatoriis
1825 3739 1974 3792 navi-

398 3819 504 3874 bus
543 3837 690 3875 marc
722 3833 1037 3877 contectum
1069 3834 1187 3887 est,
1235 3825 1398 3896 386
1428 3838 1482 3880 et
1523 3829 1678 3894 plebs
1719 3833 1971 3884 universa

399 3915 451 3966 ei
505 3914 687 3966 statim
721 3915 940 3967 obiiam
990 3916 1214 3984 prodiit,
1249 3932 1438 3971 cerens
1467 3933 1731 3972 accensos
1766 3921 1968 3984 ferens,

401 4015 458 4059 et
490 4007 819 4074 psalutodias
854 4007 920 4060 ad
959 4024 1073 4061 rem
1106 4020 1427 4078 prmsentem
1457 4020 1581 4078 apte
1611 4021 1666 4064 et
1697 4014 1973 4082 t-lt-ganter

399 4098 738 4165 compositas
767 4099 1104 4163 concinens;
1139 4115 1377 4169 eumque
1416 4101 1484 4154 ad
1518 4103 1805 4156 ecclesiam
1845 4120 1972 4173 pro-

401 4189 576 4253 duxit,
625 4191 985 4244 reluctantem
1030 4191 1325 4245 admodum
1365 4203 1420 4245 et
1453 4193 1836 4259 affirmantem,
1877 4212 1974 4251 eos

399 4281 494 4349 qui
543 4282 816 4334 sententia
853 4297 951 4335 sua
996 4296 1053 4335 se
1106 4283 1291 4351 inique
1337 4287 1826 4349 condemnassent,
1856 4287 1975 4356 epi-

399 4388 622 4440 scopos,
665 4374 907 4443 legitime
955 4390 1165 4438 rursus,
1215 4391 1314 4447 pro
1358 4392 1421 4430 eo
1465 4389 1629 4445 atque
1681 4395 1778 4448 par
1826 4391 1974 4434 esset

401 4467 686 4520 absolvere
714 4467 936 4520 debere.
969 4466 1029 4520 Vi
1067 4479 1246 4521 autent
1274 4484 1397 4522 eum
1424 4469 1657 4538 plurima
1693 4481 1969 4539 cogentes,

2085 1991 2389 2061 γελλομένη
2417 2006 2476 2042 τε
2512 1989 2607 2042 τοῦ
2649 1987 2840 2040 λοιποῦ
2874 1985 2949 2049 ὡς
2993 1985 3143 2054 ἱερέα
3172 1983 3308 2036 Θεοῦ
3340 1985 3433 2036 καὶ
3466 1983 3533 2034 δι’
3567 1983 3650 2034 αί-

2083 2085 2206 2148 δοῦς
2238 2084 2384 2155 ἔχειν
2413 2081 2600 2146 αὐτὸν,
2635 2079 2730 2133 καὶ
2775 2079 2850 2141 ὡς
2886 2075 3253 2148 μυσταγωγὸν
3284 2076 3394 2127 τῶν
3439 2074 3655 2143 ἐκείνης

2084 2175 2289 2228 παίδων
2318 2171 2711 2242 γεγενημένον,
2767 2170 2863 2223 καὶ
2899 2169 2970 2232 ὼς
3025 2168 3124 2238 τῆς
3175 2168 3326 2231 θείας
3373 2168 3653 2237 κολυμὸή-

2084 2268 2217 2339 θρας
2241 2265 2332 2319 τοῦ
2363 2267 2511 2336 ἱεροῦ
2577 2265 2741 2316 τόκου
2799 2263 2936 2333 αὐτῇ
2989 2263 3424 2330 κοινωνήσαντα.
3501 2259 3563 2313 '0
3611 2259 3653 2310 δ’

2083 2356 2394 2412 ἐπανελθὼν
2425 2354 2483 2408 εν
2501 2371 2611 2407 τινι
2637 2354 2745 2405 τῶν
2771 2354 2828 2404 έν
2857 2350 2935 2421 τῷ
2959 2351 3185 2419 ἀνάπλῳ
3211 2348 3578 2417 προαστείων,
3611 2341 3652 2414 ᾧ

2081 2451 2363 2520 Μαρεαναὶ
2405 2444 2473 2520 ἦν
2510 2449 2706 2518 ὄνομα,
2741 2445 3038 2514 διατρίϐων
3081 2439 3180 2514 ἦν·
3217 2443 3312 2494 καὶ
3362 2442 3498 2510 πρὸς
3533 2443 3654 2510 μεί-

2082 2542 2235 2606 ζονος
2265 2542 2487 2593 συνόδου
2519 2539 2810 2607 διάσκεψιν
2860 2538 3162 2606 παρῃτεῖτο
3203 2535 3302 2603 τὴν
3329 2533 3561 2600 εἴσοδον,
3589 2535 3652 2587 ἶν’

2080 2634 2304 2703 ἔκδηλον
2351 2633 2586 2700 γένοιτο,
2615 2630 2812 2698 λέγων,
2843 2629 2918 2690 ὡς
2947 2609 3149 2686 ἀδίδῖως
3188 2625 3523 2696 ἀφαιρεθείη
3559 2627 3652 2696 τὴν

2081 2727 2393 2797 προεδρίαν.
2413 2724 2782 2794 Παρέλκοντος
2811 2720 2855 2772 δ’
2883 2718 3027 2773 οὔτω
3045 2719 3141 2790 τὴν
3162 2718 3390 2786 εἴσοδον,
3410 2719 3494 2771 ἔτι
3523 2719 3654 2788 μᾶλ-

2078 2819 2170 2872 λον
2185 2816 2484 2888 ἠγανάκτει
2503 2814 2563 2866 τὸ
2586 2813 2920 2882 πλῆθος,καὶ
2939 2812 3064 2871 τοὺς
3097 2808 3437 2880 κρατοῦντας
3457 2810 3654 2861 διελοι-

2078 2910 2308 2977 δορείτο.
2361 2907 2452 2961 Διὸ
2485 2905 2660 2959 πολλὰ
2691 2903 2960 2975 βιασθεὶς,
2995 2903 3244 2972 ἀνάγκης
3294 2902 3651 2970 ἐπικειμένης

2079 3019 2103 3052 ε
2133 3000 2369 3070 σῄειτὴν
2401 2999 2578 3052 πόλιν.
2637 2996 2745 3050 Καὶ
2776 2997 2994 3066 πλήρης
3024 2995 3125 3063 μὲν
3168 2993 3280 3046 τῶν
3314 2992 3592 3046 πλεόντων
3627 2994 3654 3045 ὁ

2078 3092 2352 3160 Βόσπορος
2401 3087 2488 3160 ἦν,
2540 3089 2726 3142 άλιᾶσι
2788 3087 3175 3140 καλυπτόντων
3206 3085 3306 3154 τὴν
3339 3084 3650 3137 θάλασσαν·

2074 3185 2136 3237 τὸ
2164 3185 2220 3236 δὲ
2247 3184 2449 3254 πλῆθος
2485 3183 2708 3252 σύμπαν
2757 3182 2924 3244 εὐθὺς
2981 3178 3342 3250 προσυπήντα
3371 3216 3388 3241 ,
3435 3178 3649 3246 κηροϋς

2076 3277 2430 3345 ἅνημμένους
2460 3275 2874 3343 ἐπιφερόμενοι,
2903 3272 3000 3325 σὺν
3030 3269 3377 3341 ψαλμῳδξαις
3405 3270 3553 3339 πρὸς
3591 3268 3651 3319 τὸ

2078 3368 2251 3437 παρὸν
2281 3367 2726 3435 συντεθειμέναις
2759 3366 3048 3434 εὐκόσμως
3079 3361 3399 3433 ὑπᾴδοντες,
3430 3363 3530 3412 καὶ
3560 3360 3652 3410 ἐπὶ

2075 3462 2174 3529 τὴν
2221 3460 2524 3529 ἐκκλησίαν
2577 3457 3001 3528 προπέμψαντες
3050 3458 3268 3524 ἄγουσι,
3303 3455 3540 3507 πλείστα
3589 3453 3651 3521 δὴ

2078 3551 2517 3618 παραιτούμενον
2567 3552 2662 3602 καὶ
2699 3549 3133 3619 ίσχυριζόμενον,
3169 3547 3370 3615 χρῆναι
3416 3545 3652 3611 λέγοντα

2075 3647 2203 3704 τοὺς
2235 3644 2795 3712 καταψηφισαμένους
2819 3640 2974 3702 αὖθις
3008 3640 3214 3708 ἱερέας,
3307 3637 3486 3706 θέμις,
3521 3637 3654 3690 ἁπο-

2073 3734 2440 3805 ψηφίσασθαι.
2473 3735 2705 3787 Πλεῖστα
2732 3733 2774 3784 δ’
2796 3732 3232 3800 ἀναγκάσαντες,
3273 3729 3367 3781 ἐπὶ
3395 3729 3489 3780 τὸν
3536 3731 3652 3779 ἑπι-

2077 3828 2342 3882 σκοπικδν
2403 3826 2592 3897 θρόνον
2663 3826 2824 3878 αὑτὸν
2872 3825 3228 3886 ἀνεϐίϐασαν,
3262 3821 3392 3876 ὥστ’
3427 3823 3650 3890 εἰρήνην

2074 3922 2320 3972 ἀνειπεῖν
2352 3920 2428 3988 τῷ
2461 3918 2596 3986 λαῷ.
2631 3917 2794 3969 Ταῦτ’
2823 3915 2880 3980 ἐξ
2911 3916 3158 3984 ἀνάγκης
3183 3911 3532 3983 πεποιηκὼς,
3558 3912 3647 3962 καί

2073 4029 2197 4066 τινα
2221 4012 2428 4080 σχέδιον
2455 4007 2756 4079 τηνικαῦτα
2779 4008 3031 4078 διεξῆλθε
3064 4008 3243 4074 λόγον,
3277 4005 3647 4074 χαριεστάτας

2074 4103 2330 4172 ἀφορμὰς
2376 4102 2787 4171 πορισάμενοςο
2847 4100 3039 4170 ἐδήλου
3088 4100 3199 4168 γὰρ
3248 4097 3512 4165 Θεόφιλον
3553 4097 3650 4165 μὲν

2075 4193 2426 4262 ἐπιχειρῆσαι
2447 4191 2606 4260 ὓϐριν
2638 4190 2908 4260 καταχέαι
2929 4190 3028 4260 τῆς
3070 4188 3426 4256 Ἑκκλησίας,
3458 4186 3533 4247 ὡς
3559 4188 3648 4237 τὸν

2074 4283 2390 4350 Αἰγυπτίων
2427 4281 2653 4351 βασιλέα
2675 4299 2689 4311 ·
2725 4283 3063 4349 ἐπιμανῆναι
3093 4279 3148 4332 δὲ
3185 4280 3281 4332 καὶ
3315 4281 3382 4349 τῇ
3421 4278 3517 4329 τοῦ
3543 4294 3647 4329 παι

2073 4379 2339 4447 τριάρχου
2385 4374 2639 4446 Ἀϐραὰμ
2673 4378 2914 4446 γαμετῇ,
2942 4375 3017 4436 ὡς
3051 4369 3650 4442 ίστοροῦσινἘδραίων

2077 4467 2271 4537 βίϐλοι.
2327 4467 2603 4530 Ἐπαίνοις
2655 4467 2712 4520 δὲ
2744 4467 2839 4519 καὶ
2896 4466 2987 4518 τὸν
3021 4465 3150 4517 λαὸν
3179 4464 3280 4532 τῆς
3335 4461 3647 4531 προθυμίας

401 4558 457 4612 in
509 4557 638 4611 sede
679 4559 976 4627 episcopali
1029 4560 1391 4628 eellocarunt,
1440 4573 1501 4614 ut
1546 4577 1734 4631 pacem
1768 4563 1971 4632 pupulo

2079 4559 2478 4629 ἀποδεξάμενος
2511 4561 2608 4612 καὶ
2650 4561 2779 4622 τοὺς
2809 4556 3152 4628 κρατοῦντας
3181 4557 3284 4624 τῆς
3318 4555 3449 4624 περὶ
3484 4553 3650 4606 αὑτὸν

399 4667 467 4705 cx
513 4651 801 4718 superiore
840 4653 960 4704 loco
1009 4653 1364 4706 annuntiaret
1407 4664 1463 4706 et
1499 4664 1837 4722 precaretur.
1875 4653 1973 4708 His

399 4747 572 4800 rebus
624 4747 695 4799 ita
727 4760 793 4799 ex
835 4747 1161 4800 necessitate
1192 4747 1424 4812 quadam
1459 4735 1618 4813 actis,
1663 4751 1971 4804 orationem
2002 4749 2005 4751 ’

392 4850 516 4920 tum
543 4853 766 4908 quoque
798 4854 864 4894 ex
895 4848 1138 4906 tempore
1173 4837 1241 4891 ad
1273 4838 1532 4907 p0pulnm
1566 4840 1780 4907 habuit,
1807 4857 1972 4911 argu-

399 4933 604 4987 mentis
655 4946 780 4985 eum
831 4946 1022 4999 magna
1075 4933 1250 5000 gratia
1303 4931 1574 5000 appositis
1623 4948 1775 4988 usus.
1826 4933 1972 4987 Dixit

2077 4650 2313 4714 εὐνοίας,
2354 4651 2566 4702 πλεῖστ’
2617 4650 3009 4719 ἀνευφημῆσαι
3057 4648 3119 4699 τὸ
3171 4645 3376 4714 πλῆθος
3424 4642 3652 4713 βασιλέα

2076 4760 2135 4795 τε
2170 4745 2264 4795 καὶ
2291 4742 2392 4811 τὴν
2424 4741 2674 4810 βασιλίδα
2697 4740 2985 4810 ⁴ἡρεθισεν,
3015 4739 3090 4802 ὡς
3119 4738 3195 4807 μὴ
3219 4735 3522 4804 δυνηθῆναι
3560 4732 3651 4785 καὶ

2078 4837 2169 4890 τὸν
2197 4837 2358 4905 λόγον
2406 4838 2488 4900 είς
2519 4835 2694 4906 πέρας
2724 4834 2924 4901 ἐλθεῖν,
2963 4832 3080 4886 ἀλλ’
3127 4831 3366 4904 ἡμιτελῆ
3396 4828 3653 4881 καταλεί-

2078 4932 2199 4998 ψαι.

397 5023 570 5090 enim,
602 5023 966 5093 Theophilum
1009 5037 1107 5090 per
1139 5023 1531 5077 contumeliam
1599 5033 1855 5079 conatum
1888 5037 2010 5079 esse
2048 5022 2310 5078 Ecclesiae
2369 5037 2482 5078 suae
2522 5020 2782 5092 injuri-am
2823 5020 3004 5076 facere
3043 5034 3058 5072 :
3105 5017 3330 5088 perinde
3357 5023 3523 5082 atque
3553 5026 3648 5066 rex

398 5116 528 5170 olim
584 5117 798 5186 {Egypti
848 5117 899 5170 in
934 5116 1261 5184 patriarchae
1302 5115 1538 5170 Abrahae
1587 5117 1818 5187 conjuge
1883 5115 2190 5181 iusanierit,
2259 5115 2722 5182 quemadmodum
2767 5113 2872 5168 hoc
2903 5112 3258 5167 Hebraeorum
3306 5111 3433 5164 libri
3497 5123 3650 5164 com-

398 5221 724 5264 memorant.
759 5211 822 5262 Et
857 5209 1032 5278 plebis
1067 5224 1391 5278 propensam
1438 5209 1773 5264 alacritatem
1824 5209 2076 5262 laudibus
2142 5221 2500 5278 prosecutus,
2542 5207 2977 5263 benevolentiam
3050 5219 3270 5274 quoque
3338 5204 3649 5274 principum

398 5316 526 5371 erga
549 5318 606 5354 se
630 5301 945 5364 celebravit,
974 5314 1030 5356 et
1060 5302 1470 5356 multitudinem
1496 5313 1554 5357 ut
1577 5304 1966 5372 imperatorem
2008 5309 2070 5354 et
2138 5301 2548 5370 imperatricem
2590 5301 2783 5355 faustis
2811 5301 3219 5368 auspicatisque
3296 5297 3525 5351 vocibus
3555 5309 3650 5346 or—

401 5406 633 5462 narent,
665 5399 800 5452 adeo
828 5401 1108 5466 exritavit,
1140 5410 1196 5455 ut
1230 5401 1534 5456 orationem
1573 5402 1638 5456 ad
1687 5401 1847 5456 finem
1906 5398 2209 5469 perducere
2247 5417 2357 5456 non
2392 5410 2598 5472 posset,
2674 5399 2769 5456 sed
2819 5399 2876 5455 in
2948 5396 3179 5452 dimidia
3211 5394 3330 5465 ejus
3371 5398 3528 5461 parte
3563 5387 3651 5444 di-

398 5506 534 5547 cere
565 5491 878 5549 desisteret.
