3930 6538
263 367 366 431 989

852 488 1111 547 ΚΕΦΑΛ.
1142 494 1246 549 lZ'.

261 576 398 659 Περί
428 568 518 659 ὧν
551 577 1111 659 πωινιέκακούργει
1149 586 1460 659 ᾂεόφιᾷος,
1491 590 1586 643 καί
1615 593 1703 656 εὶς
1727 609 1842 659 φυ-

330 647 442 714 γὰς
466 645 674 728 ᾤχετο.
705 651 795 728 {lc
821 645 1051 728 ςτᾴσξὶ·
1094 657 1200 728 τοῦ
1229 645 1504 728 ἠλήθδπὶς
1530 645 1845 728 χωρῆσσαν-

330 733 467 815 tog;
497 717 593 771 καί
610 720 874 801 περιενσῦ
895 724 1076 778 ὁσίου
1098 717 1500 797 Νιλάμμάησοςῖ
1527 717 1631 783 ἷοῧ
1653 717 1844 796 ἀσκη-

331 803 443 840 του
464 826 482 852 ,
548 789 646 842 καί
702 808 828 845 των
873 793 1113 857 βίϐλων
1171 797 1526 857 Ὧριγένους.
1576 803 1673 855 καί
1734 799 1844 857 τῆς

334 816 482 852 sua,
548 816 646 842 aut
702 816 828 845 τωτ
873 816 1113 857 provisor
1177 816 1526 868 υριγενους.
1576 816 1673 855 και
1734 818 1846 870 της

334 857 493 927 ὑπὲρ
527 859 801 915 Ἰωάννου
826 863 1118 920 συνόδου.

347 971 600 1043 Ἀπορῶν
633 972 725 1026 δ’ὁ
756 991 808 1027 τι
830 974 1103 1048 χρήσαιτο
1135 981 1251 1043 τοῖς
1289 980 1528 1050 παροῦσι
1561 981 1844 1051 Θεόφιλος,

263 1064 470 1135 καίπερ
505 1065 585 1128 είς
619 1064 681 1118 τὸ
707 1067 988 1137 προφανὲς
1016 1069 1274 1142 Ἰωάννην
1296 1072 1611 1128 διαϐάλλειν
1638 1074 1848 1146 πρόθυ-

265 1173 368 1226 μος
404 1155 506 1223 ὢν,
559 1157 660 1212 οὐκ
701 1158 951 1232 ιθάρρει,
986 1162 1063 1226 ὡς
1117 1162 1280 1233 δῆθεν
1317 1166 1458 1235 μετὰ
1520 1166 1849 1239 καθαίρεσιν

264 1249 592 1320 ἱερώμενον.
640 1251 915 1322 ’Δκριϐὦς
948 1254 1058 1325 γάρ
1086 1255 1205 1326 ᾔδει
1227 1258 1344 1321 τοῖς
1373 1259 1640 1328 κρατοῦσι
1673 1277 1850 1331 προσ-

264 1345 546 1413 κρούσων.
581 1345 813 1398 Ἐκεῖνοι
850 1346 960 1416 γὰρ
994 1347 1160 1401 αὐτὸν
1215 1348 1296 1416 τῷ
1325 1348 1485 1421 δήμῳ
1514 1350 1849 1421 κινούμενοι,

263 1437 558 1504 ὲξεϐίασαν
584 1441 1047 1510 παραιτούμενον.
1088 1442 1449 1511 Ἡρακλείδου
1485 1443 1545 1497 δὲ
1571 1446 1685 1509 τοῖς
1715 1461 1852 1498 κατ-

265 1530 518 1600 ηγόροις,
554 1531 758 1600 καίπερ
791 1532 1047 1598 ἀπόντος,
1079 1533 1437 1604 δικαστήριον
1467 1535 1706 1605 ἢνοιγεν.
1729 1536 1854 1589 Οίό-

268 1638 435 1692 μενος
463 1622 572 1694 γὰρ
598 1618 667 1694 ἦν
703 1624 957 1679 ἐντεῦθεν
1016 1626 1327 1697 προχείρως
1355 1628 1446 1679 ἐπὶ
1472 1626 1571 1699 τὴν
1599 1628 1852 1681 Ἰωάννου

267 1712 593 1785 καθαίρεσιν
626 1716 830 1784 μᾶλλον
853 1716 1054 1773 ἐλθεῖν.
1113 1719 1480 1791 Ἡρακλείδης
1515 1722 1615 1791 μὲν
1646 1722 1757 1791 γὰρ
1789 1723 1851 1775 οὐ

265 1804 476 1876 παρῆν,
516 1807 880 1879 Κατηγὸρητο
910 1809 954 1861 δ’
981 1808 1074 1861 οὖν
1108 1812 1205 1864 καὶ
1243 1809 1423 1878 ἀπὼν,
1451 1812 1527 1874 ὡς
1563 1812 1649 1882 εἴη
1682 1812 1853 1883 ἀδίκῳ

267 1903 420 1969 χειρὶ
446 1902 733 1970 τυπτήσας
776 1902 953 1968 τινὰς,
985 1903 1082 1957 καὶ
1123 1903 1381 1974 δεσμίους
1408 1905 1602 1960 ἁλύσει
1632 1907 1851 1974 ὑπαγα-

265 1991 406 2059 γὼν,
433 1991 524 2045 διὰ
559 1992 736 2064 μέσης
765 1995 866 2064 τῆς
897 1994 1171 2065 Ἐφεσίων
1217 1997 1587 2068 ἐθριάμϐευσε
1619 2000 1851 2064 πόλεως.

265 2083 394 2137 τῶν
412 2083 471 2137 δὲ
504 2085 929 2156 προσκειμίνων
959 2086 1187 2160 Ἰωάννῃ
1241 2089 1511 2159 λεγόντων
1543 2091 1620 2162 μὴ
1654 2093 1853 2162 χρῆναι

265 2179 359 2233 τὸν
382 2181 458 2251 μὴ
487 2181 736 2252 παρόντα
768 2181 876 2236 ὑπὸ
905 2182 1062 2253 δίκην
1085 2183 1363 2252 γίνεσθαι,
1395 2185 1446 2239 oi
1492 2186 1625 2257 περὶ
1658 2187 1854 2258 Θεόφι-

265 2271 360 2326 λον
391 2272 504 2327 δεῖν
537 2273 741 2345 μᾶλλον
792 2273 1003 2341 ελεγον,
1048 2274 1149 2338 τάς
1200 2291 1259 2328 τε
1301 2274 1664 2347 Ἡρακλείδου
1691 2278 1850 2348 δέχε-

267 2365 398 2419 σθαι
435 2368 797 2438 κατηγορίας,
852 2367 950 2422 καὶ
1006 2368 1217 2424 ἀπόντα
1249 2368 1463 2438 κρίνειν
1496 2370 1590 2424 τὸν
1619 2370 1853 2435 ἀναξίως

267 2460 659 2528 ἱερασάμενον.
701 2461 865 2531 Ἔρις
896 2461 1153 2516 ἐντεῦθεν
1181 2463 1404 2534 ἀνήφθη
1459 2462 1665 2528 μεταξὺ
1700 2463 1854 2516 Ἀλε-

268 2551 547 2622 ξανδρέων
571 2554 665 2606 καὶ
689 2551 786 2605 τοῦ
806 2552 905 2622 τῆς
930 2555 1353 2608 Κωνσταντίνου
1386 2554 1540 2610 λαοῦ.
1576 2556 1687 2612 Καὶ
1711 2572 1852 2627 συμ-

265 2646 478 2716 πλοκῆς
500 2647 821 2718 γενομένης,
849 2639 1042 2701 πολλοὶ
1075 2648 1176 2717 μὲν
1201 2649 1549 2720 τραυματίαι
1575 2650 1851 2718 ἐγίνοντο·

265 2740 372 2796 οὐκ
393 2740 569 2808 ὀλίγοι
595 2741 652 2794 δι
685 2742 779 2795 καὶ
808 2740 1115 2795 ἀπώλοντο.
1149 2742 1349 2807 Δείσας
1377 2743 1436 2796 δὲ
1462 2743 1723 2814 Θεόφιλος
1750 2745 1851 2817 τὴν

266 2834 368 2887 τοῦ
422 2833 660 2902 τιλ.’,θους
715 2834 916 2906 ὁρμὴν,
952 2834 1048 2887 καὶ
1076 2834 1127 2886 οἱ
1179 2834 1310 2905 περὶ
1350 2836 1514 2889 αὐτὸν
1538 2835 1848 2904 ἐπίσκοποι,

268 2929 415 3001 πλὴν
452 2928 565 2982 τῶν
597 2928 847 2982 Ἰωάννου
878 2928 1223 2999 ἱπιτῃδείων,
1250 2932 1397 3001 φυγῇ
1432 2929 1533 3000 τὴν
1555 2931 1853 2985 Κωνσταν-

267 3023 422 3076 τίνου
454 3022 729 3085 λιπόντες,
782 3021 878 3075 ἐπὶ
924 3023 996 3075 τὰ
1041 3020 1181 3075 οἶκοι
1209 3021 1443 3086 ἕκαστος
1477 3023 1847 3095 μετεχώρουν.

269 3118 535 3186 Θεόφιλος
556 3116 613 3171 δὲ
641 3116 861 3186 σύναμσ.
884 3116 1149 3187 ’ίσαακίῳ
1170 3116 1248 3186 τῷ
1274 3117 1518 3188 μοναχῷ,
1544 3118 1850 3187 ἀρχομένου

1138 373 1738 443 ECCLESIASTlC/E
1772 383 2163 451 HISTORLE
2203 393 2348 458 LIB.
2390 396 2559 461 XIII.

1869 507 1920 563 Α

1908 588 1913 592 ’
1951 595 2025 651 De
2051 600 2114 653 iis
2140 617 2257 680 quia
2281 605 2454 680 denuo
2487 604 2801 680 Theophilus
2829 607 2969 664 male
2990 624 3372 680 perperamque
3396 608 3535 678 egit:

2934 464 2939 469 .
3157 434 3162 441 ·
3426 400 3549 469 990.

2517 515 2745 573 CAPUT
2784 514 2946 574 XVII.

2019 683 2066 750 et
2106 681 2162 725 ut
2189 673 2314 743 fuga
2344 675 2442 750 sibi
2480 673 2831 750 consuluerit,
2862 673 3055 749 populo
3085 673 3185 750 per
3221 673 3535 734 seditionem

2020 745 2075 792 in
2100 752 2276 808 partes
2309 745 2647 801 discedente:
2680 757 2729 801 et
2759 749 2821 802 de
2846 745 3033 802 sancto
3058 745 3394 804 Nilammone
3424 766 3537 802 mo-

2022 816 2210 892 nacho,
2237 813 2484 887 librisque
2510 816 2753 890 Origenis
2782 834 2802 873 :
2832 830 3091 889 praeterea
3122 823 3185 874 de
3212 823 3410 892 synodo
3439 835 3537 888 pro

2019 879 2228 937 Joanne
2260 879 2472 942 coacia.

2025 988 2366 1061 Theophilus
2397 995 2452 1050 in
2489 992 2594 1053 bo'c
2637 1014 2822 1054 rerqu
2856 1008 3003 1056 statu
3035 1000 3256 1056 consilii
3295 1000 3524 1066 dubius,

1951 1085 2205 1151 quamvis
2229 1078 2512 1158 propalam
2538 1090 2805 1149 Joannem
2829 1094 3157 1148 calumniari
3184 1107 3535 1164 perceperat.

1954 1182 2017 1228 ut
2043 1175 2139 1245 qui
2177 1187 2300 1246 post
2331 1179 2755 1251 abrogationem
2802 1184 3169 1240 nihilominus
3207 1184 3540 1255 episcoyali-

1952 1264 2060 1321 bus
2106 1267 2430 1338 fungeretur
2470 1274 2822 1339 muneribus,
2868 1275 3052 1331 Iacere
3102 1274 3159 1330 id
3201 1286 3383 1329 tamen
3425 1292 3537 1330 non

1953 1353 2212 1410 audebat.
2243 1354 2409 1414 Certo
2440 1375 2678 1430 namque
2710 1363 2940 1428 sciebat,
2969 1381 3029 1421 se
3058 1379 3123 1419 ea
3156 1380 3217 1421 re
3255 1366 3539 1437 principes

1954 1442 2296 1502 oﬂensurum
2328 1463 2471 1505 esse.
2507 1451 2590 1506 Illi
2640 1453 2789 1508 enim
2838 1464 3069 1524 propter
3114 1455 3263 1525 vulgi
3300 1463 3534 1521 motum,

1952 1534 2223 1591 Joannem
2257 1549 2317 1594 ut
2344 1541 2399 1595 id
2417 1542 2643 1621 Iaceret,
2671 1560 2772 1616 per
2792 1545 3235 1616 deprecationem
3260 1547 3539 1602 reluctan-

1960 1638 2092 1693 tem,
2158 1645 2471 1701 coegerant.
2528 1635 2718 1707 Itaque
2760 1638 3067 1695 Heraclida:
3120 1639 3536 1696 accusatoribus

1957 1726 2209 1792 quamvis
2234 1726 2503 1797 absentis,
2523 1731 2796 1802 judicium
2829 1733 3159 1804 injuriarum
3197 1733 3371 1789 dedit.
3405 1733 3536 1788 Inde

1888 1861 1929 1920 Β
1957 1816 2105 1871 enim
2137 1816 2298 1875 facile
2332 1834 2393 1876 se
2431 1822 2500 1877 ad
2532 1823 2761 1880 Joannis
2790 1825 3200 1896 abrogationem
3237 1835 3534 1896 perventu-

1956 1922 2078 1961 rum
2105 1924 2228 1965 esse
2261 1913 2495 1981 putavit.
2527 1914 2843 1971 Heraclides
2873 1917 3120 1988 quidem,
3153 1928 3212 1972 ut
3250 1917 3385 1983 dixi,
3423 1929 3534 1971 non

1954 1999 2113 2056 atl‘uit
2154 2018 2169 2056 :
2206 2004 2406 2061 absens
2447 2014 2632 2067 tamen
2681 2010 3064 2077 accusabatur,
3100 2009 3247 2080 quod
3282 2025 3381 2079 per
3422 2010 3533 2064 vim

1954 2100 2221 2165 quosdam
2258 2101 2527 2169 pulsatos,
2560 2115 2619 2160 et
2652 2105 2865 2161 catenis
2895 2106 3130 2171 vinctos,
3167 2122 3266 2177 per
3295 2107 3533 2162 mediam

1954 2184 2321 2257 Ephesiorum
2375 2193 2572 2247 urbem
2617 2196 2784 2250 veluti
2831 2197 2887 2252 in
2928 2197 3211 2266 triumpho
3259 2198 3532 2253 duxisset.

1955 2278 2129 2335 Porro
2161 2295 2286 2336 cum
2317 2282 2547 2340 Joannis
2572 2287 2819 2344 fautores
2844 2289 2923 2359 (1)
2953 2289 3236 2345 absentem
3264 2305 3421 2344 reum
3447 2290 3532 2361 agi

1954 2382 2063 2424 non
2103 2370 2311 2428 debere
2336 2374 2611 2441 dicerent,
2668 2385 2726 2431 et
2762 2379 2857 2448 qui
2898 2395 2927 2435 a
2961 2379 3252 2450 Theophili
3284 2380 3534 2450 partibus

1953 2462 2195 2529 stabant,
2224 2468 2608 2523 accusationes
2639 2467 2946 2525 Heraclidis
2974 2472 3361 2534 admittendas.
3386 2472 3536 2544 judi-

1953 2555 2213 2628 cimnque
2246 2560 2414 2616 etiam
2443 2571 2634 2617 contra
2664 2564 2951 2619 absentem
2976 2565 3218 2619 dandum
3253 2581 3372 2621 esse
3404 2579 3538 2620 con-

1954 2648 2266 2713 tenderent,
2291 2654 2384 2721 qui
2414 2654 2713 2727 episcopali
2750 2657 3034 2713 functione
3062 2659 3321 2729 indignus
3347 2667 3531 2716 esset:

1952 2740 2117 2812 387
2144 2744 2260 2798 rixa
2297 2744 2426 2800 inde
2454 2747 2600 2801 inter
2628 2748 3029 2804 Alexandrinos
3059 2756 3113 2804 et
3147 2750 3359 2819 plebem
3383 2748 3531 2804 Con-

1954 2834 2506 2907 stantinopolitanam
2556 2848 2750 2893 exorta
2810 2847 2897 2894 est
2949 2851 2966 2894 :
3020 2848 3077 2894 et
3122 2840 3271 2910 quod
3319 2854 3408 2894 res
3459 2839 3529 2894 ad

1951 2926 2267 2985 conﬂictum
2314 2930 2586 3001 pervenit,
2643 2932 2801 2986 multi
2850 2933 3150 2998 vulnerati,
3200 2947 3310 2988 non
3367 2931 3532 3002 pauci

1952 3021 2120 3076 etiam
2181 3022 2309 3078 caesi
2369 3033 2524 3079 sunt.
2583 3024 2823 3081 Proinde
2878 3025 3219 3095 TheOpbilus
3264 3025 3530 3094 impetum

1952 3114 2326 3171 multitudinis
2367 3123 2656 3181 metuens,
2705 3125 2871 3183 atque
2916 3115 3108 3171 itidem
3141 3114 3236 3185 qui
3289 3130 3418 3170 cum
3463 3129 3530 3169 eo

268 3211 567 3282 χειμῶνος,
615 3213 714 3282 τὴν
764 3208 1121 3278 Ἀλεξάνδρου
1179 3208 1476 3264 κατέλαϐε.
1531 3209 1781 3278 Συμϐὰν,
1801 3210 1848 3263 δ’

1958 3214 2110 3263 erant
2140 3206 2412 3278 episcopi,
2451 3217 2826 3278 praeterquam
2871 3207 2966 3277 qui
3009 3208 3202 3263 Joanni
3250 3205 3531 3277 conjuncti

269 3303 473 3371 οὕτως,
528 3304 593 3356 ἔκ
641 3302 917 3371 πελάγους
966 3304 1046 3365 είς
1103 3303 1279 3373 Γίρας
1321 3303 1568 3373 κατῆρεο
1603 3304 1760 3365 πόλις
1790 3303 1847 3357 δὲ

270 3397 415 3467 αὕτη
456 3398 648 3467 μικρὰ,
708 3396 854 3465 ἀμφὶ
914 3395 1105 3450 στάδια
1135 3397 1481 3465 πεντήκοντα
1519 3396 1614 3451 τοῦ
1641 3397 1850 3466 Πηλου-

273 3490 393 3542 σίου
420 3487 837 3558 κατῳκισμὲνη.
870 3485 978 3540 Τοῦ
1012 3487 1057 3539 δ’
1090 3488 1279 3540 ίκείσε
1332 3488 1637 3558 τηνικαῦτα
1658 3489 1848 3549 τελευ-

271 3583 546 3651 τήσαντος
580 3580 908 3646 ἐπισκόπου,
938 3581 988 3631 ot
1033 3577 1293 3651 ίγχώριοι
1347 3578 1698 3649 Νιλάμμωνά
1727 3597 1849 3634 τινα

274 3674 363 3728 ἐπ’
388 3676 558 3744 ἀρετῇ
589 3672 878 3740 διαϐόητον
908 3670 1271 3741 ἐψηφίσαντο,
1295 3669 1468 3741 ἄνδρα
1500 3672 1727 3740 ἀγαθὸν,
1755 3673 1851 3725 καὶ

274 3767 369 3820 ἐπὶ
404 3766 709 3834 μοναστικῇ
733 3763 1028 3833 φιλοσοφίᾳ
1050 3762 1370 3831 δπεριφανῆ.
1404 3763 1517 3834 Τὴν
1565 3762 1609 3814 δ’
1636 3763 1851 3832 οἴκησιν

277 3855 521 3924 σμικρὰν
553 3852 659 3923 πρὸ
684 3850 777 3904 τοῦ
796 3851 991 3913 ἄστεος
1008 3849 1248 3919 οἰκίσκῳ
1278 3851 1677 3930 καθειργμένος
1694 3844 1850 3914 οὗτος

274 3942 560 4012 ἐκέκτητο,
599 3934 659 3994 οὗ
692 3939 790 4011 τὴν
816 3938 1023 3993 είσοδον
1053 3937 1224 4000 λίθοις
1277 3938 1606 4007 ἀνέφραξεν.
1633 3937 1854 3991 Ἐκκλί-

273 4051 438 4087 νοντα
463 4033 521 4086 δὲ
553 4031 824 4103 ίερᾶσθαι,
862 4019 1125 4099 Θεόφιλος
1148 4029 1511 4083 συνεϐούλευε
1542 4029 1642 4101 τὴν
1666 4047 1850 4101 χειροο

271 4129 462 4184 τονίαν
507 4125 641 4197 παρ’
695 4126 863 4179 αὐτοῦ
913 4123 1337 4194 καταδέχεσθαι.
1381 4121 1471 4186 Ὦς
1501 4122 1559 4175 δὲ
1589 4123 1852 4186 πολλάκις

271 4220 509 4276 ἁπειτιόν
523 4236 582 4272 ια
613 4219 717 4271 οὐκ
742 4216 1036 4282 ἐδυσώπει,
1067 4236 1086 4269 ι
1123 4216 1346 4286 Αὔριον,
1380 4215 1510 4284 ἔφη,
1540 4215 1593 4267 εί
1617 4231 1702 4268 σοι
1727 4213 1889 4285 βούπ

270 4316 454 4388 λησις,
482 4307 532 4368 ὦ
566 4313 762 4383 πάτερ,
798 4310 1009 4382 πρᾶξον
1038 4310 1175 4379 ὅπερ
1200 4310 1362 4380 αίρῇο
1389 4308 1490 4380 ἐμὲ
1520 4307 1578 4360 δὲ
1614 4307 1854 4378 σήμερον

269 4411 338 4464 ἔα
366 4408 550 4472 καλῶς
579 4409 649 4461 τὰ
699 4405 824 4460 καθ’
867 4403 1059 4458 ἑαυτὸν
1118 4401 1427 4458 διαθέσθαι.
1468 4420 1487 4454 ι
1562 4401 1652 4464 Ὦς
1691 4399 1748 4453 δὲ
1787 4402 1852 4472 τῇ

271 4502 543 4572 ὑστεραίᾳ
563 4499 715 4570 ἥκων
744 4494 1201 4566 Θεόφιλος,,κατὰ
1228 4493 1300 4548 τὰ
1333 4492 1675 4564 συγκείμενα
1703 4492 1853 4546 ἀνοί-

1948 3308 2130 3366 erant,
2183 3298 2663 3371 Constantinopoli
2714 3300 3131 3370 profugientes,
3190 3299 3258 3353 ad
3317 3312 3417 3353 sua
3472 3311 3533 3352 se

1949 3392 2182 3463 quisque
2219 3392 2446 3463 recepit.
2484 3391 2828 3462 Theophilus
2857 3407 2965 3447 una
3005 3406 3131 3446 cum
3165 3390 3374 3445 lsaacio
3408 3404 3532 3443 mo-

1949 3485 2127 3540 nacho
2157 3485 2341 3540 hieme
2395 3485 2622 3541 ineunte
2671 3486 3060 3541 Alexandriam
3102 3484 3270 3541 venit.
3318 3481 3532 3538 Accidit

1949 3583 2133 3629 autem
2168 3584 2225 3628 ut
2250 3572 2423 3630 Geras
2451 3575 2776 3646 appelleret,
2811 3574 3074 3647 oppidum
3103 3574 3327 3630 circiter
3368 3574 3530 3644 quin-

1951 3667 2213 3737 quaginta
2247 3668 2424 3723 stadia
2474 3686 2504 3724 a
2552 3669 2775 3725 Pelusio
2813 3669 3004 3724 situm.
3035 3668 3190 3734 Quod
3239 3677 3422 3723 autem
3453 3666 3530 3722 ibi

1954 3767 2068 3813 tum
2118 3763 2420 3830 episcopus
2464 3772 2722 3818 mortuus
2759 3771 2928 3829 esset,
2973 3761 3169 3817 incolas
3210 3770 3267 3816 et
3294 3763 3443 3816 cives
3475 3760 3531 3815 in

1950 3849 2134 3905 locum
2165 3852 2284 3921 ejus
2310 3852 2716 3908 Nilammonem
2764 3853 3039 3922 legerunt,
3074 3851 3527 3913 virumgbonum,

1952 3951 2007 3997 et
2062 3950 2287 4011 propter
2330 3944 2592 3998 virtutem
2637 3945 3031 4014 percelebrem.
3116 3944 3532 4012 monasticaque

1952 4035 2301 4105 philosophia
2327 4036 2678 4107 praeclarum.
2715 4037 2957 4107 Degebat
2998 4044 3180 4090 autem
3215 4045 3341 4089 ante
3372 4036 3529 4106 oppi-

1954 4126 2086 4181 dum
2144 4142 2328 4196 parva:
2391 4142 2531 4183 casa
2582 4127 2861 4191 inclusus,
2919 4126 3079 4196 cujus
3125 4126 3334 4180 aditum
3384 4127 3533 4181 saxis

1954 4220 2301 4274 obstruxerat
2335 4235 2353 4273 :
2386 4226 2444 4272 et
2486 4234 2612 4273 cum
2641 4217 3366 4289 episcOpalem-dignitatem
3392 4233 3525 4272 sus-

1955 4309 2142 4381 cipere
2193 4309 2553 4375 detrectaret,
2591 4310 2935 4381 Theophilus
2967 4311 3043 4377 ei,
3082 4319 3141 4365 ut
3168 4325 3201 4364 τι
3239 4325 3298 4364 se
3333 4322 3533 4365 conse-

1955 4402 2258 4461 crationem
2290 4404 2623 4473 susciperet,
2659 4403 2857 4458 suasit.
2891 4403 3190 4473 Postquam
3233 4417 3366 4459 vero
3403 4415 3533 4457 eum

1955 4495 2156 4563 saepius
2195 4502 2585 4565 pernegantem
2628 4509 2742 4550 non
2788 4496 3124 4565 expugnavit
3166 4512 3180 4549 :
3221 4514 3240 4549 ι
3278 4496 3414 4550 Cras
3441 4495 3535 4551 ille

270 4556 530 4665 Yttv.1hv.
582 4556 756 4662 θύραν
796 4556 1075 4653 ὲκίλευεν,
1118 4556 1552 4656 ὁΝιλάμμων,ί
1592 4586 1730 4652 ’Δγε
1760 4584 1849 4653 δὴ,

1960 4556 2210 4652 tandem,
2237 4556 2439 4655 inquit,
2471 4585 2520 4640 si
2547 4587 2622 4639 ita
2644 4586 2843 4655 placet,
2861 4556 2902 4640 ἶ)
2930 4556 3116 4652 ὖοιοτ,
3142 4588 3290 4657 quod
3322 4587 3535 4642 consti-

271 4688 515 4759 πρῶτον,
567 4685 696 4755 ἔφη,
745 4681 866 4752 Θεῷ
896 4681 999 4753 τὴν
1058 4680 1227 4751 εὐχὴν
1274 4677 1591 4745 ἀποδῶμεν.
1632 4695 1652 4730 ι
1699 4675 1761 4730 ’0
1794 4676 1855 4730 δὲ

271 4780 609 4842 κατετίθετο,
660 4776 756 4833 καὶ
796 4775 967 4845 εὐχὴν
1019 4772 1294 4843 ἔπραττεν
1357 4770 1419 4823 Ὀ
1458 4769 1515 4822 δὲ
1545 4768 1852 4838 Νιλάμμων

273 4874 498 4943 σύναιμα
531 4875 596 4943 τῇ
629 4871 765 4942 εὐχῇ
794 4869 892 4922 καὶ
923 4866 1013 4920 τὸν
1043 4866 1169 4936 τῇδε
1198 4865 1312 4934 βίον
1348 4863 1638 4916 ἀπέλιπεν.
1688 4863 1855 4917 Ἀλλά

270 4966 434 5020 τοῦτο
467 4965 568 5034 μὲν
621 4964 760 5025 τέως
790 4962 977 5032 ⁴ίιγνόει
1026 4958 1288 5026 Θεόφιλος
1343 4958 1448 5023 ἔξω
1514 4954 1714 5019 ἑστὼς,
1754 4954 1854 5009 καὶ

268 5059 391 5111 ὅσοι
415 5056 544 5124 περὶ
566 5054 729 5107 αὐτὸν
759 5048 898 5122 ἦσαν
923 5066 935 5081 ·
971 5052 1094 5104 ἐπεὶ
1120 5050 1177 5102 δὲ
1201 5048 1263 5101 τὸ
1292 5048 1476 5101 πλεῖον
1505 5048 1605 5116 τῆς
1637 5045 1851 5116 ἡμέρας

270 5147 586 5221 παρῴχετο,
652 5148 746 5199 καὶ
787 5144 990 5213 σφόδρα
1053 5140 1403 5209 φωνούντων,
1457 5138 1609 5191 οὐδὲν
1647 5136 1852 5207 μᾶλλον

270 5244 479 5315 ήκουεν
513 5242 541 5292 ό
570 5239 896 5308 Νι).άμμων,
930 5239 1054 5297 τοὺς
1088 5233 1229 5304 πρὸς
1254 5235 1321 5303 τῇ
1358 5230 1502 5302 θύρᾳ
1525 5230 1852 5291 καθελόντες

269 5332 484 5398 λίθους,
525 5329 720 5401 νεκρὸν
771 5330 982 5381 ἐκεῖνον
1035 5325 1396 5397 εὑρίσκουσι’
1455 5324 1552 5376 καὶ
1574 5323 1651 5386 ὡς
1672 5321 1851 5393 χρεὼν

272 5423 750 5495 περιστείλαντες,
818 5418 1302 5489 περιφανεστέρας
1360 5414 1602 5485 ἠξίωσαν
1627 5414 1729 5484 τῆς
1759 5431 1855 5467 τα-

272 5517 387 5587 φῆς
409 5532 424 5546 ’
455 5511 603 5567 οἶκόν
635 5530 694 5565 τε
717 5513 1012 5581 εύκτήριον
1040 5509 1180 5579 ὑπὲρ
1213 5506 1308 5562 τοῦ
1330 5509 1506 5576 τάφου
1549 5506 1853 5576 ἀνήγειραν

271 5610 325 5662 οἱ
353 5606 631 5677 ἐγχώριοι,
652 5607 745 5658 καὶ
770 5605 869 5675 τὴν
898 5603 996 5673 τῆς
1028 5602 1339 5671 κοιμήσεως
1362 5600 1575 5671 ἡμέραν
1606 5601 1663 5663 ἐς
1690 5598 1853 5670 δεῦρο

275 5700 592 5777 ἐπιτελοῦσι
648 5700 962 5767 γηθόμόνοι.
1020 5695 1128 5749 Καὶ
1177 5693 1489 5762 Νιλὰμμων
1527 5691 1628 5761 μὲν
1675 5689 1851 5755 οὕτως

347 5847 426 5925 (ι)
454 5843 672 5899 Sozom.
701 5841 884 5911 habet,
918 5841 1078 5911 ipsius
1098 5835 1393 5892 Heraclidis
1418 5839 1676 5906 fautores.

1964 4679 2157 4743 tueris,
2193 4678 2363 4733 facito
2405 4694 2540 4733 :me
2592 4690 2780 4734 autem
2825 4680 2992 4736 hodie
3041 4695 3129 4735 res
3183 4695 3334 4735 meas
3372 4695 3536 4748 agere

1959 4782 2125 4844 atque
2154 4773 2449 4842 disponere
2492 4776 2635 4829 sine.
2676 4792 2695 4826 ι
2730 4773 2832 4830 Ubi
2874 4775 3148 4844 postridie
3193 4773 3539 4842 Theophilus

1958 4865 2025 4919 ad
2069 4880 2197 4918 eum
2231 4864 2401 4927 venit,
2434 4879 2536 4934 pro
2566 4879 2635 4920 eo
2677 4871 2844 4934 atque
2877 4864 3023 4918 inter
3053 4878 3150 4918 cos
3181 4870 3533 4935 convenerat,

1958 4966 2015 5012 et
2055 4958 2202 5012 fores
2245 4959 2463 5027 aperire
2516 4959 2703 5029 jussit,
2749 4958 3062 5013 Nilammon
3094 4996 3111 5022 ,
3177 4974 3197 5007 ι
3235 4957 3346 5025 Age
3379 4969 3532 5020 vero,

1958 5047 2179 5118 inquit,
2247 5049 2361 5104 Deo
2422 5049 2663 5119 primum
2716 5048 3091 5118 precationem
3151 5045 3468 5101 olleramus.
3507 5063 3527 5096 ι

1955 5142 2299 5210 Approbavit
2329 5141 2437 5196 hoc
2470 5141 2837 5211 Theophilus,
2863 5150 2922 5196 et
2958 5139 3265 5195 orationem
3293 5137 3533 5208 peregit.

1955 5232 2267 5288 Nilammou
2308 5243 2492 5287 autem
2539 5232 2682 5288 inter
2729 5233 3073 5302 precandum
3125 5231 3292 5286 vitam
3339 5229 3483 5283 Iiniit
3511 5246 3530 5285 :

1956 5323 2123 5394 idque
2158 5333 2274 5379 tum
2297 5325 2658 5394 Theophilus,
2680 5333 2736 5380 et
2757 5325 2849 5393 qui
2880 5340 3007 5379 cum
3033 5339 3099 5379 eo
3123 5323 3261 5378 foris
3288 5322 3527 5389 stabant,

1955 5415 2302 5486 ignorabant.
2342 5418 2521 5485 Atque
2552 5415 2644 5470 ubi
2681 5415 2917 5484 plurima
2948 5414 3056 5471 diei
3086 5431 3214 5485 pars
3242 5414 3528 5485 praeteriit,

1956 5516 2013 5560 et
2051 5508 2346 5562 clamorem
2395 5522 2591 5563 eorum
2635 5506 2949 5561 Nilammon
2982 5521 3091 5560 non
3138 5504 3406 5569 exaudiit,
3442 5519 3531 5559 re-

1956 5599 2161 5653 volutis
2214 5599 2284 5670 ab
2336 5600 2481 5653 ostio
2532 5598 2700 5662 saxis,
2763 5604 3044 5652 mortuum
3102 5596 3255 5652 illum
3311 5611 3531 5666 repere-

1958 5698 2088 5743 runt
2123 5690 2199 5761 (9.)
2235 5707 2247 5742 :
2280 5705 2539 5759 eumque,
2582 5690 2745 5744 sicuti
2778 5689 3059 5757 convenit,
3091 5698 3408 5760 coopertum
3446 5694 3530 5742 at-

1999 5835 2076 5907 (2)
2105 5836 2320 5893 Sozom.
2348 5837 2440 5892 lib.
2479 5852 2596 5903 vm,
2634 5851 2752 5907 cap.
2787 5835 2841 5892 9,
