4006 6536
417 404 524 470 995

1631 403 2052 465 NICEPIIORI
2094 404 2441 466 CALLlS’I’l

3573 401 3682 467 996

413 521 493 576 sis
525 518 592 574 ad
641 516 908 574 Joannem
951 516 1304 588 quibusdam,
1358 517 1659 588 imperator
1705 520 1781 583 ei,
1828 529 1889 574 ut
1933 518 1986 573 (1(

2102 524 2150 574 οί
2175 522 2324 592 αὑτῷ
2368 521 2761 591 προσκείμενοι
2811 518 2912 590 τῆς
2950 493 3245 591 ἐκκλησίας
3283 517 3683 590 ἀναχωρήσαν-

417 611 618 666 throno
655 609 874 665 tandem
908 625 938 664 a
966 611 1182 666 duabus
1215 611 1442 682 synodis
1476 622 1862 666 exauctoratus
1901 612 1997 667 de-

415 703 728 765 scenderet,
781 699 1136 771 signiﬁcavit.
1192 701 1268 756 lbi
1318 716 1552 772 magnus
1599 702 1692 758 ille
1741 702 1826 755 vir
1868 703 1990 770 (l):

420 809 441 844 ι
486 793 617 863 Ego,
655 793 858 864 inquit,
904 809 936 848 a
984 793 1276 849 Servatore
1319 795 1386 849 ad
1444 795 1760 865 episcopale
1793 811 1996 851 munus

416 892 669 952 vocatus,
701 885 959 940 thronum
992 901 1101 941 non
1137 886 1440 956 relinquam
1476 886 1578 956 (2).
1611 889 1682 941 At
1719 887 1766 942 si
1804 887 1926 952 tibi,
1959 902 1994 942 ο

413 975 743 1046 imperator,
775 976 880 1032 hoc
908 979 979 1032 ita
1002 977 1178 1031 visum
1203 985 1312 1043 est,
1333 977 1386 1032 vi
1417 994 1503 1033 me
1531 978 1658 1032 inde
1680 978 1934 1034 deturba.
1966 997 1986 1031 ι

417 1069 502 1124 Illi
554 1085 706 1135 vero,
758 1086 824 1124 ne
874 1085 1040 1141 grave
1085 1071 1384 1141 quidquam
1441 1087 1638 1126 rursus
1687 1072 1990 1139 accideret,

415 1170 751 1224 metuentes,
775 1170 888 1216 tum
921 1162 1144 1233 quidem
1176 1178 1304 1218 eum
1355 1163 1409 1217 in
1457 1163 1736 1218 domicilio
1768 1180 1992 1221 manere

413 1253 563 1323 passi
606 1263 755 1308 sunt.
793 1254 930 1310 Cum
977 1247 1158 1308 autem
1209 1255 1328 1325 ipse
1364 1256 1417 1310 in
1448 1255 1771 1324 episcopatu
1803 1257 1991 1326 quiete

416 1355 627 1414 ageret,
664 1348 756 1415 qui
787 1347 1027 1416 partium
1063 1349 1184 1418 ejus
1214 1358 1394 1414 erant,
1441 1351 1510 1403 ab
1557 1349 1810 1412 ecclesia,
1847 1351 1993 1404 umle

415 1441 572 1509 ('jCCli
611 1438 848 1504 fuerant,
883 1440 1231 1505 secedentes,
1261 1440 1430 1496 ferias
1464 1441 1758 1496 Paschales
1794 1442 1847 1495 in
1883 1458 1989 1511 pu-

417 1532 564 1585 blico
594 1533 832 1597 lavacro,
861 1533 950 1586 cui
983 1532 1445 1588 Constantianum
1479 1549 1682 1588 nomen
1719 1543 1822 1599 est,
1849 1534 1994 1588 cele-

418 1625 644 1676 brarunt
669 1625 768 1693 (⁸5).
795 1624 928 1678 Cum
961 1624 1162 1694 quibus
1189 1625 1431 1694 episcopi
1465 1624 1646 1689 multi,
1673 1633 1729 1680 et
1763 1625 1989 1696 presby-

418 1717 558 1780 teri,
594 1717 801 1782 aliique
838 1716 1195 1772 ecclesiastici
1237 1717 1447 1770 ordinis
1471 1756 1484 1780 ,
1523 1717 1593 1770 ab
1635 1732 1702 1771 eo
1743 1727 1992 1786 tempore

413 1809 582 1865 variis
607 1809 662 1863 itt
685 1811 823 1865 locis
851 1821 1158 1865 conventus
1186 1820 1431 1881 agentes,
1453 1810 1721 1865 Joanuitae
1744 1819 1872 1864 sunt
1897 1824 1992 1864 co-

2097 629 2210 680 τες,
2239 613 2297 665 τὸ
2329 613 2430 682 μέν
2457 611 2647 680 Πάσχα
2677 610 2754 679 τῷ
2779 609 3026 680 δημοσίῳ
3054 607 3290 677 λουτρῷ,
3385 610 3683 662 Κωνσταν-

2097 706 2280 758 τιαναὶ
2309 705 2503 770 δνομα,
2535 703 2826 756 ἐπετέλουν
2847 718 2863 736 ο
2905 702 3002 755 σὺν
3037 703 3224 762 αὐτοῖς
3245 701 3301 754 δὲ
3345 701 3533 754 πολλοὶ
3559 703 3684 755 ἐπί-

2101 815 2294 850 σκοποι
2327 799 2422 850 καὶ
2454 797 2839 867 πρεσϐύτεροι,
2890 795 2986 848 καὶ
3019 794 3170 850 ἄλλοι
3212 795 3679 865 ἐκκλησιαστικοῦ

2096 892 2376 960 τάγματος
2441 889 2500 954 ἐξ
2551 889 2762 942 ἐκείνου
2789 888 2890 952 τὰς
2939 887 3267 956 συναγωγὰς
3295 889 3352 939 ἐν
3391 887 3683 954 διαφόροις

2095 983 2283 1046 τόποις
2353 982 2706 1052 ποιούμενοι,
2755 981 3060 1034 ’ῐωαννῖται
3117 979 3679 1050 προσηγορεύθησαν.

2095 1075 2248 1150 Κατὰ
2297 1075 2354 1126 δέ
2400 1075 2500 1144 τὴν
2553 1074 2706 1144 ἱερὰν
2736 1075 2929 1138 νύκτα,
2962 1075 3028 1145 ἦν
3067 1073 3099 1141 ὴ
3141 1071 3234 1124 τοῦ
3285 1072 3473 1138 Πάσχα
3508 1071 3680 1133 sibilia;

2095 1165 2404 1235 διαδέχεται
2447 1165 2686 1232 φωτεινὴ
2719 1162 2904 1233 ἐορτὴ,
2929 1163 2957 1214 ὁ
2989 1160 3248 1231 βασιλεὺς
3297 1163 3419 1222 τοὺς
3457 1159 3685 1213 ἐπισκό-

2095 1273 2233 1318 πους
2264 1255 2544 1325 ἀθροίσας,
2576 1254 2630 1308 τί
2679 1254 2788 1306 δέοι
2822 1255 3108 1322 πράττειν,
3141 1251 3352 1321 ἠρώτα,
3407 1253 3499 1303 καὶ
3530 1253 3580 1302 εί
3609 1250 3684 1302 τὰ

2094 1348 2358 1416 γινόμενα
2384 1348 2524 1400 κατὰ
2571 1346 2800 1414 γνώμην
2837 1346 2923 1415 είη
2960 1344 3100 1414 Θεῷ.
3157 1345 3219 1396 Οἱ
3247 1345 3292 1396 δ’
3323 1344 3442 1411 ἅμα
3474 1345 3683 1404 πάντες

2100 1440 2198 1510 μιᾷ
2222 1443 2374 1509 φωνῇ
2410 1438 2834 1507 ἀνεφθέγξαντο,
2878 1456 2897 1489 ι
2929 1435 3058 1489 Ἐπὶ
3094 1438 3193 1496 τὰς
3239 1437 3487 1506 κεφαλᾶς
3517 1435 3683 1505 ἡμῶν

2096 1532 2130 1602 ἡ
2165 1532 2416 1586 Ἰωάννου
2457 1532 2540 1602 είη
2589 1531 2936 1602 καθαίρεσις.
2978 1547 2996 1579 ι
3063 1530 3124 1581 Oi
3178 1527 3276 1597 τῆς
3323 1527 3540 1596 μερίδος
3567 1543 3683 1578 τοι·

2097 1623 2304 1694 γαροῦν
2333 1624 2608 1686 Ἰωάννου,
2637 1625 2695 1675 ἐν
2719 1623 2794 1692 τῷ
2816 1623 3097 1692 εἰρημένῳ
3121 1619 3334 1689 λουτρῷ
3360 1619 3458 1688 τὴν
3484 1617 3685 1670 ἐπιλῦ-

2095 1733 2243 1787 χνιον
2268 1716 2367 1785 τῆς
2397 1714 2637 1786 Χριστοῦ
2688 1715 3042 1772 ἀναστάσεως
3091 1711 3477 1772 ἐπιτελοῦντες
3508 1711 3688 1778 πανή-

2096 1823 2276 1876 γυριν,
2306 1807 2375 1858 τὰ
2409 1805 2668 1860 πάνδεινα
2718 1806 2992 1874 πάσχουσι
3035 1805 3173 1873 πρὸς
3220 1804 3328 1856 τῶν
3389 1801 3684 1865 δυσμενῶν

415 1902 746 1971 gnominati.
785 1901 951 1956 Sacra
986 1917 1118 1956 vero
1145 1917 1209 1956 ea
1255 1911 1440 1966 nocte,
1472 1917 1635 1971 quam
1682 1902 1986 1957 luculentus

2111 1899 2360 1953 Ἰωάννου
2423 1899 2517 1950 καί
2550 1915 2710 1952 τινων
2764 1898 3019 1953 ἀτάκτων
3074 1896 3418 1965 ἐπιθεμένων
3464 1895 3680 1955 αὐτοῖς.

417 1991 638 2046 Pascha:
670 1992 930 2048 feriarum
964 1991 1084 2046 dies
1121 1992 1503 2062 consequitur,
1549 1993 1850 2062 imperator
1876 1995 1992 2064 epi-

417 2087 602 2157 scopis
627 2087 973 2151 convocatis,
1009 2085 1144 2156 quid
1179 2084 1326 2140 facto
1361 2101 1501 2155 opus
1537 2096 1708 2151 esset,
1740 2097 1796 2141 et
1829 2103 1898 2142 an
1929 2102 1992 2142 ea

417 2195 542 2249 qua:
573 2181 653 2236 sic
695 2193 1038 2250 gererentur,
1069 2181 1182 2235 Deo
1218 2179 1416 2248 placita
1446 2187 1653 2244 essent,
1685 2180 1994 2250 interroga-

2114 1993 2278 2046 Ἀλλὰ
2307 1994 2359 2045 τί
2388 1992 2470 2044 δεῖ
2500 1991 2682 2057 λέγειν
2713 1990 2874 2056 αὐτὰ,
2905 1991 3021 2043 ἐνὸν
3052 1989 3139 2042 διὰ
3176 1989 3274 2056 τῆς
3307 1986 3514 2040 ἐκείνου
3541 2001 3685 2054 χρυ-

2096 2086 2194 2154 σῆς
2219 2083 2464 2154 γλώττης
2518 2083 2894 2152 ἀκριϐέστατα
2941 2081 3212 2144 διε).θεῖν;
3269 2078 3539 2138 Γενναίως
3566 2078 3683 2143 γὰρ

2098 2178 2341 2241 ὑποστὰς
2367 2179 2436 2230 τὰ
2464 2179 2639 2241 δεινὰ,
2668 2181 2764 2233 καὶ
2792 2177 3106 2248 φιλαληθῶς
3155 2177 3296 2228 αὐτὰ
3327 2175 3682 2241 διηγήσεται.

417 2273 518 2325 rit.
550 2271 654 2338 Qui
703 2287 811 2325 uno
853 2287 948 2326 ore
980 2272 1144 2326 simul
1176 2286 1371 2326 omnes
1410 2271 1792 2325 exclamarunt
1828 2287 1840 2322 :
1881 2289 1898 2322 ι
1939 2272 1986 2325 In

2099 2269 2190 2338 Τῷ
2227 2268 2453 2340 Ῥώμης
2480 2271 2590 2340 γὰρ
2615 2270 2902 2340 ἐπισκόπφ
2947 2269 3296 2338 Ἰννοκεντίῳ,
3323 2269 3386 2320 τὰ
3420 2285 3486 2319 πε
3499 2281 3687 2338 πραγ·

418 2364 600 2433 capita
633 2374 818 2417 nostra
861 2363 1162 2434 abrogatio
1189 2377 1288 2416 seu
1336 2362 1728 2418 condemnatio
1770 2363 1998 2419 Joannis

2105 2363 2244 2434 μένα
2277 2366 2326 2416 oi
2356 2363 2554 2433 δηλῶν,
2580 2365 2674 2416 καὶ
2701 2363 2876 2417 ταῦτα
2918 2362 3280 2432 προστίθησιν
3303 2377 3316 2389 ·

418 2460 711 2515 redundet.
747 2479 765 2512 ι
799 2460 958 2532 391
1008 2458 1320 2515 Sectatores
1368 2474 1535 2529 porro
1577 2459 1805 2514 Joannis
1871 2460 1927 2514 in
1993 2476 2060 2516 eo
2135 2460 2282 2532 quod
2341 2460 2582 2516 diximus
2642 2461 2863 2515 lavacro
2922 2459 3190 2512 illustrem
3260 2456 3688 2512 resurrectionis

417 2553 628 2608 Christi
675 2555 740 2609 ad
790 2555 1041 2608 lucernas
1085 2561 1412 2624 peragentes
1471 2564 1826 2617 conventum,
1887 2570 2152 2624 perquam
2217 2555 2454 2624 graviter
2513 2570 2542 2609 a
2583 2555 2812 2610 Joannis
2882 2553 3140 2615 inimicis,
3187 2553 3579 2619 dissolutisque
3615 2563 3673 2605 et

431 2649 698 2718 improbis
725 2648 1074 2718 quibusdam,
1107 2646 1201 2716 qui
1227 2659 1324 2702 eos
1354 2647 1558 2716 agressi
1584 2647 1824 2711 fuerant,
1897 2658 2023 2702 sunt
2065 2650 2300 2716 accepti.
2365 2647 2481 2713 Qua
2512 2649 2580 2703 de
2617 2664 2676 2704 re
2709 2647 2842 2718 quid
2871 2663 3011 2717 opus
3037 2657 3123 2704 est
3160 2647 3365 2712 dicere,
3397 2662 3520 2700 cum
3551 2663 3684 2701 eam

434 2745 556 2811 ejus
589 2745 760 2814 ipsius
789 2759 954 2798 aurea
1023 2743 1209 2814 lingua
1275 2745 1685 2799 accuratissime
1730 2759 2164 2799 commemorare
2205 2743 2408 2798 liceat?
2457 2744 2562 2810 Qui
2601 2745 2750 2798 enim
2795 2759 3064 2814 generose
3101 2758 3162 2796 ea
3232 2741 3370 2794 mala
3424 2738 3682 2811 pertulit,

433 2853 565 2893 tere
585 2853 802 2908 quoque
835 2852 902 2892 ea
933 2835 1156 2891 referet.
1223 2833 1397 2904 Igitur
1431 2835 1498 2890 ad
1566 2835 1948 2891 Innocentium
2017 2834 2172 2890 urbis
2203 2834 2388 2890 Romae
2416 2835 2759 2906 episcopum,
2801 2836 2868 2891 de
2922 2835 3090 2891 rebus
3117 2835 3230 2890 suis
3259 2836 3523 2901 scribens,
3554 2833 3687 2890 haec

423 2947 644 3001 quoque
672 2931 884 2985 addidit
910 2944 926 2984 :

1003 3044 1229 3102 CAPUT
1269 3042 1410 3099 XIX.

2698 3001 2953 3095 ΚΕΦΑΑ.
2994 3041 3095 3096 ιον.

421 3137 661 3207 Epistola
707 3137 810 3190 diui
852 3135 1244 3214 Clit-yso‘stonti,
1281 3151 1369 3214 _ca_
1402 3137 1612 3214 φης’-εί
1665 3138 1986 3201 acciderunt,

2111 3135 2441 3214 Ἐπιστολὴ
2479 3148 2604 3214 τᾼου.
2643 3134 3298 3214 θειογ-Χρυσρστιξμου,
3346 3132 3685 3214 ,διεξιοῦσα

488 3221 922 3270 commemorans,
951 3205 1000 3258 et
1027 3211 1089 3260 de
1115 3205 1180 3259 iis
1205 3206 1294 3277 qui
1323 3207 1369 3259 ei
1393 3205 1561 3260 exsilii
1590 3215 1822 3277 tempore
1851 3224 1988 3278 pra:-

487 3289 567 3332 alo
599 3279 763 3348 fuere.

495 3409 516 3442 ι
552 3389 838 3456 Quomodo
867 3403 996 3442 vero
1038 3387 1259 3443 tandem
1292 3403 1414 3458 qua!
1447 3388 1527 3444 sic
1564 3399 1683 3444 acta
1730 3403 1898 3456 sunt,
1930 3401 1989 3447 et

419 3482 742 3552 tragwdiam
811 3497 1029 3534 omnem
1092 3482 1252 3550 longe
1299 3492 1604 3550 superant,
1674 3484 1988 3552 explicem?

417 3576 550 3642 Quae
588 3577 767 3627 oratio
795 3588 860 3627 ea
898 3573 1221 3627 recenseat?
1255 3571 1384 3637 Quae
1414 3589 1578 3627 aures
1607 3575 1724 3628 sine
1756 3576 1986 3631 horrore

419 3666 736 3737 excipiant?
786 3666 923 3719 Cum
951 3666 1100 3718 enim
1132 3679 1234 3718 nos
1269 3679 1334 3717 ea
1373 3678 1496 3733 quas
1522 3675 1685 3719 antea
1710 3666 1983 3732 diximus,

417 3759 911 3830 pratenderemus,
963 3754 1214 3810 militaris
1253 3769 1449 3810 manus
1484 3756 1803 3822 confertim,
1860 3758 1983 3830 ipso

418 3849 604 3920 magni
641 3846 872 3904 Sabbati
913 3845 1006 3901 die
1029 3847 1144 3912 jam
1174 3845 1243 3901 ad
1275 3861 1562 3917 vesperam
1605 3853 1888 3917 vergente,
1928 3851 1984 3906 in

417 3940 684 3998 ecclesias
729 3939 1066 4008 irrumpens,
1112 3936 1324 3992 clerum
1382 3953 1492 3994 una
1544 3939 1833 3996 nobiseum
1887 3957 1986 4013 per

415 4034 529 4089 vim
562 4032 757 4105 ejecit,
789 4040 848 4086 et
886 4031 1056 4086 armis
1083 4032 1460 4087 sanctuariutn
1504 4033 1985 4088 circumvallatum

414 4135 537 4190 est;
584 4133 642 4180 et
695 4123 956 4178 mulieres
1003 4137 1072 4177 eo
1129 4131 1374 4193 tempore
1427 4122 1481 4176 in
1531 4124 1740 4180 adibus
1789 4127 1982 4192 sacris,

415 4225 640 4286 propter
673 4215 1004 4284 baptismum
1039 4214 1289 4268 vestibus
1311 4214 1582 4283 depositis
1604 4254 1620 4280 ,
1655 4216 1842 4282 nuda-,
1869 4234 1982 4286 pne

416 4309 616 4362 timore
664 4307 850 4377 gravis
897 4305 1173 4376 ejusmodi
1228 4306 1608 4376 impressionis
1654 4309 1981 4379 profugere;

414 4414 594 4467 neque
626 4399 708 4454 eis
747 4399 1038 4453 honestum
1087 4413 1249 4453 suum
1283 4397 1568 4465 habitum,
1603 4400 1697 4470 qui
1749 4399 1985 4458 feminas

2167 3206 2301 3273 περὶ
2335 3200 2612 3274 αὐτῷ
2642 3200 2896 3272 συνέϐη,
2929 3205 3028 3259 καί
3070 3200 3195 3271 τοῖξ·
3229 3205 3360 3274 περὶ
3393 3205 3582 3257 αὑτὸν
3609 3207 3687 3259 ἐν

2168 3270 2254 3342 τῷ
2282 3270 2394 3342 τῆς
2416 3271 2658 3342 ἐξοριας
2693 3270 2895 3344 καιρῷ.

2172 3407 2191 3440 ι
2226 3389 2347 3452 Πῶς
2384 3387 2451 3442 ἂν
2487 3387 2554 3441 τὰ
2576 3388 2813 3442 ἐνταῦθα
2849 3388 3223 3458 διηγησαίμην
3268 3387 3454 3441 λοιπὸν
3486 3391 3682 3442 πᾶσαν

2095 3481 2496 3550 ὑπερϐαίνοντα
2559 3480 2906 3550 τραγῳδίαν;
2961 3478 3056 3542 Τίς
3107 3481 3247 3532 αὐτὰ
3294 3483 3682 3550 παραστήσειε

2093 3574 2250 3642 λόγος
2282 3591 2297 3639 ;
2360 3573 2496 3628 Ποία
2533 3575 2702 3642 χωρὶς
2764 3573 2971 3641 φρίκης
3005 3572 3212 3637 δέξεται
3253 3574 3433 3644 ἀκοῆς
3478 3575 3681 3642 Ἢμῶν

2093 3665 2205 3736 γὰρ
2238 3663 2432 3730 ταῦτα,
2485 3663 2736 3734 καθάπερ
2767 3663 3078 3733 ἔμπροσθεν
3127 3661 3302 3730 εἷπον,
3356 3670 3678 3734 προτεινόν-

2092 3773 2223 3823 των,
2257 3756 2455 3826 ἁθρόον
2485 3755 2835 3824 στρατιωτῶν
2881 3753 3089 3825 πλῆθος
3135 3756 3284 3826 αὺτῷ
3334 3758 3412 3828 τῷ
3444 3759 3679 3830 μεγάλῳ

2094 3847 2358 3917 Σαϐὄάτῳ
2387 3849 2525 3918 πρὸς
2557 3847 2796 3916 ισπέραν
2838 3848 3028 3901 λοιπὸν
3060 3847 3158 3917 τῆς
3191 3850 3407 3918 ἡμέρας
3453 3851 3681 3919 ἐπειγο-

2095 3939 2289 4012 μένης,
2319 3942 2440 4004 ταῖς
2476 3939 2800 4010 ἐκκλησίαις
2833 3941 3247 4004 ἐπεισελθόντες
3274 3982 3290 4006 ,
3340 3943 3432 3994 τὸν
3463 3941 3679 4013 κλῆρον

2091 4030 2312 4086 ἅπαντα
2333 4031 2422 4083 τὸν
2452 4032 2550 4084 σὺν
2577 4031 2711 4103 ἡμῖν
2737 4032 2874 4102 πρὸς
2905 4034 3027 4102 βίαν
3055 4033 3335 4098 ἐξέϐαλον,
3363 4037 3459 4087 καὶ
3479 4037 3677 4101 ὅπλοις

2091 4123 2153 4174 τὸ
2187 4121 2340 4192 βῆμα
2376 4123 2811 4192 περιεστοὶχιστο
2834 4139 2848 4153 ·
2906 4125 3004 4176 καὶ
3035 4128 3297 4192 γυναῖκες
3330 4128 3440 4178 τῶν
3469 4130 3679 4196 εὐκτη-

2096 4215 2227 4285 ρίων
2273 4214 2438 4267 οἴκων
2491 4214 2628 4283 πρὸς
2675 4213 2736 4266 τὸ
2780 4213 3070 4284 βάπτισμα
3096 4217 3508 4286 ἅποδυσάμεναι
3545 4223 3677 4274 κατ’

2092 4306 2253 4359 αὑτὸν
2283 4305 2374 4358 τὸν
2404 4306 2621 4375 καιρὸν,
2646 4310 2858 4374 γυμναὶ
2890 4309 3090 4376 ἔφυγον
3122 4311 3229 4361 ἀπὸ
3258 4311 3346 4362 τοῦ
3382 4314 3547 4379 φόϐου
3572 4315 3675 4384 τῆς

2091 4400 2336 4470 χαλεπῆς
2367 4399 2574 4468 ταύτης
2604 4400 2821 4468 ἐφόδου,
2853 4402 2976 4456 οὐδὲ
3012 4403 3109 4472 τὴν
3131 4405 3452 4472 πρέπουσαν
3481 4423 3676 4473 γυναι-

414 4497 651 4550 tnaxime
682 4495 861 4558 decet,
903 4511 1123 4550 sumere
1145 4535 1160 4560 ,
1188 4511 1363 4564 seque
1397 4496 1622 4552 amicire
1654 4500 1980 4566 permissum

2097 4491 2175 4556 ξὶν
2206 4491 2623 4562 εὐσχημοσύνην
2656 4509 3114 4564 συγχωρουμεναι
3157 4497 3494 4567 περιθέσθαι.
3529 4502 3668 4552 Πολ-

412 4597 520 4639 est.
555 4584 734 4636 Multae
756 4600 884 4638 vero
919 4585 1241 4638 vulneribus
1275 4587 1440 4640 etiam
1473 4588 1714 4655 acceptis
1742 4590 1981 4657 expulsa:

413 4686 570 4731 sunt.
602 4675 845 4730 Lavacra
886 4677 1002 4745 ipsa
1033 4677 1297 4743 sanguine
1324 4679 1556 4746 repleta,
1593 4687 1651 4732 et
1677 4681 1821 4733 sacri
1854 4680 1982 4734 lati-

412 4783 509 4822 ces
548 4781 828 4836 purpureo
867 4767 1148 4836 sanguinis
1177 4771 1360 4822 colore
1405 4768 1617 4824 infecti.
1668 4768 1873 4826 Verum
1913 4785 1982 4825 ne

412 4860 468 4914 in
524 4858 628 4913 hoc
659 4858 880 4927 quidem
937 4873 1179 4912 aerumna
1233 4859 1348 4913 haec
1411 4861 1682 4915 constitit.
1735 4863 1842 4916 Sed
1890 4863 1980 4918 ubi

411 4960 598 5007 sancta
641 4961 772 5004 sunt
807 4951 1073 5020 reposita,
1104 4967 1169 5005 eo
1202 4952 1406 5005 milites
1439 4953 1706 5022 ingressi;
1741 4970 1976 5021 quorum

411 5041 686 5108 nonnulli,
721 5041 884 5095 sicuti
929 5043 1265 5110 accepimus,
1299 5040 1630 5098 Christianis
1664 5045 1836 5099 sacris
1868 5045 1981 5099 ini-

414 5137 532 5191 tiati
575 5152 683 5191 non
733 5145 929 5199 erant;
973 5145 1029 5188 et
1061 5135 1282 5196 penitus
1317 5137 1501 5190 omnia
1536 5137 1979 5205 perlustrarnnt,

413 5239 468 5282 ct
509 5228 892 5282 sanatissimus
932 5227 1134 5281 Christi
1185 5231 1429 5297 sanguis,
1485 5230 1539 5282 in
1574 5239 1727 5283 tanto
1771 5229 1979 5284 scilii'et

415 5320 679 5382 tumultu,
719 5321 772 5372 in
813 5335 1005 5373 eorum
1046 5321 1142 5387 qui
1180 5320 1311 5372 dicti
1348 5328 1496 5382 sunt,
1536 5322 1773 5374 militum
1808 5321 1980 5374 vesti-

485 5470 560 5539 (I)
592 5469 736 5538 Ἐγὼ
772 5471 922 5540 παρὰ
974 5470 1069 5522 τοῦ
1103 5473 1353 5540 Σωτῆρος
1398 5473 1698 5539 ἱερατεύειν
1729 5471 1976 5540 κληθεὶς,

411 5541 474 5614 οὐ
501 5541 719 5614 μεθήσω
747 5541 836 5592 τὸν
861 5541 1068 5614 Θρόνον.
1101 5540 1160 5592 Ei
1275 5544 1356 5593 σοὶ
1386 5543 1544 5593 τοῦτο
1571 5547 1708 5595 κατα
1731 5547 1978 5614 γνώμην,

413 5605 459 5663 ὦ
495 5605 742 5679 βασιλεῦ,
780 5605 914 5679 πρὸς
951 5609 1076 5678 βίαν
1098 5628 1165 5679 με
1187 5611 1408 5675 ἐξωσον.

486 5680 562 5753 t2)
593 5681 738 5753 idem
767 5681 995 5753 verbum
1031 5685 1310 5753 usurpavit
1337 5682 1658 5736 Ambrosius
1687 5686 1829 5753 apud
1870 5686 1975 5742 Va-

412 5751 765 5821 letttiniarum
787 5751 1061 5821 junioretn
1093 5752 1186 5803 lib.
1216 5767 1310 5812 xu,
1348 5770 1469 5820 cap.
1543 5755 1622 5805 I9.

482 5820 558 5892 (5)
588 5820 854 5892 Tempore
878 5822 1113 5891 paschali
1140 5837 1410 5890 prmcipue
1442 5825 1565 5874 uliilt
1597 5826 1974 5879 caterltuutrni

2091 4583 2180 4635 λαὶ
2209 4583 2264 4636 δέ
2297 4584 2390 4636 καὶ
2436 4585 2732 4654 τραύματα
2771 4585 3056 4655 λαϐοῦσαι,
3112 4589 3502 4654 ἐξεϐάλλοντοσ
3569 4595 3674 4646 καὶ

2089 4673 2322 4743 αίματος
2351 4677 2409 4728 αἱ
2463 4673 2844 4748 κολυμὸῆθραι
2903 4679 3259 4750 ἐπληροῦντο,
3300 4686 3394 4736 καὶ
3438 4688 3505 4735 τὰ
3543 4688 3672 4754 ίερὶ

2091 4765 2199 4818 ἀπὸ
2223 4767 2332 4818 τῶν
2365 4768 2618 4837 αἱμάτων
2649 4768 2989 4835 ἐφοινίσσετο
3014 4774 3252 4842 νάματα.
3289 4776 3398 4827 Καὶ
3427 4777 3546 4829 οὐδὲ
3579 4781 3671 4832 ἐν-

2090 4859 2263 4912 ταῦθα
2298 4861 2543 4930 είστήκει
2576 4862 2636 4914 τὸ
2679 4863 2885 4916 δεινόν·
2937 4864 3055 4916 ἀλλ’
3089 4866 3218 4920 ἔνθα
3247 4869 3313 4920 τὰ
3347 4869 3477 4936 ἅγια
3523 4873 3666 4923 ἁπέ-

2090 4967 2270 5003 κειντο
2303 4952 2638 5016 είσε>.θόντες
2673 4955 2722 5006 oi
2774 4957 3126 5026 στρατιῶται,
3174 4952 3249 5012 ὧν
3284 4960 3436 5023 ἔνιοι,
3481 4962 3667 5028 καθὼς

2088 5043 2430 5112 ἐπέγνωμεν,
2464 5046 2558 5097 καὶ
2587 5044 2827 5115 ἀμύητοι
2872 5043 3034 5117 ἦσαν,
3070 5049 3249 5104 πάντα
3281 5069 3337 5102 τε
3371 5054 3559 5122 ἐώρων
3596 5058 3667 5106 τὰ

2093 5135 2260 5198 ἔνδον,
2291 5138 2385 5187 καὶ
2430 5137 2492 5188 τὸ
2522 5138 2825 5203 ἁγιώτατον
2858 5139 2950 5192 τοῦ
3001 5141 3240 5208 Χριστοῦ
3291 5135 3450 5212 αἷμα,
3482 5146 3556 5206 ὡς
3607 5149 3667 5198 ἐν

2090 5228 2326 5298 τοσούτῳ
2359 5227 2591 5297 θορύϐῳ,
2640 5232 2719 5289 εἰς
2765 5233 2832 5283 τὰ
2883 5235 2990 5285 τῶν
3049 5237 3462 5305 προειρημένων
3489 5253 3664 5304 στρα-

2090 5318 2298 5368 τιωτών
2335 5321 2523 5387 ἱμάτια
2553 5322 2791 5390 ἐξεχεῖτο
2812 5338 2826 5350 ·
2856 5328 2945 5376 καὶ
2965 5326 3037 5388 ὡς
3063 5330 3118 5377 ἐν
3149 5329 3492 5396 αιλμαὶωσέᾳ
3526 5333 3663 5397 βαρ-

2089 5475 2533 5544 baptizabantnr.
2587 5493 2684 5546 per
2722 5478 3118 5534 hebdomadam
3171 5491 3357 5544 totam,
3396 5481 3556 5534 sicuti
3601 5492 3659 5533 et

2091 5562 2187 5614 per
2219 5547 2573 5614 septimanam
2604 5549 2972 5612 Pentecostcs,
2999 5550 3197 5604 Beatus
3220 5553 3518 5604 Rhenanus
3547 5552 3654 5603 huc

2089 5617 2422 5678 observavit,
2487 5620 2539 5672 in
2577 5618 2806 5671 Tertull.
2843 5622 3225 5673 adnotationes
3265 5622 3538 5674 scribens;
3601 5631 3658 5673 et

2093 5696 2362 5738 trstaulur
2420 5689 2522 5741 hoc
2577 5704 2721 5742 nunc
2755 5705 2970 5757 quoque
3024 5692 3314 5745 cantilena:
3352 5692 3654 5756 soletnucs,

2093 5757 2274 5826 hymni
2320 5767 2371 5810 ct
2411 5760 2752 5825 precationes
2777 5759 3052 5814 ECCICSiiC.
