  <div class='ocr_page' id='page_1' title='image "/cluster/home/n/w/nwhite01/storage/ocr_20150623/146/hvd.32044019208347/509.png"; bbox 0 0 3930 6578; ppageno 0'>
   <div class='ocr_carea' id='block_1_1' title="bbox 485 306 723 413">
    <p class='ocr_par' dir='ltr' id='par_1_1' title="bbox 485 306 723 413">
     <span class='ocr_line' id='line_1_1' title="bbox 485 306 723 413; baseline 0.008 -1"><span class='ocrx_word' id='word_1_1' title='bbox 485 353 622 413; x_wconf 75' lang='grc' dir='ltr'><strong>ιου3</strong></span> <span class='ocrx_word' id='word_1_2' title='bbox 720 306 723 307; x_wconf 15' lang='grc' dir='ltr'>ί</span> 
     </span>
    </p>
   </div>
   <div class='ocr_carea' id='block_1_2' title="bbox 1705 346 2506 408">
    <p class='ocr_par' dir='ltr' id='par_1_2' title="bbox 1705 346 2506 408">
     <span class='ocr_line' id='line_1_2' title="bbox 1705 346 2506 408; baseline -0.004 0"><span class='ocrx_word' id='word_1_3' title='bbox 1705 346 2125 408; x_wconf 77' lang='lat' dir='ltr'><strong>NICEPHORI</strong></span> <span class='ocrx_word' id='word_1_4' title='bbox 2165 346 2506 407; x_wconf 72' lang='lat' dir='ltr'><strong>CALLiSTI</strong></span> 
     </span>
    </p>
   </div>
   <div class='ocr_carea' id='block_1_3' title="bbox 3584 344 3708 410">
    <p class='ocr_par' dir='ltr' id='par_1_3' title="bbox 3584 344 3708 410">
     <span class='ocr_line' id='line_1_3' title="bbox 3584 344 3708 410; baseline 0.016 -2"><span class='ocrx_word' id='word_1_5' title='bbox 3584 344 3708 410; x_wconf 68' lang='lat' dir='ltr'><strong>10M</strong></span> 
     </span>
    </p>
   </div>
   <div class='ocr_carea' id='block_1_4' title="bbox 476 451 2046 528">
    <p class='ocr_par' dir='ltr' id='par_1_4' title="bbox 476 454 2031 528">
     <span class='ocr_line' id='line_1_4' title="bbox 476 454 2031 528; baseline -0.006 -13"><span class='ocrx_word' id='word_1_6' title='bbox 476 463 915 525; x_wconf 82' lang='lat' dir='ltr'><strong>transverberat;</strong></span> <span class='ocrx_word' id='word_1_7' title='bbox 940 456 1140 513; x_wconf 88' lang='lat' dir='ltr'><strong>deinde</strong></span> <span class='ocrx_word' id='word_1_8' title='bbox 1169 456 1403 513; x_wconf 88' lang='lat' dir='ltr'><strong>alterum</strong></span> <span class='ocrx_word' id='word_1_9' title='bbox 1430 471 1648 528; x_wconf 84' lang='lat' dir='ltr'><strong>quoque</strong></span> <span class='ocrx_word' id='word_1_10' title='bbox 1674 458 1903 527; x_wconf 72' lang='lat' dir='ltr'><strong>jugulat,</strong></span> <span class='ocrx_word' id='word_1_11' title='bbox 1938 454 2031 523; x_wconf 87' lang='lat' dir='ltr'><strong>qui</strong></span> 
     </span>
    </p>
   </div>
   <div class='ocr_carea' id='block_1_5' title="bbox 2149 451 3708 528">
    <p class='ocr_par' dir='ltr' id='par_1_5' title="bbox 2149 451 3708 527">
     <span class='ocr_line' id='line_1_5' title="bbox 2149 451 3708 527; baseline 0.001 -20"><span class='ocrx_word' id='word_1_12' title='bbox 2149 453 2287 522; x_wconf 66' lang='lat' dir='ltr'><strong>Boni;</strong></span> <span class='ocrx_word' id='word_1_13' title='bbox 2342 458 2437 509; x_wconf 75' lang='lat' dir='ltr'><strong>tul</strong></span> <span class='ocrx_word' id='word_1_14' title='bbox 2497 457 2738 527; x_wconf 80' lang='grc' dir='ltr'>σχήμασι</span> <span class='ocrx_word' id='word_1_15' title='bbox 2799 453 3339 524; x_wconf 74' lang='grc' dir='ltr'>παρακελευομένων</span> <span class='ocrx_word' id='word_1_16' title='bbox 3406 451 3512 504; x_wconf 68' lang='grc' dir='ltr'>ὑπὸ</span> <span class='ocrx_word' id='word_1_17' title='bbox 3562 456 3708 523; x_wconf 80' lang='grc' dir='ltr'>χεῖρα</span> 
     </span>
    </p>
   </div>
   <div class='ocr_carea' id='block_1_6' title="bbox 474 548 2041 623">
    <p class='ocr_par' dir='ltr' id='par_1_6' title="bbox 474 548 2041 623">
     <span class='ocr_line' id='line_1_6' title="bbox 474 548 2041 623; baseline -0.006 -16"><span class='ocrx_word' id='word_1_18' title='bbox 474 554 541 609; x_wconf 89' lang='lat' dir='ltr'><strong>ad</strong></span> <span class='ocrx_word' id='word_1_19' title='bbox 569 554 730 623; x_wconf 87' lang='lat' dir='ltr'><strong>primi</strong></span> <span class='ocrx_word' id='word_1_20' title='bbox 762 553 912 607; x_wconf 88' lang='lat' dir='ltr'><strong>illius</strong></span> <span class='ocrx_word' id='word_1_21' title='bbox 952 553 1121 609; x_wconf 87' lang='lat' dir='ltr'><strong>ictum</strong></span> <span class='ocrx_word' id='word_1_22' title='bbox 1149 550 1586 613; x_wconf 70' lang='lat' dir='ltr'><strong>exclamaverat;</strong></span> <span class='ocrx_word' id='word_1_23' title='bbox 1622 549 1848 603; x_wconf 90' lang='lat' dir='ltr'><strong>tertium</strong></span> <span class='ocrx_word' id='word_1_24' title='bbox 1886 548 2041 600; x_wconf 89' lang='lat' dir='ltr'><strong>insu-</strong></span> 
     </span>
    </p>
   </div>
   <div class='ocr_carea' id='block_1_7' title="bbox 474 641 2044 716">
    <p class='ocr_par' dir='ltr' id='par_1_7' title="bbox 474 641 2044 716">
     <span class='ocr_line' id='line_1_7' title="bbox 474 641 2044 716; baseline -0.004 -16"><span class='ocrx_word' id='word_1_25' title='bbox 474 660 570 716; x_wconf 85' lang='lat' dir='ltr'><strong>per</strong></span> <span class='ocrx_word' id='word_1_26' title='bbox 596 644 867 700; x_wconf 73' lang='lat' dir='ltr'><strong>confodit.</strong></span> <span class='ocrx_word' id='word_1_27' title='bbox 899 646 1137 709; x_wconf 82' lang='lat' dir='ltr'><strong>Etcum,</strong></span> <span class='ocrx_word' id='word_1_28' title='bbox 1170 645 1331 700; x_wconf 84' lang='lat' dir='ltr'><strong>sicuti</strong></span> <span class='ocrx_word' id='word_1_29' title='bbox 1360 643 1475 697; x_wconf 84' lang='lat' dir='ltr'><strong>ﬂeri</strong></span> <span class='ocrx_word' id='word_1_30' title='bbox 1502 644 1661 704; x_wconf 84' lang='lat' dir='ltr'><strong>solet.</strong></span> <span class='ocrx_word' id='word_1_31' title='bbox 1698 641 1966 695; x_wconf 84' lang='lat' dir='ltr'><strong>tumultus</strong></span> <span class='ocrx_word' id='word_1_32' title='bbox 1986 651 2044 695; x_wconf 92' lang='lat' dir='ltr'><strong>ct</strong></span> 
     </span>
    </p>
   </div>
   <div class='ocr_carea' id='block_1_8' title="bbox 472 731 2043 800">
    <p class='ocr_par' dir='ltr' id='par_1_8' title="bbox 472 731 2043 800">
     <span class='ocr_line' id='line_1_8' title="bbox 472 731 2043 800; baseline -0.005 -9"><span class='ocrx_word' id='word_1_33' title='bbox 472 737 798 793; x_wconf 78' lang='lat' dir='ltr'><strong>vociferatio</strong></span> <span class='ocrx_word' id='word_1_34' title='bbox 836 746 1027 793; x_wconf 78' lang='lat' dir='ltr'><strong>exorta</strong></span> <span class='ocrx_word' id='word_1_35' title='bbox 1060 745 1227 800; x_wconf 82' lang='lat' dir='ltr'><strong>esset,</strong></span> <span class='ocrx_word' id='word_1_36' title='bbox 1265 736 1356 790; x_wconf 90' lang='lat' dir='ltr'><strong>ille</strong></span> <span class='ocrx_word' id='word_1_37' title='bbox 1392 746 1570 789; x_wconf 89' lang='lat' dir='ltr'><strong>tamen</strong></span> <span class='ocrx_word' id='word_1_38' title='bbox 1604 733 1877 787; x_wconf 71' lang='lat' dir='ltr'><strong>violenter</strong></span> <span class='ocrx_word' id='word_1_39' title='bbox 1899 731 2043 785; x_wconf 76' lang='lat' dir='ltr'><strong>effu-</strong></span> 
     </span>
    </p>
   </div>
   <div class='ocr_carea' id='block_1_9' title="bbox 474 824 2042 900">
    <p class='ocr_par' dir='ltr' id='par_1_9' title="bbox 474 824 2042 900">
     <span class='ocr_line' id='line_1_9' title="bbox 474 824 2042 900; baseline -0.006 -16"><span class='ocrx_word' id='word_1_40' title='bbox 474 832 553 900; x_wconf 82' lang='lat' dir='ltr'><strong>git</strong></span> <span class='ocrx_word' id='word_1_41' title='bbox 590 848 604 884; x_wconf 88' lang='lat'><strong>:</strong></span> <span class='ocrx_word' id='word_1_42' title='bbox 635 829 936 899; x_wconf 85' lang='lat' dir='ltr'><strong>multisque</strong></span> <span class='ocrx_word' id='word_1_43' title='bbox 967 844 1091 884; x_wconf 91' lang='lat' dir='ltr'><strong>eum</strong></span> <span class='ocrx_word' id='word_1_44' title='bbox 1117 826 1603 898; x_wconf 86' lang='lat' dir='ltr'><strong>persequentibus,</strong></span> <span class='ocrx_word' id='word_1_45' title='bbox 1644 834 1804 893; x_wconf 81' lang='lat' dir='ltr'><strong>atque</strong></span> <span class='ocrx_word' id='word_1_46' title='bbox 1834 824 2042 878; x_wconf 87' lang='lat' dir='ltr'><strong>clamo-</strong></span> 
     </span>
    </p>
   </div>
   <div class='ocr_carea' id='block_1_10' title="bbox 475 913 2041 991">
    <p class='ocr_par' dir='ltr' id='par_1_10' title="bbox 475 913 2041 991">
     <span class='ocr_line' id='line_1_10' title="bbox 475 913 2041 991; baseline -0.005 -16"><span class='ocrx_word' id='word_1_47' title='bbox 475 924 629 977; x_wconf 82' lang='lat' dir='ltr'><strong>ribus</strong></span> <span class='ocrx_word' id='word_1_48' title='bbox 684 921 967 991; x_wconf 78' lang='lat' dir='ltr'><strong>signisque</strong></span> <span class='ocrx_word' id='word_1_49' title='bbox 1014 916 1492 980; x_wconf 88' lang='lat' dir='ltr'><strong>denuntiantibus,</strong></span> <span class='ocrx_word' id='word_1_50' title='bbox 1537 924 1595 969; x_wconf 92' lang='lat' dir='ltr'><strong>ut</strong></span> <span class='ocrx_word' id='word_1_51' title='bbox 1637 928 1935 983; x_wconf 81' lang='lat' dir='ltr'><strong>percussor</strong></span> <span class='ocrx_word' id='word_1_52' title='bbox 1987 913 2041 967; x_wconf 84' lang='lat' dir='ltr'><strong>in</strong></span> 
     </span>
    </p>
   </div>
   <div class='ocr_carea' id='block_1_11' title="bbox 473 1006 2043 1084">
    <p class='ocr_par' dir='ltr' id='par_1_11' title="bbox 473 1006 2043 1084">
     <span class='ocr_line' id='line_1_11' title="bbox 473 1006 2043 1084; baseline -0.007 -14"><span class='ocrx_word' id='word_1_53' title='bbox 473 1015 599 1084; x_wconf 84' lang='lat' dir='ltr'><strong>fuga</strong></span> <span class='ocrx_word' id='word_1_54' title='bbox 630 1023 889 1082; x_wconf 80' lang='lat' dir='ltr'><strong>exceptus</strong></span> <span class='ocrx_word' id='word_1_55' title='bbox 923 1010 1505 1081; x_wconf 81' lang='lat' dir='ltr'><strong>comprehenderetur,</strong></span> <span class='ocrx_word' id='word_1_56' title='bbox 1536 1007 1700 1079; x_wconf 76' lang='lat'><strong>396</strong></span> <span class='ocrx_word' id='word_1_57' title='bbox 1727 1022 1793 1060; x_wconf 74' lang='lat' dir='ltr'><strong>ex</strong></span> <span class='ocrx_word' id='word_1_58' title='bbox 1844 1006 2043 1060; x_wconf 87' lang='lat' dir='ltr'><strong>balneo</strong></span> 
     </span>
    </p>
   </div>
   <div class='ocr_carea' id='block_1_12' title="bbox 474 1100 2041 1176">
    <p class='ocr_par' dir='ltr' id='par_1_12' title="bbox 474 1100 2041 1176">
     <span class='ocr_line' id='line_1_12' title="bbox 474 1100 2041 1176; baseline -0.008 -14"><span class='ocrx_word' id='word_1_59' title='bbox 474 1108 695 1175; x_wconf 83' lang='lat' dir='ltr'><strong>quidam</strong></span> <span class='ocrx_word' id='word_1_60' title='bbox 736 1114 859 1176; x_wconf 91' lang='lat' dir='ltr'><strong>post</strong></span> <span class='ocrx_word' id='word_1_61' title='bbox 891 1104 1150 1158; x_wconf 90' lang='lat' dir='ltr'><strong>lotioncm</strong></span> <span class='ocrx_word' id='word_1_62' title='bbox 1206 1116 1336 1155; x_wconf 89' lang='lat' dir='ltr'><strong>casu</strong></span> <span class='ocrx_word' id='word_1_63' title='bbox 1392 1100 1630 1170; x_wconf 90' lang='lat' dir='ltr'><strong>quodam</strong></span> <span class='ocrx_word' id='word_1_64' title='bbox 1672 1111 2041 1167; x_wconf 86' lang='lat' dir='ltr'><strong>progressus,</strong></span> 
     </span>
    </p>
   </div>
   <div class='ocr_carea' id='block_1_13' title="bbox 475 1189 2041 1264">
    <p class='ocr_par' dir='ltr' id='par_1_13' title="bbox 475 1189 2041 1264">
     <span class='ocr_line' id='line_1_13' title="bbox 475 1189 2041 1264; baseline -0.006 -12"><span class='ocrx_word' id='word_1_65' title='bbox 475 1200 756 1253; x_wconf 80' lang='lat' dir='ltr'><strong>hominem</strong></span> <span class='ocrx_word' id='word_1_66' title='bbox 823 1193 1265 1264; x_wconf 86' lang='lat' dir='ltr'><strong>comprehendit.</strong></span> <span class='ocrx_word' id='word_1_67' title='bbox 1329 1192 1532 1246; x_wconf 68' lang='lat' dir='ltr'><strong>Verum</strong></span> <span class='ocrx_word' id='word_1_68' title='bbox 1584 1198 1639 1243; x_wconf 82' lang='lat' dir='ltr'><strong>et</strong></span> <span class='ocrx_word' id='word_1_69' title='bbox 1689 1189 1778 1243; x_wconf 87' lang='lat' dir='ltr'><strong>hic</strong></span> <span class='ocrx_word' id='word_1_70' title='bbox 1817 1202 2041 1258; x_wconf 89' lang='lat' dir='ltr'><strong>quoque</strong></span> 
     </span>
    </p>
   </div>
   <div class='ocr_carea' id='block_1_14' title="bbox 474 1284 2040 1358">
    <p class='ocr_par' dir='ltr' id='par_1_14' title="bbox 474 1284 2040 1358">
     <span class='ocr_line' id='line_1_14' title="bbox 474 1284 2040 1358; baseline -0.003 -17"><span class='ocrx_word' id='word_1_71' title='bbox 474 1290 764 1344; x_wconf 80' lang='lat' dir='ltr'><strong>confestim</strong></span> <span class='ocrx_word' id='word_1_72' title='bbox 809 1288 1047 1358; x_wconf 90' lang='lat' dir='ltr'><strong>pugione</strong></span> <span class='ocrx_word' id='word_1_73' title='bbox 1076 1286 1220 1341; x_wconf 89' lang='lat' dir='ltr'><strong>ictus</strong></span> <span class='ocrx_word' id='word_1_74' title='bbox 1253 1284 1498 1338; x_wconf 87' lang='lat' dir='ltr'><strong>concidit</strong></span> <span class='ocrx_word' id='word_1_75' title='bbox 1518 1324 1532 1347; x_wconf 89' lang='lat'><strong>,</strong></span> <span class='ocrx_word' id='word_1_76' title='bbox 1561 1293 1615 1337; x_wconf 93' lang='lat' dir='ltr'><strong>et</strong></span> <span class='ocrx_word' id='word_1_77' title='bbox 1651 1291 1906 1336; x_wconf 89' lang='lat' dir='ltr'><strong>mortuus</strong></span> <span class='ocrx_word' id='word_1_78' title='bbox 1936 1290 2040 1337; x_wconf 90' lang='lat' dir='ltr'><strong>est.</strong></span> 
     </span>
    </p>
   </div>
   <div class='ocr_carea' id='block_1_15' title="bbox 474 1375 2041 1449">
    <p class='ocr_par' dir='ltr' id='par_1_15' title="bbox 474 1375 2041 1449">
     <span class='ocr_line' id='line_1_15' title="bbox 474 1375 2041 1449; baseline -0.008 -10"><span class='ocrx_word' id='word_1_79' title='bbox 474 1383 577 1439; x_wconf 87' lang='lat' dir='ltr'><strong>Ubi</strong></span> <span class='ocrx_word' id='word_1_80' title='bbox 623 1390 805 1436; x_wconf 85' lang='lat' dir='ltr'><strong>autem</strong></span> <span class='ocrx_word' id='word_1_81' title='bbox 835 1381 890 1433; x_wconf 92' lang='lat' dir='ltr'><strong>in</strong></span> <span class='ocrx_word' id='word_1_82' title='bbox 934 1388 1119 1449; x_wconf 88' lang='lat' dir='ltr'><strong>partes</strong></span> <span class='ocrx_word' id='word_1_83' title='bbox 1141 1393 1332 1431; x_wconf 82' lang='lat' dir='ltr'><strong>omnes</strong></span> <span class='ocrx_word' id='word_1_84' title='bbox 1360 1375 1698 1446; x_wconf 80' lang='lat' dir='ltr'><strong>profugiens,</strong></span> <span class='ocrx_word' id='word_1_85' title='bbox 1730 1390 1759 1429; x_wconf 87' lang='lat' dir='ltr'><strong>a</strong></span> <span class='ocrx_word' id='word_1_86' title='bbox 1790 1375 2041 1428; x_wconf 82' lang='lat' dir='ltr'><strong>multitu-</strong></span> 
     </span>
    </p>
   </div>
   <div class='ocr_carea' id='block_1_16' title="bbox 473 1466 2044 1543">
    <p class='ocr_par' dir='ltr' id='par_1_16' title="bbox 473 1466 2044 1543">
     <span class='ocr_line' id='line_1_16' title="bbox 473 1466 2044 1543; baseline -0.006 -14"><span class='ocrx_word' id='word_1_87' title='bbox 473 1476 623 1538; x_wconf 88' lang='lat' dir='ltr'><strong>dine,</strong></span> <span class='ocrx_word' id='word_1_88' title='bbox 652 1487 772 1543; x_wconf 70' lang='lat' dir='ltr'><strong>qua:</strong></span> <span class='ocrx_word' id='word_1_89' title='bbox 801 1486 929 1527; x_wconf 91' lang='lat' dir='ltr'><strong>eum</strong></span> <span class='ocrx_word' id='word_1_90' title='bbox 974 1469 1366 1534; x_wconf 78' lang='lat' dir='ltr'><strong>circumdedit,</strong></span> <span class='ocrx_word' id='word_1_91' title='bbox 1406 1477 1601 1536; x_wconf 88' lang='lat' dir='ltr'><strong>captus</strong></span> <span class='ocrx_word' id='word_1_92' title='bbox 1640 1475 1754 1527; x_wconf 83' lang='lat' dir='ltr'><strong>est,</strong></span> <span class='ocrx_word' id='word_1_93' title='bbox 1784 1466 1837 1520; x_wconf 92' lang='lat' dir='ltr'><strong>in</strong></span> <span class='ocrx_word' id='word_1_94' title='bbox 1871 1466 2044 1535; x_wconf 84' lang='lat' dir='ltr'><strong>impe-</strong></span> 
     </span>
    </p>
   </div>
   <div class='ocr_carea' id='block_1_17' title="bbox 475 1557 2043 1622">
    <p class='ocr_par' dir='ltr' id='par_1_17' title="bbox 475 1557 2043 1622">
     <span class='ocr_line' id='line_1_17' title="bbox 475 1557 2043 1622; baseline -0.006 0"><span class='ocrx_word' id='word_1_95' title='bbox 475 1566 668 1622; x_wconf 86' lang='lat' dir='ltr'><strong>rialem</strong></span> <span class='ocrx_word' id='word_1_96' title='bbox 713 1565 939 1619; x_wconf 88' lang='lat' dir='ltr'><strong>domum</strong></span> <span class='ocrx_word' id='word_1_97' title='bbox 990 1576 1115 1617; x_wconf 91' lang='lat' dir='ltr'><strong>eum</strong></span> <span class='ocrx_word' id='word_1_98' title='bbox 1157 1562 1247 1616; x_wconf 86' lang='lat' dir='ltr'><strong>illa</strong></span> <span class='ocrx_word' id='word_1_99' title='bbox 1290 1561 1522 1615; x_wconf 68' lang='lat' dir='ltr'><strong>abduxit</strong></span> <span class='ocrx_word' id='word_1_100' title='bbox 1555 1579 1568 1614; x_wconf 87' lang='lat'><strong>:</strong></span> <span class='ocrx_word' id='word_1_101' title='bbox 1605 1567 1661 1613; x_wconf 90' lang='lat' dir='ltr'><strong>et</strong></span> <span class='ocrx_word' id='word_1_102' title='bbox 1705 1573 1829 1613; x_wconf 92' lang='lat' dir='ltr'><strong>cum</strong></span> <span class='ocrx_word' id='word_1_103' title='bbox 1859 1557 1928 1612; x_wconf 88' lang='lat' dir='ltr'><strong>ab</strong></span> <span class='ocrx_word' id='word_1_104' title='bbox 1975 1573 2043 1612; x_wconf 90' lang='lat' dir='ltr'><strong>eo</strong></span> 
     </span>
    </p>
   </div>
   <div class='ocr_carea' id='block_1_18' title="bbox 476 1651 2040 1729">
    <p class='ocr_par' dir='ltr' id='par_1_18' title="bbox 476 1651 2040 1729">
     <span class='ocr_line' id='line_1_18' title="bbox 476 1651 2040 1729; baseline -0.006 -16"><span class='ocrx_word' id='word_1_105' title='bbox 476 1660 572 1729; x_wconf 91' lang='lat' dir='ltr'><strong>qui</strong></span> <span class='ocrx_word' id='word_1_106' title='bbox 617 1672 762 1712; x_wconf 89' lang='lat' dir='ltr'><strong>unus</strong></span> <span class='ocrx_word' id='word_1_107' title='bbox 815 1672 881 1712; x_wconf 78' lang='lat' dir='ltr'><strong>ex</strong></span> <span class='ocrx_word' id='word_1_108' title='bbox 941 1656 1050 1710; x_wconf 85' lang='lat' dir='ltr'><strong>illis</strong></span> <span class='ocrx_word' id='word_1_109' title='bbox 1092 1656 1187 1724; x_wconf 84' lang='lat' dir='ltr'><strong>qui</strong></span> <span class='ocrx_word' id='word_1_110' title='bbox 1242 1653 1510 1708; x_wconf 85' lang='lat' dir='ltr'><strong>Joannem</strong></span> <span class='ocrx_word' id='word_1_111' title='bbox 1548 1651 1820 1716; x_wconf 87' lang='lat' dir='ltr'><strong>odissent,</strong></span> <span class='ocrx_word' id='word_1_112' title='bbox 1873 1659 2040 1713; x_wconf 87' lang='lat' dir='ltr'><strong>esset,</strong></span> 
     </span>
    </p>
   </div>
   <div class='ocr_carea' id='block_1_19' title="bbox 477 1742 2046 1820">
    <p class='ocr_par' dir='ltr' id='par_1_19' title="bbox 477 1742 2046 1820">
     <span class='ocr_line' id='line_1_19' title="bbox 477 1742 2046 1820; baseline -0.008 -14"><span class='ocrx_word' id='word_1_113' title='bbox 477 1763 593 1806; x_wconf 87' lang='lat' dir='ltr'><strong>tum</strong></span> <span class='ocrx_word' id='word_1_114' title='bbox 623 1750 692 1815; x_wconf 82' lang='lat' dir='ltr'><strong>ab</strong></span> <span class='ocrx_word' id='word_1_115' title='bbox 723 1750 806 1805; x_wconf 89' lang='lat' dir='ltr'><strong>eis</strong></span> <span class='ocrx_word' id='word_1_116' title='bbox 834 1749 928 1820; x_wconf 84' lang='lat' dir='ltr'><strong>qui</strong></span> <span class='ocrx_word' id='word_1_117' title='bbox 969 1748 1123 1802; x_wconf 88' lang='lat' dir='ltr'><strong>illum</strong></span> <span class='ocrx_word' id='word_1_118' title='bbox 1164 1747 1231 1801; x_wconf 90' lang='lat' dir='ltr'><strong>ad</strong></span> <span class='ocrx_word' id='word_1_119' title='bbox 1265 1745 1479 1801; x_wconf 83' lang='lat' dir='ltr'><strong>facinus</strong></span> <span class='ocrx_word' id='word_1_120' title='bbox 1505 1752 1714 1798; x_wconf 84' lang='lat' dir='ltr'><strong>tantum</strong></span> <span class='ocrx_word' id='word_1_121' title='bbox 1756 1742 2046 1810; x_wconf 67' lang='lat' dir='ltr'><strong>produxis~</strong></span> 
     </span>
    </p>
   </div>
   <div class='ocr_carea' id='block_1_20' title="bbox 471 1832 2044 1911">
    <p class='ocr_par' dir='ltr' id='par_1_20' title="bbox 471 1832 2044 1911">
     <span class='ocr_line' id='line_1_20' title="bbox 471 1832 2044 1911; baseline -0.007 -14"><span class='ocrx_word' id='word_1_122' title='bbox 471 1853 616 1905; x_wconf 85' lang='lat' dir='ltr'><strong>sent,</strong></span> <span class='ocrx_word' id='word_1_123' title='bbox 661 1856 852 1911; x_wconf 69' lang='lat' dir='ltr'><strong>pravas</strong></span> <span class='ocrx_word' id='word_1_124' title='bbox 902 1838 1198 1893; x_wconf 83' lang='lat' dir='ltr'><strong>sumendas</strong></span> <span class='ocrx_word' id='word_1_125' title='bbox 1242 1850 1367 1892; x_wconf 87' lang='lat' dir='ltr'><strong>esse</strong></span> <span class='ocrx_word' id='word_1_126' title='bbox 1424 1833 1712 1905; x_wconf 83' lang='lat' dir='ltr'><strong>ﬂagitavit.</strong></span> <span class='ocrx_word' id='word_1_127' title='bbox 1748 1832 2044 1888; x_wconf 70' lang='lat' dir='ltr'><strong>Praefectus</strong></span> 
     </span>
    </p>
   </div>
   <div class='ocr_carea' id='block_1_21' title="bbox 474 1925 2040 1998">
    <p class='ocr_par' dir='ltr' id='par_1_21' title="bbox 474 1925 2040 1998">
     <span class='ocr_line' id='line_1_21' title="bbox 474 1925 2040 1998; baseline -0.004 -12"><span class='ocrx_word' id='word_1_128' title='bbox 474 1949 608 1988; x_wconf 80' lang='lat' dir='ltr'><strong>vero</strong></span> <span class='ocrx_word' id='word_1_129' title='bbox 646 1932 936 1988; x_wconf 83' lang='lat' dir='ltr'><strong>hominem</strong></span> <span class='ocrx_word' id='word_1_130' title='bbox 970 1930 1235 1998; x_wconf 84' lang='lat' dir='ltr'><strong>suscepit,</strong></span> <span class='ocrx_word' id='word_1_131' title='bbox 1265 1928 1433 1983; x_wconf 87' lang='lat' dir='ltr'><strong>veluti</strong></span> <span class='ocrx_word' id='word_1_132' title='bbox 1462 1927 1527 1981; x_wconf 90' lang='lat' dir='ltr'><strong>ad</strong></span> <span class='ocrx_word' id='word_1_133' title='bbox 1558 1925 1888 1995; x_wconf 77' lang='lat' dir='ltr'><strong>supplicium</strong></span> <span class='ocrx_word' id='word_1_134' title='bbox 1913 1940 2040 1981; x_wconf 89' lang='lat' dir='ltr'><strong>eum</strong></span> 
     </span>
    </p>
   </div>
   <div class='ocr_carea' id='block_1_22' title="bbox 473 2017 2035 2091">
    <p class='ocr_par' dir='ltr' id='par_1_22' title="bbox 473 2017 2035 2091">
     <span class='ocr_line' id='line_1_22' title="bbox 473 2017 2035 2091; baseline -0.004 -10"><span class='ocrx_word' id='word_1_135' title='bbox 473 2033 943 2089; x_wconf 85' lang='lat' dir='ltr'><strong>ccnservaturus,</strong></span> <span class='ocrx_word' id='word_1_136' title='bbox 981 2023 1392 2091; x_wconf 85' lang='lat' dir='ltr'><strong>clamoremque</strong></span> <span class='ocrx_word' id='word_1_137' title='bbox 1439 2019 1620 2089; x_wconf 85' lang='lat' dir='ltr'><strong>plebis</strong></span> <span class='ocrx_word' id='word_1_138' title='bbox 1668 2017 2035 2088; x_wconf 75' lang='lat' dir='ltr'><strong>compescuit.</strong></span> 
     </span>
    </p>
   </div>
   <div class='ocr_carea' id='block_1_23' title="bbox 475 2109 2042 2187">
    <p class='ocr_par' dir='ltr' id='par_1_23' title="bbox 475 2109 2042 2187">
     <span class='ocr_line' id='line_1_23' title="bbox 475 2109 2042 2187; baseline -0.007 -14"><span class='ocrx_word' id='word_1_139' title='bbox 475 2119 634 2175; x_wconf 78' lang='lat' dir='ltr'><strong>Alius</strong></span> <span class='ocrx_word' id='word_1_140' title='bbox 693 2130 916 2187; x_wconf 86' lang='lat' dir='ltr'><strong>quoque</strong></span> <span class='ocrx_word' id='word_1_141' title='bbox 971 2113 1244 2169; x_wconf 62' lang='lat' dir='ltr'><strong>daemonio</strong></span> <span class='ocrx_word' id='word_1_142' title='bbox 1305 2111 1501 2182; x_wconf 86' lang='lat' dir='ltr'><strong>agitari</strong></span> <span class='ocrx_word' id='word_1_143' title='bbox 1565 2126 1623 2165; x_wconf 89' lang='lat' dir='ltr'><strong>se</strong></span> <span class='ocrx_word' id='word_1_144' title='bbox 1688 2109 2042 2173; x_wconf 85' lang='lat' dir='ltr'><strong>assimulans,</strong></span> 
     </span>
    </p>
   </div>
   <div class='ocr_carea' id='block_1_24' title="bbox 477 2201 2045 2282">
    <p class='ocr_par' dir='ltr' id='par_1_24' title="bbox 477 2201 2045 2282">
     <span class='ocr_line' id='line_1_24' title="bbox 477 2201 2045 2282; baseline -0.006 -16"><span class='ocrx_word' id='word_1_145' title='bbox 477 2210 772 2282; x_wconf 77' lang='lat' dir='ltr'><strong>pugionem</strong></span> <span class='ocrx_word' id='word_1_146' title='bbox 825 2222 991 2262; x_wconf 91' lang='lat' dir='ltr'><strong>manu</strong></span> <span class='ocrx_word' id='word_1_147' title='bbox 1027 2215 1221 2261; x_wconf 89' lang='lat' dir='ltr'><strong>tenens</strong></span> <span class='ocrx_word' id='word_1_148' title='bbox 1271 2202 1337 2258; x_wconf 87' lang='lat' dir='ltr'><strong>ad</strong></span> <span class='ocrx_word' id='word_1_149' title='bbox 1370 2202 1576 2259; x_wconf 64' lang='lat' dir='ltr'><strong>caedem</strong></span> <span class='ocrx_word' id='word_1_150' title='bbox 1630 2202 1807 2258; x_wconf 87' lang='lat' dir='ltr'><strong>sancti</strong></span> <span class='ocrx_word' id='word_1_151' title='bbox 1840 2201 1943 2256; x_wconf 86' lang='lat' dir='ltr'><strong>viri</strong></span> <span class='ocrx_word' id='word_1_152' title='bbox 1985 2216 2045 2257; x_wconf 87' lang='lat' dir='ltr'><strong>se</strong></span> 
     </span>
    </p>
   </div>
   <div class='ocr_carea' id='block_1_25' title="bbox 480 2292 2047 2371">
    <p class='ocr_par' dir='ltr' id='par_1_25' title="bbox 480 2292 2047 2371">
     <span class='ocr_line' id='line_1_25' title="bbox 480 2292 2047 2371; baseline -0.004 -18"><span class='ocrx_word' id='word_1_153' title='bbox 480 2301 695 2371; x_wconf 82' lang='lat' dir='ltr'><strong>paravit</strong></span> <span class='ocrx_word' id='word_1_154' title='bbox 727 2317 743 2355; x_wconf 89' lang='lat'><strong>:</strong></span> <span class='ocrx_word' id='word_1_155' title='bbox 775 2300 872 2355; x_wconf 87' lang='lat' dir='ltr'><strong>sed</strong></span> <span class='ocrx_word' id='word_1_156' title='bbox 902 2298 1115 2355; x_wconf 79' lang='lat' dir='ltr'><strong>scelere</strong></span> <span class='ocrx_word' id='word_1_157' title='bbox 1149 2298 1397 2351; x_wconf 88' lang='lat' dir='ltr'><strong>nondum</strong></span> <span class='ocrx_word' id='word_1_158' title='bbox 1433 2303 1645 2361; x_wconf 86' lang='lat' dir='ltr'><strong>patrato</strong></span> <span class='ocrx_word' id='word_1_159' title='bbox 1679 2292 2047 2362; x_wconf 86' lang='lat' dir='ltr'><strong>comprehen-</strong></span> 
     </span>
    </p>
   </div>
   <div class='ocr_carea' id='block_1_26' title="bbox 478 2384 2044 2461">
    <p class='ocr_par' dir='ltr' id='par_1_26' title="bbox 478 2384 2044 2461">
     <span class='ocr_line' id='line_1_26' title="bbox 478 2384 2044 2461; baseline -0.005 -14"><span class='ocrx_word' id='word_1_160' title='bbox 478 2407 594 2456; x_wconf 85' lang='lat' dir='ltr'><strong>sus,</strong></span> <span class='ocrx_word' id='word_1_161' title='bbox 626 2404 888 2461; x_wconf 89' lang='lat' dir='ltr'><strong>tanquam</strong></span> <span class='ocrx_word' id='word_1_162' title='bbox 923 2390 991 2444; x_wconf 89' lang='lat' dir='ltr'><strong>ad</strong></span> <span class='ocrx_word' id='word_1_163' title='bbox 1034 2387 1302 2458; x_wconf 81' lang='lat' dir='ltr'><strong>ﬂagitium</strong></span> <span class='ocrx_word' id='word_1_164' title='bbox 1336 2386 1389 2441; x_wconf 88' lang='lat' dir='ltr'><strong>id</strong></span> <span class='ocrx_word' id='word_1_165' title='bbox 1425 2384 1677 2440; x_wconf 73' lang='lat' dir='ltr'><strong>merCede</strong></span> <span class='ocrx_word' id='word_1_166' title='bbox 1709 2384 2044 2447; x_wconf 88' lang='lat' dir='ltr'><strong>conductus,</strong></span> 
     </span>
    </p>
   </div>
   <div class='ocr_carea' id='block_1_27' title="bbox 479 2475 2041 2554">
    <p class='ocr_par' dir='ltr' id='par_1_27' title="bbox 479 2475 2041 2554">
     <span class='ocr_line' id='line_1_27' title="bbox 479 2475 2041 2554; baseline -0.007 -15"><span class='ocrx_word' id='word_1_167' title='bbox 479 2487 546 2539; x_wconf 87' lang='lat' dir='ltr'><strong>ad</strong></span> <span class='ocrx_word' id='word_1_168' title='bbox 592 2484 913 2554; x_wconf 73' lang='lat' dir='ltr'><strong>praefectum</strong></span> <span class='ocrx_word' id='word_1_169' title='bbox 965 2481 1155 2535; x_wconf 86' lang='lat' dir='ltr'><strong>itidem</strong></span> <span class='ocrx_word' id='word_1_170' title='bbox 1204 2479 1479 2534; x_wconf 88' lang='lat' dir='ltr'><strong>abductus</strong></span> <span class='ocrx_word' id='word_1_171' title='bbox 1538 2484 1643 2531; x_wconf 89' lang='lat' dir='ltr'><strong>est.</strong></span> <span class='ocrx_word' id='word_1_172' title='bbox 1707 2475 2041 2546; x_wconf 85' lang='lat' dir='ltr'><strong>Priusquam</strong></span> 
     </span>
    </p>
   </div>
   <div class='ocr_carea' id='block_1_28' title="bbox 479 2570 2048 2636">
    <p class='ocr_par' dir='ltr' id='par_1_28' title="bbox 479 2570 2048 2636">
     <span class='ocr_line' id='line_1_28' title="bbox 479 2570 2048 2636; baseline -0.005 -3"><span class='ocrx_word' id='word_1_173' title='bbox 479 2588 671 2633; x_wconf 87' lang='lat' dir='ltr'><strong>autem</strong></span> <span class='ocrx_word' id='word_1_174' title='bbox 701 2583 976 2630; x_wconf 88' lang='lat' dir='ltr'><strong>tormenta</strong></span> <span class='ocrx_word' id='word_1_175' title='bbox 1001 2574 1080 2628; x_wconf 91' lang='lat' dir='ltr'><strong>illi</strong></span> <span class='ocrx_word' id='word_1_176' title='bbox 1121 2572 1555 2636; x_wconf 81' lang='lat' dir='ltr'><strong>adhiberentur,</strong></span> <span class='ocrx_word' id='word_1_177' title='bbox 1589 2571 1832 2627; x_wconf 80' lang='lat' dir='ltr'><strong>Joannes</strong></span> <span class='ocrx_word' id='word_1_178' title='bbox 1860 2570 2048 2625; x_wconf 85' lang='lat' dir='ltr'><strong>missis</strong></span> 
     </span>
    </p>
   </div>
   <div class='ocr_carea' id='block_1_29' title="bbox 481 2660 2050 2735">
    <p class='ocr_par' dir='ltr' id='par_1_29' title="bbox 481 2660 2050 2735">
     <span class='ocr_line' id='line_1_29' title="bbox 481 2660 2050 2735; baseline -0.002 -16"><span class='ocrx_word' id='word_1_179' title='bbox 481 2664 576 2735; x_wconf 91' lang='lat' dir='ltr'><strong>qui</strong></span> <span class='ocrx_word' id='word_1_180' title='bbox 617 2679 744 2719; x_wconf 90' lang='lat' dir='ltr'><strong>eum</strong></span> <span class='ocrx_word' id='word_1_181' title='bbox 776 2676 847 2718; x_wconf 90' lang='lat' dir='ltr'><strong>eo</strong></span> <span class='ocrx_word' id='word_1_182' title='bbox 881 2670 1044 2718; x_wconf 90' lang='lat' dir='ltr'><strong>erant</strong></span> <span class='ocrx_word' id='word_1_183' title='bbox 1073 2660 1386 2731; x_wconf 88' lang='lat' dir='ltr'><strong>episcopis,</strong></span> <span class='ocrx_word' id='word_1_184' title='bbox 1433 2660 1705 2731; x_wconf 90' lang='lat' dir='ltr'><strong>supplicio</strong></span> <span class='ocrx_word' id='word_1_185' title='bbox 1756 2675 1881 2717; x_wconf 89' lang='lat' dir='ltr'><strong>eum</strong></span> <span class='ocrx_word' id='word_1_186' title='bbox 1920 2676 2050 2718; x_wconf 81' lang='lat' dir='ltr'><strong>exe-</strong></span> 
     </span>
    </p>
   </div>
   <div class='ocr_carea' id='block_1_30' title="bbox 483 2753 2050 2827">
    <p class='ocr_par' dir='ltr' id='par_1_30' title="bbox 483 2753 2050 2827">
     <span class='ocr_line' id='line_1_30' title="bbox 483 2753 2050 2827; baseline -0.003 -15"><span class='ocrx_word' id='word_1_187' title='bbox 483 2760 603 2822; x_wconf 88' lang='lat' dir='ltr'><strong>mit,</strong></span> <span class='ocrx_word' id='word_1_188' title='bbox 637 2756 783 2827; x_wconf 91' lang='lat' dir='ltr'><strong>quod</strong></span> <span class='ocrx_word' id='word_1_189' title='bbox 821 2755 1095 2812; x_wconf 90' lang='lat' dir='ltr'><strong>neminem</strong></span> <span class='ocrx_word' id='word_1_190' title='bbox 1122 2770 1219 2809; x_wconf 88' lang='lat' dir='ltr'><strong>stta</strong></span> <span class='ocrx_word' id='word_1_191' title='bbox 1255 2768 1419 2808; x_wconf 86' lang='lat' dir='ltr'><strong>causa</strong></span> <span class='ocrx_word' id='word_1_192' title='bbox 1458 2754 1568 2822; x_wconf 89' lang='lat' dir='ltr'><strong>pati</strong></span> <span class='ocrx_word' id='word_1_193' title='bbox 1600 2754 1904 2824; x_wconf 82' lang='lat' dir='ltr'><strong>quidquam</strong></span> <span class='ocrx_word' id='word_1_194' title='bbox 1931 2753 2050 2807; x_wconf 86' lang='lat' dir='ltr'><strong>vel-</strong></span> 
     </span>
    </p>
   </div>
   <div class='ocr_carea' id='block_1_31' title="bbox 482 2843 2050 2917">
    <p class='ocr_par' dir='ltr' id='par_1_31' title="bbox 482 2843 2050 2917">
     <span class='ocr_line' id='line_1_31' title="bbox 482 2843 2050 2917; baseline -0.002 -15"><span class='ocrx_word' id='word_1_195' title='bbox 482 2850 576 2904; x_wconf 86' lang='lat' dir='ltr'><strong>let.</strong></span> <span class='ocrx_word' id='word_1_196' title='bbox 628 2846 842 2903; x_wconf 84' lang='lat' dir='ltr'><strong>Accidit</strong></span> <span class='ocrx_word' id='word_1_197' title='bbox 893 2861 1115 2917; x_wconf 86' lang='lat' dir='ltr'><strong>quoque</strong></span> <span class='ocrx_word' id='word_1_198' title='bbox 1179 2843 1331 2899; x_wconf 88' lang='lat' dir='ltr'><strong>aliud</strong></span> <span class='ocrx_word' id='word_1_199' title='bbox 1378 2844 1663 2914; x_wconf 84' lang='lat' dir='ltr'><strong>quiddam,</strong></span> <span class='ocrx_word' id='word_1_200' title='bbox 1709 2845 1853 2915; x_wconf 91' lang='lat' dir='ltr'><strong>quod</strong></span> <span class='ocrx_word' id='word_1_201' title='bbox 1916 2858 2050 2899; x_wconf 86' lang='lat' dir='ltr'><strong>sane</strong></span> 
     </span>
    </p>
   </div>
   <div class='ocr_carea' id='block_1_32' title="bbox 483 2935 2048 3010">
    <p class='ocr_par' dir='ltr' id='par_1_32' title="bbox 483 2935 2048 3010">
     <span class='ocr_line' id='line_1_32' title="bbox 483 2935 2048 3010; baseline -0.002 -15"><span class='ocrx_word' id='word_1_202' title='bbox 483 2940 844 3010; x_wconf 81' lang='lat' dir='ltr'><strong>providentiae</strong></span> <span class='ocrx_word' id='word_1_203' title='bbox 899 2938 994 2995; x_wconf 88' lang='lat' dir='ltr'><strong>Dei</strong></span> <span class='ocrx_word' id='word_1_204' title='bbox 1048 2937 1252 2993; x_wconf 88' lang='lat' dir='ltr'><strong>factum</strong></span> <span class='ocrx_word' id='word_1_205' title='bbox 1296 2936 1529 3000; x_wconf 81' lang='lat' dir='ltr'><strong>exstitit,</strong></span> <span class='ocrx_word' id='word_1_206' title='bbox 1577 2935 1815 2991; x_wconf 87' lang='lat' dir='ltr'><strong>ministri</strong></span> <span class='ocrx_word' id='word_1_207' title='bbox 1862 2945 2048 2992; x_wconf 90' lang='lat' dir='ltr'><strong>autem</strong></span> 
     </span>
    </p>
   </div>
   <div class='ocr_carea' id='block_1_33' title="bbox 484 3029 2050 3105">
    <p class='ocr_par' dir='ltr' id='par_1_33' title="bbox 484 3029 2050 3105">
     <span class='ocr_line' id='line_1_33' title="bbox 484 3029 2050 3105; baseline -0.003 -16"><span class='ocrx_word' id='word_1_208' title='bbox 484 3035 602 3105; x_wconf 75' lang='lat' dir='ltr'><strong>ejus</strong></span> <span class='ocrx_word' id='word_1_209' title='bbox 635 3048 758 3088; x_wconf 89' lang='lat' dir='ltr'><strong>esse</strong></span> <span class='ocrx_word' id='word_1_210' title='bbox 783 3034 959 3088; x_wconf 88' lang='lat' dir='ltr'><strong>visum</strong></span> <span class='ocrx_word' id='word_1_211' title='bbox 992 3041 1077 3086; x_wconf 89' lang='lat' dir='ltr'><strong>est</strong></span> <span class='ocrx_word' id='word_1_212' title='bbox 1106 3048 1120 3085; x_wconf 87' lang='lat'><strong>:</strong></span> <span class='ocrx_word' id='word_1_213' title='bbox 1168 3030 1222 3085; x_wconf 91' lang='lat' dir='ltr'><strong>id</strong></span> <span class='ocrx_word' id='word_1_214' title='bbox 1272 3029 1363 3087; x_wconf 89' lang='lat' dir='ltr'><strong>hic</strong></span> <span class='ocrx_word' id='word_1_215' title='bbox 1390 3030 1457 3083; x_wconf 90' lang='lat' dir='ltr'><strong>ad</strong></span> <span class='ocrx_word' id='word_1_216' title='bbox 1501 3038 1769 3085; x_wconf 90' lang='lat' dir='ltr'><strong>terrorem</strong></span> <span class='ocrx_word' id='word_1_217' title='bbox 1804 3040 1862 3087; x_wconf 89' lang='lat' dir='ltr'><strong>et</strong></span> <span class='ocrx_word' id='word_1_218' title='bbox 1898 3045 2050 3085; x_wconf 85' lang='lat' dir='ltr'><strong>com-</strong></span> 
     </span>
    </p>
   </div>
   <div class='ocr_carea' id='block_1_34' title="bbox 2145 541 3707 617">
    <p class='ocr_par' dir='ltr' id='par_1_34' title="bbox 2145 541 3707 617">
     <span class='ocr_line' id='line_1_34' title="bbox 2145 541 3707 617; baseline -0.001 -16"><span class='ocrx_word' id='word_1_219' title='bbox 2145 550 2322 602; x_wconf 79' lang='grc' dir='ltr'><strong>ποιεῖν</strong></span> <span class='ocrx_word' id='word_1_220' title='bbox 2355 549 2448 601; x_wconf 68' lang='grc' dir='ltr'><strong>τὸν</strong></span> <span class='ocrx_word' id='word_1_221' title='bbox 2497 548 2769 617; x_wconf 77' lang='grc' dir='ltr'>φεύγοντα</span> <span class='ocrx_word' id='word_1_222' title='bbox 2800 541 2891 601; x_wconf 80' lang='grc' dir='ltr'>οἷα</span> <span class='ocrx_word' id='word_1_223' title='bbox 2938 547 3134 616; x_wconf 80' lang='grc' dir='ltr'>φόνους</span> <span class='ocrx_word' id='word_1_224' title='bbox 3181 542 3623 613; x_wconf 75' lang='grc' dir='ltr'>ἐξειργασμένον,</span> <span class='ocrx_word' id='word_1_225' title='bbox 3649 548 3707 599; x_wconf 73' lang='grc' dir='ltr'><strong>ὲκ</strong></span> 
     </span>
    </p>
   </div>
   <div class='ocr_carea' id='block_1_35' title="bbox 2146 638 3704 710">
    <p class='ocr_par' dir='ltr' id='par_1_35' title="bbox 2146 638 3704 710">
     <span class='ocr_line' id='line_1_35' title="bbox 2146 638 3704 710; baseline 0.001 -18"><span class='ocrx_word' id='word_1_226' title='bbox 2146 640 2428 710; x_wconf 74' lang='grc' dir='ltr'>βαλανείου</span> <span class='ocrx_word' id='word_1_227' title='bbox 2451 659 2536 705; x_wconf 73' lang='grc' dir='ltr'><strong>τις</strong></span> <span class='ocrx_word' id='word_1_228' title='bbox 2563 641 2907 708; x_wconf 72' lang='grc' dir='ltr'><strong>λελουμένος,</strong></span> <span class='ocrx_word' id='word_1_229' title='bbox 2942 640 3006 693; x_wconf 75' lang='grc' dir='ltr'><strong>ὲκ</strong></span> <span class='ocrx_word' id='word_1_230' title='bbox 3043 638 3140 692; x_wconf 72' lang='grc' dir='ltr'><strong>τοῦ</strong></span> <span class='ocrx_word' id='word_1_231' title='bbox 3174 639 3522 708; x_wconf 80' lang='grc' dir='ltr'><strong>παρήκοντος</strong></span> <span class='ocrx_word' id='word_1_232' title='bbox 3545 640 3704 704; x_wconf 82' lang='grc' dir='ltr'>διιὼν,</span> 
     </span>
    </p>
   </div>
   <div class='ocr_carea' id='block_1_36' title="bbox 2146 724 3701 802">
    <p class='ocr_par' dir='ltr' id='par_1_36' title="bbox 2146 724 3701 802">
     <span class='ocr_line' id='line_1_36' title="bbox 2146 724 3701 802; baseline -0.001 -18"><span class='ocrx_word' id='word_1_233' title='bbox 2146 732 2579 802; x_wconf 83' lang='grc' dir='ltr'>συνελάμϐανεν.</span> <span class='ocrx_word' id='word_1_234' title='bbox 2611 734 2789 796; x_wconf 76' lang='grc' dir='ltr'>Εὐθὺς</span> <span class='ocrx_word' id='word_1_235' title='bbox 2828 732 2886 786; x_wconf 74' lang='grc' dir='ltr'>δι</span> <span class='ocrx_word' id='word_1_236' title='bbox 2909 733 3002 787; x_wconf 76' lang='grc' dir='ltr'><strong>καὶ</strong></span> <span class='ocrx_word' id='word_1_237' title='bbox 3033 724 3191 794; x_wconf 74' lang='grc' dir='ltr'>οὗτος</span> <span class='ocrx_word' id='word_1_238' title='bbox 3219 730 3299 800; x_wconf 83' lang='grc' dir='ltr'><strong>τῷ</strong></span> <span class='ocrx_word' id='word_1_239' title='bbox 3345 729 3701 800; x_wconf 78' lang='grc' dir='ltr'>παραξιφιδίῳ</span> 
     </span>
    </p>
   </div>
   <div class='ocr_carea' id='block_1_37' title="bbox 2145 820 3702 895">
    <p class='ocr_par' dir='ltr' id='par_1_37' title="bbox 2145 820 3702 895">
     <span class='ocr_line' id='line_1_37' title="bbox 2145 820 3702 895; baseline -0.003 -16"><span class='ocrx_word' id='word_1_240' title='bbox 2145 823 2400 895; x_wconf 75' lang='grc' dir='ltr'>πληγεὶς,</span> <span class='ocrx_word' id='word_1_241' title='bbox 2434 824 2627 894; x_wconf 79' lang='grc' dir='ltr'>νεκρὸς</span> <span class='ocrx_word' id='word_1_242' title='bbox 2658 823 2857 879; x_wconf 71' lang='grc' dir='ltr'>ἔκειτο.</span> <span class='ocrx_word' id='word_1_243' title='bbox 2903 824 3061 876; x_wconf 71' lang='grc' dir='ltr'>Ἐπεὶ</span> <span class='ocrx_word' id='word_1_244' title='bbox 3087 823 3144 875; x_wconf 78' lang='grc' dir='ltr'>δὲ</span> <span class='ocrx_word' id='word_1_245' title='bbox 3176 820 3463 888; x_wconf 78' lang='grc' dir='ltr'>πανταχοῦ</span> <span class='ocrx_word' id='word_1_246' title='bbox 3496 821 3702 888; x_wconf 50' lang='lat' dir='ltr'><strong>duceti-</strong></span> 
     </span>
    </p>
   </div>
   <div class='ocr_carea' id='block_1_38' title="bbox 2143 910 3699 984">
    <p class='ocr_par' dir='ltr' id='par_1_38' title="bbox 2143 910 3699 984">
     <span class='ocr_line' id='line_1_38' title="bbox 2143 910 3699 984; baseline 0 -16"><span class='ocrx_word' id='word_1_247' title='bbox 2143 932 2255 982; x_wconf 90' lang='grc' dir='ltr'><strong>γων</strong></span> <span class='ocrx_word' id='word_1_248' title='bbox 2283 914 2389 968; x_wconf 72' lang='grc' dir='ltr'><strong>ὑπὸ</strong></span> <span class='ocrx_word' id='word_1_249' title='bbox 2409 915 2504 968; x_wconf 80' lang='grc' dir='ltr'>τοῦ</span> <span class='ocrx_word' id='word_1_250' title='bbox 2540 914 2783 984; x_wconf 77' lang='grc' dir='ltr'><strong>πλήθους</strong></span> <span class='ocrx_word' id='word_1_251' title='bbox 2816 914 3107 984; x_wconf 70' lang='grc' dir='ltr'>θηρευθεὶς</span> <span class='ocrx_word' id='word_1_252' title='bbox 3138 910 3454 980; x_wconf 76' lang='grc' dir='ltr'>ἐκυκλώθη,</span> <span class='ocrx_word' id='word_1_253' title='bbox 3510 912 3601 964; x_wconf 65' lang='grc' dir='ltr'><strong>ἐπὶ</strong></span> <span class='ocrx_word' id='word_1_254' title='bbox 3641 916 3699 968; x_wconf 67' lang='grc' dir='ltr'><strong>τά</strong></span> 
     </span>
    </p>
   </div>
   <div class='ocr_carea' id='block_1_39' title="bbox 2146 1005 3698 1080">
    <p class='ocr_par' dir='ltr' id='par_1_39' title="bbox 2146 1005 3698 1080">
     <span class='ocr_line' id='line_1_39' title="bbox 2146 1005 3698 1080; baseline -0.001 -20"><span class='ocrx_word' id='word_1_255' title='bbox 2146 1006 2394 1077; x_wconf 86' lang='grc' dir='ltr'>βασίλεια</span> <span class='ocrx_word' id='word_1_256' title='bbox 2450 1006 2669 1075; x_wconf 78' lang='grc' dir='ltr'>ἄγεται.</span> <span class='ocrx_word' id='word_1_257' title='bbox 2720 1006 2842 1059; x_wconf 86' lang='grc' dir='ltr'><strong>Τῶν</strong></span> <span class='ocrx_word' id='word_1_258' title='bbox 2896 1005 2941 1059; x_wconf 81' lang='grc' dir='ltr'>δ’</span> <span class='ocrx_word' id='word_1_259' title='bbox 2976 1005 3443 1076; x_wconf 74' lang='grc' dir='ltr'><strong>ἀπεχθανομένων</strong></span> <span class='ocrx_word' id='word_1_260' title='bbox 3498 1005 3698 1080; x_wconf 74' lang='grc' dir='ltr'>Ἰωάννῃ</span> 
     </span>
    </p>
   </div>
   <div class='ocr_carea' id='block_1_40' title="bbox 2142 1094 3698 1166">
    <p class='ocr_par' dir='ltr' id='par_1_40' title="bbox 2142 1094 3698 1166">
     <span class='ocr_line' id='line_1_40' title="bbox 2142 1094 3698 1166; baseline -0.003 -13"><span class='ocrx_word' id='word_1_261' title='bbox 2142 1101 2305 1153; x_wconf 83' lang='grc' dir='ltr'>αὐτόν</span> <span class='ocrx_word' id='word_1_262' title='bbox 2327 1117 2385 1154; x_wconf 87' lang='grc' dir='ltr'><strong>τε</strong></span> <span class='ocrx_word' id='word_1_263' title='bbox 2419 1094 2563 1154; x_wconf 76' lang='grc' dir='ltr'>εἶναι</span> <span class='ocrx_word' id='word_1_264' title='bbox 2593 1099 2710 1163; x_wconf 65' lang='grc' dir='ltr'>ἕνα,</span> <span class='ocrx_word' id='word_1_265' title='bbox 2742 1099 2837 1152; x_wconf 78' lang='grc' dir='ltr'><strong>καὶ</strong></span> <span class='ocrx_word' id='word_1_266' title='bbox 2866 1100 2992 1152; x_wconf 76' lang='grc' dir='ltr'>τοὺς</span> <span class='ocrx_word' id='word_1_267' title='bbox 3019 1099 3096 1159; x_wconf 71' lang='grc' dir='ltr'><strong>είς</strong></span> <span class='ocrx_word' id='word_1_268' title='bbox 3124 1096 3284 1151; x_wconf 81' lang='grc' dir='ltr'>τοῦτο</span> <span class='ocrx_word' id='word_1_269' title='bbox 3303 1096 3698 1166; x_wconf 75' lang='grc' dir='ltr'>προαγαγόντας</span> 
     </span>
    </p>
   </div>
   <div class='ocr_carea' id='block_1_41' title="bbox 2141 1189 3695 1266">
    <p class='ocr_par' dir='ltr' id='par_1_41' title="bbox 2141 1189 3695 1266">
     <span class='ocr_line' id='line_1_41' title="bbox 2141 1189 3695 1266; baseline -0.004 -19"><span class='ocrx_word' id='word_1_270' title='bbox 2141 1195 2299 1264; x_wconf 87' lang='grc' dir='ltr'>δίκην</span> <span class='ocrx_word' id='word_1_271' title='bbox 2327 1194 2494 1266; x_wconf 71' lang='grc' dir='ltr'>ᾔτουν</span> <span class='ocrx_word' id='word_1_272' title='bbox 2526 1193 2735 1249; x_wconf 79' lang='grc' dir='ltr'>λαϐεῖν.</span> <span class='ocrx_word' id='word_1_273' title='bbox 2775 1193 2836 1246; x_wconf 82' lang='grc' dir='ltr'>Ὀ</span> <span class='ocrx_word' id='word_1_274' title='bbox 2862 1192 2919 1245; x_wconf 80' lang='grc' dir='ltr'>δὲ</span> <span class='ocrx_word' id='word_1_275' title='bbox 2954 1190 3199 1262; x_wconf 78' lang='grc' dir='ltr'><strong>ὕπαρχος</strong></span> <span class='ocrx_word' id='word_1_276' title='bbox 3233 1190 3425 1245; x_wconf 83' lang='grc' dir='ltr'>τοῦτον</span> <span class='ocrx_word' id='word_1_277' title='bbox 3470 1189 3695 1258; x_wconf 83' lang='grc' dir='ltr'>παραλα-</span> 
     </span>
    </p>
   </div>
   <div class='ocr_carea' id='block_1_42' title="bbox 2143 1280 3697 1356">
    <p class='ocr_par' dir='ltr' id='par_1_42' title="bbox 2143 1280 3697 1356">
     <span class='ocr_line' id='line_1_42' title="bbox 2143 1280 3697 1356; baseline -0.005 -17"><span class='ocrx_word' id='word_1_278' title='bbox 2143 1286 2274 1352; x_wconf 87' lang='grc' dir='ltr'>ϐὼν,</span> <span class='ocrx_word' id='word_1_279' title='bbox 2298 1287 2373 1350; x_wconf 84' lang='grc' dir='ltr'><strong>ὡς</strong></span> <span class='ocrx_word' id='word_1_280' title='bbox 2423 1288 2517 1341; x_wconf 74' lang='grc' dir='ltr'>επὶ</span> <span class='ocrx_word' id='word_1_281' title='bbox 2549 1286 2839 1355; x_wconf 88' lang='grc' dir='ltr'>τιμιωρίαν</span> <span class='ocrx_word' id='word_1_282' title='bbox 2870 1285 3142 1356; x_wconf 82' lang='grc' dir='ltr'><strong>φυλάξων,</strong></span> <span class='ocrx_word' id='word_1_283' title='bbox 3183 1284 3280 1354; x_wconf 75' lang='grc' dir='ltr'>τὴν</span> <span class='ocrx_word' id='word_1_284' title='bbox 3321 1281 3455 1352; x_wconf 76' lang='grc' dir='ltr'><strong>βοὴν</strong></span> <span class='ocrx_word' id='word_1_285' title='bbox 3493 1280 3579 1334; x_wconf 75' lang='grc' dir='ltr'>τοῦ</span> <span class='ocrx_word' id='word_1_286' title='bbox 3616 1281 3697 1351; x_wconf 69' lang='grc' dir='ltr'><strong>δή·</strong></span> 
     </span>
    </p>
   </div>
   <div class='ocr_carea' id='block_1_43' title="bbox 2147 1375 3772 1446">
    <p class='ocr_par' dir='ltr' id='par_1_43' title="bbox 2147 1375 3772 1446">
     <span class='ocr_line' id='line_1_43' title="bbox 2147 1375 3772 1446; baseline -0.002 -16"><span class='ocrx_word' id='word_1_287' title='bbox 2147 1393 2247 1445; x_wconf 85' lang='grc' dir='ltr'><strong>μου</strong></span> <span class='ocrx_word' id='word_1_288' title='bbox 2281 1377 2435 1446; x_wconf 80' lang='grc' dir='ltr'><strong>μόλις</strong></span> <span class='ocrx_word' id='word_1_289' title='bbox 2463 1377 2834 1432; x_wconf 79' lang='grc' dir='ltr'>κατέστειλεν.</span> <span class='ocrx_word' id='word_1_290' title='bbox 2872 1377 2987 1431; x_wconf 79' lang='grc' dir='ltr'><strong>Καὶ</strong></span> <span class='ocrx_word' id='word_1_291' title='bbox 3014 1377 3171 1438; x_wconf 73' lang='grc' dir='ltr'>ἄλλος</span> <span class='ocrx_word' id='word_1_292' title='bbox 3195 1375 3465 1445; x_wconf 80' lang='grc' dir='ltr'>δαιμονᾷν</span> <span class='ocrx_word' id='word_1_293' title='bbox 3492 1375 3696 1443; x_wconf 73' lang='grc' dir='ltr'>ὑποκριο</span> <span class='ocrx_word' id='word_1_294' title='bbox 3768 1393 3772 1398; x_wconf 93' lang='grc'>·</span> 
     </span>
    </p>
   </div>
   <div class='ocr_carea' id='block_1_44' title="bbox 2144 1466 3694 1540">
    <p class='ocr_par' dir='ltr' id='par_1_44' title="bbox 2144 1466 3694 1540">
     <span class='ocr_line' id='line_1_44' title="bbox 2144 1466 3694 1540; baseline 0.001 -21"><span class='ocrx_word' id='word_1_295' title='bbox 2144 1470 2390 1538; x_wconf 85' lang='grc' dir='ltr'>νόμενος,</span> <span class='ocrx_word' id='word_1_296' title='bbox 2411 1470 2742 1539; x_wconf 71' lang='grc' dir='ltr'>ιγχειριδιον</span> <span class='ocrx_word' id='word_1_297' title='bbox 2777 1472 2844 1540; x_wconf 76' lang='grc' dir='ltr'><strong>τῇ</strong></span> <span class='ocrx_word' id='word_1_298' title='bbox 2882 1468 3031 1539; x_wconf 73' lang='grc' dir='ltr'>χειρὶ</span> <span class='ocrx_word' id='word_1_299' title='bbox 3060 1468 3333 1538; x_wconf 79' lang='grc' dir='ltr'><strong>κατέχων,</strong></span> <span class='ocrx_word' id='word_1_300' title='bbox 3360 1466 3439 1527; x_wconf 78' lang='grc' dir='ltr'>ὡς</span> <span class='ocrx_word' id='word_1_301' title='bbox 3461 1466 3550 1517; x_wconf 70' lang='grc' dir='ltr'><strong>επὶ</strong></span> <span class='ocrx_word' id='word_1_302' title='bbox 3573 1482 3694 1535; x_wconf 77' lang='grc' dir='ltr'>σφα-</span> 
     </span>
    </p>
   </div>
   <div class='ocr_carea' id='block_1_45' title="bbox 2143 1557 3693 1631">
    <p class='ocr_par' dir='ltr' id='par_1_45' title="bbox 2143 1557 3693 1631">
     <span class='ocr_line' id='line_1_45' title="bbox 2143 1557 3693 1631; baseline -0.001 -19"><span class='ocrx_word' id='word_1_303' title='bbox 2143 1562 2247 1631; x_wconf 82' lang='grc' dir='ltr'><strong>γην</strong></span> <span class='ocrx_word' id='word_1_304' title='bbox 2278 1559 2375 1613; x_wconf 83' lang='grc' dir='ltr'><strong>τοῦ</strong></span> <span class='ocrx_word' id='word_1_305' title='bbox 2408 1559 2567 1628; x_wconf 87' lang='grc' dir='ltr'>άγίου</span> <span class='ocrx_word' id='word_1_306' title='bbox 2605 1559 3067 1631; x_wconf 73' lang='grc' dir='ltr'>παρεσκευάζετο.</span> <span class='ocrx_word' id='word_1_307' title='bbox 3100 1560 3284 1629; x_wconf 81' lang='grc' dir='ltr'>Μήπω</span> <span class='ocrx_word' id='word_1_308' title='bbox 3326 1558 3389 1613; x_wconf 71' lang='grc' dir='ltr'>δὲ</span> <span class='ocrx_word' id='word_1_309' title='bbox 3424 1560 3492 1629; x_wconf 73' lang='grc' dir='ltr'>τῇ</span> <span class='ocrx_word' id='word_1_310' title='bbox 3521 1557 3693 1627; x_wconf 76' lang='grc' dir='ltr'>πράξει</span> 
     </span>
    </p>
   </div>
   <div class='ocr_carea' id='block_1_46' title="bbox 2144 1647 3694 1723">
    <p class='ocr_par' dir='ltr' id='par_1_46' title="bbox 2144 1647 3694 1723">
     <span class='ocr_line' id='line_1_46' title="bbox 2144 1647 3694 1723; baseline -0.004 -18"><span class='ocrx_word' id='word_1_311' title='bbox 2144 1650 2419 1705; x_wconf 69' lang='grc' dir='ltr'>ἐπιϐαλὼν</span> <span class='ocrx_word' id='word_1_312' title='bbox 2439 1652 2735 1723; x_wconf 74' lang='grc' dir='ltr'>φωραθεὶς,</span> <span class='ocrx_word' id='word_1_313' title='bbox 2751 1647 2951 1722; x_wconf 73' lang='grc' dir='ltr'>οἷάπερ</span> <span class='ocrx_word' id='word_1_314' title='bbox 2969 1651 3177 1720; x_wconf 66' lang='grc' dir='ltr'>ὠνητὸς</span> <span class='ocrx_word' id='word_1_315' title='bbox 3200 1650 3280 1719; x_wconf 81' lang='grc' dir='ltr'><strong>τῷ</strong></span> <span class='ocrx_word' id='word_1_316' title='bbox 3296 1651 3531 1720; x_wconf 79' lang='grc' dir='ltr'>ὑπάρχῳ</span> <span class='ocrx_word' id='word_1_317' title='bbox 3545 1665 3694 1719; x_wconf 73' lang='grc' dir='ltr'>προσ-</span> 
     </span>
    </p>
   </div>
   <div class='ocr_carea' id='block_1_47' title="bbox 2145 1742 3695 1815">
    <p class='ocr_par' dir='ltr' id='par_1_47' title="bbox 2145 1742 3695 1815">
     <span class='ocr_line' id='line_1_47' title="bbox 2145 1742 3695 1815; baseline -0.003 -18"><span class='ocrx_word' id='word_1_318' title='bbox 2145 1743 2359 1811; x_wconf 81' lang='grc' dir='ltr'>άγεται.</span> <span class='ocrx_word' id='word_1_319' title='bbox 2416 1744 2591 1815; x_wconf 82' lang='grc' dir='ltr'>Πρινὴ</span> <span class='ocrx_word' id='word_1_320' title='bbox 2626 1744 2671 1799; x_wconf 84' lang='grc' dir='ltr'>δ’</span> <span class='ocrx_word' id='word_1_321' title='bbox 2707 1744 2895 1807; x_wconf 78' lang='grc' dir='ltr'>αἰκίας</span> <span class='ocrx_word' id='word_1_322' title='bbox 2946 1742 3158 1804; x_wconf 85' lang='grc' dir='ltr'>λαϐεῖν,</span> <span class='ocrx_word' id='word_1_323' title='bbox 3198 1742 3460 1811; x_wconf 79' lang='grc' dir='ltr'>Ἰωάννης</span> <span class='ocrx_word' id='word_1_324' title='bbox 3489 1742 3695 1793; x_wconf 62' lang='lat' dir='ltr'><strong>tutand—</strong></span> 
     </span>
    </p>
   </div>
   <div class='ocr_carea' id='block_1_48' title="bbox 2146 1832 3697 1907">
    <p class='ocr_par' dir='ltr' id='par_1_48' title="bbox 2146 1832 3697 1907">
     <span class='ocr_line' id='line_1_48' title="bbox 2146 1832 3697 1907; baseline -0.004 -18"><span class='ocrx_word' id='word_1_325' title='bbox 2146 1852 2280 1900; x_wconf 87' lang='grc' dir='ltr'>πους</span> <span class='ocrx_word' id='word_1_326' title='bbox 2307 1836 2530 1907; x_wconf 72' lang='grc' dir='ltr'>πέμψας</span> <span class='ocrx_word' id='word_1_327' title='bbox 2559 1838 2670 1890; x_wconf 83' lang='grc' dir='ltr'>τῶν</span> <span class='ocrx_word' id='word_1_328' title='bbox 2725 1836 2867 1906; x_wconf 78' lang='grc' dir='ltr'>ἀμφ’</span> <span class='ocrx_word' id='word_1_329' title='bbox 2901 1836 3085 1898; x_wconf 69' lang='grc' dir='ltr'>αὐτὸν,</span> <span class='ocrx_word' id='word_1_330' title='bbox 3118 1836 3220 1904; x_wconf 79' lang='grc' dir='ltr'>τῆς</span> <span class='ocrx_word' id='word_1_331' title='bbox 3250 1834 3528 1904; x_wconf 78' lang='grc' dir='ltr'>τιμωρίας</span> <span class='ocrx_word' id='word_1_332' title='bbox 3576 1832 3697 1897; x_wconf 78' lang='grc' dir='ltr'>ιξεί.</span> 
     </span>
    </p>
   </div>
   <div class='ocr_carea' id='block_1_49' title="bbox 2145 1925 3695 2000">
    <p class='ocr_par' dir='ltr' id='par_1_49' title="bbox 2145 1925 3695 2000">
     <span class='ocr_line' id='line_1_49' title="bbox 2145 1925 3695 2000; baseline -0.003 -18"><span class='ocrx_word' id='word_1_333' title='bbox 2145 1927 2290 1994; x_wconf 90' lang='grc' dir='ltr'>λετο,</span> <span class='ocrx_word' id='word_1_334' title='bbox 2329 1932 2402 1999; x_wconf 82' lang='grc' dir='ltr'>μή</span> <span class='ocrx_word' id='word_1_335' title='bbox 2429 1945 2553 1983; x_wconf 84' lang='grc' dir='ltr'>τινα</span> <span class='ocrx_word' id='word_1_336' title='bbox 2581 1932 2813 2000; x_wconf 82' lang='grc' dir='ltr'><strong>πάσχειν</strong></span> <span class='ocrx_word' id='word_1_337' title='bbox 2839 1929 2907 1983; x_wconf 84' lang='grc' dir='ltr'><strong>δι’</strong></span> <span class='ocrx_word' id='word_1_338' title='bbox 2941 1928 3105 1983; x_wconf 80' lang='grc' dir='ltr'>αὐτὸν</span> <span class='ocrx_word' id='word_1_339' title='bbox 3126 1927 3430 2000; x_wconf 66' lang='grc' dir='ltr'>ᾑρημένος.</span> <span class='ocrx_word' id='word_1_340' title='bbox 3457 1925 3563 1979; x_wconf 78' lang='grc' dir='ltr'><strong>Καὶ</strong></span> <span class='ocrx_word' id='word_1_341' title='bbox 3585 1925 3695 1978; x_wconf 68' lang='grc' dir='ltr'>ἄλλο</span> 
     </span>
    </p>
   </div>
   <div class='ocr_carea' id='block_1_50' title="bbox 2145 2012 3692 2088">
    <p class='ocr_par' dir='ltr' id='par_1_50' title="bbox 2145 2012 3692 2088">
     <span class='ocr_line' id='line_1_50' title="bbox 2145 2012 3692 2088; baseline -0.004 -17"><span class='ocrx_word' id='word_1_342' title='bbox 2145 2018 2201 2071; x_wconf 83' lang='grc' dir='ltr'>δέ</span> <span class='ocrx_word' id='word_1_343' title='bbox 2231 2035 2284 2071; x_wconf 85' lang='grc' dir='ltr'><strong>τι</strong></span> <span class='ocrx_word' id='word_1_344' title='bbox 2317 2018 2556 2087; x_wconf 78' lang='grc' dir='ltr'>συμϐάν,</span> <span class='ocrx_word' id='word_1_345' title='bbox 2582 2018 2742 2088; x_wconf 76' lang='grc' dir='ltr'>ἔργον</span> <span class='ocrx_word' id='word_1_346' title='bbox 2774 2016 2874 2086; x_wconf 82' lang='grc' dir='ltr'>μὲν</span> <span class='ocrx_word' id='word_1_347' title='bbox 2901 2015 3156 2088; x_wconf 77' lang='grc' dir='ltr'>προνοίας</span> <span class='ocrx_word' id='word_1_348' title='bbox 3178 2014 3337 2081; x_wconf 80' lang='grc' dir='ltr'>Θεοῦ,</span> <span class='ocrx_word' id='word_1_349' title='bbox 3367 2013 3525 2079; x_wconf 77' lang='grc' dir='ltr'>δόξαν</span> <span class='ocrx_word' id='word_1_350' title='bbox 3542 2013 3595 2066; x_wconf 71' lang='grc' dir='ltr'>δὲ</span> <span class='ocrx_word' id='word_1_351' title='bbox 3616 2012 3692 2065; x_wconf 77' lang='grc' dir='ltr'>τοῦ</span> 
     </span>
    </p>
   </div>
   <div class='ocr_carea' id='block_1_51' title="bbox 2146 2106 3693 2180">
    <p class='ocr_par' dir='ltr' id='par_1_51' title="bbox 2146 2106 3693 2180">
     <span class='ocr_line' id='line_1_51' title="bbox 2146 2106 3693 2180; baseline -0.004 -17"><span class='ocrx_word' id='word_1_352' title='bbox 2146 2110 2349 2164; x_wconf 75' lang='grc' dir='ltr'><strong>οἰκείου</strong></span> <span class='ocrx_word' id='word_1_353' title='bbox 2380 2109 2732 2180; x_wconf 76' lang='grc' dir='ltr'>θεράποντος,</span> <span class='ocrx_word' id='word_1_354' title='bbox 2757 2113 2836 2173; x_wconf 85' lang='grc' dir='ltr'><strong>είς</strong></span> <span class='ocrx_word' id='word_1_355' title='bbox 2860 2109 3025 2178; x_wconf 78' lang='grc' dir='ltr'>φόϐον</span> <span class='ocrx_word' id='word_1_356' title='bbox 3042 2108 3099 2162; x_wconf 75' lang='grc' dir='ltr'><strong>δδ</strong></span> <span class='ocrx_word' id='word_1_357' title='bbox 3126 2108 3220 2160; x_wconf 75' lang='grc' dir='ltr'><strong>καὶ</strong></span> <span class='ocrx_word' id='word_1_358' title='bbox 3236 2106 3585 2176; x_wconf 75' lang='grc' dir='ltr'>συναίσθησιν</span> <span class='ocrx_word' id='word_1_359' title='bbox 3602 2107 3693 2159; x_wconf 81' lang='grc' dir='ltr'><strong>τῶν</strong></span> 
     </span>
    </p>
   </div>
   <div class='ocr_carea' id='block_1_52' title="bbox 2149 2201 3692 2276">
    <p class='ocr_par' dir='ltr' id='par_1_52' title="bbox 2149 2201 3692 2276">
     <span class='ocr_line' id='line_1_52' title="bbox 2149 2201 3692 2276; baseline -0.005 -17"><span class='ocrx_word' id='word_1_360' title='bbox 2149 2206 2358 2276; x_wconf 78' lang='grc' dir='ltr'>σφόδρα</span> <span class='ocrx_word' id='word_1_361' title='bbox 2389 2204 2680 2275; x_wconf 82' lang='grc' dir='ltr'>τολμηρῶν</span> <span class='ocrx_word' id='word_1_362' title='bbox 2733 2206 2827 2257; x_wconf 81' lang='grc' dir='ltr'><strong>καὶ</strong></span> <span class='ocrx_word' id='word_1_363' title='bbox 2870 2204 3136 2273; x_wconf 77' lang='grc' dir='ltr'>θρασέων,</span> <span class='ocrx_word' id='word_1_364' title='bbox 3171 2203 3246 2265; x_wconf 81' lang='grc' dir='ltr'>ὡς</span> <span class='ocrx_word' id='word_1_365' title='bbox 3285 2202 3428 2263; x_wconf 72' lang='grc' dir='ltr'>ὶνδν,</span> <span class='ocrx_word' id='word_1_366' title='bbox 3459 2201 3692 2270; x_wconf 68' lang='grc' dir='ltr'>διηγήτο-</span> 
     </span>
    </p>
   </div>
   <div class='ocr_carea' id='block_1_53' title="bbox 2152 2296 3690 2371">
    <p class='ocr_par' dir='ltr' id='par_1_53' title="bbox 2152 2296 3690 2371">
     <span class='ocr_line' id='line_1_53' title="bbox 2152 2296 3690 2371; baseline -0.004 -18"><span class='ocrx_word' id='word_1_367' title='bbox 2152 2317 2271 2366; x_wconf 89' lang='grc' dir='ltr'>μαι.</span> <span class='ocrx_word' id='word_1_368' title='bbox 2305 2299 2443 2355; x_wconf 75' lang='grc' dir='ltr'>Καθ’</span> <span class='ocrx_word' id='word_1_369' title='bbox 2467 2299 2535 2371; x_wconf 72' lang='grc' dir='ltr'>ἢν</span> <span class='ocrx_word' id='word_1_370' title='bbox 2564 2300 2674 2370; x_wconf 82' lang='grc' dir='ltr'><strong>γάρ</strong></span> <span class='ocrx_word' id='word_1_371' title='bbox 2726 2299 2941 2370; x_wconf 78' lang='grc' dir='ltr'>ἡμέραν</span> <span class='ocrx_word' id='word_1_372' title='bbox 2971 2300 3000 2352; x_wconf 83' lang='grc' dir='ltr'>ὁ</span> <span class='ocrx_word' id='word_1_373' title='bbox 3049 2297 3221 2367; x_wconf 80' lang='grc' dir='ltr'>μέγας</span> <span class='ocrx_word' id='word_1_374' title='bbox 3245 2297 3347 2365; x_wconf 83' lang='grc' dir='ltr'><strong>τῆς</strong></span> <span class='ocrx_word' id='word_1_375' title='bbox 3388 2296 3690 2365; x_wconf 81' lang='grc' dir='ltr'>Ἐκιιλησίας</span> 
     </span>
    </p>
   </div>
   <div class='ocr_carea' id='block_1_54' title="bbox 2150 2389 3688 2463">
    <p class='ocr_par' dir='ltr' id='par_1_54' title="bbox 2150 2389 3688 2463">
     <span class='ocr_line' id='line_1_54' title="bbox 2150 2389 3688 2463; baseline -0.005 -16"><span class='ocrx_word' id='word_1_376' title='bbox 2150 2393 2324 2463; x_wconf 76' lang='grc' dir='ltr'>ἀστὴρ</span> <span class='ocrx_word' id='word_1_377' title='bbox 2366 2392 2568 2447; x_wconf 78' lang='grc' dir='ltr'>ὡσανεὶ</span> <span class='ocrx_word' id='word_1_378' title='bbox 2596 2392 2768 2446; x_wconf 85' lang='grc' dir='ltr'>δύνων</span> <span class='ocrx_word' id='word_1_379' title='bbox 2818 2391 2953 2461; x_wconf 75' lang='grc' dir='ltr'>πρὸς</span> <span class='ocrx_word' id='word_1_380' title='bbox 2981 2392 3082 2460; x_wconf 78' lang='grc' dir='ltr'>τὴν</span> <span class='ocrx_word' id='word_1_381' title='bbox 3139 2390 3442 2460; x_wconf 79' lang='grc' dir='ltr'>ὑπερορίαν</span> <span class='ocrx_word' id='word_1_382' title='bbox 3493 2389 3688 2459; x_wconf 72' lang='grc' dir='ltr'>ἐχώρει,</span> 
     </span>
    </p>
   </div>
   <div class='ocr_carea' id='block_1_55' title="bbox 2150 2480 3693 2553">
    <p class='ocr_par' dir='ltr' id='par_1_55' title="bbox 2150 2480 3693 2553">
     <span class='ocr_line' id='line_1_55' title="bbox 2150 2480 3693 2553; baseline -0.001 -18"><span class='ocrx_word' id='word_1_383' title='bbox 2150 2484 2264 2553; x_wconf 80' lang='grc' dir='ltr'>πῦρ</span> <span class='ocrx_word' id='word_1_384' title='bbox 2296 2485 2358 2538; x_wconf 71' lang='grc' dir='ltr'><strong>ἐκ</strong></span> <span class='ocrx_word' id='word_1_385' title='bbox 2385 2484 2551 2553; x_wconf 77' lang='grc' dir='ltr'>μέσου</span> <span class='ocrx_word' id='word_1_386' title='bbox 2583 2482 2677 2535; x_wconf 84' lang='grc' dir='ltr'><strong>τοῦ</strong></span> <span class='ocrx_word' id='word_1_387' title='bbox 2708 2482 2900 2552; x_wconf 84' lang='grc' dir='ltr'>θρόνου</span> <span class='ocrx_word' id='word_1_388' title='bbox 2930 2481 3305 2551; x_wconf 76' lang='grc' dir='ltr'>άναθορδν,ὲςρ“</span> <span class='ocrx_word' id='word_1_389' title='bbox 3339 2480 3401 2533; x_wconf 77' lang='grc' dir='ltr'>οὗ</span> <span class='ocrx_word' id='word_1_390' title='bbox 3430 2481 3489 2535; x_wconf 77' lang='grc' dir='ltr'>τὸ</span> <span class='ocrx_word' id='word_1_391' title='bbox 3509 2481 3601 2550; x_wconf 81' lang='grc' dir='ltr'><strong>τῆς</strong></span> <span class='ocrx_word' id='word_1_392' title='bbox 3626 2481 3693 2534; x_wconf 83' lang='grc' dir='ltr'>δι-</span> 
     </span>
    </p>
   </div>
   <div class='ocr_carea' id='block_1_56' title="bbox 2150 2572 3689 2644">
    <p class='ocr_par' dir='ltr' id='par_1_56' title="bbox 2150 2572 3689 2644">
     <span class='ocr_line' id='line_1_56' title="bbox 2150 2572 3689 2644; baseline -0.003 -15"><span class='ocrx_word' id='word_1_393' title='bbox 2150 2573 2447 2637; x_wconf 78' lang='grc' dir='ltr'>δασκαλίας</span> <span class='ocrx_word' id='word_1_394' title='bbox 2477 2572 2841 2644; x_wconf 60' lang='grc' dir='ltr'>πμσεδρεῦον</span> <span class='ocrx_word' id='word_1_395' title='bbox 2880 2572 2998 2641; x_wconf 74' lang='grc' dir='ltr'>φῶς</span> <span class='ocrx_word' id='word_1_396' title='bbox 3036 2572 3472 2639; x_wconf 77' lang='grc' dir='ltr'>κατεπῠρσευεν,</span> <span class='ocrx_word' id='word_1_397' title='bbox 3499 2573 3689 2635; x_wconf 62' lang='grc' dir='ltr'>οὓδενδς</span> 
     </span>
    </p>
   </div>
   <div class='ocr_carea' id='block_1_57' title="bbox 2150 2664 3691 2736">
    <p class='ocr_par' dir='ltr' id='par_1_57' title="bbox 2150 2664 3691 2736">
     <span class='ocr_line' id='line_1_57' title="bbox 2150 2664 3691 2736; baseline -0.002 -16"><span class='ocrx_word' id='word_1_398' title='bbox 2150 2667 2500 2736; x_wconf 65' lang='grc' dir='ltr'>ἐμϐαλόντος,</span> <span class='ocrx_word' id='word_1_399' title='bbox 2547 2666 2809 2734; x_wconf 72' lang='grc' dir='ltr'>ἐξαπίνης</span> <span class='ocrx_word' id='word_1_400' title='bbox 2841 2665 2930 2718; x_wconf 80' lang='grc' dir='ltr'><strong>διὰ</strong></span> <span class='ocrx_word' id='word_1_401' title='bbox 2961 2664 3071 2718; x_wconf 85' lang='grc' dir='ltr'><strong>τῶν</strong></span> <span class='ocrx_word' id='word_1_402' title='bbox 3123 2664 3288 2735; x_wconf 77' lang='grc' dir='ltr'>ἱερῶν</span> <span class='ocrx_word' id='word_1_403' title='bbox 3332 2666 3584 2735; x_wconf 79' lang='grc' dir='ltr'>ἀνεῖρπεν</span> <span class='ocrx_word' id='word_1_404' title='bbox 3623 2666 3691 2726; x_wconf 84' lang='grc' dir='ltr'><strong>είς</strong></span> 
     </span>
    </p>
   </div>
   <div class='ocr_carea' id='block_1_58' title="bbox 2152 2759 3694 2831">
    <p class='ocr_par' dir='ltr' id='par_1_58' title="bbox 2152 2759 3694 2831">
     <span class='ocr_line' id='line_1_58' title="bbox 2152 2759 3694 2831; baseline 0.001 -16"><span class='ocrx_word' id='word_1_405' title='bbox 2152 2761 2286 2831; x_wconf 77' lang='grc' dir='ltr'>ὕψος</span> <span class='ocrx_word' id='word_1_406' title='bbox 2322 2759 2587 2826; x_wconf 76' lang='grc' dir='ltr'>ἁλύσεων,</span> <span class='ocrx_word' id='word_1_407' title='bbox 2629 2761 2724 2815; x_wconf 79' lang='grc' dir='ltr'><strong>καὶ</strong></span> <span class='ocrx_word' id='word_1_408' title='bbox 2745 2761 2843 2830; x_wconf 75' lang='grc' dir='ltr'>τὴν</span> <span class='ocrx_word' id='word_1_409' title='bbox 2878 2760 3183 2830; x_wconf 68' lang='grc' dir='ltr'>ἐκκλησίαν</span> <span class='ocrx_word' id='word_1_410' title='bbox 3230 2762 3492 2816; x_wconf 81' lang='grc' dir='ltr'>πάντοθεν</span> <span class='ocrx_word' id='word_1_411' title='bbox 3519 2762 3694 2816; x_wconf 70' lang='grc' dir='ltr'>ὲιτεϐὁ-</span> 
     </span>
    </p>
   </div>
   <div class='ocr_carea' id='block_1_59' title="bbox 2153 2852 3691 2925">
    <p class='ocr_par' dir='ltr' id='par_1_59' title="bbox 2153 2852 3691 2925">
     <span class='ocr_line' id='line_1_59' title="bbox 2153 2852 3691 2925; baseline 0.001 -18"><span class='ocrx_word' id='word_1_412' title='bbox 2153 2870 2334 2917; x_wconf 83' lang='grc' dir='ltr'>σκετο,</span> <span class='ocrx_word' id='word_1_413' title='bbox 2367 2854 2551 2909; x_wconf 75' lang='grc' dir='ltr'>πᾶσάν</span> <span class='ocrx_word' id='word_1_414' title='bbox 2579 2869 2638 2906; x_wconf 90' lang='grc' dir='ltr'><strong>τε</strong></span> <span class='ocrx_word' id='word_1_415' title='bbox 2659 2853 2856 2923; x_wconf 79' lang='grc' dir='ltr'>ἀθρόον</span> <span class='ocrx_word' id='word_1_416' title='bbox 2874 2852 3177 2925; x_wconf 76' lang='grc' dir='ltr'>διαδραμὸν</span> <span class='ocrx_word' id='word_1_417' title='bbox 3209 2854 3451 2924; x_wconf 71' lang='grc' dir='ltr'>ἑνεμήθη</span> <span class='ocrx_word' id='word_1_418' title='bbox 3475 2873 3490 2889; x_wconf 78' lang='grc' dir='ltr'><strong>ο</strong></span> <span class='ocrx_word' id='word_1_419' title='bbox 3519 2856 3691 2909; x_wconf 69' lang='lat' dir='ltr'><strong>Imm</strong></span> 
     </span>
    </p>
   </div>
   <div class='ocr_carea' id='block_1_60' title="bbox 2151 2949 3692 3021">
    <p class='ocr_par' dir='ltr' id='par_1_60' title="bbox 2151 2949 3692 3021">
     <span class='ocr_line' id='line_1_60' title="bbox 2151 2949 3692 3021; baseline 0 -16"><span class='ocrx_word' id='word_1_420' title='bbox 2151 2953 2246 3005; x_wconf 78' lang='grc' dir='ltr'><strong>καὶ</strong></span> <span class='ocrx_word' id='word_1_421' title='bbox 2273 2953 2375 3021; x_wconf 81' lang='grc' dir='ltr'>τὴν</span> <span class='ocrx_word' id='word_1_422' title='bbox 2403 2949 2605 3019; x_wconf 68' lang='grc' dir='ltr'>στέγην</span> <span class='ocrx_word' id='word_1_423' title='bbox 2638 2949 2932 3018; x_wconf 78' lang='grc' dir='ltr'>διαφαγδν,</span> <span class='ocrx_word' id='word_1_424' title='bbox 2962 2950 3108 3004; x_wconf 81' lang='grc' dir='ltr'>κατὰ.</span> <span class='ocrx_word' id='word_1_425' title='bbox 3146 2950 3322 3005; x_wconf 78' lang='grc' dir='ltr'>νώτου</span> <span class='ocrx_word' id='word_1_426' title='bbox 3363 2950 3470 3006; x_wconf 84' lang='grc' dir='ltr'><strong>τῶν</strong></span> <span class='ocrx_word' id='word_1_427' title='bbox 3496 2949 3692 3005; x_wconf 79' lang='grc' dir='ltr'>σεπτῶν</span> 
     </span>
    </p>
   </div>
   <div class='ocr_carea' id='block_1_61' title="bbox 2151 3039 3690 3113">
    <p class='ocr_par' dir='ltr' id='par_1_61' title="bbox 2151 3039 3690 3113">
     <span class='ocr_line' id='line_1_61' title="bbox 2151 3039 3690 3113; baseline -0.003 -16"><span class='ocrx_word' id='word_1_428' title='bbox 2151 3043 2417 3113; x_wconf 84' lang='grc' dir='ltr'>δωμάτων</span> <span class='ocrx_word' id='word_1_429' title='bbox 2455 3040 2674 3111; x_wconf 65' lang='grc' dir='ltr'>ἐχώρει.</span> <span class='ocrx_word' id='word_1_430' title='bbox 2730 3040 2972 3112; x_wconf 79' lang='grc' dir='ltr'>Σφοδρδν</span> <span class='ocrx_word' id='word_1_431' title='bbox 3016 3039 3063 3094; x_wconf 83' lang='grc' dir='ltr'>δ’</span> <span class='ocrx_word' id='word_1_432' title='bbox 3089 3041 3306 3094; x_wconf 64' lang='grc' dir='ltr'>ἐκεῖθεν</span> <span class='ocrx_word' id='word_1_433' title='bbox 3363 3042 3572 3111; x_wconf 76' lang='grc' dir='ltr'>πνεῦμα</span> <span class='ocrx_word' id='word_1_434' title='bbox 3606 3043 3690 3096; x_wconf 71' lang='grc' dir='ltr'><strong>καὶ</strong></span> 
     </span>
    </p>
   </div>
   <div class='ocr_carea' id='block_1_62' title="bbox 484 3122 2046 3217">
    <p class='ocr_par' dir='ltr' id='par_1_62' title="bbox 484 3122 2046 3192">
     <span class='ocr_line' id='line_1_62' title="bbox 484 3122 2046 3192; baseline -0.001 -13"><span class='ocrx_word' id='word_1_435' title='bbox 484 3126 779 3179; x_wconf 86' lang='lat' dir='ltr'><strong>motionem</strong></span> <span class='ocrx_word' id='word_1_436' title='bbox 841 3124 1123 3178; x_wconf 84' lang='lat' dir='ltr'><strong>hominum</strong></span> <span class='ocrx_word' id='word_1_437' title='bbox 1192 3122 1595 3192; x_wconf 75' lang='lat' dir='ltr'><strong>praecipitanter</strong></span> <span class='ocrx_word' id='word_1_438' title='bbox 1650 3123 1941 3179; x_wconf 90' lang='lat' dir='ltr'><strong>audacium</strong></span> <span class='ocrx_word' id='word_1_439' title='bbox 1996 3132 2046 3177; x_wconf 93' lang='lat' dir='ltr'><strong>et</strong></span> 
     </span>
    </p>
   </div>
   <div class='ocr_carea' id='block_1_63' title="bbox 2149 3122 3692 3217">
    <p class='ocr_par' dir='ltr' id='par_1_63' title="bbox 2156 3131 3692 3205">
     <span class='ocr_line' id='line_1_63' title="bbox 2156 3131 3692 3205; baseline -0.001 -20"><span class='ocrx_word' id='word_1_440' title='bbox 2156 3134 2328 3205; x_wconf 87' lang='grc' dir='ltr'>βίαιον</span> <span class='ocrx_word' id='word_1_441' title='bbox 2356 3133 2743 3203; x_wconf 65' lang='grc' dir='ltr'>ἐπιλαϐόμενον,</span> <span class='ocrx_word' id='word_1_442' title='bbox 2776 3131 2985 3186; x_wconf 61' lang='lat' dir='ltr'><strong>inlabi!</strong></span> <span class='ocrx_word' id='word_1_443' title='bbox 3016 3132 3426 3203; x_wconf 69' lang='grc' dir='ltr'>παρακείμενον</span> <span class='ocrx_word' id='word_1_444' title='bbox 3456 3135 3581 3201; x_wconf 43' lang='lat' dir='ltr'><strong>arpi;</strong></span> <span class='ocrx_word' id='word_1_445' title='bbox 3610 3151 3692 3202; x_wconf 80' lang='grc' dir='ltr'>με·</span> 
     </span>
    </p>
   </div>
   <div class='ocr_carea' id='block_1_64' title="bbox 486 3217 2050 3287">
    <p class='ocr_par' dir='ltr' id='par_1_64' title="bbox 486 3217 2050 3287">
     <span class='ocr_line' id='line_1_64' title="bbox 486 3217 2050 3287; baseline -0.001 -15"><span class='ocrx_word' id='word_1_446' title='bbox 486 3221 939 3283; x_wconf 87' lang='lat' dir='ltr'><strong>temerariorum,</strong></span> <span class='ocrx_word' id='word_1_447' title='bbox 1006 3226 1277 3287; x_wconf 83' lang='lat' dir='ltr'><strong>quantum</strong></span> <span class='ocrx_word' id='word_1_448' title='bbox 1332 3225 1546 3287; x_wconf 88' lang='lat' dir='ltr'><strong>potero,</strong></span> <span class='ocrx_word' id='word_1_449' title='bbox 1609 3231 1900 3287; x_wconf 79' lang='lat' dir='ltr'><strong>exponam.</strong></span> <span class='ocrx_word' id='word_1_450' title='bbox 1969 3217 2050 3273; x_wconf 86' lang='lat' dir='ltr'><strong>Eo</strong></span> 
     </span>
    </p>
   </div>
   <div class='ocr_carea' id='block_1_65' title="bbox 486 3304 2048 3378">
    <p class='ocr_par' dir='ltr' id='par_1_65' title="bbox 486 3304 2048 3378">
     <span class='ocr_line' id='line_1_65' title="bbox 486 3304 2048 3378; baseline -0.002 -15"><span class='ocrx_word' id='word_1_451' title='bbox 486 3324 727 3378; x_wconf 89' lang='lat' dir='ltr'><strong>namque</strong></span> <span class='ocrx_word' id='word_1_452' title='bbox 773 3307 861 3362; x_wconf 91' lang='lat' dir='ltr'><strong>die</strong></span> <span class='ocrx_word' id='word_1_453' title='bbox 907 3321 1019 3376; x_wconf 90' lang='lat' dir='ltr'><strong>quo</strong></span> <span class='ocrx_word' id='word_1_454' title='bbox 1062 3320 1317 3376; x_wconf 88' lang='lat' dir='ltr'><strong>magnum</strong></span> <span class='ocrx_word' id='word_1_455' title='bbox 1354 3304 1611 3360; x_wconf 63' lang='lat' dir='ltr'><strong>Ecclesiae</strong></span> <span class='ocrx_word' id='word_1_456' title='bbox 1658 3306 1829 3369; x_wconf 85' lang='lat' dir='ltr'><strong>sidus,</strong></span> <span class='ocrx_word' id='word_1_457' title='bbox 1878 3306 2048 3360; x_wconf 86' lang='lat' dir='ltr'><strong>veluti</strong></span> 
     </span>
    </p>
   </div>
   <div class='ocr_carea' id='block_1_66' title="bbox 485 3392 2047 3467">
    <p class='ocr_par' dir='ltr' id='par_1_66' title="bbox 485 3392 2047 3467">
     <span class='ocr_line' id='line_1_66' title="bbox 485 3392 2047 3467; baseline -0.003 -12"><span class='ocrx_word' id='word_1_458' title='bbox 485 3401 764 3466; x_wconf 86' lang='lat' dir='ltr'><strong>occidens,</strong></span> <span class='ocrx_word' id='word_1_459' title='bbox 797 3398 852 3453; x_wconf 89' lang='lat' dir='ltr'><strong>in</strong></span> <span class='ocrx_word' id='word_1_460' title='bbox 884 3398 1139 3454; x_wconf 78' lang='lat' dir='ltr'><strong>exsilium</strong></span> <span class='ocrx_word' id='word_1_461' title='bbox 1159 3396 1315 3464; x_wconf 89' lang='lat' dir='ltr'><strong>abiit,</strong></span> <span class='ocrx_word' id='word_1_462' title='bbox 1348 3396 1492 3467; x_wconf 90' lang='lat' dir='ltr'><strong>ignis</strong></span> <span class='ocrx_word' id='word_1_463' title='bbox 1524 3411 1593 3451; x_wconf 76' lang='lat' dir='ltr'><strong>ex</strong></span> <span class='ocrx_word' id='word_1_464' title='bbox 1613 3392 1796 3451; x_wconf 83' lang='lat' dir='ltr'><strong>medio</strong></span> <span class='ocrx_word' id='word_1_465' title='bbox 1824 3396 2047 3461; x_wconf 87' lang='lat' dir='ltr'><strong>throno,</strong></span> 
     </span>
    </p>
   </div>
   <div class='ocr_carea' id='block_1_67' title="bbox 486 3486 2049 3562">
    <p class='ocr_par' dir='ltr' id='par_1_67' title="bbox 486 3486 2049 3562">
     <span class='ocr_line' id='line_1_67' title="bbox 486 3486 2049 3562; baseline -0.001 -16"><span class='ocrx_word' id='word_1_466' title='bbox 486 3493 542 3547; x_wconf 91' lang='lat' dir='ltr'><strong>in</strong></span> <span class='ocrx_word' id='word_1_467' title='bbox 570 3505 681 3562; x_wconf 88' lang='lat' dir='ltr'><strong>quo</strong></span> <span class='ocrx_word' id='word_1_468' title='bbox 712 3490 976 3546; x_wconf 74' lang='lat' dir='ltr'><strong>doctrina:</strong></span> <span class='ocrx_word' id='word_1_469' title='bbox 1000 3489 1089 3544; x_wconf 90' lang='lat' dir='ltr'><strong>illa</strong></span> <span class='ocrx_word' id='word_1_470' title='bbox 1121 3490 1217 3544; x_wconf 79' lang='lat' dir='ltr'><strong>lux</strong></span> <span class='ocrx_word' id='word_1_471' title='bbox 1243 3486 1538 3543; x_wconf 88' lang='lat' dir='ltr'><strong>considens</strong></span> <span class='ocrx_word' id='word_1_472' title='bbox 1561 3499 1952 3544; x_wconf 87' lang='lat' dir='ltr'><strong>coruscaverat</strong></span> <span class='ocrx_word' id='word_1_473' title='bbox 1975 3531 1991 3554; x_wconf 90' lang='lat'><strong>,</strong></span> <span class='ocrx_word' id='word_1_474' title='bbox 2019 3508 2049 3544; x_wconf 93' lang='lat' dir='ltr'><strong>a</strong></span> 
     </span>
    </p>
   </div>
   <div class='ocr_carea' id='block_1_68' title="bbox 486 3581 2051 3654">
    <p class='ocr_par' dir='ltr' id='par_1_68' title="bbox 486 3581 2051 3654">
     <span class='ocr_line' id='line_1_68' title="bbox 486 3581 2051 3654; baseline -0.003 -13"><span class='ocrx_word' id='word_1_475' title='bbox 486 3586 709 3642; x_wconf 90' lang='lat' dir='ltr'><strong>nemine</strong></span> <span class='ocrx_word' id='word_1_476' title='bbox 763 3585 1072 3654; x_wconf 87' lang='lat' dir='ltr'><strong>conjectus,</strong></span> <span class='ocrx_word' id='word_1_477' title='bbox 1105 3581 1348 3637; x_wconf 88' lang='lat' dir='ltr'><strong>emicans</strong></span> <span class='ocrx_word' id='word_1_478' title='bbox 1388 3581 1686 3651; x_wconf 86' lang='lat' dir='ltr'><strong>derepente</strong></span> <span class='ocrx_word' id='word_1_479' title='bbox 1724 3597 1822 3650; x_wconf 88' lang='lat' dir='ltr'><strong>per</strong></span> <span class='ocrx_word' id='word_1_480' title='bbox 1862 3597 2051 3637; x_wconf 87' lang='lat' dir='ltr'><strong>sacras</strong></span> 
     </span>
    </p>
   </div>
   <div class='ocr_carea' id='block_1_69' title="bbox 487 3672 2052 3743">
    <p class='ocr_par' dir='ltr' id='par_1_69' title="bbox 487 3672 2052 3743">
     <span class='ocr_line' id='line_1_69' title="bbox 487 3672 2052 3743; baseline -0.003 -12"><span class='ocrx_word' id='word_1_481' title='bbox 487 3689 710 3733; x_wconf 86' lang='lat' dir='ltr'><strong>catenas</strong></span> <span class='ocrx_word' id='word_1_482' title='bbox 768 3678 824 3731; x_wconf 90' lang='lat' dir='ltr'><strong>in</strong></span> <span class='ocrx_word' id='word_1_483' title='bbox 882 3675 1117 3730; x_wconf 83' lang='lat' dir='ltr'><strong>sublime</strong></span> <span class='ocrx_word' id='word_1_484' title='bbox 1169 3672 1464 3743; x_wconf 88' lang='lat' dir='ltr'><strong>prorepsit,</strong></span> <span class='ocrx_word' id='word_1_485' title='bbox 1514 3680 1572 3725; x_wconf 90' lang='lat' dir='ltr'><strong>et</strong></span> <span class='ocrx_word' id='word_1_486' title='bbox 1627 3673 1922 3727; x_wconf 84' lang='lat' dir='ltr'><strong>ecclesiam</strong></span> <span class='ocrx_word' id='word_1_487' title='bbox 1984 3689 2052 3727; x_wconf 83' lang='lat' dir='ltr'><strong>ex</strong></span> 
     </span>
    </p>
   </div>
   <div class='ocr_carea' id='block_1_70' title="bbox 488 3767 2054 3839">
    <p class='ocr_par' dir='ltr' id='par_1_70' title="bbox 488 3767 2054 3839">
     <span class='ocr_line' id='line_1_70' title="bbox 488 3767 2054 3839; baseline -0.004 -14"><span class='ocrx_word' id='word_1_488' title='bbox 488 3771 638 3825; x_wconf 82' lang='lat' dir='ltr'><strong>omni</strong></span> <span class='ocrx_word' id='word_1_489' title='bbox 691 3780 849 3839; x_wconf 89' lang='lat' dir='ltr'><strong>parte</strong></span> <span class='ocrx_word' id='word_1_490' title='bbox 888 3767 1131 3838; x_wconf 85' lang='lat' dir='ltr'><strong>carpsit,</strong></span> <span class='ocrx_word' id='word_1_491' title='bbox 1181 3778 1413 3835; x_wconf 89' lang='lat' dir='ltr'><strong>eamque</strong></span> <span class='ocrx_word' id='word_1_492' title='bbox 1461 3778 1686 3834; x_wconf 87' lang='lat' dir='ltr'><strong>prorsus</strong></span> <span class='ocrx_word' id='word_1_493' title='bbox 1722 3779 2054 3834; x_wconf 86' lang='lat' dir='ltr'><strong>percurrens</strong></span> 
     </span>
    </p>
   </div>
   <div class='ocr_carea' id='block_1_71' title="bbox 489 3855 2051 3931">
    <p class='ocr_par' dir='ltr' id='par_1_71' title="bbox 489 3855 2051 3931">
     <span class='ocr_line' id='line_1_71' title="bbox 489 3855 2051 3931; baseline -0.004 -16"><span class='ocrx_word' id='word_1_494' title='bbox 489 3862 752 3931; x_wconf 86' lang='lat' dir='ltr'><strong>depastus</strong></span> <span class='ocrx_word' id='word_1_495' title='bbox 781 3870 864 3915; x_wconf 85' lang='lat' dir='ltr'><strong>cst</strong></span> <span class='ocrx_word' id='word_1_496' title='bbox 904 3875 921 3915; x_wconf 84' lang='lat'><strong>:</strong></span> <span class='ocrx_word' id='word_1_497' title='bbox 957 3856 1156 3912; x_wconf 87' lang='lat' dir='ltr'><strong>deinde</strong></span> <span class='ocrx_word' id='word_1_498' title='bbox 1189 3864 1333 3912; x_wconf 91' lang='lat' dir='ltr'><strong>tecto</strong></span> <span class='ocrx_word' id='word_1_499' title='bbox 1359 3870 1578 3925; x_wconf 89' lang='lat' dir='ltr'><strong>quoque</strong></span> <span class='ocrx_word' id='word_1_500' title='bbox 1606 3864 1954 3924; x_wconf 88' lang='lat' dir='ltr'><strong>consumpto,</strong></span> <span class='ocrx_word' id='word_1_501' title='bbox 1983 3855 2051 3908; x_wconf 87' lang='lat' dir='ltr'><strong>ad</strong></span> 
     </span>
    </p>
   </div>
   <div class='ocr_carea' id='block_1_72' title="bbox 492 3947 2052 4023">
    <p class='ocr_par' dir='ltr' id='par_1_72' title="bbox 492 3947 2052 4023">
     <span class='ocr_line' id='line_1_72' title="bbox 492 3947 2052 4023; baseline -0.005 -14"><span class='ocrx_word' id='word_1_502' title='bbox 492 3965 705 4023; x_wconf 72' lang='lat' dir='ltr'><strong>tergum</strong></span> <span class='ocrx_word' id='word_1_503' title='bbox 740 3966 1019 4007; x_wconf 82' lang='lat' dir='ltr'><strong>sacrarum</strong></span> <span class='ocrx_word' id='word_1_504' title='bbox 1055 3949 1254 4005; x_wconf 72' lang='lat' dir='ltr'><strong>aedium</strong></span> <span class='ocrx_word' id='word_1_505' title='bbox 1298 3963 1622 4013; x_wconf 70' lang='lat' dir='ltr'><strong>universus,</strong></span> <span class='ocrx_word' id='word_1_506' title='bbox 1649 3958 1706 4002; x_wconf 92' lang='lat' dir='ltr'><strong>et</strong></span> <span class='ocrx_word' id='word_1_507' title='bbox 1741 3947 2052 4002; x_wconf 79' lang='lat' dir='ltr'><strong>vehementi</strong></span> 
     </span>
    </p>
   </div>
   <div class='ocr_carea' id='block_1_73' title="bbox 489 4041 2056 4115">
    <p class='ocr_par' dir='ltr' id='par_1_73' title="bbox 489 4041 2056 4115">
     <span class='ocr_line' id='line_1_73' title="bbox 489 4041 2056 4115; baseline -0.003 -16"><span class='ocrx_word' id='word_1_508' title='bbox 489 4048 845 4115; x_wconf 87' lang='lat' dir='ltr'><strong>violentoque</strong></span> <span class='ocrx_word' id='word_1_509' title='bbox 881 4043 1009 4098; x_wconf 91' lang='lat' dir='ltr'><strong>inde</strong></span> <span class='ocrx_word' id='word_1_510' title='bbox 1040 4053 1202 4098; x_wconf 84' lang='lat' dir='ltr'><strong>vento</strong></span> <span class='ocrx_word' id='word_1_511' title='bbox 1229 4051 1509 4110; x_wconf 78' lang='lat' dir='ltr'><strong>exceptus,</strong></span> <span class='ocrx_word' id='word_1_512' title='bbox 1543 4041 1849 4111; x_wconf 80' lang='lat' dir='ltr'><strong>proximam</strong></span> <span class='ocrx_word' id='word_1_513' title='bbox 1892 4042 2056 4095; x_wconf 89' lang='lat' dir='ltr'><strong>meri-</strong></span> 
     </span>
    </p>
   </div>
   <div class='ocr_carea' id='block_1_74' title="bbox 492 4133 2054 4204">
    <p class='ocr_par' dir='ltr' id='par_1_74' title="bbox 492 4133 2054 4204">
     <span class='ocr_line' id='line_1_74' title="bbox 492 4133 2054 4204; baseline -0.004 -10"><span class='ocrx_word' id='word_1_514' title='bbox 492 4142 640 4194; x_wconf 86' lang='lat' dir='ltr'><strong>diem</strong></span> <span class='ocrx_word' id='word_1_515' title='bbox 679 4152 871 4192; x_wconf 88' lang='lat' dir='ltr'><strong>versus</strong></span> <span class='ocrx_word' id='word_1_516' title='bbox 897 4144 1125 4191; x_wconf 84' lang='lat' dir='ltr'><strong>senatus</strong></span> <span class='ocrx_word' id='word_1_517' title='bbox 1150 4134 1361 4188; x_wconf 88' lang='lat' dir='ltr'><strong>curiam</strong></span> <span class='ocrx_word' id='word_1_518' title='bbox 1385 4174 1398 4198; x_wconf 96' lang='lat'><strong>,</strong></span> <span class='ocrx_word' id='word_1_519' title='bbox 1430 4133 1687 4204; x_wconf 88' lang='lat' dir='ltr'><strong>quamvis</strong></span> <span class='ocrx_word' id='word_1_520' title='bbox 1716 4134 2054 4204; x_wconf 81' lang='lat' dir='ltr'><strong>longiuscule</strong></span> 
     </span>
    </p>
   </div>
   <div class='ocr_carea' id='block_1_75' title="bbox 492 4224 2051 4292">
    <p class='ocr_par' dir='ltr' id='par_1_75' title="bbox 492 4224 2051 4292">
     <span class='ocr_line' id='line_1_75' title="bbox 492 4224 2051 4292; baseline -0.003 -9"><span class='ocrx_word' id='word_1_521' title='bbox 492 4230 767 4292; x_wconf 88' lang='lat' dir='ltr'><strong>dissitam,</strong></span> <span class='ocrx_word' id='word_1_522' title='bbox 796 4228 1018 4281; x_wconf 81' lang='lat' dir='ltr'><strong>invasit.</strong></span> <span class='ocrx_word' id='word_1_523' title='bbox 1070 4224 1307 4280; x_wconf 85' lang='lat' dir='ltr'><strong>Cernere</strong></span> <span class='ocrx_word' id='word_1_524' title='bbox 1336 4235 1459 4277; x_wconf 86' lang='lat' dir='ltr'><strong>erat</strong></span> <span class='ocrx_word' id='word_1_525' title='bbox 1492 4239 1606 4277; x_wconf 85' lang='lat' dir='ltr'><strong>rem</strong></span> <span class='ocrx_word' id='word_1_526' title='bbox 1642 4224 1884 4279; x_wconf 85' lang='lat' dir='ltr'><strong>divinam</strong></span> <span class='ocrx_word' id='word_1_527' title='bbox 1916 4224 2051 4292; x_wconf 84' lang='lat' dir='ltr'><strong>fere,</strong></span> 
     </span>
    </p>
   </div>
   <div class='ocr_carea' id='block_1_76' title="bbox 492 4314 2052 4385">
    <p class='ocr_par' dir='ltr' id='par_1_76' title="bbox 492 4314 2052 4385">
     <span class='ocr_line' id='line_1_76' title="bbox 492 4314 2052 4385; baseline -0.001 -12"><span class='ocrx_word' id='word_1_528' title='bbox 492 4324 557 4374; x_wconf 79' lang='lat' dir='ltr'><strong>et“</strong></span> <span class='ocrx_word' id='word_1_529' title='bbox 604 4318 766 4373; x_wconf 80' lang='lat' dir='ltr'><strong>valde</strong></span> <span class='ocrx_word' id='word_1_530' title='bbox 814 4316 1220 4381; x_wconf 70' lang='lat' dir='ltr'><strong>admirandam.</strong></span> <span class='ocrx_word' id='word_1_531' title='bbox 1300 4314 1543 4369; x_wconf 85' lang='lat' dir='ltr'><strong>Flamma</strong></span> <span class='ocrx_word' id='word_1_532' title='bbox 1605 4331 1836 4385; x_wconf 88' lang='lat' dir='ltr'><strong>namque</strong></span> <span class='ocrx_word' id='word_1_533' title='bbox 1881 4319 2052 4372; x_wconf 87' lang='lat' dir='ltr'><strong>veluti</strong></span> 
     </span>
    </p>
   </div>
   <div class='ocr_carea' id='block_1_77' title="bbox 492 4406 2055 4479">
    <p class='ocr_par' dir='ltr' id='par_1_77' title="bbox 492 4406 2055 4479">
     <span class='ocr_line' id='line_1_77' title="bbox 492 4406 2055 4479; baseline 0.001 -14"><span class='ocrx_word' id='word_1_534' title='bbox 492 4411 734 4465; x_wconf 85' lang='lat' dir='ltr'><strong>animata</strong></span> <span class='ocrx_word' id='word_1_535' title='bbox 757 4417 927 4471; x_wconf 86' lang='lat' dir='ltr'><strong>esset,</strong></span> <span class='ocrx_word' id='word_1_536' title='bbox 971 4406 1200 4461; x_wconf 83' lang='lat' dir='ltr'><strong>aedilicia</strong></span> <span class='ocrx_word' id='word_1_537' title='bbox 1226 4422 1345 4476; x_wconf 75' lang='lat' dir='ltr'><strong>quae</strong></span> <span class='ocrx_word' id='word_1_538' title='bbox 1380 4407 1435 4459; x_wconf 91' lang='lat' dir='ltr'><strong>in</strong></span> <span class='ocrx_word' id='word_1_539' title='bbox 1468 4406 1650 4461; x_wconf 82' lang='lat' dir='ltr'><strong>inedio</strong></span> <span class='ocrx_word' id='word_1_540' title='bbox 1680 4418 1839 4463; x_wconf 88' lang='lat' dir='ltr'><strong>erant</strong></span> <span class='ocrx_word' id='word_1_541' title='bbox 1862 4449 1876 4472; x_wconf 95' lang='lat'><strong>,</strong></span> <span class='ocrx_word' id='word_1_542' title='bbox 1917 4426 2055 4479; x_wconf 73' lang='lat' dir='ltr'><strong>prte-</strong></span> 
     </span>
    </p>
   </div>
   <div class='ocr_carea' id='block_1_78' title="bbox 2155 3218 3690 3296">
    <p class='ocr_par' dir='ltr' id='par_1_78' title="bbox 2155 3218 3690 3296">
     <span class='ocr_line' id='line_1_78' title="bbox 2155 3218 3690 3296; baseline 0 -18"><span class='ocrx_word' id='word_1_543' title='bbox 2155 3224 2429 3296; x_wconf 86' lang='grc' dir='ltr'>σημϐρίαν</span> <span class='ocrx_word' id='word_1_544' title='bbox 2459 3224 2555 3293; x_wconf 82' lang='grc' dir='ltr'>τῆς</span> <span class='ocrx_word' id='word_1_545' title='bbox 2586 3224 2891 3294; x_wconf 78' lang='grc' dir='ltr'>συγκλήτου</span> <span class='ocrx_word' id='word_1_546' title='bbox 2929 3222 3131 3294; x_wconf 77' lang='grc' dir='ltr'>βουλῆς</span> <span class='ocrx_word' id='word_1_547' title='bbox 3159 3218 3333 3288; x_wconf 81' lang='grc' dir='ltr'>οἶκον,</span> <span class='ocrx_word' id='word_1_548' title='bbox 3383 3224 3575 3293; x_wconf 83' lang='grc' dir='ltr'>καίπερ</span> <span class='ocrx_word' id='word_1_549' title='bbox 3615 3225 3690 3278; x_wconf 79' lang='grc' dir='ltr'><strong>διά</strong></span> 
     </span>
    </p>
   </div>
   <div class='ocr_carea' id='block_1_79' title="bbox 2156 3310 3689 3387">
    <p class='ocr_par' dir='ltr' id='par_1_79' title="bbox 2156 3310 3689 3387">
     <span class='ocr_line' id='line_1_79' title="bbox 2156 3310 3689 3387; baseline 0.002 -19"><span class='ocrx_word' id='word_1_550' title='bbox 2156 3316 2370 3386; x_wconf 77' lang='grc' dir='ltr'>μακροῦ</span> <span class='ocrx_word' id='word_1_551' title='bbox 2407 3314 2683 3385; x_wconf 84' lang='grc' dir='ltr'>κείμενον,</span> <span class='ocrx_word' id='word_1_552' title='bbox 2719 3314 3050 3381; x_wconf 68' lang='grc' dir='ltr'>ἰξετίνασσε.</span> <span class='ocrx_word' id='word_1_553' title='bbox 3088 3315 3201 3369; x_wconf 78' lang='grc' dir='ltr'><strong>Καὶ</strong></span> <span class='ocrx_word' id='word_1_554' title='bbox 3224 3310 3292 3386; x_wconf 77' lang='grc' dir='ltr'>ἦν</span> <span class='ocrx_word' id='word_1_555' title='bbox 3321 3317 3449 3369; x_wconf 83' lang='grc' dir='ltr'>ίδεῖν</span> <span class='ocrx_word' id='word_1_556' title='bbox 3484 3320 3689 3387; x_wconf 79' lang='grc' dir='ltr'>πρᾶγμα</span> 
     </span>
    </p>
   </div>
   <div class='ocr_carea' id='block_1_80' title="bbox 2152 3402 3687 3476">
    <p class='ocr_par' dir='ltr' id='par_1_80' title="bbox 2152 3402 3687 3476">
     <span class='ocr_line' id='line_1_80' title="bbox 2152 3402 3687 3476; baseline 0.001 -16"><span class='ocrx_word' id='word_1_557' title='bbox 2152 3408 2292 3460; x_wconf 77' lang='grc' dir='ltr'>θεῖον</span> <span class='ocrx_word' id='word_1_558' title='bbox 2315 3408 2391 3469; x_wconf 80' lang='grc' dir='ltr'><strong>ὡς</strong></span> <span class='ocrx_word' id='word_1_559' title='bbox 2417 3406 2655 3476; x_wconf 83' lang='grc' dir='ltr'>άληθῶς.</span> <span class='ocrx_word' id='word_1_560' title='bbox 2686 3406 2780 3459; x_wconf 76' lang='grc' dir='ltr'><strong>καὶ</strong></span> <span class='ocrx_word' id='word_1_561' title='bbox 2814 3405 2939 3459; x_wconf 85' lang='grc' dir='ltr'>λίαν</span> <span class='ocrx_word' id='word_1_562' title='bbox 2955 3404 3193 3470; x_wconf 75' lang='grc' dir='ltr'>ἐξαίσιον</span> <span class='ocrx_word' id='word_1_563' title='bbox 3214 3422 3230 3437; x_wconf 77' lang='grc' dir='ltr'><strong>ο</strong></span> <span class='ocrx_word' id='word_1_564' title='bbox 3259 3407 3294 3476; x_wconf 73' lang='grc' dir='ltr'>ἡ</span> <span class='ocrx_word' id='word_1_565' title='bbox 3319 3406 3430 3475; x_wconf 86' lang='grc' dir='ltr'><strong>γάρ</strong></span> <span class='ocrx_word' id='word_1_566' title='bbox 3452 3407 3589 3475; x_wconf 75' lang='grc' dir='ltr'>φλὸξ,</span> <span class='ocrx_word' id='word_1_567' title='bbox 3613 3402 3687 3461; x_wconf 73' lang='grc' dir='ltr'>οἷά</span> 
     </span>
    </p>
   </div>
   <div class='ocr_carea' id='block_1_81' title="bbox 2151 3495 3683 3569">
    <p class='ocr_par' dir='ltr' id='par_1_81' title="bbox 2151 3495 3683 3569">
     <span class='ocr_line' id='line_1_81' title="bbox 2151 3495 3683 3569; baseline 0.001 -19"><span class='ocrx_word' id='word_1_568' title='bbox 2151 3515 2235 3561; x_wconf 87' lang='grc' dir='ltr'><strong>τις</strong></span> <span class='ocrx_word' id='word_1_569' title='bbox 2262 3497 2506 3568; x_wconf 68' lang='grc' dir='ltr'>ἔμψυχος</span> <span class='ocrx_word' id='word_1_570' title='bbox 2539 3496 2980 3567; x_wconf 72' lang='grc' dir='ltr'>παραδραμοΰσα</span> <span class='ocrx_word' id='word_1_571' title='bbox 3036 3495 3105 3550; x_wconf 81' lang='grc' dir='ltr'><strong>τὰ</strong></span> <span class='ocrx_word' id='word_1_572' title='bbox 3144 3497 3350 3567; x_wconf 78' lang='grc' dir='ltr'>μεταξὺ</span> <span class='ocrx_word' id='word_1_573' title='bbox 3385 3498 3683 3569; x_wconf 77' lang='grc' dir='ltr'>ὑπερήλατο,</span> 
     </span>
    </p>
   </div>
   <div class='ocr_carea' id='block_1_82' title="bbox 2150 3589 3686 3663">
    <p class='ocr_par' dir='ltr' id='par_1_82' title="bbox 2150 3589 3686 3663">
     <span class='ocr_line' id='line_1_82' title="bbox 2150 3589 3686 3663; baseline 0.001 -20"><span class='ocrx_word' id='word_1_574' title='bbox 2150 3593 2227 3655; x_wconf 83' lang='grc' dir='ltr'>ὡς</span> <span class='ocrx_word' id='word_1_575' title='bbox 2268 3590 2334 3644; x_wconf 80' lang='grc' dir='ltr'>ἂν</span> <span class='ocrx_word' id='word_1_576' title='bbox 2372 3590 2448 3662; x_wconf 81' lang='grc' dir='ltr'>μὴ</span> <span class='ocrx_word' id='word_1_577' title='bbox 2479 3593 2547 3662; x_wconf 77' lang='grc' dir='ltr'>τῇ</span> <span class='ocrx_word' id='word_1_578' title='bbox 2593 3590 2860 3661; x_wconf 69' lang='grc' dir='ltr'>ἐγγύτητι</span> <span class='ocrx_word' id='word_1_579' title='bbox 2893 3589 3234 3660; x_wconf 78' lang='grc' dir='ltr'>ἀνθρώπινόν</span> <span class='ocrx_word' id='word_1_580' title='bbox 3278 3608 3367 3655; x_wconf 87' lang='grc' dir='ltr'><strong>τις</strong></span> <span class='ocrx_word' id='word_1_581' title='bbox 3416 3592 3608 3663; x_wconf 84' lang='grc' dir='ltr'>οίηθείη</span> <span class='ocrx_word' id='word_1_582' title='bbox 3635 3594 3686 3645; x_wconf 74' lang='grc' dir='ltr'>τὸ</span> 
     </span>
    </p>
   </div>
   <div class='ocr_carea' id='block_1_83' title="bbox 2152 3674 3684 3754">
    <p class='ocr_par' dir='ltr' id='par_1_83' title="bbox 2152 3674 3684 3754">
     <span class='ocr_line' id='line_1_83' title="bbox 2152 3674 3684 3754; baseline 0.001 -18"><span class='ocrx_word' id='word_1_583' title='bbox 2152 3674 2335 3753; x_wconf 78' lang='grc' dir='ltr'>ἔργον.</span> <span class='ocrx_word' id='word_1_584' title='bbox 2397 3683 2505 3738; x_wconf 77' lang='grc' dir='ltr'><strong>Καὶ</strong></span> <span class='ocrx_word' id='word_1_585' title='bbox 2540 3683 2622 3746; x_wconf 87' lang='grc' dir='ltr'><strong>είς</strong></span> <span class='ocrx_word' id='word_1_586' title='bbox 2666 3683 2819 3753; x_wconf 84' lang='grc' dir='ltr'>τρεῖς</span> <span class='ocrx_word' id='word_1_587' title='bbox 2877 3682 3028 3754; x_wconf 83' lang='grc' dir='ltr'>ὥρας</span> <span class='ocrx_word' id='word_1_588' title='bbox 3081 3684 3318 3737; x_wconf 84' lang='grc' dir='ltr'>είσάπαν</span> <span class='ocrx_word' id='word_1_589' title='bbox 3357 3683 3420 3737; x_wconf 78' lang='grc' dir='ltr'>τὸ</span> <span class='ocrx_word' id='word_1_590' title='bbox 3464 3684 3684 3737; x_wconf 83' lang='grc' dir='ltr'>τοσοῦτον</span> 
     </span>
    </p>
   </div>
   <div class='ocr_carea' id='block_1_84' title="bbox 2153 3774 3684 3848">
    <p class='ocr_par' dir='ltr' id='par_1_84' title="bbox 2153 3774 3684 3848">
     <span class='ocr_line' id='line_1_84' title="bbox 2153 3774 3684 3848; baseline 0 -19"><span class='ocrx_word' id='word_1_591' title='bbox 2153 3776 2315 3846; x_wconf 73' lang='grc' dir='ltr'>ἔργον</span> <span class='ocrx_word' id='word_1_592' title='bbox 2346 3775 2441 3830; x_wconf 78' lang='grc' dir='ltr'><strong>καὶ</strong></span> <span class='ocrx_word' id='word_1_593' title='bbox 2492 3775 2687 3846; x_wconf 75' lang='grc' dir='ltr'>χρόνου</span> <span class='ocrx_word' id='word_1_594' title='bbox 2718 3774 3100 3845; x_wconf 81' lang='grc' dir='ltr'>ὑπερτερῆσαν</span> <span class='ocrx_word' id='word_1_595' title='bbox 3153 3775 3377 3841; x_wconf 83' lang='grc' dir='ltr'>πολλοῦ,</span> <span class='ocrx_word' id='word_1_596' title='bbox 3407 3774 3505 3848; x_wconf 77' lang='grc' dir='ltr'><strong>ὕλῃ</strong></span> <span class='ocrx_word' id='word_1_597' title='bbox 3530 3777 3615 3846; x_wconf 74' lang='grc' dir='ltr'>μὲν</span> <span class='ocrx_word' id='word_1_598' title='bbox 3635 3778 3684 3840; x_wconf 69' lang='grc' dir='ltr'>ις</span> 
     </span>
    </p>
   </div>
   <div class='ocr_carea' id='block_1_85' title="bbox 2158 3864 3682 3935">
    <p class='ocr_par' dir='ltr' id='par_1_85' title="bbox 2158 3864 3682 3935">
     <span class='ocr_line' id='line_1_85' title="bbox 2158 3864 3682 3935; baseline 0.003 -17"><span class='ocrx_word' id='word_1_599' title='bbox 2158 3865 2506 3918; x_wconf 81' lang='grc' dir='ltr'>πολυτέλειαν</span> <span class='ocrx_word' id='word_1_600' title='bbox 2540 3864 2766 3935; x_wconf 78' lang='grc' dir='ltr'>πρώτην</span> <span class='ocrx_word' id='word_1_601' title='bbox 2817 3864 3044 3934; x_wconf 78' lang='grc' dir='ltr'>ἀνῆκον,</span> <span class='ocrx_word' id='word_1_602' title='bbox 3089 3866 3420 3935; x_wconf 63' lang='grc' dir='ltr'>περικαλλὲς</span> <span class='ocrx_word' id='word_1_603' title='bbox 3452 3866 3506 3921; x_wconf 63' lang='grc' dir='ltr'>δὲ</span> <span class='ocrx_word' id='word_1_604' title='bbox 3532 3866 3682 3929; x_wconf 71' lang='grc' dir='ltr'>άλλως</span> 
     </span>
    </p>
   </div>
   <div class='ocr_carea' id='block_1_86' title="bbox 2156 3956 3683 4029">
    <p class='ocr_par' dir='ltr' id='par_1_86' title="bbox 2156 3956 3683 4029">
     <span class='ocr_line' id='line_1_86' title="bbox 2156 3956 3683 4029; baseline 0 -19"><span class='ocrx_word' id='word_1_605' title='bbox 2156 3959 2249 4010; x_wconf 71' lang='grc' dir='ltr'><strong>καὶ</strong></span> <span class='ocrx_word' id='word_1_606' title='bbox 2279 3956 2638 4024; x_wconf 81' lang='grc' dir='ltr'>ὡραιότατον,</span> <span class='ocrx_word' id='word_1_607' title='bbox 2663 3956 3045 4026; x_wconf 85' lang='grc' dir='ltr'>παρανάλωμα</span> <span class='ocrx_word' id='word_1_608' title='bbox 3072 3956 3268 4025; x_wconf 68' lang='grc' dir='ltr'>γέγονε</span> <span class='ocrx_word' id='word_1_609' title='bbox 3303 3959 3547 4029; x_wconf 75' lang='grc' dir='ltr'>χωρῆσαν</span> <span class='ocrx_word' id='word_1_610' title='bbox 3571 3959 3683 4027; x_wconf 75' lang='grc' dir='ltr'>πρὸς</span> 
     </span>
    </p>
   </div>
   <div class='ocr_carea' id='block_1_87' title="bbox 2155 4046 3687 4122">
    <p class='ocr_par' dir='ltr' id='par_1_87' title="bbox 2155 4046 3687 4122">
     <span class='ocr_line' id='line_1_87' title="bbox 2155 4046 3687 4122; baseline 0.001 -22"><span class='ocrx_word' id='word_1_611' title='bbox 2155 4049 2215 4100; x_wconf 75' lang='grc' dir='ltr'><strong>τὸ</strong></span> <span class='ocrx_word' id='word_1_612' title='bbox 2249 4049 2324 4117; x_wconf 76' lang='grc' dir='ltr'>μὴ</span> <span class='ocrx_word' id='word_1_613' title='bbox 2350 4048 2431 4103; x_wconf 90' lang='grc' dir='ltr'>δν.</span> <span class='ocrx_word' id='word_1_614' title='bbox 2464 4048 2648 4102; x_wconf 82' lang='grc' dir='ltr'>Πάντα</span> <span class='ocrx_word' id='word_1_615' title='bbox 2687 4047 2744 4100; x_wconf 80' lang='grc' dir='ltr'>δὲ</span> <span class='ocrx_word' id='word_1_616' title='bbox 2766 4047 2835 4101; x_wconf 71' lang='grc' dir='ltr'><strong>τὰ</strong></span> <span class='ocrx_word' id='word_1_617' title='bbox 2862 4046 3051 4117; x_wconf 81' lang='grc' dir='ltr'><strong>κύκλῳ</strong></span> <span class='ocrx_word' id='word_1_618' title='bbox 3092 4049 3379 4119; x_wconf 72' lang='grc' dir='ltr'>παρὲρπον</span> <span class='ocrx_word' id='word_1_619' title='bbox 3401 4050 3458 4102; x_wconf 84' lang='grc' dir='ltr'>τὸ</span> <span class='ocrx_word' id='word_1_620' title='bbox 3487 4051 3588 4122; x_wconf 80' lang='grc' dir='ltr'>πῦρ</span> <span class='ocrx_word' id='word_1_621' title='bbox 3608 4051 3687 4102; x_wconf 73' lang='grc' dir='ltr'><strong>καὶ</strong></span> 
     </span>
    </p>
   </div>
   <div class='ocr_carea' id='block_1_88' title="bbox 2156 4137 3684 4215">
    <p class='ocr_par' dir='ltr' id='par_1_88' title="bbox 2156 4137 3684 4215">
     <span class='ocr_line' id='line_1_88' title="bbox 2156 4137 3684 4215; baseline 0.003 -24"><span class='ocrx_word' id='word_1_622' title='bbox 2156 4139 2562 4208; x_wconf 83' lang='grc' dir='ltr'>διανεμόμενον,</span> <span class='ocrx_word' id='word_1_623' title='bbox 2592 4137 2686 4192; x_wconf 82' lang='grc' dir='ltr'><strong>τοῦ</strong></span> <span class='ocrx_word' id='word_1_624' title='bbox 2736 4139 2984 4193; x_wconf 85' lang='grc' dir='ltr'>οίκίσκου</span> <span class='ocrx_word' id='word_1_625' title='bbox 3026 4139 3191 4209; x_wconf 85' lang='grc' dir='ltr'>μόνου</span> <span class='ocrx_word' id='word_1_626' title='bbox 3223 4140 3485 4215; x_wconf 71' lang='grc' dir='ltr'>εφείδετο,</span> <span class='ocrx_word' id='word_1_627' title='bbox 3528 4143 3555 4196; x_wconf 88' lang='grc' dir='ltr'><strong>δ</strong></span> <span class='ocrx_word' id='word_1_628' title='bbox 3597 4142 3684 4196; x_wconf 79' lang='grc' dir='ltr'><strong>τῶν</strong></span> 
     </span>
    </p>
   </div>
   <div class='ocr_carea' id='block_1_89' title="bbox 2158 4227 3684 4304">
    <p class='ocr_par' dir='ltr' id='par_1_89' title="bbox 2158 4227 3684 4304">
     <span class='ocr_line' id='line_1_89' title="bbox 2158 4227 3684 4304; baseline 0.003 -21"><span class='ocrx_word' id='word_1_629' title='bbox 2158 4230 2319 4283; x_wconf 86' lang='grc' dir='ltr'>θείων</span> <span class='ocrx_word' id='word_1_630' title='bbox 2374 4230 2587 4284; x_wconf 81' lang='grc' dir='ltr'>σκευῶν</span> <span class='ocrx_word' id='word_1_631' title='bbox 2635 4227 2747 4301; x_wconf 76' lang='grc' dir='ltr'>εἶχε</span> <span class='ocrx_word' id='word_1_632' title='bbox 2795 4230 2892 4303; x_wconf 81' lang='grc' dir='ltr'>τὴν</span> <span class='ocrx_word' id='word_1_633' title='bbox 2924 4231 3197 4304; x_wconf 82' lang='grc' dir='ltr'>φυλακήν.</span> <span class='ocrx_word' id='word_1_634' title='bbox 3228 4235 3339 4289; x_wconf 81' lang='grc' dir='ltr'><strong>Καὶ</strong></span> <span class='ocrx_word' id='word_1_635' title='bbox 3366 4235 3521 4290; x_wconf 82' lang='grc' dir='ltr'>τοῦτο</span> <span class='ocrx_word' id='word_1_636' title='bbox 3558 4231 3684 4303; x_wconf 77' lang='grc' dir='ltr'>οἶμαι</span> 
     </span>
    </p>
   </div>
   <div class='ocr_carea' id='block_1_90' title="bbox 2157 4318 3685 4398">
    <p class='ocr_par' dir='ltr' id='par_1_90' title="bbox 2157 4318 3685 4398">
     <span class='ocr_line' id='line_1_90' title="bbox 2157 4318 3685 4398; baseline 0.004 -26"><span class='ocrx_word' id='word_1_637' title='bbox 2157 4318 2410 4390; x_wconf 68' lang='grc' dir='ltr'>γενέσθαι</span> <span class='ocrx_word' id='word_1_638' title='bbox 2440 4320 2541 4374; x_wconf 82' lang='grc' dir='ltr'><strong>οὐκ</strong></span> <span class='ocrx_word' id='word_1_639' title='bbox 2587 4320 2771 4375; x_wconf 79' lang='grc' dir='ltr'>άθεεί·</span> <span class='ocrx_word' id='word_1_640' title='bbox 2798 4321 2875 4385; x_wconf 79' lang='grc' dir='ltr'><strong>ὥς</strong></span> <span class='ocrx_word' id='word_1_641' title='bbox 2925 4323 2992 4377; x_wconf 79' lang='grc' dir='ltr'>ἂν</span> <span class='ocrx_word' id='word_1_642' title='bbox 3024 4323 3101 4394; x_wconf 86' lang='grc' dir='ltr'>μή</span> <span class='ocrx_word' id='word_1_643' title='bbox 3126 4342 3236 4379; x_wconf 90' lang='grc' dir='ltr'>τινι</span> <span class='ocrx_word' id='word_1_644' title='bbox 3267 4325 3378 4379; x_wconf 81' lang='grc' dir='ltr'><strong>τῶν</strong></span> <span class='ocrx_word' id='word_1_645' title='bbox 3433 4326 3685 4398; x_wconf 76' lang='grc' dir='ltr'>ᾑρημένων</span> 
     </span>
    </p>
   </div>
   <div class='ocr_carea' id='block_1_91' title="bbox 2163 4412 3687 4489">
    <p class='ocr_par' dir='ltr' id='par_1_91' title="bbox 2163 4412 3687 4489">
     <span class='ocr_line' id='line_1_91' title="bbox 2163 4412 3687 4489; baseline 0.003 -24"><span class='ocrx_word' id='word_1_646' title='bbox 2163 4413 2520 4479; x_wconf 75' lang='grc' dir='ltr'>συκοφαντεῖν</span> <span class='ocrx_word' id='word_1_647' title='bbox 2546 4412 2756 4481; x_wconf 74' lang='grc' dir='ltr'>γένοιτο</span> <span class='ocrx_word' id='word_1_648' title='bbox 2787 4415 3011 4485; x_wconf 74' lang='grc' dir='ltr'>ἀφορμὴ</span> <span class='ocrx_word' id='word_1_649' title='bbox 3030 4419 3096 4486; x_wconf 77' lang='grc' dir='ltr'>τῇ</span> <span class='ocrx_word' id='word_1_650' title='bbox 3130 4417 3241 4473; x_wconf 86' lang='grc' dir='ltr'>τῶν</span> <span class='ocrx_word' id='word_1_651' title='bbox 3284 4418 3450 4489; x_wconf 80' lang='grc' dir='ltr'>ιερῶν</span> <span class='ocrx_word' id='word_1_652' title='bbox 3477 4417 3687 4487; x_wconf 69' lang='grc' dir='ltr'>ἀπωλείᾳ</span> 
     </span>
    </p>
   </div>
   <div class='ocr_carea' id='block_1_92' title="bbox 496 4497 2046 4580">
    <p class='ocr_par' dir='ltr' id='par_1_92' title="bbox 496 4497 2046 4572">
     <span class='ocr_line' id='line_1_92' title="bbox 496 4497 2046 4572; baseline -0.001 -15"><span class='ocrx_word' id='word_1_653' title='bbox 496 4504 708 4557; x_wconf 88' lang='lat' dir='ltr'><strong>terieus</strong></span> <span class='ocrx_word' id='word_1_654' title='bbox 770 4499 1055 4562; x_wconf 89' lang='lat' dir='ltr'><strong>transiliit,</strong></span> <span class='ocrx_word' id='word_1_655' title='bbox 1110 4514 1179 4553; x_wconf 91' lang='lat' dir='ltr'><strong>ne</strong></span> <span class='ocrx_word' id='word_1_656' title='bbox 1226 4497 1481 4553; x_wconf 66' lang='lat' dir='ltr'><strong>videlicet</strong></span> <span class='ocrx_word' id='word_1_657' title='bbox 1535 4500 1778 4568; x_wconf 75' lang='lat' dir='ltr'><strong>proxima</strong></span> <span class='ocrx_word' id='word_1_658' title='bbox 1826 4518 2046 4572; x_wconf 75' lang='lat' dir='ltr'><strong>quaeque</strong></span> 
     </span>
    </p>
   </div>
   <div class='ocr_carea' id='block_1_93' title="bbox 2149 4497 3686 4580">
    <p class='ocr_par' dir='ltr' id='par_1_93' title="bbox 2162 4502 3686 4580">
     <span class='ocr_line' id='line_1_93' title="bbox 2162 4502 3686 4580; baseline 0.002 -25"><span class='ocrx_word' id='word_1_659' title='bbox 2162 4502 2416 4573; x_wconf 80' lang='grc' dir='ltr'>διαϐολὴν</span> <span class='ocrx_word' id='word_1_660' title='bbox 2460 4504 2720 4571; x_wconf 81' lang='grc' dir='ltr'>γενναίαν</span> <span class='ocrx_word' id='word_1_661' title='bbox 2780 4506 3047 4574; x_wconf 81' lang='grc' dir='ltr'>ῥάπτειν,</span> <span class='ocrx_word' id='word_1_662' title='bbox 3083 4511 3178 4561; x_wconf 73' lang='grc' dir='ltr'><strong>καὶ</strong></span> <span class='ocrx_word' id='word_1_663' title='bbox 3215 4508 3409 4579; x_wconf 85' lang='grc' dir='ltr'>μῶμον</span> <span class='ocrx_word' id='word_1_664' title='bbox 3455 4510 3531 4580; x_wconf 79' lang='grc' dir='ltr'>τῷ</span> <span class='ocrx_word' id='word_1_665' title='bbox 3574 4508 3686 4577; x_wconf 76' lang='grc' dir='ltr'>ἁγίῳ</span> 
     </span>
    </p>
   </div>
   <div class='ocr_carea' id='block_1_94' title="bbox 498 4591 2046 4671">
    <p class='ocr_par' dir='ltr' id='par_1_94' title="bbox 498 4591 2046 4663">
     <span class='ocr_line' id='line_1_94' title="bbox 498 4591 2046 4663; baseline 0.001 -15"><span class='ocrx_word' id='word_1_666' title='bbox 498 4594 812 4663; x_wconf 83' lang='lat' dir='ltr'><strong>carpendo,</strong></span> <span class='ocrx_word' id='word_1_667' title='bbox 869 4593 1169 4647; x_wconf 88' lang='lat' dir='ltr'><strong>humanum</strong></span> <span class='ocrx_word' id='word_1_668' title='bbox 1220 4591 1274 4644; x_wconf 94' lang='lat' dir='ltr'><strong>id</strong></span> <span class='ocrx_word' id='word_1_669' title='bbox 1328 4592 1603 4661; x_wconf 88' lang='lat' dir='ltr'><strong>quispiam</strong></span> <span class='ocrx_word' id='word_1_670' title='bbox 1676 4591 1878 4649; x_wconf 86' lang='lat' dir='ltr'><strong>factum</strong></span> <span class='ocrx_word' id='word_1_671' title='bbox 1935 4609 2046 4650; x_wconf 73' lang='lat' dir='ltr'><strong>esse</strong></span> 
     </span>
    </p>
   </div>
   <div class='ocr_carea' id='block_1_95' title="bbox 2149 4591 3688 4671">
    <p class='ocr_par' dir='ltr' id='par_1_95' title="bbox 2166 4593 3688 4671">
     <span class='ocr_line' id='line_1_95' title="bbox 2166 4593 3688 4671; baseline 0.003 -23"><span class='ocrx_word' id='word_1_672' title='bbox 2166 4593 2625 4665; x_wconf 69' lang='grc' dir='ltr'>προστρίψασθαι.</span> <span class='ocrx_word' id='word_1_673' title='bbox 2673 4596 2747 4649; x_wconf 87' lang='grc' dir='ltr'><strong>Τό</strong></span> <span class='ocrx_word' id='word_1_674' title='bbox 2791 4614 2855 4666; x_wconf 91' lang='grc' dir='ltr'><strong>γε</strong></span> <span class='ocrx_word' id='word_1_675' title='bbox 2890 4599 2996 4668; x_wconf 82' lang='grc' dir='ltr'>μὴν</span> <span class='ocrx_word' id='word_1_676' title='bbox 3027 4599 3142 4671; x_wconf 88' lang='grc' dir='ltr'>πῦρ</span> <span class='ocrx_word' id='word_1_677' title='bbox 3167 4600 3349 4671; x_wconf 85' lang='grc' dir='ltr'>δείλης</span> <span class='ocrx_word' id='word_1_678' title='bbox 3378 4601 3533 4671; x_wconf 81' lang='grc' dir='ltr'>ὀψίας</span> <span class='ocrx_word' id='word_1_679' title='bbox 3555 4601 3688 4668; x_wconf 65' lang='lat' dir='ltr'><strong>apes.</strong></span> 
     </span>
    </p>
   </div>
   <div class='ocr_carea' id='block_1_96' title="bbox 499 4682 2046 4761">
    <p class='ocr_par' dir='ltr' id='par_1_96' title="bbox 499 4682 2046 4756">
     <span class='ocr_line' id='line_1_96' title="bbox 499 4682 2046 4756; baseline 0.001 -17"><span class='ocrx_word' id='word_1_680' title='bbox 499 4694 740 4755; x_wconf 83' lang='lat' dir='ltr'><strong>putaret.</strong></span> <span class='ocrx_word' id='word_1_681' title='bbox 773 4683 1087 4752; x_wconf 87' lang='lat' dir='ltr'><strong>Tribusque</strong></span> <span class='ocrx_word' id='word_1_682' title='bbox 1107 4682 1260 4737; x_wconf 85' lang='lat' dir='ltr'><strong>boris</strong></span> <span class='ocrx_word' id='word_1_683' title='bbox 1293 4698 1434 4753; x_wconf 86' lang='lat' dir='ltr'><strong>opus</strong></span> <span class='ocrx_word' id='word_1_684' title='bbox 1458 4693 1694 4746; x_wconf 82' lang='lat' dir='ltr'><strong>tantum,</strong></span> <span class='ocrx_word' id='word_1_685' title='bbox 1723 4684 1869 4754; x_wconf 91' lang='lat' dir='ltr'><strong>quod</strong></span> <span class='ocrx_word' id='word_1_686' title='bbox 1893 4685 2046 4756; x_wconf 75' lang='lat' dir='ltr'><strong>longe</strong></span> 
     </span>
    </p>
   </div>
   <div class='ocr_carea' id='block_1_97' title="bbox 2149 4682 3688 4761">
    <p class='ocr_par' dir='ltr' id='par_1_97' title="bbox 2169 4686 3688 4761">
     <span class='ocr_line' id='line_1_97' title="bbox 2169 4686 3688 4761; baseline 0.002 -23"><span class='ocrx_word' id='word_1_687' title='bbox 2169 4703 2349 4757; x_wconf 82' lang='grc' dir='ltr'>μενον,</span> <span class='ocrx_word' id='word_1_688' title='bbox 2379 4689 2576 4756; x_wconf 84' lang='grc' dir='ltr'>μέχρις</span> <span class='ocrx_word' id='word_1_689' title='bbox 2610 4686 2686 4739; x_wconf 71' lang='grc' dir='ltr'>ἕω</span> <span class='ocrx_word' id='word_1_690' title='bbox 2723 4690 2816 4741; x_wconf 72' lang='grc' dir='ltr'><strong>καὶ</strong></span> <span class='ocrx_word' id='word_1_691' title='bbox 2864 4692 3175 4761; x_wconf 81' lang='grc' dir='ltr'>περαιτέρω</span> <span class='ocrx_word' id='word_1_692' title='bbox 3218 4691 3418 4761; x_wconf 65' lang='grc' dir='ltr'>ἐχώρει</span> <span class='ocrx_word' id='word_1_693' title='bbox 3449 4692 3575 4760; x_wconf 81' lang='grc' dir='ltr'>πρὸς</span> <span class='ocrx_word' id='word_1_694' title='bbox 3611 4689 3688 4750; x_wconf 75' lang='grc' dir='ltr'>τὰς</span> 
     </span>
    </p>
   </div>
   <div class='ocr_carea' id='block_1_98' title="bbox 498 4773 2046 4853">
    <p class='ocr_par' dir='ltr' id='par_1_98' title="bbox 498 4773 2046 4845">
     <span class='ocr_line' id='line_1_98' title="bbox 498 4773 2046 4845; baseline 0.002 -15"><span class='ocrx_word' id='word_1_695' title='bbox 498 4778 754 4830; x_wconf 87' lang='lat' dir='ltr'><strong>durasset</strong></span> <span class='ocrx_word' id='word_1_696' title='bbox 787 4786 1056 4845; x_wconf 85' lang='lat' dir='ltr'><strong>tempore,</strong></span> <span class='ocrx_word' id='word_1_697' title='bbox 1084 4773 1314 4828; x_wconf 88' lang='lat' dir='ltr'><strong>materia</strong></span> <span class='ocrx_word' id='word_1_698' title='bbox 1341 4773 1566 4843; x_wconf 87' lang='lat' dir='ltr'><strong>quidem</strong></span> <span class='ocrx_word' id='word_1_699' title='bbox 1590 4775 1749 4845; x_wconf 88' lang='lat' dir='ltr'><strong>longe</strong></span> <span class='ocrx_word' id='word_1_700' title='bbox 1776 4778 2046 4845; x_wconf 79' lang='lat' dir='ltr'><strong>pretiosis-</strong></span> 
     </span>
    </p>
   </div>
   <div class='ocr_carea' id='block_1_99' title="bbox 2149 4773 3689 4853">
    <p class='ocr_par' dir='ltr' id='par_1_99' title="bbox 2166 4776 3689 4853">
     <span class='ocr_line' id='line_1_99' title="bbox 2166 4776 3689 4853; baseline 0.003 -22"><span class='ocrx_word' id='word_1_701' title='bbox 2166 4781 2247 4832; x_wconf 76' lang='grc' dir='ltr'>ἔτι</span> <span class='ocrx_word' id='word_1_702' title='bbox 2288 4776 2634 4842; x_wconf 81' lang='grc' dir='ltr'>συνεστώσας</span> <span class='ocrx_word' id='word_1_703' title='bbox 2690 4778 2822 4843; x_wconf 78' lang='grc' dir='ltr'>ὕλας</span> <span class='ocrx_word' id='word_1_704' title='bbox 2863 4781 3033 4853; x_wconf 73' lang='grc' dir='ltr'>ἕρπον</span> <span class='ocrx_word' id='word_1_705' title='bbox 3055 4792 3091 4846; x_wconf 69' lang='grc'>,⁸</span> <span class='ocrx_word' id='word_1_706' title='bbox 3142 4782 3238 4837; x_wconf 80' lang='grc' dir='ltr'><strong>καὶ</strong></span> <span class='ocrx_word' id='word_1_707' title='bbox 3305 4783 3487 4853; x_wconf 83' lang='grc' dir='ltr'>θοίνην</span> <span class='ocrx_word' id='word_1_708' title='bbox 3544 4781 3689 4836; x_wconf 67' lang='grc' dir='ltr'>πάντα</span> 
     </span>
    </p>
   </div>
   <div class='ocr_carea' id='block_1_100' title="bbox 500 4866 2046 4939">
    <p class='ocr_par' dir='ltr' id='par_1_100' title="bbox 500 4866 2046 4936">
     <span class='ocr_line' id='line_1_100' title="bbox 500 4866 2046 4936; baseline -0.001 -10"><span class='ocrx_word' id='word_1_709' title='bbox 500 4874 661 4933; x_wconf 85' lang='lat' dir='ltr'><strong>sima,</strong></span> <span class='ocrx_word' id='word_1_710' title='bbox 699 4870 878 4924; x_wconf 87' lang='lat' dir='ltr'><strong>forma</strong></span> <span class='ocrx_word' id='word_1_711' title='bbox 914 4876 1099 4922; x_wconf 86' lang='lat' dir='ltr'><strong>autem</strong></span> <span class='ocrx_word' id='word_1_712' title='bbox 1136 4866 1310 4922; x_wconf 91' lang='lat' dir='ltr'><strong>multo</strong></span> <span class='ocrx_word' id='word_1_713' title='bbox 1368 4866 1739 4936; x_wconf 88' lang='lat' dir='ltr'><strong>pulcherrima</strong></span> <span class='ocrx_word' id='word_1_714' title='bbox 1770 4878 2046 4925; x_wconf 86' lang='lat' dir='ltr'><strong>construc-</strong></span> 
     </span>
    </p>
   </div>
   <div class='ocr_carea' id='block_1_101' title="bbox 2149 4866 3373 4939">
    <p class='ocr_par' dir='ltr' id='par_1_101' title="bbox 2170 4869 3373 4939">
     <span class='ocr_line' id='line_1_101' title="bbox 2170 4869 3373 4939; baseline -0.002 -15"><span class='ocrx_word' id='word_1_715' title='bbox 2170 4869 2511 4939; x_wconf 77' lang='grc' dir='ltr'>ποιούμενον.</span> <span class='ocrx_word' id='word_1_716' title='bbox 3356 4887 3373 4898; x_wconf 89' lang='grc'><strong>·</strong></span> 
     </span>
    </p>
   </div>
   <div class='ocr_carea' id='block_1_102' title="bbox 503 4962 3691 5040">
    <p class='ocr_par' dir='ltr' id='par_1_102' title="bbox 503 4962 3691 5040">
     <span class='ocr_line' id='line_1_102' title="bbox 503 4962 3691 5040; baseline -0 -17"><span class='ocrx_word' id='word_1_717' title='bbox 503 4982 641 5033; x_wconf 89' lang='lat' dir='ltr'><strong>tum,</strong></span> <span class='ocrx_word' id='word_1_718' title='bbox 677 4967 745 5022; x_wconf 90' lang='lat' dir='ltr'><strong>ad</strong></span> <span class='ocrx_word' id='word_1_719' title='bbox 784 4964 1058 5022; x_wconf 81' lang='lat' dir='ltr'><strong>excidium</strong></span> <span class='ocrx_word' id='word_1_720' title='bbox 1091 4978 1324 5033; x_wconf 84' lang='lat' dir='ltr'><strong>vergens</strong></span> <span class='ocrx_word' id='word_1_721' title='bbox 1358 4962 1707 5033; x_wconf 80' lang='lat' dir='ltr'><strong>conflagravit</strong></span> <span class='ocrx_word' id='word_1_722' title='bbox 1750 4964 1853 5033; x_wconf 87' lang='lat' dir='ltr'><strong>(i).</strong></span> <span class='ocrx_word' id='word_1_723' title='bbox 1882 4966 2055 5023; x_wconf 89' lang='lat' dir='ltr'><strong>Porro</strong></span> <span class='ocrx_word' id='word_1_724' title='bbox 2099 4968 2415 5025; x_wconf 89' lang='lat' dir='ltr'><strong>incendium</strong></span> <span class='ocrx_word' id='word_1_725' title='bbox 2466 4970 2571 5021; x_wconf 87' lang='lat' dir='ltr'><strong>hoc</strong></span> <span class='ocrx_word' id='word_1_726' title='bbox 2635 4983 2965 5038; x_wconf 87' lang='lat' dir='ltr'><strong>proserpens</strong></span> <span class='ocrx_word' id='word_1_727' title='bbox 3011 4969 3112 5040; x_wconf 75' lang='lat'><strong>(‘2),</strong></span> <span class='ocrx_word' id='word_1_728' title='bbox 3150 4969 3402 5026; x_wconf 67' lang='lat' dir='ltr'><strong>aediliciis</strong></span> <span class='ocrx_word' id='word_1_729' title='bbox 3470 4970 3691 5025; x_wconf 84' lang='lat' dir='ltr'><strong>omnibus</strong></span> 
     </span>
    </p>
   </div>
   <div class='ocr_carea' id='block_1_103' title="bbox 503 5059 3694 5137">
    <p class='ocr_par' dir='ltr' id='par_1_103' title="bbox 503 5059 3694 5137">
     <span class='ocr_line' id='line_1_103' title="bbox 503 5059 3694 5137; baseline -0.001 -17"><span class='ocrx_word' id='word_1_730' title='bbox 503 5068 558 5121; x_wconf 89' lang='lat' dir='ltr'><strong>in</strong></span> <span class='ocrx_word' id='word_1_731' title='bbox 601 5062 836 5117; x_wconf 88' lang='lat' dir='ltr'><strong>circuitu</strong></span> <span class='ocrx_word' id='word_1_732' title='bbox 880 5059 1257 5130; x_wconf 80' lang='lat' dir='ltr'><strong>consumptis,</strong></span> <span class='ocrx_word' id='word_1_733' title='bbox 1285 5061 1351 5114; x_wconf 89' lang='lat' dir='ltr'><strong>ab</strong></span> <span class='ocrx_word' id='word_1_734' title='bbox 1378 5059 1607 5115; x_wconf 72' lang='lat' dir='ltr'><strong>aedicula</strong></span> <span class='ocrx_word' id='word_1_735' title='bbox 1637 5074 1703 5115; x_wconf 87' lang='lat' dir='ltr'><strong>ea</strong></span> <span class='ocrx_word' id='word_1_736' title='bbox 1743 5060 1858 5115; x_wconf 87' lang='lat' dir='ltr'><strong>sola</strong></span> <span class='ocrx_word' id='word_1_737' title='bbox 1920 5061 2209 5130; x_wconf 86' lang='lat' dir='ltr'><strong>abstinuit,</strong></span> <span class='ocrx_word' id='word_1_738' title='bbox 2270 5063 2363 5118; x_wconf 88' lang='lat' dir='ltr'><strong>ubi</strong></span> <span class='ocrx_word' id='word_1_739' title='bbox 2423 5077 2580 5118; x_wconf 85' lang='lat' dir='ltr'><strong>saera</strong></span> <span class='ocrx_word' id='word_1_740' title='bbox 2643 5080 2773 5119; x_wconf 83' lang='lat' dir='ltr'><strong>vasa</strong></span> <span class='ocrx_word' id='word_1_741' title='bbox 2803 5075 2937 5119; x_wconf 88' lang='lat' dir='ltr'><strong>sunt</strong></span> <span class='ocrx_word' id='word_1_742' title='bbox 2986 5076 3288 5120; x_wconf 80' lang='lat' dir='ltr'><strong>asservata.</strong></span> <span class='ocrx_word' id='word_1_743' title='bbox 3321 5066 3483 5137; x_wconf 65' lang='lat'><strong>397</strong></span> <span class='ocrx_word' id='word_1_744' title='bbox 3528 5066 3598 5120; x_wconf 78' lang='lat' dir='ltr'><strong>Ac</strong></span> <span class='ocrx_word' id='word_1_745' title='bbox 3637 5078 3694 5117; x_wconf 84' lang='lat' dir='ltr'><strong>ne</strong></span> 
     </span>
    </p>
   </div>
   <div class='ocr_carea' id='block_1_104' title="bbox 504 5148 3692 5225">
    <p class='ocr_par' dir='ltr' id='par_1_104' title="bbox 504 5148 3692 5225">
     <span class='ocr_line' id='line_1_104' title="bbox 504 5148 3692 5225; baseline 0.003 -21"><span class='ocrx_word' id='word_1_746' title='bbox 504 5153 557 5207; x_wconf 86' lang='lat' dir='ltr'><strong>id</strong></span> <span class='ocrx_word' id='word_1_747' title='bbox 622 5150 846 5222; x_wconf 88' lang='lat' dir='ltr'><strong>quidem</strong></span> <span class='ocrx_word' id='word_1_748' title='bbox 910 5148 1119 5220; x_wconf 89' lang='lat' dir='ltr'><strong>absque</strong></span> <span class='ocrx_word' id='word_1_749' title='bbox 1158 5150 1349 5206; x_wconf 86' lang='lat' dir='ltr'><strong>divino</strong></span> <span class='ocrx_word' id='word_1_750' title='bbox 1408 5150 1637 5205; x_wconf 87' lang='lat' dir='ltr'><strong>nomine</strong></span> <span class='ocrx_word' id='word_1_751' title='bbox 1682 5150 1888 5206; x_wconf 79' lang='lat' dir='ltr'><strong>factum</strong></span> <span class='ocrx_word' id='word_1_752' title='bbox 1945 5168 2067 5210; x_wconf 88' lang='lat' dir='ltr'><strong>esse</strong></span> <span class='ocrx_word' id='word_1_753' title='bbox 2104 5166 2272 5225; x_wconf 88' lang='lat' dir='ltr'><strong>puto,</strong></span> <span class='ocrx_word' id='word_1_754' title='bbox 2340 5165 2401 5211; x_wconf 91' lang='lat' dir='ltr'><strong>ut</strong></span> <span class='ocrx_word' id='word_1_755' title='bbox 2460 5171 2527 5209; x_wconf 89' lang='lat' dir='ltr'><strong>ne</strong></span> <span class='ocrx_word' id='word_1_756' title='bbox 2551 5156 3053 5212; x_wconf 89' lang='lat' dir='ltr'><strong>calumniatoribus</strong></span> <span class='ocrx_word' id='word_1_757' title='bbox 3080 5159 3302 5214; x_wconf 87' lang='lat' dir='ltr'><strong>occasio</strong></span> <span class='ocrx_word' id='word_1_758' title='bbox 3348 5174 3513 5224; x_wconf 84' lang='lat' dir='ltr'><strong>esset,</strong></span> <span class='ocrx_word' id='word_1_759' title='bbox 3540 5173 3692 5214; x_wconf 80' lang='lat' dir='ltr'><strong>sacra-</strong></span> 
     </span>
    </p>
   </div>
   <div class='ocr_carea' id='block_1_105' title="bbox 502 5245 3692 5322">
    <p class='ocr_par' dir='ltr' id='par_1_105' title="bbox 502 5245 3692 5322">
     <span class='ocr_line' id='line_1_105' title="bbox 502 5245 3692 5322; baseline 0.001 -21"><span class='ocrx_word' id='word_1_760' title='bbox 502 5263 625 5301; x_wconf 87' lang='lat' dir='ltr'><strong>rum</strong></span> <span class='ocrx_word' id='word_1_761' title='bbox 653 5261 837 5302; x_wconf 89' lang='lat' dir='ltr'><strong>rerum</strong></span> <span class='ocrx_word' id='word_1_762' title='bbox 855 5246 1068 5316; x_wconf 87' lang='lat' dir='ltr'><strong>jactura</strong></span> <span class='ocrx_word' id='word_1_763' title='bbox 1102 5245 1366 5316; x_wconf 79' lang='lat' dir='ltr'><strong>insignem</strong></span> <span class='ocrx_word' id='word_1_764' title='bbox 1407 5245 1814 5316; x_wconf 84' lang='lat' dir='ltr'><strong>sycophantiam</strong></span> <span class='ocrx_word' id='word_1_765' title='bbox 1839 5250 2059 5313; x_wconf 90' lang='lat' dir='ltr'><strong>suendi,</strong></span> <span class='ocrx_word' id='word_1_766' title='bbox 2100 5251 2396 5320; x_wconf 88' lang='lat' dir='ltr'><strong>virumque</strong></span> <span class='ocrx_word' id='word_1_767' title='bbox 2462 5259 2713 5305; x_wconf 87' lang='lat' dir='ltr'><strong>sanctum</strong></span> <span class='ocrx_word' id='word_1_768' title='bbox 2779 5264 2878 5319; x_wconf 88' lang='lat' dir='ltr'><strong>per</strong></span> <span class='ocrx_word' id='word_1_769' title='bbox 2926 5250 3417 5320; x_wconf 85' lang='lat' dir='ltr'><strong>reprehensionem</strong></span> <span class='ocrx_word' id='word_1_770' title='bbox 3447 5249 3692 5322; x_wconf 86' lang='lat' dir='ltr'><strong>carpendi.</strong></span> 
     </span>
    </p>
   </div>
   <div class='ocr_carea' id='block_1_106' title="bbox 515 5340 3697 5418">
    <p class='ocr_par' dir='ltr' id='par_1_106' title="bbox 515 5340 3697 5418">
     <span class='ocr_line' id='line_1_106' title="bbox 515 5340 3697 5418; baseline 0 -23"><span class='ocrx_word' id='word_1_771' title='bbox 515 5341 760 5397; x_wconf 86' lang='lat' dir='ltr'><strong>Flamma</strong></span> <span class='ocrx_word' id='word_1_772' title='bbox 797 5355 920 5410; x_wconf 87' lang='lat' dir='ltr'><strong>quae</strong></span> <span class='ocrx_word' id='word_1_773' title='bbox 945 5340 1166 5395; x_wconf 89' lang='lat' dir='ltr'><strong>circiter</strong></span> <span class='ocrx_word' id='word_1_774' title='bbox 1195 5340 1580 5411; x_wconf 87' lang='lat' dir='ltr'><strong>crepusculum</strong></span> <span class='ocrx_word' id='word_1_775' title='bbox 1609 5340 1848 5412; x_wconf 85' lang='lat' dir='ltr'><strong>grassari</strong></span> <span class='ocrx_word' id='word_1_776' title='bbox 1916 5353 2180 5412; x_wconf 82' lang='lat' dir='ltr'><strong>ccepcrat,</strong></span> <span class='ocrx_word' id='word_1_777' title='bbox 2211 5344 2279 5398; x_wconf 90' lang='lat' dir='ltr'><strong>ad</strong></span> <span class='ocrx_word' id='word_1_778' title='bbox 2304 5357 2561 5398; x_wconf 89' lang='lat' dir='ltr'><strong>auroram</strong></span> <span class='ocrx_word' id='word_1_779' title='bbox 2600 5356 2774 5413; x_wconf 79' lang='lat' dir='ltr'><strong>usque</strong></span> <span class='ocrx_word' id='word_1_780' title='bbox 2834 5353 2892 5399; x_wconf 82' lang='lat' dir='ltr'><strong>et</strong></span> <span class='ocrx_word' id='word_1_781' title='bbox 2950 5342 3184 5401; x_wconf 82' lang='lat' dir='ltr'><strong>ulterius</strong></span> <span class='ocrx_word' id='word_1_782' title='bbox 3246 5360 3550 5418; x_wconf 84' lang='lat' dir='ltr'><strong>progressa,</strong></span> <span class='ocrx_word' id='word_1_783' title='bbox 3604 5356 3697 5397; x_wconf 76' lang='lat' dir='ltr'><strong>nta-</strong></span> 
     </span>
    </p>
   </div>
   <div class='ocr_carea' id='block_1_107' title="bbox 510 5432 2231 5504">
    <p class='ocr_par' dir='ltr' id='par_1_107' title="bbox 510 5432 2231 5504">
     <span class='ocr_line' id='line_1_107' title="bbox 510 5432 2231 5504; baseline 0.001 -17"><span class='ocrx_word' id='word_1_784' title='bbox 510 5435 707 5489; x_wconf 83' lang='lat' dir='ltr'><strong>teriam</strong></span> <span class='ocrx_word' id='word_1_785' title='bbox 740 5449 859 5504; x_wconf 77' lang='lat' dir='ltr'><strong>qua:</strong></span> <span class='ocrx_word' id='word_1_786' title='bbox 887 5433 1099 5503; x_wconf 86' lang='lat' dir='ltr'><strong>reliqua</strong></span> <span class='ocrx_word' id='word_1_787' title='bbox 1124 5432 1306 5487; x_wconf 78' lang='lat' dir='ltr'><strong>adhuc</strong></span> <span class='ocrx_word' id='word_1_788' title='bbox 1336 5441 1476 5497; x_wconf 86' lang='lat' dir='ltr'><strong>erat,</strong></span> <span class='ocrx_word' id='word_1_789' title='bbox 1512 5436 1803 5503; x_wconf 85' lang='lat' dir='ltr'><strong>occupavit</strong></span> <span class='ocrx_word' id='word_1_790' title='bbox 1826 5444 1883 5489; x_wconf 91' lang='lat' dir='ltr'><strong>et</strong></span> <span class='ocrx_word' id='word_1_791' title='bbox 1905 5435 2231 5492; x_wconf 88' lang='lat' dir='ltr'><strong>combussit.</strong></span> 
     </span>
    </p>
   </div>
   <div class='ocr_carea' id='block_1_108' title="bbox 577 5612 3691 5688">
    <p class='ocr_par' dir='ltr' id='par_1_108' title="bbox 577 5612 3691 5688">
     <span class='ocr_line' id='line_1_108' title="bbox 577 5612 3691 5688; baseline 0.001 -22"><span class='ocrx_word' id='word_1_792' title='bbox 577 5612 1062 5688; x_wconf 70' lang='lat' dir='ltr'><strong>(l)$ocrat.librp</strong></span> <span class='ocrx_word' id='word_1_793' title='bbox 1093 5628 1165 5672; x_wconf 73' lang='lat' dir='ltr'><strong>vn.</strong></span> <span class='ocrx_word' id='word_1_794' title='bbox 1200 5629 1318 5682; x_wconf 87' lang='lat' dir='ltr'><strong>cap.</strong></span> <span class='ocrx_word' id='word_1_795' title='bbox 1375 5612 1481 5688; x_wconf 69' lang='lat' dir='ltr'><strong>l8._</strong></span> <span class='ocrx_word' id='word_1_796' title='bbox 1614 5684 1624 5688; x_wconf 88' lang='lat'><em>_</em></span> <span class='ocrx_word' id='word_1_797' title='bbox 1743 5685 1753 5688; x_wconf 94' lang='lat'><em>_</em></span> <span class='ocrx_word' id='word_1_798' title='bbox 2164 5615 2339 5670; x_wconf 79' lang='lat' dir='ltr'><strong>sarius</strong></span> <span class='ocrx_word' id='word_1_799' title='bbox 2399 5626 2780 5688; x_wconf 78' lang='lat' dir='ltr'><strong>regesserunt:</strong></span> <span class='ocrx_word' id='word_1_800' title='bbox 2835 5617 2992 5688; x_wconf 87' lang='lat' dir='ltr'><strong>quasi</strong></span> <span class='ocrx_word' id='word_1_801' title='bbox 3055 5633 3159 5688; x_wconf 84' lang='lat' dir='ltr'><strong>eos</strong></span> <span class='ocrx_word' id='word_1_802' title='bbox 3193 5634 3302 5674; x_wconf 85' lang='lat' dir='ltr'><strong>una</strong></span> <span class='ocrx_word' id='word_1_803' title='bbox 3349 5633 3471 5675; x_wconf 88' lang='lat' dir='ltr'><strong>cum</strong></span> <span class='ocrx_word' id='word_1_804' title='bbox 3495 5616 3691 5674; x_wconf 82' lang='lat' dir='ltr'><strong>ecclesia</strong></span> 
     </span>
    </p>
   </div>
   <div class='ocr_carea' id='block_1_109' title="bbox 578 5682 3690 5765">
    <p class='ocr_par' dir='ltr' id='par_1_109' title="bbox 578 5682 3690 5765">
     <span class='ocr_line' id='line_1_109' title="bbox 578 5682 3690 5765; baseline 0.002 -29"><span class='ocrx_word' id='word_1_805' title='bbox 578 5682 985 5765; x_wconf 46' lang='lat' dir='ltr'><strong>(‘2).Adversarii</strong></span> <span class='ocrx_word' id='word_1_806' title='bbox 1015 5682 1580 5765; x_wconf 69' lang='lat' dir='ltr'><strong>Joannisinccndium</strong></span> <span class='ocrx_word' id='word_1_807' title='bbox 1613 5684 1716 5737; x_wconf 90' lang='lat' dir='ltr'><strong>boc</strong></span> <span class='ocrx_word' id='word_1_808' title='bbox 1742 5685 1795 5765; x_wconf 73' lang='lat' dir='ltr'><strong>in</strong></span> <span class='ocrx_word' id='word_1_809' title='bbox 1821 5694 2057 5765; x_wconf 80' lang='lat' dir='ltr'><strong>sectato-</strong></span> <span class='ocrx_word' id='word_1_810' title='bbox 2163 5682 2489 5765; x_wconf 62' lang='lat' dir='ltr'><strong>gnubureré</strong></span> <span class='ocrx_word' id='word_1_811' title='bbox 2518 5690 2669 5744; x_wconf 86' lang='lat' dir='ltr'><strong>vivos</strong></span> <span class='ocrx_word' id='word_1_812' title='bbox 2696 5682 2988 5745; x_wconf 71' lang='lat' dir='ltr'><strong>voluerint.</strong></span> <span class='ocrx_word' id='word_1_813' title='bbox 3019 5687 3262 5760; x_wconf 80' lang='lat' dir='ltr'><strong>(Sozam.</strong></span> <span class='ocrx_word' id='word_1_814' title='bbox 3294 5689 3396 5746; x_wconf 87' lang='lat' dir='ltr'><strong>lib.</strong></span> <span class='ocrx_word' id='word_1_815' title='bbox 3427 5703 3536 5754; x_wconf 85' lang='lat' dir='ltr'><strong>ml,</strong></span> <span class='ocrx_word' id='word_1_816' title='bbox 3586 5700 3690 5757; x_wconf 84' lang='lat' dir='ltr'><strong>cap.</strong></span> 
     </span>
    </p>
   </div>
   <div class='ocr_carea' id='block_1_110' title="bbox 511 5756 2280 5826">
    <p class='ocr_par' dir='ltr' id='par_1_110' title="bbox 511 5756 2280 5826">
     <span class='ocr_line' id='line_1_110' title="bbox 511 5756 2280 5826; baseline 0.001 -17"><span class='ocrx_word' id='word_1_817' title='bbox 511 5768 600 5809; x_wconf 83' lang='lat' dir='ltr'><strong>res</strong></span> <span class='ocrx_word' id='word_1_818' title='bbox 632 5756 751 5825; x_wconf 84' lang='lat' dir='ltr'><strong>ejus</strong></span> <span class='ocrx_word' id='word_1_819' title='bbox 778 5756 1104 5825; x_wconf 86' lang='lat' dir='ltr'><strong>rejecerunt.</strong></span> <span class='ocrx_word' id='word_1_820' title='bbox 1131 5756 1198 5807; x_wconf 87' lang='lat' dir='ltr'><strong>At</strong></span> <span class='ocrx_word' id='word_1_821' title='bbox 1225 5757 1301 5808; x_wconf 83' lang='lat' dir='ltr'><strong>illi</strong></span> <span class='ocrx_word' id='word_1_822' title='bbox 1328 5769 1514 5809; x_wconf 76' lang='lat' dir='ltr'><strong>contra</strong></span> <span class='ocrx_word' id='word_1_823' title='bbox 1552 5756 1753 5810; x_wconf 68' lang='lat' dir='ltr'><strong>laetum</strong></span> <span class='ocrx_word' id='word_1_824' title='bbox 1780 5756 1832 5808; x_wconf 90' lang='lat' dir='ltr'><strong>in</strong></span> <span class='ocrx_word' id='word_1_825' title='bbox 1866 5758 2057 5811; x_wconf 90' lang='lat' dir='ltr'><strong>adver-</strong></span> <span class='ocrx_word' id='word_1_826' title='bbox 2124 5813 2131 5822; x_wconf 51' lang='grc'><strong>,</strong></span> <span class='ocrx_word' id='word_1_827' title='bbox 2166 5758 2280 5826; x_wconf 74' lang='lat'><strong>22).</strong></span> 
     </span>
    </p>
   </div>
  </div>
