  <div class='ocr_page' id='page_1' title='image "/cluster/home/n/w/nwhite01/storage/ocr_20150623/146/hvd.32044019208347/511.png"; bbox 0 0 4006 6580; ppageno 0'>
   <div class='ocr_carea' id='block_1_1' title="bbox 420 379 565 455">
    <p class='ocr_par' dir='ltr' id='par_1_1' title="bbox 420 379 565 455">
     <span class='ocr_line' id='line_1_1' title="bbox 420 379 565 455; baseline -0.041 0"><span class='ocrx_word' id='word_1_1' title='bbox 420 379 565 455; x_wconf 76' lang='grc'><strong>1007</strong></span> 
     </span>
    </p>
   </div>
   <div class='ocr_carea' id='block_1_2' title="bbox 1643 388 2449 452">
    <p class='ocr_par' dir='ltr' id='par_1_2' title="bbox 1643 388 2449 452">
     <span class='ocr_line' id='line_1_2' title="bbox 1643 388 2449 452; baseline 0 -3"><span class='ocrx_word' id='word_1_2' title='bbox 1643 389 2071 452; x_wconf 85' lang='lat' dir='ltr'><strong>NlCEPHOllI</strong></span> <span class='ocrx_word' id='word_1_3' title='bbox 2110 388 2449 451; x_wconf 80' lang='lat' dir='ltr'><strong>CALLISTI</strong></span> 
     </span>
    </p>
   </div>
   <div class='ocr_carea' id='block_1_3' title="bbox 3537 387 3689 455">
    <p class='ocr_par' dir='ltr' id='par_1_3' title="bbox 3537 387 3689 455">
     <span class='ocr_line' id='line_1_3' title="bbox 3537 387 3689 455; baseline 0.02 -3"><span class='ocrx_word' id='word_1_4' title='bbox 3537 387 3689 455; x_wconf 79' lang='lat'><strong>1008</strong></span> 
     </span>
    </p>
   </div>
   <div class='ocr_carea' id='block_1_4' title="bbox 417 497 1989 575">
    <p class='ocr_par' dir='ltr' id='par_1_4' title="bbox 417 497 1985 575">
     <span class='ocr_line' id='line_1_4' title="bbox 417 497 1985 575; baseline 0.001 -20"><span class='ocrx_word' id='word_1_5' title='bbox 417 501 642 566; x_wconf 86' lang='lat' dir='ltr'><strong>l&#39;uncto,</strong></span> <span class='ocrx_word' id='word_1_6' title='bbox 688 499 931 571; x_wconf 73' lang='lat' dir='ltr'><strong>episcopi</strong></span> <span class='ocrx_word' id='word_1_7' title='bbox 974 497 1359 557; x_wconf 90' lang='lat' dir='ltr'><strong>Occidentales</strong></span> <span class='ocrx_word' id='word_1_8' title='bbox 1410 517 1520 558; x_wconf 91' lang='lat' dir='ltr'><strong>non</strong></span> <span class='ocrx_word' id='word_1_9' title='bbox 1568 506 1721 575; x_wconf 86' lang='lat' dir='ltr'><strong>prius</strong></span> <span class='ocrx_word' id='word_1_10' title='bbox 1747 504 1985 575; x_wconf 60' lang='lat' dir='ltr'><strong>Egypti,</strong></span> 
     </span>
    </p>
   </div>
   <div class='ocr_carea' id='block_1_5' title="bbox 2098 497 3693 575">
    <p class='ocr_par' dir='ltr' id='par_1_5' title="bbox 2104 500 3693 573">
     <span class='ocr_line' id='line_1_5' title="bbox 2104 500 3693 573; baseline 0 -16"><span class='ocrx_word' id='word_1_11' title='bbox 2104 503 2451 567; x_wconf 72' lang='grc' dir='ltr'><strong>ἐπισκόποις.</strong></span> <span class='ocrx_word' id='word_1_12' title='bbox 2484 501 2628 556; x_wconf 82' lang='grc' dir='ltr'>Ἀλλ’</span> <span class='ocrx_word' id='word_1_13' title='bbox 2660 502 2767 557; x_wconf 78' lang='grc' dir='ltr'>οὐδ’</span> <span class='ocrx_word' id='word_1_14' title='bbox 2800 500 3098 573; x_wconf 80' lang='grc' dir='ltr'>’Δρσάκιον</span> <span class='ocrx_word' id='word_1_15' title='bbox 3129 501 3224 555; x_wconf 80' lang='grc' dir='ltr'>τὸν</span> <span class='ocrx_word' id='word_1_16' title='bbox 3260 501 3469 557; x_wconf 84' lang='grc' dir='ltr'>ἐκείνου</span> <span class='ocrx_word' id='word_1_17' title='bbox 3503 502 3693 557; x_wconf 80' lang='grc' dir='ltr'>διάδο-</span> 
     </span>
    </p>
   </div>
   <div class='ocr_carea' id='block_1_6' title="bbox 417 592 1996 666">
    <p class='ocr_par' dir='ltr' id='par_1_6' title="bbox 417 592 1996 666">
     <span class='ocr_line' id='line_1_6' title="bbox 417 592 1996 666; baseline 0 -17"><span class='ocrx_word' id='word_1_18' title='bbox 417 593 699 654; x_wconf 87' lang='lat' dir='ltr'><strong>Orientis.</strong></span> <span class='ocrx_word' id='word_1_19' title='bbox 745 592 1009 662; x_wconf 83' lang='lat' dir='ltr'><strong>Bospori,</strong></span> <span class='ocrx_word' id='word_1_20' title='bbox 1044 601 1102 648; x_wconf 92' lang='lat' dir='ltr'><strong>et</strong></span> <span class='ocrx_word' id='word_1_21' title='bbox 1143 592 1392 648; x_wconf 77' lang='lat' dir='ltr'><strong>Thracia:</strong></span> <span class='ocrx_word' id='word_1_22' title='bbox 1420 594 1707 666; x_wconf 80' lang='lat' dir='ltr'><strong>episcopos</strong></span> <span class='ocrx_word' id='word_1_23' title='bbox 1735 597 1802 649; x_wconf 89' lang='lat' dir='ltr'><strong>ad</strong></span> <span class='ocrx_word' id='word_1_24' title='bbox 1842 613 1996 650; x_wconf 70' lang='lat' dir='ltr'><strong>eoin—</strong></span> 
     </span>
    </p>
   </div>
   <div class='ocr_carea' id='block_1_7' title="bbox 414 681 1990 752">
    <p class='ocr_par' dir='ltr' id='par_1_7' title="bbox 414 681 1990 752">
     <span class='ocr_line' id='line_1_7' title="bbox 414 681 1990 752; baseline 0 -13"><span class='ocrx_word' id='word_1_25' title='bbox 414 684 731 739; x_wconf 88' lang='lat' dir='ltr'><strong>munionem</strong></span> <span class='ocrx_word' id='word_1_26' title='bbox 776 698 931 739; x_wconf 89' lang='lat' dir='ltr'><strong>suam</strong></span> <span class='ocrx_word' id='word_1_27' title='bbox 973 681 1353 747; x_wconf 87' lang='lat' dir='ltr'><strong>admiserunt,</strong></span> <span class='ocrx_word' id='word_1_28' title='bbox 1389 700 1552 752; x_wconf 88' lang='lat' dir='ltr'><strong>quam</strong></span> <span class='ocrx_word' id='word_1_29' title='bbox 1586 699 1785 739; x_wconf 86' lang='lat' dir='ltr'><strong>nomen</strong></span> <span class='ocrx_word' id='word_1_30' title='bbox 1817 685 1990 740; x_wconf 84' lang='lat' dir='ltr'><strong>divini</strong></span> 
     </span>
    </p>
   </div>
   <div class='ocr_carea' id='block_1_8' title="bbox 415 776 1988 847">
    <p class='ocr_par' dir='ltr' id='par_1_8' title="bbox 415 776 1988 847">
     <span class='ocr_line' id='line_1_8' title="bbox 415 776 1988 847; baseline -0.001 -16"><span class='ocrx_word' id='word_1_31' title='bbox 415 778 563 833; x_wconf 90' lang='lat' dir='ltr'><strong>illius</strong></span> <span class='ocrx_word' id='word_1_32' title='bbox 608 777 709 831; x_wconf 85' lang='lat' dir='ltr'><strong>viri</strong></span> <span class='ocrx_word' id='word_1_33' title='bbox 746 776 800 829; x_wconf 93' lang='lat' dir='ltr'><strong>in</strong></span> <span class='ocrx_word' id='word_1_34' title='bbox 848 783 1190 829; x_wconf 89' lang='lat' dir='ltr'><strong>mortuorum</strong></span> <span class='ocrx_word' id='word_1_35' title='bbox 1245 776 1635 845; x_wconf 86' lang='lat' dir='ltr'><strong>episcoporum</strong></span> <span class='ocrx_word' id='word_1_36' title='bbox 1682 778 1988 847; x_wconf 80' lang='lat' dir='ltr'><strong>cataloguin</strong></span> 
     </span>
    </p>
   </div>
   <div class='ocr_carea' id='block_1_9' title="bbox 412 867 1991 939">
    <p class='ocr_par' dir='ltr' id='par_1_9' title="bbox 412 867 1991 939">
     <span class='ocr_line' id='line_1_9' title="bbox 412 867 1991 939; baseline -0.003 -14"><span class='ocrx_word' id='word_1_37' title='bbox 412 871 677 926; x_wconf 85' lang='lat' dir='ltr'><strong>retulere.</strong></span> <span class='ocrx_word' id='word_1_38' title='bbox 714 867 821 923; x_wconf 85' lang='lat' dir='ltr'><strong>Sed</strong></span> <span class='ocrx_word' id='word_1_39' title='bbox 874 884 1055 938; x_wconf 85' lang='lat' dir='ltr'><strong>neque</strong></span> <span class='ocrx_word' id='word_1_40' title='bbox 1102 867 1391 922; x_wconf 87' lang='lat' dir='ltr'><strong>Arsacium</strong></span> <span class='ocrx_word' id='word_1_41' title='bbox 1441 882 1821 923; x_wconf 75' lang='lat' dir='ltr'><strong>successorem</strong></span> <span class='ocrx_word' id='word_1_42' title='bbox 1868 869 1991 939; x_wconf 88' lang='lat' dir='ltr'><strong>ejus</strong></span> 
     </span>
    </p>
   </div>
   <div class='ocr_carea' id='block_1_10' title="bbox 410 959 1990 1033">
    <p class='ocr_par' dir='ltr' id='par_1_10' title="bbox 410 959 1990 1033">
     <span class='ocr_line' id='line_1_10' title="bbox 410 959 1990 1033; baseline -0.004 -15"><span class='ocrx_word' id='word_1_43' title='bbox 410 965 497 1021; x_wconf 86' lang='lat' dir='ltr'><strong>vel</strong></span> <span class='ocrx_word' id='word_1_44' title='bbox 539 961 965 1033; x_wconf 82' lang='lat' dir='ltr'><strong>compellatione</strong></span> <span class='ocrx_word' id='word_1_45' title='bbox 1010 960 1123 1016; x_wconf 87' lang='lat' dir='ltr'><strong>sola</strong></span> <span class='ocrx_word' id='word_1_46' title='bbox 1153 959 1359 1031; x_wconf 76' lang='lat' dir='ltr'><strong>dignati</strong></span> <span class='ocrx_word' id='word_1_47' title='bbox 1403 968 1551 1015; x_wconf 88' lang='lat' dir='ltr'><strong>sunt.</strong></span> <span class='ocrx_word' id='word_1_48' title='bbox 1591 959 1733 1027; x_wconf 84' lang='lat' dir='ltr'><strong>Quin</strong></span> <span class='ocrx_word' id='word_1_49' title='bbox 1766 968 1821 1014; x_wconf 89' lang='lat' dir='ltr'><strong>et</strong></span> <span class='ocrx_word' id='word_1_50' title='bbox 1852 962 1990 1015; x_wconf 86' lang='lat' dir='ltr'><strong>Atti-</strong></span> 
     </span>
    </p>
   </div>
   <div class='ocr_carea' id='block_1_11' title="bbox 413 1053 1991 1128">
    <p class='ocr_par' dir='ltr' id='par_1_11' title="bbox 413 1053 1991 1128">
     <span class='ocr_line' id='line_1_11' title="bbox 413 1053 1991 1128; baseline -0.003 -16"><span class='ocrx_word' id='word_1_51' title='bbox 413 1076 564 1124; x_wconf 84' lang='lat' dir='ltr'><strong>cum,</strong></span> <span class='ocrx_word' id='word_1_52' title='bbox 618 1055 715 1128; x_wconf 88' lang='lat' dir='ltr'><strong>qui</strong></span> <span class='ocrx_word' id='word_1_53' title='bbox 763 1054 991 1110; x_wconf 79' lang='lat' dir='ltr'><strong>Arsacio</strong></span> <span class='ocrx_word' id='word_1_54' title='bbox 1050 1053 1384 1108; x_wconf 72' lang='lat' dir='ltr'><strong>substitutus</strong></span> <span class='ocrx_word' id='word_1_55' title='bbox 1433 1063 1550 1118; x_wconf 89' lang='lat' dir='ltr'><strong>est,</strong></span> <span class='ocrx_word' id='word_1_56' title='bbox 1593 1063 1650 1107; x_wconf 91' lang='lat' dir='ltr'><strong>et</strong></span> <span class='ocrx_word' id='word_1_57' title='bbox 1686 1053 1991 1122; x_wconf 75' lang='lat' dir='ltr'><strong>legationes</strong></span> 
     </span>
    </p>
   </div>
   <div class='ocr_carea' id='block_1_12' title="bbox 413 1144 1988 1215">
    <p class='ocr_par' dir='ltr' id='par_1_12' title="bbox 413 1144 1988 1215">
     <span class='ocr_line' id='line_1_12' title="bbox 413 1144 1988 1215; baseline -0.003 -11"><span class='ocrx_word' id='word_1_58' title='bbox 413 1151 617 1206; x_wconf 80' lang='lat' dir='ltr'><strong>inultas</strong></span> <span class='ocrx_word' id='word_1_59' title='bbox 661 1148 728 1203; x_wconf 85' lang='lat' dir='ltr'><strong>ad</strong></span> <span class='ocrx_word' id='word_1_60' title='bbox 774 1162 870 1202; x_wconf 79' lang='lat' dir='ltr'><strong>eos</strong></span> <span class='ocrx_word' id='word_1_61' title='bbox 912 1144 1089 1209; x_wconf 91' lang='lat' dir='ltr'><strong>misit,</strong></span> <span class='ocrx_word' id='word_1_62' title='bbox 1135 1159 1391 1215; x_wconf 68' lang='lat' dir='ltr'><strong>saepeque</strong></span> <span class='ocrx_word' id='word_1_63' title='bbox 1422 1159 1520 1214; x_wconf 88' lang='lat' dir='ltr'><strong>per</strong></span> <span class='ocrx_word' id='word_1_64' title='bbox 1553 1144 1988 1214; x_wconf 74' lang='lat' dir='ltr'><strong>pacificationem</strong></span> 
     </span>
    </p>
   </div>
   <div class='ocr_carea' id='block_1_13' title="bbox 2097 592 3696 667">
    <p class='ocr_par' dir='ltr' id='par_1_13' title="bbox 2097 592 3696 667">
     <span class='ocr_line' id='line_1_13' title="bbox 2097 592 3696 667; baseline -0.001 -19"><span class='ocrx_word' id='word_1_65' title='bbox 2097 612 2191 667; x_wconf 86' lang='grc' dir='ltr'><strong>χον</strong></span> <span class='ocrx_word' id='word_1_66' title='bbox 2224 594 2386 665; x_wconf 80' lang='grc' dir='ltr'><strong>ψιλῆς</strong></span> <span class='ocrx_word' id='word_1_67' title='bbox 2432 594 2562 659; x_wconf 81' lang='grc' dir='ltr'>γοῦν</span> <span class='ocrx_word' id='word_1_68' title='bbox 2598 594 2958 666; x_wconf 76' lang='grc' dir='ltr'><strong>προσρήσεως</strong></span> <span class='ocrx_word' id='word_1_69' title='bbox 3000 592 3350 660; x_wconf 83' lang='grc' dir='ltr'>κατηξίωσαν</span> <span class='ocrx_word' id='word_1_70' title='bbox 3377 608 3393 623; x_wconf 85' lang='grc'><em>’</em></span> <span class='ocrx_word' id='word_1_71' title='bbox 3429 594 3545 648; x_wconf 81' lang='grc' dir='ltr'>ἀλλ’</span> <span class='ocrx_word' id='word_1_72' title='bbox 3570 595 3696 649; x_wconf 74' lang='grc' dir='ltr'>οὐδ’</span> 
     </span>
    </p>
   </div>
   <div class='ocr_carea' id='block_1_14' title="bbox 2108 685 3695 759">
    <p class='ocr_par' dir='ltr' id='par_1_14' title="bbox 2108 685 3695 759">
     <span class='ocr_line' id='line_1_14' title="bbox 2108 685 3695 759; baseline -0.002 -18"><span class='ocrx_word' id='word_1_73' title='bbox 2108 686 2389 753; x_wconf 70' lang='grc' dir='ltr'>Ἀττικὸν,</span> <span class='ocrx_word' id='word_1_74' title='bbox 2424 686 2481 750; x_wconf 78' lang='grc' dir='ltr'>ὃς</span> <span class='ocrx_word' id='word_1_75' title='bbox 2522 687 2641 756; x_wconf 84' lang='grc' dir='ltr'>μετ’</span> <span class='ocrx_word' id='word_1_76' title='bbox 2669 688 2961 759; x_wconf 78' lang='grc' dir='ltr'>Ἀρσάκιον</span> <span class='ocrx_word' id='word_1_77' title='bbox 2991 685 3241 755; x_wconf 72' lang='grc' dir='ltr'>ἐγεγόνει</span> <span class='ocrx_word' id='word_1_78' title='bbox 3265 702 3280 718; x_wconf 76' lang='grc' dir='ltr'><strong>ο</strong></span> <span class='ocrx_word' id='word_1_79' title='bbox 3316 687 3408 738; x_wconf 74' lang='grc' dir='ltr'><strong>καὶ</strong></span> <span class='ocrx_word' id='word_1_80' title='bbox 3443 688 3555 754; x_wconf 82' lang='grc' dir='ltr'>γὰρ</span> <span class='ocrx_word' id='word_1_81' title='bbox 3587 689 3695 740; x_wconf 75' lang='grc' dir='ltr'>καὶ</span> 
     </span>
    </p>
   </div>
   <div class='ocr_carea' id='block_1_15' title="bbox 2094 777 3693 848">
    <p class='ocr_par' dir='ltr' id='par_1_15' title="bbox 2094 777 3693 848">
     <span class='ocr_line' id='line_1_15' title="bbox 2094 777 3693 848; baseline -0.001 -17"><span class='ocrx_word' id='word_1_82' title='bbox 2094 779 2286 833; x_wconf 81' lang='grc' dir='ltr'>τοῦτον</span> <span class='ocrx_word' id='word_1_83' title='bbox 2323 779 2496 833; x_wconf 82' lang='grc' dir='ltr'>πολλὰ.</span> <span class='ocrx_word' id='word_1_84' title='bbox 2531 779 3044 848; x_wconf 85' lang='grc' dir='ltr'>πρεσϐευσάμενον,</span> <span class='ocrx_word' id='word_1_85' title='bbox 3079 778 3342 840; x_wconf 79' lang='grc' dir='ltr'><strong>πολλάκις</strong></span> <span class='ocrx_word' id='word_1_86' title='bbox 3377 777 3433 830; x_wconf 77' lang='grc' dir='ltr'><strong>δὲ</strong></span> <span class='ocrx_word' id='word_1_87' title='bbox 3467 777 3571 846; x_wconf 84' lang='grc' dir='ltr'><strong>τῆς</strong></span> <span class='ocrx_word' id='word_1_88' title='bbox 3605 780 3693 830; x_wconf 80' lang='grc' dir='ltr'>εί-</span> 
     </span>
    </p>
   </div>
   <div class='ocr_carea' id='block_1_16' title="bbox 2095 866 3692 940">
    <p class='ocr_par' dir='ltr' id='par_1_16' title="bbox 2095 866 3692 940">
     <span class='ocr_line' id='line_1_16' title="bbox 2095 866 3692 940; baseline 0.001 -21"><span class='ocrx_word' id='word_1_89' title='bbox 2095 872 2264 940; x_wconf 83' lang='grc' dir='ltr'>ρήνης</span> <span class='ocrx_word' id='word_1_90' title='bbox 2294 873 2482 940; x_wconf 79' lang='grc' dir='ltr'><strong>τυχεῖν</strong></span> <span class='ocrx_word' id='word_1_91' title='bbox 2513 867 2822 933; x_wconf 76' lang='grc' dir='ltr'>ἀξιώσαντα</span> <span class='ocrx_word' id='word_1_92' title='bbox 2842 909 2858 934; x_wconf 97' lang='grc'><strong>,</strong></span> <span class='ocrx_word' id='word_1_93' title='bbox 2894 869 3075 939; x_wconf 85' lang='grc' dir='ltr'>χρόνῳ</span> <span class='ocrx_word' id='word_1_94' title='bbox 3109 866 3289 937; x_wconf 81' lang='grc' dir='ltr'>πολλῷ</span> <span class='ocrx_word' id='word_1_95' title='bbox 3326 870 3692 937; x_wconf 78' lang='grc' dir='ltr'>προσήκαντο</span> 
     </span>
    </p>
   </div>
   <div class='ocr_carea' id='block_1_17' title="bbox 2096 959 3687 1033">
    <p class='ocr_par' dir='ltr' id='par_1_17' title="bbox 2096 959 3687 1033">
     <span class='ocr_line' id='line_1_17' title="bbox 2096 959 3687 1033; baseline -0.001 -20"><span class='ocrx_word' id='word_1_96' title='bbox 2096 959 2360 1032; x_wconf 71' lang='grc' dir='ltr'>ὕστερον,</span> <span class='ocrx_word' id='word_1_97' title='bbox 2395 964 2494 1033; x_wconf 80' lang='grc' dir='ltr'>τὴν</span> <span class='ocrx_word' id='word_1_98' title='bbox 2527 960 2621 1015; x_wconf 85' lang='grc' dir='ltr'>τοῦ</span> <span class='ocrx_word' id='word_1_99' title='bbox 2664 960 2906 1032; x_wconf 82' lang='grc' dir='ltr'><strong>μεγάλου</strong></span> <span class='ocrx_word' id='word_1_100' title='bbox 2948 959 3327 1031; x_wconf 71' lang='grc' dir='ltr'>προσηγορίαν</span> <span class='ocrx_word' id='word_1_101' title='bbox 3356 961 3468 1021; x_wconf 83' lang='grc' dir='ltr'>τοϊς</span> <span class='ocrx_word' id='word_1_102' title='bbox 3513 960 3687 1029; x_wconf 77' lang='grc' dir='ltr'><strong>ἱεροῖς</strong></span> 
     </span>
    </p>
   </div>
   <div class='ocr_carea' id='block_1_18' title="bbox 2095 1051 3685 1128">
    <p class='ocr_par' dir='ltr' id='par_1_18' title="bbox 2095 1051 3685 1128">
     <span class='ocr_line' id='line_1_18' title="bbox 2095 1051 3685 1128; baseline -0.004 -19"><span class='ocrx_word' id='word_1_103' title='bbox 2095 1053 2373 1126; x_wconf 81' lang='grc' dir='ltr'><strong>διπτύχοις</strong></span> <span class='ocrx_word' id='word_1_104' title='bbox 2407 1056 2797 1128; x_wconf 57' lang='grc' dir='ltr'>ἐγγράψαντα,</span> <span class='ocrx_word' id='word_1_105' title='bbox 2832 1054 2908 1118; x_wconf 83' lang='grc' dir='ltr'>ὡς</span> <span class='ocrx_word' id='word_1_106' title='bbox 2945 1053 3144 1125; x_wconf 77' lang='grc' dir='ltr'>μικρὸν</span> <span class='ocrx_word' id='word_1_107' title='bbox 3176 1055 3464 1123; x_wconf 69' lang='grc' dir='ltr'>προῖὰντες</span> <span class='ocrx_word' id='word_1_108' title='bbox 3499 1051 3685 1121; x_wconf 65' lang='grc' dir='ltr'>δηλῶ-</span> 
     </span>
    </p>
   </div>
   <div class='ocr_carea' id='block_1_19' title="bbox 2102 1165 2294 1219">
    <p class='ocr_par' dir='ltr' id='par_1_19' title="bbox 2102 1165 2294 1219">
     <span class='ocr_line' id='line_1_19' title="bbox 2102 1165 2294 1219; baseline 0.01 -18"><span class='ocrx_word' id='word_1_109' title='bbox 2102 1165 2294 1219; x_wconf 80' lang='grc' dir='ltr'>σομιν.</span> 
     </span>
    </p>
   </div>
   <div class='ocr_carea' id='block_1_20' title="bbox 413 1226 3686 1316">
    <p class='ocr_par' dir='ltr' id='par_1_20' title="bbox 413 1226 3686 1316">
     <span class='ocr_line' id='line_1_20' title="bbox 413 1226 3686 1316; baseline -0.003 -14"><span class='ocrx_word' id='word_1_110' title='bbox 413 1247 698 1302; x_wconf 83' lang='lat' dir='ltr'><strong>conciliari</strong></span> <span class='ocrx_word' id='word_1_111' title='bbox 746 1245 827 1301; x_wconf 85' lang='lat' dir='ltr'><strong>eis</strong></span> <span class='ocrx_word' id='word_1_112' title='bbox 875 1242 1124 1307; x_wconf 87' lang='lat' dir='ltr'><strong>studuit,</strong></span> <span class='ocrx_word' id='word_1_113' title='bbox 1158 1241 1323 1310; x_wconf 73' lang='lat' dir='ltr'><strong>longo</strong></span> <span class='ocrx_word' id='word_1_114' title='bbox 1358 1249 1484 1311; x_wconf 84' lang='lat' dir='ltr'><strong>post</strong></span> <span class='ocrx_word' id='word_1_115' title='bbox 1517 1247 1768 1311; x_wconf 90' lang='lat' dir='ltr'><strong>tempore</strong></span> <span class='ocrx_word' id='word_1_116' title='bbox 1802 1252 2196 1313; x_wconf 80' lang='lat' dir='ltr'><strong>susceperunt,</strong></span> <span class='ocrx_word' id='word_1_117' title='bbox 2247 1243 2340 1300; x_wconf 85' lang='lat' dir='ltr'><strong>ubi</strong></span> <span class='ocrx_word' id='word_1_118' title='bbox 2373 1244 2552 1316; x_wconf 73' lang='lat' dir='ltr'><strong>magni</strong></span> <span class='ocrx_word' id='word_1_119' title='bbox 2577 1226 2697 1299; x_wconf 73' lang='lat' dir='ltr'><strong>viri</strong></span> <span class='ocrx_word' id='word_1_120' title='bbox 2747 1258 2948 1299; x_wconf 84' lang='lat' dir='ltr'><strong>nomen</strong></span> <span class='ocrx_word' id='word_1_121' title='bbox 2974 1243 3148 1299; x_wconf 83' lang='lat' dir='ltr'><strong>sacris</strong></span> <span class='ocrx_word' id='word_1_122' title='bbox 3211 1240 3418 1298; x_wconf 85' lang='lat' dir='ltr'><strong>tabulis</strong></span> <span class='ocrx_word' id='word_1_123' title='bbox 3482 1238 3686 1295; x_wconf 77' lang='lat' dir='ltr'><strong>inscri~</strong></span> 
     </span>
    </p>
   </div>
   <div class='ocr_carea' id='block_1_21' title="bbox 412 1334 1421 1411">
    <p class='ocr_par' dir='ltr' id='par_1_21' title="bbox 412 1334 1421 1411">
     <span class='ocr_line' id='line_1_21' title="bbox 412 1334 1421 1411; baseline -0.007 -17"><span class='ocrx_word' id='word_1_124' title='bbox 412 1340 560 1411; x_wconf 82' lang='lat' dir='ltr'><strong>psit,</strong></span> <span class='ocrx_word' id='word_1_125' title='bbox 606 1339 767 1395; x_wconf 88' lang='lat' dir='ltr'><strong>sicuti</strong></span> <span class='ocrx_word' id='word_1_126' title='bbox 803 1338 967 1409; x_wconf 88' lang='lat' dir='ltr'><strong>paulo</strong></span> <span class='ocrx_word' id='word_1_127' title='bbox 1001 1345 1125 1405; x_wconf 89' lang='lat' dir='ltr'><strong>post</strong></span> <span class='ocrx_word' id='word_1_128' title='bbox 1150 1334 1421 1388; x_wconf 88' lang='lat' dir='ltr'><strong>dicemus.</strong></span> 
     </span>
    </p>
   </div>
   <div class='ocr_carea' id='block_1_22' title="bbox 891 1450 1526 1525">
    <p class='ocr_par' dir='ltr' id='par_1_22' title="bbox 891 1450 1526 1525">
     <span class='ocr_line' id='line_1_22' title="bbox 891 1450 1526 1525; baseline 0 -18"><span class='ocrx_word' id='word_1_129' title='bbox 891 1453 1056 1525; x_wconf 81' lang='lat'><strong>399</strong></span> <span class='ocrx_word' id='word_1_130' title='bbox 1098 1451 1325 1507; x_wconf 86' lang='lat' dir='ltr'><strong>CAPUT</strong></span> <span class='ocrx_word' id='word_1_131' title='bbox 1358 1450 1526 1507; x_wconf 68' lang='grc' dir='ltr'>χχιιι</span> 
     </span>
    </p>
   </div>
   <div class='ocr_carea' id='block_1_23' title="bbox 412 1542 1991 1620">
    <p class='ocr_par' dir='ltr' id='par_1_23' title="bbox 412 1542 1991 1620">
     <span class='ocr_line' id='line_1_23' title="bbox 412 1542 1991 1620; baseline -0.005 -13"><span class='ocrx_word' id='word_1_132' title='bbox 412 1551 491 1606; x_wconf 84' lang='lat' dir='ltr'><strong>De</strong></span> <span class='ocrx_word' id='word_1_133' title='bbox 535 1550 710 1620; x_wconf 84' lang='lat' dir='ltr'><strong>Tigrio</strong></span> <span class='ocrx_word' id='word_1_134' title='bbox 770 1549 1105 1619; x_wconf 76' lang='lat' dir='ltr'><strong>presbytero,</strong></span> <span class='ocrx_word' id='word_1_135' title='bbox 1134 1552 1202 1620; x_wconf 84' lang='lat' dir='ltr'><strong>_et</strong></span> <span class='ocrx_word' id='word_1_136' title='bbox 1260 1542 1514 1620; x_wconf 72' lang='lat' dir='ltr'><strong>Eutropio</strong></span> <span class='ocrx_word' id='word_1_137' title='bbox 1588 1547 1894 1620; x_wconf 31' lang='lat' dir='ltr'><strong>lccloreuet</strong></span> <span class='ocrx_word' id='word_1_138' title='bbox 1928 1562 1991 1620; x_wconf 77' lang='lat' dir='ltr'><strong>ea</strong></span> 
     </span>
    </p>
   </div>
   <div class='ocr_carea' id='block_1_24' title="bbox 481 1614 1989 1704">
    <p class='ocr_par' dir='ltr' id='par_1_24' title="bbox 481 1614 1989 1691">
     <span class='ocr_line' id='line_1_24' title="bbox 481 1614 1989 1691; baseline -0.004 -16"><span class='ocrx_word' id='word_1_139' title='bbox 481 1614 615 1691; x_wconf 52' lang='lat' dir='ltr'><strong>qua?</strong></span> <span class='ocrx_word' id='word_1_140' title='bbox 638 1614 854 1691; x_wconf 73' lang='lat' dir='ltr'><strong>propter</strong></span> <span class='ocrx_word' id='word_1_141' title='bbox 900 1614 1075 1687; x_wconf 68' lang='lat' dir='ltr'><strong>ipsum</strong></span> <span class='ocrx_word' id='word_1_142' title='bbox 1123 1614 1264 1682; x_wconf 76' lang='lat' dir='ltr'><strong>facta</strong></span> <span class='ocrx_word' id='word_1_143' title='bbox 1315 1626 1391 1667; x_wconf 75' lang='lat' dir='ltr'><strong>est</strong></span> <span class='ocrx_word' id='word_1_144' title='bbox 1441 1619 1495 1671; x_wconf 85' lang='lat' dir='ltr'><strong>in</strong></span> <span class='ocrx_word' id='word_1_145' title='bbox 1543 1621 1742 1671; x_wconf 73' lang='lat' dir='ltr'><strong>somnis</strong></span> <span class='ocrx_word' id='word_1_146' title='bbox 1791 1616 1989 1672; x_wconf 72' lang='lat' dir='ltr'><strong>Sisinio</strong></span> 
     </span>
    </p>
   </div>
   <div class='ocr_carea' id='block_1_25' title="bbox 478 1707 694 1747">
    <p class='ocr_par' dir='ltr' id='par_1_25' title="bbox 478 1707 694 1747">
     <span class='ocr_line' id='line_1_25' title="bbox 478 1707 694 1747; baseline -0.014 0"><span class='ocrx_word' id='word_1_147' title='bbox 478 1707 694 1747; x_wconf 72' lang='grc' dir='ltr'>ιοιειοηε.</span> 
     </span>
    </p>
   </div>
   <div class='ocr_carea' id='block_1_26' title="bbox 482 1803 1981 1875">
    <p class='ocr_par' dir='ltr' id='par_1_26' title="bbox 482 1803 1981 1875">
     <span class='ocr_line' id='line_1_26' title="bbox 482 1803 1981 1875; baseline -0.003 -15"><span class='ocrx_word' id='word_1_148' title='bbox 482 1806 560 1860; x_wconf 87' lang='lat' dir='ltr'><strong>Eo</strong></span> <span class='ocrx_word' id='word_1_149' title='bbox 610 1803 1149 1875; x_wconf 58' lang='lat' dir='ltr'><strong>tenipore‘maximo</strong></span> <span class='ocrx_word' id='word_1_150' title='bbox 1196 1805 1437 1860; x_wconf 78' lang='lat' dir='ltr'><strong>excitato</strong></span> <span class='ocrx_word' id='word_1_151' title='bbox 1485 1813 1673 1865; x_wconf 88' lang='lat' dir='ltr'><strong>metu,</strong></span> <span class='ocrx_word' id='word_1_152' title='bbox 1723 1803 1981 1873; x_wconf 83' lang='lat' dir='ltr'><strong>quoniam</strong></span> 
     </span>
    </p>
   </div>
   <div class='ocr_carea' id='block_1_27' title="bbox 410 1894 1983 1969">
    <p class='ocr_par' dir='ltr' id='par_1_27' title="bbox 410 1894 1983 1969">
     <span class='ocr_line' id='line_1_27' title="bbox 410 1894 1983 1969; baseline -0.004 -17"><span class='ocrx_word' id='word_1_153' title='bbox 410 1897 627 1969; x_wconf 85' lang='lat' dir='ltr'><strong>plebem</strong></span> <span class='ocrx_word' id='word_1_154' title='bbox 676 1898 920 1967; x_wconf 87' lang='lat' dir='ltr'><strong>quietam</strong></span> <span class='ocrx_word' id='word_1_155' title='bbox 982 1898 1246 1969; x_wconf 88' lang='lat' dir='ltr'><strong>deinceps</strong></span> <span class='ocrx_word' id='word_1_156' title='bbox 1301 1914 1398 1966; x_wconf 88' lang='lat' dir='ltr'><strong>per</strong></span> <span class='ocrx_word' id='word_1_157' title='bbox 1452 1896 1783 1952; x_wconf 84' lang='lat' dir='ltr'><strong>seditionem</strong></span> <span class='ocrx_word' id='word_1_158' title='bbox 1846 1894 1983 1947; x_wconf 85' lang='lat' dir='ltr'><strong>nihil</strong></span> 
     </span>
    </p>
   </div>
   <div class='ocr_carea' id='block_1_28' title="bbox 411 1986 1987 2058">
    <p class='ocr_par' dir='ltr' id='par_1_28' title="bbox 411 1986 1987 2058">
     <span class='ocr_line' id='line_1_28' title="bbox 411 1986 1987 2058; baseline 0 -15"><span class='ocrx_word' id='word_1_159' title='bbox 411 2001 688 2043; x_wconf 88' lang='lat' dir='ltr'><strong>moturam</strong></span> <span class='ocrx_word' id='word_1_160' title='bbox 731 2003 852 2042; x_wconf 87' lang='lat' dir='ltr'><strong>esse</strong></span> <span class='ocrx_word' id='word_1_161' title='bbox 885 1988 1202 2053; x_wconf 82' lang='lat' dir='ltr'><strong>constabat,</strong></span> <span class='ocrx_word' id='word_1_162' title='bbox 1233 1990 1387 2045; x_wconf 79' lang='lat' dir='ltr'><strong>urbis</strong></span> <span class='ocrx_word' id='word_1_163' title='bbox 1430 1988 1722 2058; x_wconf 73' lang='lat' dir='ltr'><strong>praefectus</strong></span> <span class='ocrx_word' id='word_1_164' title='bbox 1756 1986 1987 2058; x_wconf 89' lang='lat' dir='ltr'><strong>Optatus</strong></span> 
     </span>
    </p>
   </div>
   <div class='ocr_carea' id='block_1_29' title="bbox 410 2081 1987 2151">
    <p class='ocr_par' dir='ltr' id='par_1_29' title="bbox 410 2081 1987 2151">
     <span class='ocr_line' id='line_1_29' title="bbox 410 2081 1987 2151; baseline 0.001 -17"><span class='ocrx_word' id='word_1_165' title='bbox 410 2081 633 2151; x_wconf 87' lang='lat' dir='ltr'><strong>publice</strong></span> <span class='ocrx_word' id='word_1_166' title='bbox 679 2096 779 2150; x_wconf 86' lang='lat' dir='ltr'><strong>pro</strong></span> <span class='ocrx_word' id='word_1_167' title='bbox 820 2081 1117 2145; x_wconf 83' lang='lat' dir='ltr'><strong>tribunali,</strong></span> <span class='ocrx_word' id='word_1_168' title='bbox 1167 2081 1236 2137; x_wconf 88' lang='lat' dir='ltr'><strong>de</strong></span> <span class='ocrx_word' id='word_1_169' title='bbox 1284 2081 1541 2136; x_wconf 82' lang='lat' dir='ltr'><strong>incendio</strong></span> <span class='ocrx_word' id='word_1_170' title='bbox 1577 2081 1711 2145; x_wconf 91' lang='lat' dir='ltr'><strong>hoc,</strong></span> <span class='ocrx_word' id='word_1_171' title='bbox 1760 2090 1816 2135; x_wconf 92' lang='lat' dir='ltr'><strong>et</strong></span> <span class='ocrx_word' id='word_1_172' title='bbox 1865 2095 1987 2148; x_wconf 67' lang='lat' dir='ltr'><strong>quae</strong></span> 
     </span>
    </p>
   </div>
   <div class='ocr_carea' id='block_1_30' title="bbox 410 2170 1984 2241">
    <p class='ocr_par' dir='ltr' id='par_1_30' title="bbox 410 2170 1984 2241">
     <span class='ocr_line' id='line_1_30' title="bbox 410 2170 1984 2241; baseline -0.001 -17"><span class='ocrx_word' id='word_1_173' title='bbox 410 2170 841 2241; x_wconf 78' lang='lat' dir='ltr'><strong>conﬂagraverat</strong></span> <span class='ocrx_word' id='word_1_174' title='bbox 871 2182 1096 2226; x_wconf 87' lang='lat' dir='ltr'><strong>senatus</strong></span> <span class='ocrx_word' id='word_1_175' title='bbox 1121 2170 1297 2233; x_wconf 86' lang='lat' dir='ltr'><strong>curia,</strong></span> <span class='ocrx_word' id='word_1_176' title='bbox 1330 2171 1689 2240; x_wconf 63' lang='lat' dir='ltr'><strong>qumstionem</strong></span> <span class='ocrx_word' id='word_1_177' title='bbox 1712 2170 1984 2234; x_wconf 77' lang='lat' dir='ltr'><strong>exercuit,</strong></span> 
     </span>
    </p>
   </div>
   <div class='ocr_carea' id='block_1_31' title="bbox 412 2256 1986 2334">
    <p class='ocr_par' dir='ltr' id='par_1_31' title="bbox 412 2256 1986 2334">
     <span class='ocr_line' id='line_1_31' title="bbox 412 2256 1986 2334; baseline -0.002 -16"><span class='ocrx_word' id='word_1_178' title='bbox 412 2265 726 2334; x_wconf 86' lang='lat' dir='ltr'><strong>multosque</strong></span> <span class='ocrx_word' id='word_1_179' title='bbox 760 2280 827 2318; x_wconf 91' lang='lat' dir='ltr'><strong>eo</strong></span> <span class='ocrx_word' id='word_1_180' title='bbox 868 2256 969 2317; x_wconf 86' lang='lat' dir='ltr'><strong>sub</strong></span> <span class='ocrx_word' id='word_1_181' title='bbox 1007 2272 1276 2333; x_wconf 70' lang='lat' dir='ltr'><strong>przetcxtu</strong></span> <span class='ocrx_word' id='word_1_182' title='bbox 1323 2264 1565 2333; x_wconf 83' lang='lat' dir='ltr'><strong>graviter</strong></span> <span class='ocrx_word' id='word_1_183' title='bbox 1614 2264 1788 2318; x_wconf 90' lang='lat' dir='ltr'><strong>torsit.</strong></span> <span class='ocrx_word' id='word_1_184' title='bbox 1831 2262 1986 2329; x_wconf 85' lang='lat' dir='ltr'><strong>Quod</strong></span> 
     </span>
    </p>
   </div>
   <div class='ocr_carea' id='block_1_32' title="bbox 411 2356 1988 2427">
    <p class='ocr_par' dir='ltr' id='par_1_32' title="bbox 411 2356 1988 2427">
     <span class='ocr_line' id='line_1_32' title="bbox 411 2356 1988 2427; baseline 0 -18"><span class='ocrx_word' id='word_1_185' title='bbox 411 2359 555 2412; x_wconf 78' lang='lat' dir='ltr'><strong>enim</strong></span> <span class='ocrx_word' id='word_1_186' title='bbox 589 2356 1038 2427; x_wconf 84' lang='lat' dir='ltr'><strong>superstitionem</strong></span> <span class='ocrx_word' id='word_1_187' title='bbox 1077 2356 1324 2413; x_wconf 55' lang='lat' dir='ltr'><strong>Graecam</strong></span> <span class='ocrx_word' id='word_1_188' title='bbox 1374 2358 1759 2426; x_wconf 75' lang='lat' dir='ltr'><strong>proﬁtebatur,</strong></span> <span class='ocrx_word' id='word_1_189' title='bbox 1806 2358 1861 2410; x_wconf 91' lang='lat' dir='ltr'><strong>in</strong></span> <span class='ocrx_word' id='word_1_190' title='bbox 1893 2372 1988 2410; x_wconf 86' lang='lat' dir='ltr'><strong>no-</strong></span> 
     </span>
    </p>
   </div>
   <div class='ocr_carea' id='block_1_33' title="bbox 410 2450 1986 2513">
    <p class='ocr_par' dir='ltr' id='par_1_33' title="bbox 410 2450 1986 2513">
     <span class='ocr_line' id='line_1_33' title="bbox 410 2450 1986 2513; baseline 0 -10"><span class='ocrx_word' id='word_1_191' title='bbox 410 2452 541 2505; x_wconf 78' lang='lat' dir='ltr'><strong>stris</strong></span> <span class='ocrx_word' id='word_1_192' title='bbox 575 2451 732 2504; x_wconf 79' lang='lat' dir='ltr'><strong>malis</strong></span> <span class='ocrx_word' id='word_1_193' title='bbox 768 2450 933 2503; x_wconf 80' lang='lat' dir='ltr'><strong>veluti</strong></span> <span class='ocrx_word' id='word_1_194' title='bbox 978 2450 1202 2505; x_wconf 80' lang='lat' dir='ltr'><strong>delicias</strong></span> <span class='ocrx_word' id='word_1_195' title='bbox 1241 2460 1597 2513; x_wconf 70' lang='lat' dir='ltr'><strong>consectans,</strong></span> <span class='ocrx_word' id='word_1_196' title='bbox 1638 2463 1694 2505; x_wconf 90' lang='lat' dir='ltr'><strong>et</strong></span> <span class='ocrx_word' id='word_1_197' title='bbox 1728 2451 1986 2505; x_wconf 86' lang='lat' dir='ltr'><strong>ecclesia-</strong></span> 
     </span>
    </p>
   </div>
   <div class='ocr_carea' id='block_1_34' title="bbox 410 2540 1988 2608">
    <p class='ocr_par' dir='ltr' id='par_1_34' title="bbox 410 2540 1988 2608">
     <span class='ocr_line' id='line_1_34' title="bbox 410 2540 1988 2608; baseline 0.002 -12"><span class='ocrx_word' id='word_1_198' title='bbox 410 2543 562 2599; x_wconf 84' lang='lat' dir='ltr'><strong>sticis</strong></span> <span class='ocrx_word' id='word_1_199' title='bbox 590 2542 842 2597; x_wconf 76' lang='lat' dir='ltr'><strong>cladibus</strong></span> <span class='ocrx_word' id='word_1_200' title='bbox 887 2540 1154 2607; x_wconf 77' lang='lat' dir='ltr'><strong>illudens,</strong></span> <span class='ocrx_word' id='word_1_201' title='bbox 1199 2558 1329 2597; x_wconf 88' lang='lat' dir='ltr'><strong>casu</strong></span> <span class='ocrx_word' id='word_1_202' title='bbox 1365 2558 1431 2598; x_wconf 92' lang='lat' dir='ltr'><strong>eo</strong></span> <span class='ocrx_word' id='word_1_203' title='bbox 1477 2543 1895 2608; x_wconf 81' lang='lat' dir='ltr'><strong>delectabatur;</strong></span> <span class='ocrx_word' id='word_1_204' title='bbox 1932 2556 1988 2599; x_wconf 85' lang='lat' dir='ltr'><strong>et</strong></span> 
     </span>
    </p>
   </div>
   <div class='ocr_carea' id='block_1_35' title="bbox 412 2633 1985 2704">
    <p class='ocr_par' dir='ltr' id='par_1_35' title="bbox 412 2633 1985 2704">
     <span class='ocr_line' id='line_1_35' title="bbox 412 2633 1985 2704; baseline 0.001 -17"><span class='ocrx_word' id='word_1_205' title='bbox 412 2633 797 2704; x_wconf 87' lang='lat' dir='ltr'><strong>presbyterum</strong></span> <span class='ocrx_word' id='word_1_206' title='bbox 847 2633 1163 2703; x_wconf 80' lang='lat' dir='ltr'><strong>quemdam,</strong></span> <span class='ocrx_word' id='word_1_207' title='bbox 1212 2634 1302 2688; x_wconf 92' lang='lat' dir='ltr'><strong>cui</strong></span> <span class='ocrx_word' id='word_1_208' title='bbox 1350 2648 1552 2688; x_wconf 90' lang='lat' dir='ltr'><strong>nomen</strong></span> <span class='ocrx_word' id='word_1_209' title='bbox 1596 2643 1715 2687; x_wconf 85' lang='lat' dir='ltr'><strong>erat</strong></span> <span class='ocrx_word' id='word_1_210' title='bbox 1744 2634 1985 2704; x_wconf 76' lang='lat' dir='ltr'><strong>Tigrius,</strong></span> 
     </span>
    </p>
   </div>
   <div class='ocr_carea' id='block_1_36' title="bbox 409 2726 1986 2799">
    <p class='ocr_par' dir='ltr' id='par_1_36' title="bbox 409 2726 1986 2799">
     <span class='ocr_line' id='line_1_36' title="bbox 409 2726 1986 2799; baseline 0.003 -20"><span class='ocrx_word' id='word_1_211' title='bbox 409 2726 643 2795; x_wconf 75' lang='lat' dir='ltr'><strong>arripuit</strong></span> <span class='ocrx_word' id='word_1_212' title='bbox 673 2745 686 2781; x_wconf 87' lang='lat'><strong>:</strong></span> <span class='ocrx_word' id='word_1_213' title='bbox 724 2726 890 2795; x_wconf 84' lang='lat' dir='ltr'><strong>eique</strong></span> <span class='ocrx_word' id='word_1_214' title='bbox 927 2727 1174 2781; x_wconf 83' lang='lat' dir='ltr'><strong>vestibus</strong></span> <span class='ocrx_word' id='word_1_215' title='bbox 1208 2726 1490 2789; x_wconf 83' lang='lat' dir='ltr'><strong>detractis.</strong></span> <span class='ocrx_word' id='word_1_216' title='bbox 1524 2727 1675 2781; x_wconf 90' lang='lat' dir='ltr'><strong>nudo</strong></span> <span class='ocrx_word' id='word_1_217' title='bbox 1712 2727 1896 2799; x_wconf 82' lang='lat' dir='ltr'><strong>ﬂagris</strong></span> <span class='ocrx_word' id='word_1_218' title='bbox 1930 2730 1986 2783; x_wconf 92' lang='lat' dir='ltr'><strong>in</strong></span> 
     </span>
    </p>
   </div>
   <div class='ocr_carea' id='block_1_37' title="bbox 410 2818 1990 2890">
    <p class='ocr_par' dir='ltr' id='par_1_37' title="bbox 410 2818 1990 2890">
     <span class='ocr_line' id='line_1_37' title="bbox 410 2818 1990 2890; baseline 0.001 -17"><span class='ocrx_word' id='word_1_219' title='bbox 410 2829 563 2886; x_wconf 67' lang='lat' dir='ltr'><strong>tergo</strong></span> <span class='ocrx_word' id='word_1_220' title='bbox 598 2818 786 2888; x_wconf 67' lang='lat' dir='ltr'><strong>plagas</strong></span> <span class='ocrx_word' id='word_1_221' title='bbox 824 2818 1013 2873; x_wconf 90' lang='lat' dir='ltr'><strong>intulit</strong></span> <span class='ocrx_word' id='word_1_222' title='bbox 1042 2837 1055 2871; x_wconf 91' lang='lat'><strong>:</strong></span> <span class='ocrx_word' id='word_1_223' title='bbox 1089 2828 1145 2872; x_wconf 85' lang='lat' dir='ltr'><strong>et</strong></span> <span class='ocrx_word' id='word_1_224' title='bbox 1175 2834 1420 2890; x_wconf 82' lang='lat' dir='ltr'><strong>eousque</strong></span> <span class='ocrx_word' id='word_1_225' title='bbox 1472 2819 1749 2875; x_wconf 84' lang='lat' dir='ltr'><strong>hominem</strong></span> <span class='ocrx_word' id='word_1_226' title='bbox 1794 2835 1990 2875; x_wconf 73' lang='lat' dir='ltr'><strong>excar-</strong></span> 
     </span>
    </p>
   </div>
   <div class='ocr_carea' id='block_1_38' title="bbox 412 2911 1991 2982">
    <p class='ocr_par' dir='ltr' id='par_1_38' title="bbox 412 2911 1991 2982">
     <span class='ocr_line' id='line_1_38' title="bbox 412 2911 1991 2982; baseline 0.001 -17"><span class='ocrx_word' id='word_1_227' title='bbox 412 2912 681 2976; x_wconf 85' lang='lat' dir='ltr'><strong>nillcavit,</strong></span> <span class='ocrx_word' id='word_1_228' title='bbox 713 2911 890 2967; x_wconf 89' lang='lat' dir='ltr'><strong>donec</strong></span> <span class='ocrx_word' id='word_1_229' title='bbox 922 2912 1142 2967; x_wconf 90' lang='lat' dir='ltr'><strong>articuli</strong></span> <span class='ocrx_word' id='word_1_230' title='bbox 1178 2913 1297 2982; x_wconf 83' lang='lat' dir='ltr'><strong>ejus</strong></span> <span class='ocrx_word' id='word_1_231' title='bbox 1330 2914 1701 2967; x_wconf 74' lang='lat' dir='ltr'><strong>solverentur.</strong></span> <span class='ocrx_word' id='word_1_232' title='bbox 1741 2914 1991 2968; x_wconf 84' lang='lat' dir='ltr'><strong>Manibus</strong></span> 
     </span>
    </p>
   </div>
   <div class='ocr_carea' id='block_1_39' title="bbox 411 3002 1987 3072">
    <p class='ocr_par' dir='ltr' id='par_1_39' title="bbox 411 3002 1987 3072">
     <span class='ocr_line' id='line_1_39' title="bbox 411 3002 1987 3072; baseline 0.002 -16"><span class='ocrx_word' id='word_1_233' title='bbox 411 3002 559 3057; x_wconf 67' lang='lat' dir='ltr'><strong>extim</strong></span> <span class='ocrx_word' id='word_1_234' title='bbox 590 3002 936 3072; x_wconf 85' lang='lat' dir='ltr'><strong>pedibusque</strong></span> <span class='ocrx_word' id='word_1_235' title='bbox 969 3011 1117 3056; x_wconf 89' lang='lat' dir='ltr'><strong>arcte</strong></span> <span class='ocrx_word' id='word_1_236' title='bbox 1148 3004 1384 3068; x_wconf 88' lang='lat' dir='ltr'><strong>vinctus,</strong></span> <span class='ocrx_word' id='word_1_237' title='bbox 1413 3019 1573 3071; x_wconf 90' lang='lat' dir='ltr'><strong>quam</strong></span> <span class='ocrx_word' id='word_1_238' title='bbox 1604 3006 1838 3060; x_wconf 81' lang='lat' dir='ltr'><strong>maxime</strong></span> <span class='ocrx_word' id='word_1_239' title='bbox 1872 3005 1987 3059; x_wconf 88' lang='lat' dir='ltr'><strong>lieri</strong></span> 
     </span>
    </p>
   </div>
   <div class='ocr_carea' id='block_1_40' title="bbox 411 3090 1987 3164">
    <p class='ocr_par' dir='ltr' id='par_1_40' title="bbox 411 3090 1987 3164">
     <span class='ocr_line' id='line_1_40' title="bbox 411 3090 1987 3164; baseline 0.003 -20"><span class='ocrx_word' id='word_1_240' title='bbox 411 3091 612 3161; x_wconf 89' lang='lat' dir='ltr'><strong>potuit,</strong></span> <span class='ocrx_word' id='word_1_241' title='bbox 645 3090 922 3145; x_wconf 87' lang='lat' dir='ltr'><strong>distentus</strong></span> <span class='ocrx_word' id='word_1_242' title='bbox 951 3101 1056 3146; x_wconf 85' lang='lat' dir='ltr'><strong>cst.</strong></span> <span class='ocrx_word' id='word_1_243' title='bbox 1083 3090 1306 3161; x_wconf 82' lang='lat' dir='ltr'><strong>&#39;l&#39;igrius</strong></span> <span class='ocrx_word' id='word_1_244' title='bbox 1338 3109 1471 3147; x_wconf 89' lang='lat' dir='ltr'><strong>vero</strong></span> <span class='ocrx_word' id='word_1_245' title='bbox 1501 3094 1603 3147; x_wconf 87' lang='lat' dir='ltr'><strong>iste</strong></span> <span class='ocrx_word' id='word_1_246' title='bbox 1630 3109 1831 3164; x_wconf 76' lang='lat' dir='ltr'><strong>genere</strong></span> <span class='ocrx_word' id='word_1_247' title='bbox 1859 3095 1987 3150; x_wconf 83' lang='lat' dir='ltr'><strong>bar-</strong></span> 
     </span>
    </p>
   </div>
   <div class='ocr_carea' id='block_1_41' title="bbox 2683 1449 3099 1505">
    <p class='ocr_par' dir='ltr' id='par_1_41' title="bbox 2683 1449 3099 1505">
     <span class='ocr_line' id='line_1_41' title="bbox 2683 1449 3099 1505; baseline 0.005 -2"><span class='ocrx_word' id='word_1_248' title='bbox 2683 1449 2935 1505; x_wconf 77' lang='grc' dir='ltr'><strong>ΚΕΦΑΔ.</strong></span> <span class='ocrx_word' id='word_1_249' title='bbox 2972 1451 3099 1505; x_wconf 83' lang='grc' dir='ltr'>ΚΓ.</span> 
     </span>
    </p>
   </div>
   <div class='ocr_carea' id='block_1_42' title="bbox 2095 1543 3683 1614">
    <p class='ocr_par' dir='ltr' id='par_1_42' title="bbox 2095 1543 3683 1614">
     <span class='ocr_line' id='line_1_42' title="bbox 2095 1543 3683 1614; baseline -0.001 -13"><span class='ocrx_word' id='word_1_250' title='bbox 2095 1546 2233 1614; x_wconf 76' lang='grc' dir='ltr'>Περὶ</span> <span class='ocrx_word' id='word_1_251' title='bbox 2299 1544 2406 1600; x_wconf 77' lang='grc' dir='ltr'>τοῦ</span> <span class='ocrx_word' id='word_1_252' title='bbox 2449 1543 2861 1612; x_wconf 75' lang='grc' dir='ltr'>πρεσϐυτέρου</span> <span class='ocrx_word' id='word_1_253' title='bbox 2907 1544 3159 1614; x_wconf 67' lang='lat' dir='ltr'><strong>Tim/oo,</strong></span> <span class='ocrx_word' id='word_1_254' title='bbox 3196 1544 3295 1596; x_wconf 81' lang='grc' dir='ltr'><strong>καί</strong></span> <span class='ocrx_word' id='word_1_255' title='bbox 3339 1544 3683 1609; x_wconf 76' lang='grc' dir='ltr'>Εὐτροπίου</span> 
     </span>
    </p>
   </div>
   <div class='ocr_carea' id='block_1_43' title="bbox 2164 1613 3686 1684">
    <p class='ocr_par' dir='ltr' id='par_1_43' title="bbox 2164 1613 3686 1684">
     <span class='ocr_line' id='line_1_43' title="bbox 2164 1613 3686 1684; baseline -0.001 -14"><span class='ocrx_word' id='word_1_256' title='bbox 2164 1613 2270 1670; x_wconf 74' lang='grc' dir='ltr'>τοῦ</span> <span class='ocrx_word' id='word_1_257' title='bbox 2298 1614 2717 1684; x_wconf 76' lang='grc' dir='ltr'>ἀναγνώστου,</span> <span class='ocrx_word' id='word_1_258' title='bbox 2764 1614 2861 1667; x_wconf 82' lang='grc' dir='ltr'><strong>καί</strong></span> <span class='ocrx_word' id='word_1_259' title='bbox 2904 1614 3014 1668; x_wconf 80' lang='grc' dir='ltr'><strong>τοῦ</strong></span> <span class='ocrx_word' id='word_1_260' title='bbox 3042 1613 3139 1667; x_wconf 81' lang='grc' dir='ltr'><strong>διὰ</strong></span> <span class='ocrx_word' id='word_1_261' title='bbox 3195 1614 3417 1667; x_wconf 77' lang='grc' dir='ltr'>τοῦτον</span> <span class='ocrx_word' id='word_1_262' title='bbox 3443 1615 3686 1684; x_wconf 66' lang='lat' dir='ltr'><strong>civ-sipa-</strong></span> 
     </span>
    </p>
   </div>
   <div class='ocr_carea' id='block_1_44' title="bbox 2163 1703 2291 1754">
    <p class='ocr_par' dir='ltr' id='par_1_44' title="bbox 2163 1703 2291 1754">
     <span class='ocr_line' id='line_1_44' title="bbox 2163 1703 2291 1754; baseline 0.008 -14"><span class='ocrx_word' id='word_1_263' title='bbox 2163 1703 2291 1754; x_wconf 77' lang='grc' dir='ltr'>τος.</span> 
     </span>
    </p>
   </div>
   <div class='ocr_carea' id='block_1_45' title="bbox 2161 1795 3683 1873">
    <p class='ocr_par' dir='ltr' id='par_1_45' title="bbox 2161 1795 3683 1873">
     <span class='ocr_line' id='line_1_45' title="bbox 2161 1795 3683 1873; baseline 0.001 -20"><span class='ocrx_word' id='word_1_264' title='bbox 2161 1800 2480 1868; x_wconf 79' lang='grc' dir='ltr'>Τηνικαῦτα</span> <span class='ocrx_word' id='word_1_265' title='bbox 2496 1797 2551 1851; x_wconf 81' lang='grc' dir='ltr'><strong>δὲ</strong></span> <span class='ocrx_word' id='word_1_266' title='bbox 2572 1799 2837 1865; x_wconf 86' lang='grc' dir='ltr'>μεγίστου</span> <span class='ocrx_word' id='word_1_267' title='bbox 2860 1795 3030 1867; x_wconf 89' lang='grc' dir='ltr'>φόϐου</span> <span class='ocrx_word' id='word_1_268' title='bbox 3052 1798 3152 1869; x_wconf 84' lang='grc' dir='ltr'>ἀνη</span> <span class='ocrx_word' id='word_1_269' title='bbox 3162 1815 3261 1869; x_wconf 87' lang='grc' dir='ltr'><strong>ρτη</strong></span> <span class='ocrx_word' id='word_1_270' title='bbox 3272 1799 3460 1869; x_wconf 81' lang='grc' dir='ltr'>μένου,</span> <span class='ocrx_word' id='word_1_271' title='bbox 3483 1801 3683 1873; x_wconf 68' lang='grc' dir='ltr'>ἐπειδὴ</span> 
     </span>
    </p>
   </div>
   <div class='ocr_carea' id='block_1_46' title="bbox 2090 1885 3684 1961">
    <p class='ocr_par' dir='ltr' id='par_1_46' title="bbox 2090 1885 3684 1961">
     <span class='ocr_line' id='line_1_46' title="bbox 2090 1885 3684 1961; baseline -0.007 -14"><span class='ocrx_word' id='word_1_272' title='bbox 2090 1895 2184 1947; x_wconf 77' lang='grc' dir='ltr'><strong>καὶ</strong></span> <span class='ocrx_word' id='word_1_273' title='bbox 2216 1893 2243 1945; x_wconf 87' lang='grc' dir='ltr'><strong>ὁ</strong></span> <span class='ocrx_word' id='word_1_274' title='bbox 2275 1892 2444 1961; x_wconf 78' lang='grc' dir='ltr'>δῆμος</span> <span class='ocrx_word' id='word_1_275' title='bbox 2477 1891 2742 1958; x_wconf 82' lang='grc' dir='ltr'>λωφήσας</span> <span class='ocrx_word' id='word_1_276' title='bbox 2775 1889 2937 1961; x_wconf 74' lang='grc' dir='ltr'>δῆλος</span> <span class='ocrx_word' id='word_1_277' title='bbox 2969 1885 3039 1959; x_wconf 80' lang='grc' dir='ltr'>ἦν</span> <span class='ocrx_word' id='word_1_278' title='bbox 3073 1890 3146 1961; x_wconf 87' lang='grc' dir='ltr'>μὴ</span> <span class='ocrx_word' id='word_1_279' title='bbox 3180 1889 3274 1944; x_wconf 82' lang='grc' dir='ltr'>τοῦ</span> <span class='ocrx_word' id='word_1_280' title='bbox 3311 1892 3504 1947; x_wconf 82' lang='grc' dir='ltr'>λοιποῦ</span> <span class='ocrx_word' id='word_1_281' title='bbox 3541 1911 3684 1948; x_wconf 85' lang='grc' dir='ltr'>στα-</span> 
     </span>
    </p>
   </div>
   <div class='ocr_carea' id='block_1_47' title="bbox 2090 1982 3683 2055">
    <p class='ocr_par' dir='ltr' id='par_1_47' title="bbox 2090 1982 3683 2055">
     <span class='ocr_line' id='line_1_47' title="bbox 2090 1982 3683 2055; baseline 0.001 -18"><span class='ocrx_word' id='word_1_282' title='bbox 2090 1983 2337 2049; x_wconf 77' lang='grc' dir='ltr'>σιάζειν,</span> <span class='ocrx_word' id='word_1_283' title='bbox 2373 1985 2400 2036; x_wconf 85' lang='grc' dir='ltr'>ὁ</span> <span class='ocrx_word' id='word_1_284' title='bbox 2437 1982 2534 2053; x_wconf 83' lang='grc' dir='ltr'>τῆς</span> <span class='ocrx_word' id='word_1_285' title='bbox 2576 1982 2789 2044; x_wconf 86' lang='grc' dir='ltr'>πόλεως</span> <span class='ocrx_word' id='word_1_286' title='bbox 2834 1982 3114 2053; x_wconf 80' lang='grc' dir='ltr'>ὖπαρχος,</span> <span class='ocrx_word' id='word_1_287' title='bbox 3157 1985 3426 2049; x_wconf 83' lang='grc' dir='ltr'>Ὀπτᾶτος</span> <span class='ocrx_word' id='word_1_288' title='bbox 3463 1985 3640 2055; x_wconf 76' lang='grc' dir='ltr'>ὕνομα</span> <span class='ocrx_word' id='word_1_289' title='bbox 3663 2026 3683 2051; x_wconf 87' lang='grc'><strong>,</strong></span> 
     </span>
    </p>
   </div>
   <div class='ocr_carea' id='block_1_48' title="bbox 2089 2074 3687 2149">
    <p class='ocr_par' dir='ltr' id='par_1_48' title="bbox 2089 2074 3687 2149">
     <span class='ocr_line' id='line_1_48' title="bbox 2089 2074 3687 2149; baseline 0.001 -19"><span class='ocrx_word' id='word_1_290' title='bbox 2089 2077 2326 2147; x_wconf 83' lang='grc' dir='ltr'>δημοσίᾳ</span> <span class='ocrx_word' id='word_1_291' title='bbox 2364 2074 2710 2146; x_wconf 76' lang='grc' dir='ltr'>προκαθίσας</span> <span class='ocrx_word' id='word_1_292' title='bbox 2732 2113 2747 2141; x_wconf 95' lang='grc'><strong>,</strong></span> <span class='ocrx_word' id='word_1_293' title='bbox 2786 2074 2950 2143; x_wconf 79' lang='grc' dir='ltr'>δῆθεν</span> <span class='ocrx_word' id='word_1_294' title='bbox 2983 2077 3051 2129; x_wconf 79' lang='grc' dir='ltr'>τὰ</span> <span class='ocrx_word' id='word_1_295' title='bbox 3087 2076 3220 2145; x_wconf 83' lang='grc' dir='ltr'>περὶ</span> <span class='ocrx_word' id='word_1_296' title='bbox 3254 2077 3355 2147; x_wconf 84' lang='grc' dir='ltr'>τῆς</span> <span class='ocrx_word' id='word_1_297' title='bbox 3392 2081 3687 2149; x_wconf 80' lang='grc' dir='ltr'>πυρκαῖᾶς</span> 
     </span>
    </p>
   </div>
   <div class='ocr_carea' id='block_1_49' title="bbox 2091 2167 3687 2240">
    <p class='ocr_par' dir='ltr' id='par_1_49' title="bbox 2091 2167 3687 2240">
     <span class='ocr_line' id='line_1_49' title="bbox 2091 2167 3687 2240; baseline 0.002 -18"><span class='ocrx_word' id='word_1_298' title='bbox 2091 2172 2185 2222; x_wconf 82' lang='grc' dir='ltr'>καὶ</span> <span class='ocrx_word' id='word_1_299' title='bbox 2218 2167 2314 2220; x_wconf 81' lang='grc' dir='ltr'><strong>τοῦ</strong></span> <span class='ocrx_word' id='word_1_300' title='bbox 2345 2168 2442 2237; x_wconf 84' lang='grc' dir='ltr'>τῆς</span> <span class='ocrx_word' id='word_1_301' title='bbox 2475 2168 2803 2238; x_wconf 85' lang='grc' dir='ltr'>γερουσίας,</span> <span class='ocrx_word' id='word_1_302' title='bbox 2836 2169 3015 2221; x_wconf 83' lang='grc' dir='ltr'>είτουν</span> <span class='ocrx_word' id='word_1_303' title='bbox 3046 2167 3143 2221; x_wconf 80' lang='grc' dir='ltr'>τοῦ</span> <span class='ocrx_word' id='word_1_304' title='bbox 3174 2167 3565 2240; x_wconf 79' lang='grc' dir='ltr'><strong>βουλευτηρίου</strong></span> <span class='ocrx_word' id='word_1_305' title='bbox 3598 2173 3687 2225; x_wconf 78' lang='grc' dir='ltr'><strong>οτ-</strong></span> 
     </span>
    </p>
   </div>
   <div class='ocr_carea' id='block_1_50' title="bbox 2091 2259 3687 2330">
    <p class='ocr_par' dir='ltr' id='par_1_50' title="bbox 2091 2259 3687 2330">
     <span class='ocr_line' id='line_1_50' title="bbox 2091 2259 3687 2330; baseline 0.003 -17"><span class='ocrx_word' id='word_1_306' title='bbox 2091 2279 2223 2325; x_wconf 90' lang='grc' dir='ltr'>κου,</span> <span class='ocrx_word' id='word_1_307' title='bbox 2257 2259 2514 2329; x_wconf 75' lang='grc' dir='ltr'>ἐξήταζε.</span> <span class='ocrx_word' id='word_1_308' title='bbox 2552 2259 2791 2324; x_wconf 73' lang='grc' dir='ltr'>Πολλοὺς</span> <span class='ocrx_word' id='word_1_309' title='bbox 2828 2260 2887 2313; x_wconf 74' lang='grc' dir='ltr'><strong>δὲ</strong></span> <span class='ocrx_word' id='word_1_310' title='bbox 2924 2262 2990 2330; x_wconf 69' lang='grc' dir='ltr'>τῇ</span> <span class='ocrx_word' id='word_1_311' title='bbox 3027 2263 3301 2329; x_wconf 77' lang='grc' dir='ltr'>προφάσει</span> <span class='ocrx_word' id='word_1_312' title='bbox 3333 2262 3526 2316; x_wconf 77' lang='grc' dir='ltr'>τούτου</span> <span class='ocrx_word' id='word_1_313' title='bbox 3562 2264 3687 2317; x_wconf 73' lang='grc' dir='ltr'>δειο</span> 
     </span>
    </p>
   </div>
   <div class='ocr_carea' id='block_1_51' title="bbox 2089 2351 3687 2426">
    <p class='ocr_par' dir='ltr' id='par_1_51' title="bbox 2089 2351 3687 2426">
     <span class='ocr_line' id='line_1_51' title="bbox 2089 2351 3687 2426; baseline 0.004 -22"><span class='ocrx_word' id='word_1_314' title='bbox 2089 2353 2197 2416; x_wconf 89' lang='grc' dir='ltr'><strong>νῶς</strong></span> <span class='ocrx_word' id='word_1_315' title='bbox 2250 2355 2682 2423; x_wconf 75' lang='grc' dir='ltr'>ἑτιμωρήσατοο</span> <span class='ocrx_word' id='word_1_316' title='bbox 2736 2353 2807 2407; x_wconf 66' lang='grc' dir='ltr'>τὰ</span> <span class='ocrx_word' id='word_1_317' title='bbox 2853 2353 2963 2422; x_wconf 80' lang='grc' dir='ltr'><strong>γάρ</strong></span> <span class='ocrx_word' id='word_1_318' title='bbox 3003 2351 3275 2423; x_wconf 77' lang='grc' dir='ltr'>Ἑλλήνων</span> <span class='ocrx_word' id='word_1_319' title='bbox 3324 2357 3687 2426; x_wconf 82' lang='grc' dir='ltr'>πρεσϐεύων,</span> 
     </span>
    </p>
   </div>
   <div class='ocr_carea' id='block_1_52' title="bbox 2090 2444 3693 2515">
    <p class='ocr_par' dir='ltr' id='par_1_52' title="bbox 2090 2444 3693 2515">
     <span class='ocr_line' id='line_1_52' title="bbox 2090 2444 3693 2515; baseline 0.002 -18"><span class='ocrx_word' id='word_1_320' title='bbox 2090 2444 2280 2514; x_wconf 83' lang='grc' dir='ltr'>ῶσπερ</span> <span class='ocrx_word' id='word_1_321' title='bbox 2321 2446 2433 2508; x_wconf 88' lang='grc' dir='ltr'>τοῖς</span> <span class='ocrx_word' id='word_1_322' title='bbox 2479 2444 2773 2514; x_wconf 81' lang='grc' dir='ltr'>ήμε;έροις</span> <span class='ocrx_word' id='word_1_323' title='bbox 2828 2447 3020 2508; x_wconf 80' lang='grc' dir='ltr'><strong>κακοῖς</strong></span> <span class='ocrx_word' id='word_1_324' title='bbox 3066 2446 3377 2515; x_wconf 73' lang='grc' dir='ltr'>ἐντρυφῶν,</span> <span class='ocrx_word' id='word_1_325' title='bbox 3421 2450 3517 2502; x_wconf 72' lang='grc' dir='ltr'>καὶ</span> <span class='ocrx_word' id='word_1_326' title='bbox 3558 2453 3693 2513; x_wconf 85' lang='grc' dir='ltr'>ταῖς</span> 
     </span>
    </p>
   </div>
   <div class='ocr_carea' id='block_1_53' title="bbox 2091 2534 3690 2609">
    <p class='ocr_par' dir='ltr' id='par_1_53' title="bbox 2091 2534 3690 2609">
     <span class='ocr_line' id='line_1_53' title="bbox 2091 2534 3690 2609; baseline 0.003 -22"><span class='ocrx_word' id='word_1_327' title='bbox 2091 2535 2580 2606; x_wconf 75' lang='grc' dir='ltr'><strong>ἐκκλησιαστικαῖς</strong></span> <span class='ocrx_word' id='word_1_328' title='bbox 2629 2534 2949 2603; x_wconf 74' lang='grc' dir='ltr'>ἐπεγγελῶν</span> <span class='ocrx_word' id='word_1_329' title='bbox 3001 2539 3331 2605; x_wconf 72' lang='grc' dir='ltr'>συμφοραῖς,</span> <span class='ocrx_word' id='word_1_330' title='bbox 3387 2538 3454 2590; x_wconf 83' lang='grc' dir='ltr'><strong>δι’</strong></span> <span class='ocrx_word' id='word_1_331' title='bbox 3477 2539 3690 2609; x_wconf 79' lang='grc' dir='ltr'>ἡδονῆς</span> 
     </span>
    </p>
   </div>
   <div class='ocr_carea' id='block_1_54' title="bbox 2092 2624 3692 2701">
    <p class='ocr_par' dir='ltr' id='par_1_54' title="bbox 2092 2624 3692 2701">
     <span class='ocr_line' id='line_1_54' title="bbox 2092 2624 3692 2701; baseline 0.003 -20"><span class='ocrx_word' id='word_1_332' title='bbox 2092 2624 2206 2697; x_wconf 79' lang='grc' dir='ltr'>εἶχε</span> <span class='ocrx_word' id='word_1_333' title='bbox 2247 2628 2311 2679; x_wconf 72' lang='grc' dir='ltr'><strong>τὸ</strong></span> <span class='ocrx_word' id='word_1_334' title='bbox 2355 2628 2659 2694; x_wconf 81' lang='grc' dir='ltr'>συμπεσόν.</span> <span class='ocrx_word' id='word_1_335' title='bbox 2708 2628 2817 2679; x_wconf 78' lang='grc' dir='ltr'><strong>Καὶ</strong></span> <span class='ocrx_word' id='word_1_336' title='bbox 2861 2628 2924 2697; x_wconf 74' lang='grc' dir='ltr'><strong>δή</strong></span> <span class='ocrx_word' id='word_1_337' title='bbox 2972 2644 3094 2681; x_wconf 86' lang='grc' dir='ltr'>τινα</span> <span class='ocrx_word' id='word_1_338' title='bbox 3142 2630 3538 2701; x_wconf 73' lang='grc' dir='ltr'>πρεσϐύτερον,</span> <span class='ocrx_word' id='word_1_339' title='bbox 3588 2634 3692 2686; x_wconf 78' lang='grc' dir='ltr'>Τί-</span> 
     </span>
    </p>
   </div>
   <div class='ocr_carea' id='block_1_55' title="bbox 2092 2714 3685 2792">
    <p class='ocr_par' dir='ltr' id='par_1_55' title="bbox 2092 2714 3685 2792">
     <span class='ocr_line' id='line_1_55' title="bbox 2092 2714 3685 2792; baseline 0.004 -23"><span class='ocrx_word' id='word_1_340' title='bbox 2092 2733 2246 2785; x_wconf 84' lang='grc' dir='ltr'>γριον</span> <span class='ocrx_word' id='word_1_341' title='bbox 2279 2714 2451 2785; x_wconf 66' lang='grc' dir='ltr'>δνομα</span> <span class='ocrx_word' id='word_1_342' title='bbox 2473 2756 2488 2781; x_wconf 95' lang='grc'><strong>,</strong></span> <span class='ocrx_word' id='word_1_343' title='bbox 2525 2715 2842 2782; x_wconf 84' lang='grc' dir='ltr'>συλλαϐὼν,</span> <span class='ocrx_word' id='word_1_344' title='bbox 2877 2717 3165 2788; x_wconf 83' lang='grc' dir='ltr'>ύφαιρεῖτό</span> <span class='ocrx_word' id='word_1_345' title='bbox 3199 2736 3257 2771; x_wconf 88' lang='grc' dir='ltr'><strong>τε</strong></span> <span class='ocrx_word' id='word_1_346' title='bbox 3291 2723 3393 2791; x_wconf 78' lang='grc' dir='ltr'>τὴν</span> <span class='ocrx_word' id='word_1_347' title='bbox 3428 2722 3639 2792; x_wconf 77' lang='grc' dir='ltr'>ἐσθῆτα</span> <span class='ocrx_word' id='word_1_348' title='bbox 3665 2766 3685 2787; x_wconf 85' lang='grc'><strong>,</strong></span> 
     </span>
    </p>
   </div>
   <div class='ocr_carea' id='block_1_56' title="bbox 2094 2804 3692 2880">
    <p class='ocr_par' dir='ltr' id='par_1_56' title="bbox 2094 2804 3692 2880">
     <span class='ocr_line' id='line_1_56' title="bbox 2094 2804 3692 2880; baseline 0.006 -21"><span class='ocrx_word' id='word_1_349' title='bbox 2094 2807 2285 2878; x_wconf 84' lang='grc' dir='ltr'>γυμνῷ</span> <span class='ocrx_word' id='word_1_350' title='bbox 2313 2825 2369 2860; x_wconf 84' lang='grc' dir='ltr'><strong>τε</strong></span> <span class='ocrx_word' id='word_1_351' title='bbox 2398 2808 2542 2861; x_wconf 76' lang='grc' dir='ltr'>κατὰ</span> <span class='ocrx_word' id='word_1_352' title='bbox 2573 2810 2740 2861; x_wconf 84' lang='grc' dir='ltr'>νώτου</span> <span class='ocrx_word' id='word_1_353' title='bbox 2771 2804 2945 2878; x_wconf 82' lang='grc' dir='ltr'><strong>ὲπῆγε</strong></span> <span class='ocrx_word' id='word_1_354' title='bbox 2977 2811 3077 2873; x_wconf 69' lang='grc' dir='ltr'><strong>τὰς</strong></span> <span class='ocrx_word' id='word_1_355' title='bbox 3108 2812 3391 2880; x_wconf 83' lang='grc' dir='ltr'>μάστιγας</span> <span class='ocrx_word' id='word_1_356' title='bbox 3412 2828 3426 2843; x_wconf 75' lang='grc'><strong>⁸</strong></span> <span class='ocrx_word' id='word_1_357' title='bbox 3457 2816 3553 2868; x_wconf 78' lang='grc' dir='ltr'><strong>καὶ</strong></span> <span class='ocrx_word' id='word_1_358' title='bbox 3585 2817 3692 2868; x_wconf 74' lang='grc' dir='ltr'><strong>ἐπὶ</strong></span> 
     </span>
    </p>
   </div>
   <div class='ocr_carea' id='block_1_57' title="bbox 2091 2897 3694 2979">
    <p class='ocr_par' dir='ltr' id='par_1_57' title="bbox 2091 2897 3694 2979">
     <span class='ocr_line' id='line_1_57' title="bbox 2091 2897 3694 2979; baseline 0.006 -25"><span class='ocrx_word' id='word_1_359' title='bbox 2091 2903 2249 2954; x_wconf 84' lang='grc' dir='ltr'>τόσον</span> <span class='ocrx_word' id='word_1_360' title='bbox 2281 2903 2534 2972; x_wconf 74' lang='grc' dir='ltr'>ᾐκίσατο,</span> <span class='ocrx_word' id='word_1_361' title='bbox 2563 2902 2666 2965; x_wconf 57' lang='grc' dir='ltr'>ἕως</span> <span class='ocrx_word' id='word_1_362' title='bbox 2699 2897 2761 2954; x_wconf 72' lang='grc' dir='ltr'>οὗ</span> <span class='ocrx_word' id='word_1_363' title='bbox 2793 2904 2989 2973; x_wconf 76' lang='grc' dir='ltr'>ἐκείνῳ</span> <span class='ocrx_word' id='word_1_364' title='bbox 3020 2904 3239 2976; x_wconf 79' lang='grc' dir='ltr'>διελύθη</span> <span class='ocrx_word' id='word_1_365' title='bbox 3270 2909 3339 2959; x_wconf 70' lang='grc' dir='ltr'>τὰ</span> <span class='ocrx_word' id='word_1_366' title='bbox 3373 2909 3553 2979; x_wconf 78' lang='grc' dir='ltr'>ἄρθρα</span> <span class='ocrx_word' id='word_1_367' title='bbox 3582 2925 3597 2940; x_wconf 89' lang='grc'><strong>·</strong></span> <span class='ocrx_word' id='word_1_368' title='bbox 3632 2910 3694 2964; x_wconf 67' lang='lat' dir='ltr'><strong>of</strong></span> 
     </span>
    </p>
   </div>
   <div class='ocr_carea' id='block_1_58' title="bbox 2092 2994 3693 3069">
    <p class='ocr_par' dir='ltr' id='par_1_58' title="bbox 2092 2994 3693 3069">
     <span class='ocr_line' id='line_1_58' title="bbox 2092 2994 3693 3069; baseline 0.006 -24"><span class='ocrx_word' id='word_1_369' title='bbox 2092 3010 2149 3045; x_wconf 78' lang='grc' dir='ltr'><strong>τε</strong></span> <span class='ocrx_word' id='word_1_370' title='bbox 2182 2994 2292 3064; x_wconf 79' lang='grc' dir='ltr'>γὰρ</span> <span class='ocrx_word' id='word_1_371' title='bbox 2329 2994 2487 3057; x_wconf 79' lang='grc' dir='ltr'>πόδες</span> <span class='ocrx_word' id='word_1_372' title='bbox 2521 2994 2614 3047; x_wconf 79' lang='grc' dir='ltr'><strong>καὶ</strong></span> <span class='ocrx_word' id='word_1_373' title='bbox 2646 2996 2700 3048; x_wconf 85' lang='lat' dir='ltr'><strong>al</strong></span> <span class='ocrx_word' id='word_1_374' title='bbox 2731 2998 2913 3067; x_wconf 88' lang='grc' dir='ltr'>χεῖρες</span> <span class='ocrx_word' id='word_1_375' title='bbox 2947 2997 3214 3067; x_wconf 81' lang='grc' dir='ltr'>ἀσφαλῶς</span> <span class='ocrx_word' id='word_1_376' title='bbox 3244 2998 3641 3069; x_wconf 86' lang='grc' dir='ltr'>δεσμευθεῖσαι</span> <span class='ocrx_word' id='word_1_377' title='bbox 3674 3043 3693 3067; x_wconf 92' lang='grc'><strong>,</strong></span> 
     </span>
    </p>
   </div>
   <div class='ocr_carea' id='block_1_59' title="bbox 2093 3084 3694 3160">
    <p class='ocr_par' dir='ltr' id='par_1_59' title="bbox 2093 3084 3694 3160">
     <span class='ocr_line' id='line_1_59' title="bbox 2093 3084 3694 3160; baseline 0.006 -23"><span class='ocrx_word' id='word_1_378' title='bbox 2093 3084 2178 3152; x_wconf 65' lang='grc' dir='ltr'><strong>ἐφ’</strong></span> <span class='ocrx_word' id='word_1_379' title='bbox 2203 3087 2328 3139; x_wconf 82' lang='grc' dir='ltr'>ὅσον</span> <span class='ocrx_word' id='word_1_380' title='bbox 2372 3086 2521 3155; x_wconf 74' lang='grc' dir='ltr'>ὲξῆν,</span> <span class='ocrx_word' id='word_1_381' title='bbox 2562 3086 2905 3141; x_wconf 79' lang='grc' dir='ltr'>διετείνοντο.</span> <span class='ocrx_word' id='word_1_382' title='bbox 2938 3089 3002 3142; x_wconf 89' lang='lat'><strong>&#39;0</strong></span> <span class='ocrx_word' id='word_1_383' title='bbox 3044 3089 3102 3142; x_wconf 80' lang='grc' dir='ltr'><strong>δὲ</strong></span> <span class='ocrx_word' id='word_1_384' title='bbox 3148 3090 3373 3160; x_wconf 78' lang='grc' dir='ltr'><strong>Τίγριος</strong></span> <span class='ocrx_word' id='word_1_385' title='bbox 3415 3085 3575 3157; x_wconf 73' lang='grc' dir='ltr'>οὗτος</span> <span class='ocrx_word' id='word_1_386' title='bbox 3621 3094 3694 3147; x_wconf 70' lang='grc' dir='ltr'>τὸ</span> 
     </span>
    </p>
   </div>
   <div class='ocr_carea' id='block_1_60' title="bbox 410 3176 1989 3268">
    <p class='ocr_par' dir='ltr' id='par_1_60' title="bbox 410 3183 1984 3256">
     <span class='ocr_line' id='line_1_60' title="bbox 410 3183 1984 3256; baseline 0.004 -21"><span class='ocrx_word' id='word_1_387' title='bbox 410 3184 580 3239; x_wconf 72' lang='grc' dir='ltr'>ιιειτιιε</span> <span class='ocrx_word' id='word_1_388' title='bbox 612 3183 832 3252; x_wconf 83' lang='lat' dir='ltr'><strong>quidem</strong></span> <span class='ocrx_word' id='word_1_389' title='bbox 863 3193 918 3237; x_wconf 89' lang='lat' dir='ltr'><strong>ct</strong></span> <span class='ocrx_word' id='word_1_390' title='bbox 951 3183 1266 3247; x_wconf 81' lang='lat' dir='ltr'><strong>eunuchus,</strong></span> <span class='ocrx_word' id='word_1_391' title='bbox 1301 3201 1410 3239; x_wconf 91' lang='lat' dir='ltr'><strong>non</strong></span> <span class='ocrx_word' id='word_1_392' title='bbox 1435 3184 1506 3239; x_wconf 89' lang='lat' dir='ltr'><strong>ab</strong></span> <span class='ocrx_word' id='word_1_393' title='bbox 1535 3185 1649 3256; x_wconf 82' lang='lat' dir='ltr'><strong>ipsa</strong></span> <span class='ocrx_word' id='word_1_394' title='bbox 1681 3188 1984 3253; x_wconf 81' lang='lat' dir='ltr'><strong>nativitate,</strong></span> 
     </span>
    </p>
   </div>
   <div class='ocr_carea' id='block_1_61' title="bbox 2098 3176 3692 3268">
    <p class='ocr_par' dir='ltr' id='par_1_61' title="bbox 2098 3176 3692 3255">
     <span class='ocr_line' id='line_1_61' title="bbox 2098 3176 3692 3255; baseline 0.005 -24"><span class='ocrx_word' id='word_1_395' title='bbox 2098 3180 2196 3251; x_wconf 78' lang='grc' dir='ltr'>μὲν</span> <span class='ocrx_word' id='word_1_396' title='bbox 2237 3180 2395 3248; x_wconf 78' lang='grc' dir='ltr'>γένος</span> <span class='ocrx_word' id='word_1_397' title='bbox 2439 3181 2716 3251; x_wconf 77' lang='grc' dir='ltr'>βάρϐαρος</span> <span class='ocrx_word' id='word_1_398' title='bbox 2760 3176 2852 3253; x_wconf 81' lang='grc' dir='ltr'>ἦν,</span> <span class='ocrx_word' id='word_1_399' title='bbox 2900 3181 3154 3253; x_wconf 82' lang='grc' dir='ltr'>εὐνοῦχος</span> <span class='ocrx_word' id='word_1_400' title='bbox 3196 3184 3254 3236; x_wconf 76' lang='grc' dir='ltr'><strong>δὲ</strong></span> <span class='ocrx_word' id='word_1_401' title='bbox 3291 3184 3391 3237; x_wconf 87' lang='grc' dir='ltr'><strong>ούκ</strong></span> <span class='ocrx_word' id='word_1_402' title='bbox 3431 3186 3540 3237; x_wconf 77' lang='grc' dir='ltr'><strong>ἀπὸ</strong></span> <span class='ocrx_word' id='word_1_403' title='bbox 3580 3203 3692 3255; x_wconf 76' lang='grc' dir='ltr'><strong>γα-</strong></span> 
     </span>
    </p>
   </div>
   <div class='ocr_carea' id='block_1_62' title="bbox 410 3274 1986 3349">
    <p class='ocr_par' dir='ltr' id='par_1_62' title="bbox 410 3274 1986 3349">
     <span class='ocr_line' id='line_1_62' title="bbox 410 3274 1986 3349; baseline 0.003 -20"><span class='ocrx_word' id='word_1_404' title='bbox 410 3275 536 3330; x_wconf 84' lang='lat' dir='ltr'><strong>luit.</strong></span> <span class='ocrx_word' id='word_1_405' title='bbox 582 3275 649 3330; x_wconf 85' lang='lat' dir='ltr'><strong>Et</strong></span> <span class='ocrx_word' id='word_1_406' title='bbox 695 3276 956 3343; x_wconf 88' lang='lat' dir='ltr'><strong>quoniam</strong></span> <span class='ocrx_word' id='word_1_407' title='bbox 1007 3274 1061 3329; x_wconf 92' lang='lat' dir='ltr'><strong>in</strong></span> <span class='ocrx_word' id='word_1_408' title='bbox 1112 3276 1275 3330; x_wconf 88' lang='lat' dir='ltr'><strong>herili</strong></span> <span class='ocrx_word' id='word_1_409' title='bbox 1321 3276 1517 3343; x_wconf 89' lang='lat' dir='ltr'><strong>domo,</strong></span> <span class='ocrx_word' id='word_1_410' title='bbox 1577 3294 1675 3347; x_wconf 89' lang='lat' dir='ltr'><strong>pro</strong></span> <span class='ocrx_word' id='word_1_411' title='bbox 1720 3295 1787 3333; x_wconf 89' lang='lat' dir='ltr'><strong>eo</strong></span> <span class='ocrx_word' id='word_1_412' title='bbox 1821 3291 1986 3349; x_wconf 89' lang='lat' dir='ltr'><strong>atque</strong></span> 
     </span>
    </p>
   </div>
   <div class='ocr_carea' id='block_1_63' title="bbox 412 3368 1987 3441">
    <p class='ocr_par' dir='ltr' id='par_1_63' title="bbox 412 3368 1987 3441">
     <span class='ocr_line' id='line_1_63' title="bbox 412 3368 1987 3441; baseline 0.004 -21"><span class='ocrx_word' id='word_1_413' title='bbox 412 3369 627 3430; x_wconf 87' lang='lat' dir='ltr'><strong>debuit,</strong></span> <span class='ocrx_word' id='word_1_414' title='bbox 661 3368 983 3421; x_wconf 85' lang='lat' dir='ltr'><strong>servitutem</strong></span> <span class='ocrx_word' id='word_1_415' title='bbox 1015 3368 1229 3434; x_wconf 87' lang='lat' dir='ltr'><strong>serviit,</strong></span> <span class='ocrx_word' id='word_1_416' title='bbox 1267 3370 1665 3437; x_wconf 66' lang='lat' dir='ltr'><strong>praeclariorem</strong></span> <span class='ocrx_word' id='word_1_417' title='bbox 1701 3386 1860 3440; x_wconf 87' lang='lat' dir='ltr'><strong>quam</strong></span> <span class='ocrx_word' id='word_1_418' title='bbox 1889 3387 1987 3441; x_wconf 85' lang='lat' dir='ltr'><strong>pro</strong></span> 
     </span>
    </p>
   </div>
   <div class='ocr_carea' id='block_1_64' title="bbox 413 3460 1989 3536">
    <p class='ocr_par' dir='ltr' id='par_1_64' title="bbox 413 3460 1989 3536">
     <span class='ocr_line' id='line_1_64' title="bbox 413 3460 1989 3536; baseline 0.003 -21"><span class='ocrx_word' id='word_1_419' title='bbox 413 3462 558 3516; x_wconf 85' lang='lat' dir='ltr'><strong>servi</strong></span> <span class='ocrx_word' id='word_1_420' title='bbox 599 3472 762 3531; x_wconf 87' lang='lat' dir='ltr'><strong>captu</strong></span> <span class='ocrx_word' id='word_1_421' title='bbox 803 3460 1023 3515; x_wconf 83' lang='lat' dir='ltr'><strong>laudem</strong></span> <span class='ocrx_word' id='word_1_422' title='bbox 1064 3460 1169 3516; x_wconf 89' lang='lat' dir='ltr'><strong>sibi</strong></span> <span class='ocrx_word' id='word_1_423' title='bbox 1224 3463 1584 3531; x_wconf 73' lang='lat' dir='ltr'><strong>comparavit.</strong></span> <span class='ocrx_word' id='word_1_424' title='bbox 1638 3464 1989 3536; x_wconf 88' lang='lat' dir='ltr'><strong>Quapropter</strong></span> 
     </span>
    </p>
   </div>
   <div class='ocr_carea' id='block_1_65' title="bbox 412 3554 1989 3624">
    <p class='ocr_par' dir='ltr' id='par_1_65' title="bbox 412 3554 1989 3624">
     <span class='ocr_line' id='line_1_65' title="bbox 412 3554 1989 3624; baseline 0.001 -16"><span class='ocrx_word' id='word_1_425' title='bbox 412 3554 669 3609; x_wconf 76' lang='lat' dir='ltr'><strong>libertate</strong></span> <span class='ocrx_word' id='word_1_426' title='bbox 698 3554 953 3617; x_wconf 88' lang='lat' dir='ltr'><strong>donatus,</strong></span> <span class='ocrx_word' id='word_1_427' title='bbox 985 3562 1215 3624; x_wconf 89' lang='lat' dir='ltr'><strong>propter</strong></span> <span class='ocrx_word' id='word_1_428' title='bbox 1249 3569 1466 3609; x_wconf 88' lang='lat' dir='ltr'><strong>morum</strong></span> <span class='ocrx_word' id='word_1_429' title='bbox 1500 3555 1899 3612; x_wconf 70' lang='lat' dir='ltr'><strong>humanitatem</strong></span> <span class='ocrx_word' id='word_1_430' title='bbox 1935 3569 1989 3610; x_wconf 90' lang='lat' dir='ltr'><strong>et</strong></span> 
     </span>
    </p>
   </div>
   <div class='ocr_carea' id='block_1_66' title="bbox 414 3644 1990 3720">
    <p class='ocr_par' dir='ltr' id='par_1_66' title="bbox 414 3644 1990 3720">
     <span class='ocr_line' id='line_1_66' title="bbox 414 3644 1990 3720; baseline 0.003 -20"><span class='ocrx_word' id='word_1_431' title='bbox 414 3644 773 3707; x_wconf 85' lang='lat' dir='ltr'><strong>modestiam.</strong></span> <span class='ocrx_word' id='word_1_432' title='bbox 823 3644 999 3699; x_wconf 89' lang='lat' dir='ltr'><strong>multo</strong></span> <span class='ocrx_word' id='word_1_433' title='bbox 1052 3645 1433 3701; x_wconf 89' lang='lat' dir='ltr'><strong>intercedente</strong></span> <span class='ocrx_word' id='word_1_434' title='bbox 1475 3658 1724 3717; x_wconf 86' lang='lat' dir='ltr'><strong>tempore</strong></span> <span class='ocrx_word' id='word_1_435' title='bbox 1761 3649 1827 3703; x_wconf 88' lang='lat' dir='ltr'><strong>ad</strong></span> <span class='ocrx_word' id='word_1_436' title='bbox 1861 3667 1990 3720; x_wconf 82' lang='lat' dir='ltr'><strong>pre-</strong></span> 
     </span>
    </p>
   </div>
   <div class='ocr_carea' id='block_1_67' title="bbox 412 3736 1985 3812">
    <p class='ocr_par' dir='ltr' id='par_1_67' title="bbox 412 3736 1985 3812">
     <span class='ocr_line' id='line_1_67' title="bbox 412 3736 1985 3812; baseline 0.003 -20"><span class='ocrx_word' id='word_1_437' title='bbox 412 3736 622 3808; x_wconf 84' lang='lat' dir='ltr'><strong>sbyteri</strong></span> <span class='ocrx_word' id='word_1_438' title='bbox 652 3749 878 3791; x_wconf 88' lang='lat' dir='ltr'><strong>evectus</strong></span> <span class='ocrx_word' id='word_1_439' title='bbox 919 3745 1003 3792; x_wconf 85' lang='lat' dir='ltr'><strong>est</strong></span> <span class='ocrx_word' id='word_1_440' title='bbox 1041 3737 1389 3807; x_wconf 80' lang='lat' dir='ltr'><strong>dignitatem.</strong></span> <span class='ocrx_word' id='word_1_441' title='bbox 1438 3739 1567 3796; x_wconf 82' lang='lat' dir='ltr'><strong>Erat</strong></span> <span class='ocrx_word' id='word_1_442' title='bbox 1606 3757 1839 3812; x_wconf 82' lang='lat' dir='ltr'><strong>namque</strong></span> <span class='ocrx_word' id='word_1_443' title='bbox 1875 3758 1985 3797; x_wconf 88' lang='lat' dir='ltr'><strong>mo-</strong></span> 
     </span>
    </p>
   </div>
   <div class='ocr_carea' id='block_1_68' title="bbox 413 3827 1984 3903">
    <p class='ocr_par' dir='ltr' id='par_1_68' title="bbox 413 3827 1984 3903">
     <span class='ocr_line' id='line_1_68' title="bbox 413 3827 1984 3903; baseline 0.003 -21"><span class='ocrx_word' id='word_1_444' title='bbox 413 3830 643 3884; x_wconf 87' lang='lat' dir='ltr'><strong>deratus</strong></span> <span class='ocrx_word' id='word_1_445' title='bbox 689 3827 1011 3893; x_wconf 90' lang='lat' dir='ltr'><strong>admodum,</strong></span> <span class='ocrx_word' id='word_1_446' title='bbox 1053 3838 1110 3883; x_wconf 92' lang='lat' dir='ltr'><strong>et</strong></span> <span class='ocrx_word' id='word_1_447' title='bbox 1153 3830 1527 3898; x_wconf 60' lang='lat' dir='ltr'><strong>aequabilitate</strong></span> <span class='ocrx_word' id='word_1_448' title='bbox 1570 3833 1693 3886; x_wconf 60' lang='lat' dir='ltr'><strong>vitm</strong></span> <span class='ocrx_word' id='word_1_449' title='bbox 1738 3833 1984 3903; x_wconf 74' lang='lat' dir='ltr'><strong>insignis.</strong></span> 
     </span>
    </p>
   </div>
   <div class='ocr_carea' id='block_1_69' title="bbox 414 3920 1992 3995">
    <p class='ocr_par' dir='ltr' id='par_1_69' title="bbox 414 3920 1992 3995">
     <span class='ocr_line' id='line_1_69' title="bbox 414 3920 1992 3995; baseline 0.002 -19"><span class='ocrx_word' id='word_1_450' title='bbox 414 3921 556 3992; x_wconf 72' lang='lat' dir='ltr'><strong>Erga</strong></span> <span class='ocrx_word' id='word_1_451' title='bbox 597 3920 931 3992; x_wconf 78' lang='lat' dir='ltr'><strong>indigentes,</strong></span> <span class='ocrx_word' id='word_1_452' title='bbox 964 3922 1009 3977; x_wconf 89' lang='lat' dir='ltr'><strong>si</strong></span> <span class='ocrx_word' id='word_1_453' title='bbox 1048 3922 1174 3993; x_wconf 87' lang='lat' dir='ltr'><strong>quis</strong></span> <span class='ocrx_word' id='word_1_454' title='bbox 1212 3924 1374 3990; x_wconf 90' lang='lat' dir='ltr'><strong>alius,</strong></span> <span class='ocrx_word' id='word_1_455' title='bbox 1411 3935 1467 3979; x_wconf 90' lang='lat' dir='ltr'><strong>et</strong></span> <span class='ocrx_word' id='word_1_456' title='bbox 1500 3925 1613 3995; x_wconf 90' lang='lat' dir='ltr'><strong>ipse</strong></span> <span class='ocrx_word' id='word_1_457' title='bbox 1654 3927 1808 3981; x_wconf 78' lang='lat' dir='ltr'><strong>valde</strong></span> <span class='ocrx_word' id='word_1_458' title='bbox 1842 3942 1992 3982; x_wconf 88' lang='lat' dir='ltr'><strong>com-</strong></span> 
     </span>
    </p>
   </div>
   <div class='ocr_carea' id='block_1_70' title="bbox 415 4014 1987 4085">
    <p class='ocr_par' dir='ltr' id='par_1_70' title="bbox 415 4014 1987 4085">
     <span class='ocr_line' id='line_1_70' title="bbox 415 4014 1987 4085; baseline 0.003 -17"><span class='ocrx_word' id='word_1_459' title='bbox 415 4014 647 4077; x_wconf 84' lang='lat' dir='ltr'><strong>modus,</strong></span> <span class='ocrx_word' id='word_1_460' title='bbox 692 4023 749 4070; x_wconf 89' lang='lat' dir='ltr'><strong>et</strong></span> <span class='ocrx_word' id='word_1_461' title='bbox 796 4014 852 4068; x_wconf 92' lang='lat' dir='ltr'><strong>in</strong></span> <span class='ocrx_word' id='word_1_462' title='bbox 903 4014 1149 4084; x_wconf 86' lang='lat' dir='ltr'><strong>hospites</strong></span> <span class='ocrx_word' id='word_1_463' title='bbox 1195 4017 1290 4085; x_wconf 85' lang='lat' dir='ltr'><strong>qui</strong></span> <span class='ocrx_word' id='word_1_464' title='bbox 1340 4017 1407 4071; x_wconf 91' lang='lat' dir='ltr'><strong>ad</strong></span> <span class='ocrx_word' id='word_1_465' title='bbox 1447 4034 1573 4072; x_wconf 90' lang='lat' dir='ltr'><strong>eum</strong></span> <span class='ocrx_word' id='word_1_466' title='bbox 1608 4018 1987 4084; x_wconf 87' lang='lat' dir='ltr'><strong>divertissent,</strong></span> 
     </span>
    </p>
   </div>
   <div class='ocr_carea' id='block_1_71' title="bbox 412 4106 1992 4180">
    <p class='ocr_par' dir='ltr' id='par_1_71' title="bbox 412 4106 1992 4180">
     <span class='ocr_line' id='line_1_71' title="bbox 412 4106 1992 4180; baseline 0.002 -19"><span class='ocrx_word' id='word_1_467' title='bbox 412 4106 706 4177; x_wconf 79' lang='lat' dir='ltr'><strong>benignus.</strong></span> <span class='ocrx_word' id='word_1_468' title='bbox 737 4106 943 4163; x_wconf 89' lang='lat' dir='ltr'><strong>Deinde</strong></span> <span class='ocrx_word' id='word_1_469' title='bbox 970 4108 1272 4177; x_wconf 87' lang='lat' dir='ltr'><strong>Eutropius</strong></span> <span class='ocrx_word' id='word_1_470' title='bbox 1296 4109 1460 4164; x_wconf 88' lang='lat' dir='ltr'><strong>etiam</strong></span> <span class='ocrx_word' id='word_1_471' title='bbox 1485 4110 1661 4164; x_wconf 88' lang='lat' dir='ltr'><strong>lector</strong></span> <span class='ocrx_word' id='word_1_472' title='bbox 1683 4110 1992 4180; x_wconf 66' lang='lat' dir='ltr'><strong>produc-os</strong></span> 
     </span>
    </p>
   </div>
   <div class='ocr_carea' id='block_1_72' title="bbox 411 4184 1991 4268">
    <p class='ocr_par' dir='ltr' id='par_1_72' title="bbox 411 4184 1991 4268">
     <span class='ocr_line' id='line_1_72' title="bbox 411 4184 1991 4268; baseline 0.003 -16"><span class='ocrx_word' id='word_1_473' title='bbox 411 4208 517 4263; x_wconf 86' lang='lat' dir='ltr'><strong>est,</strong></span> <span class='ocrx_word' id='word_1_474' title='bbox 566 4212 690 4253; x_wconf 92' lang='lat' dir='ltr'><strong>cum</strong></span> <span class='ocrx_word' id='word_1_475' title='bbox 740 4198 900 4268; x_wconf 83' lang='lat' dir='ltr'><strong>quasi</strong></span> <span class='ocrx_word' id='word_1_476' title='bbox 954 4184 1328 4254; x_wconf 75' lang='lat' dir='ltr'><strong>incendiarius</strong></span> <span class='ocrx_word' id='word_1_477' title='bbox 1375 4215 1471 4268; x_wconf 87' lang='lat' dir='ltr'><strong>per</strong></span> <span class='ocrx_word' id='word_1_478' title='bbox 1518 4201 1729 4255; x_wconf 86' lang='lat' dir='ltr'><strong>indices</strong></span> <span class='ocrx_word' id='word_1_479' title='bbox 1776 4202 1991 4257; x_wconf 82' lang='lat' dir='ltr'><strong>delatus</strong></span> 
     </span>
    </p>
   </div>
   <div class='ocr_carea' id='block_1_73' title="bbox 412 4289 1989 4364">
    <p class='ocr_par' dir='ltr' id='par_1_73' title="bbox 412 4289 1989 4364">
     <span class='ocr_line' id='line_1_73' title="bbox 412 4289 1989 4364; baseline 0.003 -19"><span class='ocrx_word' id='word_1_480' title='bbox 412 4292 628 4346; x_wconf 81' lang='lat' dir='ltr'><strong>fuisset.</strong></span> <span class='ocrx_word' id='word_1_481' title='bbox 664 4289 731 4344; x_wconf 86' lang='lat' dir='ltr'><strong>Et</strong></span> <span class='ocrx_word' id='word_1_482' title='bbox 776 4291 1014 4359; x_wconf 90' lang='lat' dir='ltr'><strong>primum</strong></span> <span class='ocrx_word' id='word_1_483' title='bbox 1058 4291 1281 4360; x_wconf 88' lang='lat' dir='ltr'><strong>quidem</strong></span> <span class='ocrx_word' id='word_1_484' title='bbox 1327 4292 1470 4347; x_wconf 88' lang='lat' dir='ltr'><strong>boiis</strong></span> <span class='ocrx_word' id='word_1_485' title='bbox 1498 4292 1755 4349; x_wconf 80' lang='lat' dir='ltr'><strong>distentis</strong></span> <span class='ocrx_word' id='word_1_486' title='bbox 1788 4297 1989 4364; x_wconf 53' lang='lat' dir='ltr'><strong>saepius</strong></span> 
     </span>
    </p>
   </div>
   <div class='ocr_carea' id='block_1_74' title="bbox 414 4382 1988 4451">
    <p class='ocr_par' dir='ltr' id='par_1_74' title="bbox 414 4382 1988 4451">
     <span class='ocr_line' id='line_1_74' title="bbox 414 4382 1988 4451; baseline 0.004 -17"><span class='ocrx_word' id='word_1_487' title='bbox 414 4389 593 4436; x_wconf 87' lang='lat' dir='ltr'><strong>tortus</strong></span> <span class='ocrx_word' id='word_1_488' title='bbox 618 4389 725 4444; x_wconf 79' lang='lat' dir='ltr'><strong>est,</strong></span> <span class='ocrx_word' id='word_1_489' title='bbox 772 4390 962 4451; x_wconf 83' lang='lat' dir='ltr'><strong>postea</strong></span> <span class='ocrx_word' id='word_1_490' title='bbox 1008 4392 1189 4438; x_wconf 86' lang='lat' dir='ltr'><strong>autem</strong></span> <span class='ocrx_word' id='word_1_491' title='bbox 1224 4383 1271 4437; x_wconf 88' lang='lat' dir='ltr'><strong>ei</strong></span> <span class='ocrx_word' id='word_1_492' title='bbox 1315 4382 1552 4440; x_wconf 79' lang='lat' dir='ltr'><strong>fustibus</strong></span> <span class='ocrx_word' id='word_1_493' title='bbox 1582 4394 1637 4438; x_wconf 92' lang='lat' dir='ltr'><strong>et</strong></span> <span class='ocrx_word' id='word_1_494' title='bbox 1664 4385 1834 4441; x_wconf 85' lang='lat' dir='ltr'><strong>clavis</strong></span> <span class='ocrx_word' id='word_1_495' title='bbox 1866 4403 1988 4441; x_wconf 84' lang='lat' dir='ltr'><strong>ossa</strong></span> 
     </span>
    </p>
   </div>
   <div class='ocr_carea' id='block_1_75' title="bbox 413 4472 1992 4544">
    <p class='ocr_par' dir='ltr' id='par_1_75' title="bbox 413 4472 1992 4544">
     <span class='ocr_line' id='line_1_75' title="bbox 413 4472 1992 4544; baseline 0.006 -17"><span class='ocrx_word' id='word_1_496' title='bbox 413 4472 779 4537; x_wconf 88' lang='lat' dir='ltr'><strong>comminuta,</strong></span> <span class='ocrx_word' id='word_1_497' title='bbox 827 4474 1047 4544; x_wconf 76' lang='lat' dir='ltr'><strong>ungulis</strong></span> <span class='ocrx_word' id='word_1_498' title='bbox 1103 4475 1301 4529; x_wconf 86' lang='lat' dir='ltr'><strong>deinde</strong></span> <span class='ocrx_word' id='word_1_499' title='bbox 1354 4478 1633 4540; x_wconf 87' lang='lat' dir='ltr'><strong>membra.</strong></span> <span class='ocrx_word' id='word_1_500' title='bbox 1684 4480 1893 4544; x_wconf 87' lang='lat' dir='ltr'><strong>latera,</strong></span> <span class='ocrx_word' id='word_1_501' title='bbox 1935 4491 1992 4536; x_wconf 90' lang='lat' dir='ltr'><strong>et</strong></span> 
     </span>
    </p>
   </div>
   <div class='ocr_carea' id='block_1_76' title="bbox 2099 3269 3687 3346">
    <p class='ocr_par' dir='ltr' id='par_1_76' title="bbox 2099 3269 3687 3346">
     <span class='ocr_line' id='line_1_76' title="bbox 2099 3269 3687 3346; baseline 0.004 -24"><span class='ocrx_word' id='word_1_502' title='bbox 2099 3271 2298 3340; x_wconf 84' lang='grc' dir='ltr'>στρός·</span> <span class='ocrx_word' id='word_1_503' title='bbox 2354 3269 2551 3341; x_wconf 77' lang='grc' dir='ltr'>δυνατῇ</span> <span class='ocrx_word' id='word_1_504' title='bbox 2601 3271 2657 3324; x_wconf 70' lang='grc' dir='ltr'><strong>δὲ</strong></span> <span class='ocrx_word' id='word_1_505' title='bbox 2706 3273 2854 3343; x_wconf 72' lang='grc' dir='ltr'>οίκίᾳ</span> <span class='ocrx_word' id='word_1_506' title='bbox 2904 3272 3295 3340; x_wconf 80' lang='grc' dir='ltr'>δεδουλευκὼς,</span> <span class='ocrx_word' id='word_1_507' title='bbox 3342 3274 3417 3337; x_wconf 86' lang='grc' dir='ltr'><strong>ὡς</strong></span> <span class='ocrx_word' id='word_1_508' title='bbox 3470 3275 3687 3346; x_wconf 86' lang='grc' dir='ltr'>χρεὼν,</span> 
     </span>
    </p>
   </div>
   <div class='ocr_carea' id='block_1_77' title="bbox 2098 3361 3691 3435">
    <p class='ocr_par' dir='ltr' id='par_1_77' title="bbox 2098 3361 3691 3435">
     <span class='ocr_line' id='line_1_77' title="bbox 2098 3361 3691 3435; baseline 0.006 -24"><span class='ocrx_word' id='word_1_509' title='bbox 2098 3361 2373 3433; x_wconf 67' lang='grc' dir='ltr'>ἐπῃνέθη,</span> <span class='ocrx_word' id='word_1_510' title='bbox 2416 3363 2576 3428; x_wconf 79' lang='grc' dir='ltr'>δόξαν</span> <span class='ocrx_word' id='word_1_511' title='bbox 2615 3365 2674 3417; x_wconf 80' lang='grc' dir='ltr'><strong>ού</strong></span> <span class='ocrx_word' id='word_1_512' title='bbox 2721 3364 2863 3417; x_wconf 80' lang='grc' dir='ltr'>κατὰ</span> <span class='ocrx_word' id='word_1_513' title='bbox 2904 3363 3090 3418; x_wconf 79' lang='grc' dir='ltr'>δοῦλον</span> <span class='ocrx_word' id='word_1_514' title='bbox 3130 3367 3507 3435; x_wconf 79' lang='grc' dir='ltr'>κτησάμενος’</span> <span class='ocrx_word' id='word_1_515' title='bbox 3554 3367 3691 3422; x_wconf 77' lang='grc' dir='ltr'>ὅθεν</span> 
     </span>
    </p>
   </div>
   <div class='ocr_carea' id='block_1_78' title="bbox 2098 3456 3689 3531">
    <p class='ocr_par' dir='ltr' id='par_1_78' title="bbox 2098 3456 3689 3531">
     <span class='ocr_line' id='line_1_78' title="bbox 2098 3456 3689 3531; baseline 0.002 -22"><span class='ocrx_word' id='word_1_516' title='bbox 2098 3456 2383 3528; x_wconf 69' lang='grc' dir='ltr'>ἐλευθερία</span> <span class='ocrx_word' id='word_1_517' title='bbox 2416 3457 2695 3527; x_wconf 77' lang='grc' dir='ltr'>τιμηθεὶς,</span> <span class='ocrx_word' id='word_1_518' title='bbox 2730 3458 2807 3529; x_wconf 78' lang='grc' dir='ltr'><strong>τῷ</strong></span> <span class='ocrx_word' id='word_1_519' title='bbox 2841 3458 2936 3513; x_wconf 83' lang='grc' dir='ltr'><strong>τοῦ</strong></span> <span class='ocrx_word' id='word_1_520' title='bbox 2973 3459 3182 3530; x_wconf 84' lang='grc' dir='ltr'>τρόπου</span> <span class='ocrx_word' id='word_1_521' title='bbox 3217 3461 3458 3512; x_wconf 68' lang='grc' dir='ltr'>ἐπιεικεῖ</span> <span class='ocrx_word' id='word_1_522' title='bbox 3497 3460 3689 3531; x_wconf 84' lang='grc' dir='ltr'>πολλῷ</span> 
     </span>
    </p>
   </div>
   <div class='ocr_carea' id='block_1_79' title="bbox 2096 3538 3713 3622">
    <p class='ocr_par' dir='ltr' id='par_1_79' title="bbox 2096 3538 3713 3622">
     <span class='ocr_line' id='line_1_79' title="bbox 2096 3538 3713 3622; baseline 0.005 -22"><span class='ocrx_word' id='word_1_523' title='bbox 2096 3547 2175 3617; x_wconf 83' lang='grc' dir='ltr'>τῷ</span> <span class='ocrx_word' id='word_1_524' title='bbox 2199 3548 2354 3620; x_wconf 83' lang='grc' dir='ltr'>μέσῳ</span> <span class='ocrx_word' id='word_1_525' title='bbox 2375 3551 2553 3620; x_wconf 85' lang='grc' dir='ltr'>χρόνῳ</span> <span class='ocrx_word' id='word_1_526' title='bbox 2576 3550 2670 3604; x_wconf 77' lang='grc' dir='ltr'>καὶ</span> <span class='ocrx_word' id='word_1_527' title='bbox 2694 3552 2772 3613; x_wconf 86' lang='grc' dir='ltr'>εἰς</span> <span class='ocrx_word' id='word_1_528' title='bbox 2800 3551 3178 3622; x_wconf 82' lang='grc' dir='ltr'>πρεσϐυτέρου</span> <span class='ocrx_word' id='word_1_529' title='bbox 3204 3552 3476 3622; x_wconf 71' lang='grc' dir='ltr'>προῆλθεν</span> <span class='ocrx_word' id='word_1_530' title='bbox 3494 3538 3713 3616; x_wconf 42' lang='lat' dir='ltr'><strong>ait“:</strong></span> 
     </span>
    </p>
   </div>
   <div class='ocr_carea' id='block_1_80' title="bbox 2098 3636 3692 3717">
    <p class='ocr_par' dir='ltr' id='par_1_80' title="bbox 2098 3636 3692 3717">
     <span class='ocr_line' id='line_1_80' title="bbox 2098 3636 3692 3717; baseline 0.003 -23"><span class='ocrx_word' id='word_1_531' title='bbox 2098 3637 2208 3694; x_wconf 85' lang='grc' dir='ltr'>Ἦν</span> <span class='ocrx_word' id='word_1_532' title='bbox 2238 3642 2293 3694; x_wconf 78' lang='grc' dir='ltr'><strong>δὲ</strong></span> <span class='ocrx_word' id='word_1_533' title='bbox 2325 3641 2387 3694; x_wconf 75' lang='grc' dir='ltr'>τὸ</span> <span class='ocrx_word' id='word_1_534' title='bbox 2418 3636 2553 3712; x_wconf 81' lang='grc' dir='ltr'>ἦθος</span> <span class='ocrx_word' id='word_1_535' title='bbox 2590 3643 2812 3717; x_wconf 81' lang='grc' dir='ltr'>μέτριος</span> <span class='ocrx_word' id='word_1_536' title='bbox 2846 3644 2945 3697; x_wconf 79' lang='grc' dir='ltr'><strong>καὶ</strong></span> <span class='ocrx_word' id='word_1_537' title='bbox 2982 3643 3394 3706; x_wconf 76' lang='grc' dir='ltr'>ἐπιεικέστατος</span> <span class='ocrx_word' id='word_1_538' title='bbox 3421 3660 3437 3676; x_wconf 76' lang='grc' dir='ltr'><strong>ο</strong></span> <span class='ocrx_word' id='word_1_539' title='bbox 3470 3642 3594 3697; x_wconf 83' lang='grc' dir='ltr'>λίαν</span> <span class='ocrx_word' id='word_1_540' title='bbox 3622 3646 3692 3698; x_wconf 69' lang='grc' dir='ltr'><strong>δὲ</strong></span> 
     </span>
    </p>
   </div>
   <div class='ocr_carea' id='block_1_81' title="bbox 2098 3730 3689 3805">
    <p class='ocr_par' dir='ltr' id='par_1_81' title="bbox 2098 3730 3689 3805">
     <span class='ocr_line' id='line_1_81' title="bbox 2098 3730 3689 3805; baseline 0.001 -17"><span class='ocrx_word' id='word_1_541' title='bbox 2098 3734 2284 3799; x_wconf 77' lang='grc' dir='ltr'>δεξιῶς</span> <span class='ocrx_word' id='word_1_542' title='bbox 2318 3730 2431 3805; x_wconf 76' lang='grc' dir='ltr'>εἶχε</span> <span class='ocrx_word' id='word_1_543' title='bbox 2463 3735 2591 3805; x_wconf 74' lang='grc' dir='ltr'>περὶ</span> <span class='ocrx_word' id='word_1_544' title='bbox 2617 3738 2743 3797; x_wconf 69' lang='grc' dir='ltr'>τοὺς</span> <span class='ocrx_word' id='word_1_545' title='bbox 2774 3734 3066 3803; x_wconf 79' lang='grc' dir='ltr'>δεομένους</span> <span class='ocrx_word' id='word_1_546' title='bbox 3096 3735 3256 3804; x_wconf 76' lang='grc' dir='ltr'>εῐπτρ</span> <span class='ocrx_word' id='word_1_547' title='bbox 3283 3753 3365 3798; x_wconf 85' lang='grc' dir='ltr'><strong>τις</strong></span> <span class='ocrx_word' id='word_1_548' title='bbox 3393 3736 3490 3789; x_wconf 77' lang='grc' dir='ltr'><strong>καὶ</strong></span> <span class='ocrx_word' id='word_1_549' title='bbox 3520 3737 3577 3789; x_wconf 79' lang='grc' dir='ltr'><strong>εί</strong></span> <span class='ocrx_word' id='word_1_550' title='bbox 3597 3753 3689 3800; x_wconf 86' lang='grc' dir='ltr'><strong>τις</strong></span> 
     </span>
    </p>
   </div>
   <div class='ocr_carea' id='block_1_82' title="bbox 2100 3827 3688 3901">
    <p class='ocr_par' dir='ltr' id='par_1_82' title="bbox 2100 3827 3688 3901">
     <span class='ocr_line' id='line_1_82' title="bbox 2100 3827 3688 3901; baseline 0.002 -20"><span class='ocrx_word' id='word_1_551' title='bbox 2100 3828 2459 3897; x_wconf 77' lang='grc' dir='ltr'>ὲπιξενωθείη</span> <span class='ocrx_word' id='word_1_552' title='bbox 2504 3828 2675 3901; x_wconf 83' lang='grc' dir='ltr'>αύτῷ.</span> <span class='ocrx_word' id='word_1_553' title='bbox 2725 3829 2869 3899; x_wconf 74' lang='grc' dir='ltr'>Πρὸς</span> <span class='ocrx_word' id='word_1_554' title='bbox 2912 3827 2976 3899; x_wconf 77' lang='grc' dir='ltr'><strong>δὴ</strong></span> <span class='ocrx_word' id='word_1_555' title='bbox 3022 3828 3199 3899; x_wconf 85' lang='grc' dir='ltr'>τούτῳ</span> <span class='ocrx_word' id='word_1_556' title='bbox 3240 3830 3337 3883; x_wconf 73' lang='grc' dir='ltr'>καὶ</span> <span class='ocrx_word' id='word_1_557' title='bbox 3379 3830 3688 3901; x_wconf 76' lang='grc' dir='ltr'>Εὐτρόπιος</span> 
     </span>
    </p>
   </div>
   <div class='ocr_carea' id='block_1_83' title="bbox 2099 3918 3688 3991">
    <p class='ocr_par' dir='ltr' id='par_1_83' title="bbox 2099 3918 3688 3991">
     <span class='ocr_line' id='line_1_83' title="bbox 2099 3918 3688 3991; baseline 0.002 -18"><span class='ocrx_word' id='word_1_558' title='bbox 2099 3918 2460 3990; x_wconf 81' lang='grc' dir='ltr'>ἁναγνὼστης</span> <span class='ocrx_word' id='word_1_559' title='bbox 2497 3923 2770 3991; x_wconf 78' lang='grc' dir='ltr'>προήγετο</span> <span class='ocrx_word' id='word_1_560' title='bbox 2794 3958 2808 3982; x_wconf 89' lang='grc'><strong>,</strong></span> <span class='ocrx_word' id='word_1_561' title='bbox 2842 3922 3255 3990; x_wconf 75' lang='grc' dir='ltr'>καταμηνυθεὶς</span> <span class='ocrx_word' id='word_1_562' title='bbox 3290 3923 3583 3990; x_wconf 72' lang='grc' dir='ltr'>ὶπαφεῖναι</span> <span class='ocrx_word' id='word_1_563' title='bbox 3621 3925 3688 3976; x_wconf 74' lang='grc' dir='ltr'>τὸ</span> 
     </span>
    </p>
   </div>
   <div class='ocr_carea' id='block_1_84' title="bbox 2100 4009 3687 4083">
    <p class='ocr_par' dir='ltr' id='par_1_84' title="bbox 2100 4009 3687 4083">
     <span class='ocr_line' id='line_1_84' title="bbox 2100 4009 3687 4083; baseline 0.002 -21"><span class='ocrx_word' id='word_1_564' title='bbox 2100 4009 2234 4079; x_wconf 78' lang='grc' dir='ltr'>πῦρ.</span> <span class='ocrx_word' id='word_1_565' title='bbox 2285 4012 2396 4064; x_wconf 73' lang='grc' dir='ltr'><strong>Καὶ</strong></span> <span class='ocrx_word' id='word_1_566' title='bbox 2440 4010 2506 4080; x_wconf 81' lang='grc' dir='ltr'><strong>δὴ</strong></span> <span class='ocrx_word' id='word_1_567' title='bbox 2553 4012 2747 4079; x_wconf 84' lang='grc' dir='ltr'>πρῶτα</span> <span class='ocrx_word' id='word_1_568' title='bbox 2794 4011 2895 4082; x_wconf 71' lang='grc' dir='ltr'>μὲν</span> <span class='ocrx_word' id='word_1_569' title='bbox 2938 4012 3146 4083; x_wconf 83' lang='grc' dir='ltr'>βοείαις</span> <span class='ocrx_word' id='word_1_570' title='bbox 3189 4015 3687 4083; x_wconf 71' lang='grc' dir='ltr'>κατατεινομέαις</span> 
     </span>
    </p>
   </div>
   <div class='ocr_carea' id='block_1_85' title="bbox 2102 4103 3687 4179">
    <p class='ocr_par' dir='ltr' id='par_1_85' title="bbox 2102 4103 3687 4179">
     <span class='ocr_line' id='line_1_85' title="bbox 2102 4103 3687 4179; baseline 0.003 -23"><span class='ocrx_word' id='word_1_571' title='bbox 2102 4103 2361 4173; x_wconf 84' lang='grc' dir='ltr'>συχνάκις</span> <span class='ocrx_word' id='word_1_572' title='bbox 2401 4104 2658 4175; x_wconf 70' lang='grc' dir='ltr'>ᾐκίζετοο</span> <span class='ocrx_word' id='word_1_573' title='bbox 2701 4103 2897 4159; x_wconf 76' lang='grc' dir='ltr'>ἔπειτα</span> <span class='ocrx_word' id='word_1_574' title='bbox 2942 4105 3122 4171; x_wconf 79' lang='grc' dir='ltr'>ξύλοις</span> <span class='ocrx_word' id='word_1_575' title='bbox 3166 4109 3261 4159; x_wconf 81' lang='grc' dir='ltr'>καὶ</span> <span class='ocrx_word' id='word_1_576' title='bbox 3308 4106 3566 4179; x_wconf 77' lang='grc' dir='ltr'>ῥοπάλοις</span> <span class='ocrx_word' id='word_1_577' title='bbox 3609 4111 3687 4161; x_wconf 66' lang='grc' dir='ltr'>τὰ</span> 
     </span>
    </p>
   </div>
   <div class='ocr_carea' id='block_1_86' title="bbox 2099 4193 3685 4269">
    <p class='ocr_par' dir='ltr' id='par_1_86' title="bbox 2099 4193 3685 4269">
     <span class='ocr_line' id='line_1_86' title="bbox 2099 4193 3685 4269; baseline 0.003 -22"><span class='ocrx_word' id='word_1_578' title='bbox 2099 4195 2234 4249; x_wconf 77' lang='grc' dir='ltr'>ὀστᾶ</span> <span class='ocrx_word' id='word_1_579' title='bbox 2272 4195 2567 4249; x_wconf 77' lang='grc' dir='ltr'>συνεθλᾶτο</span> <span class='ocrx_word' id='word_1_580' title='bbox 2592 4212 2606 4226; x_wconf 88' lang='grc'><strong>·</strong></span> <span class='ocrx_word' id='word_1_581' title='bbox 2640 4193 2824 4261; x_wconf 75' lang='grc' dir='ltr'>ὄνυξιν</span> <span class='ocrx_word' id='word_1_582' title='bbox 2860 4196 2955 4250; x_wconf 77' lang='grc' dir='ltr'><strong>ἐπὶ</strong></span> <span class='ocrx_word' id='word_1_583' title='bbox 2987 4197 3201 4260; x_wconf 84' lang='grc' dir='ltr'>τούτοις</span> <span class='ocrx_word' id='word_1_584' title='bbox 3234 4197 3303 4250; x_wconf 77' lang='grc' dir='ltr'><strong>τά</strong></span> <span class='ocrx_word' id='word_1_585' title='bbox 3348 4198 3486 4269; x_wconf 80' lang='grc' dir='ltr'>μέλη</span> <span class='ocrx_word' id='word_1_586' title='bbox 3530 4197 3685 4263; x_wconf 78' lang='grc' dir='ltr'>ἐξαί-</span> 
     </span>
    </p>
   </div>
   <div class='ocr_carea' id='block_1_87' title="bbox 2101 4288 3687 4361">
    <p class='ocr_par' dir='ltr' id='par_1_87' title="bbox 2101 4288 3687 4361">
     <span class='ocr_line' id='line_1_87' title="bbox 2101 4288 3687 4361; baseline 0.003 -20"><span class='ocrx_word' id='word_1_587' title='bbox 2101 4306 2256 4353; x_wconf 89' lang='grc' dir='ltr'>νετο,</span> <span class='ocrx_word' id='word_1_588' title='bbox 2295 4288 2537 4359; x_wconf 67' lang='grc' dir='ltr'>πλευρὰς</span> <span class='ocrx_word' id='word_1_589' title='bbox 2570 4306 2631 4342; x_wconf 84' lang='grc' dir='ltr'><strong>τε</strong></span> <span class='ocrx_word' id='word_1_590' title='bbox 2668 4291 2761 4344; x_wconf 72' lang='grc' dir='ltr'>καὶ</span> <span class='ocrx_word' id='word_1_591' title='bbox 2798 4290 3029 4361; x_wconf 81' lang='grc' dir='ltr'>παρειάς</span> <span class='ocrx_word' id='word_1_592' title='bbox 3055 4306 3068 4320; x_wconf 82' lang='grc'><strong><em>⁸</em></strong></span> <span class='ocrx_word' id='word_1_593' title='bbox 3104 4290 3257 4353; x_wconf 81' lang='grc' dir='ltr'>τέλος</span> <span class='ocrx_word' id='word_1_594' title='bbox 3296 4290 3508 4359; x_wconf 79' lang='grc' dir='ltr'>πυρσδν</span> <span class='ocrx_word' id='word_1_595' title='bbox 3539 4294 3687 4346; x_wconf 65' lang='lat' dir='ltr'><strong>dva-</strong></span> 
     </span>
    </p>
   </div>
   <div class='ocr_carea' id='block_1_88' title="bbox 2103 4377 3682 4454">
    <p class='ocr_par' dir='ltr' id='par_1_88' title="bbox 2103 4377 3682 4454">
     <span class='ocr_line' id='line_1_88' title="bbox 2103 4377 3682 4454; baseline 0.003 -20"><span class='ocrx_word' id='word_1_596' title='bbox 2103 4381 2306 4451; x_wconf 78' lang='grc' dir='ltr'>φθέντα</span> <span class='ocrx_word' id='word_1_597' title='bbox 2339 4382 2586 4435; x_wconf 82' lang='grc' dir='ltr'>κάτωθεν</span> <span class='ocrx_word' id='word_1_598' title='bbox 2620 4382 2933 4451; x_wconf 82' lang='grc' dir='ltr'>ὑπεδέχετο.</span> <span class='ocrx_word' id='word_1_599' title='bbox 2970 4382 3059 4446; x_wconf 85' lang='grc' dir='ltr'>Ὦς</span> <span class='ocrx_word' id='word_1_600' title='bbox 3086 4383 3145 4437; x_wconf 71' lang='grc' dir='ltr'><strong>δὲ</strong></span> <span class='ocrx_word' id='word_1_601' title='bbox 3180 4383 3349 4454; x_wconf 82' lang='grc' dir='ltr'>μηδὲν</span> <span class='ocrx_word' id='word_1_602' title='bbox 3378 4377 3520 4438; x_wconf 80' lang='grc' dir='ltr'>εἶναι</span> <span class='ocrx_word' id='word_1_603' title='bbox 3549 4386 3682 4438; x_wconf 80' lang='grc' dir='ltr'><strong>διω-</strong></span> 
     </span>
    </p>
   </div>
   <div class='ocr_carea' id='block_1_89' title="bbox 2107 4475 3687 4550">
    <p class='ocr_par' dir='ltr' id='par_1_89' title="bbox 2107 4475 3687 4550">
     <span class='ocr_line' id='line_1_89' title="bbox 2107 4475 3687 4550; baseline 0.002 -23"><span class='ocrx_word' id='word_1_604' title='bbox 2107 4475 2363 4545; x_wconf 86' lang='grc' dir='ltr'>μολόγει,</span> <span class='ocrx_word' id='word_1_605' title='bbox 2406 4476 2547 4546; x_wconf 72' lang='grc' dir='ltr'>μετὰ</span> <span class='ocrx_word' id='word_1_606' title='bbox 2582 4479 2678 4540; x_wconf 75' lang='grc' dir='ltr'>τὰς</span> <span class='ocrx_word' id='word_1_607' title='bbox 2717 4479 3016 4547; x_wconf 84' lang='grc' dir='ltr'>είρημένας</span> <span class='ocrx_word' id='word_1_608' title='bbox 3054 4478 3325 4547; x_wconf 83' lang='grc' dir='ltr'>βασάνους</span> <span class='ocrx_word' id='word_1_609' title='bbox 3357 4480 3422 4549; x_wconf 83' lang='grc' dir='ltr'>τῇ</span> <span class='ocrx_word' id='word_1_610' title='bbox 3460 4481 3687 4550; x_wconf 71' lang='grc' dir='ltr'>φρουρᾷ</span> 
     </span>
    </p>
   </div>
   <div class='ocr_carea' id='block_1_90' title="bbox 413 4565 1989 4638">
    <p class='ocr_par' dir='ltr' id='par_1_90' title="bbox 413 4565 1989 4637">
     <span class='ocr_line' id='line_1_90' title="bbox 413 4565 1989 4637; baseline 0.007 -20"><span class='ocrx_word' id='word_1_611' title='bbox 413 4565 649 4619; x_wconf 69' lang='lat' dir='ltr'><strong>maxilla:</strong></span> <span class='ocrx_word' id='word_1_612' title='bbox 680 4566 933 4628; x_wconf 58' lang='lat' dir='ltr'><strong>concisas.</strong></span> <span class='ocrx_word' id='word_1_613' title='bbox 968 4577 1248 4637; x_wconf 87' lang='lat' dir='ltr'><strong>postremo</strong></span> <span class='ocrx_word' id='word_1_614' title='bbox 1278 4568 1551 4624; x_wconf 79' lang='lat' dir='ltr'><strong>llatnmam</strong></span> <span class='ocrx_word' id='word_1_615' title='bbox 1588 4588 1872 4627; x_wconf 88' lang='lat' dir='ltr'><strong>accensam</strong></span> <span class='ocrx_word' id='word_1_616' title='bbox 1907 4578 1989 4627; x_wconf 91' lang='lat' dir='ltr'><strong>in-</strong></span> 
     </span>
    </p>
   </div>
   <div class='ocr_carea' id='block_1_91' title="bbox 2098 4565 3685 4638">
    <p class='ocr_par' dir='ltr' id='par_1_91' title="bbox 2098 4567 3685 4638">
     <span class='ocr_line' id='line_1_91' title="bbox 2098 4567 3685 4638; baseline 0.001 -18"><span class='ocrx_word' id='word_1_617' title='bbox 2098 4567 2485 4632; x_wconf 84' lang='grc' dir='ltr'>κατεκλείετο,</span> <span class='ocrx_word' id='word_1_618' title='bbox 2523 4568 2619 4621; x_wconf 76' lang='grc' dir='ltr'><strong>καὶ</strong></span> <span class='ocrx_word' id='word_1_619' title='bbox 2652 4568 2826 4621; x_wconf 82' lang='grc' dir='ltr'>ταῦτα</span> <span class='ocrx_word' id='word_1_620' title='bbox 2860 4569 2979 4632; x_wconf 82' lang='grc' dir='ltr'>νέος</span> <span class='ocrx_word' id='word_1_621' title='bbox 3018 4571 3113 4623; x_wconf 73' lang='grc' dir='ltr'>καὶ</span> <span class='ocrx_word' id='word_1_622' title='bbox 3144 4569 3478 4638; x_wconf 81' lang='grc' dir='ltr'>ἁπαλόχρως</span> <span class='ocrx_word' id='word_1_623' title='bbox 3515 4571 3685 4638; x_wconf 77' lang='grc' dir='ltr'>μάλιο</span> 
     </span>
    </p>
   </div>
   <div class='ocr_carea' id='block_1_92' title="bbox 412 4654 1985 4734">
    <p class='ocr_par' dir='ltr' id='par_1_92' title="bbox 412 4654 1985 4734">
     <span class='ocr_line' id='line_1_92' title="bbox 412 4654 1985 4734; baseline 0.006 -25"><span class='ocrx_word' id='word_1_624' title='bbox 412 4654 630 4711; x_wconf 82' lang='lat' dir='ltr'><strong>ferioris</strong></span> <span class='ocrx_word' id='word_1_625' title='bbox 682 4657 933 4724; x_wconf 87' lang='lat' dir='ltr'><strong>corporis</strong></span> <span class='ocrx_word' id='word_1_626' title='bbox 974 4658 1228 4727; x_wconf 88' lang='lat' dir='ltr'><strong>partibus</strong></span> <span class='ocrx_word' id='word_1_627' title='bbox 1275 4662 1322 4714; x_wconf 91' lang='lat' dir='ltr'><strong>is</strong></span> <span class='ocrx_word' id='word_1_628' title='bbox 1373 4662 1609 4729; x_wconf 82' lang='lat' dir='ltr'><strong>excepit.</strong></span> <span class='ocrx_word' id='word_1_629' title='bbox 1665 4664 1843 4734; x_wconf 88' lang='lat' dir='ltr'><strong>Atque</strong></span> <span class='ocrx_word' id='word_1_630' title='bbox 1893 4665 1985 4719; x_wconf 92' lang='lat' dir='ltr'><strong>ubi</strong></span> 
     </span>
    </p>
   </div>
   <div class='ocr_carea' id='block_1_93' title="bbox 411 4748 1987 4823">
    <p class='ocr_par' dir='ltr' id='par_1_93' title="bbox 411 4748 1987 4823">
     <span class='ocr_line' id='line_1_93' title="bbox 411 4748 1987 4823; baseline 0.005 -21"><span class='ocrx_word' id='word_1_631' title='bbox 411 4748 551 4802; x_wconf 87' lang='lat' dir='ltr'><strong>nihil</strong></span> <span class='ocrx_word' id='word_1_632' title='bbox 600 4757 683 4801; x_wconf 90' lang='lat' dir='ltr'><strong>est</strong></span> <span class='ocrx_word' id='word_1_633' title='bbox 710 4748 1025 4813; x_wconf 80' lang='lat' dir='ltr'><strong>confessus,</strong></span> <span class='ocrx_word' id='word_1_634' title='bbox 1068 4761 1185 4817; x_wconf 87' lang='lat' dir='ltr'><strong>post</strong></span> <span class='ocrx_word' id='word_1_635' title='bbox 1219 4765 1316 4807; x_wconf 87' lang='lat' dir='ltr'><strong>eos</strong></span> <span class='ocrx_word' id='word_1_636' title='bbox 1362 4754 1455 4823; x_wconf 87' lang='lat' dir='ltr'><strong>qui</strong></span> <span class='ocrx_word' id='word_1_637' title='bbox 1509 4754 1639 4808; x_wconf 90' lang='lat' dir='ltr'><strong>dicti</strong></span> <span class='ocrx_word' id='word_1_638' title='bbox 1682 4768 1812 4810; x_wconf 80' lang='lat' dir='ltr'><strong>sunt</strong></span> <span class='ocrx_word' id='word_1_639' title='bbox 1860 4773 1987 4811; x_wconf 87' lang='lat' dir='ltr'><strong>eru-</strong></span> 
     </span>
    </p>
   </div>
   <div class='ocr_carea' id='block_1_94' title="bbox 410 4840 1991 4916">
    <p class='ocr_par' dir='ltr' id='par_1_94' title="bbox 410 4840 1991 4916">
     <span class='ocr_line' id='line_1_94' title="bbox 410 4840 1991 4916; baseline 0.005 -20"><span class='ocrx_word' id='word_1_640' title='bbox 410 4842 586 4896; x_wconf 87' lang='lat' dir='ltr'><strong>ciatus</strong></span> <span class='ocrx_word' id='word_1_641' title='bbox 614 4842 875 4895; x_wconf 66' lang='lat' dir='ltr'><strong>custodiae</strong></span> <span class='ocrx_word' id='word_1_642' title='bbox 900 4840 1152 4898; x_wconf 88' lang='lat' dir='ltr'><strong>inclusus</strong></span> <span class='ocrx_word' id='word_1_643' title='bbox 1181 4853 1284 4909; x_wconf 90' lang='lat' dir='ltr'><strong>est,</strong></span> <span class='ocrx_word' id='word_1_644' title='bbox 1310 4860 1435 4899; x_wconf 89' lang='lat' dir='ltr'><strong>cum</strong></span> <span class='ocrx_word' id='word_1_645' title='bbox 1463 4846 1683 4916; x_wconf 85' lang='lat' dir='ltr'><strong>juvenis</strong></span> <span class='ocrx_word' id='word_1_646' title='bbox 1708 4859 1761 4903; x_wconf 89' lang='lat' dir='ltr'><strong>et</strong></span> <span class='ocrx_word' id='word_1_647' title='bbox 1796 4860 1991 4904; x_wconf 90' lang='lat' dir='ltr'><strong>tenero</strong></span> 
     </span>
    </p>
   </div>
   <div class='ocr_carea' id='block_1_95' title="bbox 411 4932 1992 5008">
    <p class='ocr_par' dir='ltr' id='par_1_95' title="bbox 411 4932 1992 5008">
     <span class='ocr_line' id='line_1_95' title="bbox 411 4932 1992 5008; baseline 0.004 -24"><span class='ocrx_word' id='word_1_648' title='bbox 411 4932 647 4986; x_wconf 76' lang='lat' dir='ltr'><strong>maxime</strong></span> <span class='ocrx_word' id='word_1_649' title='bbox 682 4947 913 5002; x_wconf 83' lang='lat' dir='ltr'><strong>corpore</strong></span> <span class='ocrx_word' id='word_1_650' title='bbox 947 4943 1113 4988; x_wconf 89' lang='lat' dir='ltr'><strong>esset.</strong></span> <span class='ocrx_word' id='word_1_651' title='bbox 1149 4932 1251 4988; x_wconf 85' lang='lat' dir='ltr'><strong>Ubi</strong></span> <span class='ocrx_word' id='word_1_652' title='bbox 1285 4936 1452 4988; x_wconf 87' lang='lat' dir='ltr'><strong>etiam</strong></span> <span class='ocrx_word' id='word_1_653' title='bbox 1489 4939 1762 5006; x_wconf 86' lang='lat' dir='ltr'><strong>correptis</strong></span> <span class='ocrx_word' id='word_1_654' title='bbox 1802 4950 1992 5008; x_wconf 83' lang='lat' dir='ltr'><strong>putre-</strong></span> 
     </span>
    </p>
   </div>
   <div class='ocr_carea' id='block_1_96' title="bbox 410 5024 1992 5085">
    <p class='ocr_par' dir='ltr' id='par_1_96' title="bbox 410 5024 1992 5085">
     <span class='ocr_line' id='line_1_96' title="bbox 410 5024 1992 5085; baseline 0.004 -7"><span class='ocrx_word' id='word_1_655' title='bbox 410 5026 541 5079; x_wconf 89' lang='lat' dir='ltr'><strong>dine</strong></span> <span class='ocrx_word' id='word_1_656' title='bbox 566 5024 855 5085; x_wconf 88' lang='lat' dir='ltr'><strong>membris.</strong></span> <span class='ocrx_word' id='word_1_657' title='bbox 891 5024 1046 5079; x_wconf 86' lang='lat' dir='ltr'><strong>brevi</strong></span> <span class='ocrx_word' id='word_1_658' title='bbox 1076 5025 1242 5079; x_wconf 85' lang='lat' dir='ltr'><strong>vitam</strong></span> <span class='ocrx_word' id='word_1_659' title='bbox 1274 5026 1435 5081; x_wconf 90' lang='lat' dir='ltr'><strong>llniit.</strong></span> <span class='ocrx_word' id='word_1_660' title='bbox 1468 5027 1669 5083; x_wconf 85' lang='lat' dir='ltr'><strong>Verum</strong></span> <span class='ocrx_word' id='word_1_661' title='bbox 1701 5031 1992 5084; x_wconf 85' lang='lat' dir='ltr'><strong>enimvero</strong></span> 
     </span>
    </p>
   </div>
   <div class='ocr_carea' id='block_1_97' title="bbox 410 5116 1991 5192">
    <p class='ocr_par' dir='ltr' id='par_1_97' title="bbox 410 5116 1991 5192">
     <span class='ocr_line' id='line_1_97' title="bbox 410 5116 1991 5192; baseline 0.003 -20"><span class='ocrx_word' id='word_1_662' title='bbox 410 5134 574 5190; x_wconf 78' lang='lat' dir='ltr'><strong>grave</strong></span> <span class='ocrx_word' id='word_1_663' title='bbox 614 5117 751 5172; x_wconf 89' lang='lat' dir='ltr'><strong>mihi</strong></span> <span class='ocrx_word' id='word_1_664' title='bbox 787 5133 896 5173; x_wconf 86' lang='lat' dir='ltr'><strong>non</strong></span> <span class='ocrx_word' id='word_1_665' title='bbox 933 5116 1123 5184; x_wconf 84' lang='lat' dir='ltr'><strong>luerit,</strong></span> <span class='ocrx_word' id='word_1_666' title='bbox 1158 5119 1435 5173; x_wconf 89' lang='lat' dir='ltr'><strong>somnium</strong></span> <span class='ocrx_word' id='word_1_667' title='bbox 1471 5136 1692 5191; x_wconf 85' lang='lat' dir='ltr'><strong>quoque</strong></span> <span class='ocrx_word' id='word_1_668' title='bbox 1726 5123 1874 5192; x_wconf 87' lang='lat' dir='ltr'><strong>quod</strong></span> <span class='ocrx_word' id='word_1_669' title='bbox 1923 5124 1991 5177; x_wconf 88' lang='lat' dir='ltr'><strong>de</strong></span> 
     </span>
    </p>
   </div>
   <div class='ocr_carea' id='block_1_98' title="bbox 410 5208 1990 5281">
    <p class='ocr_par' dir='ltr' id='par_1_98' title="bbox 410 5208 1990 5281">
     <span class='ocr_line' id='line_1_98' title="bbox 410 5208 1990 5281; baseline 0.002 -17"><span class='ocrx_word' id='word_1_670' title='bbox 410 5226 476 5264; x_wconf 89' lang='lat' dir='ltr'><strong>eo</strong></span> <span class='ocrx_word' id='word_1_671' title='bbox 503 5208 724 5277; x_wconf 90' lang='lat' dir='ltr'><strong>accidit,</strong></span> <span class='ocrx_word' id='word_1_672' title='bbox 760 5208 1009 5264; x_wconf 69' lang='lat' dir='ltr'><strong>historiae</strong></span> <span class='ocrx_word' id='word_1_673' title='bbox 1044 5209 1175 5263; x_wconf 89' lang='lat' dir='ltr'><strong>huic</strong></span> <span class='ocrx_word' id='word_1_674' title='bbox 1206 5218 1473 5265; x_wconf 78' lang='lat' dir='ltr'><strong>attexere.</strong></span> <span class='ocrx_word' id='word_1_675' title='bbox 1509 5210 1714 5266; x_wconf 86' lang='lat' dir='ltr'><strong>Sisinio</strong></span> <span class='ocrx_word' id='word_1_676' title='bbox 1751 5227 1990 5281; x_wconf 89' lang='lat' dir='ltr'><strong>namque</strong></span> 
     </span>
    </p>
   </div>
   <div class='ocr_carea' id='block_1_99' title="bbox 410 5302 1990 5374">
    <p class='ocr_par' dir='ltr' id='par_1_99' title="bbox 410 5302 1990 5374">
     <span class='ocr_line' id='line_1_99' title="bbox 410 5302 1990 5374; baseline 0.002 -19"><span class='ocrx_word' id='word_1_677' title='bbox 410 5307 668 5374; x_wconf 76' lang='lat' dir='ltr'><strong>episcOpo</strong></span> <span class='ocrx_word' id='word_1_678' title='bbox 702 5302 1005 5359; x_wconf 89' lang='lat' dir='ltr'><strong>dormienti</strong></span> <span class='ocrx_word' id='word_1_679' title='bbox 1037 5303 1297 5358; x_wconf 82' lang='lat' dir='ltr'><strong>assistere</strong></span> <span class='ocrx_word' id='word_1_680' title='bbox 1358 5304 1509 5358; x_wconf 88' lang='lat' dir='ltr'><strong>visus</strong></span> <span class='ocrx_word' id='word_1_681' title='bbox 1535 5312 1619 5358; x_wconf 88' lang='lat' dir='ltr'><strong>est</strong></span> <span class='ocrx_word' id='word_1_682' title='bbox 1647 5305 1732 5357; x_wconf 91' lang='lat' dir='ltr'><strong>vir</strong></span> <span class='ocrx_word' id='word_1_683' title='bbox 1766 5305 1990 5373; x_wconf 83' lang='lat' dir='ltr'><strong>quidam</strong></span> 
     </span>
    </p>
   </div>
   <div class='ocr_carea' id='block_1_100' title="bbox 410 5394 1991 5465">
    <p class='ocr_par' dir='ltr' id='par_1_100' title="bbox 410 5394 1991 5465">
     <span class='ocr_line' id='line_1_100' title="bbox 410 5394 1991 5465; baseline 0.001 -15"><span class='ocrx_word' id='word_1_684' title='bbox 410 5397 586 5450; x_wconf 77' lang='lat' dir='ltr'><strong>forma</strong></span> <span class='ocrx_word' id='word_1_685' title='bbox 616 5404 674 5449; x_wconf 89' lang='lat' dir='ltr'><strong>et</strong></span> <span class='ocrx_word' id='word_1_686' title='bbox 705 5396 1040 5465; x_wconf 87' lang='lat' dir='ltr'><strong>proceritate</strong></span> <span class='ocrx_word' id='word_1_687' title='bbox 1072 5394 1295 5458; x_wconf 88' lang='lat' dir='ltr'><strong>illustri,</strong></span> <span class='ocrx_word' id='word_1_688' title='bbox 1334 5396 1524 5450; x_wconf 85' lang='lat' dir='ltr'><strong>habitu</strong></span> <span class='ocrx_word' id='word_1_689' title='bbox 1560 5396 1723 5449; x_wconf 83' lang='lat' dir='ltr'><strong>etiam</strong></span> <span class='ocrx_word' id='word_1_690' title='bbox 1756 5397 1991 5451; x_wconf 87' lang='lat' dir='ltr'><strong>honesto</strong></span> 
     </span>
    </p>
   </div>
   <div class='ocr_carea' id='block_1_101' title="bbox 411 5486 1987 5558">
    <p class='ocr_par' dir='ltr' id='par_1_101' title="bbox 411 5486 1987 5558">
     <span class='ocr_line' id='line_1_101' title="bbox 411 5486 1987 5558; baseline 0 -17"><span class='ocrx_word' id='word_1_691' title='bbox 411 5499 467 5541; x_wconf 89' lang='lat' dir='ltr'><strong>et</strong></span> <span class='ocrx_word' id='word_1_692' title='bbox 496 5487 684 5558; x_wconf 75' lang='lat' dir='ltr'><strong>gravi,</strong></span> <span class='ocrx_word' id='word_1_693' title='bbox 719 5486 785 5540; x_wconf 91' lang='lat' dir='ltr'><strong>ad</strong></span> <span class='ocrx_word' id='word_1_694' title='bbox 821 5495 1066 5542; x_wconf 87' lang='lat' dir='ltr'><strong>sanctam</strong></span> <span class='ocrx_word' id='word_1_695' title='bbox 1103 5487 1361 5542; x_wconf 82' lang='lat' dir='ltr'><strong>sacriﬁcii</strong></span> <span class='ocrx_word' id='word_1_696' title='bbox 1394 5503 1581 5552; x_wconf 87' lang='lat' dir='ltr'><strong>aram,</strong></span> <span class='ocrx_word' id='word_1_697' title='bbox 1618 5487 1805 5555; x_wconf 90' lang='lat' dir='ltr'><strong>templi</strong></span> <span class='ocrx_word' id='word_1_698' title='bbox 1839 5488 1987 5556; x_wconf 90' lang='lat' dir='ltr'><strong>quod</strong></span> 
     </span>
    </p>
   </div>
   <div class='ocr_carea' id='block_1_102' title="bbox 413 5578 1994 5649">
    <p class='ocr_par' dir='ltr' id='par_1_102' title="bbox 413 5578 1994 5649">
     <span class='ocr_line' id='line_1_102' title="bbox 413 5578 1994 5649; baseline 0 -17"><span class='ocrx_word' id='word_1_699' title='bbox 413 5578 693 5647; x_wconf 86' lang='lat' dir='ltr'><strong>Stephano</strong></span> <span class='ocrx_word' id='word_1_700' title='bbox 719 5580 1108 5649; x_wconf 80' lang='lat' dir='ltr'><strong>protomartyri</strong></span> <span class='ocrx_word' id='word_1_701' title='bbox 1138 5579 1384 5634; x_wconf 89' lang='lat' dir='ltr'><strong>dicatum</strong></span> <span class='ocrx_word' id='word_1_702' title='bbox 1406 5589 1511 5633; x_wconf 87' lang='lat' dir='ltr'><strong>est.</strong></span> <span class='ocrx_word' id='word_1_703' title='bbox 1538 5578 1703 5649; x_wconf 66' lang='grc'><strong>400</strong></span> <span class='ocrx_word' id='word_1_704' title='bbox 1729 5578 1994 5634; x_wconf 86' lang='lat' dir='ltr'><strong>Conster-</strong></span> 
     </span>
    </p>
   </div>
   <div class='ocr_carea' id='block_1_103' title="bbox 413 5671 1991 5743">
    <p class='ocr_par' dir='ltr' id='par_1_103' title="bbox 413 5671 1991 5743">
     <span class='ocr_line' id='line_1_103' title="bbox 413 5671 1991 5743; baseline 0 -17"><span class='ocrx_word' id='word_1_705' title='bbox 413 5683 538 5727; x_wconf 86' lang='lat' dir='ltr'><strong>nata</strong></span> <span class='ocrx_word' id='word_1_706' title='bbox 570 5686 703 5726; x_wconf 88' lang='lat' dir='ltr'><strong>vero</strong></span> <span class='ocrx_word' id='word_1_707' title='bbox 740 5671 1110 5728; x_wconf 84' lang='lat' dir='ltr'><strong>admiratione</strong></span> <span class='ocrx_word' id='word_1_708' title='bbox 1158 5681 1339 5727; x_wconf 84' lang='lat' dir='ltr'><strong>mente</strong></span> <span class='ocrx_word' id='word_1_709' title='bbox 1370 5688 1498 5727; x_wconf 85' lang='lat' dir='ltr'><strong>eum</strong></span> <span class='ocrx_word' id='word_1_710' title='bbox 1546 5687 1668 5727; x_wconf 89' lang='lat' dir='ltr'><strong>esse</strong></span> <span class='ocrx_word' id='word_1_711' title='bbox 1712 5675 1991 5743; x_wconf 86' lang='lat' dir='ltr'><strong>apparuit,</strong></span> 
     </span>
    </p>
   </div>
   <div class='ocr_carea' id='block_1_104' title="bbox 414 5764 1997 5836">
    <p class='ocr_par' dir='ltr' id='par_1_104' title="bbox 414 5764 1997 5836">
     <span class='ocr_line' id='line_1_104' title="bbox 414 5764 1997 5836; baseline 0.004 -22"><span class='ocrx_word' id='word_1_712' title='bbox 414 5764 559 5835; x_wconf 74' lang='lat' dir='ltr'><strong>quod</strong></span> <span class='ocrx_word' id='word_1_713' title='bbox 609 5766 758 5820; x_wconf 83' lang='lat' dir='ltr'><strong>viros</strong></span> <span class='ocrx_word' id='word_1_714' title='bbox 804 5764 979 5819; x_wconf 87' lang='lat' dir='ltr'><strong>bonos</strong></span> <span class='ocrx_word' id='word_1_715' title='bbox 1013 5780 1121 5820; x_wconf 90' lang='lat' dir='ltr'><strong>non</strong></span> <span class='ocrx_word' id='word_1_716' title='bbox 1166 5766 1463 5827; x_wconf 87' lang='lat' dir='ltr'><strong>invenerit,</strong></span> <span class='ocrx_word' id='word_1_717' title='bbox 1498 5765 1658 5835; x_wconf 77' lang='lat' dir='ltr'><strong>cujus</strong></span> <span class='ocrx_word' id='word_1_718' title='bbox 1698 5767 1776 5818; x_wconf 85' lang='lat' dir='ltr'><strong>rei</strong></span> <span class='ocrx_word' id='word_1_719' title='bbox 1824 5767 1997 5836; x_wconf 70' lang='lat' dir='ltr'><strong>gratia</strong></span> 
     </span>
    </p>
   </div>
   <div class='ocr_carea' id='block_1_105' title="bbox 420 5855 1994 5927">
    <p class='ocr_par' dir='ltr' id='par_1_105' title="bbox 420 5855 1994 5927">
     <span class='ocr_line' id='line_1_105' title="bbox 420 5855 1994 5927; baseline 0.001 -17"><span class='ocrx_word' id='word_1_720' title='bbox 420 5867 585 5912; x_wconf 83' lang='lat' dir='ltr'><strong>to.am</strong></span> <span class='ocrx_word' id='word_1_721' title='bbox 632 5855 1100 5926; x_wconf 71' lang='lat' dir='ltr'><strong>pcrambularerit</strong></span> <span class='ocrx_word' id='word_1_722' title='bbox 1148 5858 1387 5912; x_wconf 90' lang='lat' dir='ltr'><strong>urbem:</strong></span> <span class='ocrx_word' id='word_1_723' title='bbox 1438 5868 1491 5912; x_wconf 89' lang='lat' dir='ltr'><strong>et</strong></span> <span class='ocrx_word' id='word_1_724' title='bbox 1538 5857 1683 5927; x_wconf 80' lang='lat' dir='ltr'><strong>quod</strong></span> <span class='ocrx_word' id='word_1_725' title='bbox 1741 5858 1795 5912; x_wconf 90' lang='lat' dir='ltr'><strong>in</strong></span> <span class='ocrx_word' id='word_1_726' title='bbox 1845 5868 1994 5912; x_wconf 85' lang='lat' dir='ltr'><strong>tanta</strong></span> 
     </span>
    </p>
   </div>
   <div class='ocr_carea' id='block_1_106' title="bbox 2096 4660 3677 4733">
    <p class='ocr_par' dir='ltr' id='par_1_106' title="bbox 2096 4660 3677 4733">
     <span class='ocr_line' id='line_1_106' title="bbox 2096 4660 3677 4733; baseline 0.002 -21"><span class='ocrx_word' id='word_1_727' title='bbox 2096 4678 2195 4713; x_wconf 90' lang='grc' dir='ltr'><strong>στα</strong></span> <span class='ocrx_word' id='word_1_728' title='bbox 2238 4660 2333 4716; x_wconf 77' lang='grc' dir='ltr'><strong>ὢν.</strong></span> <span class='ocrx_word' id='word_1_729' title='bbox 2364 4662 2540 4715; x_wconf 87' lang='grc' dir='ltr'>Ὅπου</span> <span class='ocrx_word' id='word_1_730' title='bbox 2582 4661 2648 4733; x_wconf 78' lang='grc' dir='ltr'><strong>δὴ</strong></span> <span class='ocrx_word' id='word_1_731' title='bbox 2697 4662 3090 4714; x_wconf 84' lang='grc' dir='ltr'>συσσαπέντων</span> <span class='ocrx_word' id='word_1_732' title='bbox 3132 4660 3283 4732; x_wconf 77' lang='grc' dir='ltr'>αὐτῷ</span> <span class='ocrx_word' id='word_1_733' title='bbox 3320 4662 3431 4713; x_wconf 88' lang='grc' dir='ltr'><strong>τῶν</strong></span> <span class='ocrx_word' id='word_1_734' title='bbox 3472 4662 3677 4729; x_wconf 83' lang='grc' dir='ltr'>μελῶν,</span> 
     </span>
    </p>
   </div>
   <div class='ocr_carea' id='block_1_107' title="bbox 2094 4752 3680 4824">
    <p class='ocr_par' dir='ltr' id='par_1_107' title="bbox 2094 4752 3680 4824">
     <span class='ocr_line' id='line_1_107' title="bbox 2094 4752 3680 4824; baseline -0.001 -16"><span class='ocrx_word' id='word_1_735' title='bbox 2094 4754 2308 4808; x_wconf 84' lang='grc' dir='ltr'>ἀπεϐίω</span> <span class='ocrx_word' id='word_1_736' title='bbox 2358 4755 2497 4823; x_wconf 78' lang='grc' dir='ltr'>μετὰ</span> <span class='ocrx_word' id='word_1_737' title='bbox 2548 4753 2747 4824; x_wconf 87' lang='grc' dir='ltr'>βραχύ.</span> <span class='ocrx_word' id='word_1_738' title='bbox 2788 4752 2930 4821; x_wconf 84' lang='grc' dir='ltr'><strong>Ἐγὼ</strong></span> <span class='ocrx_word' id='word_1_739' title='bbox 2978 4754 3022 4806; x_wconf 87' lang='grc' dir='ltr'><strong>δ’</strong></span> <span class='ocrx_word' id='word_1_740' title='bbox 3051 4754 3153 4806; x_wconf 86' lang='grc' dir='ltr'><strong>ούκ</strong></span> <span class='ocrx_word' id='word_1_741' title='bbox 3204 4754 3426 4823; x_wconf 82' lang='grc' dir='ltr'>ὀκνήσω</span> <span class='ocrx_word' id='word_1_742' title='bbox 3477 4754 3575 4807; x_wconf 70' lang='grc' dir='ltr'><strong>καλ⁸</strong></span> <span class='ocrx_word' id='word_1_743' title='bbox 3618 4755 3680 4806; x_wconf 78' lang='grc' dir='ltr'><strong>τὸ</strong></span> 
     </span>
    </p>
   </div>
   <div class='ocr_carea' id='block_1_108' title="bbox 2097 4845 3675 4916">
    <p class='ocr_par' dir='ltr' id='par_1_108' title="bbox 2097 4845 3675 4916">
     <span class='ocr_line' id='line_1_108' title="bbox 2097 4845 3675 4916; baseline -0.001 -17"><span class='ocrx_word' id='word_1_744' title='bbox 2097 4848 2312 4915; x_wconf 70' lang='grc' dir='ltr'>συμϐὰν</span> <span class='ocrx_word' id='word_1_745' title='bbox 2346 4849 2438 4898; x_wconf 67' lang='grc' dir='ltr'>ἐπὶ</span> <span class='ocrx_word' id='word_1_746' title='bbox 2471 4846 2647 4915; x_wconf 78' lang='grc' dir='ltr'>τούτῳ</span> <span class='ocrx_word' id='word_1_747' title='bbox 2687 4846 2823 4914; x_wconf 75' lang='grc' dir='ltr'>ὄναρ</span> <span class='ocrx_word' id='word_1_748' title='bbox 2857 4848 2922 4915; x_wconf 77' lang='grc' dir='ltr'>τῇ</span> <span class='ocrx_word' id='word_1_749' title='bbox 2969 4849 3263 4916; x_wconf 78' lang='grc' dir='ltr'>συγγραφῇ</span> <span class='ocrx_word' id='word_1_750' title='bbox 3306 4845 3675 4915; x_wconf 83' lang='grc' dir='ltr'>παραδοῦναι.</span> 
     </span>
    </p>
   </div>
   <div class='ocr_carea' id='block_1_109' title="bbox 2095 4934 3679 5005">
    <p class='ocr_par' dir='ltr' id='par_1_109' title="bbox 2095 4934 3679 5005">
     <span class='ocr_line' id='line_1_109' title="bbox 2095 4934 3679 5005; baseline 0.002 -19"><span class='ocrx_word' id='word_1_751' title='bbox 2095 4935 2321 5003; x_wconf 77' lang='grc' dir='ltr'>Σισινὲῳ</span> <span class='ocrx_word' id='word_1_752' title='bbox 2354 4935 2462 5003; x_wconf 75' lang='grc' dir='ltr'>γὰρ</span> <span class='ocrx_word' id='word_1_753' title='bbox 2493 4934 2567 5003; x_wconf 81' lang='grc' dir='ltr'>τῷ</span> <span class='ocrx_word' id='word_1_754' title='bbox 2601 4934 2891 5005; x_wconf 73' lang='grc' dir='ltr'>ἐπισκὸπῳ</span> <span class='ocrx_word' id='word_1_755' title='bbox 2925 4934 3244 4987; x_wconf 87' lang='grc' dir='ltr'>καθεύδοντι</span> <span class='ocrx_word' id='word_1_756' title='bbox 3277 4936 3417 5005; x_wconf 83' lang='grc' dir='ltr'>ἀνήρ</span> <span class='ocrx_word' id='word_1_757' title='bbox 3447 4952 3532 4999; x_wconf 89' lang='grc' dir='ltr'><strong>τις</strong></span> <span class='ocrx_word' id='word_1_758' title='bbox 3561 4936 3679 4989; x_wconf 71' lang='grc' dir='ltr'><strong>ἐδο-</strong></span> 
     </span>
    </p>
   </div>
   <div class='ocr_carea' id='block_1_110' title="bbox 2097 5026 3676 5097">
    <p class='ocr_par' dir='ltr' id='par_1_110' title="bbox 2097 5026 3676 5097">
     <span class='ocr_line' id='line_1_110' title="bbox 2097 5026 3676 5097; baseline 0.003 -21"><span class='ocrx_word' id='word_1_759' title='bbox 2097 5042 2183 5077; x_wconf 86' lang='grc' dir='ltr'><strong>κει</strong></span> <span class='ocrx_word' id='word_1_760' title='bbox 2236 5026 2640 5094; x_wconf 83' lang='grc' dir='ltr'>παρίστασθαι,</span> <span class='ocrx_word' id='word_1_761' title='bbox 2696 5027 2885 5080; x_wconf 76' lang='grc' dir='ltr'>κάλλει</span> <span class='ocrx_word' id='word_1_762' title='bbox 2937 5026 3033 5080; x_wconf 80' lang='grc' dir='ltr'>καὶ</span> <span class='ocrx_word' id='word_1_763' title='bbox 3085 5027 3309 5096; x_wconf 80' lang='grc' dir='ltr'>μεγέθει</span> <span class='ocrx_word' id='word_1_764' title='bbox 3359 5027 3629 5097; x_wconf 74' lang='grc' dir='ltr'>διαφανής</span> <span class='ocrx_word' id='word_1_765' title='bbox 3660 5045 3676 5060; x_wconf 77' lang='grc' dir='ltr'><strong><em>ο</em></strong></span> 
     </span>
    </p>
   </div>
   <div class='ocr_carea' id='block_1_111' title="bbox 2097 5113 3680 5192">
    <p class='ocr_par' dir='ltr' id='par_1_111' title="bbox 2097 5113 3680 5192">
     <span class='ocr_line' id='line_1_111' title="bbox 2097 5113 3680 5192; baseline 0.001 -22"><span class='ocrx_word' id='word_1_766' title='bbox 2097 5121 2270 5189; x_wconf 82' lang='grc' dir='ltr'>σεμνῇ</span> <span class='ocrx_word' id='word_1_767' title='bbox 2304 5119 2359 5171; x_wconf 75' lang='grc' dir='ltr'><strong>δι</strong></span> <span class='ocrx_word' id='word_1_768' title='bbox 2394 5121 2459 5189; x_wconf 77' lang='grc' dir='ltr'>τῇ</span> <span class='ocrx_word' id='word_1_769' title='bbox 2496 5118 2731 5189; x_wconf 79' lang='grc' dir='ltr'>ἀναϐολῇ</span> <span class='ocrx_word' id='word_1_770' title='bbox 2769 5120 3112 5191; x_wconf 77' lang='grc' dir='ltr'>κεχρημένος</span> <span class='ocrx_word' id='word_1_771' title='bbox 3148 5113 3249 5192; x_wconf 82' lang='grc' dir='ltr'>ἦν,</span> <span class='ocrx_word' id='word_1_772' title='bbox 3289 5122 3441 5188; x_wconf 72' lang='grc' dir='ltr'>παρὰ</span> <span class='ocrx_word' id='word_1_773' title='bbox 3475 5121 3537 5173; x_wconf 70' lang='grc' dir='ltr'>τὸ</span> <span class='ocrx_word' id='word_1_774' title='bbox 3577 5121 3680 5172; x_wconf 77' lang='grc' dir='ltr'>θυ-</span> 
     </span>
    </p>
   </div>
   <div class='ocr_carea' id='block_1_112' title="bbox 2098 5208 3677 5282">
    <p class='ocr_par' dir='ltr' id='par_1_112' title="bbox 2098 5208 3677 5282">
     <span class='ocr_line' id='line_1_112' title="bbox 2098 5208 3677 5282; baseline 0.001 -20"><span class='ocrx_word' id='word_1_775' title='bbox 2098 5212 2415 5281; x_wconf 83' lang='grc' dir='ltr'>σιαστήριον</span> <span class='ocrx_word' id='word_1_776' title='bbox 2444 5210 2537 5264; x_wconf 76' lang='grc' dir='ltr'>τοῦ</span> <span class='ocrx_word' id='word_1_777' title='bbox 2571 5208 2677 5264; x_wconf 84' lang='grc' dir='ltr'><strong>νεὼ</strong></span> <span class='ocrx_word' id='word_1_778' title='bbox 2698 5252 2714 5274; x_wconf 95' lang='grc'><strong>,</strong></span> <span class='ocrx_word' id='word_1_779' title='bbox 2746 5211 2804 5275; x_wconf 80' lang='grc' dir='ltr'>ὃς</span> <span class='ocrx_word' id='word_1_780' title='bbox 2836 5211 3096 5282; x_wconf 83' lang='grc' dir='ltr'>Στεφάνῳ</span> <span class='ocrx_word' id='word_1_781' title='bbox 3129 5213 3312 5265; x_wconf 80' lang='grc' dir='ltr'>ἀνεῖτο</span> <span class='ocrx_word' id='word_1_782' title='bbox 3346 5212 3421 5282; x_wconf 78' lang='grc' dir='ltr'><strong>τῷ</strong></span> <span class='ocrx_word' id='word_1_783' title='bbox 3453 5229 3677 5282; x_wconf 77' lang='grc' dir='ltr'>πρωτο-</span> 
     </span>
    </p>
   </div>
   <div class='ocr_carea' id='block_1_113' title="bbox 2100 5301 3685 5377">
    <p class='ocr_par' dir='ltr' id='par_1_113' title="bbox 2100 5301 3685 5377">
     <span class='ocr_line' id='line_1_113' title="bbox 2100 5301 3685 5377; baseline 0.002 -22"><span class='ocrx_word' id='word_1_784' title='bbox 2100 5303 2363 5373; x_wconf 76' lang='grc' dir='ltr'>μάρτυρι.</span> <span class='ocrx_word' id='word_1_785' title='bbox 2403 5301 2602 5373; x_wconf 77' lang='grc' dir='ltr'>Ἐᾠκει</span> <span class='ocrx_word' id='word_1_786' title='bbox 2654 5303 2712 5358; x_wconf 74' lang='grc' dir='ltr'><strong>δὲ</strong></span> <span class='ocrx_word' id='word_1_787' title='bbox 2763 5304 3085 5374; x_wconf 79' lang='grc' dir='ltr'>ἀδημονεῖν,</span> <span class='ocrx_word' id='word_1_788' title='bbox 3144 5305 3227 5357; x_wconf 82' lang='grc' dir='ltr'>ὅτι</span> <span class='ocrx_word' id='word_1_789' title='bbox 3283 5303 3360 5377; x_wconf 81' lang='grc' dir='ltr'>μὴ</span> <span class='ocrx_word' id='word_1_790' title='bbox 3416 5305 3685 5376; x_wconf 82' lang='grc' dir='ltr'>ἀνδράσιν</span> 
     </span>
    </p>
   </div>
   <div class='ocr_carea' id='block_1_114' title="bbox 2096 5395 3681 5469">
    <p class='ocr_par' dir='ltr' id='par_1_114' title="bbox 2096 5395 3681 5469">
     <span class='ocr_line' id='line_1_114' title="bbox 2096 5395 3681 5469; baseline 0.002 -22"><span class='ocrx_word' id='word_1_791' title='bbox 2096 5395 2323 5463; x_wconf 83' lang='grc' dir='ltr'>ἀγαθοῖς</span> <span class='ocrx_word' id='word_1_792' title='bbox 2351 5396 2596 5466; x_wconf 75' lang='grc' dir='ltr'>ἐντύχοι,</span> <span class='ocrx_word' id='word_1_793' title='bbox 2627 5398 2720 5449; x_wconf 69' lang='grc' dir='ltr'><strong>καὶ</strong></span> <span class='ocrx_word' id='word_1_794' title='bbox 2748 5396 2923 5450; x_wconf 83' lang='grc' dir='ltr'>ταῦτα</span> <span class='ocrx_word' id='word_1_795' title='bbox 2950 5397 3145 5451; x_wconf 77' lang='grc' dir='ltr'>τούτου</span> <span class='ocrx_word' id='word_1_796' title='bbox 3177 5398 3340 5469; x_wconf 87' lang='grc' dir='ltr'>χάριν</span> <span class='ocrx_word' id='word_1_797' title='bbox 3369 5399 3551 5451; x_wconf 78' lang='grc' dir='ltr'>πᾶσαν</span> <span class='ocrx_word' id='word_1_798' title='bbox 3576 5401 3681 5466; x_wconf 79' lang='grc' dir='ltr'><strong>τὴν</strong></span> 
     </span>
    </p>
   </div>
   <div class='ocr_carea' id='block_1_115' title="bbox 2098 5488 3683 5563">
    <p class='ocr_par' dir='ltr' id='par_1_115' title="bbox 2098 5488 3683 5563">
     <span class='ocr_line' id='line_1_115' title="bbox 2098 5488 3683 5563; baseline 0.001 -23"><span class='ocrx_word' id='word_1_799' title='bbox 2098 5488 2254 5542; x_wconf 86' lang='grc' dir='ltr'>πόλιν</span> <span class='ocrx_word' id='word_1_800' title='bbox 2281 5489 2688 5560; x_wconf 85' lang='grc' dir='ltr'>περιεληλυθὼς</span> <span class='ocrx_word' id='word_1_801' title='bbox 2713 5505 2726 5520; x_wconf 91' lang='grc'><strong>·</strong></span> <span class='ocrx_word' id='word_1_802' title='bbox 2761 5491 2853 5543; x_wconf 78' lang='grc' dir='ltr'><strong>ἐπὶ</strong></span> <span class='ocrx_word' id='word_1_803' title='bbox 2881 5493 3075 5543; x_wconf 80' lang='grc' dir='ltr'>σπάνει</span> <span class='ocrx_word' id='word_1_804' title='bbox 3105 5490 3162 5544; x_wconf 74' lang='grc' dir='ltr'><strong>δὲ</strong></span> <span class='ocrx_word' id='word_1_805' title='bbox 3191 5492 3432 5563; x_wconf 78' lang='grc' dir='ltr'>τοσαύτῃ</span> <span class='ocrx_word' id='word_1_806' title='bbox 3463 5490 3683 5559; x_wconf 80' lang='grc' dir='ltr'>ἀνδρῶν</span> 
     </span>
    </p>
   </div>
   <div class='ocr_carea' id='block_1_116' title="bbox 2098 5577 3685 5652">
    <p class='ocr_par' dir='ltr' id='par_1_116' title="bbox 2098 5577 3685 5652">
     <span class='ocr_line' id='line_1_116' title="bbox 2098 5577 3685 5652; baseline -0.001 -18"><span class='ocrx_word' id='word_1_807' title='bbox 2098 5580 2318 5647; x_wconf 84' lang='grc' dir='ltr'>ἀγαθῶν</span> <span class='ocrx_word' id='word_1_808' title='bbox 2351 5581 2511 5650; x_wconf 82' lang='grc' dir='ltr'>μόνον</span> <span class='ocrx_word' id='word_1_809' title='bbox 2539 5580 2780 5650; x_wconf 80' lang='grc' dir='ltr'>διαφανῆ</span> <span class='ocrx_word' id='word_1_810' title='bbox 2811 5577 2953 5634; x_wconf 74' lang='grc' dir='ltr'>εἷναι</span> <span class='ocrx_word' id='word_1_811' title='bbox 2983 5581 3311 5652; x_wconf 75' lang='grc' dir='ltr'>Εὐτρόπιον.</span> <span class='ocrx_word' id='word_1_812' title='bbox 3353 5582 3441 5633; x_wconf 85' lang='grc' dir='ltr'>Ἐν</span> <span class='ocrx_word' id='word_1_813' title='bbox 3471 5581 3685 5651; x_wconf 71' lang='grc' dir='ltr'>ἐκπλή-</span> 
     </span>
    </p>
   </div>
   <div class='ocr_carea' id='block_1_117' title="bbox 2102 5672 3687 5743">
    <p class='ocr_par' dir='ltr' id='par_1_117' title="bbox 2102 5672 3687 5743">
     <span class='ocr_line' id='line_1_117' title="bbox 2102 5672 3687 5743; baseline 0 -18"><span class='ocrx_word' id='word_1_814' title='bbox 2102 5672 2180 5738; x_wconf 87' lang='grc' dir='ltr'><strong>ξει</strong></span> <span class='ocrx_word' id='word_1_815' title='bbox 2214 5673 2270 5725; x_wconf 70' lang='grc' dir='ltr'>δὲ</span> <span class='ocrx_word' id='word_1_816' title='bbox 2301 5674 2594 5741; x_wconf 75' lang='grc' dir='ltr'>γενόμενον</span> <span class='ocrx_word' id='word_1_817' title='bbox 2623 5672 2701 5743; x_wconf 83' lang='grc' dir='ltr'><strong>τῷ</strong></span> <span class='ocrx_word' id='word_1_818' title='bbox 2735 5675 3039 5743; x_wconf 78' lang='grc' dir='ltr'>καινοτέρῳ</span> <span class='ocrx_word' id='word_1_819' title='bbox 3072 5676 3171 5739; x_wconf 80' lang='grc' dir='ltr'>τῆς</span> <span class='ocrx_word' id='word_1_820' title='bbox 3200 5672 3379 5742; x_wconf 68' lang='grc' dir='ltr'>ὅψεως</span> <span class='ocrx_word' id='word_1_821' title='bbox 3408 5676 3500 5725; x_wconf 75' lang='grc' dir='ltr'><strong>τὸν</strong></span> <span class='ocrx_word' id='word_1_822' title='bbox 3532 5674 3687 5726; x_wconf 73' lang='grc' dir='ltr'>Σισίο</span> 
     </span>
    </p>
   </div>
   <div class='ocr_carea' id='block_1_118' title="bbox 2100 5764 3684 5834">
    <p class='ocr_par' dir='ltr' id='par_1_118' title="bbox 2100 5764 3684 5834">
     <span class='ocr_line' id='line_1_118' title="bbox 2100 5764 3684 5834; baseline -0.002 -15"><span class='ocrx_word' id='word_1_823' title='bbox 2100 5783 2233 5828; x_wconf 85' lang='grc' dir='ltr'>νιον,</span> <span class='ocrx_word' id='word_1_824' title='bbox 2265 5766 2620 5833; x_wconf 76' lang='grc' dir='ltr'>διαναστῆναί</span> <span class='ocrx_word' id='word_1_825' title='bbox 2654 5783 2711 5819; x_wconf 86' lang='grc' dir='ltr'><strong>τε</strong></span> <span class='ocrx_word' id='word_1_826' title='bbox 2745 5766 2968 5830; x_wconf 81' lang='grc' dir='ltr'>εὐθέως,</span> <span class='ocrx_word' id='word_1_827' title='bbox 3002 5765 3097 5818; x_wconf 75' lang='grc' dir='ltr'><strong>καί</strong></span> <span class='ocrx_word' id='word_1_828' title='bbox 3127 5781 3235 5817; x_wconf 81' lang='grc' dir='ltr'>τινι</span> <span class='ocrx_word' id='word_1_829' title='bbox 3265 5765 3375 5817; x_wconf 84' lang='grc' dir='ltr'><strong>τῶν</strong></span> <span class='ocrx_word' id='word_1_830' title='bbox 3408 5764 3503 5817; x_wconf 83' lang='grc' dir='ltr'>ὑπ’</span> <span class='ocrx_word' id='word_1_831' title='bbox 3527 5764 3684 5834; x_wconf 83' lang='grc' dir='ltr'>αὑτῷ</span> 
     </span>
    </p>
   </div>
   <div class='ocr_carea' id='block_1_119' title="bbox 2101 5854 3685 5929">
    <p class='ocr_par' dir='ltr' id='par_1_119' title="bbox 2101 5854 3685 5929">
     <span class='ocr_line' id='line_1_119' title="bbox 2101 5854 3685 5929; baseline 0 -21"><span class='ocrx_word' id='word_1_832' title='bbox 2101 5856 2490 5928; x_wconf 70' lang='grc' dir='ltr'>πρεσϐυτέρων</span> <span class='ocrx_word' id='word_1_833' title='bbox 2531 5857 2590 5910; x_wconf 74' lang='grc' dir='ltr'>τὸ</span> <span class='ocrx_word' id='word_1_834' title='bbox 2633 5856 2770 5929; x_wconf 80' lang='grc' dir='ltr'>ὖναρ</span> <span class='ocrx_word' id='word_1_835' title='bbox 2815 5856 3250 5927; x_wconf 70' lang='grc' dir='ltr'>ἐκδιηγήσασθαι</span> <span class='ocrx_word' id='word_1_836' title='bbox 3275 5894 3291 5922; x_wconf 95' lang='grc'><strong>,</strong></span> <span class='ocrx_word' id='word_1_837' title='bbox 3331 5854 3580 5911; x_wconf 80' lang='grc' dir='ltr'>κελεύειν</span> <span class='ocrx_word' id='word_1_838' title='bbox 3618 5871 3685 5908; x_wconf 82' lang='grc' dir='ltr'><strong>τε</strong></span> 
     </span>
    </p>
   </div>
  </div>
