4006 6552
343 457 486 525 1009
522 502 535 511 ο

1242 458 1845 523 ECCLESIASTlC/E
1881 460 2268 522 HISTORIA!
2309 461 2457 524 LIB.
2494 464 2669 525 XIII.

3469 460 3608 528 101')

341 571 446 640 τὴν
471 569 629 624 πόλιν
650 570 931 641 περιιόντα
950 611 965 634 ,
990 571 1279 639 ἀναζητεῖν
1306 574 1354 626 εῐ
1379 574 1482 627 πού
1508 592 1590 638 τις
1618 577 1702 644 εἴη
1730 575 1933 647 Εὐτρό-

2041 581 2335 648 proborum
2375 581 2662 637 hominum
2698 579 2929 651 penuria
2960 582 3110 637 solus
3141 580 3435 652 prmelarus
3468 585 3613 636 esset

342 680 492 726 πιος.
531 661 591 716 ’0
620 661 666 715 δ’
688 663 848 725 εὐθὺς
886 663 1195 730 συνέϐαλεν,
1229 665 1437 719 ἐκεῖνον
1469 663 1609 720 εῖναι
1642 668 1832 729 εἰπὼν,
1867 669 1925 730 ὃς

342 755 576 823 ἔναγχος
610 758 723 816 τοῖς
765 756 872 807 ὑπὸ
905 756 998 807 τὸν
1032 755 1275 827 ἔπαρχον
1311 757 1727 826 ἐξεταζομένοις
1772 762 1926 813 πλεῖ-

348 863 478 900 στον
517 848 789 914 διεγένετο
826 851 945 909 ταῖς
992 847 1247 919 βασάνοις
1293 852 1671 920 ὲγκαρτερῶν.
1715 854 1823 905 Καὶ
1861 854 1925 922 δὴ

344 940 454 992 ἀνὰ
482 943 544 992 τὸ
575 941 953 1011 δεσμωτήριον
985 941 1223 1009 γεγονὼς
1246 983 1258 998 .
1295 944 1574 1012 ἐπιμελῶς
1605 944 1810 1014 ἡρεύνα
1831 987 1844 1009 ,
1879 947 1928 998 εἰ

338 1048 435 1095 ⁸τις
477 1032 627 1085 ἔστιν
670 1034 854 1097 αὐτοῖς
900 1035 1197 1105 Εὐτρύπιος
1238 1036 1409 1104 ὄνομα
1436 1052 1451 1067 ⁶
1497 1035 1671 1107 εὑρὼν
1711 1037 1789 1099 δὲ,
1838 1039 1933 1091 καὶ

340 1121 528 1189 λόγοις
571 1124 1013 1194 προσομιλήσας,
1058 1126 1117 1177 τδ
1163 1126 1400 1178 Σισινίου
1444 1128 1737 1195 κατέλεγεν
1777 1128 1931 1198 ὄναρ.

343 1215 616 1283 Δακρύων
642 1214 722 1281 δὲ,
756 1214 897 1282 ὑπὲρ
925 1214 1093 1267 αὐτοῦ
1124 1215 1291 1285 εὐχὴν
1319 1217 1584 1286 πράττειν
1609 1217 1934 1286 κατηντιδὸ-

341 1304 452 1359 λει.
488 1307 597 1360 Καὶ
626 1308 695 1359 τὲ
732 1307 836 1378 μὲν
867 1310 998 1378 περὶ
1029 1299 1261 1378 Τίγριόν
1295 1311 1387 1362 καί
1421 1310 1725 1381 Εύτρὸπιον
1758 1308 1934 1373 οὕτως

343 1393 499 1462 ἔσχε.

2039 672 2363 743 Eutmpius.
2405 674 2514 728 llac
2547 672 2756 727 visione
2797 683 3025 742 propter
3057 673 3354 727 novitatem
3400 677 3476 726 rei
3529 671 3614 726 Si-

2035 765 2213 818 sinius
2264 764 2331 818 ad
2387 775 2673 834 stuporem
2727 764 3027 827 redactus,
3082 765 3336 818 celeriter
3383 781 3615 819 consur-

2039 854 2229 916 rexit,
2271 863 2325 908 et
2382 855 2600 908 cuidam
2653 855 3013 925 presbytero,
3065 854 3159 923 qui
3211 854 3313 907 sub
3360 870 3426 907 eo
3476 862 3614 914 erat,

2041 946 2315 1000 somnium
2335 946 2618 1015 exposuit:
2649 946 3013 1015 eumdetnque
3041 961 3140 1017 per
3160 946 3353 1000 urbem
3375 947 3619 1000 circum-

2040 1043 2303 1097 euntem,
2361 1035 2404 1087 si
2450 1034 2648 1089 alicubi
2708 1033 3005 1104 Eutropius
3052 1035 3324 1104 quiSpiam
3379 1035 3617 1092 adesset.

2041 1124 2321 1192 inquirere
2353 1125 2533 1196 jussit.
2569 1127 2746 1194 Atque
2773 1126 2865 1181 ille
2887 1129 3205 1197 conjectura
3235 1127 3457 1186 ductus,
3489 1144 3614 1179 eum

2040 1214 2332 1270 confestim
2378 1231 2501 1270 esse
2547 1216 2709 1278 dixit,
2761 1216 2853 1285 qtti
2901 1232 3080 1285 nuper
3118 1216 3429 1271 diutissime
3475 1216 3619 1269 illata

2040 1306 2094 1360 in
2150 1306 2458 1375 quaestione
2516 1307 2621 1361 sibi
2676 1324 2703 1361 a
2763 1308 3023 1377 prmfecto
3080 1319 3351 1364 tormen'a
3402 1307 3622 1362 fortiter

2042 1398 2337 1467 pertulisse
2373 1399 2678 1453 ferebatur.
2712 1399 2773 1453 F.t
2814 1401 2867 1453 in
2901 1401 3021 1470 ipso
3052 1417 3273 1456 carcere
3303 1402 3618 1471 diligenter,

343 1490 394 1543 si
448 1493 574 1562 quis
625 1493 701 1548 ibi
755 1494 1055 1571 Eutrqpius
1104 1495 1327 1549 nomine
1380 1505 1559 1560 esset,
1613 1493 1935 1563 inquisivit:
1975 1509 2137 1564 quem
2189 1495 2281 1551 ubi
2334 1496 2576 1560 invenit,
2623 1498 2931 1554 collocutus
2997 1515 3119 1554 cum
3169 1515 3271 1564 eo,
3337 1509 3393 1553 et
3426 1496 3618 1553 Sisinii

344 1585 568 1638 somnio
597 1598 1053 1652 commemorato,
1088 1587 1246 1652 ﬂens,
1282 1596 1339 1639 ut
1371 1601 1470 1656 pro
1497 1602 1555 1642 se
1584 1596 1930 1661 precaretur,
1971 1587 2039 1641 ab
2070 1601 2136 1642 eo
2163 1589 2342 1658 petiit.
2376 1588 2501 1643 ll:ec
2528 1590 2594 1644 de
2627 1590 2813 1662 Tigrin
2844 1602 2898 1647 et
2934 1593 3229 1661 Eutropio.

930 1703 1155 1759 ΚΕΦΔΛ
1166 1746 1180 1759 .
1220 1707 1345 1761 KA'.

344 1789 498 1866 Περί
534 1792 638 1860 τῆς
678 1794 852 1864 ἁγίας
881 1795 1306 1866 καὶμακαρίας
1355 1796 1763 1866 Ὀλυμπιάδος
1802 1796 1932 1851 δια-

2622 1706 2846 1764 CAf‘UT
2890 1706 3075 1762 XXIV.

2045 1795 2119 1849 De
2170 1796 2323 1870 beata
2342 1805 2420 1870 _et
2462 1807 2653 1852 sancta
2708 1797 3055 1870 Olympiade,
3096 1799 3395 1870 diaconissa
3437 1798 3622 1870 Magni

420 1863 608 1941 acor-ou
682 1863 1013 1941 γενομένης
1081 1867 1191 1935 τῆς
1265 1863 1935 1941 Μεηάλτίς-ἐκκλησίᾳς

2109 1867 2292 1935 templi
2328 1863 2913 1941 Cionstautinopolitani
2936 1885 2955 1922 :
2985 1880 3034 1922 et
3060 1869 3348 1938 singularis
3372 1863 3618 1941 qua'dam

422 1935 1130 2007 Κωνᾳτᾳντινουπόλεως
1153 1940 1372 2007 μερική
1401 1956 1490 2003 τις
1515 1935 1635 1991 τῶν
1667 1938 1795 1991 κατ’
1824 1940 1933 1990 αὺ-

421 2003 541 2068 τὴν
568 2002 695 2073 ani}
709 2020 845 2071 ησις
856 2043 874 2058 .

421 2117 559 2180 Ταῖς
586 2118 632 2171 δ’
657 2119 1148 2191 ἐκκλησιαστικαῖς
1177 2126 1402 2195 ταυτῃσί
1438 2127 1750 2195 συμφοραῖς
1787 2126 1936 2196 μάλα

341 2210 599 2281 ἀνδρεῖον
631 2215 952 2283 διαγέγονεν
985 2217 1347 2290 ὲνδειξαμένη
1382 2225 1440 2272 τὸ
1478 2223 1735 2290 φρόνημα
1769 2222 1862 2274 καὶ
1900 2221 1933 2290 ἡ

347 2306 604 2372 μακαρία
645 2305 955 2375 Ὀλυμπιὰς
1002 2313 1035 2377 ἡ
1087 2310 1357 2374 διάκονος.
1412 2312 1561 2384 Δηλη
1609 2312 1666 2365 δὲ
1716 2313 1938 2374 πάντως

342 2397 495 2467 αὕτη
537 2399 635 2450 καὶ
678 2401 816 2470 μόνῃ
851 2403 918 2470 τῇ
966 2402 1179 2464 κλήσει.
1222 2404 1495 2474 Ἀδικὸίην
1529 2404 1575 2457 δ’
1605 2403 1671 2458 ἂν
1707 2408 1803 2458 καὶ
1839 2408 1940 2474 τὴν

350 2492 680 2562 συγγραφὴν
712 2493 882 2563 αὐτὴν
908 2537 919 2555 ,
956 2496 1004 2546 εί
1045 2494 1121 2565 μὴ
1160 2497 1252 2547 καὶ
1281 2496 1351 2547 τὰ
1384 2496 1511 2566 περὶ¹
1544 2497 1714 2566 αὐτῆς
1746 2497 1939 2569 διαλή-

344 2584 439 2652 ψνν
472 2600 552 2646 αι,
587 2586 678 2636 καὶ
718 2585 868 2649 ἅπαξ
910 2587 1007 2638 καὶ
1046 2588 1126 2649 δὶς
1164 2588 1266 2657 ἤδη
1314 2588 1538 2657 μνήμης
1582 2588 1938 2659 ἀξιωθεξσης.

363 2679 513 2730 Ἀλλ’
544 2680 742 2749 ἀφήσω
786 2680 886 2751 ἤδη
931 2681 1025 2732 τὸν
1064 2681 1244 2747 λόγον,
1286 2681 1429 2734 ὥστε
1474 2682 1570 2733 καὶ
1614 2684 1726 2742 τοῖς
1768 2683 1940 2751 αὐτῆς

350 2771 792 2841 ταρατρυφῆσαι
824 2775 1032 2836 καλοῖς.
1067 2773 1219 2825 Γένει
1256 2774 1357 2843 μὲν
1387 2775 1495 2844 γάρ
1526 2775 1635 2827 τῶν
1670 2774 1794 2827 λίαν
1825 2778 1942 2828 ἐπι-

349 2870 413 2914 σὲ
435 2878 550 2929 μων
575 2858 644 2931 ἦν
669 2863 808 2932 αζτη
828 2881 843 2895 ο
872 2863 1090 2933 πλούτῳ
1115 2863 1170 2915 δὲ
1201 2865 1293 2915 καὶ
1315 2866 1428 2927 τοῖς
1457 2863 1599 2916 κατὰ
1625 2863 1739 2934 βίον
1766 2864 1939 2918 ἅπασι

347 2954 731 3024 διαφερόντως
769 2958 1089 3024 περιφανῶς
1125 2955 1360 3025 ἔχουσα,
1396 2956 1550 3026 ἀνδρὶ
1585 2958 1721 3021 πρὸς
1760 2958 1937 3025 γάμου

350 3064 389 3098 κ
428 3047 648 3098 ινωνίαν
679 3047 949 3099 ἐκδίδοται
984 3048 1109 3114 μὲν,
1138 3048 1198 3099 ού
1233 3048 1341 3116 μὴν
1371 3048 1427 3100 δὲ
1456 3049 1551 3102 καὶ
1580 3052 1641 3101 τὸ
1675 3048 1940 3119 παρθένος

349 3129 407 3185 σῖ
426 3152 501 3185 ραι
530 3138 991 3205 προσαφαιρεῖται
1011 3153 1024 3166 ⁸
1052 3139 1229 3191 εἰκοσι
1257 3140 1365 3207 γὰρ
1390 3138 1584 3207 ἐκείνῳ
1610 3138 1783 3208 μῆνας
1809 3158 1941 3206 συμ·

2108 1954 2288 1992 rerum
2323 1940 2438 2009 ejus
2465 1947 2738 2011 gestarum
2772 1943 3219 1994 commemoratio.

2115 2118 2170 2172 In
2209 2118 2361 2173 hisce
2403 2120 2794 2176 ecclesiasticis
2843 2121 3256 2176 calamitatibus
3306 2121 3479 2176 virilis
3523 2120 3621 2176 ad-

2042 2214 2263 2266 modum
2297 2214 2464 2267 animi
2508 2215 2786 2283 specimen
2818 2215 3070 2269 exhibuit
3109 2215 3268 2269 beata
3312 2212 3615 2284 Olympias,

2040 2302 2384 2365 diaconissa,
2415 2319 2538 2373 qua:
2579 2306 2660 2359 vel
2697 2305 2817 2360 solo
2845 2305 3069 2360 nomine
3099 2306 3235 2360 satis
3272 2315 3356 2361 est
3385 2306 3533 2361 clara
3564 2315 3623 2360 et

2042 2391 2351 2446 manifesta.
2401 2393 2663 2447 Facerem
2713 2408 2847 2447 vero
2876 2395 3124 2450 historia:
3175 2395 3303 2449 huic
3336 2396 3618 2466 iujuriam,

2040 2481 2147 2534 nisi
2184 2485 2305 2551 ejus
2352 2500 2575 2554 quoque
2626 2501 2713 2541 res
2766 2486 3065 2549 referrem,
3112 2488 3270 2558 cujus
3314 2488 3483 2541 semel
3513 2489 3622 2557 jam

2042 2582 2208 2649 atque
2255 2574 2457 2630 iterum
2502 2580 2712 2631 mentio
2741 2589 2826 2632 est
2858 2579 3019 2634 facta.
3069 2580 3174 2634 Sed
3205 2580 3441 2634 laxanda
3478 2581 3630 2635 venit

2042 2666 2237 2729 oratio,
2275 2678 2334 2721 ut
2365 2684 2467 2723 nos
2509 2672 2810 2724 virtutibus
2838 2687 3058 2741 quoque
3090 2674 3208 2741 ejus
3249 2674 3619 2731 oblectemus.

2042 2754 2255 2810 Geuere
2289 2759 2406 2826 ipso
2433 2760 2757 2829 parentibus
2781 2760 3061 2829 prmcluris
3088 2769 3207 2812 orta
3236 2758 3361 2823 fuit,
3385 2759 3621 2825 divitiis,

2044 2847 2232 2903 forma:
2287 2859 2621 2915 venustate,
2682 2859 2739 2905 et
2795 2852 3053 2905 omnibus
3101 2851 3227 2906 vitae
3276 2853 3623 2908 ornamentis

2045 2957 2306 3010 perquam
2360 2943 2613 2998 illustris.
2670 2943 2738 2997 Et
2783 2943 3045 2998 collocata
3089 2945 3313 3011 quidem
3363 2943 3452 2997 illa
3501 2944 3620 2999 viro

2043 3033 2099 3086 in
2131 3036 2544 3090 matrimonium
2572 3046 2677 3101 est,
2713 3052 2820 3092 non
2856 3048 3037 3092 tamen
3064 3037 3273 3091 idcirco
3305 3037 3622 3107 virginitate

2042 3127 2237 3179 orbata
2285 3136 2387 3180 est.
2444 3127 2644 3197 Viginti
2691 3143 2929 3198 namque
2973 3130 3255 3184 mensibus
3284 3129 3336 3183 in
3367 3129 3623 3199 conjugio

350 3228 705 3291 διοτεύσασα,
734 3231 853 3281 ἐπεὶ
879 3228 1095 3298 θανάτῳ
1122 3230 1287 3282 αὐτὸν
1315 3229 1578 3291 ἀπέϐαλε,
1610 3232 1815 3302 καίπερ
1841 3233 1935 3302 τὴν

2045 3233 2169 3271 cum
2210 3219 2303 3272 illo
2334 3223 2575 3285 exactis,
2613 3231 2904 3291 postquam
2949 3221 3100 3276 illum
3136 3221 3184 3276 ei
3217 3237 3369 3277 mors
3396 3223 3622 3285 ademit,

348 3320 575 3389 ήλικῖαν
602 3322 674 3390 μὴ
699 3321 981 3389 αἰσχύνειν
1002 3322 1291 3391 δευτέρους
1319 3323 1532 3390 γάμους
1556 3323 1809 3391 ἔχουσαν,
1838 3343 1935 3377 σω-

2041 3326 2359 3380 quanquam
2398 3329 2461 3368 ea
2495 3325 2643 3369 esset
2680 3325 2860 3375 atate.
2905 3324 2965 3370 ut
3002 3315 3275 3370 secundas
3318 3332 3428 3371 non
3459 3317 3627 3372 deho-

350 3414 581 3479 φρονεῖν
594 3430 650 3464 τε
663 3414 876 3482 ἠγάπα,
894 3416 986 3466 καὶ
1006 3414 1261 3484 στέργειν
1274 3416 1360 3467 διὰ
1379 3415 1495 3485 βίου
1511 3415 1714 3486 ταύτην
1729 3418 1937 3488 ᾑρεῖτο.

302 3550 331 3575 ο
353 3504 470 3556 Καὶ
494 3502 669 3557 ταῦτα
689 3504 786 3556 τοῦ
813 3503 1082 3573 βασιλέως
1112 3506 1247 3573 πρὸς
1274 3507 1400 3569 τοὺς
1432 3508 1626 3577 ἐκείνῳ
1651 3513 1940 3577 συγγενεῖς

347 3595 572 3664 γάμους
608 3596 897 3662 ἕλκοντος,
930 3599 1027 3650 καὶ
1059 3599 1243 3669 γερῶν
1279 3600 1387 3652 τῶν
1421 3601 1735 3670 ἀνηκόντων
1769 3620 1939 3657 κατα-

350 3686 618 3750 ξιοῦντος,
641 3688 829 3757 ἐκείνη
850 3687 1049 3756 μᾶλλον
1064 3691 1296 3759 εἰσάγαν
1307 3692 1539 3746 ἐπέϐαλε
1553 3694 1615 3746 τὺ
1627 3699 1939 3766 φιλοσοφεῖν

349 3779 501 3832 κατὰ
512 3778 604 3831 τὸν
616 3779 711 3848 τῆς
726 3780 926 3851 Ἐκκλη
938 3782 1054 3843 σίας
1072 3780 1300 3850 θεσμόν.
1317 3783 1424 3836 Καὶ
1436 3784 1502 3854 δὴ
1520 3786 1822 3840 ἀπεωθεῖτο
1838 3790 1938 3858 μὲν

346 3874 709 3944 τὴντροφὴν,
732 3868 820 3925 οἷα
844 3874 909 3942 δὴ
934 3875 1141 3937 ταύτην
1167 3875 1370 3944 μᾶλλον
1391 3876 1614 3946 οἰομένη
1640 3877 1799 3948 ξένην
1817 3882 1940 3943 ταῖς

346 3965 607 4032 εύγενέσι
623 3981 639 3995 θ
663 3964 891 4034 νηστεία
910 3966 967 4018 δὲ
991 3968 1386 4038 προσκειμένῃ,
1409 3968 1506 4037 οὐχ
1525 3964 1689 4039 ἦττον
1707 3971 1934 4042 τροφῆς,

346 4056 493 4109 ἀλλὰ
521 4056 616 4108 καὶ
647 4055 818 4109 ὕπνου
868 4057 966 4110 καὶ
1014 4058 1123 4110 τῶν
1173 4058 1233 4123 ἑξ
1268 4058 1401 4126 ὕλης
1438 4059 1627 4114 παθῶν
1658 4062 1936 4132 ἐπιμελῶς

348 4140 519 4213 ﬂaui
555 4144 618 4195 τὸ
652 4143 812 4212 σῶμα
836 4144 1109 4207 τοσοῦτον,
1135 4145 1214 4208 ὡς
1253 4148 1519 4216 συνεργὸν
1551 4150 1773 4216 μᾶλλον.
1802 4151 1938 4205 ἀλλὰ

354 4238 437 4309 μὴ
472 4236 759 4290 ἐπίϐουλον
805 4240 1140 4308 κτήσασθαι.
1179 4240 1253 4293 Τὸ
1293 4240 1349 4295 δὲ
1402 4244 1623 4314 σῶφρον
1662 4244 1802 4315 αὐτῇ
1837 4246 1936 4299 ούκ

346 4332 487 4400 ἄχρι
534 4330 628 4384 τοῦ
685 4331 860 4398 θίγειν
907 4333 968 4383 ἐν
1016 4335 1178 4403 ὁποίᾳ
1201 4332 1263 4404 δή
1315 4351 1445 4386 ποτε
1479 4334 1589 4388 τῶν
1627 4337 1935 4407 αἰσθήσεων

349 4424 502 4484 τοτα,
538 4422 652 4475 ἀλλ’
684 4425 742 4477 ὲν
790 4423 929 4493 αὐτῇ
968 4423 1199 4494 διανοίᾳ.
1266 4426 1446 4495 Κυρία
1484 4425 1541 4479 δὲ
1589 4427 1690 4495 τῆς
1730 4429 1937 4501 πολλῆς

346 4517 546 4578 οὐσίας
597 4516 814 4587 ὲκείνης
869 4517 1238 4589 γεγενημένη,
1263 4518 1456 4586 πρῶτα
1492 4519 1613 4588 μὲν,
1647 4521 1723 4585 ὡς
1750 4522 1931 4594 ἔτυχε,
1960 4561 2011 4621 D

344 4612 468 4672 τοῖς
519 4609 734 4664 αἰτοῦσι
766 4608 978 4679 ταύτην
1028 4611 1252 4680 προίετο
1272 4626 1287 4641 θ
1319 4610 1387 4682 ἢν
1414 4611 1556 4665 οὕτω
1585 4615 1932 4683 πράττουσαν

344 4704 499 4775 ὀρῶν
525 4703 781 4775 Ἰωάννης
810 4706 839 4757 ὁ
867 4704 973 4774 τῆς
995 4704 1330 4771 Ἐκκλησίας
1349 4706 1615 4778 λαμπτὴρ
1652 4709 1936 4778 (διάκονον

345 4797 462 4868 γὰρ
487 4796 695 4867 ταύτην
725 4799 1115 4867 χειροτονήσας
1167 4796 1309 4867 ἔφθη
1358 4799 1722 4871 Νεκτάριος),
1760 4821 1780 4854 ι
1823 4805 1935 4872 Τὴν

351 4890 460 4960 μὲν
489 4890 608 4957 σὴν,
667 4885 815 4954 εἷπε,
875 4890 1225 4960 προαίρεσιν,
1258 4883 1305 4943 ὦ
1338 4890 1523 4958 γύναι,
1578 4895 1709 4963 περὶ
1740 4895 1808 4947 τὰ
1837 4896 1934 4949 τοῦ

349 4984 565 5051 κόσμου
600 4984 808 5053 μάταια
838 4984 1199 5052 ύπεράγαμαι
1223 5000 1237 5012 ·
1262 4983 1379 5036 ἀλλ’
1406 4986 1749 5054 οἰκονομικὸν
1793 4984 1934 5042 εἶναι

346 5075 535 5142 χρεὼν
591 5076 682 5129 τὸν
748 5077 831 5139 είς
884 5076 1056 5143 ἄκρον
1078 5076 1290 5129 ἀνιέναι.
1338 5076 1436 5143 τῆς
1483 5077 1697 5139 τελείας
1732 5078 1935 5147 ἀρετῆς

350 5166 684 5220 σπεύδοντα.
722 5166 795 5219 Σὺ
818 5165 877 5219 δὲ
919 5166 1034 5228 τοῖς
1070 5163 1258 5233 ἔχουσι
1311 5165 1404 5217 τὸν
1440 5168 1532 5218 σὺν
1565 5166 1936 5220 ὲπιϐιὶλλουσα

346 5257 607 5320 πλοῦτον,
637 5256 824 5319 ἔοικας
856 5256 1097 5328 θαλάττῃ
1118 5256 1389 5321 δανείζειν
1439 5256 1604 5327 ὕδωρ.
1650 5258 1856 5311 Ἐκεῖνο
1880 5260 1935 5314 δέ

347 5362 413 5398 σε
444 5345 681 5416 μάλιστα
713 5346 952 5415 συνορᾷν
981 5346 1283 5414 προσῆκεν,
1315 5345 1437 5397 ἐπεὶ
1464 5345 1669 5399 ἑκοῦσα
1692 5347 1812 5417 Θεῷ
1837 5347 1936 5417 τῆς

345 5440 541 5502 οὗσίας
604 5438 850 5509 ἐξέστης,
880 5439 977 5491 καὶ
1027 5438 1127 5506 τῆς
1183 5438 1277 5490 ἐπὶ
1316 5438 1563 5508 χρήμασι
1615 5441 1937 5503 δεσποτείας

346 5529 814 5600 ὑπανεχώρησας,
864 5530 1141 5601 διοικῆσαι
1186 5530 1363 5584 ταῦτα
1401 5530 1605 5600 μᾶλλον
1636 5532 1818 5594 καλῶς
1855 5532 1936 5585 δί-

346 5637 530 5683 καιον,
563 5617 654 5675 οἶα
685 5620 780 5674 τοῦ
832 5621 1025 5675 λοιποῦ
1083 5622 1245 5675 θεῖκᾰ
1306 5625 1605 5692 χρήματα·
1659 5625 1752 5676 καὶ
1781 5623 1939 5692 λόγον

348 5715 518 5783 ἐνέχῃ
546 5712 756 5779 δοῦναι,
789 5713 844 5766 ei
865 5731 918 5766 τι
948 5716 1022 5785 μὴ
1070 5716 1216 5767 κατὰ
1264 5715 1421 5782 λόγον
1476 5716 1571 5768 ἐπὶ
1601 5715 1814 5780 τούτοις
1844 5718 1938 5768 ὲκ·-

349 5804 503 5874 6αίη.
537 5804 735 5859 Τοίνυν
788 5806 929 5876 πρὸς
959 5808 1059 5877 τὴν
1107 5807 1215 5859 τῶν
1276 5806 1573 5860 αἰτούντων
1625 5807 1839 5878 χρείαν,
1870 5808 1939 5879 ἣν

349 5899 479 5969 ἐμοὶ
505 5898 691 5971 πείθῃ,
754 5902 1051 5972 μετρήσεις
1102 5902 1202 5965 τὴν
1230 5900 1375 5954 δόσιν
1403 5917 1416 5931 ·
1477 5900 1701 5963 πλείους
1752 5902 1862 5971 γὰρ
1892 5903 1941 5954 τί

2043 3414 2287 3459 ucstaret
2354 3409 2609 3477 nuptias,
2671 3410 2990 3477 pudicitiam
3058 3418 3240 3464 tamen
3302 3410 3624 3480 complecti,

2040 3506 2204 3565 atque
2234 3497 2286 3550 in
2327 3514 2391 3552 ea
2426 3514 2522 3567 per
2557 3501 2724 3552 vitam
2763 3514 2985 3554 Omnem
3014 3501 3368 3568 acquiescere
3403 3500 3623 3554 maluit.

2043 3588 2269 3643 Etcum
2334 3591 2636 3660 imperator
2685 3607 2807 3647 eam
2861 3592 2926 3646 ad
2978 3599 3337 3662 cognatorum
3392 3607 3620 3646 suorum

2040 3681 2378 3736 coenobium
2414 3682 2698 3743 alliceret,
2749 3683 3081 3751 pranniaque
3118 3690 3176 3736 et
3211 3681 3450 3737 honores
3484 3694 3621 3737 eon-

2038 3774 2328 3827 veuientes
2362 3774 2640 3835 deferret,
2680 3774 3041 3828 nihilominus
3083 3785 3263 3829 tamen
3304 3774 3393 3828 illa
3429 3789 3618 3844 perse-

2038 3865 2319 3935 quendum
2366 3866 2471 3920 sibi
2519 3882 2643 3921 esse
2691 3882 2855 3937 quam
2891 3868 3125 3923 maxime
3161 3869 3318 3939 juxta
3361 3867 3620 3923 Ecclesia:

2038 3957 2465 4013 constitutiones
2504 3959 2928 4029 philosophandi
2970 3975 3145 4030 genus
3184 3960 3345 4014 dixit.
3381 3960 3618 4015 Proinde

2037 4046 2262 4103 delicias
2310 4064 2503 4104 omnes
2549 4052 2893 4119 repudiavit,
2944 4053 3241 4107 alieniores
3288 4066 3385 4105 eas
3431 4067 3551 4107 esse
3582 4068 3612 4106 a

2038 4137 2429 4207 prastantibus
2454 4140 2742 4195 nobilitate
2767 4141 2992 4195 feminis
3020 4153 3156 4194 rata.
3192 4140 3259 4196 Et
3289 4156 3417 4194 eum
3443 4142 3617 4196 absti-

2038 4231 2240 4286 nentia:
2269 4247 2327 4286 se
2359 4248 2469 4287 non
2501 4233 2611 4287 cibi
2646 4242 2856 4288 tantum
2879 4273 2894 4297 ,
2926 4233 3083 4305 ἀοι
3115 4234 3211 4288 sed
3242 4243 3296 4287 et
3319 4235 3497 4287 somni
3552 4242 3611 4288 et

2038 4324 2371 4379 crassiorum
2406 4324 2651 4378 materiae
2676 4324 3028 4379 afl‘ectionum
3063 4339 3161 4378 seu
3192 4322 3616 4393 perpessionttm

2038 4416 2307 4477 dedisset,
2357 4425 2464 4470 tam
2496 4423 2753 4469 accurate
2787 4429 2991 4483 corpus
3022 4415 3301 4479 exercuit,
3342 4421 3403 4468 ut
3443 4416 3621 4469 admi-

2039 4509 2218 4563 nistro
2266 4508 2399 4573 illo,
2432 4523 2541 4561 non
2595 4507 2923 4562 insidiatore
2975 4522 3071 4561 usa
3116 4507 3238 4561 sit:
3290 4506 3615 4576 pudicitiam

2039 4616 2169 4655 vero
2216 4616 2324 4653 non
2361 4601 2525 4654 nmdo
2577 4599 2633 4653 iu
2680 4608 2937 4655 contactu
2981 4614 3440 4669 quorumeuuqtte
3486 4613 3618 4653 scn-

2038 4709 2225 4760 suum,
2257 4693 2353 4747 sed
2393 4694 2446 4747 in
2478 4705 2659 4747 mente
2691 4693 2808 4763 ipsa
2837 4694 3203 4747 constitutam
3230 4692 3446 4747 habuit.
3475 4691 3616 4745 Tum

2040 4797 2225 4841 autem
2272 4801 2397 4840 cum
2446 4786 2670 4840 domina
2723 4786 3049 4841 facultatum
3101 4785 3396 4840 multarum
3444 4794 3615 4850 esset,

2040 4879 2278 4948 primum
2336 4877 2561 4948 quidem
2602 4888 2766 4947 prout
2808 4894 2929 4933 sors
2966 4878 3117 4941 tulit,
3165 4877 3489 4946 petentibus
3522 4891 3619 4931 eas

2039 4971 2340 5025 distribuit.
2385 4969 2524 5025 Cum
2571 4987 2703 5025 vero
2731 4984 2852 5024 eam
2902 4970 3006 5024 hoc
3043 4970 3123 5025 sic
3169 4969 3353 5023 facere
3401 4968 3617 5039 insigne

2040 5062 2298 5118 Ecclesiae
2349 5062 2534 5117 lumen
2587 5062 2828 5129 Joannes
2863 5063 3072 5115 videret
3124 5059 3438 5128 (Nectarius
3467 5062 3618 5116 enim

2038 5170 2159 5209 eam
2188 5154 2556 5210 diacouissam
2585 5154 2812 5223 legerat)
2839 5173 2852 5207 :
2878 5173 2895 5204 ι
2924 5152 3225 5207 Consilium
3244 5154 3619 5223 sane,inqttit,

2038 5246 2429 5302 etiustitutum
2463 5256 2638 5309 tuum,
2660 5261 2693 5299 ο
2715 5246 2931 5309 mulier,
2948 5245 3017 5300 de
3047 5246 3204 5299 vanis
3239 5245 3400 5300 hisce
3424 5246 3621 5303 mundi

2041 5340 2207 5394 rebus
2249 5340 2515 5394 admiror.
2563 5340 2633 5392 At
2673 5337 3026 5408 dispensandi
3074 5338 3456 5409 Iargieudique
3494 5353 3616 5395 mo-

2038 5433 2169 5487 dum
2220 5442 2408 5488 tenere
2439 5447 2565 5487 eum
2597 5442 2833 5501 oportet,
2870 5431 2964 5501 qui
3000 5431 3067 5486 ad
3094 5432 3363 5502 perfectae
3391 5433 3616 5491 virtutis

2039 5527 2314 5596 fastigium
2359 5525 2667 5580 contendit.
2706 5525 2784 5580 Ac
2819 5533 2874 5579 tu
2912 5526 3176 5595 quidem,
3206 5526 3620 5597 quat-habenti-

2038 5619 2143 5675 bus
2172 5620 2535 5674 substantiam
2569 5628 2718 5674 tuam
2754 5619 3064 5686 distribuis,
3106 5622 3246 5676 mari
3279 5621 3383 5691 ipsi
3415 5637 3616 5692 aquam

2042 5713 2245 5767 inferre
2294 5723 2352 5767 et
2397 5724 2642 5767 mutuam
2676 5712 2807 5767 dare
2860 5713 3083 5769 videris.
3136 5713 3294 5769 Illud
3325 5721 3508 5769 autem
3559 5719 3615 5768 te

2040 5806 2276 5861 maxime
2298 5794 2551 5877 spectare
2584 5806 2776 5870 decet,
2810 5806 3260 5877 quandoquidem
3294 5818 3386 5861 tua
3417 5812 3617 5877 sponte

2040 5900 2151 5956 Deo
2192 5901 2292 5971 ipsi
2323 5900 2483 5957 bouis
2519 5901 2631 5958 tuis
2665 5900 2915 5968 cessisti,
2955 5910 3009 5957 et
3039 5899 3285 5956 dominio
3314 5900 3622 5971 possessis»
