4006 6582
407 430 540 497 “lli

1628 421 2053 489 NICEPHORI
2088 417 2435 483 CALLISTI

3526 401 3677 467 ιεητ

402 556 574 624 nique
621 553 979 624 pecuniarum
1032 555 1385 620 renuntiasti,
1434 561 1495 608 ut
1538 566 1637 608 eas-
1677 554 1741 607 de
1782 559 2013 609 cauere.

2116 542 2256 606 ὗτως
2286 540 2346 594 εὖ
2380 537 2682 611 πράξοντες
2707 552 2722 567 ·
2787 533 2972 588 οἴκτου
3020 549 3080 585 τε
3118 529 3235 601 ἅμα
3269 526 3365 582 καὶ
3416 524 3517 594 τῆς
3570 525 3676 576 ἐπὶ

401 647 571 701 veluti
607 647 778 701 divini
807 649 947 716 juris
971 646 1164 712 factas,
1186 647 1393 703 rectius
1418 647 1625 717 majore
1659 659 1784 701 cum
1810 642 1979 712 atqui-

403 748 515 793 tate
546 739 858 809 dispenses,
898 740 1301 808 obnoxiamque
1340 749 1393 795 te
1426 738 1621 794 rationi
1665 736 1977 797 reddendus,

402 833 449 886 si
488 832 621 901 quid
651 832 720 887 de
745 833 829 888 eis
861 845 1061 902 praeter
1093 834 1362 886 rationem
1399 831 1603 885 factum
1637 829 1822 893 interit,
1859 842 1980 882 esse

404 923 566 979 scias.
625 923 815 992 Itaque
874 924 1288 987 liberalitatem,
1326 922 1371 977 si
1432 923 1567 976 mihi
1633 920 1977 991 obsequeris,

402 1013 708 1085 petentium
761 1015 1065 1086 indigentia
1118 1016 1633 1097 metieris.‘Plures
1676 1015 1824 1068 enim
1876 1013 1984 1069 hoc

410 1106 577 1161 modo
608 1105 1004 1171 abundabunt,
1037 1114 1092 1161 et
1127 1106 1568 1162 misericordiam
1601 1106 1766 1160 simul
1790 1114 1842 1160 et
1868 1104 1982 1159 dis~

407 1194 748 1263 pensationis
784 1209 1005 1259 curam,
1041 1210 1206 1264 quam
1243 1194 1295 1249 in
1358 1194 1547 1249 divina
1582 1194 1814 1264 pecunia
1851 1208 1985 1247 con-

407 1287 611 1342 sectari
642 1287 924 1351 convenit,
952 1285 1334 1350 coiiservabis,
1365 1285 1984 1356 compensationemque

408 1389 465 1437 et
496 1378 732 1449 grat'am
766 1387 1164 1449 congruentem
1200 1380 1578 1448 consequeris.
1617 1396 1637 1429 ι
1672 1376 1753 1432 Ex
1787 1391 1853 1431 eo
1882 1375 1985 1446 igi-

412 1479 501 1523 tur
543 1479 793 1541 tempore
826 1469 879 1523 in
910 1462 1083 1524 sciam
1120 1480 1436 1525 sanctorum
1469 1484 1655 1525 curam
1689 1483 1825 1537 opes
1857 1483 1986 1522 suas

410 1565 729 1634 impendere
753 1565 1060 1628 constituit,
1087 1572 1143 1620 et
1166 1564 1381 1620 liberali
1405 1580 1568 1618 manu
1594 1563 1815 1618 virtutis
1837 1576 1987 1616 ama-

412 1668 562 1714 tores
610 1670 901 1729 prosecuta
948 1668 1065 1724 est,
1117 1658 1411 1729 largitione
1461 1657 1808 1712 convenieuti
1860 1670 1986 1708 cum

378 1739 381 1742 ’
410 1749 699 1805 hilaritate
724 1766 843 1805 usa.
880 1751 958 1806 Ac
990 1752 1190 1804 multos
1218 1751 1308 1805 illa
1336 1750 1555 1819 quidem
1584 1749 1722 1805 alios
1761 1758 1986 1818 prapter

2078 637 2192 698 τοῖς
2226 634 2430 695 θεῖκοῖς
2468 631 2721 701 χρήμασι
2752 621 3319 689 κατεσπουδασμένης
3339 622 3436 671 καὶ
3456 617 3679 668 οἰκονο-

2083 728 2250 798 μικῆς
2283 723 2568 795 φροντίδος
2602 718 2886 791 ἐπιτεύξῃ,
2944 714 3267 784 ἀνηκούσης
3304 709 3675 778 εὐτυχήσασα

2081 819 2338 889 ἀμοιῦῆς.
2376 835 2393 868 ι
2474 815 2564 880 Ἐξ
2624 811 2839 865 ἐκείνου
2895 807 3081 861 τοίνυν
3115 807 3193 868 είς
3220 804 3319 866 τὰς
3350 801 3459 855 τῶν
3488 798 3679 868 ἁγίων

2083 909 2381 979 θεραπείας
2414 905 2585 976 μόνας
2610 900 2879 956 ἐκκενοῦν
2902 900 3045 967 ἔγνω
3067 913 3082 931 ο
3118 894 3395 965 φιλοτίμῳ
3426 910 3486 945 τε
3509 889 3676 962 χειρὶ

2082 1007 2208 1068 τοὺς
2238 1003 2338 1074 τῆς
2388 1000 2591 1069 ἀρετῆς
2646 994 2887 1063 ἐραστάς
2941 989 3172 1058 ἐξένιζε,
3227 990 3319 1041 καὶ
3355 985 3674 1056 θεραπείας

2083 1097 2237 1168 ἠξίου
2272 1096 2371 1163 τῆς
2402 1089 2716 1162 ἀνηκούσης
2756 1085 2879 1155 μεθ’
2912 1083 3252 1155 ἱλαρότητος.
3290 1078 3531 1140 Πολλοὺς
3563 1075 3679 1168 μεν

2083 1167 2177 1242 οὖν
2204 1187 2300 1241 καὶ
2318 1184 2515 1246 ἄλλους
2538 1181 2627 1235 διά
2660 1177 2944 1246 τδθπεριδν
2975 1176 3075 1245 τῆς
3111 1171 3421 1243 φιλοξενίας
3454 1167 3671 1236 φιλοτί-

2088 1293 2207 1347 μως
2262 1273 2572 1341 ἐδεξιοῦτο·
2627 1268 2765 1324 ἀλλὰ
2798 1268 2864 1338 δὴ
2900 1266 2996 1320 καὶ
3050 1264 3142 1317 ἐπὶ
3168 1260 3439 1329 Θεοφίλῳ,
3473 1259 3570 1313 ac:
3604 1257 3673 1325 δὴ

2087 1370 2245 1440 φίλον
2287 1366 2515 1437 οίομένη
2574 1362 2737 1427 Θεοῦ,
2785 1363 2847 1415 τὸ
2888 1356 3275 1432 μεγαλόψυχον
3304 1351 3670 1415 ἐπεδείξατο·

2087 1439 2190 1517 κᾶν
2223 1460 2461 1516 είσάπαν
2494 1458 2592 1513 καὶ
2617 1454 2756 1524 αῦτη
2785 1439 2847 1509 eo
2875 1452 3071 1521 ἰταμὸν
3101 1449 3199 1517 τῆς
3250 1446 3471 1501 ἐκείνου
3498 1440 3684 1512 γλώτ-

2087 1570 2184 1623 της
2216 1552 2312 1607 καὶ
2339 1549 2669 1621 ἐφύϐριστον
2700 1547 2801 1602 οὐκ
2850 1542 3187 1609 ἀπέδρασεν,
3222 1540 3407 1596 αίτίαν
3438 1535 3680 1609 σχοῦσα..

2086 1646 2169 1699 ὅτι
2201 1643 2298 1698 καὶ
2356 1642 2485 1704 τοὺς
2534 1639 2807 1708 Θεοφιλεῖς
2840 1636 3089 1700 ἐκείνους
3147 1632 3347 1703 ἄνδρας
3371 1630 3502 1691 τοὺς
3545 1628 3683 1695 περὶ

2100 1732 2412 1803 Ἀμμώνιον
2463 1728 2560 1784 καὶ
2602 1727 2876 1797 Ἰσίδωρον
2925 1723 3250 1791 ἐπιξενοῦσα
3276 1715 3336 1773 εὖ
3366 1719 3665 1789 ἔπραττεν.

411 1843 775 1898 excellentem
826 1842 1255 1912 hospitalitatem
1303 1806 1609 1905 liberaliter
1651 1850 1707 1896 et
1751 1806 1986 1912 benigne

2116 1825 2305 1887 πάντας
2340 1823 2439 1893 μὲν
2463 1819 2556 1875 οῦν
2581 1821 2710 1883 τοὺς
2736 1818 2881 1874 κατά
2929 1816 3064 1871 Θεὸν
3094 1815 3308 1880 ζῶντας
3353 1810 3542 1878 ἐτίμα,
3573 1806 3680 1860 καὶ

412 1934 666 2004 excepit,
717 1935 775 1989 in
820 1935 1016 2003 primis
1057 1946 1240 1991 autem
1284 1935 1339 1991 in
1373 1934 1699 2005 Theophila,
1743 1898 1986 1987 amicum

2116 1915 2314 1985 ιερμῶς
2338 1910 2588 1981 ἐκήδετο,
2622 1909 2719 1963 καὶ
2742 1908 2839 1978 τῆς
2863 1905 3178 1976 ἀνηκούσης
3203 1900 3466 1973 προνοίας
3492 1898 3688 1967 ἠξίουσ

416 2024 566 2079 illum
607 2034 662 2080 et
702 2025 930 2081 charum
974 2028 1084 2081 Deo
1127 2042 1248 2082 esse
1297 2038 1435 2090 rata.
1483 2027 1984 2098 magnanimitatem

2116 2006 2177 2075 αῖ»
2205 2006 2261 2058 δὲ
2297 2002 2670 2075 Χρυσοπτόμῳ
2698 2000 2873 2071 Πατρὶ
2922 1998 3294 2069 διαφερόντως
3326 1992 3474 2061 μάλα
3502 2004 3690 2058 προαο

416 2128 570 2169 suam
618 2117 896 2187 ostendit:
931 2117 1182 2186 mtamvis
1225 2126 1281 2172 et
1322 2116 1439 2186 ipsa
1488 2080 1894 2185 iiitprobitatem
1933 2126 1992 2171 et

2116 2098 2302 2164 Ξκειτο,
2330 2096 2423 2151 καὶ
2456 2095 2697 2165 συνήθης
2755 2092 2918 2164 εἰπερ
2950 2109 3035 2155 τις
3061 2086 3150 2162 ᾖν,
3203 2087 3302 2155 ὃλη
3332 2085 3434 2154 τῆς
3465 2080 3690 2135 ἐκείνου

414 2207 780 2263 contumelias
825 2209 1025 2278 linguae
1068 2209 1193 2278 ejus
1242 2176 1359 2267 non
1398 2176 1622 2278 eﬂ‘ugit,
1668 2210 1741 2265 ob
1770 2224 1988 2266 causam

2116 2193 2195 2246 ιαὶ
2227 2191 2400 2263 ῥοπῆς
2424 2191 2521 2243 καὶ
2548 2188 2802 2257 γλώσσης
2834 2186 3038 2253 ἑαυτὴν
3069 2183 3451 2251 ἐξαρτήσασα,
3483 2176 3698 2248 ἱμάτιά

419 2300 597 2362 illam,
630 2302 775 2369 quod
809 2309 864 2353 et
894 2299 985 2353 Dei
1021 2312 1270 2357 aliiautes
1302 2301 1448 2355 viros
1484 2301 1606 2356 illos
1636 2301 1987 2355 Ammonium

2116 2301 2159 2337 te
2193 2283 2288 2337 καὶ
2325 2283 2487 2338 άῦλον
2511 2278 2729 2351 ἐκείνην
2770 2277 2983 2349 τροφήν
3037 2291 3099 2328 τε
3131 2273 3226 2327 καὶ
3262 2270 3569 2341 θεραπείαν
3608 2269 3699 2330 ὡς

405 2376 478 2445 ἐι
507 2391 778 2445 lsidorum
811 2390 1052 2461 hospitio
1080 2394 1316 2461 excepit,
1349 2391 1539 2462 eisque
1570 2392 1805 2463 benigne
1836 2392 1991 2447 fecit.

2116 2376 2248 2440 εἰκὸς
2283 2371 2708 2446 εύτρεπίξουσα,
2738 2370 2835 2425 καὶ
2859 2368 3031 2423 τᾶλλα
3061 2366 3243 2419 πάντα
3271 2362 3560 2432 γινομένη,
3588 2360 3698 2411 καὶ

422 2483 491 2538 Et
520 2497 646 2539 cum
690 2483 782 2553 qui
816 2484 906 2552 pie
948 2483 1249 2537 secundum
1289 2484 1459 2539 Deum
1489 2484 1773 2551 viverent,
1804 2500 1996 2541 omnes

2116 2470 2306 2536 τρόπον
2336 2468 2528 2536 ἕτερον
2574 2465 2756 2533 Θέκλα
2781 2481 2865 2527 τις
2893 2456 3007 2517 οἷον
3049 2461 3185 2530 ἄλλη
3217 2459 3294 2530 τῷ
3325 2456 3522 2525 Παύλῳ
3554 2458 3694 2521 ἐφε-

426 2574 749 2639 honoravit,
810 2574 1174 2646 ﬂagrantique
1230 2576 1419 2630 animo
1474 2577 1600 2633 illos
1660 2546 1995 2649 competenti

2116 2556 2343 2626 πομένη.
2376 2557 2457 2627 Τῇ
2488 2556 2545 2609 δέ
2593 2555 2870 2625 προφάσει
2916 2550 3016 2605 τοῦ
3068 2551 3363 2621 φλέγοντος
3394 2548 3489 2601 καὶ
3539 2546 3697 2614 αὕτη

424 2666 953 2736 curadignata,eis
987 2667 1274 2723 inservivit
1305 2686 1317 2721 :
1354 2677 1468 2722 tum
1516 2638 1997 2742 praeeipueIChry-
2105 2647 2431 2742 Ἒηνικαῦτι.
2485 2646 2564 2717 τῷ
2622 2645 2715 2699 τοῦ
2770 2644 3017 2742 ὗπ-ἀρχου
3074 2643 3383 2742 παρεστατε
3450 2638 3696 2741 gitti-'13!-

424 2771 668 2821 sostomo
704 2759 849 2816 Patri
883 2759 1104 2814 addicta
1131 2769 1186 2815 ct
1216 2759 1504 2833 familiaris
1555 2777 1720 2832 quam
1755 2763 1995 2818 maxime

425 2853 559 2916 fuit,
596 2861 708 2908 tota
738 2867 804 2907 ex
838 2852 989 2907 illius
1020 2862 1155 2907 nutu
1186 2862 1244 2907 et
1278 2868 1374 2908 ore
1407 2854 1654 2923 pendens
1676 2897 1692 2920 ,
1725 2864 1782 2910 et
1816 2864 1998 2911 vestes

427 2952 590 3014 atque
619 2944 804 2999 cibum
836 2958 1034 3000 crassae
1066 2943 1230 3014 hujus
1257 2944 1505 2999 materia:
1532 2955 1814 3013 expertem
1833 2986 1847 3006 .
1878 2945 1998 3000 cul-

430 3045 653 3105 tumque
708 3036 859 3090 illum
914 3050 1014 3105 pro
1063 3049 1132 3091 eo
1179 3046 1345 3105 atque
1391 3035 1578 3090 decuit
1624 3036 1727 3090 rite
1776 3042 1998 3105 parans,

428 3127 591 3199 ‘02
617 3142 717 3182 nec
742 3142 854 3182 non
880 3126 937 3182 in
963 3126 1088 3182 aliis
1118 3126 1287 3182 rebus
1312 3127 1571 3183 omnibus
1591 3127 1641 3182 ei
1672 3127 1999 3190 inserviens,

431 3229 488 3275 et
521 3218 924 3288 quodammodo
956 3218 1185 3290 perinde
1223 3228 1389 3289 atque
1419 3219 1623 3274 Thecla
1652 3219 1827 3275 altera
1860 3221 2004 3274 Pau-

433 3314 546 3377 lum
576 3326 940 3383 consequens.
996 3312 1259 3369 Sedenim
1281 3312 1517 3368 incendii
1552 3311 1715 3381 hujus
1744 3323 2008 3382 praete-stu

435 3413 492 3459 et
538 3405 657 3477 ipsa
695 3413 808 3459 tum
847 3404 914 3459 ad
946 3404 1190 3474 praefecti
1237 3403 1479 3459 tribunal
1531 3402 1801 3458 constitit.
1837 3402 2016 3472 Atque

439 3498 535 3553 illo
591 3497 1008 3568 interrogante,
1045 3515 1065 3550 ι
1099 3496 1230 3567 quid
1277 3496 1350 3549 ita
1407 3495 1628 3551 tandem
1672 3494 2019 3549 Christiano-

441 3606 562 3646 rmn
606 3591 903 3645 ecclesiam
960 3588 1362 3645 incendisset?
1415 3606 1436 3641 ι
1494 3588 1802 3658 composito
1851 3586 2017 3657 placi-

443 3682 623 3749 deque
654 3678 823 3733 animi
867 3686 1017 3734 statu
1044 3679 1177 3746 illa,
1211 3696 1233 3732 ι
1273 3677 1391 3733 Non
1423 3678 1526 3734 hoc
1547 3720 1562 3745 ,
1596 3680 1701 3745 ait,
1731 3693 1765 3733 ο
1792 3692 2019 3749 praeses,

445 3774 571 3828 vita
607 3786 743 3827 meat
777 3771 1092 3827 institutum
1121 3782 1227 3827 est.
1261 3770 1636 3827 Substantiam
1667 3772 1838 3834 enim,
1868 3770 2016 3841 quod

448 3871 563 3940 ipse
589 3883 810 3939 quoque
834 3866 1007 3934 nosti,
1031 3882 1209 3923 meam
1239 3882 1348 3922 non
1373 3869 1624 3937 exiguam
1654 3867 1773 3921 fere
1801 3882 2018 3922 omnem

450 3964 506 4018 in
537 3976 829 4019 sacrorum
854 3960 1107 4016 fanorum
1154 3960 1610 4016 instaurationem
1658 3958 1948 4029 insumpsi.
1995 3977 2018 4010 ι

449 4053 553 4110 Ubi
584 4070 717 4109 vero
740 4052 832 4108 ille
858 4051 1205 4109 subobscure
1234 4066 1293 4106 se
1322 4050 1471 4105 illius
1497 4049 1662 4104 vitam
1689 4051 1832 4105 scire
1858 4050 2025 4120 signi-

453 4150 681 4208 licarct,
744 4143 1069 4214 Olympias,
1130 4162 1156 4196 ι
1220 4142 1461 4198 Proinde
1524 4142 1730 4213 judicis
1797 4157 2022 4209 munus,

452 4240 654 4311 inquit,
703 4238 977 4307 relinque,
1022 4236 1472 4305 accusatorisque
1513 4251 1803 4306 personam
1845 4249 2023 4299 sume,

451 4346 509 4392 et
552 4335 694 4390 alius
737 4336 901 4390 nobis
945 4334 1108 4389 detur
1146 4332 1338 4404 judcx.
1375 4351 1397 4385 ι
1430 4332 1604 4386 Porro
1630 4332 1889 4402 quoniam
1921 4330 2030 4384 cri-

453 4444 580 4484 men
622 4428 898 4499 objectum
947 4425 1279 4481 testimoniis
1314 4423 1642 4479 confirmare
1681 4438 1790 4476 non
1824 4421 2026 4488 potuit,

455 4532 689 4587 eamque
714 4518 958 4588 legitime
989 4530 1221 4586 arguere
1250 4530 1364 4570 non
1389 4515 1566 4580 licuit,
1593 4515 1661 4569 ad
1688 4513 1793 4568 alia
1821 4512 2025 4567 sensim

2118 2738 2413 2808 Ἐρομένου
2453 2738 2498 2791 δ’
2534 2738 2746 2790 ἐκείνου
2801 2735 2853 2789 τί
2904 2735 2967 2805 δή
3026 2750 3155 2787 ποτε
3190 2732 3291 2803 τὴν
3342 2731 3699 2803 Χριστιανῶν

2109 2830 2411 2901 ἐκκλησίαν
2484 2830 2864 2900 ἐμπρήσειεν,
2916 2826 3100 2896 ἐκείνη
3185 2825 3438 2897 ⁴1ἰρεμοιίῳ
3503 2823 3703 2893 ψυχῆς

2109 2925 2514 2995 καταστήματι,
2547 2946 2566 2974 ι
2600 2924 2714 2997 Οὐχ
2740 2921 2907 2993 αῦτη,
2931 2916 2975 2974 ὦ
3007 2921 3237 2991 ἔπαρχε,
3268 2919 3392 2987 ἔφη,
3426 2918 3522 2985 τῆς
3548 2917 3701 2984 ἐμῆς

2110 3016 2293 3088 βιοτῆς
2325 3019 2357 3087 ἡ
2393 3015 2740 3088 προαίρεσις.
2772 3014 2884 3086 Τὴν
2914 3013 3025 3084 γάρ
3064 3013 3205 3083 ἐμὴν
3249 3012 3439 3064 οὐσίαν
3476 3009 3698 3077 πολλὴν

2109 3128 2173 3181 γε
2212 3106 2401 3175 οὖσαν,
2436 3109 2730 3164 ἐπίστασαι
2763 3110 2820 3163 δὲ
2849 3110 2948 3162 καὶ⁸
2985 3108 3173 3172 αὐτὸς,
3211 3108 3398 3178 σχεδὸν
3428 3106 3490 3160 τὸ
3526 3105 3697 3159 πλεῖ-

2112 3220 2259 3266 στον,
2298 3205 2377 3268 είς
2410 3202 2714 3256 ἀνανέωσιν
2745 3203 2912 3273 ἱερῶν
2946 3201 3129 3273 σηκῶν
3158 3201 3536 3269 ἐκδαπανῆσαι
3560 3199 3696 3265 ἐγέ-

2118 3315 2262 3351 νετο.
2294 3316 2313 3351 ι
2346 3295 2456 3353 Τοῦ
2487 3295 2798 3367 δἀίσχρῶς
2819 3294 3172 3364 αίνιξαμένον
3206 3295 3300 3348 τὸν
3326 3295 3542 3363 ἐκείνης
3578 3292 3702 3362 βίον

2114 3391 2339 3456 εἰδέναι,
2377 3410 2396 3443 ι
2438 3390 2650 3444 Οὐκοῦν
2687 3389 2845 3457 ἀφεὶς
2883 3387 3150 3451 δικάζειν,
3183 3380 3360 3448 εἶπεν,
3393 3386 3474 3446 είς
3500 3384 3703 3453 σχῆμα

2116 3483 2456 3556 κατηγορίας
2492 3481 2786 3553 μετάϐηθι,
2818 3482 2910 3535 καὶ
2940 3480 3103 3544 ἄλλος
3140 3478 3299 3546 ἡμῶν
3335 3478 3544 3529 ἐσεῖται
3576 3493 3733 3549 περι-ι,

2115 3577 2236 3644 τής.
2285 3592 2309 3628 r
2343 3572 2498 3627 Ἐπεὶ
2531 3574 2577 3627 δ’
2609 3573 2932 3643 ἀμάρτυρον
2966 3566 3079 3639 εἶχε
3107 3569 3168 3621 τὸ
3196 3566 3472 3637 ἔγκλημα,
3494 3571 3592 3621 καὶ
3636 3568 3705 3619 ἐν

2116 3666 2245 3737 δίκῃ
2280 3663 2596 3736 μέμφεσθαι
2645 3663 2748 3717 οὐκ
2802 3660 2957 3731 ἐνῆν,
2996 3662 3083 3731 ἐφ’
3134 3660 3304 3731 ἔτερα
3344 3659 3526 3729 ἡρέμα
3562 3675 3703 3726 μετ-

2122 3759 2304 3813 έδαινε
2330 3774 2346 3790 ο
2411 3758 2507 3811 καὶ
2557 3754 2871 3826 συμϐούλου
2923 3754 3093 3809 τόπον
3136 3752 3331 3823 ὥσπερ
3385 3749 3704 3817 ἀναλαϐὼν,

2122 3852 2535 3922 κατεμέμφετοΧ
2563 3850 2757 3920 ὅτιπερ
2798 3848 3055 3907 Ἰωάννου
3124 3844 3404 3916 ἐξέχοιτο,
3455 3846 3551 3899 καὶ
3609 3842 3708 3897 διὰ

2122 3943 2283 4015 τοῦτο
2314 3943 2414 4013 τὴν
2437 3942 2538 4011 τῆς
2561 3939 2895 4011 Ἐκκλησίας
2918 3943 3209 3999 κοινωνίαν
3227 3938 3289 3992 ού
3321 3936 3709 4005 καταδέχοιτο,

2122 4038 2246 4100 ἐξὸν
2280 4034 2575 4107 μεταμέλῳ
2631 4032 3014 4103 χρησαμένην,
3065 4029 3414 4100 ἀπηλλάχθαι
3443 4016 3714 4099 πραγμά-

2124 4143 2252 4179 των.
2298 4124 2365 4177 Ἡ
2404 4122 2462 4176 δέ
2519 4117 2791 4191 μακαρία,
2827 4137 2845 4169 ι
2878 4119 2953 4189 μὴ
3008 4117 3167 4187 θέμις
3223 4113 3366 4171 εἶναι
3422 4117 3579 4184 ἔλεγε
3604 4116 3714 4189 τὴν

2125 4214 2363 4288 δημοσίᾳ
2416 4212 2785 4281 συκοφαντίαν
2826 4211 3168 4275 ύποστᾶσαν,
3220 4208 3295 4280 μὴ
3326 4210 3515 4277 μέντοι
3545 4194 3712 4261 δικτ-

2130 4308 2337 4378 στηρίῳ
2394 4304 2807 4375 διελεγχθεῖσαν
2869 4305 2984 4367 τοις
3042 4302 3564 4372 κατηγορημένοις,
3626 4302 3714 4362 είς

2127 4403 2296 4473 ἄλλην
2325 4399 2629 4467 ἀπολογίαν
2670 4397 3018 4467 μεταχωρεῖν
3074 4394 3338 4465 μέμψεων
3367 4392 3708 4449 ἀνευθύνων.

2142 4492 2285 4547 Ἀλλ’
2320 4492 2375 4546 εί
2406 4507 2487 4544 σοι
2513 4490 2681 4551 δοκεῖ,
2705 4483 2786 4551 οἷς
2820 4503 2890 4556 με
2920 4483 3114 4557 πρώην
3137 4482 3473 4553 ἐγράψαντο,
3515 4482 3713 4535 κέλευε

456 4607 752 4679 pmfectus
770 4573 1030 4663 "transiit.
1054 4573 1129 4664 iit
1153 4608 1305 4678 quasi
1338 4605 1637 4662 consiliarii
1680 4606 1861 4660 locum
1902 4618 2013 4659 sus-

2134 4587 2470 4654 συνηγόρους
2495 4576 2936 4652 προστήσασθαι.
2965 4576 3028 4629 Εί
3055 4574 3162 4643 γάρ
3188 4591 3255 4643 με
3280 4573 3502 4641 βιάσαιο
3531 4588 3715 4641 παρα-

460 4700 732 4771 eepisset,
760 4714 881 4753 eam
933 4699 1309 4769 reprehendit,
1337 4698 1479 4768 quod
1530 4698 1758 4753 Joannis
1790 4695 2033 4751 necessi-

465 4789 711 4846 tudinem
759 4788 1060 4854 retineret,
1093 4796 1152 4842 et
1175 4796 1463 4856 prepterea
1492 4783 1755 4839 Ecclesia:
1790 4796 2038 4837 commu-

422 4883 435 4891 ’
465 4882 688 4940 nionem
730 4896 840 4936 non
892 4882 1184 4949 reciperet.
1218 4893 1347 4935 cum
1387 4877 1440 4933 ei
1489 4876 1834 4945 resipiscenti
1872 4872 2037 4928 facile

465 4983 652 5041 esset,
697 4973 924 5045 negotio
970 4973 1329 5042 molestiaque
1367 4970 1520 5024 omni
1556 4967 1802 5023 liberari.
1839 4966 2036 5018 Verum

466 5068 629 5124 beata
660 5065 752 5122 illa
794 5064 948 5120 nefas
980 5080 1103 5119 esse
1133 5064 1292 5126 dixit,
1345 5076 1466 5116 eam
1511 5075 1633 5130 quin
1677 5058 1897 5129 publice
1941 5070 2040 5125 per

469 5156 886 5230 sycophantiam
917 5155 1133 5217 delata,
1160 5162 1213 5209 et
1246 5153 1303 5208 in
1333 5151 1546 5224 judicio
1575 5151 1643 5205 de
1673 5149 1907 5206 crimine
1936 5148 2040 5200 ob-

464 5252 616 5324 jecto
653 5265 759 5305 non
802 5251 1054 5305 convicta
1094 5255 1262 5316 esset,
1308 5244 1376 5301 ad
1421 5243 1651 5300 alterius
1695 5241 1797 5306 rei,
1831 5255 1953 5310 quas
1986 5239 2045 5292 in

471 5345 684 5399 crimen
719 5352 886 5413 atque
925 5342 1192 5414 judicium
1238 5354 1347 5394 non
1392 5339 1669 5398 venisset.
1704 5349 1924 5390 causam
1957 5332 2043 5384 di-

471 5435 705 5492 cendam
739 5436 996 5491 transire.
1037 5452 1058 5489 ι
1092 5433 1248 5500 Quod
1288 5434 1335 5489 si
1376 5432 1514 5493 tibi.
1561 5429 1759 5500 inquit,
1806 5426 2042 5489 videtur,

469 5527 606 5600 iube
637 5543 724 5583 me
751 5537 1014 5597 patronos
1041 5526 1347 5595 producere
1379 5522 1674 5580 criminum
1703 5533 1895 5573 eorum
1925 5531 2045 5584 qua:

475 5619 731 5691 proxime
758 5618 894 5673 mihi
927 5627 1059 5675 sunt
1086 5618 1373 5677 intentata.
1403 5616 1538 5670 Nam
1567 5615 1612 5669 si
1639 5624 1835 5680 cogere
1866 5608 2042 5671 voles,

481 5721 543 5770 ut
586 5726 674 5767 me
716 5719 908 5767 contra
952 5714 1102 5781 leges
1140 5710 1363 5781 synaxis
1399 5717 1457 5762 et
1486 5712 1791 5760 conventus
1820 5716 1946 5755 cum
1979 5698 2048 5753 iis

475 5818 617 5873 quos
657 5801 882 5859 minime
931 5803 1089 5859 decet
1130 5799 1453 5874 participem
1496 5796 1692 5853 faciam
1725 5811 1738 5847 :
1777 5791 2045 5846 facturam

476 5907 566 5949 me
609 5908 720 5950 non
749 5908 872 5952 esse
915 5895 1077 5959 scito,
1104 5908 1227 5958 quae
1257 5891 1339 5948 eis
1364 5890 1545 5947 facere
1574 5886 1903 5957 permissum
1936 5898 2044 5939 non

2135 4677 2316 4747 νόμως
2347 4673 2621 4739 συνάξεων
2654 4669 3024 4741 συμμετέχειν
3050 4663 3133 4730 οἷς
3169 4666 3231 4720 ού
3258 4663 3457 4737 χρεὼν,
3489 4664 3603 4717 ίσθι
3636 4664 3713 4733 μὴ

2137 4770 2448 4841 πράξουσαν
2474 4767 2510 4821 ά
2560 4764 2635 4837 μὴ
2665 4767 2878 4834 ἐφεῖται
2916 4760 2998 4827 οἷς
3025 4762 3277 4816 εὐσεϐεῖν
3329 4760 3601 4828 αἵρεσις.»
3654 4757 3713 4811 '0

2140 4861 2386 4931 ὕπαρχος
2412 4860 2458 4914 δ’
2480 4859 2574 4915 οῦν
2606 4859 2681 4921 ὡς
2707 4858 2850 4927 ἔγνω
2876 4857 2953 4928 μὴ
2987 4854 3278 4909 πείσεσθαι
3310 4856 3372 4923 τῇ
3408 4850 3716 4923 Ἐκκλησία

2140 4956 2441 5021 κοινωνεῖν,
2471 4953 2590 5008 τότε
2622 4952 2722 5023 μὲν
2747 4951 2910 5020 δῆθεν
2946 4949 3100 5020 ἠφίει
3124 4947 3459 5017 συνηγόρους
3490 4946 3677 5015 εὑρεῖν
3698 4961 3713 4975 ·

2142 5046 2333 5100 ἄλλοτε
2364 5046 2419 5098 δὲ
2450 5045 2528 5115 τῷ
2558 5043 2898 5113 δικαστηρίῳ
2926 5039 3286 5109 παραγαγὼν,
3333 5039 3560 5108 χρυσίου
3589 5035 3719 5089 πολ-

2140 5139 2234 5192 λοῦ
2261 5136 2616 5203 κατεδίκαζεν
2636 5152 2649 5166 ·
2688 5135 2936 5203 οἰόμενος
2968 5132 3079 5201 γάρ
3110 5126 3178 5201 ἧν
3211 5129 3299 5182 διὰ
3340 5127 3515 5180 ταῦτα
3548 5144 3718 5197 μετα-

2143 5231 2338 5285 θέσθαι
2374 5232 2471 5299 τῆς
2528 5226 2711 5295 δόξης.
2758 5226 2978 5295 Ἐκείνη
3035 5224 3092 5278 δὲ
3137 5222 3317 5277 ταῦτα
3375 5218 3509 5290 παρ’
3560 5220 3719 5273 οὐδὲν

2143 5324 2498 5394 λογισαμένη,
2532 5322 2594 5385 ού
2626 5321 2770 5374 κατά
2791 5336 2844 5374 τι
2883 5317 2981 5370 τοῦ
3019 5315 3223 5370 σκοποῦ
3268 5315 3579 5383 καθυφῆκε.
3617 5311 3719 5365 Διά

2143 5436 2227 5472 τοι
2252 5417 2411 5471 τοῦτο
2459 5416 2555 5467 καὶ
2609 5414 2707 5484 τὴν
2760 5408 3179 5471 Κωνσταντίνου
3238 5405 3499 5471 λιποῦσα,
3531 5405 3633 5475 τὴν
3658 5404 3720 5456 ὲν

2145 5512 2370 5577 Κυζίκῳ
2393 5507 2675 5577 διατριϐὴν
2708 5502 3119 5571 κατησπάζετο.
3152 5498 3264 5557 Εἶτ’
3304 5501 3517 5561 ἐκεῖθεν
3544 5500 3723 5566 ὑπερο

2145 5606 2303 5674 ορίαν
2329 5601 2511 5670 φυγὴν
2541 5601 2600 5652 ἐν
2644 5601 2711 5667 τῇ
2746 5598 2990 5651 Βιθυνῶν
3042 5593 3395 5664 Νικομηδείᾳ
3425 5589 3725 5645 κατεδικά-

2146 5697 2299 5761 (sto-
2334 5692 2585 5761 ἀφθόνως
2614 5690 2671 5744 δὲ
2718 5691 2788 5743 τά
2825 5689 3063 5761 χρειώδη
3097 5688 3325 5759 Ἰωάννη
3357 5687 3414 5738 ἐν
3445 5681 3725 5752 ὑπερορίᾳ

2144 5787 2383 5854 διάγοντι
2410 5788 2680 5854 ἔπεμπεν,
2715 5784 2790 5847 ὡς
2832 5784 3041 5836 ἐκεῖνον
3086 5781 3340 5837 ἐντεῦθεν
3376 5779 3600 5838 πολλοῖς
3662 5792 3723 5828 τε

2148 5881 2438 5951 ἐπαρκεῖν,
2462 5879 2558 5933 καὶ⁴
2578 5878 2677 5933 οὐκ
2696 5876 2912 5946 ὀλίγους
2937 5876 3247 5947 ὠνούμενον
3272 5875 3369 5944 τῆς
3400 5872 3507 5926 τῶν
3537 5868 3726 5922 Ἰσαύ-
