3930 6536
258 430 396 494 1013

1122 433 1718 500 ECCLESIASTICIE
1756 440 2144 499 IIISTORL’E
2187 441 2324 502 LIB.
2370 439 2536 499 XIII.

3356 425 3491 487 1014

255 565 368 614 ρων
427 547 830 616 αίλμαλωσὲας,
866 549 980 610 τοῖς
1017 547 1172 610 ίδίοις
1225 549 1559 604 ἀποδιδόναι.
1611 552 1820 602 Ἐκεῖσε

1931 562 2026 614 rst,
2063 552 2156 622 qui
2193 552 2277 623 pie
2311 552 2415 606 sibi
2450 546 2742 604 vivendum
2775 561 2894 602 esse
2926 551 3255 600 statuerunt.
3297 560 3314 591 ι
3352 542 3495 595 Prm-

250 637 311 688 δέ
342 637 574 692 πλεῖστα
630 639 972 694 διασιὼσασα
1020 641 1136 710 ἐτη,
1185 641 1284 701 τάς
1319 642 1427 692 τῶν
1491 642 1821 710 πειρασμῶν

252 729 483 798 νιφάδας
517 729 770 792 ποικίλας
794 730 903 782 τῶν
937 731 1170 801 θλίψεων
1211 731 1303 800 τῷ·
1324 733 1459 802 πρὸς
1491 734 1623 784 Θεὸν
1657 734 1819 802 ἔρωτι

251 823 522 886 γενναίως
545 824 946 893 ὑπενεγκοῦσα,
977 826 1068 878 τὸν
1095 827 1195 893 τῆς
1218 827 1499 895 ὑπομονῆς
1526 827 1824 896 ἀνεδήσατο

252 911 520 980 στέφανον
562 929 576 943 ·
604 913 632 966 δ
659 917 1019 984 μοναστήριον
1045 917 1102 968 ἐν
1143 919 1208 986 τῇ
1241 917 1656 971 Κωνσταντίνου
1694 933 1822 968 συν-

250 1003 544 1070 εστήσατο,
570 1003 790 1074 Μαρίνῃ
822 1004 1202 1058 καταλιποῦσα
1242 1007 1307 1074 τῇ
1346 1005 1644 1073 συγγενίδι,
1681 1007 1824 1058 ἀπα-

251 1088 533 1157 ράτρωτον
570 1091 924 1161 ἐπισκήψασα
946 1093 1038 1145 τὸν
1071 1091 1164 1144 τοῦ
1213 1093 1577 1162 μοναστηρίου
1625 1093 1824 1144 κανόνα

247 1178 552 1249 διατηρεῖν.
590 1182 860 1250 Ἐγγιστα
890 1183 935 1236 δ’
958 1179 1027 1256 ἦν
1058 1184 1118 1237 τδ
1161 1186 1525 1255 μοναστήριον
1581 1184 1676 1237 τοῦ
1725 1184 1824 1254 τῆς

248 1271 414 1339 ἁγίας
435 1273 674 1344 Είρήνης
707 1275 801 1327 καὶ
828 1275 928 1344 τῆς
955 1275 1050 1328 τοῦ
1089 1276 1226 1328 Θεοῦ
1260 1276 1436 1344 Λόγου
1461 1278 1660 1344 Σοφίας
1687 1293 1825 1346 προ-

246 1366 414 1434 τέρου
455 1365 624 1434 σηκοῦ
648 1381 662 1396 ·
707 1365 735 1418 ὃ
763 1367 920 1434 λόγος
967 1367 1256 1437 διαρκέσαι
1289 1369 1417 1437 ἄχρι
1450 1369 1548 1436 τῆς
1583 1369 1826 1431 στάσεως

249 1456 377 1524 ἣτις
408 1456 551 1510 Νίκα
580 1458 816 1526 ἐλέγετο.
875 1460 1008 1511 Τότε
1033 1459 1090 1511 δέ
1121 1458 1217 1512 τοῦ
1265 1459 1365 1528 τῆς
1419 1460 1619 1527 Σοφίας
1675 1459 1823 1529 ίεροῦ

251 1545 690 1616 ἐμπρησθέντος,
726 1552 951 1603 κάκεῖνο
984 1550 1372 1621 συνδιεφθάρη.
1417 1551 1578 1605 Ἀλλά
1604 1551 1698 1604 τοῦ
1730 1569 1827 1620 με·

247 1639 444 1702 γίστου
476 1640 657 1707 πολλῷ
693 1638 923 1710 ὕστερον
957 1641 1118 1704 αὖθις
1142 1642 1534 1710 άνεγερθέντος
1565 1641 1692 1706 νεὼ,
1721 1645 1824 1696 κά-

248 1730 402 1780 κετνο
455 1730 553 1800 τὴν
612 1733 888 1802 προτέραν
939 1733 1242 1803 εὐκοσμίαν
1302 1736 1453 1802 ἔσχε,
1499 1736 1595 1788 καὶ
1656 1738 1736 1798 είς
1763 1736 1825 1788 τὸ

243 1819 476 1888 ἀρχαῖον
527 1821 872 1892 ἀποκατέστη
934 1823 1175 1893 ἀξίωμα,
1225 1826 1460 1896 Σεργίας
1511 1827 1826 1898 ἡγουμένης

245 1911 418 1964 αὐτοῦ
445 1929 459 1943 ο
493 1914 526 1983 ἢ
559 1913 625 1982 δὴ
668 1916 881 1968 καὶτὸν
915 1916 1016 1984 τῆς
1059 1917 1346 1986 μακαρίας
1383 1918 1499 1988 βίον
1538 1921 1826 1990 συγγράμ-

249 2020 386 2068 ματι
416 2004 836 2070 καταλέλοιπεν,
871 2010 928 2060 ἐν
963 2001 1008 2077 ᾧ
1053 2009 1118 2079 δὴ
1152 2011 1246 2062 καὶ
1305 2008 1464 2062 τοῦτο
1502 2009 1828 2082 ίστορούσης

243 2093 398 2146 ἐστιν
452 2097 673 2150 ἀκούειν
695 2138 710 2161 ,
745 2099 820 2162 ὡς
855 2100 978 2152 ἐπεὶ
1019 2102 1075 2153 ἐν
1120 2101 1460 2173 Νικομηδείᾳ
1492 2104 1525 2172 η
1557 2103 1679 2156 ὁσία
1713 2105 1830 2156 ἐτε-

243 2186 417 2242 λεύτα
454 2190 788 2260 Ὀλυμπιάς,
845 2195 978 2264 πρὶν
1008 2193 1040 2265 ἢ
1065 2194 1238 2265 τάφος
1279 2196 1452 2265 αὐτὴν
1484 2197 1825 2263 ὑποδέξαιτο,

244 2278 326 2348 τῷ
353 2281 474 2332 τότε
500 2283 787 2352 ίερατικῶς
816 2282 1176 2357 ἐξηγουμέερῳ
1201 2287 1300 2358 τῆς
1323 2288 1670 2360 Νικομήδους
1693 2290 1827 2362 δναρ

244 2374 562 2440 ἐφίσταται,
599 2381 658 2430 τὸ
687 2379 870 2449 τίμιον
904 2379 1162 2450 λείψανον
1195 2381 1574 2453 γλωσσοκόμῳ
1604 2383 1828 2453 ἐνθέμε-

245 2486 361 2529 νον,
394 2471 470 2538 τῷ
507 2470 655 2539 βυθῷ
701 2474 992 2541 ἐπαφεῖναι
1031 2489 1046 2503 ⁸
1081 2474 1218 2526 ὅπου
1265 2475 1312 2528 δ’
1340 2474 1406 2528 ἂν
1438 2477 1618 2528 ἐκεῖνο
1650 2477 1827 2550 σχάσῃ

241 2561 343 2612 τὸν
369 2563 557 2627 πῖοῦν,
615 2566 733 2617 ἐκεῖ
761 2566 941 2618 καὶτὸ
997 2566 1158 2636 σῶμα
1189 2568 1286 2636 τῆς
1318 2567 1471 2630 ὁσίας
1509 2568 1823 2632 καταξιοῦν.

248 2653 363 2708 Καὶ
391 2657 454 2710 τὸ
512 2657 611 2727 μὲν
671 2660 918 2726 ἐγίνετοο
953 2661 1153 2730 ἔφθανε
1194 2663 1376 2734 δὲτὴν
1401 2664 1696 2735 παραλίαν,
1798 2668 1824 2720 ὁ

243 2747 344 2800 τοῦ
376 2749 678 2803 ἀποστόλου
707 2752 881 2821 Θωμᾶ
911 2755 1044 2816 νεὼς
1077 2754 1292 2822 ἵδρυται
1318 2772 1332 2786 ο
1385 2756 1616 2826 Βρόχθοι
1652 2759 1823 2827 ἐγχωο

249 2839 384 2907 ρίως
423 2843 453 2893 ὁ
484 2843 644 2908 τόπος
679 2845 1020 2916 ὠνόμασται.
1055 2848 1226 2901 Ἔνθα
1257 2849 1379 2921 θείᾳ
1412 2850 1534 2920 ὄψει
1586 2851 1824 2916 ἐξιόντες

245 2934 295 2985 oi
325 2933 416 2985 τδν
449 2936 612 2989 τόπον
669 2939 972 3004 οίκοῦντες,
1027 2941 1089 2995 τὸ
1125 2943 1273 3012 ἱερὸν
1311 2945 1526 3015 ἐκείνης
1581 2947 1717 3016 πρὶς
1747 2946 1825 3016 τῷ

247 3024 383 3094 ίερῷ
405 3026 781 3099 θυσιαστηρίῳ
802 3031 1094 3084 κατέθεντο
1119 3032 1396 3101 λείψανον,
1416 3033 1630 3102 μυρίων
1653 3034 1825 3088 νόσων

247 3114 550 3186 θεραπείας
599 3121 959 3187 ἀξιουμένων,
1005 3125 1282 3195 δαιμόνων
1339 3126 1819 3195 ἀπελαυνομένων,

1927 644 2102 696 fectus
2155 653 2446 710 postquam
2501 637 2794 701 intellexit,
2854 635 3171 704 persuaderi
3222 647 3382 692 eam,
3436 637 3497 684 ut

1925 750 2050 788 cum
2093 735 2339 789 Ecclesia
2374 731 2832 796 communicaret,
2864 743 2972 781 non
3009 741 3189 796 posse,
3232 735 3344 778 tum
3377 721 3497 792 qui-

1927 825 2051 878 dem
2114 826 2203 880 ille
2255 841 2376 880 eam
2426 825 2724 880 advocatos
2774 819 2878 876 sibi
2930 833 3175 890 quaarere
3223 815 3495 884 permisit.

1931 918 2054 972 Alio
2083 933 2212 971 vero
2239 927 2485 987 tempore
2519 917 2571 970 iu
2597 916 2689 986 jus
2715 914 2958 974 citatam,
2993 923 3187 978 magno
3217 908 3334 962 auri
3366 921 3500 973 pon-

1925 1010 2057 1064 dere
2107 1024 2204 1077 per
2250 1008 2762 1063 condemnationem
2817 1003 3117 1065 multavit,
3169 1000 3498 1054 sententiam

1926 1117 2046 1155 eam
2082 1117 2260 1164 suam,
2289 1102 2360 1155 ob
2383 1115 2603 1156 causam
2633 1101 2818 1162 talem,
2852 1105 3182 1151 mutaturam
3211 1105 3329 1146 esse
3357 1091 3503 1144 arbi-

1929 1204 2126 1248 tratus.
2175 1195 2375 1249 Vcrum
2425 1194 2516 1247 illa
2565 1193 2681 1247 hmc
2728 1205 2828 1261 pro
2877 1189 3053 1244 nihilo
3095 1187 3273 1248 duxit,
3321 1199 3501 1252 neque

1927 1287 2228 1356 quidquam
2264 1288 2331 1339 de
2365 1285 2649 1354 proposito
2682 1283 2917 1338 consilio
2947 1296 3048 1336 suo
3079 1278 3312 1332 remisit.
3355 1276 3502 1341 Qun-

1927 1379 2073 1432 circa
2104 1377 2634 1446 Constantinopolim
2667 1375 2834 1430 etiam
2866 1373 3110 1442 reliquit,
3139 1381 3192 1426 et
3218 1369 3500 1440 Cyzicum,

1927 1483 1989 1528 ut
2019 1473 2091 1527 ibi
2125 1472 2368 1542 degeret,
2398 1487 2456 1527 se
2493 1472 2750 1526 contulit.
2781 1469 2989 1525 Deinde
3021 1483 3152 1521 vero
3185 1482 3248 1520 ex
3278 1481 3345 1518 eo
3381 1465 3502 1518 loco

1928 1563 1995 1617 ad
2025 1563 2280 1618 exsilium
2326 1563 2380 1616 in
2429 1561 2802 1617 Nicomediam
2845 1559 3202 1629 Bithynorum
3231 1564 3314 1609 est
3354 1555 3508 1606 dam-

1931 1666 2081 1711 nata.
2110 1656 2344 1710 Abunde
2373 1673 2502 1711 vero
2531 1670 2618 1710 res
2646 1653 2985 1709 necessarias
3008 1651 3202 1707 .loanni
3230 1646 3501 1703 exsulanti

1929 1747 2320 1816 suppeditavit,
2355 1748 2493 1802 adeo
2530 1755 2587 1800 ut
2621 1747 2711 1800 ille
2746 1761 2811 1800 ex
2845 1760 2908 1800 ea
2946 1742 3276 1799 liberalitate
3306 1741 3507 1794 multo-

1931 1855 2051 1893 rum
2085 1855 2305 1910 quoque
2333 1840 2576 1910 inopiam
2608 1839 2945 1899 sublevaret,
2978 1845 3034 1890 et
3064 1851 3173 1889 nou
3207 1847 3412 1903 paucos
3439 1845 3507 1885 ex

1933 1930 2246 1986 Isaurorum
2293 1933 2615 2001 captivitate
2659 1933 2971 2000 redemptos
2999 1929 3114 1984 suis
3159 1931 3504 1981 restitueret.

1931 2026 2006 2081 lbi
2053 2040 2176 2080 cum
2229 2025 2318 2080 illa
2368 2040 2546 2081 annos
2589 2025 2858 2095 plurimos
2901 2020 3291 2091 transegisset,
3343 2017 3506 2090 403

1935 2115 2415 2184 tcntationumque
2480 2115 2750 2184 procellas
2826 2122 2880 2168 et
2936 2111 3262 2166 aﬂlictioncs
3326 2108 3508 2163 varias

1927 2206 2148 2274 egregio
2203 2204 2259 2259 in
2319 2206 2490 2260 Deum
2553 2219 2745 2259 amore
2823 2202 3042 2258 fortiter
3112 2200 3506 2261 sustinuisset,

1929 2299 2210 2367 patientia;
2248 2298 2465 2351 tandem
2505 2314 2768 2351 coronam
2804 2295 3068 2365 suscepit.
3111 2292 3504 2348 Mouasterium

1927 2388 2072 2457 quod
2111 2387 2589 2456 Constantinopoli
2637 2387 2964 2448 constituit,
3011 2384 3234 2440 Marium
3269 2391 3512 2452 cognatae

1929 2496 2044 2535 sua:
2082 2483 2425 2549 relinquens,
2464 2496 2584 2533 eam
2638 2479 2954 2533 monasterii
2997 2477 3238 2548 regulam
3279 2475 3511 2528 inviola-

1927 2580 2038 2624 tam
2066 2587 2398 2626 conservare
2427 2571 2612 2641 jussit.
2655 2571 2783 2624 Fuit
2812 2569 2864 2623 id
2915 2583 3082 2638 prope
3114 2575 3318 2622 sancta:
3355 2566 3515 2620 Pacis

1925 2679 1980 2722 et
2004 2668 2161 2722 Verbi
2193 2669 2285 2722 Dei
2304 2668 2598 2737 Sapientia:
2628 2667 2918 2736 pristinum
2953 2667 3240 2736 templum,
3260 2674 3314 2719 et
3336 2679 3512 2732 usque

1924 2761 1990 2814 ad
2027 2761 2352 2816 seditionem
2383 2775 2528 2824 eam,
2553 2776 2673 2830 quae
2704 2759 2871 2821 Νίκα,
2901 2759 3006 2813 hoc
3033 2765 3138 2824 est,
3176 2755 3348 2821 Vince,
3368 2756 3516 2810 dice-

1927 2854 2110 2919 batur,
2133 2852 2373 2908 duravit.
2397 2852 2536 2906 Tum
2559 2868 2690 2907 vero
2722 2851 3017 2922 Sapientiae.
3048 2849 3252 2920 templo
3293 2857 3511 2910 exusto,

1924 2955 1981 3001 et
2024 2947 2201 3015 ipsum
2257 2943 2634 3015 conﬂagravit.
2659 2941 2928 2997 Caeterum
2978 2941 3216 2996 maximo
3247 2954 3314 2995 eo
3354 2941 3517 3009 longe

1923 3045 2046 3107 post
2077 3034 2281 3104 templo
2321 3035 2600 3097 restituto,
2635 3031 3037 3088 monasterium
3066 3030 3172 3087 hoc
3223 3030 3514 3099 pristinam

1924 3140 2142 3195 quoque
2170 3127 2381 3196 recepit
2413 3134 2787 3190 venustatem,
2807 3133 2972 3194 atque
3001 3123 3068 3176 ad
3096 3133 3338 3178 veterem
3360 3125 3521 3176 resti-

244 3210 346 3260 καὶ
403 3209 582 3264 ἄλλων
631 3216 936 3284 τεραστίων
991 3219 1146 3289 παρὰ
1201 3219 1359 3286 δόξαν
1415 3221 1822 3290 γεγενημένων.

1932 3224 2110 3270 tutum
2160 3229 2244 3272 est
2291 3217 2639 3288 dignitatem,
2671 3215 2860 3286 Sergia
2909 3216 2959 3270 ei
2997 3213 3362 3285 praesidente,
3398 3228 3521 3282 qua:

264 3293 573 3367 Ἰστόρηταί
600 3317 664 3369 γε
700 3302 805 3372 μὴν
831 3304 969 3372 μετὰ
989 3304 1151 3358 τοῦτο
1174 3305 1363 3370 ἔθνους
1387 3308 1661 3380 ἐπιδρομῇ
1690 3327 1830 3380 συμ-

249 3392 551 3458 μετασχεῖν
607 3393 708 3462 τῆς
761 3397 1038 3466 πυρκαϊᾶς
1097 3398 1193 3453 καὶ
1246 3399 1337 3454 τὸν
1383 3400 1476 3454 τοῦ
1529 3403 1829 3457 ἀποστόλου

245 3480 414 3536 νεών.
461 3482 663 3552 Ἐγγὺς
717 3485 774 3540 δὲ
805 3491 940 3559 πρδς
978 3489 1256 3544 θάλασσαν
1305 3491 1398 3546 τοῦ
1431 3493 1689 3564 λειψάνου
1716 3514 1831 3549 κει-

248 3577 446 3642 μένου,
473 3577 533 3630 τὸ
561 3578 661 3646 μὲν
695 3579 1074 3653 γλωσσόκομον
1105 3583 1358 3654 δαπάνην
1379 3585 1458 3656 τῷ
1511 3587 1648 3651 πυρὶ
1677 3590 1833 3656 γενέ-

246 3669 402 3735 σθαι,
431 3672 500 3724 τά
529 3671 586 3724 δέ
617 3689 681 3741 γε
711 3673 944 3744 λείψανα
971 3679 1084 3741 τοῖς
1103 3677 1423 3742 θαλαττίοις
1455 3679 1832 3751 παρεῤῥίφθαι

250 3762 460 3832 ῥοθίοις
491 3779 507 3795 '
547 3765 680 3819 ὅπου
736 3767 783 3820 δ’
822 3770 1010 3822 ἐκεῖνα
1057 3770 1294 3838 γένοιτο,
1353 3772 1596 3842 ὕφαιμον
1646 3774 1834 3826 καὶτὸ

249 3857 397 3927 ὕδωρ
453 3858 839 3926 καθίστασθαι,
889 3862 1096 3916 ὡσανεὶ
1148 3863 1563 3935 ἐνδεικνυμένου
1610 3867 1746 3920 Θεοῦ
1772 3869 1834 3921 τὸ

244 3952 347 4020 τῆς
372 3952 566 4020 δμολο·ὁ
587 3952 673 4012 is;
713 3954 898 4026 ἐκείνῃ
959 3955 1289 4025 μαρτύριον.
1343 3960 1572 4029 Σεργίου
1595 3960 1660 4031 δὴ
1686 3977 1837 4032 τηνιο

245 4045 432 4097 καῦτα
460 4047 956 4116 πατριαρίοῦντος,
990 4048 1245 4119 Ἰωάννην
1282 4051 1498 4121 πέμψαι
1531 4053 1836 4122 πρεσϐύτε-

250 4154 350 4207 ρον
369 4153 384 4166 ·
419 4137 514 4190 καὶ
543 4137 612 4190 τά
650 4138 770 4208 ίερὰ
799 4140 1017 4210 ἐκείνης
1048 4141 1453 4213 ἀναλεξάμενον
1487 4145 1734 4214 λείψανα,
1757 4147 1836 4217 τῷ

245 4230 423 4298 αὐτῆς
454 4231 810 4301 μοναστηρίῳ
835 4232 1096 4298 ἐνθεῖναι,
1125 4234 1285 4303 ὅπερ,
1305 4234 1378 4296 ὼς
1403 4235 1641 4306 εἴρηται,
1667 4242 1837 4307 μέσον

244 4326 372 4377 ταῖν
399 4325 546 4376 δυοῖν
595 4323 922 4394 ἐκκλησίαιν
984 4325 1085 4395 τῆς
1137 4327 1341 4396 Σοφίας
1379 4345 1438 4380 τε
1473 4333 1567 4382 καί⁵
1597 4331 1836 4401 Εἰρήνης

242 4418 664 4488 ἀνῳκοδόμησε.
692 4419 995 4472 Διετείνετο
1034 4419 1092 4472 δὲ
1128 4423 1156 4473 ὁ
1190 4421 1489 4490 εἰρημένος
1535 4423 1837 4493 πρεσϐύτε-

246 4527 371 4580 ρος,
407 4511 485 4573 ὡς
519 4507 628 4564 εἶδε
664 4510 800 4563 πολύ
824 4529 876 4565 τι
911 4508 1053 4580 αἷμα
1087 4512 1440 4583 ὑπερϐλύσαν
1475 4516 1677 4579 αὐτῶν,
1703 4519 1838 4586 όπη-

1936 3312 2104 3367 etiam
2139 3311 2314 3367 beata:
2345 3312 2510 3384 hujus
2549 3311 2768 3366 [ciuium
2796 3311 2962 3364 vitam
2994 3309 3364 3377 conscriptam
3394 3307 3523 3360 reli-

1933 3406 2096 3476 quit:
2145 3405 2200 3460 in
2244 3420 2352 3476 qua
2393 3405 2528 3461 illud
2561 3421 2782 3476 quoque
2825 3420 2944 3459 eam
2993 3410 3518 3457 commemorantem

1931 3501 2124 3555 audire
2199 3499 2350 3564 licet,
2399 3498 2548 3570 quod
2604 3507 2894 3568 postquam
2949 3495 3280 3551 Nicomediae
3331 3503 3523 3548 sancta

1932 3587 2215 3662 Olympias
2263 3591 2407 3646 diem
2441 3607 2601 3646 suum
2651 3591 2813 3654 obiit;
2859 3589 3180 3660 priusquam
3226 3587 3522 3657 sepultura:

1938 3684 2316 3748 mandaretur,
2356 3683 2624 3753 temporis
2652 3683 2773 3752 ejus
2802 3680 3220 3736 Nicomediensi
3253 3680 3522 3750 episcopo

1937 3773 1991 3827 in
2019 3775 2227 3828 somnis
2259 3773 2584 3846 praeceperit
2606 3813 2620 3837 ,
2666 3782 2726 3827 ut
2767 3771 3109 3827 vcnerandas
3139 3771 3406 3840 reliquias
3435 3785 3527 3822 ar.

1937 3863 2077 3918 culus
2115 3863 2408 3934 impositas
2439 3865 2552 3919 alto
2586 3864 2722 3918 mari
2759 3863 3150 3925 committeret,
3182 3871 3239 3915 et
3267 3875 3522 3930 quocun-

1937 3973 2044 4026 que
2077 3958 2326 4011 locorum
2373 3956 2466 4011 illa
2510 3969 2735 4012 cursum
2777 3963 3010 4018 teneret,
3044 3955 3119 4008 ibi
3160 3968 3361 4022 corpus
3403 3951 3526 4021 ejus

1937 4053 2287 4122 sepeliretur.
2347 4052 2404 4106 Id
2441 4051 2511 4106 ab
2562 4051 2825 4120 episcopo
2883 4051 3127 4112 factum,
3177 4057 3233 4103 et
3281 4063 3408 4123 arca
3452 4050 3522 4102 ad

1941 4146 2280 4200 maritimum
2315 4146 2500 4200 locum
2536 4145 2720 4199 delata
2749 4154 2854 4206 est,
2885 4143 2975 4196 ubi
3013 4141 3251 4211 apostoli
3297 4140 3524 4195 Thomas

1939 4237 2236 4291 delubrum
2293 4236 2536 4306 positum
2570 4245 2693 4290 est:
2725 4234 2793 4288 ab
2821 4232 3016 4288 incolis
3044 4232 3197 4287 locus
3225 4221 3279 4285 is'
3301 4231 3522 4284 Brocliti

1939 4330 2141 4384 dietus.
2191 4327 2268 4382 lbi
2304 4328 2488 4383 divina
2537 4327 2754 4382 visione
2785 4324 3052 4380 admoniti
3098 4323 3192 4394 qui
3239 4323 3524 4393 regionem

1937 4435 2060 4472 eam
2109 4419 2378 4483 incolunt,
2409 4419 2701 4481 exierunt,
2750 4427 2803 4470 et
2841 4431 3027 4470 sacras
3072 4415 3222 4468 illius
3258 4413 3526 4482 reliquias

1941 4514 2007 4566 ad
2043 4522 2290 4567 sanctam
2315 4509 2572 4566 sacriﬁcii
2596 4524 2744 4563 aram
2773 4516 3163 4579 reposuerunt,
3191 4523 3332 4578 quas
3360 4508 3527 4562 inuu-

241 4601 382 4654 νίκα
406 4600 550 4653 αὐτὰ
585 4602 900 4669 ἀνελέγετο,
929 4602 1062 4655 ὥσθ’
1111 4604 1486 4674 ὑπερδραμεῖν
1519 4607 1688 4660 αὑτοῦ
1743 4607 1828 4659 καὶ

1946 4602 2300 4656 merabilium
2341 4601 2660 4655 morborum
2694 4615 2849 4665 cura,
2880 4601 3303 4670 daaiuouunique
3336 4600 3530 4669 expul-

240 4691 317 4746 τὰ
350 4692 581 4757 ἔπιπλα,
623 4696 719 4748 καὶ⁵
751 4696 1001 4748 κάτωθεν
1037 4694 1252 4766 ῥεῦσαι.
1284 4698 1364 4749 Τά
1398 4697 1488 4750 ἴσα
1512 4698 1566 4750 δὲ
1599 4707 1688 4751 καί
1723 4701 1840 4754 ’ἐτε-

244 4802 348 4855 ρος
376 4780 508 4838 εἶδε.
545 4786 762 4838 Πολλῶν
817 4788 874 4839 δὲ
906 4790 1355 4858 συρῤευσάντων,
1421 4790 1629 4857 ίάματα
1660 4795 1836 4861 napi-

241 4879 378 4941 δόξα
416 4876 576 4946 ὤφθη
606 4880 902 4950 δαιμονίων
925 4881 1200 4934 πλείστων
1227 4881 1616 4936 ἀπελαθέντων
1637 4899 1650 4912 ⁸
1685 4885 1744 4937 ἓν
1777 4886 1836 4938 δέ

241 4971 462 5025 τούτων
523 4970 856 5040 ἀστραγάλῳ
893 4971 1156 5040 γυναικὸς
1207 4972 1527 5042 ἐμφωλεῦον
1575 4975 1831 5039 ἐξέωσεν.

257 5062 425 5115 Ἀλλά
457 5063 695 5116 τοσαῦτα
726 5065 825 5133 μὲν
851 5065 975 5134 περὶ
1003 5063 1105 5134 τῆς
1129 5066 1407 5136 μακαρίας
1446 5067 1831 5136 Ὀλυμπιάδος.

1943 4695 2121 4758 sione,
2182 4693 2415 4762 aliisque
2475 4693 2784 4763 prodigiis,
2843 4708 2964 4756 qua:
3011 4708 3175 4761 supra
3239 4693 3526 4748 hominum

1941 4787 2262 4856 opinionem
2310 4787 2387 4840 ibi
2437 4797 2569 4840 sunt
2618 4786 2892 4848 exhibita,
2941 4786 3087 4838 Deus
3120 4787 3376 4856 dignatus
3419 4795 3523 4839 est.

1942 4881 2221 4935 Memoria:
2251 4894 2475 4949 quoque
2515 4879 2796 4948 proditum
2830 4890 2912 4933 est
2934 4920 2947 4938 ,
2988 4888 3174 4948 postea
3205 4879 3526 4933 incursione

1941 4973 2130 5029 hostili
2185 4973 2449 5042 templum
2504 4975 2609 5026 hoc
2651 4972 2896 5041 Apostoli
2948 4971 3234 5024 incensum
3270 4985 3434 5036 esse;
3471 4980 3528 5024 et

1945 5066 2092 5137 quod
2131 5065 2378 5134 reliquiae
2409 5063 2526 5118 ista:
2559 5079 2731 5133 prope
2765 5061 2930 5116 maris
2965 5065 3138 5115 undas
3167 5063 3286 5117 sitae
3316 5070 3524 5126 essent,

239 5171 435 5210 arcam
481 5156 704 5226 quidem
752 5159 862 5229 igni
893 5169 1299 5229 consumptam,
1337 5161 1479 5230 ipsas
1535 5173 1717 5217 autem
1774 5165 1828 5217 in
1867 5142 2062 5218 ﬂuctus
2117 5159 2284 5213 maris
2345 5157 2618 5227 projectas
2650 5171 2789 5210 esse.
2854 5155 2972 5220 Quo
3047 5169 3175 5207 Vero
3252 5155 3376 5208 loco
3419 5154 3525 5209 illa:

239 5258 278 5294 θ
316 5258 434 5315 aut,
470 5251 672 5306 undam
702 5253 872 5322 ipsam
906 5263 1191 5309 cruentam
1225 5256 1562 5319 constitisse,
1594 5257 1705 5310 Deo
1735 5257 1904 5311 veluti
1949 5257 2242 5311 exliibente
2269 5257 2526 5322 martyris
2571 5247 2722 5303 illius
2789 5247 3217 5302 confessionem.
3271 5245 3524 5316 Sergium

243 5361 422 5415 porro
445 5347 540 5415 qui
571 5357 682 5400 tum
709 5348 1077 5422 patriarcham
1109 5350 1298 5421 gessit,
1325 5351 1594 5406 Joannem
1623 5351 2006 5422 presbyterum
2031 5363 2099 5403 eo
2122 5346 2372 5412 misisse;
2397 5359 2636 5413 eumque
2652 5357 2806 5396 sacra
2838 5341 2959 5410 ejus
2983 5355 3109 5394 ossa
3131 5340 3381 5403 collecta,
3408 5356 3526 5394 mo-

243 5445 504 5498 nasterio
534 5443 685 5498 illius
714 5443 994 5509 intulisse,
1023 5448 1166 5518 quod
1191 5447 1308 5514 ipsa
1334 5445 1516 5513 (sicuti
1549 5445 1755 5500 dictum
1788 5445 1890 5516 est)
1960 5445 2083 5498 loco
2111 5442 2292 5498 medio
2317 5441 2457 5494 inter
2489 5437 2599 5492 duo
2625 5437 2916 5507 Sapientiae
2938 5447 2993 5490 et
3022 5436 3177 5490 Pacis
3209 5436 3407 5506 templa
3428 5453 3527 5492 cx-

253 5535 478 5588 citavit.
501 5534 792 5603 Presbyter
811 5545 1020 5600 autem,
1049 5550 1211 5604 quem
1233 5535 1494 5599 diximus,
1521 5534 1886 5596 conﬁrmavit,
1913 5549 2037 5587 cum
2071 5529 2332 5600 reliquias
2359 5545 2454 5610 eas
2479 5527 2781 5612 colligeret,
2821 5541 3068 5596 magnam
3102 5528 3212 5580 vim
3239 5529 3525 5598 sanguinis

241 5643 312 5683 se
333 5643 498 5696 super
517 5629 599 5682 eis
625 5628 1017 5683 scaturientem
1056 5627 1280 5694 vidisse,
1306 5627 1445 5681 adeo
1470 5637 1526 5681 ut
1559 5636 1767 5682 vestem
1812 5641 2029 5694 quoque
2076 5625 2197 5695 ejus
2238 5621 2546 5692 contigerit,
2579 5629 2746 5689 atque
2809 5618 2935 5673 inde
2993 5616 3308 5673 deﬂuxerit.
3360 5618 3528 5691 404

243 5721 459 5776 Eadem
528 5721 670 5777 alius
719 5739 940 5794 quoque
1001 5722 1155 5779 vidit.
1197 5723 1417 5778 Etcum
1471 5723 1626 5776 multi
1667 5721 2005 5776 conﬂuerent
2058 5719 2326 5784 homines,
2375 5721 2688 5774 sanationes
2760 5715 3003 5772 mirifica:
3076 5715 3337 5769 exhibita:
3396 5722 3525 5768 sunt

245 5817 600 5873 damonibus
670 5817 922 5888 plurimis
970 5815 1159 5888 ejectis
1195 5835 1208 5871 :
1274 5830 1505 5886 quorum
1563 5830 1704 5870 unus
1733 5815 1841 5868 talo
1868 5813 2113 5868 mulieris
2144 5811 2432 5879 incubans,
2464 5811 2690 5865 abactos
2747 5816 2847 5863 cst.
2895 5807 3017 5861 litec
3056 5807 3122 5861 de
3154 5805 3308 5860 bcata
3343 5803 3524 5875 Olym-

254 5912 442 5973 Diade.
