4006 6570
296 404 463 468 1011·

1194 422 1801 489 ECCLESIASTlC/E
1844 435 2235 499 IIlSTORldﬁ
2277 443 2424 505 LlB.
2474 444 2646 505 XIII.

3433 444 3571 510 1018

296 517 513 625 δέχεται
543 540 558 555 ⁶
622 524 682 578 ὃν
715 526 874 595 λόγος
934 530 1046 601 ἔχει
1113 537 1253 604 μετὰ
1313 539 1578 610 κοίμησιν
1628 543 1881 598 Ἰωάννου

1995 553 2233 621 excepit.
2272 552 2429 609 llunc
2453 555 2594 609 fama
2624 563 2727 614 est.
2768 557 2889 625 posit
2922 556 3150 613 Joannis
3183 557 3419 619 obitum,
3442 574 3566 612 cum

297 611 616 706 ἀδημονεῖν,
641 620 738 672 καὶ
763 622 903 675 θεοῦ
942 623 1151 679 δεῖσθαι
1185 628 1455 684 δεικνύειν
1500 629 1553 686 οἷ
1584 637 1746 706 χοροῦ
1786 640 1883 690 καὶ

297 705 549 771 στάσεως
576 708 786 764 ἐκεῖνον
818 714 997 783 ἠξίου.
1061 718 1150 772 Ἐν
1185 722 1443 776 ἐκστάσει
1478 725 1534 778 δὲ
1564 728 1881 795 γενόμενον,

298 797 516 891 παντας
549 801 653 873 μὲν
675 804 872 872 ἁγίους
906 809 1060 875 ἰδεῖν,
1087 815 1231 865 κατὰ
1263 815 1468 869 κύκλον
1494 815 1694 888 ἑφεξῆς
1723 821 1884 891 ἑστη-

298 888 465 953 κότας
486 906 504 922 ·
539 894 753 948 ἐκεῖνον
775 897 833 949 δὲ
865 899 941 971 μὴ
978 899 1193 964 τούτοις
1222 905 1357 976 ὁρᾷν
1397 907 1740 978 ἐναρίθμιον.
1765 888 1886 962 Aet-

297 981 407 1045 νῶς
439 984 488 1036 δ’
523 986 836 1061 ἀχθομένῳ,
878 992 1117 1062 ἄγγελον
1146 997 1297 1066 αὐτῷ
1338 1002 1632 1067 ἐπιστῆναι
1652 1016 1669 1050 °.
1701 1002 1761 1056 ὃν
1790 1006 1884 1057 καὶ

297 1074 483 1169 ατο-τῆς
518 1078 697 1150 λύπης
729 1081 898 1152 ἄχθος
931 1086 1200 1156 ἀνέχοντα
1250 1090 1525 1151 ἐπειπεῖν.
1548 1093 1625 1156 ῶς
1660 1094 1885 1169 Ἰωάννῃ

296 1166 436 1238 ἄλλη
493 1187 581 1234 τις
632 1174 874 1245 ὲγγύτης
926 1177 1069 1248 Θεῷ,
1127 1182 1224 1235 καὶ
1260 1182 1361 1236 σὺν
1394 1184 1580 1249 αὐτοῖς
1630 1166 1887 1255 ἀγγέλοις

295 1261 585 1332 εἰληφέναι
639 1265 803 1319 αὐτὸν
848 1268 1019 1340 γέρας
1086 1270 1278 1342 ὑμνεῖν
1338 1274 1432 1330 τὸν
1480 1277 1639 1345 Θεὸν,
1669 1278 1799 1332 ἔνθα
1839 1282 1886 1334 δ’

295 1351 496 1426 εκεένῳ
520 1356 552 1426 ή
579 1357 792 1423 στάσις,
828 1362 926 1414 οὐκ
970 1365 1184 1433 ἐφεῖται
1214 1369 1328 1432 τοῖς
1374 1368 1593 1435 πολλοῖς
1639 1372 1888 1443 παρακύ-

297 1458 481 1533 πτειν.
542 1463 561 1498 ι
605 1448 798 1503 ’Δπιθι
839 1453 1044 1521 τοίνυν,
1094 1457 1190 1510 καὶ
1245 1457 1309 1511 τὸ
1358 1459 1462 1530 τῆς
1506 1462 1689 1533 ψυχῆς
1720 1464 1886 1533 ἄλγος

296 1528 578 1599 θεράπευε
597 1551 614 1567 ο
643 1538 706 1591 τὸ
741 1541 852 1610 γὰρ
877 1542 953 1612 μὴ
985 1544 1120 1616 ὁρᾷν
1153 1562 1215 1599 σε
1234 1528 1429 1602 τοῦτον
1454 1528 1615 1604 abab
1644 1528 1720 1623 μὴ
1746 1528 1887 1623 παρ-

294 1626 461 1691 εῐναι,
511 1628 573 1683 τὸ
607 1629 665 1683 δὲ
700 1632 813 1686 τῶν
863 1634 1078 1689 πολλῶν
1107 1638 1418 1711 ύπερεῖναι,
1447 1643 1541 1694 καὶ
1590 1643 1652 1696 τδ
1680 1646 1887 1714 περιὸν

294 1714 396 1783 τῆς
420 1724 595 1790 τιμῆς
610 1723 852 1792 ἐμποιεῖ.
888 1745 908 1779 ο
960 1728 1201 1794 Έκεῖνος
1226 1731 1328 1801 μὲν
1371 1727 1468 1786 οὖν
1493 1733 1660 1788 αὐτὸν
1691 1736 1885 1801 ὑποδέ-

295 1826 457 1879 χεται
481 1827 497 1843 ’
534 1812 601 1865 τὰ
655 1813 713 1867 δὲ
771 1819 918 1871 κατὰ
949 1819 1052 1890 τὴν
1078 1821 1198 1875 ὁδὸν
1234 1822 1369 1893 ἄλλη
1395 1842 1484 1889 τις
1534 1827 1817 1898 τραγῳδία
1849 1827 1884 1900 ἢ

296 1902 492 1956 κακῶν
516 1903 682 1969 Ἰλιὰς
707 1907 973 1980 ἄντικρύς
1001 1914 1153 1967 ἐστιν
1177 1930 1194 1946 ο
1225 1916 1330 1970 ὅσα
1361 1918 1474 1987 γὰρ
1508 1917 1717 1990 ὑπέστη
1745 1937 1883 1974 παν-

293 1995 552 2061 τοδαποῖς
588 2003 983 2069 προσπαλαίων
1017 2010 1233 2073 κακοῖς,
1268 2009 1356 2071 τίς
1405 2008 1473 2064 ἂν
1510 2011 1675 2066 ἄλλου
1701 2012 1884 2082 λέγον·

292 2105 389 2151 τος
413 2091 568 2161 ἥδιον
603 2094 636 2164 ἢ
677 2095 1046 2170 ἀληθέστερον
1074 2100 1419 2174 ἀκούσειενῆ
1449 2104 1617 2157 αὐτοῦ
1667 2107 1882 2160 ἐκείνου

292 2181 700 2254 διηγουμένους
735 2188 831 2242 καὶ
879 2189 1056 2243 ταῦτα
1090 2195 1201 2264 γὰρ
1232 2195 1265 2265 ἡ
1296 2196 1476 2266 χρυσῆ
1510 2196 1732 2264 γλῶττα
1762 2199 1887 2270 ἄρι-

294 2291 399 2329 στα
426 2279 527 2332 καὶ
555 2279 633 2344 ῶς
670 2282 839 2353 ἐχρῆν
889 2283 1160 2356 διεξῆλθε.
1190 2288 1568 2360 Κωνσταντίῳ
1600 2292 1711 2363 γὰρ
1749 2311 1885 2363 πρῖ-

296 2369 557 2443 σὸυτέρῳ
585 2372 747 2439 εὐθὺς
807 2379 872 2430 ὲκ
904 2376 1146 2442 Νικαίας
1196 2364 1448 2449 γράφων,
1478 2383 1652 2437 ταῦτα
1708 2386 1881 2458 δηλοῖ,

296 2459 440 2515 οὕτω
472 2466 612 2520 κατὰ
648 2469 801 2537 ῥῆμα
830 2470 1048 2535 διεξιών
1068 2489 1083 2505 ⁸

1994 642 2047 696 in
2103 659 2344 700 maerore
2379 647 2587 716 ingenti
2637 657 2803 711 esset,
2857 649 3030 703 Deum
3071 651 3284 713 orasse,
3343 658 3403 704 ut
3461 650 3569 705 sib:

1991 734 2289 798 indicaret.
2327 755 2566 808 quanam
2599 740 2728 796 sede
2780 752 2835 796 et
2864 742 3100 797 statione
3132 744 3283 797 illum
3313 744 3573 815 dignatus

1989 835 2370 897 esset;atque
2422 846 2547 884 cum
2596 831 2651 885 in
2702 831 2907 887 exstasi
2956 843 3343 889 consternatus
3398 846 3568 897 esset.
3674 868 3681 874 ι

1956 928 1961 933 ·
1991 926 2212 972 sanctos
2241 920 2467 988 quidem
2504 938 2699 978 omnes
2738 925 3102 979 circumcirca
3148 926 3343 980 ordine
3388 927 3574 981 consi-

1989 1016 2197 1061 steutes
2250 1010 2480 1075 vidisse,
2520 1014 2673 1067 illum
2734 1025 2920 1070 autem
2981 1016 3039 1095 in
3094 1022 3286 1072 eorum
3338 1034 3571 1072 numero

1991 1113 2101 1154 non
2133 1104 2507 1172 conspexisse.
2540 1107 2695 1170 Quod
2728 1109 2822 1163 ubi
2857 1110 3102 1180 graviter
3135 1112 3283 1175 tulit,
3307 1114 3563 1182 angelum

1989 1188 2040 1242 ei
2077 1198 2349 1247 astantem
2411 1196 2625 1250 doloris
2674 1198 2988 1253 molestiam
3063 1198 3337 1254 ademisse
3405 1210 3571 1269 atque

1994 1284 2229 1352 dixisse,
2268 1286 2430 1342 aliam
2464 1288 2662 1344 Joanni
2686 1290 2895 1355 sedem,
2943 1294 3052 1347 Deo
3094 1292 3569 1362 propinquinrem,

1990 1374 2376 1448 honoremque
2433 1383 2900 1450 prrcstantiorem,
2936 1392 2996 1437 ut
3033 1399 3143 1438 una
3199 1400 3324 1438 cum
3361 1384 3574 1452 angelis

1991 1468 2165 1523 Deum
2212 1471 2470 1527 laudibus
2505 1474 2692 1538 vehat,
2727 1474 2918 1529 datum
2950 1490 3092 1542 esse,
3129 1476 3196 1530 ad
3237 1477 3565 1531 stationem-

1991 1574 2098 1627 que
2149 1577 2269 1617 eam
2306 1569 2622 1632 perspicere
2661 1582 2768 1620 non
2824 1566 3008 1621 multis
3064 1565 3389 1635 permissum
3424 1580 3569 1620 esse.

1997 1654 2150 1707 «ΑΜ
2218 1653 2424 1725 itaque,
2464 1658 2664 1726 inquit,
2695 1670 2751 1714 et
2808 1658 2977 1713 animi
3043 1657 3292 1713 dolorem
3359 1660 3571 1713 omitte.

1992 1747 2153 1813 Quod
2216 1748 2366 1802 enim
2433 1750 2582 1805 hunc
2644 1767 2752 1805 non
2804 1749 2981 1815 vides,
3029 1748 3138 1806 non
3185 1761 3478 1821 propterea
3527 1753 3576 1807 is

1993 1855 2100 1893 non
2128 1839 2307 1906 adest,
2351 1842 2447 1896 sed
2478 1845 2664 1912 potius
2693 1858 2863 1913 supra
2912 1845 3116 1898 multos
3151 1854 3236 1898 est
3270 1862 3284 1898 :
3317 1855 3482 1915 atque
3518 1842 3573 1898 id

1990 1930 2313 1986 excellentis
2333 1943 2419 1987 est
2450 1932 2681 1989 honoris
2705 1934 3001 1990 indicium.
3042 1953 3061 1989 ο
3096 1935 3194 1990 llle
3220 1950 3373 1999 sane,
3412 1937 3572 1989 sicuti

1992 2020 2260 2088 diximus,
2290 2023 2558 2078 Joannem
2591 2027 2836 2097 excepit.
2869 2025 3002 2093 Quae
3034 2028 3249 2081 vero'ei
3285 2027 3339 2081 in
3371 2028 3575 2083 itinere

1990 2113 2265 2179 accidere,
2314 2116 2582 2186 tragtedia
2610 2116 2740 2181 alia,
2774 2132 2872 2172 seu
2910 2118 3183 2171 malorum
3236 2116 3366 2173 llias
3419 2134 3575 2189 pror-

1988 2218 2084 2258 sus
2103 2213 2255 2259 sunt.
2290 2208 2465 2270 Quam
2492 2207 2662 2261 variis
2683 2207 2831 2262 enim
2863 2222 2988 2262 cum
3020 2210 3287 2263 aerumnis
3310 2210 3578 2266 collucta-

1988 2311 2079 2355 tus
2109 2300 2208 2363 sit.
2240 2316 2269 2355 a
2300 2302 2527 2356 nemine
2556 2318 2618 2357 ea
2650 2318 2816 2372 quam
2848 2302 2917 2357 ab
2947 2303 3069 2373 ipso
3102 2314 3575 2359 commemorante

1982 2392 2287 2462 jucundius
2335 2401 2432 2448 aut
2465 2396 2655 2449 verius
2687 2397 2983 2466 quisquam
3033 2398 3379 2466 cognoverit.
3437 2397 3573 2451 Nam

1984 2499 2049 2539 ea
2090 2501 2314 2557 quoque
2378 2487 2523 2542 mala
2559 2502 2729 2543 aurea
2764 2488 2857 2542 illa
2890 2488 3105 2558 lingua,
3140 2489 3216 2543 ita
3265 2498 3322 2544 ut
3362 2489 3573 2555 decuit,

296 2555 511 2652 ορίξωθ
536 2562 814 2626 exPosuit.
849 2563 932 2619 Ad
961 2564 1343 2627 Constantium
1398 2573 1672 2644 siquidem
1714 2555 2118 2650 presbyterum,
2166 2555 2236 2638 es
2304 2584 2419 2652 ipsa
2492 2583 2677 2637 statim
2742 2584 2923 2638 Nica'a
2955 2555 3223 2648 scribens,
3251 2584 3366 2639 haec
3395 2583 3577 2652 verbi,-

300 2649 507 2708 talibus
541 2652 821 2725 siguilicat
861 2677 877 2716 :

881 2805 1136 2864 ΚΕΦᾹΛ.
1179 2810 1306 2866 ΚΖ’.

308 2905 637 2994 Ἐρξισςοᾼὴ
669 2913 779 2994 τοῦ
801 2916 967 2994 θείου
988 2920 1427 2994 Χρυσοστόμου
1452 2926 1605 2994 ὑπὲρ
1629 2925 1750 2981 τῶν
1777 2928 1885 2983 τοῦ

370 2941 471 2962 mu
488 2941 637 2992 tua."
669 2941 779 2969 wu
801 2941 967 2972 σειου
988 2941 1307 2987 Αρυσοστο
1356 2941 1427 2978 ου
1452 2941 1605 2994 ῡπερ
1629 2943 1750 2981 των
1777 2944 1885 2983 του

370 2982 535 3063 ρξου.
561 2983 945 3063 ἐκκλῃσιῶνο
981 2990 1084 3044 καὶ
1117 2941 1351 3061 parum;l
1375 2994 1488 3063 τῆς
1522 2997 1651 3051 κατ’
1696 3000 1886 3054 αὑτὸν

364 3049 610 3119 ἐξοριας
631 3053 730 3124 διή
742 3049 935 3126 Mone.

371 3181 392 3217 ι
432 3164 514 3235 Τῇ
542 3168 784 3243 τετάρτῃ
834 3171 930 3226 τοῦ
988 3174 1246 3246 Πανέμου
1282 3179 1458 3249 μηνὸς
1518 3183 1739 3253 μέλλων
1773 3185 1883 3240 ἀπὸ

297 3256 397 3325 τῆς
425 3257 665 3324 Νικαίας
691 3264 957 3336 ὲξορμᾷν,
988 3268 1166 3322 ταῦτα
1196 3271 1582 3346 διαπέμπομαι
1613 3278 1684 3333 τὰ
1704 3281 1884 3351 γράμ-

300 3366 447 3443 ματα
501 3354 647 3424 πρὸς
679 3355 780 3427 τὴν
810 3359 910 3431 σὴν
941 3359 1261 3419 θεοσέϐειαν
1313 3369 1681 3437 παρακαλῶν,
1743 3372 1882 3443 ὅπερ

296 3441 388 3536 ἀεὶ
404 3446 750 3536 παρακαλῶν
775 3450 879 3504 οὐκ
915 3450 1284 3527 ἐπαυσάμην·
1342 3459 1447 3513 κᾶν
1501 3441 1882 3536 χαλεπώτερος

294 3532 390 3586 τοῦ
415 3534 512 3589 νῦν
538 3540 867 3611 κατέχοντος
897 3545 1127 3617 γένηται
1179 3552 1208 3602 ὁ
1247 3552 1483 3621 χειμὼν,
1512 3555 1619 3609 κᾶν
1655 3532 1881 3626 μείζονα

294 3626 363 3678 τὰ
389 3627 636 3697 κύματα,
670 3633 746 3702 μὴ
771 3634 1076 3693 διαλείπειν
1103 3641 1172 3694 τὰ
1202 3647 1402 3697 σαυτοῦ
1430 3646 1775 3717 πληροῦντα,
1803 3649 1883 3713 είς

295 3716 398 3791 τήν
424 3721 751 3785 οἰκονομίαν
771 3718 840 3796 ἦς
891 3727 1129 3798 ὲξαρχῆς
1156 3732 1284 3801 ήψω
1305 3749 1320 3764 ·
1352 3734 1496 3802 λέγω
1517 3736 1581 3806 δὴ
1619 3738 1714 3791 τοῦ
1759 3739 1879 3793 Ἑλ-

295 3811 566 3881 ληνισμοῦ
590 3814 692 3884 τὴν
713 3814 1057 3885 καθαίρεσιν,
1077 3820 1186 3875 τῶν
1207 3824 1516 3895 ἐκκλησιῶν
1547 3828 1645 3892 τὰς
1670 3831 1880 3884 οἰκοδο-

296 3902 431 3972 μὰς,
462 3903 574 3957 τῶν
610 3905 801 3977 ψυχῶν
841 3908 942 3978 τὴν
970 3907 1314 3982 ἐπιμέλειαν.
1376 3918 1467 3988 Μὴ
1504 3919 1568 3990 δή
1592 3936 1653 3972 σε
1688 3919 1882 3976 ὕπτιον

296 3996 526 4050 ποιείτω
555 3996 665 4051 τῶν
694 4002 1046 4071 πραγμάτων
1081 4005 1114 4074 ἡ
1163 4006 1424 4063 δυσκολία
1443 4023 1457 4039 ⁸
1491 4011 1614 4064 οὐδὲ
1649 4013 1754 4083 γὰρ
1780 4032 1881 4067 κυ-

298 4085 569 4158 ϐερνήτης
605 4090 669 4142 τὸ
720 4093 962 4163 πέλαγος
1018 4096 1168 4166 ὀρῶν
1218 4102 1554 4171 μαινόμενον
1584 4105 1674 4156 καὶ
1710 4107 1882 4159 διανι-

296 4180 604 4248 στάμενον,
666 4184 1045 4256 ἀποστήσεται
1099 4190 1211 4244 τῶν
1275 4192 1518 4249 οίάκωνο
1573 4197 1697 4250 ἀλλο
1762 4198 1883 4253 ούδὲ

299 4271 485 4341 ἰατρὸς
506 4275 601 4329 τὸν
630 4280 910 4347 κάμνοντα
939 4280 1156 4351 βλέπων
1179 4286 1244 4355 τῇ
1296 4287 1440 4357 νόσῳ
1483 4289 1880 4360 κρατούμενον,

293 4364 651 4437 ἀναχωρήσει
706 4373 808 4442 τῆς
867 4372 1208 4442 θεραπείας’
1271 4375 1408 4431 ἀλλὰ
1456 4379 1580 4433 τότε
1642 4381 1881 4452 μάλιστα

293 4455 532 4548 ἕκαστος
562 4461 770 4514 τούτων
800 4466 867 4534 τῇ
913 4466 1077 4538 τέχνῃ
1134 4470 1402 4537 χρήσεται
1434 4472 1528 4527 καὶ
1577 4476 1643 4547 τῇ
1678 4476 1881 4548 προθυ-

2446 2815 2612 2887 [ιοθ
2647 2813 2873 2872 CAPUT
2913 2812 3130 2870 xxvu.

1997 2928 2235 3000 Epistola
2270 2929 2377 3000 diei
2408 2927 2789 3000 Cltrgsostorni,
2822 2942 2918 3000 pro
2952 2924 3181 3000 ecclesiis
3216 2925 3354 2982 Dei:
3386 2929 3572 3000 singu-

2333 2999 2464 3053 laris
2491 2997 2557 3053 de
2587 2997 2774 3054 exsilio
2808 2997 2923 3069 ejus
2959 2998 3224 3052 narratio.

2064 3199 2083 3234 ι
2108 3179 2290 3234 Nicaea
2316 3188 2515 3249 quarto
2545 3179 2750 3235 mensis
2774 3178 2908 3235 Julii
2950 3178 3042 3234 die
3069 3178 3378 3244 soluturus,
3407 3179 3574 3235 hasce

1986 3273 2055 3328 ad
2082 3273 2341 3342 pietatem
2370 3281 2519 3331 tuam
2564 3271 2686 3328 dedi
2728 3273 2964 3333 litteras.
2992 3272 3060 3328 ad
3094 3272 3150 3328 id
3177 3282 3229 3327 te
3254 3272 3574 3337 cohortaris,

1985 3364 2054 3419 ad
2081 3364 2229 3434 quod
2264 3380 2548 3435 nunquam
2595 3364 2878 3420 cohortari
2927 3363 3069 3420 desii
3118 3382 3132 3418 :
3165 3364 3416 3435 quamvis
3450 3381 3576 3435 gra-

1987 3460 2110 3515 vior
2164 3468 2435 3528 prasente
2499 3468 2831 3530 tempestate
2886 3459 3168 3529 procella,
3221 3461 3572 3531 maioresque

1985 3551 2190 3608 ﬂuetus
2221 3552 2506 3623 ingruant,
2541 3561 2601 3607 ut
2630 3569 2700 3608 ne
2741 3553 3082 3609 intermittas
3115 3568 3183 3608 ea
3229 3569 3352 3622 quae
3402 3552 3569 3608 cilicii

1987 3642 2068 3696 tui
2092 3651 2244 3705 sunt,
2277 3643 2331 3697 in
2371 3658 2438 3697 ea
2473 3658 2638 3712 quam
2668 3644 2737 3696 ab
2767 3643 2929 3698 initio
2962 3643 3160 3712 cepisti
3201 3642 3564 3697 administrac

1986 3737 2162 3797 tione,
2190 3735 2494 3805 adimplere
2529 3753 2543 3790 :
2573 3735 2775 3792 Graeca:
2792 3734 3212 3806 superstitionis
3229 3736 3573 3792 extermina-

1987 3829 2194 3883 tionem
2226 3828 2374 3891 dico,
2404 3829 2770 3884 ecclesiarum
2798 3828 3218 3889 aediﬁcationes,
3252 3829 3566 3882 animarum

1985 3933 2197 3974 curam.
2230 3919 2425 3987 Neque
2460 3929 2531 3974 to.
2569 3917 2832 3987 supinum
2887 3928 2986 3974 aut
3039 3918 3355 3997 socordem,
3383 3933 3571 3974 rerum

1985 4008 2281 4065 dillieultas
2332 4008 2520 4064 faciat.
2575 4008 2765 4079 Neque
2816 4009 2969 4064 enim
3049 4009 3409 4081 gubernator,
3470 4008 3567 4063 ubi

1987 4119 2139 4158 mare
2169 4103 2349 4173 ipsum
2372 4102 2638 4157 concitari
2669 4109 2726 4156 et
2747 4101 2937 4156 furere
2966 4100 3136 4165 videt,
3168 4115 3200 4155 a
3232 4101 3392 4154 navis
3413 4100 3571 4154 clavo

1985 4207 2044 4252 et
2093 4195 2486 4266 gubernaculis
2535 4193 2776 4249 discedit
2835 4208 2850 4244 :
2903 4198 3087 4261 neque
3142 4190 3419 4254 medicus,
3471 4189 3570 4246 ubi

1983 4306 2188 4360 aegrum
2218 4290 2410 4344 morbo
2434 4287 2636 4358 corripi
2659 4286 2859 4350 cernit,
2890 4285 3177 4339 curatione
3208 4281 3565 4350 supersedet:

1983 4382 2082 4437 sed
2113 4391 2230 4436 tum
2265 4381 2503 4435 maxime
2534 4389 2771 4449 uterque
2804 4378 3039 4432 istorum
3095 4386 3272 4431 artem
3322 4388 3479 4429 suam
3511 4382 3573 4429 et

1984 4471 2483 4542 promptitudinem
2531 4470 2782 4525 adhibet.
2837 4468 2958 4524 Non
3030 4477 3083 4525 te
3136 4469 3203 4522 ad
3255 4467 3569 4521 soc'ordiam

295 4547 417 4619 μιᾳ.
454 4551 546 4621 Μὴ
575 4552 640 4622 δὴ
675 4553 873 4609 ὕπτιον
899 4559 1124 4613 ποιείτω
1169 4578 1228 4614 σε
1263 4563 1332 4615 τὰ
1362 4547 1737 4636 συμϐαίνοντα
1762 4586 1780 4602 ο
1811 4569 1873 4622 ού

1987 4564 2239 4634 redigant
2274 4562 2570 4635 praesentia
2605 4562 2785 4628 mala;
2827 4576 2937 4615 non
2985 4561 3133 4615 enim
3182 4561 3252 4613 de
3304 4560 3389 4612 eis
3442 4573 3570 4627 quae

291 4642 403 4713 γὰρ
437 4643 581 4714 ὑπὲρ
636 4639 714 4698 ὧν
748 4646 998 4702 ποιοῦσιν
1027 4652 1177 4719 ἡμᾶς
1209 4653 1391 4723 ἕτεροι
1454 4658 1667 4720 κακῶν,
1720 4660 1879 4729 λόγον

291 4734 542 4806 δώσομεν
566 4751 583 4768 ·
616 4737 758 4792 ἀλλὰ
798 4741 893 4795 καὶ
925 4743 1122 4813 μισθὸν
1162 4746 1475 4816 ληψόμεθα.
1529 4750 1588 4802 El
1617 4751 1675 4805 δὲ
1723 4754 1879 4806 αὐτοὶ

290 4826 362 4879 τὰ
392 4828 526 4898 παρ’
556 4830 769 4884 ἑαυτῶν
796 4833 871 4903 μὴ
901 4835 1336 4907 είσενέγκοιμεν,
1364 4839 1501 4894 ἀλλὰ
1530 4844 1880 4914 ρᾳθυμήσαι-

293 4936 417 4990 μεν,
448 4922 602 4975 οὐδὲν
625 4925 704 4986 είς
726 4926 886 4980 τοῦτο
918 4924 1079 4998 ήμῶν
1103 4932 1478 5002 προστήσεται
1512 4936 1541 4987 ὁ
1564 4936 1675 4989 τῶν
1699 4953 1878 5007 πραγ·

294 5013 487 5080 μάτων
548 5013 802 5085 θόρυϐος.
880 5019 1042 5073 Ἐπεὶ
1095 5021 1192 5075 καὶ
1248 5023 1465 5088 Παῦλος
1524 5025 1878 5100 δεσμωτήρια

289 5106 481 5171 οἰκῶν,
514 5109 607 5162 καὶ
638 5109 717 5181 τῷ
740 5110 883 5187 ξύλῳ
911 5113 1366 5185 προσδεδεμένος,
1394 5118 1465 5170 τὰ
1485 5117 1651 5173 αὐτοῦ
1674 5122 1875 5174 ἐποίειο

292 5198 388 5250 καὶ
410 5197 595 5262 Ἰωνᾶς
625 5201 685 5252 ἐν
720 5194 921 5271 γαστρὶ
951 5202 1049 5255 τοῦ
1075 5203 1369 5259 θαλαττίου
1412 5206 1607 5279 θηρίου
1639 5210 1877 5281 φερόμε-

291 5303 416 5351 νοςο
450 5290 546 5343 καὶ
575 5290 626 5342 oi
668 5296 816 5361 τρεῖς
880 5293 1072 5354 παῖδες
1102 5295 1153 5346 οἱ
1196 5297 1257 5349 ἐν
1307 5300 1375 5367 τῇ
1416 5301 1632 5370 καμίνῳ
1663 5299 1875 5374 διατρί-

292 5380 481 5443 6οντες
501 5398 515 5412 ⁸
546 5383 642 5435 καὶ
674 5384 866 5438 οὐδένα
899 5385 1109 5440 τούτων
1137 5388 1207 5441 τὰ
1242 5389 1467 5443 ποικίλα
1521 5391 1877 5465 δεσμωτήρια

291 5471 469 5527 ταῦτα
528 5476 910 5548 ῥᾳθυμότερον
961 5482 1249 5552 πεποίηκε.
1312 5481 1480 5535 Ταῦτ’
1511 5481 1607 5538 οὖν
1650 5484 1871 5551 ἐννοῶν,

292 5564 529 5619 δέσποτά
564 5584 691 5636 μου,
753 5572 850 5622 καὶ
907 5572 1163 5643 Φοινίκης
1203 5573 1583 5645 καὶἋραϐίας
1635 5577 1877 5631 καὶτῶν

294 5656 437 5710 κατὰ
466 5657 568 5728 τὴν
592 5661 860 5734 ἀνατολὴν
884 5665 959 5733 μὴ
994 5665 1177 5737 παύσῃ
1206 5666 1509 5736 ιρροντέζων
1542 5668 1870 5738 ἐκκλησιῶν·

292 5749 447 5814 εἰδὼς
486 5752 568 5804 ὅτι
605 5752 829 5805 πλείονα
853 5755 1001 5829 λήψῃ
1031 5760 1122 5809 τὶν
1164 5760 1380 5827 μισθὸν,
1406 5761 1515 5831 ὅσῳ
1560 5761 1655 5812 καὶ
1682 5760 1873 5814 τοσού-

292 5854 398 5894 των
421 5839 737 5897 δντωννεῶν
759 5845 1125 5916 κωλυμότων,
1186 5848 1248 5901 τὰ
1278 5850 1429 5921 παρὰ
1456 5848 1653 5903 σμυτώ
1688 5851 1871 5922 εἰσφέ-

1986 4657 2150 4711 nobis
2191 4656 2511 4711 inferuntur
2562 4653 2992 4715 calamitatibus,
3045 4652 3327 4720 rationem,
3368 4651 3570 4705 redde-

1986 4762 2132 4810 mus,
2160 4747 2295 4814 quin
2326 4746 2514 4817 potius
2547 4745 2861 4800 mercedem
2908 4744 3269 4815 accipiemus.
3319 4742 3377 4797 Si
3434 4757 3569 4796 vero

1984 4854 2048 4893 ea
2076 4854 2201 4909 quae
2234 4840 2291 4893 in
2329 4838 2490 4892 nobis
2519 4847 2675 4904 sunt,
2705 4839 2758 4891 in
2785 4837 3090 4892 Ecclesiam
3120 4852 3231 4890 non
3255 4833 3566 4890 contuleri-

1985 4947 2132 4999 mus,
2163 4932 2259 4986 sed
2318 4931 2536 4987 desides
2594 4932 2890 4992 luerimus,
2924 4929 3061 4983 nihil
3114 4944 3216 4984 nos
3265 4943 3332 4983 ea
3393 4928 3448 4982 in
3504 4943 3566 4983 re

1983 5026 2273 5098 adiuvabit
2303 5035 2397 5081 aut
2436 5026 2695 5081 defendet
2728 5026 2995 5079 malorum
3036 5024 3307 5078 tumultus
3337 5042 3350 5079 :
3384 5039 3565 5092 quan-

1982 5118 2281 5189 doquidem
2314 5128 2369 5174 et
2401 5118 2604 5173 Paulus
2635 5131 2915 5172 carcerem
2948 5116 3214 5180 incolens,
3244 5116 3297 5169 in
3328 5115 3566 5171 vinculis

1985 5210 2226 5265 cilicium
2270 5225 2433 5265 suum
2466 5211 2617 5264 fecit.
2679 5210 2750 5264 Et
2793 5208 2961 5264 Jonas
3011 5207 3066 5261 in
3120 5219 3313 5263 ventre
3369 5208 3566 5264 belluas

1982 5303 2215 5356 marina:
2243 5302 2491 5356 inclusus
2516 5300 2645 5363 fuit,
2682 5310 2737 5354 et
2769 5308 2882 5355 tres
2913 5299 3073 5370 pueri
3113 5300 3168 5354 in
3195 5304 3417 5355 camino
3446 5316 3565 5355 ver-

1980 5393 2083 5447 sati
2118 5402 2246 5447 sunt
2275 5408 2289 5445 :
2326 5407 2507 5461 neque
2542 5388 2723 5445 tamen
2761 5392 2959 5445 horum
2982 5405 3314 5460 quemquam
3350 5391 3564 5446 vincula

1979 5486 2130 5539 varia
2160 5484 2225 5539 ad
2257 5484 2525 5538 desidiam
2558 5484 2843 5553 redegere.
2874 5482 3003 5539 Haec
3029 5485 3145 5553 ipsa
3179 5494 3360 5540 tecum
3395 5499 3564 5553 repu-

1983 5585 2126 5640 tans,
2168 5576 2390 5631 domine
2430 5577 2529 5637 mi,
2573 5590 2639 5630 ne
2681 5576 2932 5631 omiseris
2972 5576 3290 5641 thuieiae,
3324 5576 3563 5641 Arabia,
3649 5646 3655 5653 ‘

1979 5678 2035 5723 et
2065 5668 2307 5723 Orientis
2347 5668 2704 5724 ecclesiarum
2745 5685 2935 5724 curam
2969 5686 3163 5740 gerere
3199 5688 3212 5723 :
3260 5671 3391 5725 illud
3439 5684 3562 5739 per-

1978 5775 2202 5815 suasum
2236 5760 2471 5827 habens,
2504 5762 2839 5832 locupletem
2873 5771 2925 5818 te
2955 5763 3267 5818 mercedem
3305 5771 3559 5831 receptu-

1978 5868 2100 5907 rum
2179 5866 2331 5919 esse,
2421 5853 2465 5906 si
2541 5862 2615 5909 tot
2697 5863 2751 5907 et
2835 5854 3005 5911 tantis
3075 5852 3557 5909 intercedentibus

2051 6137 2081 6157 δ
