4006 6552
397 400 534 464 1019

1615 405 2028 469 NICEPHORI
2077 405 2424 466 CALLISTI

1154 487 1174 510 \

399 524 831 592 impedimentis,
865 541 926 578 ea
951 541 1072 594 qua:
1107 527 1162 580 in
1207 538 1258 582 te
1305 534 1456 590 sunt,
1510 527 1594 580 eis
1641 527 1964 582 contuleris.

2092 541 2204 584 ιετς.
2243 524 2352 574 Καὶ
2408 523 2640 592 γράφειν
2693 518 2748 572 δέ
2781 521 2912 590 ἡμῖν
2970 518 3207 589 συνεχῶς
3248 519 3320 588 μὴ
3362 519 3641 573 κατόκνει.

395 615 582 684 Neque
630 617 726 669 tibi
786 631 950 685 grave
1003 619 1094 680 sit,
1150 617 1513 674 creberrimas
1549 619 1612 673 ad
1679 636 1778 673 nos
1836 622 1964 676 dare

395 705 628 760 litteras.
657 707 790 760 Nam
821 707 985 762 sicuti
1021 725 1167 764 nunc
1216 711 1588 778 cognovimus,
1641 727 1750 764 non
1793 711 1964 765 Seba-

397 796 580 859 stiam,
629 798 723 852 sed
781 798 1058 854 Cucusum
1099 801 1401 855 exsulatum
1439 801 1516 856 ire
1562 801 1696 870 iussi
1747 817 1961 866 sumus,

397 901 503 954 quo
529 887 626 940 tibi
663 888 875 944 litteras
910 891 1125 946 mittere
1155 893 1369 948 facilius
1391 895 1514 948 erit.
1547 893 1762 949 Scribes
1799 894 1963 962 igitur

397 977 580 1039 nobis,
611 988 746 1046 quot
773 995 917 1033 anno
941 981 1182 1050 quolibet
1229 983 1508 1038 aedificatae
1553 986 1662 1038 sint
1687 985 1962 1048 ecclesias,

398 1077 454 1121 et
488 1069 580 1135 qui
613 1069 715 1122 viri
751 1071 923 1125 saucli
966 1075 1016 1125 in
1065 1074 1398 1129 Pltmniciam
1441 1078 1873 1147 commigrariut,
1911 1084 1964 1134 ct

400 1160 442 1211 si
473 1175 592 1226 qua;
611 1161 811 1230 majora
842 1166 1169 1219 accesserint
1200 1167 1549 1223 incrementa.
1575 1170 1787 1225 Etenim
1835 1186 1960 1226 cum

365 1247 370 1252 ’
401 1249 677 1303 Nicaenum
701 1253 989 1321 quemdam
1019 1259 1342 1313 monachum
1375 1275 1512 1315 casm
1536 1277 1647 1316 suae
1692 1263 1960 1317 inclusum

401 1343 749 1407 reperissent,
774 1345 822 1396 ei
858 1356 914 1397 ttt
937 1347 1002 1399 ad
1041 1348 1291 1416 pietati-tn
1325 1361 1468 1405 tuam
1504 1355 1680 1408 iretet
1717 1356 1768 1408 itt
1800 1358 1965 1412 Plite-

402 1433 599 1487 niciam
636 1436 1098 1502 proﬁcisceretur,
1133 1445 1399 1511 persuasi.
1433 1445 1512 1499 An
1541 1447 1586 1500 is
1610 1448 1674 1501 ad
1709 1461 1759 1503 te
1797 1465 1964 1505 vene-

403 1528 496 1590 ri't,
526 1526 610 1581 fac
643 1531 830 1585 sciam.
857 1531 1018 1603 507
1067 1533 1140 1588 De
1191 1535 1487 1602 Salamine,
1523 1540 1666 1607 quod
1703 1542 1963 1610 oppidum

402 1628 484 1671 est
513 1637 618 1676 non
647 1624 807 1692 longe
841 1640 869 1678 a
901 1625 1044 1702 Cyro
1077 1628 1268 1689 situm,
1297 1637 1352 1682 et
1396 1629 1465 1682 ab
1504 1631 1696 1685 haeresi
1743 1633 1971 1687 Marcio-

403 1711 669 1766 nistarum
736 1731 1055 1784 Oppressum
1108 1727 1228 1780 est,
1281 1728 1507 1774 acturus
1581 1738 1704 1774 cum
1766 1724 1967 1792 quibus

2075 615 2207 668 ἀλλὰ
2237 615 2330 667 καὶ
2355 613 2688 667 πυκνότατα.
2732 613 2820 676 Ὠς
2865 613 2974 680 γὰρ
3022 612 3270 680 ἔγνωμεν
3303 612 3419 672 νῦν,
3456 613 3646 665 οὐκέτι

2071 709 2150 769 εἰς
2185 707 2538 772 Σεϐάστειαν,
2573 704 2689 758 ἀλλ’
2718 707 2798 766 εἰς
2841 704 2940 772 τὴν
2969 704 3281 757 Κουκουσδν
3319 702 3637 772 ἐκελεύσθη-

2080 815 2181 866 μεν
2211 798 2489 860 ἀπελθεῖν,
2523 798 2659 850 ὅπου
2685 813 2768 848 σοι
2791 796 2886 849 καὶ
2917 794 3285 863 εὐκολώτερον
3307 794 3642 847 ἐπιστέλλειε.

2071 894 2225 958 ἡμῖν.
2275 891 2458 960 Γράφε
2512 889 2690 942 τοίνυν
2737 890 2888 958 ἡμῖν,
2938 888 3102 941 πόσαι
3152 905 3210 940 τε
3239 886 3634 955 ἐκκλησιαιέπ

2071 982 2189 1044 ἔτος
2213 981 2662 1051 ᾠκοδομήοησαν,
2698 982 2792 1034 καὶ
2820 980 2966 1041 τίνες
2990 979 3182 1047 ἄνδρες
3209 979 3354 1045 άγιοι
3378 977 3620 1046 μετέστη

2074 1089 2172 1125 σιν
2202 1075 2282 1135 είς
2307 1077 2408 1142 τὴν
2441 1073 2715 1140 Φοινίκην,
2753 1073 2848 1125 καὶ
2878 1070 3037 1133 εἴτις
3067 1069 3268 1122 πλείων
3290 1070 3479 1138 γέγονε
3505 1084 3638 1130 προ-

2072 1166 2232 1232 κοπή.
2276 1166 2381 1217 Καὶ
2406 1165 2512 1233 γὰρ
2542 1164 2650 1217 ἀπὸ
2683 1164 2912 1224 Νικαίας
2968 1161 3146 1233 εὑρών
3178 1178 3300 1214 τινα
3333 1159 3638 1230 μονάζοντα

2071 1255 2545 1322 ἐγκεκλεισμένον,
2575 1254 2768 1306 ἔπεισα
2814 1253 2980 1306 αὑτὸν
3012 1253 3188 1306 ἐλθεῖν
3239 1251 3373 1321 πρὸς
3415 1251 3515 1320 τὴν
3543 1250 3643 1315 ait)

2073 1346 2382 1407 εὐλάϐειαν,
2413 1347 2508 1398 καὶ
2551 1345 2808 1398 ἀπελθεῖν
2840 1347 2921 1406 είς
2941 1345 3039 1415 τὴν
3061 1344 3342 1410 Φοινίκην,
3369 1343 3430 1394 Ei
3467 1358 3626 1410 παρα

2073 1439 2300 1504 γέγονεν
2322 1433 2434 1502 οὖν,
2460 1436 2700 1507 δηλῶσαί
2734 1454 2823 1506 μοι
2851 1437 3179 1490 σπούδασον.
3205 1435 3313 1489 Τοῦ
3337 1435 3653 1502 Σαλαμῖνος,

2071 1527 2260 1578 ἕνεκεν
2297 1527 2498 1597 χωρίου
2548 1526 2639 1580 τοῦ
2695 1529 2836 1581 κατά
2864 1528 2964 1597 τὴν
3013 1527 3197 1595 Κύρον
3233 1525 3514 1591 κειμένου,
3548 1524 3652 1576 τοῦ

2077 1621 2180 1674 ὑπῦ
2215 1619 2314 1688 τῆς
2335 1620 2602 1689 αἱρέσεως
2633 1619 2742 1672 τῶν
2779 1619 3218 1690 Μαρκιωνιστῶν
3243 1615 3652 1686 πολιορκουμέ-

2075 1730 2192 1776 νου,
2227 1712 2375 1782 ήμην
2409 1711 2776 1780 διειλεγμένος
2811 1706 2891 1774 οἷς
2925 1711 3117 1781 ἐχρῆν,
3146 1711 3240 1763 καὶ
3259 1706 3653 1780 κατωρθωκὼς

403 1804 665 1873 oportuit,
725 1816 780 1859 et
851 1823 964 1862 rem
1024 1823 1240 1862 omnem
1311 1822 1459 1866 recte
1527 1815 1970 1870 conformaturus

2092 1800 2135 1853 τὸ
2169 1801 2276 1852 πᾶν
2299 1815 2311 1829 ·
2349 1799 2464 1853 ἀλλ’
2492 1800 2663 1870 ἔφθην
2685 1800 2997 1870 ἐκϐληθείς.
3030 1800 3092 1852 Ei
3133 1798 3314 1852 τοίνυν
3348 1797 3527 1866 μάθῃς
3553 1793 3660 1848 τὸν

405 1889 637 1955 fueram,
659 1895 759 1949 nisi
785 1895 993 1964 ejectus
1015 1912 1212 1952 essem.
1238 1899 1390 1964 Quod
1416 1901 1459 1956 si
1485 1903 1765 1958 dominum
1793 1921 1972 1960 meum

407 1981 696 2052 Cyriacum
740 1988 1065 2057 episcopum
1095 1990 1571 2060 Constantinopoli
1618 2011 1742 2050 esse
1773 2012 1980 2066 cogno-

408 2075 576 2140 veris,
607 2079 790 2132 scribe
817 2080 882 2133 ad
914 2095 1038 2134 eum
1079 2081 1180 2136 hac
1219 2083 1283 2137 de
1315 2099 1502 2151 causa,
1535 2094 1588 2140 et
1637 2090 1895 2156 perlicere
1935 2089 1980 2143 is

408 2166 591 2218 omnia
637 2167 856 2235 poterit.
905 2169 1208 2225 Cohortare
1263 2189 1489 2238 omnes,
1532 2186 1585 2231 et
1634 2177 1977 2245 potissimum

412 2256 508 2322 qui
557 2256 807 2312 ﬁduciam
859 2263 1000 2329 apud
1051 2262 1218 2318 Deum
1269 2264 1505 2328 habent,
1549 2276 1606 2321 ut
1652 2269 1882 2322 multum
1923 2280 1981 2324 et

414 2348 636 2402 assidue
712 2359 891 2412 orent,
962 2360 1020 2404 ut
1093 2370 1334 2422 praesens
1409 2356 1559 2410 orbis
1634 2360 1979 2430 naufragium

416 2442 796 2509 conquiescat.
851 2443 1225 2499 lntolerabilia
1270 2449 1417 2501 enim
1475 2448 1680 2514 Asiam,
1737 2452 1982 2521 aliasque

421 2535 587 2589 urbes
612 2544 666 2588 et
715 2536 978 2591 ecclesias
1008 2538 1260 2594 invasere
1294 2542 1434 2595 mala
1463 2559 1475 2593 :
1525 2559 1645 2612 qum
1681 2545 1980 2610 sigillatitn,

419 2643 488 2681 ne
525 2627 786 2682 molestus
817 2644 937 2683 esse
972 2630 1177 2696 videar,
1222 2647 1547 2689 enumerare
1594 2638 1927 2704 sitpersedeo
1965 2655 1980 2693 :

419 2729 586 2788 atque
632 2736 799 2774 unum
845 2721 979 2775 illttd
1030 2723 1176 2786 dico,
1227 2725 1392 2780 multa
1449 2743 1598 2782 nunc
1653 2739 1704 2782 et
1764 2731 1983 2786 assidua

420 2828 664 2881 peropus
695 2827 814 2868 esse
841 2814 1178 2882 precatione.
1221 2835 1239 2868 ι
1276 2817 1334 2872 In
1373 2819 1476 2872 alia
1527 2835 1717 2875 rursus
1757 2823 1984 2891 epistola

419 2905 494 2956 ita
530 2903 708 2972 inquit
733 2921 748 2958 :
778 2922 795 2954 t
825 2903 980 2970 Quod
1010 2905 1053 2959 si
1087 2907 1140 2960 in
1166 2922 1386 2962 carcere
1419 2909 1637 2978 degitis,
1669 2913 1986 2982 catenisun

422 2997 617 3060 vincti,
654 3007 710 3051 et
747 3013 871 3052 cum
907 2999 1171 3068 squalidis
1199 3011 1254 3053 et
1283 3001 1526 3056 sordidis
1557 3002 1876 3057 hominibus
1932 3004 1984 3058 in

424 3088 705 3143 custodias
758 3090 956 3145 inclusi
1012 3092 1166 3156 estis,
1220 3101 1512 3160 propterea
1560 3094 1707 3162 quod
1753 3098 1983 3148 istorum

2079 1893 2267 1962 κύριόν
2295 1910 2395 1962 μου
2427 1893 2708 1962 κυριακὸν
2737 1892 2830 1945 τὸν
2861 1891 3169 1944 ἐπίσκοπον
3197 1889 3291 1942 ἐπὶ
3337 1890 3437 1957 τῆς
3488 1889 3655 1940 Kom-

2076 1985 2598 2039 σταντινουπολιτῶν
2623 1983 2952 2054 διατρίϐειν,
2985 1982 3294 2036 ἐπίστειλον
3336 1980 3486 2049 αύτῷ
3515 1977 3653 2031 ταύ-

2073 2097 2172 2147 της
2200 2079 2386 2132 ἕνεκεν
2408 2079 2506 2147 τῆς
2540 2079 2872 2142 ὑποθέσεως,
2927 2079 3023 2131 καὶ
3045 2075 3106 2128 τὸ
3148 2076 3258 2128 πᾶν
3287 2073 3472 2127 ἀνύειν
3495 2071 3660 2141 δυνή·

2079 2186 2250 2224 σεται,
2282 2169 2500 2232 Πάντας
2521 2169 2618 2221 καὶ
2647 2167 2884 2238 μάλιστα
2913 2170 3034 2229 τοὺς
3065 2165 3382 2237 παρρησίαν
3417 2165 3657 2232 ἔχοντας

2078 2259 2214 2328 πρὸς
2252 2259 2342 2311 τὸν
2365 2259 2496 2311 Θεὸν
2528 2257 2838 2327 παρακάλει
2863 2256 3031 2326 πολλῇ
3058 2255 3364 2324 κεχρῆσθαι
3387 2257 3454 2324 τῇ
3485 2254 3653 2320 εὐχῇ,

2080 2345 2246 2415 πολλῇ
2279 2349 2344 2416 τῇ
2383 2345 2652 2413 ἐκτενείᾳ,
2685 2343 2826 2398 ὥστε
2883 2344 2944 2396 τὸ
2977 2344 3076 2410 τῆς
3117 2343 3448 2410 οἰκουμένης
3487 2339 3660 2391 τοῦτο

2079 2436 2339 2502 ναυάγιον
2376 2434 2691 2486 παύσασθαι
2715 2449 2729 2462 ⁶
2771 2434 3020 2504 ἀφόρητα
3051 2432 3158 2503 γὰρ
3202 2432 3297 2484 καὶ
3331 2431 3428 2498 τὴν
3461 2427 3658 2481 Ἀσίαν

2081 2527 2347 2581 κατέλαϐε
2398 2529 2564 2591 κακὰ,
2625 2527 2720 2580 καὶ
2755 2527 2950 2596 ἐτέρας
3005 2526 3062 2579 δὲ
3116 2524 3300 2587 πόλεις
3329 2525 3424 2576 καὶ
3453 2523 3664 2592 ἐκκληο

2083 2618 2222 2680 σίας.
2269 2618 2473 2686 "Amp,
2515 2617 2602 2669 ἵνα
2631 2616 2707 2686 μὴ
2737 2615 2878 2669 δοκῶ
2903 2614 3394 2685 διενοχλεῖν,ἁφεὶς
3428 2613 3488 2666 τὸ
3519 2614 3664 2666 καθ’

2082 2709 2311 2762 ἑκαστον
2338 2707 2537 2774 λέγειν,
2571 2707 2748 2759 ἐκεῖνο
2781 2707 2942 2774 μόνον
2973 2705 3104 2772 ἐρῶ,
3130 2705 3213 2756 δτι
3239 2703 3410 2771 εὐχῶν
3440 2701 3662 2753 πολλῶν

2083 2801 2242 2870 χρεία
2286 2801 2377 2852 καὶ
2417 2801 2654 2867 δεήσεων
2707 2797 2968 2852 ἐκτενῶν.
3005 2815 3024 2848 ι
3058 2796 3170 2850 Καὶ
3219 2795 3379 2848 πάλιν
3430 2796 3488 2847 ἐν
3516 2793 3664 2865 ἄλλῃ

2083 2891 2192 2945 τῶν
2224 2889 2521 2943 ἐπιστολῶν
2550 2889 2692 2942 οὕτω
2725 2881 2925 2959 φησίνὀ
2963 2905 2983 2938 ι
3021 2887 3084 2940 Ei
3106 2887 3214 2956 γὰρ
3240 2888 3334 2938 καὶ
3359 2885 3662 2956 δεσμωτή-

2089 3000 2202 3051 ριον
2230 2984 2451 3044 οἰκεῖτε,
2483 2982 2578 3034 καὶ
2624 2983 2812 3033 ἅλυσιν
2865 2977 3206 3049 περίκεισθε,
3237 2979 3331 3029 καὶ
3373 2977 3508 3045 μετὰ
3544 2975 3664 3027 τῶν

2088 3074 2426 3145 αὐχμώντων
2454 3075 2548 3127 καὶ
2609 3072 2907 3144 ῥυπώντων
2946 3071 3069 3123 ἐστὲ
3103 3067 3659 3136 κατακεκλεισμένοι,

423 3179 700 3249 iniquitati
734 3197 842 3235 non
877 3186 1224 3250 consentitis,
1255 3186 1525 3240 exsultate
1573 3201 1639 3240 eo
1678 3187 1901 3241 nomine
1933 3197 1987 3242 et

2092 3168 2274 3221 ἕνεκεν
2321 3165 2412 3221 τοῦ
2455 3165 2532 3236 μὴ
2589 3164 2876 3218 συνθέσθαι
2934 3165 2999 3234 τῇ
3048 3162 3258 3216 τούτων
3311 3159 3664 3229 παρανομίᾳ,

421 3268 751 3340 gloriamini,
815 3273 1074 3342 quoniam
1127 3275 1365 3345 ingentis
1436 3275 1575 3330 lucri
1659 3277 1771 3331 haec
1832 3277 1989 3332 vobis

425 3362 646 3416 occasio
678 3371 828 3418 sunt.
879 3364 1336 3434 Quandoquidem
1365 3375 1423 3421 et
1469 3383 1569 3422 nos
1619 3368 1814 3434 attriti,
1856 3383 1990 3422 con-

427 3454 631 3524 sumpti
705 3463 762 3509 et
815 3457 1095 3514 sexcentis
1154 3457 1352 3512 mortis
1409 3458 1705 3527 generibus
1755 3459 1990 3514 confecti

426 3563 667 3602 sumus:
703 3547 755 3602 id
811 3549 956 3617 quod
1011 3549 1331 3604 renuntiare
1389 3560 1541 3605 certo
1597 3561 1847 3620 possunt,
1897 3551 1991 3620 qui

426 3638 578 3692 brevi
609 3639 773 3692 etiam
797 3648 1074 3694 momento
1095 3640 1383 3695 nobiscum
1409 3641 1562 3695 fuere
1597 3660 1610 3695 :
1641 3658 1762 3696 eum
1792 3644 1994 3712 quibus

429 3728 670 3798 οοιιοιμιί
719 3745 828 3784 non
881 3731 1072 3800 potui,
1129 3741 1355 3803 prepter
1418 3735 1711 3790 continuas
1772 3735 1994 3801 febres,

429 3820 634 3888 quibus
682 3836 804 3874 sum
845 3832 1169 3892 occupatus,
1215 3824 1528 3895 quibusque
1575 3826 1667 3880 diu
1719 3836 1996 3896 noctuque

431 3910 681 3974 amictus,
732 3911 838 3965 iter
889 3920 1068 3968 tamen
1128 3912 1309 3970 facere
1360 3931 1588 3970 necesse
1623 3917 1810 3980 habui,
1859 3925 1993 3970 astu

432 4019 750 4074 oppressus.
785 4005 1060 4061 insomnia
1104 4006 1484 4073 labefactatus,
1523 4023 1705 4062 rerum
1749 4023 1999 4063 necessa-

433 4097 642 4151 riarum
675 4112 814 4165 penu
825 4097 925 4160 ria,
947 4107 1372 4168 curatorumque
1391 4115 1484 4154 seu
1503 4099 1848 4154 defensorum
1885 4099 2001 4153 ίιιο⁴

433 4189 524 4259 pia
555 4187 860 4244 confectus.
895 4189 1033 4244 Nam
1072 4199 1126 4244 et
1159 4191 1226 4244 iis
1258 4189 1350 4255 qui
1397 4190 1478 4244 vel
1513 4191 1566 4243 in
1599 4191 1832 4244 metallis
1861 4206 2002 4260 opus

436 4279 670 4343 faciunt,
715 4281 801 4334 vel
839 4295 1120 4335 carcerein
1164 4281 1433 4345 incolunt,
1483 4282 1642 4350 longe
1681 4281 1904 4334 duriora
1949 4292 2005 4337 et

437 4373 585 4440 passi
621 4386 833 4436 sumus,
863 4381 919 4425 et
951 4371 1250 4426 etiamnum
1283 4373 1542 4441 patimur.
1570 4371 1637 4425 Et
1673 4374 1759 4425 vix
1790 4374 2003 4426 tandem

436 4467 741 4522 Caesaream
772 4481 836 4518 ex
873 4472 1195 4532 tempestate
1225 4465 1276 4516 itt
1316 4473 1534 4532 portum
1582 4463 1850 4518 venimus.
1898 4465 2004 4520 Sed

2091 3259 2206 3312 ἀλλ’
2236 3253 2328 3310 οὖν
2349 3256 2610 3327 σκιρτᾶτε
2648 3255 2740 3308 καὶ
2794 3252 3148 3322 ἀγαλλιᾶσθε,
3181 3251 3264 3303 ὅτι
3295 3247 3496 3317 πολλῆς
3523 3247 3667 3314 ὑμῖν

2093 3345 2364 3417 ἐμπορίας
2385 3345 2640 3406 ὑπόθεσις
2667 3342 2845 3396 ταῦτα
2872 3358 2886 3372 ο
2915 3341 3038 3394 ἐπεὶ
3063 3341 3157 3393 καὶ
3183 3340 3344 3410 ἡμεῖς
3371 3337 3665 3407 ἀνηλώθη-

2095 3457 2215 3510 μεν,
2239 3436 2680 3505 ἐδαπανήθημεν,
2733 3435 2950 3504 μυρίοις
2986 3432 3336 3499 ἀπεθάνομεν
3379 3430 3665 3486 θανάτοις.

2093 3527 2203 3580 Καὶ
2228 3526 2398 3579 ταῦτα
2443 3524 2624 3577 ἴσασιν
2672 3522 3066 3592 ἀκριὸἐστερον
3112 3515 3437 3586 ἀναγγεῖλαι
3475 3515 3526 3566 oi
3564 3515 3668 3566 καὶ

2096 3619 2356 3688 βραχεῖαν
2382 3615 2554 3686 ῥοπὴν
2583 3615 2716 3683 ἡμῖν
2771 3610 3162 3680 συγγενόμενοι
3185 3625 3199 3640 ο
3250 3607 3389 3677 πρὶς
3411 3604 3504 3668 υῦς
3537 3604 3668 3656 οὐδὲ

2095 3707 2444 3777 διαλεχθῆναί
2468 3725 2518 3760 τι
2545 3705 2833 3774 ἐδυνήθην,
2865 3704 2971 3756 ὑπὸ
2994 3703 3103 3754 τῶν
3129 3698 3367 3769 συνεχῶν
3412 3697 3670 3766 πυρετῶν

2098 3801 2608 3869 καταϐεϐλημένοςο
2663 3796 2758 3860 οὒς
2814 3796 2954 3864 ἔχων
3005 3795 3099 3847 καὶ
3160 3795 3216 3846 ἐν
3264 3791 3423 3846 νυκτὶ
3477 3789 3576 3841 καὶ
3609 3790 3671 3840 ἐν

2096 3894 2303 3964 ἡμέρᾳ,
2335 3892 2639 3957 ὁδοιπορεῖν
2662 3889 3075 3959 ἠναγκαζόμην,
3104 3887 3200 3942 καὶ
3227 3884 3422 3938 θάλπει
3445 3880 3666 3948 πολιορο

2098 3987 2387 4054 κούμενος,
2433 3985 2531 4038 καὶ
2578 3982 2683 4034 ύπό
2735 3981 2837 4049 τῆς
2888 3979 3000 4032 τῶν
3047 3977 3370 4047 ἐπιτηδείων
3428 3974 3672 4046 ἐρημίας

2101 4077 2494 4146 ἀπολλύμενος,
2519 4075 2728 4141 καὶτῆς
2760 4071 2869 4124 τῶν
2922 4069 3381 4141 προστησομένων
3409 4065 3670 4136 ἀπορίας.

2103 4167 2209 4219 Καὶ
2233 4165 2341 4234 γὲρ
2372 4165 2479 4216 τῶν
2505 4163 2570 4214 τὰ
2602 4159 2844 4231 μέταλλα
2895 4157 3304 4230 ἐργαζομένων,
3351 4157 3448 4209 καὶ
3495 4156 3563 4208 τὰ
3587 4155 3677 4207 δε-

2108 4257 2398 4326 σμωτήρια
2428 4253 2745 4314 οἰκούντων,
2787 4249 3156 4323 ,χαλεπώτερα
3189 4249 3283 4302 καὶ
3317 4247 3675 4316 πεπόνθαμεν

2099 4331 2199 4399 ’καὶ
2226 4345 2528 4415 πάσχομεν.
2570 4343 2698 4412 Ὀψὲ
2723 4343 2778 4394 δέ
2815 4358 2944 4394 ποτε
2974 4341 3068 4393 καὶ
3099 4340 3248 4410 μόλις
3279 4341 3542 4408 ἐπέτυχον
3573 4340 3677 4406 τῆς

2109 4437 2471 4508 Καισαρείας,
2509 4434 2617 4489 ἀπὸ
2645 4433 2914 4504 χειμῶνος
2956 4433 3034 4494 είς
3070 4431 3264 4499 λιμένα
3299 4429 3494 4483 ἐλθών.
3528 4429 3675 4481 Ἀλλ’

441 4577 513 4616 ne
546 4567 735 4629 portus
762 4557 982 4626 quidem
1009 4555 1111 4610 iste
1133 4570 1381 4608 recreare
1416 4572 1516 4609 nos
1548 4571 1612 4609 ex
1646 4555 1913 4609 ﬂuctuum
1948 4569 1988 4610 ei

2108 4533 2228 4586 οὑδὲ
2253 4533 2280 4585 ὁ
2299 4531 2466 4600 λιμὴν
2487 4527 2640 4589 οὗτος
2672 4528 2895 4595 ἴσχυσεν
2926 4523 3338 4591 ἀνακτήσασθαι
3360 4523 3428 4576 τὰ
3450 4524 3557 4576 ἀπὸ
3579 4523 3678 4574 τοῦ

445 4651 718 4706 undarum
766 4648 1026 4702 aerumnis
1075 4647 1298 4716 potuit:
1334 4647 1472 4702 adeo
1527 4663 1628 4701 nos
1671 4649 2004 4716 praeteritum

445 4753 664 4810 tempus
703 4755 932 4808 prorsus
975 4739 1230 4793 confecit.
1263 4739 1651 4792 Verumtamen
1705 4739 2005 4792 Caesaream

443 4849 571 4887 cum
613 4830 905 4894 venissem,
932 4845 1040 4882 non
1071 4843 1262 4897 parum
1287 4843 1408 4883 sum
1460 4829 1814 4890 refocillatus,
1863 4827 2006 4898 quod

444 4937 503 4981 et
532 4939 721 4995 puram
757 4923 987 4976 bberim
1021 4935 1245 4990 aquam,
1270 4932 1328 4974 et
1358 4935 1551 4989 panem
1585 4934 1693 4974 non
1724 4919 2006 4974 sordidum

443 5027 610 5087 atque
642 5016 840 5069 durum
873 5012 1222 5083 sumpserim.
1256 5025 1435 5080 neque
1485 5009 1537 5064 in
1565 5011 1835 5066 doliorum
1863 5010 2009 5078 frag-

449 5108 650 5164 mentis
677 5107 921 5167 Iavarim,
963 5104 1056 5158 sed
1085 5103 1342 5156 balneum
1375 5101 1757 5171 qualecunque
1791 5115 2013 5168 repere-

450 5200 576 5258 rim,
604 5206 660 5251 et
687 5199 830 5265 quod
865 5196 917 5250 in
951 5193 1096 5249 lecto
1128 5202 1242 5246 tum
1273 5191 1476 5246 cubare
1507 5191 1839 5259 permissum
1878 5189 2011 5242 mitti

450 5293 640 5346 fuerit.
680 5290 899 5344 Possem
927 5287 1151 5357 quidem
1185 5285 1343 5353 plura
1387 5283 1508 5338 istis
1536 5295 1970 5336 commemorare
1998 5295 2012 5332 :

449 5399 642 5436 verum
672 5397 738 5435 ne
768 5380 938 5434 nimio
966 5393 1063 5432 vos
1110 5375 1296 5430 dolore
1335 5374 1502 5446 408
1547 5372 1798 5435 alliciam,
1835 5372 1886 5424 in
1933 5370 2018 5423 bis

450 5473 770 5536 consistam,
832 5486 941 5526 uno
1010 5469 1105 5524 illo
1161 5467 1396 5537 adjecto,
1461 5481 1572 5520 non
1651 5464 1851 5518 debere
1920 5476 2018 5516 vos

452 5563 784 5633 exprobrare
804 5561 906 5626 eis,
951 5573 1138 5614 casum
1181 5556 1391 5611 scilicet
1434 5563 1704 5618 nostrum,
1743 5551 2017 5614 desinere,

454 5655 550 5726 qui
591 5668 692 5707 nos
724 5652 977 5720 diligunt.
1015 5648 1150 5703 Nam
1201 5662 1326 5704 cum
1380 5655 1459 5698 tot
1502 5645 1804 5698 habeamus
1843 5640 2020 5694 nostri

455 5747 756 5806 studiosos.
793 5752 937 5798 tanta
972 5751 1243 5812 potestate
1274 5748 1330 5792 et
1377 5737 1704 5792 auctoritate
1742 5732 2020 5802 praeditos,

460 5855 639 5904 neque
697 5851 790 5893 eas
833 5850 920 5890 res
966 5817 1341 5901 impetramus,
1377 5845 1512 5898 quas
1558 5825 1800 5883 damnati
1851 5825 2015 5878 etiam

2108 4623 2398 4678 κλυδωνίου
2425 4622 2566 4676 κακά
2596 4638 2609 4653 ·
2645 4620 2786 4674 οὕτω
2838 4619 3094 4686 καθάπαξ
3125 4619 3275 4688 ἡμᾶς
3301 4619 3328 4667 ό
3362 4617 3680 4685 ἔμπροσθεν

2109 4714 2296 4784 χρόνος
2325 4711 2752 4782 κατειργάσατο.
2817 4709 2961 4763 Ἀλλ’
3024 4711 3175 4778 ὅμως
3242 4706 3418 4760 ἐλθὼν
3469 4711 3551 4770 εἰς
3580 4709 3682 4774 τὴν

2113 4807 2472 4876 Καισάρειαν,
2523 4804 2584 4856 οὐ
2636 4802 2870 4872 σμικρὸν
2923 4800 3201 4871 ἀνέψυξαο
3244 4800 3445 4853 ὄτικαὶ
3485 4798 3682 4862 ὓδατος

2111 4901 2262 4953 ἔπιον
2317 4897 2581 4967 καθαροῦ,
2630 4897 2714 4949 ὅτι
2767 4895 2864 4949 καὶ
2917 4895 3085 4966 ἄρτου
3137 4895 3238 4946 ούκ
3269 4891 3528 4955 ὀδωδότος
3560 4891 3683 4944 οὐδὲ

2115 4988 2551 5056 κατεσκληκότος
2597 4985 2926 5054 μετέλαϐον·
2961 4987 3047 5038 ὅτι
3077 4985 3266 5037 οὐκέτι
3310 4985 3370 5036 ἐν
3397 4984 3510 5045 τοῖς
3556 4982 3685 5034 κλάο

2115 5099 2290 5152 σμασι
2339 5083 2449 5134 τῶν
2495 5081 2672 5133 πίθων
2719 5080 3024 5148 ἐλουόμην⁶
3069 5077 3183 5157 ἀλλ’
3213 5070 3373 5146 εὖρον
3401 5076 3686 5146 βαλανεῖον

2114 5169 2224 5226 οἷον
2279 5173 2341 5243 δὴ
2397 5187 2567 5224 ποτε·
2629 5172 2710 5224 ὅτι
2758 5167 3194 5240 συγκεχώρημαι
3246 5169 3479 5238 τέωςτῇ
3527 5168 3691 5239 κλίνῃ

2116 5263 2525 5336 προσηλῶσθαι.
2596 5263 2751 5332 Ἐνῆν
2807 5262 2903 5314 καὶ
2955 5260 3182 5314 πλείονα
3213 5260 3422 5316 τούτων
3474 5262 3687 5313 είπεῖν·

2117 5359 2233 5414 ἀλλ’
2256 5359 2345 5411 ἵνα
2372 5358 2446 5428 μὴ
2480 5357 2686 5426 σφόδρα
2724 5354 2970 5424 λυπήσω,
3006 5355 3170 5424 μέχρι
3219 5351 3426 5406 τούτων
3456 5352 3651 5421 ἴστημι
3673 5391 3691 5415 ,

2120 5455 2296 5505 ἐκεῖνο
2329 5449 2662 5521 προστιθεὶς.
2687 5448 2769 5500 δτι
2801 5447 2876 5515 μὴ
2904 5443 3156 5514 παύσητε
3182 5443 3537 5506 ὀνειδίζοντες
3560 5444 3691 5502 τοὶς

2119 5545 2450 5612 ἀγαπῶντας
2482 5543 2660 5612 ἡμᾶς’
2701 5539 2991 5603 τοσούτους
3037 5538 3146 5606 γάρ
3179 5535 3395 5606 ἔχοντες
3425 5534 3692 5603 ἐραστὰς,

2123 5639 2216 5689 καὶ
2240 5635 2506 5702 τοσαύτην
2533 5631 2764 5702 δύναμιν
2797 5629 3327 5700 περιδεὸλημένους,
3366 5625 3489 5679 οὐδὲ
3511 5624 3694 5676 αὐτῶν

2122 5726 2463 5794 τυγχάνομεν
2520 5716 2594 5776 ὧν
2624 5722 2985 5791 τυγχάνουσιν
3011 5719 3061 5771 οἱ
3103 5716 3408 5780 κατάδικοι,
3438 5713 3582 5767 ὥστε
3610 5714 3695 5776 εἰς

2127 5815 2478 5887 ἡμερώτερον
2499 5814 2590 5867 καὶ
2619 5811 2920 5880 ἐγγύτερόν
2963 5825 3066 5863 που
3097 5805 3566 5866 καταδικασθῆναι
3601 5802 3691 5853 τό·

3494 403 3641 468 1020
3736 455 3740 458 _
