4006 6568
442 397 582 465 1027

905 506 1065 580 an
1118 503 1343 561 CAPUT
1391 501 1557 557 xxx.

444 621 523 677 De
554 622 912 691 impurissimo
948 620 1268 691 Porphyrio.
1302 619 1393 685 qui
1425 614 1721 691 Antiochiae
1752 611 2012 689 Flauiaqo

513 697 567 749 in
610 684 918 765 episcopatu
950 684 1194 765 successit
1222 706 1251 765 :_
1286 684 1334 740 rt
1381 686 1628 765 temporis
1672 684 1786 765 ejus
1833 684 2012 750 perse-

514 756 759 886 ratione,
782 756 855 817 ἐι
885 763 948 816 de
978 761 1350 817 constitutione
1396 773 1554 827 quam
1590 756 1846 807 Arcadius
1892 765 2014 820 pro-

516 851 605 887 mtt
630 842 793 902 gavit.

514 971 654 1025 Tum
683 981 901 1039 quoque
955 980 1154 1036 magno
1190 963 1469 1026 Flaviano,
1519 958 1867 1016 Ant'ocheno
1894 955 2013 1025 epi-

442 1062 744 1132 scopo,qui
783 1073 842 1115 se
864 1072 994 1113 cum
1028 1058 1254 1112 Joannis
1278 1053 1615 1109 adversariis
1645 1065 1751 1104 non
1776 1048 2011 1118 conjun-

443 1161 619 1216 serat,
642 1162 700 1208 et
731 1151 798 1205 ad
828 1151 1067 1221 quietem
1119 1160 1382 1204 eternam
1454 1143 1749 1199 translatus
1809 1140 2010 1200 fuerat,

443 1244 784 1315 Porphyrius
818 1241 1128 1298 successit:
1168 1240 1254 1293 vir
1277 1245 1499 1305 quidam
1527 1235 1871 1305 grandaevus,
1899 1246 2008 1284 non

444 1339 630 1393 minus
651 1336 1003 1406 improbitate
1036 1342 1330 1395 veterator,
1362 1329 1566 1400 quippe
1593 1343 1713 1397 quas
1760 1340 1887 1380 cum
1914 1325 2011 1377 illo

440 1428 697 1497 diligenti
722 1443 859 1482 cura
890 1425 1097 1480 nutrita
1128 1423 1431 1486 coaluerat,
1461 1435 1626 1491 quam
1659 1427 1821 1471 aetate
1860 1426 2013 1469 vetu-

441 1523 549 1575 lus.
572 1520 709 1576 Nam
746 1521 856 1573 vita
895 1520 948 1573 in
982 1516 1209 1572 libidine
1238 1523 1480 1584 peracta,
1521 1526 1591 1566 ne
1615 1521 1861 1579 tempore
1888 1508 2011 1577 qui-

438 1611 703 1681 demipso
728 1610 1027 1680 quidquam
1054 1607 1123 1663 de
1143 1620 1210 1662 eo
1261 1605 1468 1675 impetu
1498 1600 1734 1665 remisit,
1760 1611 1926 1669 atque
1956 1598 2011 1650 in

441 1700 609 1755 rebus
629 1699 879 1769 turpibus
896 1697 1067 1767 ipsam
1083 1710 1303 1766 quoque
1325 1702 1576 1748 naturam
1603 1690 1825 1742 vincere
1847 1696 2013 1755 atque

440 1808 709 1862 superare
730 1805 1080 1859 summopere
1107 1787 1406 1843 contendit.
1431 1784 1531 1840 Ubi
1551 1797 1681 1836 vero
1699 1794 1828 1835 eum
1842 1778 2010 1833 etiam

1659 387 2085 451 NICEPHORI
2132 388 2473 448 CALLISTI

2041 503 2091 559 Α

3550 383 3686 448 1023

2726 499 2977 554 ΚΕΦΑΛ.
3010 500 3088 554 Λ¹.
3406 499 3412 504 ’
3666 488 3675 493 ’

2118 614 2255 681 Περί
2289 613 2396 666 τοῦ
2418 612 2744 679 αισχῐστου
2768 611 3116 682 Πορφυρίου
3147 611 3253 667 τοῦ
3294 611 3691 682 Ἀντιοχείας,

2188 680 2255 748 ὃς
2280 685 2434 754 petet
2454 684 2792 754 Φλιιϐιακὸν
2819 680 3049 754 γέγονε,
3086 682 3181 754 aevi
3214 682 3319 754 τοῦ
3346 680 3473 754 κατ’
3501 683 3639 732 ιιιίτί
3656 696 3692 732 ν

2185 751 2469 821 διωγμοῦ,
2503 752 2602 807 καὶ
2631 753 2737 807 τοῦ
2770 751 2960 822 νόμου
2999 754 3071 808 ὃν
3100 751 3403 822 Ἀρχάϐιος
3432 752 3624 806 ἔθετο.

2186 954 2507 1024 Τηνικαῦτα
2540 954 2598 1007 δὲ
2630 955 2726 1007 καὶ
2761 954 2854 1008 τὸν
2888 954 3064 1024 μέγαν
3102 952 3406 1008 Φλαϐιανὺν
3456 951 3533 1023 μὴ
3575 953 3695 1016 τοῖς

2114 1046 2259 1099 κατά
2296 1046 2545 1100 Ἰωάννου
2579 1046 2933 1115 συνθέμενον,
2968 1046 3028 1110 δς
3060 1046 3159 1114 τῆς
3190 1045 3469 1115 Ἀντιόχου
3498 1046 3696 1117 ἠγεῖτο

2116 1140 2255 1209 πρὸς
2280 1139 2382 1209 τὴν
2426 1141 2626 1211 ἀγήρω
2650 1140 2807 1211 λῆξιν
2844 1141 3343 1210 μεταχωρήσαντα.
3376 1140 3698 1208 Πορφύριος

2113 1232 2254 1302 ἀνήρ
2280 1250 2363 1295 τις
2396 1233 2780 1301 παμπάλαιος,
2802 1236 2902 1304 οὐχ
2932 1230 3096 1308 ἦττον
3117 1234 3174 1287 δὲ
3204 1232 3435 1303 γηραιὸς
3467 1231 3563 1284 καὶ
3590 1232 3698 1297 τὴν

2119 1325 2453 1395 μοχθηρίαν,
2496 1326 2593 1380 ἅτε
2647 1326 2713 1397 δὴ
2761 1327 2854 1380 καὶ
2908 1327 3209 1396 σύντροφον
3258 1325 3354 1378 καὶ
3407 1322 3698 1392 ἡλικιῶτιν

2114 1415 2363 1485 ἀκριϐῶς
2411 1416 2584 1484 αὐτὴν
2639 1414 2903 1488 ἑστηκὸς
2964 1417 3268 1485 διεδέχετο·
3324 1415 3382 1476 ὃς
3421 1412 3698 1482 ἀκολασίᾳ

2117 1506 2464 1578 συνεζηκὼς,
2499 1510 2560 1562 οὐ
2600 1508 2680 1579 τῷ
2711 1512 2893 1581 χρόνῳ
2921 1508 3212 1578 καθυφῆκὲ
3253 1526 3303 1561 τι
3330 1508 3433 1576 τῆς
3480 1507 3697 1577 Mf

2115 1601 2173 1654 ἐν
2206 1618 2269 1671 γε
2304 1601 2415 1674 μὴν
2455 1604 2569 1666 τοῖς
2612 1605 2861 1675 αίσχροΐς
2888 1604 2985 1657 καὶ
3029 1601 3205 1672 αὐτὴν
3233 1599 3562 1670 ἐφιλονείκει
3593 1597 3701 1667 τὴν

2114 1692 2280 1761 φύσιν
2318 1694 2746 1764 ὑπερϐαλέσθαι,
2787 1697 2882 1748 καὶ
2910 1694 3058 1766 ἥττω
3091 1710 3154 1763 γε
3185 1688 3349 1747 εἶναι.
3383 1692 3473 1754 Είς
3501 1690 3702 1758 ἐφεαιν

2115 1779 2174 1832 δέ
2208 1780 2506 1851 γενόμενος
2552 1784 2649 1837 καὶ
2683 1784 2785 1853 τῆς
2827 1783 3109 1854 Ἀντιόχου
3141 1781 3438 1853 ἐκκλησίας
3497 1797 3701 1850 τυρανο

439 1860 799 1938 Antiochense
828 1880 1074 1935 ecclesia:
1127 1878 1275 1933 sedis
1317 1892 1416 1946 per
1472 1872 2011 1945 tyranuidemoccu-

2120 1860 2282 1943 νῆσαι
2312 1876 2402 1929 τὸν
2437 1875 2649 1945 θρόνον,
2697 1875 2927 1947 ἐπείπερ
2963 1877 2997 1948 ἡ
3049 1876 3205 1939 πόλις
3248 1874 3460 1936 ἅπασα,
3502 1872 3703 1934 εἰωθὸς

440 1976 639 2044 pandae
677 1972 882 2044 cupido
912 1971 1080 2041 capit,
1103 1968 1385 2023 cumurhs
1415 1974 1547 2031 tota,
1579 1978 1734 2019 more
1762 1968 2010 2029 recepto.

440 2079 694 2137 tempore
723 2080 824 2120 suo
848 2064 916 2118 ad
952 2061 1264 2133 Spectacula
1307 2059 1360 2114 in
1388 2059 1515 2113 loco
1550 2054 1803 2125 Daphnes
1832 2051 2010 2108 eﬂ‘usa

438 2166 609 2221 esset,
662 2154 959 2210 Severiano
989 2162 1043 2207 et
1074 2150 1300 2216 Acacio,
1364 2163 1581 2203 necnon
1629 2144 1901 2200 Antiocho
1956 2143 2011 2197 in

404 2307 411 2313 ε
437 2246 743 2301 amicitiam
770 2258 926 2297 suam
956 2241 1192 2304 allectis,
1224 2248 1279 2293 et
1316 2237 1661 2292 administris
1712 2234 2012 2307 tyrannica:

437 2337 767 2408 cupiditatis
793 2333 1093 2401 assumptis
1115 2331 1315 2401 (simile
1379 2329 1528 2384 enim
1563 2328 1730 2383 simili
1770 2325 2008 2380 amicum

439 2445 668 2502 prorsus
690 2429 819 2499 est),
848 2424 1164 2497 praedonum
1197 2437 1350 2477 more
1376 2421 1633 2475 thronum
1666 2418 2012 2485 conscendit,

437 2522 610 2577 veluti
641 2522 805 2590 lupus
853 2518 1098 2589 quidam,
1134 2531 1245 2570 non
1278 2525 1499 2585 pastor:
1556 2512 1857 2583 eademque
1893 2511 2012 2580 ipsa

438 2613 574 2667 liora
604 2612 1006 2667 ordinationem
1031 2610 1099 2665 ab
1151 2609 1233 2664 eis
1257 2609 1489 2677 accepit.
1531 2606 1681 2662 Adeo
1714 2616 1897 2661 autem
1949 2605 2016 2659 il-

439 2707 509 2761 lis
535 2722 597 2761 ea
629 2721 718 2761 res
746 2705 1112 2776 deproperata
1142 2712 1251 2766 est,
1285 2712 1348 2756 ut
1380 2710 1636 2771 receptos
1668 2700 1805 2755 titus
1836 2701 2013 2770 pluri-

440 2816 561 2855 mos
628 2803 681 2854 in
716 2814 872 2854 sacra
927 2795 1239 2851 initiatione
1297 2792 1777 2864 praetermiserim.
1834 2792 2013 2847 Porro

433 2908 669 2963 operum
712 2892 1060 2947 tenebrarum
1094 2898 1430 2959 patratores,
1468 2886 1575 2941 line
1606 2901 1706 2941 suo
1743 2886 2014 2941 maleﬁcio

440 2992 593 3037 tanto
622 2982 899 3052 imposito,
921 2990 1110 3051 postea
1148 2979 1539 3042 discesserunt,
1567 2977 1760 3031 laxatis
1785 2977 2014 3031 habenis

435 3076 542 3130 sibi
575 3074 700 3144 luga
729 3073 1100 3134 consulentes,
1138 3080 1193 3124 et
1225 3086 1322 3141 per
1365 3078 1578 3123 montes
1629 3068 1807 3123 itnios
1825 3067 1891 3121 ad
1915 3082 2013 3122 sua

440 3173 806 3221 revertentes.
836 3163 906 3218 At
932 3164 1125 3218 civitas
1151 3163 1244 3216 ubi
1275 3161 1477 3217 factum
1506 3161 1559 3215 id
1592 3160 1788 3226 sensit,
1830 3160 2011 3229 ignem

437 3271 497 3317 et
524 3262 808 3317 materiam
861 3257 1022 3313 aliam
1060 3255 1315 3310 incendio
1366 3264 1549 3324 aptam
1616 3253 1872 3307 manibus
1928 3267 2014 3306 ra-

439 3356 658 3423 pientes
686 3360 741 3406 et
764 3359 1149 3420 congerentes,
1184 3350 1305 3403 zelo
1364 3347 1575 3402 scilicet
1609 3347 1796 3400 divino
1817 3355 1871 3400 et
1905 3345 2009 3414 ipsi

366 3508 369 3509 ν
439 3440 754 3517 ﬂagrantes,
794 3458 899 3498 uua
953 3458 1145 3497 omnes
1192 3440 1458 3495 adversus
1487 3453 1613 3492 eum
1645 3437 1782 3500 iere,
1833 3438 2009 3508 ipsum

441 3540 606 3595 simul
661 3554 786 3594 cum
822 3536 1114 3608 episcopa!‘
1158 3534 1323 3588 domo
1362 3532 1686 3587 comburere
1742 3530 2012 3585 volentes.

439 3635 622 3689 Vitam
672 3646 910 3700 namque
934 3630 1076 3700 ejus,
1111 3642 1274 3697 quam
1313 3624 1563 3694 improba
1590 3634 1652 3677 et
1689 3623 2013 3677 detestanda

441 3737 613 3792 esset,
648 3740 757 3778 non
788 3721 1133 3791 ignorabant.
1168 3718 1327 3784 Quod
1360 3720 1441 3772 sic
1466 3715 1551 3788 agi
1578 3724 1870 3787 postquam
1922 3715 2013 3770 ille

437 3816 725 3887 cognovit,
754 3810 977 3884 praesidi
1014 3809 1248 3879 pecunia
1276 3816 1538 3876 corrupto
1576 3804 1792 3872 suadet,
1852 3815 1911 3860 ut
1957 3814 2014 3860 et

439 3911 558 3979 ipse
585 3910 826 3962 furorem
848 3904 1015 3959 alium
1041 3910 1233 3956 contra
1257 3899 1478 3970 pietatis
1503 3908 1704 3954 coetum
1737 3898 2009 3953 obarmet.

330 4046 339 4061 .
438 4003 614 4057 lllicet
643 4007 985 4054 armatorum
1022 4008 1217 4049 manus
1248 4001 1553 4058 contracta,
1581 4001 1638 4047 et
1667 3992 1869 4047 cohors
1899 4009 2015 4047 ma-

440 4097 621 4149 lorum
658 4100 850 4149 contra
874 4090 994 4143 illos
1035 4096 1220 4141 coacta
1243 4094 1349 4139 est.
1382 4084 1620 4139 Proinde
1659 4084 1736 4138 illi
1771 4083 1824 4137 in
1879 4100 2014 4138 eon-

432 4196 688 4256 spectum
714 4185 952 4239 istorum
978 4177 1449 4234 contraeuntium
1484 4177 1679 4230 venite
1744 4177 1863 4229 ausi
1900 4191 2012 4230 non

438 4286 588 4332 sunt.
646 4276 860 4331 Interea
892 4275 1087 4346 ingens
1129 4274 1293 4327 etiam
1324 4268 1635 4341 persecutio
1658 4268 1890 4322 excitata
1929 4275 2014 4322 est

435 4372 703 4427 adversus
721 4369 984 4425 ecclesias
1006 4367 1308 4424 Dci.Attici
1337 4364 1602 4419 instinctu
1630 4364 1833 4434 (neque
1864 4361 2012 4415 enim

431 4480 560 4518 cum
590 4463 696 4516 hoc
740 4474 963 4531 quoque
1004 4457 1413 4514 communicare
1444 4452 1757 4524 quisquam,
1791 4462 2014 4521 propter

2114 1964 2196 2029 ὃν,
2228 1966 2409 2036 χρόνῳ
2441 1969 2525 2029 είς
2562 1966 2633 2019 τὰ
2671 1967 2816 2022 κατά
2842 1969 3063 2038 Δάφνην
3092 1968 3433 2037 προύκὲχυτο
3459 1964 3701 2033 θέατρα,

2113 2056 2240 2120 τοὺς
2280 2057 2412 2127 περὶ
2441 2057 2779 2129 Σεϐηριανὺν
2811 2060 2908 2112 καὶ
2936 2057 3214 2119 ’Δκάκιον,
3247 2057 3331 2110 ἔτι
3357 2057 3414 2110 δέ
3443 2058 3537 2111 καὶ
3573 2056 3703 2108 Ἀν-

2114 2150 2296 2221 τίοχον
2318 2152 2909 2222 προσεταιρισάμενος,
2937 2153 3033 2204 καὶ
3061 2152 3372 2219 ὑπουργοὺς
3393 2152 3460 2220 τῇ
3485 2165 3702 2218 τυραν-

2114 2246 2239 2314 νικῇ
2266 2244 2452 2313 ἐφέσει
2498 2245 2842 2315 κτησάμενος
2880 2236 3059 2314 (φίλον
3081 2245 3189 2314 γὰρ
3224 2245 3392 2296 παντὶ
3415 2242 3491 2310 τῷ
3518 2242 3705 2312 ὁμοίῳ

2114 2335 2175 2388 τὸ
2206 2336 2440 2407 ὅμοιον),
2473 2334 2782 2407 λῃστρικῶς
2811 2335 3092 2389 ἀναϐαίνει
3131 2336 3221 2389 τὸν
3261 2336 3470 2407 θρόνον,
3493 2329 3584 2387 uid
3606 2350 3702 2397 τις

2112 2424 2294 2492 λύκος,
2330 2429 2426 2479 καὶ
2458 2429 2517 2481 ού
2547 2429 2791 2497 ποιμήνο
2827 2428 2918 2480 καὶ
2954 2427 3044 2479 ὑπ’
3080 2426 3307 2480 ἐκείνων
3340 2427 3405 2497 δὴ
3440 2427 3703 2501 αἰθωρδν

2114 2517 2215 2588 τὴν
2249 2519 2583 2589 χειροτονίαν
2613 2519 2905 2588 λαμϐάνει.
2955 2519 3080 2572 Ἐπὶ
3123 2522 3278 2574 τόσον
3306 2522 3351 2575 δ’
3391 2522 3626 2583 ἐκείνοις
3661 2522 3731 2592 ἡ,

2115 2610 2314 2683 πρᾶξις
2344 2612 2700 2679 ἐσπούδαστο,
2736 2614 2814 2678 ὡς
2844 2617 2940 2670 καὶ
2963 2616 3033 2670 τά
3066 2616 3298 2669 πλεῖστα
3329 2615 3437 2668 τῶν
3473 2631 3705 2684 νενομι-

2116 2704 2332 2772 σμένων
2377 2706 2443 2775 τῇ
2497 2705 2619 2776 ἱερᾷ
2677 2707 2879 2778 μυήσει
2921 2707 3278 2780 παραλιπεῖν.
3324 2706 3465 2759 Ἀλλ’
3490 2707 3541 2760 oi
3580 2707 3705 2759 τῶν

2116 2799 2408 2851 σκοτεινῶν
2436 2799 2614 2870 ἔργων
2661 2801 2880 2869 ρέκται,
2915 2802 3068 2864 τέλος
3106 2802 3267 2873 δῆθεν
3305 2801 3589 2865 ἐπιθέντες
3622 2804 3699 2874 τῇ

2114 2891 2447 2962 κακουργίᾳ,
2469 2892 2662 2947 ἔπειτα
2683 2893 3057 2962 διεδίδρασκον
3082 2895 3281 2965 ἀνέδην
3312 2896 3455 2967 φυγῇ
3484 2896 3706 2965 χρησάς

2116 2995 2269 3048 μενοι
2316 2979 2383 3032 δι’
2412 2981 2629 3034 ἀϐάτων
2663 2984 2837 3053 ὀρέων
2886 2984 3070 3037 οἴκαδε
3119 2986 3485 3055 ἀπαγόμενοι.
3525 2987 3593 3038 Ἦ
3634 2986 3704 3041 δὲ

2114 3071 2270 3134 πόλις
2317 3072 2390 3134 ὡς
2435 3075 2517 3136 είς
2564 3075 2817 3144 αἴσθησιν
2848 3077 3093 3146 ἐγεγόνει
3125 3076 3221 3130 τοῦ
3271 3079 3703 3149 πεπρλγμένου,

2116 3163 2228 3231 πῦρ
2267 3164 2408 3233 μετὰ
2435 3168 2629 3237 χεῖρας
2663 3170 2757 3222 καί⁵
2782 3170 2882 3241 ὅση
2922 3170 3054 3242 άλλη
3086 3169 3188 3241 ὕλη
3218 3171 3525 3245 εῦπρηστος
3572 3177 3708 3228 ἐπι-

2119 3258 2436 3325 φερόμενοι,
2461 3258 2560 3329 οὐχ
2590 3253 2755 3331 ἦττον
2782 3263 3025 3317 κάκεῖνοι
3052 3263 3205 3336 ζήλῳ
3235 3265 3364 3333 θείῳ
3403 3269 3706 3335 περικαιό-

2118 3359 2296 3413 μενοι,
2321 3344 2441 3397 κατ’
2463 3346 2674 3401 ἐκείνου
2701 3348 2975 3420 πανδημεὶ
3006 3351 3268 3423 ἐχώρουν,
3294 3354 3450 3408 αὐτοὶ
3477 3355 3706 3427 σύναμα

2114 3435 2192 3504 τῷ
2244 3440 2342 3508 τῆς
2399 3440 2707 3509 ἐπισκοπῆς
2768 3442 2903 3512 οἴκῳ
2942 3444 3230 3516 ιμπρῆσαι
3273 3447 3701 3513 σπουδάζοντες.

2117 3518 2377 3599 ’ῌδειῖςαν
2410 3531 2518 3601 γὰρ
2552 3532 2642 3584 τὸν
2687 3520 2897 3586 ἐκείνου
2934 3534 3172 3603 μάλιστα
3203 3535 3341 3606 βίον.
3373 3539 3448 3602 ὡς
3473 3539 3703 3607 ἀνάγω-

2114 3621 2210 3689 γὸς
2240 3637 2325 3684 τις
2355 3621 2471 3691 ἅμα
2501 3623 2599 3675 καὶ
2633 3623 2891 3693 βδελυρὸς
2914 3621 3003 3697 ἦν.
3048 3626 3107 3681 '0
3132 3628 3188 3682 δὲ
3212 3629 3272 3683 τὸ
3311 3630 3703 3701 μελετώμενον

2113 3711 2391 3780 διαγνοὺς,
2420 3716 2666 3786 χρήμασι
2701 3716 3024 3790 διαφθείρας
3069 3722 3160 3775 τὸν
3197 3721 3457 3793 ἄρχοντα,
3504 3722 3703 3781 ἔπειθε

2114 3805 2291 3876 θυμὸν
2323 3808 2512 3879 ἓτερον
2556 3809 2905 3875 ἀνθοπλίζειν
2933 3813 3011 3883 τῷ
3038 3813 3136 3885 τῆς
3169 3815 3455 3884 εὐσεϐείας
3489 3824 3705 3895 συστήο

2120 3914 2272 3968 ματι.
2306 3898 2416 3953 Καὶ
2447 3899 2512 3972 δὴ
2538 3902 2767 3972 στρατὸς
2797 3903 3078 3971 ἐφίστατο,
3108 3906 3203 3959 καὶ
3230 3904 3414 3970 θίασος
3440 3912 3701 3980 πονηρῶν

2117 3993 2240 4045 κατ’
2273 3992 2460 4047 αὐτῶν
2500 3996 2912 4067 συνηθροίζετο,
2948 3998 3074 4068 μηδ’
3102 4001 3184 4064 είς
3229 3999 3353 4070 ὄψιν
3396 4001 3553 4074 ⁴ἣκειν
3579 4007 3701 4070 τοῖς

2114 4083 2567 4155 ἀντιφερομένοις
2626 4086 2750 4140 ἐῶν.
2800 4088 2922 4141 Ἐπὶ
2973 4089 3031 4142 δὲ
3080 4090 3256 4161 τούτῳ
3308 4093 3404 4144 καὶ
3452 4094 3703 4164 διωγμὸς

2116 4174 2505 4245 ἀνερριπίζετο
2568 4176 2864 4244 μέγιστος·
2920 4179 3271 4251 διατάγματά
3321 4199 3380 4235 τε
3433 4181 3705 4252 βασιλικὰ

2117 4264 2264 4319 κατά
2286 4266 2397 4319 τῶν
2446 4265 2756 4336 ἐκκλησιῶν
2791 4269 2888 4323 τοῦ
2923 4270 3478 4337 Θεοῦ,νύποϐαλόντος
3513 4276 3702 4329 Ἀττι-

2117 4354 2238 4423 κοῦ,
2274 4356 2593 4428 ἁπανταχοῦ
2621 4359 2909 4427 διεφοίτων
2943 4361 3060 4432 (καὶ
3086 4336 3200 4432 γὰρ
3240 4364 3351 4417 οὐδ’
3385 4366 3581 4435 ἐκείνῳ
3611 4385 3703 4430 τις

2116 4452 2396 4504 κοινωνεῖν
2425 4452 2578 4523 ἠξίου
2607 4451 2696 4505 διὰ.
2735 4453 2797 4506 τὸ
2834 4455 2970 4524 πρὸς
3023 4455 3280 4529 Ἰωάννην
3313 4458 3550 4530 μάλιστα
3578 4463 3706 4530 φίλ-

412 4556 560 4605 ‘eum
578 4549 964 4619 qquoannem
984 4547 1214 4601 maxime
1230 4542 1729 4616 prosequebantur,
1748 4556 2009 4604 amorem,

2122 4542 2273 4612 τρον)
2309 4543 2439 4596 τάδε
2474 4546 2618 4598 κατά
2659 4544 2814 4616 ῥῆμα
2851 4547 3275 4618 διαγορεύοντα·
3316 4570 3335 4603 ι
3361 4552 3429 4605 El’
3465 4570 3550 4617 τις
3584 4554 3702 4608 τῶν

433 4645 676 4711 volebat)
688 4643 965 4713 jussiones
985 4638 1297 4710 imperiales
1324 4637 1525 4705 passim
1548 4633 2015 4690 circumfereban-

433 4748 550 4803 tur,
576 4736 634 4790 in
656 4735 773 4790 haec
801 4733 967 4789 verba
988 4739 1267 4799 concepta:
1291 4748 1304 4783 :
1327 4728 1491 4799 413
1525 4746 1543 4779 ι
1575 4727 1631 4783 Si
1659 4727 1783 4796 quis
1804 4729 2017 4798 episco-

434 4846 630 4909 porum
642 4842 775 4883 cum
806 4822 1348 4894 TheOphilo,‘_Attico,
1370 4819 1550 4889 Porph
1560 4820 1678 4890 yrio
1699 4822 2013 4874 communi-

429 4942 562 4980 care
590 4920 854 4982 noluerit,
878 4916 1113 4971 extorris
1133 4912 1369 4969 ecclesia
1406 4923 1549 4975 esto,
1572 4921 1628 4966 et
1660 4911 2014 4966 facultatibus

432 5016 701 5085 privator.
727 5009 974 5065 Exlaicis
999 5017 1182 5062 autem
1211 5020 1306 5060 seu
1339 5003 1700 5075 popularibus
1717 5002 1813 5071 qui
1844 5004 2014 5073 magi-

428 5116 641 5159 stratus
655 5112 877 5173 gerunt,
905 5100 1169 5171 dignitate
1186 5100 1509 5160 excidunto,
1532 5098 1736 5152 milites
1759 5097 2012 5166 cingulos

430 5201 775 5269 deponunto.
800 5196 1009 5265 Vulgus
1037 5204 1224 5248 autem
1241 5202 1296 5248 et
1322 5193 1552 5262 opilices
1578 5206 1714 5244 auro
1740 5196 2011 5243 damnan-

431 5296 538 5341 tor.
567 5306 585 5337 ι
617 5285 807 5354 Itaque
832 5288 928 5353 qui
960 5282 1548 5337 sincere‘honestatem
1595 5278 2004 5348 sequebantur,

430 5387 488 5431 et
518 5394 606 5431 res
626 5386 925 5447 praesentes
978 5390 1087 5430 non
1144 5373 1326 5444 magni
1387 5371 1689 5438 iaciebant,
1749 5387 1818 5426 ne
1870 5369 2006 5440 quid

435 5468 699 5524 absonum
725 5477 780 5524 et
801 5483 940 5521 verae
966 5467 1195 5535 pietatis
1220 5466 1473 5520 instituto
1506 5463 1793 5533 indignum
1852 5478 2010 5518 com-

431 5558 737 5622 mitterent,
785 5556 853 5609 ad
884 5556 1210 5610 solitudines
1282 5554 1672 5609 inltabitantlas
1744 5556 2007 5625 profuge-

433 5661 584 5703 runt.
620 5648 877 5714 Quaedam
905 5648 1062 5703 inviti
1091 5649 1256 5703 etiam
1291 5648 1707 5703 communicare
1744 5664 1871 5703 cum
1898 5649 2008 5705 illis

431 5748 772 5804 coacttsunt,
790 5740 990 5809 quibus
1008 5741 1220 5795 scilicet
1240 5740 1411 5810 gloria
1435 5749 1493 5795 et
1517 5741 1719 5810 opibus
1744 5741 2005 5796 excidere

434 5849 692 5905 magnum
720 5833 896 5889 visum
930 5841 1035 5890 est.
1062 5832 1316 5891 Monachi
1335 5847 1464 5890 vero
1494 5834 1548 5888 in
1580 5834 1736 5906 Syria
1778 5835 2003 5904 plurimi

2119 4634 2440 4688 ἐπισκόπων
2474 4636 2723 4706 Θεοφίλῳ
2748 4638 2823 4707 μὴ
2846 4638 3091 4692 πείθοιτο
3115 4645 3423 4709 κοινωνεῖν,
3465 4642 3707 4714 Ἀττικῷ

2116 4746 2176 4783 τε
2204 4732 2300 4783 καὶ
2338 4731 2657 4802 Πορφυρίῳ,
2690 4732 2998 4803 ἀπόϐλητος
3022 4734 3166 4788 ἔστω
3192 4736 3305 4806 τῆς
3338 4736 3700 4808 Ἐκκληοίας,

2117 4823 2215 4872 καὶ
2243 4820 2354 4873 τῶν
2386 4821 2558 4874 ὄντων
2590 4822 3026 4892 ἀποστερείσθω.
3058 4824 3181 4886 Τῶν
3225 4827 3283 4880 δὲ
3323 4828 3530 4882 λαῖκεῖιν
3581 4832 3705 4885 ὅσοι

2120 4908 2220 4976 μὲν
2247 4909 2303 4960 ἐν
2333 4909 2500 4974 τέλει,
2536 4911 2634 4979 τῆς
2662 4913 2830 4981 τιμῆς
2863 4914 3310 4980 ἐκπιπτέτωσαν,
3364 4920 3703 4988 στρατιῶται

2115 4999 2172 5052 δὲ
2217 5000 2318 5064 τὰς
2369 4999 2546 5085 ζώνας
2590 5002 3074 5060 ἀποτιθέσθωσανο
3124 5008 3252 5063 ὅσον
3289 5008 3349 5062 δέ
3391 5012 3572 5066 κοινὸν
3601 5015 3705 5067 καὶ

2116 5095 2250 5164 περὶ
2297 5092 2498 5164 τέχνας
2549 5094 2870 5165 ἐσχολακδς,
2918 5099 3128 5170 χρυσίῳ
3176 5100 3350 5173 ίκάνῷ
3392 5119 3707 5177 προστιμη-

2117 5185 2322 5252 θέντες,
2356 5187 2451 5241 καὶ
2481 5190 2546 5260 τῇ
2572 5190 2853 5261 ὑπερορίῳ
2878 5194 3026 5263 φυγῇ
3061 5196 3596 5266 κατακρινέσθωσαν
3625 5200 3705 5263 ὡς

2115 5279 2283 5343 εἰκός.
2327 5298 2346 5333 ι
2383 5280 2542 5335 Ὅσοι
2584 5282 2685 5353 μὲν
2716 5280 2812 5338 οὖν
2847 5280 2990 5354 ἦσαν
3018 5288 3347 5357 ἀκραιφνεῖς
3379 5288 3472 5342 τοῦ
3502 5291 3702 5357 καλοῦ,

2114 5373 2210 5424 καὶ
2235 5371 2387 5425 οὐδὲν
2425 5372 2571 5443 μέγα
2599 5374 2846 5430 ἐτίθεντο
2879 5375 2941 5429 τὸ
2974 5378 3172 5450 παρὸν,
3208 5379 3437 5449 φεύγειν
3464 5381 3701 5450 εἴλοντο,

2112 5467 2209 5518 καὶ
2230 5465 2330 5528 τὰς
2358 5465 2603 5537 ἐρήμους
2625 5468 2821 5534 οίκεῐν,
2858 5470 3028 5542 μηδὲν
3050 5474 3258 5543 ἀπᾷδον
3279 5474 3520 5545 οίόμενοι
3543 5475 3704 5545 δρᾷν,

2114 5559 2209 5610 καὶ
2240 5557 2507 5621 εὐσεϐοῦς
2551 5560 2837 5625 πολιτείας
2868 5563 3088 5629 ἀνάξιον
3111 5579 3126 5596 ο
3166 5565 3217 5617 οί
3250 5565 3308 5618 δέ
3347 5566 3445 5618 καὶ
3472 5565 3708 5628 ἄκοντες

2113 5651 2397 5704 κοινωνεῖν
2426 5651 2830 5721 ἠναγκάζοντο,
2874 5650 2957 5720 οἷς
3003 5660 3149 5727 μέγα
3179 5658 3237 5711 τὸ
3267 5658 3573 5729 χρημάτων
3609 5661 3710 5713 καὶ

2110 5743 2270 5814 δόξης
2302 5744 2559 5797 ἐκπεσεῖν
2602 5746 2879 5815 ἐκρὲνετο.
2913 5750 3035 5802 Τῶν
3066 5751 3114 5804 δ’
3159 5754 3219 5805 ἐν
3246 5753 3421 5823 Συρίᾳ
3453 5752 3706 5806 πλεῖστοι

2116 5836 2370 5906 μοναχῶν
2395 5836 2493 5906 τῆς
2526 5834 2858 5909 Ἐκκλησίας
2886 5843 3284 5914 χωρισθέντες,
3317 5843 3442 5898 καθ’
3470 5844 3713 5908 ἑαυτοὺς
