3930 6562
190 392 332 460 1029

1119 393 1727 456 ECCl.ESIASTICAZ
1769 392 2159 453 HISTORIA?
2199 390 2346 452 LIB.
2392 389 2560 453 Χῐῐῐ.

3315 391 3452 451 1030

184 518 281 578 τὰς
312 512 565 579 συνᾶξεις
600 512 857 567 ἐποίουν·
894 502 953 565 οὗ
989 511 1151 582 χάριν
1183 514 1279 564 καὶ
1312 510 1528 564 πολλῶν
1570 510 1769 564 δεινῶν

1879 507 1946 561 ab
1980 505 2226 562 Ecclesia
2263 504 2520 576 sejuncti.
2584 518 2819 574 synaxes
2848 512 2905 559 et
2961 512 3268 558 conventus
3321 515 3453 557 sitos

187 604 589 691 ἐπειράθησαν.

770 808 1023 861 ΚΕΦΑΛ.
1058 805 1188 860 ΛΑ’.

185 900 327 970 Περὶ
378 897 482 968 τῆς
545 900 608 981 ές
654 899 922 981 ,Ῥώμης
976 899 1300 981 πρεσϐείας
1334 898 1452 953 τῶν·
1501 896 1770 953 εὐσεϐῶν

552 970 707 1038 ὑπὲρ
740 968 852 1038 τῆς
881 968 1158 1023 Ἰωάννου
1199 969 1397 1037 δίκης.

254 1085 402 1138 ⁹Αλλ’
436 1084 579 1139 οὕτω
627 1085 814 1148 κακῶς
851 1084 1084 1155 ἐχούσης
1135 1087 1233 1150 τῆς
1275 1085 1627 1156 Ἐκκλησίας,
1660 1088 1771 1141 τῶν

183 1197 328 1241 τινες
362 1180 681 1232 ἐπισκόπων
709 1179 805 1231 καὶ
839 1177 1146 1249 κληρικῶν,
1179 1178 1329 1248 ζήλῳ
1367 1177 1499 1249 θείῳ
1545 1178 1768 1247 διαφλε-

183 1270 398 1333 γέντες,
442 1268 585 1339 ὑπὲρ
618 1269 871 1323 Ἰωάννου
902 1271 995 1322 καὶ
1029 1268 1129 1337 τῆς
1166 1269 1421 1340 πονηρῶς
1453 1270 1546 1322 καὶ
1569 1269 1770 1334 ἀθλίως

185 1362 420 1429 ἐχούσης
456 1360 809 1430 Ἐκκλησίας,
863 1359 964 1429 τῆς
1011 1359 1083 1413 tu)
1116 1362 1454 1429 ἀπάραντες,
1487 1362 1585 1432 τὴν
1634 1378 1769 1431 πρε·

186 1451 457 1520 σόυτέραν
503 1452 928 1521 κατελάμϐανον
973 1452 1217 1523 Ῥώμην,
1268 1453 1361 1506 καὶ
1393 1452 1491 1524 τὴν
1522 1452 1771 1524 χαλεπὴν

184 1546 403 1612 ἐκείνην
443 1543 755 1615 τραγῳδίαν
809 1543 1126 1612 κατέλεγον,
1168 1544 1413 1616 Ὀνωρίῳ
1448 1544 1770 1615 παραστάν-

184 1654 283 1699 τες
309 1636 387 1705 τῷ
416 1636 649 1708 βασιλεῖ,
675 1636 760 1690 ἔτι
787 1637 844 1691 δὲ
872 1637 971 1691 καὶ
999 1636 1334 1709 Ἰννοκεντίῳ
1360 1637 1438 1710 τῷ
1474 1637 1769 1708 Ῥωμαίων

183 1731 494 1799 ἐπισκόπῳ.
531 1730 688 1784 Μετὰ
734 1730 846 1800 γὰρ
879 1730 973 1785 τὸν
1026 1730 1205 1784 πολὺν
1249 1732 1463 1785 ἐκεῖνον
1513 1732 1770 1801 Δάμασον

185 1825 434 1894 Σιρὶκιος
477 1823 579 1894 τὴν
613 1822 929 1894 ἐπισκοπὴν
974 1823 1271 1893 διεδέχετο.
1330 1822 1538 1877 Τούτου
1582 1823 1637 1876 δέ
1671 1822 1768 1893 ἔτη

186 1916 590 1970 πεντεκαίδεκα
623 1913 1005 1982 διανύσαντος,
1030 1915 1390 1980 Ἀναστάσιος
1413 1920 1491 1980 εἰς
1524 1916 1614 1970 τὸν
1645 1915 1771 1989 θρό-

185 2025 275 2061 νον
313 2009 573 2077 ἀνήγετο.
604 2008 765 2063 Μετὰ
790 2008 846 2061 δὲ
882 2007 1077 2062 τοῦτον
1106 2010 1233 2080 τρία
1269 2009 1366 2078 ἐτη
1400 2009 1773 2077 διαϐιώσαντα

184 2100 539 2167 ἰννοκέντιος
579 2104 790 2174 ταύτην
825 2104 1070 2173 ἐπλήρου
1102 2107 1202 2174 τὴν
1245 2105 1525 2176 διαδοχήν.
1567 2108 1676 2160 Καὶ
1705 2106 1772 2170 ἃς

184 2195 450 2266 ἐφέροντο
494 2196 677 2258 δόντες
708 2197 1032 2260 ὲπιστολάς’
1078 2200 1224 2265 τρεῖς
1270 2198 1313 2249 δ’
1344 2193 1508 2269 ἦσαν,
1552 2192 1627 2255 ὦν
1672 2199 1773 2269 μία

187 2285 289 2352 μὲν
321 2286 420 2354 τῆς
443 2286 654 2356 χρυσῆς
683 2290 777 2341 καὶ
802 2285 1049 2357 γλώττης
1088 2288 1305 2357 ἐκείνης
1333 2282 1423 2359 ἦν,
1458 2290 1528 2341 τὰ
1559 2307 1772 2359 συμπε-

186 2381 357 2430 σοντα
375 2378 550 2431 πάντα
569 2378 707 2450 πρὸς
740 2379 937 2433 λεπτὸν
967 2380 1211 2434 διιοῦσα’
1248 2380 1385 2451 ἄλλη
1414 2380 1471 2434 δέ
1502 2382 1657 2452 κοινὴ
1679 2383 1774 2436 τοῦ

190 2468 835 2532 Κωνσταντινουπόλεως
867 2470 1072 2540 κλήρου
1118 2491 1138 2521 τ
1159 2470 1315 2533 αντός
1337 2486 1350 2501 ⁸
1378 2472 1539 2542 τρίτη
1580 2472 1636 2524 δὲ
1665 2473 1773 2528 τῶν

186 2563 610 2631 τεσσαράκοντα
642 2563 986 2629 ἐπισκόπων,
1018 2562 1069 2616 οἳ
1102 2563 1202 2632 τῆς
1249 2562 1504 2617 Ἰωάννου
1556 2565 1773 2635 μερίδος

185 2650 332 2723 ἦσαν
364 2655 459 2707 καὶ
491 2654 803 2717 κοινωνίας.
832 2655 1054 2718 Ταύτας
1083 2656 1147 2725 δὴ
1184 2657 1619 2726 ἐγχειρίσαντες,
1647 2674 1774 2710 τοσ-

183 2748 350 2801 οῦτον
388 2748 548 2818 ζῆλον
604 2750 837 2812 ἐκείνοις
903 2747 1120 2819 ἀνῆψαν
1191 2749 1609 2821 περιπαθήσασι
1661 2749 1775 2812 τοῖς

181 2841 410 2904 δεινοῖς,
442 2840 519 2904 ὡς
550 2840 643 2895 καὶ
667 2840 837 2911 ἄμφω
870 2840 1147 2913 Ἀρκαδίῳ
1180 2841 1260 2913 τῷ
1299 2842 1512 2912 βασιλεῖ
1542 2844 1777 2913 διαπέμ-

181 2934 399 3003 ψασθαι
427 2934 758 3004 γράμματα,
808 2934 900 2987 τὸν
930 2934 1024 2986 ἐπὶ
1067 2938 1178 2998 τοῖς
1220 2935 1640 3006 πεπραγμένοις
1667 2953 1775 3005 μα-

182 3030 325 3099 κρδν
356 3027 524 3082 ὕπνον
555 3029 766 3082 ἐκείνου
810 3027 1256 3096 διεγκαλοῦντας.
1306 3029 1572 3100 ᾘτιῶντο
1593 3029 1650 3082 δὲ
1681 3031 1774 3082 καὶ

179 3124 287 3194 τὴν
316 3122 580 3192 δευτέραν
610 3121 914 3193 ὑπερορίαν
945 3120 1021 3184 ὡς
1050 3122 1126 3191 μὴ
1155 3121 1377 3190 θεσμοῖς
1399 3122 1775 3194 γεγενημένην

1874 613 2070 671 egere:
2136 614 2300 670 quam
2336 597 2408 652 ob
2468 611 2692 653 causam
2760 596 2962 653 multas
3017 596 3184 652 etiam
3236 597 3448 667 experti

1875 701 2006 747 ευιιι
2048 706 2343 746 aerumnas.

2430 800 2659 859 CAPUT
2683 801 2878 858 XXXI.

1874 896 1953 951 De
1999 897 2262 968 legatione
2305 914 2468 968 quam
2508 897 2592 980 pii
2618 894 2842 1019 Ramt'zm
2887 895 2951 949 de
2995 894 3220 950 Joannis
3248 896 3453 967 judicio

2520 982 2752 1019 ιιιιεενιιη
2783 1005 2799 1019 .

2520 982 2799 1021 miserunt.

1947 1079 2353 1136 Cntchelesia
2396 1081 2470 1136 ita
2524 1080 2883 1153 aﬂligeretur,
2913 1082 3156 1152 episcopi
3220 1080 3450 1150 quidam

1873 1187 1930 1233 et
1965 1177 2178 1246 clerici,
2206 1179 2393 1233 divino
2424 1179 2542 1233 zelo
2564 1194 2663 1250 pro
2687 1179 2897 1236 Joanne
2919 1189 2975 1235 et
2996 1178 3261 1243 Ecclesia,
3295 1178 3456 1250 cuius

1876 1281 1987 1326 tam
2025 1271 2204 1326 maius
2235 1281 2285 1327 et
2316 1272 2670 1328 miserandus
2706 1281 2885 1327 status
2917 1280 3084 1338 esset,
3132 1272 3451 1341 ﬂagrantes,

1872 1379 1937 1417 ex
1966 1358 2191 1419 Oriente
2216 1364 2445 1419 Romam
2476 1374 2717 1421 veterem
2752 1374 2881 1420 sunt
2908 1365 3162 1435 profecti,
3202 1380 3453 1435 gravem-

1872 1471 1979 1525 que
2012 1456 2333 1525 tragmdiam
2368 1454 2527 1509 istam
2560 1454 2801 1508 Honorio
2836 1452 3156 1523 imperatori
3193 1461 3247 1507 et
3288 1452 3454 1507 luno-

1873 1549 2054 1600 centio
2090 1546 2272 1601 Romae
2301 1546 2562 1616 episcopo
2588 1555 3109 1603 commemorarunt.
3164 1545 3297 1599 Nam
3325 1551 3452 1615 post

1873 1654 2128 1708 magnum
2150 1638 2303 1693 illum
2340 1637 2657 1705 Damasum,
2677 1636 2913 1694 Siricius
2946 1637 3271 1709 quindecim
3290 1637 3454 1692 annis

1873 1730 2246 1800 episcopatum
2282 1730 2607 1786 Romanum
2627 1730 2827 1786 tenuit.
2858 1730 2919 1785 Ei
2946 1740 3129 1785 autem
3162 1729 3448 1793 defuncto,

1875 1823 2192 1878 Anastasius
2224 1827 2554 1893 subrogatus
2574 1834 2678 1879 est.
2712 1822 2817 1890 Qui
2851 1821 2944 1876 ubi
2979 1831 3102 1892 post
3142 1821 3449 1875 triennium

1875 1915 2133 1976 decessit,
2166 1917 2523 1972 Innocentius
2549 1916 2732 1972 lucum
2755 1916 2875 1987 ejus
2910 1930 3007 1985 per
3038 1915 3448 1970 successionem

1874 2010 2042 2080 cepit.
2075 2007 2212 2064 Tres
2242 2008 2317 2063 illi
2343 2023 2531 2065 secum
2567 2008 2804 2063 attulere
2832 2009 3162 2077 ~epistolas;
3215 2020 3453 2076 quarum

1876 2119 1980 2156 una
2010 2118 2193 2157 aureae
2228 2102 2373 2156 illius
2406 2101 2606 2171 lingua:
2666 2110 2807 2163 erat,
2862 2099 3207 2153 calamitates
3259 2112 3457 2153 omnes

1873 2195 2221 2250 exactissime
2256 2206 2549 2248 recensens
2587 2210 2602 2247 :
2637 2191 2900 2255 secunda,
2936 2192 3106 2245 totius
3133 2190 3452 2246 Constanti-

1863 2284 2205 2365 nopolitanae
2236 2282 2390 2339 urbis
2421 2282 2554 2338 cieri
2585 2282 2937 2345 communis;
2991 2281 3172 2350 tertia,
3210 2280 3454 2351 quadra-

1875 2375 2026 2447 ginta
2086 2376 2305 2430 illorum
2340 2374 2755 2446 episcoporum.
2786 2373 2880 2444 qui
2941 2374 3349 2430 communionis
3397 2384 3456 2430 et

1874 2469 2116 2540 partium
2156 2467 2382 2524 Joannis
2408 2476 2589 2522 erant.
2616 2468 2711 2523 Eis
2739 2467 2991 2532 redditis,
3016 2476 3227 2522 tantum
3261 2469 3316 2522 in
3343 2467 3457 2523 illis

1876 2562 2053 2616 zelum
2083 2561 2481 2627 accenderunt,
2520 2571 2744 2632 propter
2765 2561 3108 2617 calamitates
3125 2577 3220 2617 eas
3254 2562 3451 2618 dolen-

1881 2655 2050 2718 tibus,
2093 2663 2153 2709 ut
2183 2655 2347 2708 ambo
2374 2652 2441 2708 ad
2500 2653 2887 2725 imperatorem
2916 2654 3213 2710 Arcadium
3242 2655 3455 2710 litteras

1876 2746 2155 2812 dederint,
2185 2745 2511 2801 diuturnum
2536 2747 2592 2801 in
2625 2746 2794 2801 rebus
2818 2747 3137 2818 hnjnsmodi
3193 2762 3454 2803 somnum

1879 2838 2003 2908 ejus
2033 2835 2526 2908 reprehendentes.
2553 2836 2863 2908 Carpebant
2888 2855 3018 2894 vero
3043 2840 3279 2895 alterum
3309 2855 3450 2909 quo-

1878 2943 1987 2997 que
2019 2928 2298 2990 exsilium,
2351 2942 2463 2998 quo
2516 2925 2759 2984 Joannes
2785 2939 2984 2998 praeter
3037 2930 3457 2985 ecclesiasticas

1876 3018 2192 3074 sanctiones
2215 3018 2447 3074 affectus
2483 3018 2662 3074 fuerat
2692 3031 2985 3089 :oportere
3020 3020 3375 3084 aﬂirmantes.
3410 3023 3453 3077 si

1878 3128 2000 3182 quae
2029 3112 2105 3166 illi
2150 3128 2296 3167 verae
2317 3112 2625 3169 honestatis
2649 3121 2707 3168 et
2738 3112 2998 3169 Ecclesiae
3041 3114 3299 3184 tranquill
3327 3116 3455 3173 tatis

180 3217 671 3287 ἐκκλησιαστικοῖς
691 3232 705 3247 ο
740 3217 836 3270 καὶ
875 3214 1101 3286 χρῆναι,
1134 3216 1294 3283 είπερ
1328 3233 1380 3268 τι
1410 3216 1607 3286 ἐκείνῳ
1637 3216 1769 3285 μέλ-

1879 3221 2001 3260 cura
2019 3214 2186 3266 esset.
2211 3203 2376 3277 ἀ.ιά
2404 3205 2727 3276 episcopum
2749 3206 2804 3260 in
2828 3205 3015 3261 sedem
3034 3223 3188 3262 suam
3217 3208 3404 3262 reduci
3430 3247 3447 3271 ,

179 3308 281 3363 λον
306 3308 402 3361 τοῦ
437 3325 494 3360 τε
526 3307 731 3378 κυρίως
760 3306 929 3360 καλοῦ
958 3308 1060 3361 καῖ
1086 3306 1188 3377 τῆς
1230 3309 1374 3362 κατά
1410 3309 1508 3379 τὴν
1538 3310 1771 3379 Ἐκκλη-

182 3398 316 3450 σίαν
348 3397 597 3466 εἰρήνης,
631 3397 725 3449 τὸν
776 3395 879 3466 μὲν
923 3395 1073 3465 ἱερέα
1111 3396 1277 3449 πάλιν
1325 3399 1406 3459 εἷς
1438 3396 1530 3450 τὸν
1571 3400 1771 3452 οἰκεῖον

178 3489 500 3558 ἐπανάγειν
533 3488 726 3559 θρόνον
747 3503 762 3517 ⁶
809 3486 1063 3559 ἀθροῖσαι
1094 3487 1153 3541 δὲ
1199 3489 1295 3541 κα)⁸
1333 3490 1476 3542 κατὰ
1505 3491 1775 3543 Θεσσαλο-

186 3581 359 3650 νίκην
393 3580 636 3643 σύνοδον,
689 3579 785 3633 ἅτε
816 3578 884 3651 δὴ
922 3580 1088 3649 μέσον
1118 3579 1381 3651 κειμένην
1428 3579 1538 3633 τῶν
1593 3580 1654 3645 ἐξ
1697 3581 1773 3634 ἓω

177 3678 281 3729 καὶ
325 3674 551 3744 Ῥώμης
581 3675 826 3744 ἡκόντων
854 3686 869 3702 ⁶
905 3673 1373 3741 μεταστέλλεσθαι
1403 3673 1460 3727 δέ
1489 3676 1589 3746 τῆς
1621 3673 1774 3728 Ἀλε-

180 3771 430 3840 ξάνδρου
472 3771 567 3824 καὶ
599 3770 886 3840 θεόφιλον,
918 3769 976 3831 ὃς
1009 3770 1132 3823 τάδε
1168 3771 1347 3825 πάντα
1382 3770 1602 3842 συνέχεε
1624 3787 1638 3801 ο
1676 3771 1773 3825 καὶ

177 3866 384 3918 τοῦτον
436 3863 531 3916 τὸν
574 3864 778 3933 τρόπον
808 3864 1074 3934 κανονικῇ
1111 3863 1207 3916 καὶ
1254 3861 1459 3916 ἀπαθεῖ
1490 3863 1672 3934 διαίτῃ
1702 3864 1771 3916 τὰ

179 3959 337 4011 κατὰ
367 3956 460 4009 τὸν
494 3955 748 4024 Ἰωάννην
791 3955 1009 4008 ἅπαντα
1057 3951 1375 4021 εὐθετῆσαι.
1424 3952 1629 4005 Τούτου
1662 3952 1770 4023 γὰρ

178 4049 355 4119 χάριν
393 4042 610 4113 πέμψαι
660 4041 753 4095 καί
797 4058 952 4103 τινας
1001 4039 1112 4092 τῶν
1143 4038 1365 4093 Ἰταλῶν
1409 4037 1770 4099 ἐπισκόπους,

181 4139 504 4208 συνείδησιν
549 4133 760 4204 ἀγαθὴν
805 4133 900 4187 καὶ
927 4132 1135 4202 ἀψευδῆ
1168 4131 1326 4201 δίκην
1357 4132 1479 4193 ταῖς
1518 4128 1770 4201 καρδίαις

179 4230 591 4301 κεκτημένους.
648 4227 857 4295 ἔλεγον.
906 4223 1142 4277 Τοιαῦτα
1176 4222 1275 4293 μέν
1308 4221 1581 4294 Ἀρκαδίιρ
1632 4221 1660 4274 ὃ
1707 4236 1768 4273 τε

194 4321 469 4392 Ὀνὼριος
518 4320 614 4372 καὶ
651 4315 1000 4379 ἰννοκέντιος
1050 4314 1334 4384 ἔπεμπονο
1388 4312 1425 4367 ἃ.
1457 4313 1515 4366 δὲ
1542 4312 1772 4385 Ἰωάννη

179 4418 285 4471 καὶ
314 4415 430 4477 τοῖς
461 4415 521 4466 ἐν
554 4411 741 4481 κλήρῳ
772 4409 1139 4479 ἁντέγραιρον,
1175 4407 1386 4469 τούτοις
1413 4407 1526 4470 τοῖς
1560 4405 1770 4476 ῥήμασι

180 4506 539 4577 περιείχοντο
563 4518 577 4532 ⁵
607 4502 754 4570 ἆπερ
792 4500 905 4568 ἐγὼ
938 4501 1002 4552 ἐκ
1033 4499 1130 4568 τῆς
1166 4496 1457 4568 Ῥωμαίων
1482 4496 1767 4551 διαλέκτου

1875 3306 1931 3352 et
1961 3296 2232 3368 synodum
2260 3295 2691 3362 Thessalonicae,
2731 3313 2855 3369 quae
2903 3298 2958 3353 in
2989 3298 3171 3353 medio
3209 3314 3239 3352 c
3280 3300 3452 3354 Roma

1873 3396 1929 3441 et
1977 3404 2043 3442 ex
2100 3385 2323 3443 Oriente
2372 3387 2723 3444 venientibus
2758 3390 2852 3453 sit,
2885 3390 3029 3461 cogi.
3084 3390 3450 3461 Theophilum

1874 3481 2041 3535 etiam
2074 3480 2525 3545 Alexandrinum,
2552 3482 2646 3552 qui
2683 3483 2866 3539 omnia
2912 3498 2975 3538 ea
3008 3484 3341 3548 miscuisset,
3364 3500 3456 3541 ac-

1873 3576 2007 3631 ciri:
2033 3585 2200 3648 atque
2225 3577 2298 3631 ita
2330 3577 2552 3633 demum
2585 3578 2878 3645 canonico,
2901 3579 3179 3652 nullisque
3206 3582 3453 3638 ail‘ectio-

1874 3668 2041 3723 uibus
2068 3676 2331 3740 corrupto
2379 3667 2611 3740 judicio,
2663 3669 2893 3727 Joannis
2947 3687 3168 3728 causam
3229 3689 3451 3731 omnem

1875 3761 1983 3814 rite
2008 3769 2061 3814 et
2094 3760 2293 3815 ordine
2321 3760 2523 3818 decidi.
2553 3760 2725 3831 Cujus
2754 3762 2835 3819 rei
2872 3764 3043 3834 gratia
3079 3780 3137 3820 se
3164 3766 3331 3821 italos
3351 3767 3453 3822 ali-

1873 3859 2009 3920 quot
2060 3851 2350 3922 episcopos
2380 3851 2598 3909 misisse
2646 3854 3000 3921 addiderunt,
3052 3858 3448 3914 conscientiam

1873 3944 2074 3999 bonam
2106 3945 2465 4015 etjudicium
2496 3954 2706 4001 rectum
2744 3948 2797 4001 in
2840 3949 3104 4005 cordibus
3162 3950 3278 4007 suis
3305 3952 3450 4007 obti-

1876 4048 2094 4093 nentes.
2130 4036 2258 4093 Htec
2309 4040 2391 4094 sic
2450 4038 2520 4093 ad
2549 4038 2845 4094 Arcadium
2901 4043 3179 4098 Honorius
3210 4054 3265 4098 et
3292 4044 3452 4099 inno-

1872 4128 2087 4184 centius
2113 4133 2406 4200 scripsere.
2438 4130 2568 4197 Quae
2598 4147 2731 4186 vero
2763 4133 2960 4188 Joanni
3007 4134 3173 4190 etiam
3218 4145 3273 4191 et
3301 4137 3454 4191 clero

1875 4223 2235 4293 rescripsere,
2292 4223 2627 4295 ejuscemodi
2692 4226 2882 4281 verbis
2907 4228 3299 4283 continentur:
3329 4246 3454 4300 (tua:

1873 4328 1975 4383 ego
2002 4327 2069 4367 ex
2095 4314 2342 4367 Romano
2398 4329 2653 4371 sermone
2687 4325 2923 4388 utraque
2984 4320 3038 4374 in
3067 4319 3308 4376 Grmcam
3344 4324 3455 4377 litt-

1874 4420 2032 4473 guatn
2086 4404 2347 4481 translata
2407 4407 2591 4462 inveni
2620 4450 2634 4474 ,
2676 4418 2733 4464 et
2779 4410 3027 4466 historiae
3089 4413 3218 4468 huic
3248 4416 3450 4486 adjeci.

1875 4492 2118 4565 Epistolin
2145 4495 2212 4549 ad
2240 4495 2509 4551 Joannem
2548 4499 2626 4555 sic
2677 4501 2882 4556 habet:
3498 4495 3502 4499 ’

179 4602 436 4669 ἑκάτεροι
458 4596 655 4665 εὑρὼν,
688 4597 769 4658 εἰς
793 4592 1033 4664 Ἕλληνα
1060 4591 1314 4660 γλῶσσαν
1338 4590 1774 4661 μεταῦληθέντα,
1811 4593 1880 4664 τῇ
1945 4591 2242 4661 συγγραφῇ
2272 4590 2622 4663 παρεθέμην.
2659 4591 2725 4646 Ἥ
2757 4595 2856 4664 μὲν
2878 4594 2970 4650 οὖν
2998 4599 3135 4669 πρὸς
3199 4596 3455 4671 Ἰωάννην

177 4697 405 4761 εγραφε
437 4687 638 4743 τοιὰδεο

786 4778 1038 4834 ΚΕΦΔΛ.
1071 4779 1197 4835 ΔΒ’.

189 4877 601 4938 Ἰννοκεντίου
627 4872 845 4928 πάππα
890 4870 1116 4939 Ῥώμης
1147 4864 1466 4925 ἐπιστολαὶ
1490 4869 1600 4926 δύο
1624 4889 1768 4941 πεμ-

259 4949 511 5020 φθεῖσαι
542 4945 621 5011 τῷ
647 4962 710 5020 τε
763 4943 897 5020 ζερῴ
920 4945 1325 5020 Χρυσοστέμῳ
1376 4941 1446 4994 ἐν
1478 4945 1772 5020 ὑπερορίᾳ

260 5010 560 5087 διάγοντι,
592 5015 690 5073 καὶ
719 5010 1022 5081 τῷίκλήρφ
1047 5010 1154 5081 τῆς
1192 5013 1771 5067 Κωνσταντινουπό-

257 5097 439 5154 λεως.

264 5224 287 5256 ι
336 5203 398 5256 Ei
429 5203 524 5255 καὶ
560 5201 742 5256 πάντα
793 5199 877 5253 δεῖ
907 5200 1000 5253 τὸν
1045 5199 1288 5253 ἀναίτιον
1335 5201 1649 5271 προσδοκᾷν
1700 5199 1771 5254 τὰ

172 5295 439 5370 χρηστὰ,
479 5297 575 5348 καὶ
600 5294 755 5363 παρὰ
781 5293 874 5346 τοῦ
903 5293 1041 5345 Θεοῦ
1082 5293 1173 5345 τὸν
1202 5291 1350 5346 ἔλεον
1375 5296 1577 5359 αἰτεῖν,
1619 5294 1771 5363 ὅμως

173 5391 293 5445 καὶ
323 5387 460 5459 παρ’
506 5384 667 5458 ἡμῶν
718 5386 816 5453 τὴν
848 5384 1204 5449 ἀνεξικακίαν
1257 5386 1766 5455 συμϐουλευόντων,

173 5487 258 5539 τὰ
287 5480 609 5552 καθήκοντα
630 5479 940 5549 γράμματα
963 5478 1049 5531 διὰ
1075 5480 1356 5546 Κυριακοῦ
1386 5480 1484 5533 τοῦ
1511 5481 1766 5533 διακόνου

173 5573 601 5642 ἐξαπέσταλται
621 5588 636 5602 ο
673 5570 813 5625 ὥστε
851 5571 928 5641 μὴ
960 5570 1125 5625 πλέον
1144 5570 1441 5641 δυνηθῆναι
1480 5573 1581 5641 τὴν
1608 5572 1769 5643 ὓϐριν

173 5676 246 5724 ἐν
283 5667 370 5737 τῷ
400 5663 708 5735 συντρίϐειν
732 5664 794 5716 τδ
819 5663 1022 5730 ἀγαθον
1055 5661 1298 5726 συνειδὸς
1322 5663 1377 5715 ὲν
1406 5662 1483 5733 τῷ
1505 5662 1770 5727 ἐλπίζειν.

171 5758 341 5817 Οὐδὲ
373 5757 483 5827 γὰρ
530 5754 765 5825 ὀφείλεις
794 5753 1113 5822 διδαχθῆναι
1150 5754 1179 5805 ὁ
1210 5751 1483 5805 τοσούτων
1517 5751 1663 5804 λαῶν
1695 5751 1768 5804 διο

172 5853 472 5914 δάσκαλος
503 5850 599 5905 καὶ
629 5850 850 5915 ποιμὴν,
883 5849 1009 5909 τοὺς
1040 5847 1295 5917 ἀρίστους
1320 5848 1407 5900 ἀεὶ
1448 5847 1543 5900 καὶ
1573 5844 1767 5899 πολλὰ·

2432 4782 2656 4841 CAPUT
2678 4783 2897 4842 XXXII.

1872 4873 2172 4950 Innocentii
2230 4893 2384 4945 papa:
2446 4875 2677 4950 Romani
2741 4878 2977 4950 epistola:
3058 4879 3213 4942 duce,
3266 4893 3453 4937 sancto

1944 4944 2317 5028 Chrysostomo
2349 4948 2526 5002 exsuli
2568 4961 2617 5003 et
2661 4944 2803 5004 clero
2852 4950 3449 5020 ConstantinOpolitano

1947 5031 2139 5072 rursm.

1953 5215 1971 5249 ι
2007 5196 2245 5253 Tametsi
2275 5199 2623 5254 innocentem
2654 5199 2798 5254 bona
2855 5200 3038 5256 omnia
3091 5212 3439 5273 exspectare,

1873 5298 1930 5343 et
1951 5304 1981 5343 a
2006 5289 2114 5343 Deo
2129 5290 2560 5346 misericordiam
2581 5301 2766 5363 petere
2795 5296 3104 5359 conveniat,
3127 5303 3309 5351 tamen
3346 5313 3447 5352 nos

1875 5384 2223 5451 quoque,qui
2277 5384 2582 5438 tolerantia:
2626 5386 2890 5439 malorum
2937 5402 3193 5442 suasorcs
3231 5403 3444 5450 sumus,

1873 5475 2084 5529 litteras
2147 5476 2331 5542 hasce,
2373 5493 2475 5545 pro
2504 5492 2572 5531 eo
2631 5488 2797 5548 atque
2826 5479 3181 5542 decuit,cum
3211 5481 3459 5552 Cyriaco-

1875 5565 2110 5621 diacono
2129 5567 2199 5621 ad
2232 5576 2285 5623 te
2323 5567 2595 5634 dedimus,
2635 5584 2706 5624 ne
2759 5569 3204 5626 adversariorum
3241 5573 3443 5644 injuria

1878 5658 1999 5728 plus
2020 5659 2212 5728 possit,
2249 5660 2378 5714 dum
2413 5660 2622 5732 ailligit,
2657 5677 2821 5732 quam
2890 5662 3033 5719 bona
3079 5664 3446 5729 conscientia,

1879 5748 2009 5803 dum
2037 5751 2092 5804 in
2141 5765 2237 5821 spe
2265 5766 2391 5807 cum
2422 5754 2513 5808 illa
2547 5755 2807 5809 luctatur.
2844 5753 2967 5810 Non
3006 5755 3157 5810 enim
3195 5770 3337 5826 opus
3361 5766 3444 5810 est

1882 5843 2068 5899 doceri
2097 5854 2170 5909 lc,
2213 5855 2291 5901 tot
2345 5850 2670 5920 populorum
2715 5848 3082 5905 doctorem‘ct
3142 5858 3445 5919 pastorem,
