4006 6568
255 497 266 509 ’
322 479 456 541 1033

1231 477 1828 541 ECCLESIASTICAE
1870 474 2252 534 HtSI‘QRi.‘E
2297 478 2440 535 UB.
2484 476 2646 536 XIII.

3427 475 3561 541 1034

317 589 392 660 μή
421 589 697 659 πρόφασις
750 587 988 658 κρίσεως
1024 588 1257 659 γένηται
1291 590 1324 659 ἢ
1360 588 1610 659 ζητηθῇς
1662 588 1754 649 Είς
1797 585 1886 637 τό-

1988 585 2184 652 posse?
2235 585 2525 655 Nunquam
2581 601 2709 640 sane
2768 595 2954 654 patres
3003 595 3216 643 nostros
3252 588 3374 641 talia
3398 604 3560 639 ansm

314 697 452 743 πους
479 679 703 746 ζώντων
733 681 922 752 ίερέων
965 678 1113 735 ἄλλοι
1157 679 1651 734 ἀποκαθίστανται’
1683 678 1758 741 ὡς
1790 678 1882 728 δυ-

313 771 567 842 ναμένων
596 773 704 826 τῶν
744 774 807 825 ἐκ
837 773 1084 827 τοιούτου
1124 773 1598 843 πλημμελήματος
1630 770 1885 841 ὁρμωμέ-

311 882 443 927 νων,
475 863 653 936 ὀρθῶς
691 882 746 918 τι
793 865 963 935 ἔχειν,
1019 864 1053 937 ἢ
1105 865 1453 935 πεπρᾶχθαι,
1500 863 1533 932 ἢ
1583 863 1689 916 ὑπό
1742 879 1885 924 τινος

313 957 617 1026 κριθῆναι;
646 956 788 1011 Οὐδὲ
809 957 919 1028 γὰρ
943 955 1163 1011 πώποτε
1192 956 1343 1025 παρὰ
1365 958 1474 1009 τῶν
1496 953 1751 1024 πατέρων
1776 953 1888 1006 τῶν

313 1050 607 1121 ἡμετέρων
659 1049 890 1103 τοιαῦτα
922 1049 1289 1119 τετολμῆσθαι
1335 1046 1699 1117 ἐγνώκαμεν
1750 1045 1889 1100 ἀλλὰ

317 1141 527 1213 μᾶλλον
561 1141 914 1197 κεκωλῦσθαι
971 1143 1032 1195 τὸ
1086 1141 1280 1212 μηδενὶ
1334 1142 1413 1205 είς
1462 1139 1633 1194 τόπον
1683 1138 1887 1203 ζῶντος

314 1216 651 1301 χειροτονεῖν
680 1231 844 1286 ἄλλον
869 1232 1122 1286 δεδόσθαι
1150 1231 1424 1298 ἐξουσίαν.
1458 1232 1535 1287 Οὐ
1564 1233 1674 1301 γάρ
1704 1246 1888 1302 χειρο-

311 1324 467 1377 τονία
511 1324 776 1395 ἀδόκιμος
823 1324 921 1395 τὴν
962 1324 1134 1398 τιμήν
1166 1324 1390 1380 δύναται
1440 1322 1746 1393 ἀφελέσθαι
1787 1319 1887 1376 τοῦ

318 1415 536 1487 ἱερέωςο
586 1416 891 1487 ἐπειδήπερ
945 1416 1068 1471 οὐδὲ
1115 1416 1415 1479 ἐπίσκοπος
1467 1415 1694 1471 δύναται
1743 1410 1887 1469 εἶναι

314 1508 550 1573 ἐκεῖνος,
570 1506 631 1572 δς
655 1507 859 1572 ἀδίκως
880 1507 1326 1563 ύποκαθίσταται
1346 1522 1362 1539 ο
1396 1510 1479 1564 ὅτι
1510 1508 1606 1562 καὶ
1636 1507 1889 1579 περὶτῆς

310 1597 422 1650 τῶν
456 1598 709 1652 κανόνων
768 1598 1179 1669 παραφυλακῆς
1218 1598 1433 1662 τούτοις
1488 1597 1601 1652 δεῖν
1651 1595 1889 1652 ἔπεσθαι

311 1690 627 1762 γράφομεν,
676 1690 879 1752 οἵτινες
910 1693 969 1743 ὲν
999 1691 1210 1761 Νικαίᾳ
1253 1688 1393 1744 εἰσὶν
1445 1689 1748 1761 ὡρισμένοι
1768 1706 1781 1720 ⁸
1808 1682 1892 1753 οἷς

316 1786 503 1856 μόνοις
537 1786 743 1856 ὀφείλει
776 1785 1222 1856 ἑξακολουθεῖνή
1258 1783 1527 1856 καθολικὴ
1564 1784 1889 1854 Ἐκκλησία,

311 1878 412 1932 καὶ
460 1877 687 1941 τούτους
725 1876 1044 1949 γνωρίζειν.
1100 1877 1161 1930 Εί
1210 1877 1269 1930 δὲ
1321 1877 1505 1948 ἕτεροι
1559 1877 1665 1931 ύπό
1721 1895 1891 1932 τινων

1988 673 2154 746 ωε
2185 675 2376 738 fuisse,
2419 677 2512 730 sed
2543 676 2727 746 potius
2757 676 2999 732 vetuisse
3044 680 3426 747 cognovimus,
3494 696 3559 731 ne

1988 770 2074 822 cui
2104 769 2158 823 itt
2189 771 2366 824 locum
2387 771 2622 825 viventis
2654 786 2752 840 per
2789 771 3187 825 Ordinationem
3221 773 3384 825 :tliunt
3429 775 3531 825 sub

1989 862 2249 915 stituendi
2272 862 2342 917 sit
2357 873 2615 932 potestas.
2641 862 2858 918 Minime
2874 864 3021 917 enim
3040 865 3313 918 ordinatio
3332 868 3558 935 reprobo

1991 951 2258 1007 honorem
2294 954 2537 1009 adimere
2572 955 2832 1023 episcopo
2867 964 3077 1024 potest:
3113 957 3558 1024 quandoquidem

1991 1057 2169 1112 neque
2196 1045 2485 1115 episcopus
2512 1046 2601 1099 ille
2635 1061 2755 1101 esse
2787 1057 2985 1116 potest,
3024 1046 3114 1115 qui
3139 1047 3324 1115 inique
3358 1048 3561 1102 substi—

1991 1135 2188 1190 tuitur.
2251 1137 2382 1191 Nam
2426 1149 2690 1207 quantum
2723 1140 2788 1192 ad
2835 1154 3107 1193 canonum
3156 1141 3561 1195 observantiam

1991 1228 2212 1291 attinet,
2248 1230 2552 1284 canonibus
2600 1231 3014 1300 obsequendum
3074 1248 3196 1288 esse
3248 1234 3563 1297 scribimus,

1992 1320 2084 1390 qui
2116 1320 2311 1377 Nicaea:
2352 1332 2479 1378 sunt
2508 1325 2753 1379 decreti:
2785 1341 2922 1395 quos
2952 1326 3098 1380 Solos
3130 1329 3433 1382 consectari
3469 1330 3564 1381 dc-

1992 1422 2080 1467 cet
2107 1412 2404 1469 Ecclesium
2438 1409 2782 1478 catholi'catn,
2812 1426 2867 1472 et
2889 1407 2982 1472 eos
3002 1418 3055 1472 in
3077 1420 3314 1473 medium
3345 1421 3492 1473 σίτου-ε
3512 1437 3560 1473 e.

1945 1550 1948 1553 λ
1995 1502 2093 1558 Sin
2128 1505 2218 1560 alii
2255 1522 2284 1559 a
2318 1506 2645 1576 quibusdam
2682 1508 3107 1577 profet'untttr,a
3140 1511 3374 1565 Nicatttis
3395 1529 3456 1565 ca
3502 1529 3566 1564 o-

1992 1595 2159 1650 nibus
2204 1597 2578 1664 dissonantes,
2624 1607 2681 1654 et
2718 1599 3006 1655 haereticos
3032 1610 3286 1656 auctores
3327 1604 3568 1657 referen-

1995 1693 2094 1748 tes,
2133 1685 2170 1740 ii
2204 1699 2235 1740 a
2255 1686 2547 1743 catholicis
2580 1688 2856 1759 episcOpis
2887 1691 3239 1762 rejiciuntur.
3268 1691 3343 1745 11..
3366 1691 3537 1745 rctit-o

1995 1792 2117 1831 rum
2143 1793 2378 1847 namque
2408 1779 2627 1835 inventa
2653 1781 2944 1837 catholicis
2979 1783 3408 1837 canonibttStzon
3436 1796 3562 1838 sunt

1994 1869 2355 1925 adneCtenda.
2421 1872 2649 1942 Semper
2689 1874 2891 1955 etenim
2941 1874 3017 1929 illi
3049 1891 3146 1944 pt'r
3186 1878 3456 1931 utntraria
3512 1887 3567 1929 ct

311 1971 743 2041 προσφέρονται,
779 1971 978 2034 οἵτινες
1014 1969 1122 2024 ἀπὸ
1150 1970 1259 2024 τῶν
1295 1970 1541 2024 κανόνων
1569 1969 1676 2024 τῶν
1707 1972 1765 2023 ὲν
1793 1969 1887 2022 Νι-

1996 1961 2202 2015 neraria
2229 1962 2473 2028 decreta,
2502 1964 2728 2020 Patrum
2756 1952 3107 2020 Nicarnorum
3138 1969 3427 2022 consilium
3463 1986 3568 2020 mt-

308 2065 446 2136 καίᾳ
467 2065 826 2135 διαφωνοῦσι,
854 2066 949 2120 ml.
973 2066 1079 2119 ὑπὸ
1098 2066 1396 2137 αίρετικῶν
1420 2064 1736 2135 ἐλέγχονται
1768 2082 1893 2118 συν-

307 2158 600 2230 τετάχθαι,
647 2159 794 2214 οῦτοι
847 2160 1004 2231 παρὰ
1060 2160 1170 2213 τῶν
1224 2158 1529 2214 καθολικῶν
1570 2159 1891 2213 ἐπισκόπων

308 2253 742 2308 ἁποδάλλονταιέ
803 2253 887 2305 Τὰ
944 2254 1055 2321 γὰρ
1094 2252 1200 2307 ὑπὸ
1232 2253 1341 2305 τῶν
1393 2251 1692 2322 αἱρετικῶν
1738 2250 1893 2322 εὐρε-

309 2347 497 2411 θέντα,
532 2343 706 2400 ταῦτα
737 2346 839 2399 οὐκ
859 2343 976 2397 ἔστι
1005 2347 1121 2408 τοῖς
1150 2344 1465 2410 καθολικοῖς
1495 2345 1685 2398 κανόσι
1724 2360 1893 2413 προσ-

309 2436 532 2491 άπτειν.
565 2438 679 2492 Ἀεὶ
700 2437 810 2508 γὰρ
838 2437 928 2491 διὰ
957 2436 1068 2490 τῶν
1090 2435 1360 2490 ἐναντίων
1386 2434 1483 2489 καὶ
1514 2434 1769 2505 ἀθέσμων
1791 2437 1891 2509 τὴν

303 2525 417 2581 τῶν
445 2527 507 2578 ὲν
535 2524 745 2598 Νικαίᾳ
795 2524 985 2595 μειοῦν
1019 2523 1219 2595 βουλήν
1267 2522 1565 2577 ἐθέλουσιν.
1614 2523 1690 2576 Οὐ
1727 2523 1891 2594 μόνον

307 2615 403 2675 οὖν
436 2620 678 2692 λέγομεν
725 2621 940 2684 τούτοις
995 2620 1072 2691 μὴ
1122 2620 1236 2674 δεῖν
1295 2617 1703 2699 ὲξακολουθείν,
1752 2618 1892 2673 ἀλλὰ

310 2713 519 2784 μᾶλλον
573 2713 776 2777 αὐτοὺς
815 2715 954 2785 μετὰ
1003 2713 1302 2785 αίρετικῶν
1361 2714 1456 2767 καὶ
1505 2710 1891 2784 σχισματικῶν

305 2807 605 2878 δογμάτων
630 2802 773 2861 εἶναι
806 2806 1210 2878 κατακριτέους
1233 2823 1247 2838 ·
1277 2806 1534 2871 καθάπερ
1564 2810 1659 2863 καὶ
1690 2807 1890 2879 πρότε-

310 2917 404 2973 ρον
457 2900 690 2971 γέγονεν
747 2901 807 2953 ὲν
841 2902 905 2971 τῇ
944 2899 1184 2971 Σαρδικῆ
1219 2900 1426 2972 συνόδῳ
1483 2899 1590 2953 ὑπὸ
1631 2899 1740 2953 τῶν
1784 2893 1898 2967 πρὸ

309 2993 468 3062 ήμῶν
500 2992 846 3048 ἐπισκόπων.
872 2992 954 3047 Τὰ
983 2992 1093 3065 γὰρ
1116 2992 1435 3066 πραχθέντα
1462 2980 1890 3063 κατακρίνεσθαι

310 3085 522 3155 μᾶλλον
576 3088 880 3156 προσῆκεν,
919 3086 951 3156 ἦ
1004 3085 1267 3157 ἄντικρυς
1299 3086 1408 3140 τῶν
1463 3085 1707 3141 κανόνων
1737 3088 1891 3157 γενό-

312 3195 491 3248 μενα,
537 3178 687 3250 ἔχειν
737 3181 860 3235 τινὰ
891 3180 1243 3252 βεϐαιότητα,
1281 3179 1503 3252 ἀδελφοὶ
1539 3182 1884 3253 τιμιώτατοι.

306 3270 474 3327 ’Δλλὰ
531 3274 585 3326 τί
638 3274 783 3329 κατὰ
832 3274 943 3328 τῶν
996 3274 1258 3329 τοιούτων
1303 3273 1398 3329 νῦν
1448 3276 1508 3329 ἐν
1549 3276 1628 3347 τῷ
1657 3277 1960 3354 παρόντιε

308 3366 652 3434 ποιήσομεν;
687 3362 999 3430 Ἀναγκαία
1031 3363 1149 3415 ἐστὶ
1175 3363 1475 3432 διάγνωσις
1509 3365 1791 3435 συνοδική,
1822 3368 1888 3438 ἦν

304 3456 400 3509 καὶ
441 3455 616 3508 πάλαι
648 3454 867 3525 ἔφημεν
898 3455 1352 3525 συναθροιστέαν.
1385 3457 1540 3527 Μόνη
1580 3458 1690 3528 γάρ
1734 3460 1888 3513 ἐστιν

304 3550 430 3620 ητις
468 3546 698 3601 δύναται
752 3546 854 3611 τὰς
884 3548 1131 3618 κινήσεις
1163 3546 1272 3601 τῶν
1296 3541 1558 3601 τοιούτων
1592 3552 1889 3604 καταστεῖ-

304 3639 396 3694 λαι
428 3638 801 3708 καταιγίδων·
847 3633 914 3710 ἦς
970 3639 1059 3693 ἵνα
1094 3637 1377 3710 τύχωμεν,
1421 3640 1699 3712 χρήσιμον
1748 3641 1887 3704 τέως

305 3730 705 3802 ῦπερτῐθεσθαι
729 3729 827 3802 τήν
857 3730 1108 3802 ἰατρείαν
1144 3732 1209 3802 τῇ
1241 3729 1499 3802 βουλήσει
1519 3731 1615 3787 τοῦ
1643 3733 1884 3803 μεγάλου

303 3824 445 3878 Θεοῦ
492 3823 724 3879 καὶτοῦ
776 3823 1018 3895 Χριστοῦ
1072 3824 1240 3878 αὐτοῦ
1284 3824 1382 3878 τοῦ
1432 3824 1644 3896 Κυρίου
1703 3825 1882 3896 ήμῶν.

304 3918 497 3974 Πάντα
523 3919 626 3973 ὅσα
656 3917 752 3971 νῦν
783 3917 862 3987 τῷ
884 3912 1063 3989 φθόνῳ
1083 3916 1179 3971 τοῦ
1210 3917 1460 3973 διαϐόλου
1482 3919 1620 3989 πρὸς
1646 3919 1746 3991 τὴν
1775 3920 1886 3973 τῶν

305 4010 520 4065 πιστῶν
578 4010 914 4079 δοκιμασίαν
981 4012 1360 4079 τετάρακται,
1439 4010 1881 4081 πραῦνθῇσεται.

302 4100 475 4155 οὐδὲν
503 4101 801 4172 όψείλομεν
832 4104 900 4173 τῇ
946 4102 1268 4172 στερρότητι
1313 4101 1415 4172 τῆς
1458 4102 1693 4168 πίστεως
1734 4104 1885 4175 παρὰ

300 4191 398 4246 τοῦ
432 4193 644 4261 Κυρίου
680 4192 1005 4246 ἅπελπὶσαι.
1041 4190 1153 4244 Καὶ
1186 4192 1295 4261 γὰρ
1351 4192 1511 4263 ήμείς
1544 4194 1716 4248 πολλὰ
1763 4211 1886 4249 σκε-

215 4309 219 4312 ·
301 4283 579 4355 πτόμεθα,
633 4283 690 4336 ὃν
745 4283 948 4354 τρόπον
992 4285 1025 4354 ή
1063 4283 1284 4347 σύνοδος
1306 4286 1706 4356 οίκουμενικῶς
1751 4306 1882 4342 συν-

222 4438 225 4439 ν
299 4376 521 4449 αχθείη,
547 4378 698 4439 ὅπως
726 4378 792 4446 τῇ
828 4374 1083 4446 βουλήσει
1133 4374 1228 4429 τοῦ
1259 4377 1396 4430 Θεοῦ
1429 4380 1523 4432 καὶ
1544 4380 1883 4451 ταραχώδεις

300 4470 551 4540 κινήσεις
586 4465 923 4521 παύσωνται.
973 4467 1392 4537 ’Υπομείνωμεν
1433 4468 1527 4523 οὖν
1573 4469 1747 4535 τίως’
1788 4474 1884 4528 καὶ

297 4562 377 4630 τῷ
434 4560 608 4630 τείχει
663 4562 759 4630 τῆς
813 4559 1097 4629 ὑπομονῆς
1142 4562 1525 4631 ὀχυρούμενοι,
1567 4564 1882 4638 ἐλπίσωμεν

1995 2067 2167 2107 nuere
2191 2053 2511 2112 intendunt.
2533 2055 2881 2129 Quapmpter
2912 2073 3020 2113 non
3077 2060 3253 2115 solum
3289 2061 3393 2114 ltoc
3427 2062 3567 2115 dici-

1995 2157 2141 2208 mus,
2176 2143 2309 2199 istos
2340 2147 2679 2216 sequendum
2716 2165 2824 2201 non
2851 2163 2995 2215 esse,
3021 2165 3209 2204 verum
3243 2153 3409 2206 etiam
3440 2170 3564 2207 ρυειι

1994 2234 2724 2295 hzereticisetschismaticis
2749 2256 2843 2297 seu
2871 2240 3179 2299 dissidiosis
3220 2246 3567 2314 dogmatibus

1995 2326 2463 2385 condemnandum
2485 2347 2500 2384 :
2526 2331 2984 2400 quetttadtttodum
3007 2333 3235 2388 anteain
3259 2335 3448 2389 Sat-dic
3484 2339 3568 2391 tzsi

1994 2419 2230 2473 concilio
2260 2418 2328 2474 ab
2350 2421 2650 2491 episc0pis,
2698 2422 2789 2491 qui
2844 2438 2944 2478 nos
2971 2436 3398 2495 praecesserunt,
3450 2428 3566 2481 rac-

1998 2518 2111 2564 tutn
2133 2518 2237 2565 est.
2271 2509 2407 2564 Nam
2435 2526 2556 2580 quae
2578 2513 2659 2566 sic
2689 2526 2978 2582 perperam
3008 2498 3565 2580 subintroducuntur,

1993 2602 2167 2674 magis
2234 2603 2498 2658 damnare
2543 2603 2822 2670 convenit,
2859 2620 3022 2673 quam
3091 2612 3149 2658 ut
3184 2620 3305 2674 qua:
3360 2607 3567 2661 directe

1995 2706 2184 2751 contra
2214 2710 2452 2751 canones
2479 2703 2826 2761 statuuntur,
2861 2698 3098 2768 aliquant
3133 2700 3396 2764 Labcant,
3458 2701 3568 2753 fru-

1997 2798 2109 2845 tres
2170 2788 2639 2854 reverendissimi,
2716 2787 3057 2844 ﬁrmitatem.
3110 2789 3381 2845 Castorum
3432 2790 3566 2862 quid

1993 2888 2185 2938 contra
2218 2881 2354 2937 istos
2390 2881 2443 2936 in
2471 2882 2768 2953 praesentia
2795 2881 3118 2955 agendum?
3176 2880 3436 2955 Synodali
3474 2901 3567 2938 co-

1992 2976 2235 3048 gnitione
2260 2990 2504 3048 peropus
2532 2985 2636 3043 est,
2656 2990 2818 3046 quam
2849 2975 3053 3033 dudum
3071 2978 3235 3032 etiam
3263 2977 3563 3049 cogendam

1918 3082 1933 3091 '
1993 3084 2113 3126 esse
2138 3070 2479 3127 censuimus.
2513 3069 2641 3125 Sola
2681 3068 2827 3125 enim
2860 3070 2950 3126 illa
2986 3072 3173 3128 talium
3194 3072 3562 3143 procellarum

1994 3177 2175 3224 motus
2209 3171 2393 3239 sopire
2426 3177 2609 3240 potest
2639 3185 2654 3223 :
2685 3186 2848 3242 quam
2891 3180 2953 3227 ut
2994 3171 3371 3237 obtineamus,
3429 3172 3565 3229 utile

1992 3277 2139 3318 nunc
2164 3261 2355 3329 fuerit,
2380 3262 2705 3321 medicinam
2738 3274 2793 3321 et
2820 3281 2980 3336 opem
3032 3266 3174 3322 hanc
3216 3266 3285 3321 ad
3315 3266 3569 3323 volunta-

1994 3365 2100 3411 tem
2135 3359 2315 3428 magni
2350 3358 2444 3413 Dei
2473 3370 2528 3414 et
2555 3358 2759 3415 Christi
2791 3362 2933 3432 ejus,
2995 3360 3213 3419 Domini
3246 3363 3447 3425 nostri,
3479 3378 3566 3419 re-

1988 3450 2155 3507 ferre.
2193 3451 2388 3508 Omnia
2420 3469 2543 3524 quae
2570 3455 2769 3512 diaboli
2800 3455 3024 3523 invidia,
3065 3456 3135 3511 ad
3188 3457 3430 3513 Iidelitnn
3467 3473 3567 3513 ex-

1988 3546 2355 3615 plorationem
2388 3558 2517 3602 sunt
2543 3549 2891 3619 perturbata,
2937 3552 3313 3621 paeabuntur.
3333 3552 3561 3609 Stabili-

1992 3646 2106 3692 tate
2149 3637 2279 3693 ﬁdei
2309 3638 2446 3693 nihil
2486 3655 2597 3695 non
2629 3656 2854 3712 sperare
2908 3659 2938 3696 a
2992 3643 3231 3699 Domino
3274 3644 3563 3700 debemus.

1985 3728 2098 3783 Nos
2126 3728 2347 3800 quidem
2406 3732 2645 3787 multum
2698 3735 3071 3793 deliberamus
3100 3746 3177 3805 et
3214 3738 3563 3811 dispicimus,

1987 3824 2266 3894 quomodo
2300 3825 2627 3883 universalis
2653 3830 2898 3900 synodus
2954 3846 3351 3904 congregetur,
3418 3836 3565 3890 utde

1988 3916 2272 3981 voluntate
2302 3920 2400 3976 Dei
2442 3922 2748 3978 turbulenti
2785 3924 2874 3980 isti
2913 3938 3095 3985 motus
3114 3943 3559 3999 wmpescantur.

1989 4012 2180 4083 Itaque
2211 4013 2424 4069 interea
2480 4016 2892 4087 sustineamus;
2944 4031 3000 4077 et
3066 4023 3345 4091 patientia:
3380 4042 3563 4081 .muro

1988 4102 2414 4171 circumvallati,
2443 4106 2630 4162 omnia
2653 4109 2860 4171 auxilio
2886 4112 2987 4167 Dei
3016 4114 3194 4168 nostri
3245 4115 3560 4171 restitutum

1988 4195 2081 4255 iri,
2125 4211 2430 4267 Speremus.
2479 4199 2827 4272 Quaecunque
2881 4219 3014 4259 vero
3077 4220 3172 4261 vos
3225 4207 3562 4264 sustinuisse

1986 4288 2306 4363 scripsistis,
2333 4306 2399 4347 ea
2428 4307 2652 4362 quoque
2675 4295 2858 4351 omnia
2884 4305 3069 4365 antea,
3099 4302 3351 4368 quamvis
3379 4301 3560 4354 diver-

1986 4383 2066 4438 sis
2097 4383 2334 4439 maxime
2354 4386 2718 4455 temporibus,
2747 4404 2776 4442 a
2797 4389 3023 4459 collegis
3038 4392 3243 4451 ,vestris
3258 4392 3555 4465 episcopis.

1986 4473 2289 4540 Demetrio,
2329 4476 2555 4547 Eulysio
2585 4487 2641 4534 et
2672 4478 2937 4546 Palladio,
2983 4484 3079 4552 qui
3107 4486 3340 4541 Romam
3386 4501 3557 4541 vene-

1988 4580 2144 4637 runt,
2172 4579 2230 4625 et
2284 4571 2574 4639 nobiscum
2609 4572 2859 4639 fuerunt,
2888 4579 3365 4647 percunctatione.
3390 4595 3558 4637 accu-

299 4655 485 4707 ττάντα
513 4655 580 4723 τῇ
609 4652 833 4724 βοηθείᾳ
854 4652 949 4706 τοῦ
977 4653 1113 4706 Θεοῦ
1138 4655 1293 4737 ἡμῶν
1324 4656 1879 4733 ἀποκατασταθῆναι.

1988 4673 2107 4718 rata
2122 4664 2504 4734 cognovimus.
2528 4684 2547 4719 ι
2593 4665 2756 4738 517
2788 4645 2914 4725 llaec
2939 4679 3091 4734 sunt.
3151 4687 3274 4741 quae
3300 4673 3368 4727 ad
3398 4674 3559 4728 cleri-

300 4747 492 4800 Πάντα
524 4745 581 4799 δὲ
618 4746 719 4799 ὅσα
758 4747 902 4816 ὑμᾶς
929 4745 1264 4814 ὑφίστασθαι
1297 4749 1584 4821 εἰρήκατε,
1615 4756 1713 4808 καὶ
1746 4756 1880 4826 πρό-

296 4856 463 4908 τερον
496 4839 922 4909 συνδραμόντων
953 4839 1032 4902 είς
1057 4840 1155 4910 τὴν
1202 4840 1421 4912 Ῥώμην
1453 4844 1562 4896 τῶν
1591 4847 1878 4921 ὑμετέρων

295 4931 639 4995 ἐπισκόπων,
676 4932 727 4983 εί
768 4933 863 4984 καὶ
908 4931 977 4983 τὰ
1025 4932 1262 5001 μάλιστα
1309 4933 1591 5003 διαφόροις
1638 4940 1876 5009 χρόνοις,

1986 4772 2083 4812 cos
2136 4760 2207 4813 ab
2246 4758 2570 4817 Innocentio
2613 4759 2754 4817 data:
2789 4762 3000 4819 littera
3031 4766 3432 4821 continebant:
3486 4783 3555 4820 ex

1985 4844 2188 4918 (ﬁtibus
2211 4850 2470 4920 colligere
2496 4852 2646 4921 licet,
2672 4869 2796 4925 quae
2816 4855 2896 4910 illi
2931 4857 3204 4912 sententia
3224 4865 3280 4911 et
3309 4858 3552 4912 studium

1985 4948 2054 5003 de
2069 4942 2279 5002 Joanne
2307 4946 2495 5001 fuerit.

293 5030 547 5082 τουτέστι
577 5029 913 5099 Δημητρίου,
944 5028 1213 5085 Εύλυσίου
1262 5031 1359 5085 καὶ
1405 5034 1738 5105 Παλλαδίου,
1798 5044 1996 5109 οἵτινες
2043 5046 2165 5116 μεθ’
2194 5044 2351 5117 ήμῶν
2401 5040 2571 5117 ἦσαν,
2643 5044 2826 5115 τελείᾳ
2891 5046 3159 5116 ἐρωτήσει
3228 5045 3556 5116 μεμαθήκα-

297 5144 421 5197 μεν.
463 5145 484 5178 ι
524 5126 711 5180 Ταῦτα
745 5127 842 5180 καὶ
880 5128 951 5179 τὰ
1007 5127 1144 5197 πρὸς
1185 5129 1311 5193 τοὺς
1354 5128 1658 5203 κληρικοὺς
1695 5136 2056 5211 διελάμδανον
2084 5141 2429 5212 γράμματα·
2473 5142 2532 5209 ιε
2564 5134 2643 5196 ὧν
2697 5142 2954 5210 συνάγειν
2980 5142 3148 5208 ἔστιν,
3182 5144 3342 5194 ὁποία
3374 5159 3456 5205 τις
3487 5139 3552 5214 ἦν

293 5220 493 5290 ἐκείνῳ
517 5221 664 5290 ὑπὲρ
689 5219 937 5275 Ἰωάννου
965 5221 1157 5292 γνώμη
1194 5240 1251 5276 τε
1279 5226 1376 5280 καὶ
1407 5228 1638 5301 σπουδή.

875 5336 1124 5392 ΚΕΦΔΛ.
1162 5337 1286 5394 Al".

291 5429 431 5500 Περὶ
462 5428 585 5485 τῶν
617 5431 685 5483 ἐκ
728 5427 953 5499 Ῥώμης
980 5429 1309 5497 πρέσϐεων,
1340 5431 1459 5488 ὅσα
1491 5439 1874 5495 πεπόνθασιν

504 5501 835 5565 ὑποϐολαῖς
871 5500 1173 5566 Εὺᾶυξίας
1213 5504 1312 5556 καί
1343 5503 1639 5563 Ἀττικοῦ.

358 5615 457 5670 Td
481 5614 616 5683 γοῦν
654 5611 884 5683 τοιαῦτα
919 5614 1246 5683 γράμματα,
1282 5615 1363 5671 ἔτι
1401 5618 1458 5672 δὲ
1499 5623 1593 5673 καὶ
1634 5623 1735 5692 τὴν
1774 5623 1873 5693 τῆς

2512 5345 2742 5403 CAPUT
2785 5348 3023 5407 XXXIII.

1981 5438 2060 5493 De
2091 5438 2280 5510 iugatis
2313 5438 2480 5493 Roma
2513 5445 2709 5504 ttttssis,
2744 5443 2925 5506 qualia
2960 5444 2997 5497 ii
3030 5442 3284 5500 Eudoxim
3312 5448 3550 5506 et'Jtiiti

2433 5514 2763 5580 suggestione
2796 5515 2901 5565 sint
2932 5516 3093 5582 passi.

2048 5627 2268 5681 Litterae
2300 5626 2430 5695 ipsa!
2479 5625 2615 5681 tales
2664 5625 2837 5682 fuere.
2885 5628 3112 5699 Insuper
3167 5648 3298 5690 vero
3355 5639 3544 5708 synodi

293 5711 511 5765 συνόδου
539 5709 747 5779 ψῆφον,
774 5707 810 5778 ἡ
837 5707 926 5761 διὰ
951 5708 1051 5778 τήν
1084 5707 1337 5762 Ἰωάννου
1367 5711 1547 5765 αἰτίαν
1578 5716 1634 5766 ὲν
1670 5715 1874 5787 Ἰταλίᾳ

1987 5716 2203 5773 lecreto
2235 5715 2333 5787 (l),
2363 5732 2485 5788 quae
2509 5718 2740 5774 Joannis
2762 5735 2923 5777 causa
2955 5721 3007 5775 in
3035 5722 3184 5780 ltulfa
3206 5707 3390 5783 coacta
3421 5728 3542 5785 fuit.

361 5849 435 5921 (t)
457 5847 919 5921 Sozontlscribit.
951 5845 1241 5921 episcopos
1258 5846 1543 5921 ⁸ιιιιίιιιιιιο.
1560 5858 1617 5905 et
1644 5851 1871 5921 presby-

294 5916 439 5975 teros
490 5922 631 5973 duos
657 5917 918 5971 Ecclesia:
968 5916 1129 5970 Rom.
1159 5916 1225 5970 ad
1256 5917 1563 5975 Honorium
1619 5916 1674 5977 et
1702 5916 1868 5980 Arca-

534 6017 806 6077 I‘unor.
841 6018 955 6079 Gn.
990 6014 1085 6074 CX
1102 6012 1225 6074 LVI

1974 5852 2128 5907 dium
2167 5867 2291 5932 esse
2359 5853 2731 5932 missos,___qui
2779 5857 2961 5912 locum
2991 5869 3049 5915 et
3085 5870 3297 5932 tempus
3350 5862 3541 5932 synodi

1974 5923 2233 5994 cogendae
2254 5932 2532 5995 peterent,
2572 5923 2669 5982 lib.
2717 5943 2835 5994 VIII,
2864 5944 2987 5997 cap.
3016 5932 3114 5983 ttIt.

3032 6023 3105 6082 33
