4006 6580
462 435 597 500 1035

1670 421 2081 485 NlCEl‘llFlRl
2129 422 2470 482 CALLISTI

3547 405 3682 469 1036

459 550 514 604 iu
544 560 741 602 manus
768 553 1016 615 recepto,
1042 542 1139 599 Dei
1189 555 1377 596 amans
1412 538 1680 609 Alinylius
1724 538 2015 593 Beneventi

2140 538 2383 604 meum,
2418 534 2523 588 ἀνὰ
2563 534 2747 603 χεῖρας
2788 528 3041 592 λαϐόντες
3085 526 3134 581 οἱ
3175 525 3300 596 περὶ
3336 523 3425 576 τὸν
3459 522 3689 592 θεοφιλῆ

458 640 770 709 cpiscopus,
797 634 1094 704 Cathegius
1151 642 1209 689 et
1229 630 1585 695 Gaudentius,
1613 644 1736 683 cunt
1770 628 2019 685 Valentio

456 743 513 787 ct
542 728 822 786 Bonifacio
855 725 1207 798 presbyteris,
1248 723 1416 777 Roma
1448 721 1763 792 Byzantium
1790 718 2018 790 profecti

460 833 605 882 sunt.
646 821 1029 893 Sequebantur
1051 833 1145 873 eos
1170 816 1427 888 Cyriacus
1457 823 1511 868 et
1545 813 1870 877 Demetrius,
1913 825 2016 866 una

461 930 584 971 cum
643 913 886 971 Palladio
946 920 1001 965 et
1053 910 1295 980 Eulysio,
1355 907 1447 977 qui
1503 904 1728 960 Joannis
1780 905 2018 975 partium

460 1006 693 1062 studiosi
759 1019 827 1058 eo
882 1010 1163 1063 venerant,
1238 1007 1292 1052 et
1357 998 1676 1068 tragmtliam
1754 996 2018 1051 malorum

462 1111 682 1152 omnem
714 1095 822 1150 illis
862 1096 1247 1161 exposuerant.
1291 1087 1427 1143 Cum
1457 1098 1638 1142 autem
1674 1086 1728 1140 in
1757 1084 2019 1144 Grazciam

464 1187 861 1260 pervenissent,
921 1185 975 1237 in
1035 1194 1232 1236 manus
1291 1178 1495 1234 tribuni
1542 1176 1867 1248 cujusdam,
1927 1175 2021 1246 qui

466 1282 690 1339 insidias
713 1280 794 1335 eis
830 1276 1154 1341 tetenderat,
1184 1273 1514 1328 inciderunt.
1547 1270 1664 1326 Non
1691 1271 1835 1323 enim
1855 1268 2023 1323 latere

467 1384 764 1444 potuerunt
789 1370 1113 1427 feminarum
1141 1366 1431 1437 pessimam
1461 1362 1764 1419 Eudoxiam
1795 1361 2025 1432 legatio-

465 1469 552 1522 nis
581 1466 698 1535 ejus
734 1462 1009 1518 mandata.
1063 1460 1126 1514 Et
1154 1457 1299 1527 quod
1343 1471 1535 1511 eorum
1586 1453 1873 1509 sententia:
1927 1468 2023 1507 seu

463 1557 719 1619 consilio,
751 1553 844 1624 qui
875 1549 1205 1621 legationem
1236 1562 1357 1601 eam
1407 1546 1691 1608 miserant,
1727 1557 1844 1598 arte
1889 1557 2024 1613 qua-

464 1651 587 1702 dam
621 1648 1020 1706 adversaretur,
1051 1641 1299 1695 actiones
1319 1653 1509 1692 eorum
1538 1634 1830 1691 contrariis
1855 1635 2028 1687 actio-

466 1740 627 1793 nibus
671 1733 957 1806 przcvenit.
1026 1730 1371 1799 QuaprOpter
1422 1725 1868 1781 Thessalonicam
1919 1724 2027 1779 illis

462 1829 675 1893 videre,
717 1835 884 1897 atque
931 1838 1085 1893 papa:
1131 1816 1365 1882 litteras,
1419 1832 1556 1888 quas
1608 1816 1673 1870 ad
1724 1816 1844 1886 ejus
1874 1814 2027 1869 urbis

466 1922 784 1991 episcopum
818 1915 1080 1986 Anysium
1116 1909 1385 1972 ferebant,
1424 1907 1653 1962 reddere
1693 1906 2022 1976 permissum

469 2029 578 2066 tmn
610 2018 719 2065 est.
752 2005 860 2062 Sed
892 2004 1112 2060 duobus
1168 1999 1403 2072 navigiis
1436 1998 1699 2069 impositi,
1735 2007 2024 2067 postquam

468 2110 521 2161 in
550 2120 718 2159 unum
737 2118 802 2157 ex
828 2097 1108 2154 suburbiis
1124 2092 1743 2162 Constantinopolitanae
1765 2090 2024 2156 civitatis,

469 2195 614 2266 quod
648 2193 885 2261 Athyras
938 2194 1188 2249 vocatur,
1242 2191 1635 2254 pervenerunt,
1674 2197 1772 2251 per
1807 2181 1915 2235 vim
1971 2180 2026 2234 itt

469 2285 777 2341 custodiant
814 2289 947 2336 sunt
973 2276 1209 2347 conjecti
1245 2291 1260 2330 :
1314 2274 1519 2344 quibus
1567 2289 1666 2343 per
1695 2272 2027 2327 calumniam

469 2381 748 2451 nhjectum
781 2385 886 2435 est,
917 2371 1063 2442 quod
1096 2370 1357 2425 ditionem
1406 2366 1639 2420 alienam
1668 2365 1809 2420 ultra
1842 2364 2031 2418 termi-

471 2487 572 2533 nos
596 2485 728 2525 suos
758 2468 1058 2527 turbarent,
1083 2472 1135 2515 et
1167 2473 1290 2515 cum
1321 2456 1619 2513 Orientalis
1655 2455 1868 2526 imperii
1900 2469 2031 2510 con-

471 2561 698 2617 tumelia
728 2559 803 2615 ibi
830 2557 1113 2611 adessent.
1162 2550 1395 2606 Romani
1454 2548 1639 2619 igitur,
1671 2557 1725 2601 et
1770 2544 2033 2616 Cyriacus

470 2659 791 2727 cpiscopus,
831 2649 1038 2720 quique
1066 2659 1189 2699 cum
1215 2657 1283 2697 eo
1331 2651 1514 2707 crant,
1542 2640 1770 2694 seorsim
1797 2640 2032 2709 quisque

473 2750 526 2803 itt
562 2743 842 2802 custodias
872 2737 1090 2800 inclusi,
1121 2734 1252 2788 torti
1305 2742 1435 2787 sunt
1494 2741 1551 2785 et
1573 2732 1838 2784 mrumttis
1865 2727 2036 2797 pluri-

470 2840 577 2894 mis
596 2834 799 2898 allecti,
833 2839 895 2885 ut
937 2829 1150 2884 litteras
1201 2822 1469 2894 “agitatas
1503 2819 1837 2892 proferrent.
1876 2819 2035 2874 Post-

473 2946 636 3003 quam
671 2936 852 2983 autcm
890 2921 968 2978 illi
999 2936 1058 2976 se
1109 2934 1203 2973 eas
1257 2933 1366 2972 non
1433 2914 1587 2983 prius
1640 2911 1870 2967 daturos
1914 2925 2034 2964 esse

473 3026 835 3086 aﬂirmarunt,
873 3028 1036 3088 quam
1079 3012 1474 3081 imperatorem
1504 3004 1794 3066 vidissent,
1847 3009 2036 3072 utpote

474 3118 540 3171 atl
580 3129 706 3171 cum
739 3109 928 3181 legati,
958 3114 1237 3178 postremo
1272 3098 1524 3154 Valerius
1553 3096 1800 3168 quidam,
1848 3109 1911 3148 ex
1960 3093 2038 3146 fe-

477 3210 638 3263 ritate
668 3213 722 3258 et
756 3199 1045 3257 temeraria
1078 3193 1311 3250 audacia
1350 3203 1550 3244 nomen
1579 3196 1634 3243 et
1657 3185 2034 3242 celebritatem
2065 3207 2107 3264 ε

476 3312 777 3368 aucupans,
798 3289 1040 3365 episcopi
1066 3288 1255 3352 unius,
1282 3282 1426 3357 apud
1448 3296 1610 3353 quem
1634 3281 1829 3335 littera:
1856 3286 2038 3341 erant,

477 3393 676 3464 pollice
706 3389 903 3453 fracto,
955 3383 1158 3452 scripta
1204 3380 1322 3450 ipsa
1376 3385 1432 3431 et
1481 3374 1700 3430 vascula
1751 3371 2038 3444 quaedam,

478 3461 667 3539 adhaec
703 3474 971 3550 quidquid
1001 3474 1113 3529 illis
1147 3470 1215 3526 ad
1260 3484 1348 3524 res
1386 3466 1730 3522 necessarias
1772 3461 2044 3534 parandas

477 3586 596 3632 crat
619 3572 855 3646 argenti,
907 3568 959 3623 ei
990 3565 1200 3636 eripuit
1250 3561 1356 3617 :id
1413 3560 1558 3630 quod
1613 3558 1705 3612 ille
1759 3571 1872 3611 non
1925 3556 2043 3610 sine

480 3668 724 3736 maligno
752 3659 983 3718 consilio
1013 3656 1167 3721 fecit,
1195 3661 1255 3708 ut
1277 3650 1587 3720 sumptibus
1619 3646 1883 3703 omnibus
1914 3659 2043 3715 spo-

482 3760 624 3825 liati,
683 3755 864 3810 facere
911 3747 1120 3818 aliquid
1176 3744 1276 3809 illi,
1330 3742 1474 3814 quod
1539 3739 1877 3813 prohibitum
1938 3746 2044 3802 est,

484 3847 814 3907 necessitate
838 3842 1215 3911 adigerentur.
1249 3835 1416 3908 518
1442 3832 1718 3890 Postridie
1766 3833 1886 3902 ejus
1934 3829 2045 3885 diei

484 3943 577 3997 alii
611 3936 836 4011 plurimi
872 3934 1105 3998 aﬂuere,
1143 3928 1258 3985 sive
1291 3929 1360 3982 ab
1390 3927 1507 3995 ipsa
1539 3927 1803 3988 Augusta,
1845 3936 1944 3977 seu
1980 3920 2047 3975 ab

485 4033 665 4088 Attico
695 4026 850 4083 missi
901 4041 918 4081 :
981 4023 1078 4094 qui
1132 4020 1203 4076 ab
1260 4017 1372 4074 illis
1420 4017 1722 4088 petierunt,
1755 4020 1816 4068 ut
1871 4013 2049 4066 tribus

487 4125 734 4182 millibus
763 4130 1119 4175 nummorum
1161 4126 1457 4169 aureorum
1501 4108 1764 4179 receptis,
1798 4120 1921 4161 cum
1957 4112 2051 4159 At-

487 4220 596 4271 tico
623 4210 1116 4270 communicarent,
1147 4202 1376 4260 Joannis
1403 4209 1837 4256 autem'cattsam
1872 4196 2051 4264 despi-

487 4316 696 4364 cerent.
737 4305 853 4359 Hoc
910 4301 989 4357 illi
1057 4312 1115 4353 se
1167 4296 1411 4352 facturos
1474 4307 1699 4364 prorsus
1756 4302 2045 4364 negarunt.

488 4400 701 4458 Accidit
729 4398 880 4454 enim
937 4390 1208 4449 divinitus
1236 4387 1521 4458 quiddam,
1576 4385 1722 4456 quod
1751 4399 1871 4439 eam
1934 4396 2049 4437 rem

490 4490 794 4563 prohibuit.
831 4487 965 4542 Nam
1008 4484 1105 4541 uni
1154 4497 1221 4537 ex
1278 4479 1496 4550 IEmylii
1552 4477 1821 4540 diaconis,
1883 4476 2051 4531 Paulo

492 4545 734 4646 nomine,
764 4579 889 4634 viro
917 4585 1068 4633 casto
1090 4582 1147 4630 et
1177 4545 1485 4636 moderato,
1524 4570 1709 4625 divum
1732 4567 2052 4638 Apostolum
2085 4545 2131 4603 θ

490 4675 722 4730 Paulum
743 4676 1096 4743 apparentem
1122 4664 1328 4721 dixisse
1356 4662 1543 4719 ferunt
1585 4677 1599 4715 :
1640 4679 1660 4712 ι
1700 4659 1896 4715 Videte
1919 4671 2049 4726 quo-

492 4766 654 4823 modo
694 4769 949 4819 accurate
978 4763 1098 4831 (seu
1127 4751 1546 4822 circumspecte)
1574 4749 1888 4814 ambuletis,
1937 4747 2058 4802 dies

486 4858 638 4916 enim
668 4854 797 4911 mali
844 4857 1009 4915 sunt;
1047 4865 1068 4900 ›
1128 4845 1453 4917 promissam
1494 4841 1637 4898 forte
1683 4840 1933 4897 fraudem
1976 4836 2056 4893 sic

493 4948 852 5003 iuhibentem.
920 4938 1336 4996 Sedenimcum
1389 4933 1467 4988 illi
1499 4933 1920 5004 promissionem
1956 4944 2055 4985 seu

488 5039 859 5099 conditionem
884 5034 1128 5090 oblatam
1178 5044 1289 5085 non
1322 5026 1655 5098 reciperent,
1687 5025 1783 5081 sed
1814 5023 2055 5079 reditum

494 5137 549 5189 in
594 5132 894 5188 Rotuanam
934 5126 1125 5179 urbem
1159 5120 1417 5190 precibus
1447 5125 1740 5188 peterent:
1779 5114 2057 5178 Valerius,

493 5223 587 5292 qui
635 5218 916 5289 egregium
954 5212 1087 5267 illud
1137 5209 1239 5264 viri
1284 5208 1479 5277 optimi
1519 5205 1737 5261 facinus
1779 5205 1833 5260 in
1859 5203 2059 5274 pollice

500 5312 753 5383 patravit,
778 5308 845 5362 ad
876 5306 1016 5360 male
1038 5301 1310 5373 agendum
1334 5309 1613 5361 strenuus,
1640 5297 1791 5368 putri
1818 5294 2057 5365 cuipiam

497 5415 550 5458 ct
578 5408 848 5457 vetustate
883 5390 1134 5466 squalido
1171 5392 1388 5461 navigio
1433 5404 1528 5443 eos
1559 5388 1905 5451 commissos,
1936 5386 2058 5440 exi-

501 5492 634 5543 tium
666 5488 748 5541 eis
778 5493 994 5540 struens
1017 5481 1293 5543 videlicet,
1342 5479 1568 5533 Romam
1621 5477 1825 5532 reverti
1868 5475 2057 5547 jussit.

500 5582 577 5635 illi
611 5594 734 5633 cum
772 5592 987 5631 summo
1028 5573 1269 5644 periculo
1307 5572 1659 5639 navigantes,
1701 5584 1842 5638 aegre
1897 5567 2062 5622 Lam-

503 5683 723 5741 tsacum
784 5668 1128 5737 appulerunt.
1181 5664 1315 5718 lude
1370 5665 1492 5714 navi
1548 5670 1776 5723 mutata,
1819 5668 2057 5729 quatuor

503 5763 781 5819 mensibus
850 5759 1049 5828 elapsis
1120 5759 1344 5812 Romam
1425 5771 1746 5825 pervenere,
1814 5764 1870 5805 et
1920 5755 2062 5824 apud

504 5853 879 5911 innocentium
928 5865 1116 5919 papam
1150 5848 1426 5919 sigillatim
1482 5862 1603 5916 quae
1649 5848 1730 5901 eis
1764 5847 2058 5912 accidere,

2118 628 2404 700 Αίμύλιον,
2439 623 2759 678 Βενεϐενδοῦ
2788 622 2845 677 δὲ
2876 613 3029 682 οὗτος
3060 618 3377 680 ἐπίσκοπος,
3412 614 3692 683 Καθήγιόν

2118 738 2178 774 τε
2223 721 2319 776 καὶ
2362 719 2712 780 Γαυδέντιον,
2758 715 2857 770 σὺν
2900 712 3205 781 Οὑαλεντίῳ
3248 710 3342 764 καὶ
3382 707 3694 777 Βονιφατίῳ

2119 815 2231 877 τοῖς
2281 810 2692 883 πρεσϐυτέροις,
2742 808 2807 860 ἐκ
2842 804 3061 876 Ῥώμης
3109 803 3245 874 πρ3ς
3288 803 3351 856 τὸ
3392 800 3692 865 Βυζάντιον

2121 906 2311 977 ᾔεσαν,
2356 904 2556 957 Εἵπετο
2597 901 2643 953 δ’
2673 900 2857 963 αὐτοῖς
2896 895 3172 967 Κυριακδς
3210 894 3307 948 καὶ
3344 894 3691 962 Δημήτριος.

2124 994 2337 1063 σύναμα
2390 990 2671 1059 Παλλαδίῳ
2722 990 2815 1043 καὶ
2866 986 3154 1056 Εὑλυσίφο
3206 984 3256 1038 οἶ
3304 985 3401 1054 τῆς
3439 982 3689 1037 Ἰωάννου

2126 1087 2343 1158 μερίδος
2385 1086 2558 1147 ὄντες,
2605 1084 2788 1136 ἐκεῖσε
2829 1080 2894 1149 δὴ
2941 1077 3328 1148 παρεγένοντο,
3376 1073 3467 1126 καὶ
3511 1072 3693 1125 πάντα

2124 1178 2351 1241 ἐκείνοις
2387 1174 2855 1247 ἐξετραγῴδησαν.
2895 1171 3024 1225 Ἀνὰ
3054 1169 3112 1224 δέ
3141 1168 3239 1239 τὴν
3276 1165 3503 1220 Ἐλλάδα
3534 1162 3692 1232 γενό-

2126 1286 2297 1340 μενοι,
2324 1269 2429 1322 ὑπό
2450 1285 2553 1321 τινι
2579 1264 2914 1337 ἐνεδρεύοντι
2936 1261 3045 1316 τῶν
3070 1261 3368 1333 χιλιάρχων
3391 1259 3473 1322 είς
3500 1258 3691 1327 χεῖρας

2123 1357 2505 1426 ἐμπίπτουσιν.
2543 1354 2679 1409 Οὐδὲ
2718 1354 2828 1425 γὰρ
2868 1347 2937 1422 ἦν
2969 1352 3154 1405 λαθεῖν
3186 1351 3284 1420 τὴν
3318 1345 3691 1417 πονηροτάτην

2124 1449 2399 1518 γυναικῶν
2432 1448 2689 1512 Εὐδοξίαν
2721 1447 2790 1502 τά
2821 1445 2920 1515 τῆς
2965 1442 3325 1514 στελλομένης
3368 1439 3690 1510 πρεσϐείας.

2137 1541 2602 1612 ’Λντιτεχνωμένη
2649 1539 2705 1593 δὲ
2748 1541 2813 1609 τῇ
2859 1537 3054 1608 γνώμῃ
3097 1536 3208 1588 τῶν
3251 1530 3696 1588 ἀποστειλάντων

2125 1633 2470 1705 προέφθανεν
2507 1629 2972 1701 ἀντιπράττουσα.
3014 1626 3419 1696 Θεσσαλονίκην
3462 1625 3567 1694 μὲν
3604 1617 3699 1675 οὗν

2126 1726 2187 1779 οὐ
2224 1723 2565 1794 συνεχώρουν
2594 1721 2838 1783 ἐκείνους
2873 1721 3002 1773 ἰδεῖν
3027 1733 3042 1749 '
3075 1718 3195 1772 οὐδὲ
3226 1717 3333 1789 γὰρ
3366 1718 3403 1771 ἀ
3435 1715 3575 1784 πρὶς
3608 1713 3701 1766 τὸν

2127 1816 2344 1882 ἐκείνης
2376 1813 2675 1867 ἐπίσκοπον
2716 1811 2961 1867 ’Δνύσιον
2993 1810 3087 1865 τοῦ
3124 1811 3324 1863 πάππα
3361 1807 3701 1876 ἐπεφέροντο

2129 1907 2456 1977 γράμματα,
2484 1904 2670 1958 δοῦναι
2697 1902 2845 1957 είων.
2876 1902 3008 1955 Δνσὶ
3033 1901 3211 1956 τοίνυν
3237 1900 3445 1961 πλοίοις
3473 1898 3700 1960 τούτους

2130 1998 2518 2061 ἐπιϐαλόντες,
2571 1995 2697 2049 ἐπεὶ
2745 1996 2803 2055 ἐς
2853 1994 3182 2064 προάστειον
3226 1993 3324 2063 τῆς
3376 1992 3625 2057 πόλεως,
3673 1989 3703 2042 δ

2140 2088 2376 2158 Ἀθύρας
2406 2087 2685 2150 καλεῖται,
2717 2084 2978 2152 ἔφθανον,
3015 2083 3205 2149 βιαίως
3233 2078 3420 2154 εἶργον
3450 2082 3700 2151 φρουρᾷ.

2130 2179 2226 2233 ἅτε
2273 2178 2433 2249 δῆθεν
2479 2177 2771 2250 ὑπερόριον
2816 2178 3166 2247 ἐνοχλοῦντας
3213 2176 3420 2247 ἀρχὴν,
3468 2174 3568 2230 καὶ
3612 2175 3705 2226 ἐπὶ

2133 2271 2289 2343 ὕϐρει
2324 2272 2423 2342 τῆς
2456 2271 2642 2326 ἐνθάδε
2678 2268 2954 2341 βασιλείας
2990 2269 3412 2340 γεγενημένους,
3445 2266 3706 2335 διαϐολὴν

2133 2366 2561 2431 κατεσκεύαζον.
2592 2364 2658 2420 Οἶ
2684 2381 2744 2416 τε
2777 2358 2872 2418 οὖν
2904 2363 3204 2432 Ῥωμαῖοι,
3237 2365 3333 2419 καὶ
3364 2363 3414 2416 οἱ
3448 2361 3582 2430 περὶ
3613 2362 3708 2414 τὸν

2135 2460 2432 2514 ἐπίσκοπον
2456 2457 2737 2529 Κυριακὺν
2757 2456 3165 2525 ἐγκλεισθέντες
3191 2456 3380 2527 χωρὶς,
3403 2454 3706 2525 ⁴Ιιτάζοντο,

2134 2553 2228 2606 καὶ
2265 2552 2456 2614 δεινοῖς
2498 2550 2773 2613 πλείστοις
2814 2548 3259 2617 περιεϐάλλοντο,
3294 2548 3361 2601 τὰ
3397 2547 3710 2618 γράμματα

2134 2643 2548 2713 ἀπαιτούμενοι.
2582 2641 2671 2705 Ὧς
2708 2640 2753 2694 δ’
2780 2642 2980 2694 ἐκεῖνοι
3010 2637 3072 2691 τὸ
3105 2640 3183 2709 μὴ
3218 2639 3402 2694 δοῦναι
3433 2638 3710 2709 διισχυρί-

2135 2735 2288 2799 ζοντο
2320 2733 2614 2803 πρότερον,
2648 2732 2698 2784 εί
2730 2731 2808 2801 μὴ
2839 2730 3066 2801 βασιλέα
3096 2730 3415 2794 θεάσαιντο,
3445 2729 3711 2797 πρέσϐεις

2135 2827 2287 2890 ὄντες
2306 2865 2323 2889 ,
2352 2825 2500 2887 τέλος
2531 2822 2827 2892 Οίοαλέριός
2856 2840 2938 2885 τις
2969 2825 3034 2874 ἐκ
3064 2820 3362 2892 θηριωδὲας
3392 2821 3487 2874 καὶ
3518 2819 3713 2887 ίταμό-

2134 2932 2296 2986 τητος
2326 2915 2495 2983 ὄνομα
2526 2912 2706 2983 ἐαυτῷ
2736 2912 3038 2982 περιθεῖναι
3067 2911 3415 2983 βουλόμενος,
3448 2911 3568 2975 ἐνὸς
3598 2912 3712 2964 τῶν

2076 3060 2085 3065 _
2139 3006 2457 3060 ἐπισκόπων
2480 3004 2571 3058 τὸν
2595 3003 2881 3075 ἀντίχειρα
2902 3004 3201 3068 διακλάσας
3227 2996 3412 3075 παρίἶι
3435 3005 3502 3058 τὰ
3523 3005 3711 3076 γράμ-

2144 3116 2286 3171 ματα
2305 3094 2394 3169 ἦν,
2412 3096 2548 3152 αὐτά
2565 3113 2623 3152 τε
2647 3096 2900 3165 ἀφείλετο
2919 3096 2986 3149 τὰ
3011 3097 3238 3163 πυκτία,
3257 3097 3349 3150 καί
3368 3114 3488 3151 τινα
3510 3097 3711 3166 σκεύη.

2140 3192 2232 3244 καὶ
2273 3191 2372 3244 ὃσα
2414 3190 2477 3260 δὴ
2528 3190 2662 3259 πρὸς
2707 3187 2907 3270 ῶνησιν
2950 3186 3058 3241 τῶν
3104 3188 3425 3258 ἐπιτηδείων
3466 3190 3717 3262 ἀργύρια

2141 3280 2300 3357 ἦσαν,
2335 3285 2437 3336 οὐκ
2470 3283 2577 3336 ἀπο
2625 3281 2723 3335 καὶ
2753 3281 2911 3335 τοῦτο
2947 3284 3191 3352 πονηρᾶς
3227 3280 3451 3353 γνώμης
3482 3284 3717 3353 διαπραο

2144 3375 2374 3444 ξάμενος
2395 3417 2409 3441 ,
2441 3374 2530 3428 ἵνα
2556 3373 2664 3427 τῶν
2693 3373 2827 3442 πρὸς
2857 3372 3050 3443 χρείαν
3079 3373 3276 3438 ἐνδεεῖς
3305 3375 3678 3438 καταστάντες
3696 3416 3713 3440 ,

2143 3467 2349 3540 πρᾶξαί
2376 3482 2428 3519 τι
2456 3465 2566 3519 τῶν
2595 3464 3070 3536 ἀπηγορευμένων
3095 3467 3520 3536 ἀναγκασθεῖεν.
3545 3465 3628 3537 Τῇ
3654 3467 3716 3521 δὲ

2143 3553 2403 3625 ὑστεραίᾳ
2433 3552 2582 3607 ἄλλοι
2606 3570 2664 3605 τε
2695 3554 2939 3606 πλεῖστοι
2970 3552 3250 3625 παρῆσαν,
3279 3555 3376 3609 εἴτ’
3396 3558 3459 3610 ἐκ
3486 3557 3586 3627 τῆς
3615 3557 3719 3627 βα-

2147 3648 2362 3711 σιλίδος,
2395 3645 2505 3699 εἴτε
2538 3647 2632 3699 καὶ
2656 3644 2788 3716 παρ’
2812 3645 2974 3699 αὑτοῦ
3005 3646 3070 3717 δὴ
3101 3645 3442 3717 πεμφθέντες
3470 3646 3564 3702 τοῦ
3596 3649 3717 3702 ’Δτ-

2144 3736 2298 3792 τικοῢ
2324 3755 2338 3768 θ
2365 3736 2416 3791 οἳ
2444 3736 2538 3790 καὶ
2567 3735 2774 3805 ἠξίουν,
2805 3734 3135 3804 τρισχιλίους
3166 3735 3425 3797 λαϐόντας
3454 3734 3715 3806 χρυσοῦς,

2144 3828 2472 3896 κοινωνῆσαι
2506 3825 2606 3895 μέν
2639 3825 2893 3895 Ἀττικῷ,
2922 3825 3023 3894 τῆς
3056 3823 3114 3877 δέ
3146 3826 3396 3879 Ἰωάννου
3425 3824 3584 3896 ϐἕκης
3612 3842 3718 3879 κα-

2149 3925 2475 3992 ταφρονεῖν·
2519 3920 2646 3983 τοὺς
2687 3921 2743 3975 δέ
2785 3921 3017 3991 πάμπαν
3057 3922 3457 3994 ἀπαγορεῦσαι.
3502 3924 3717 3994 Συνέϐη

2122 4016 2328 4086 γάρτι
2359 4014 2455 4068 καὶ
2487 4013 2757 4083 θειότερον
2793 4008 3001 4086 εἶργον,
3040 4015 3185 4085 μάλα
3210 4015 3309 4086 τὴν
3346 4016 3566 4085 πρᾶξιν.
3604 4016 3721 4070 Ἑνὶ

2148 4106 2259 4173 γὰρ
2299 4101 2408 4155 τῶν
2451 4102 2718 4172 Δίμυλίου
2764 4103 3060 4169 διακόνων,
3111 4104 3306 4176 Παύλῳ
3346 4105 3444 4176 τὴν
3488 4106 3719 4176 κλῆσιν,

2153 4195 2392 4267 σώφρονι
2417 4194 2510 4247 καὶ
2540 4193 2742 4264 μετρίῳ
2769 4193 2942 4263 ἀνδρὶ,
2966 4195 3059 4249 τὸν
3085 4196 3226 4249 θεῖον
3254 4198 3548 4250 ἀπόστολον
3578 4199 3724 4251 Παῦ-

2150 4290 2243 4342 λον
2267 4289 2599 4357 ἐπιφανέντα
2622 4289 2796 4340 εἰπεῖν
2817 4287 3033 4356 λέγεται
3054 4302 3067 4316 ’
3101 4308 3121 4342 ι
3153 4290 3391 4365 Βλέπετε
3419 4292 3536 4354 πῶς
3562 4293 3725 4362 ἀκρι-

2152 4380 2266 4443 ϐῶς
2306 4380 2697 4451 περιπατεῖτε⁶
2732 4379 2788 4431 αί
2827 4377 3030 4449 ἡμέραι
3067 4378 3180 4451 γὰρ
3222 4382 3488 4450 πονηραί·
3535 4398 3555 4433 ι
3593 4381 3726 4446 ῐσως

2154 4471 2253 4542 τὴν
2282 4471 2667 4543 ὑπεσχημένην
2694 4471 2912 4541 ἀπάτην
2937 4471 3222 4541 ἐπέχοντα.
3251 4470 3343 4542 Μὴ
3368 4472 3467 4542 τὴν
3492 4473 3726 4544 εἰσήγη-

2161 4582 2244 4618 σιν
2273 4564 2452 4618 τοίνυν
2484 4562 2919 4630 εἰσδεξαμένων,
2949 4562 3083 4616 ἀλλὰ
3114 4562 3216 4636 τὴν.
3241 4564 3299 4627 ἐς
3331 4561 3552 4634 Ῥώμην
3576 4567 3730 4618 ἀντι.

2157 4656 2459 4710 ϐολούντων
2483 4653 2764 4716 ἐπάνοδον,
2794 4653 3121 4723 (Μαλλέριος
3149 4655 3175 4707 ὁ
3204 4654 3264 4706 τὸ
3292 4653 3389 4707 τοῦ
3422 4655 3733 4725 ἀντίχειρος

2159 4747 2577 4817 ἀριστούργημα
2614 4744 3133 4816 διαπεπραγμένος,
3168 4744 3340 4807 δεινδς
3379 4742 3456 4798 ὢν
3489 4744 3587 4797 καὶ
3630 4762 3732 4799 κα-

2158 4841 2461 4911 κουργῆσαι
2484 4878 2499 4903 ,
2537 4834 2730 4909 σαπρῷ
2762 4850 2867 4890 τινι
2903 4835 2999 4889 καὶ
3029 4834 3368 4905 γεγηρακότι
3400 4834 3573 4906 πλοίῳ
3603 4836 3733 4889 τού-

2158 4946 2285 4993 τους
2313 4929 2636 4993 πιστεύσας,
2664 4925 2740 4993 ώς
2770 4926 2837 4981 ἀν
2868 4926 3126 4997 πρόνοιαν
3156 4925 3436 4988 ἀπωλείας
3465 4942 3734 4996 πραγμα-

2159 5023 2454 5091 τευόμενος
2474 5061 2488 5085 ,
2518 5019 2656 5089 πρὸς
2683 5019 2783 5091 τὴν
2822 5017 3041 5088 Ῥώμην
3068 5016 3373 5085 ἀνάγεσθαι
3407 5017 3732 5089 παρηγγύα.

2161 5115 2272 5168 Καὶ
2301 5111 2365 5183 δὴ
2394 5111 2473 5181 τῷ
2500 5110 2621 5183 πλῷ
2647 5112 2705 5163 ἐν
2736 5108 2855 5182 χρῷ
2885 5109 3129 5163 κινδύνου
3166 5106 3319 5176 μόλις
3346 5110 3411 5177 τῇ
3442 5107 3735 5177 Λαμψάκῳ

2161 5205 2455 5276 προσσχεῖν
2471 5202 2768 5271 ἐξεγένετο.
2784 5200 3028 5254 Ἐκεῖθεν
3039 5200 3093 5253 δέ
3109 5198 3412 5253 απὸ-ἀκάτιον
3427 5199 3737 5269 ἀμειψάμεο

2163 5314 2263 5360 νοι,
2313 5296 2590 5364 τεττάρων
2639 5293 3056 5364 παρῳχηκότων
3110 5292 3318 5360 μηνῶν,
3371 5291 3472 5360 τὴν
3508 5291 3734 5360 Ῥώμην

2163 5387 2461 5442 κατέλαϐον
2488 5400 2502 5413 ·
2536 5387 2631 5439 καὶ
2664 5383 2999 5454 Ἱννοκεντίφ
3026 5383 3107 5453 τῷ
3134 5383 3337 5454 πάππα
3366 5383 3735 5453 ἐμφανισθέν-

2161 5498 2275 5542 τες,
2306 5479 2447 5533 κατά
2484 5480 2650 5548 μέρος
2679 5478 2748 5531 τὰ
2780 5476 3133 5546 συμπεσόντα
3166 5476 3525 5547 ἀνήγγελλον,
3564 5476 3733 5546 μηδέν

2165 5572 2387 5635 εἰδότες,
2435 5572 2488 5623 εί
2529 5588 2581 5622 τι
2629 5570 2696 5640 δὴ
2738 5571 2850 5632 τοῖς
2900 5569 3026 5637 περὶ
3080 5567 3354 5637 κυριακὸν
3397 5567 3691 5634 ἐπεγένετο
3719 5582 3734 5597 ’

2165 5665 2299 5719 ἀλλὰ
2332 5664 2466 5734 μηδὲ
2502 5666 2630 5732 περὶ
2655 5662 2906 5719 ἰωάννου
2926 5702 2942 5730 ,
2972 5662 3002 5716 ὅ
3030 5678 3084 5715 τι
3110 5660 3176 5728 δὴ
3198 5660 3356 5729 αὐτῷ
3386 5660 3589 5730 συνέϐη
3628 5678 3735 5730 μα-

2167 5755 2279 5808 θεῖν
2315 5756 2714 5825 ὲξισχύσαντες.
2751 5753 2820 5806 Ἀ
2854 5752 2918 5823 δὴ
2950 5752 3041 5806 τὸν
3075 5752 3282 5822 νωθρὸν
3308 5751 3598 5820 ’Δρκάδιον
3627 5751 3736 5804 διε-

2167 5846 2409 5918 λάμϐαιε
2441 5847 2578 5909 τέως
2599 5887 2613 5915 ,
2647 5846 2721 5910 ὡς
2756 5843 2987 5916 ὕστερον
3021 5843 3231 5915 ὑπῆρξε
3271 5842 3481 5912 μαθεῖν.
3511 5842 3641 5897 Ἐπὶ
3672 5843 3736 5916 δὴ
