3930 6542
234 428 360 493 lOll

1144 423 1739 495 EC'CLESIASTTCJZ
1776 431 2162 494 HISTORLE
2202 434 2344 497 LIB.
2378 436 2551 499 Xlif.

3334 440 3487 504 ibi?

229 547 380 614 ρξίσς
423 551 640 623 ἐσχέθη.
671 555 940 625 ’Ὕστερον
974 554 1030 607 δὲ
1069 553 1231 616 αὐτὸς
1270 553 1367 605 καί
1402 553 1662 619 Ὀνώριον
1694 552 1759 603 διι

1863 570 1875 606 ι
1904 549 1977 602 ris
2009 549 2109 615 ll).
2142 565 2210 605 ne
2247 560 2492 622 emptum
2546 551 2652 606 iter
2678 564 3128 624 persequeretur,
3157 557 3473 625 prohibitus

224 638 436 693 κέιλυεν
482 646 562 706 εἰς
610 646 710 716 τὴν
762 636 1195 701 Κωνσταντίνου
1229 644 1492 714 μέλλοντα
1537 645 1797 713 ἐκδημεῖν

222 731 399 796 φειδοῖ
424 734 519 787 τοῦ
556 736 838 805 ἀδελφιδοῦ
861 779 875 802 ,
913 739 1052 793 ὥστε
1088 738 1315 801 πιστοὺς
1346 739 1615 809 ἄρχοντας
1647 737 1796 808 αὐτῷ

223 827 566 891 καταστῆσαι
598 828 725 897 ἄρτι
758 830 1163 899 ὀρφανισθέντι.
1201 828 1395 892 Δεδιὼς
1430 831 1523 883 καὶ
1555 830 1663 898 γὰρ
1691 825 1792 900 ἦν.

223 916 298 985 μή
330 933 382 969 τι
410 918 498 970 διὰ
528 920 586 972 τὸ
610 921 711 990 τῆς
740 912 957 991 ἡλικίας
984 923 1172 985 ἀτελὲς
1201 923 1364 976 πάθοι
1392 925 1420 977 ὁ
1449 925 1575 985 παῖς
1606 923 1794 977 Θεοδό-

222 1023 359 1072 σιος.
385 1010 628 1065 Ἑκώλυε
666 1012 764 1080 μὲν
792 1014 884 1068 οὗν
911 1016 1119 1069 ἐκεῖνον
1138 1054 1153 1077 ,
1187 1017 1487 1082 ἀναγκαῖον
1514 1015 1688 1082 λέγων
1715 1013 1810 1070 εἷς’

218 1114 306 1149 ναι
339 1098 523 1173 μένειν
555 1102 613 1152 ὲν
637 1102 840 1168 Ἰταλίᾳ
869 1103 960 1157 διὰ
986 1105 1086 1172 τὴν
1118 1104 1347 1173 ἔναγχος
1375 1105 1668 1174 τυραννίδα
1697 1122 1792 1174 γε-

213 1192 532 1261 γενημένην
569 1194 626 1245 ὲν
669 1194 981 1266 ’Δριηλάτῳ
1007 1198 1157 1266 παρὰ
1192 1198 1288 1250 τοῦ
1329 1199 1745 1259 Κωνσταντίνου
1767 1215 1782 1232 ο

212 1280 380 1342 αὐτὸς
412 1281 470 1334 δὲ
503 1284 700 1347 πείσας
734 1289 827 1340 καὶ
855 1285 1082 1356 θάτερον
1108 1289 1219 1341 τῶν
1249 1290 1544 1359 σκήπτρων
1574 1290 1783 1358 λαὸὼν,

210 1369 238 1419 ὂ
272 1369 514 1440 λάὄαρον
548 1373 805 1442 Ῥωμαῖοι
837 1375 1097 1443 καλοῦσι,
1127 1378 1399 1450 τέσσαράς
1425 1396 1484 1432 τε
1514 1396 1784 1450 στρατιω-

210 1458 321 1509 τῶν
350 1461 621 1529 ἀριθμοὺς
650 1464 910 1534 εἰληφὼς,
940 1466 1075 1538 πρὸς
1097 1467 1156 1521 δὲ
1182 1468 1276 1523 καὶ
1305 1471 1606 1539 γράμματα
1633 1471 1784 1540 βασι-

206 1547 348 1611 λέως
372 1551 472 1618 τὴν
496 1552 582 1604 ἐπ’
603 1555 870 1626 ἀνατολῆς
894 1558 1077 1623 ἄφιξιν
1101 1561 1487 1627 ἐπιτρέποντα,
1512 1562 1616 1633 ἢδη
1646 1563 1782 1632 πρὸς

202 1641 275 1706 τῇ
317 1640 483 1712 ἐξόδῳ
522 1637 612 1713 ἦν.
647 1642 840 1715 Φήμης
878 1648 936 1702 δὶ
976 1653 1413 1721 περιηχηθείσης
1452 1653 1529 1717 ώς
1561 1653 1639 1723 τῷ
1679 1654 1782 1722 υίῷ

204 1729 462 1803 Εὑχερίῳ
482 1774 496 1797 ,
532 1728 937 1805 συνεργούντων
966 1742 1075 1796 τῶν
1104 1744 1163 1799 ὲν
1190 1744 1418 1813 δυνάμει
1437 1784 1453 1808 ,
1485 1748 1778 1815 τυραννίδα

1900 650 2008 694 est.
2072 642 2279 697 Deinde
2315 657 2447 698 vero
2480 653 2536 699 et
2591 642 2785 699 Stilico
2818 645 3120 703 Honorium
3154 650 3463 719 impedivit,

1898 737 2201 806 quominus
2256 726 2796 807 Constantinopolim
2848 752 3075 810 propter
3126 742 3315 797 fratris
3363 745 3460 797 lilii

1899 845 2087 884 curam
2121 832 2474 895 concederet,
2515 818 2572 887 ut
2617 832 2810 893 tideles
2851 834 3139 904 praefectos
3167 835 3218 890 ei
3248 837 3458 891 consti-

1897 928 2096 986 tueret,
2127 921 2220 991 qui
2249 936 2357 975 non
2391 921 2466 975 ita
2495 921 2708 991 pridem
2741 923 2981 992 pupillus
3021 922 3200 977 factus
3236 922 3405 977 fuerat
3444 943 3456 977 :

1895 1012 2101 1065 veritus
2142 1014 2357 1069 scilicet
2399 1014 2517 1079 ille,
2577 1030 2645 1069 ne
2680 1024 2909 1084 propter
2941 1023 3188 1069 teneram
3236 1025 3455 1069 aetatem

1892 1102 2241 1158 Theodosius
2307 1119 2448 1173 puer
2505 1104 2722 1160 adversi
2787 1106 3090 1176 quidquam
3152 1115 3451 1174 pateretur.

1893 1194 2150 1264 lmpediit
2202 1196 2347 1251 hunc
2402 1197 2572 1267 igitur
2628 1198 2843 1262 Stilico,
2878 1199 3189 1253 necessario
3216 1214 3344 1253 eum
3399 1200 3453 1253 in

1889 1286 2043 1340 Italia
2092 1302 2315 1343 manere
2346 1287 2551 1343 debere
2581 1289 2798 1352 dicens,
2861 1301 3089 1359 propter
3143 1290 3449 1360 proximam

1888 1378 2231 1447 tyrannidem
2252 1381 2395 1450 apud
2417 1381 2686 1436 Arelatem
2706 1396 2735 1435 a
2753 1381 3114 1438 Constantino
3131 1379 3448 1438 excitatam.

1887 1470 2002 1525 Hoc
2038 1487 2164 1525 cum
2213 1472 2288 1526 illi
2338 1473 2732 1542 persuasisset,
2786 1474 3023 1528 alterum
3072 1490 3141 1528 ex
3192 1477 3446 1542 sceptris.

1884 1578 1979 1615 seu
2001 1563 2216 1617 vexillis
2247 1564 2454 1631 potius,
2475 1564 2730 1633 arripuit,
2753 1564 2898 1634 quod
2935 1565 3166 1620 Romani
3196 1566 3455 1621 labarum

1881 1662 2124 1708 vocant:
2175 1653 2453 1724 simulque
2507 1664 2750 1725 quatuor
2793 1656 3029 1711 militum
3081 1659 3332 1722 ordines,
3391 1666 3453 1711 ce

1884 1745 2231 1815 imperatoris
2256 1748 2487 1813 litteras,
2516 1748 2722 1816 quibus
2746 1748 2800 1803 ei
2839 1748 3110 1818 profectio
3138 1749 3442 1805 Orientalis

202 1821 571 1894 καθίστησιν,
606 1829 666 1880 ἐν
700 1830 889 1884 στάσει
924 1834 984 1886 τὸ
1027 1840 1419 1904 στρατιωτικὸν
1453 1839 1759 1909 γενόμενον

1883 1837 2323 1906 permittebatur,
2368 1840 2606 1908 accepit,
2646 1849 2815 1909 atque
2849 1840 2904 1895 in
2939 1840 3350 1909 expeditionem
3382 1859 3445 1896 se

199 1912 405 2004 πρῶτα
437 1918 535 1985 μὲν
566 1920 839 1976 κτείνουσι
869 1925 960 1977 τὸν
988 1927 1089 1995 τῆς
1125 1928 1356 1992 Ἰταλίας
1391 1931 1485 1984 καὶ
1518 1933 1555 1983 Γ
1560 1933 1759 1987 αλατῶι

1879 1930 2052 1985 dedit.
2088 1931 2190 1987 Ubi
2229 1930 2531 1987 vero‘fama
2560 1932 2865 1997 increbuit,
2901 1932 3250 2004 tyrannidem
3284 1934 3447 1987 illum

198 2002 477 2076 ὕπαρχον,
506 2012 600 2063 καὶ
625 2013 817 2078 ἄλλους
848 2014 1135 2084 βασιλικὰς
1166 2021 1343 2091 ἀρχὰς
1372 2024 1776 2097 ἐπιτετραμμέ-

195 2109 351 2156 νους.
396 2097 474 2150 Οὐ
520 2098 698 2168 πολλῷ
734 2103 780 2154 δ’
807 2102 1036 2175 ὕστερον
1076 2110 1226 2178 παρὰ
1265 2112 1375 2165 τῶν
1416 2114 1475 2166 ὲν
1513 2115 1772 2186 Ῥαδέννῃ

196 2187 556 2274 στρατιωτῶν
584 2191 680 2243 καὶ
710 2193 872 2256 αὐτὸς
899 2198 1211 2268 ἀναιρεῖται
1237 2202 1510 2274 Στελίχων
1535 2221 1549 2237 ·
1580 2206 1773 2262 ἔπειτα

192 2273 252 2367 δε
285 2278 384 2331 καὶ
413 2280 442 2330 δ
469 2279 654 2335 τούτου
688 2285 799 2349 υίὸς
829 2288 1088 2358 Εύχέριος
1119 2273 1427 2349 κτίννυταιέ
1450 2298 1513 2350 Ol
1548 2299 1647 2367 μὲν
1676 2297 1771 2353 οὖν

193 2365 344 2420 οὕτω
391 2372 739 2440 φωραθέντες
785 2380 1048 2445 κακόνους
1096 2378 1238 2437 εἶναι
1282 2386 1363 2455 τῷ
1411 2365 1624 2456 βασιλεῖ
1666 2387 1769 2446 ὧδε

195 2459 522 2517 ἀπώλοντοο
568 2469 706 2536 μετὰ
747 2470 805 2524 δὲ
847 2472 949 2541 τὴν
989 2474 1198 2528 τούτων
1242 2478 1525 2548 ἀναίρεσιν
1565 2482 1627 2534 τὸ
1672 2484 1770 2536 σὺν

192 2552 433 2642 inclinet;
472 2557 783 2629 βᾲρϐαρον,
816 2562 894 2633 τῷ
934 2568 1320 2638 προειρημένῳ
1357 2571 1659 2642 Ἀλλαρίχῳ
1690 2575 1767 2642 τῷ

191 2639 232 2690 Γ
232 2640 383 2710 ότθῳ
437 2645 734 2714 συμμίξαν,
783 2649 884 2719 τὴν
927 2652 1149 2724 Ῥώμην
1195 2656 1453 2727 ἐπειρᾶτο
1504 2639 1724 2726 πορθεῖν
1743 2639 1762 2695 V'

187 2730 395 2835 ἔπειτα·
418 2742 547 2808 περὶ
575 2741 802 2812 εἰρήνης
830 2743 1148 2816 ’Δλλαρίχου
1178 2750 1603 2835 πρὸςίονώριον
1629 2754 1765 2825 πρέ-

189 2826 348 2887 σϐεις
376 2830 712 2899 πέμψαντος,
741 2836 865 2888 ἐπεὶ
890 2836 1258 2908 ἀπετύγχανε,
1289 2826 1519 2906 πολλοὺς
1548 2847 1641 2899 καὶ
1670 2847 1765 2900 ἄλ-

186 2915 319 2980 λους
353 2917 666 2994 βαρεάρους
696 2928 1031 2996 ἐπαγαγὼν,
1063 2931 1165 3001 τὴν
1199 2932 1420 3002 Ῥώμην
1447 2936 1602 3001 αὖθις
1635 2941 1763 2992 ἐπο-

183 3006 405 3077 λιόρκει
442 3016 909 3087 παρακαθήμενος
932 3038 948 3053 ο
985 3026 1081 3075 καὶ
1115 3024 1207 3077 τὸν
1239 3029 1485 3098 ποταμὸν
1517 3029 1764 3100 Θύμϐριν

185 3100 435 3169 συσχὼν,
478 3103 536 3166 ὃς
581 3107 670 3160 διὰ
714 3110 881 3178 μέσου
925 3113 1037 3182 ρἐι
1079 3115 1178 3185 τῆς
1226 3117 1455 3184 πόλεως,
1500 3120 1758 3176 διεκώλυε

1878 2024 1993 2078 ﬁlio
2018 2024 2321 2088 Eucherio,
2348 2025 2431 2079 eis
2461 2024 2858 2095 adjuvantibus
2880 2024 2976 2094 qui
3008 2040 3134 2080 cum
3162 2034 3441 2095 potestate

1875 2115 2019 2184 apud
2058 2115 2237 2184 ipsum
2270 2123 2450 2179 erant,
2482 2131 2708 2184 parare;
2743 2115 2970 2179 milites,
3001 2117 3273 2174 seditione
3323 2134 3442 2172 mo-

1875 2220 1949 2273 ta,
1982 2210 2219 2278 primum
2278 2211 2444 2266 Italiae
2489 2220 2543 2265 et
2571 2211 2761 2267 Galliae
2790 2213 3134 2282 praefectum.
3191 2214 3439 2283 aliosque

1872 2304 2076 2371 quibus
2108 2303 2449 2373 imperatorii
2486 2303 2838 2373 magistratus
2879 2305 3159 2360 commissi
3192 2304 3435 2369 fuerant,

1872 2403 2136 2449 necarunt
2168 2413 2183 2451 :
2212 2394 2416 2450 deinde
2458 2397 2623 2464 paulo
2664 2404 2787 2463 post
2837 2396 3117 2452 Ravennae
3160 2412 3192 2452 a
3245 2397 3438 2452 militi-

1871 2483 1975 2538 bus
2005 2494 2060 2539 et
2093 2485 2210 2553 ipse
2259 2484 2471 2548 Stilico,
2525 2501 2650 2540 mox
2685 2484 2852 2540 etiam
2900 2485 3044 2542 filius
3074 2488 3195 2559 ejus
3226 2486 3439 2543 Euclio—

1872 2577 1983 2629 rius
2010 2575 2296 2646 iugulatus
2323 2586 2429 2630 est.
2478 2577 2660 2647 Atque
2707 2578 2799 2632 isti
2844 2579 3096 2646 quidem,
3140 2578 3288 2648 quod
3333 2583 3432 2634 ad-

1869 2686 2063 2725 versus
2081 2671 2473 2740 imperatorem
2492 2672 2846 2741 conspirasse
2866 2673 3196 2744 deprehensi
3223 2683 3429 2739 essent,

1866 2763 1932 2815 ad
1972 2763 2116 2816 hunc
2151 2765 2371 2818 modum
2401 2765 2683 2820 interiere.
2729 2764 2857 2820 Post
2885 2780 3079 2820 eorum
3132 2775 3316 2821 autem
3350 2766 3432 2821 in—

1867 2854 2111 2916 teritum,
2140 2856 2235 2923 qui
2279 2871 2403 2910 cum
2459 2856 2568 2911 illis
2619 2856 2838 2912 fuerant
2884 2858 3121 2922 barbari,
3176 2860 3227 2914 ei
3258 2874 3433 2929 quem

1864 2947 2103 3003 diximus
2132 2948 2388 3003 Alariclio
2419 2949 2624 3005 GOllilO
2658 2950 2966 3019 conjuncti,
3000 2952 3230 3006 Romam
3259 2968 3432 3024 expu-

1863 3054 2033 3108 gnare
2072 3042 2308 3110 aggressi
2361 3050 2510 3096 sunt.
2554 3042 2633 3096 lbi
2688 3042 2977 3098 Alarieltus
3018 3044 3088 3099 de
3131 3060 3264 3114 pace
3306 3061 3429 3101 ora-

1867 3142 2013 3186 tores
2043 3131 2110 3185 ad
2146 3132 2447 3188 Honorium
2472 3137 2619 3191 misit
2650 3154 2663 3190 :
2698 3153 2863 3206 quam
2899 3137 2991 3192 ubi
3020 3154 3131 3193 non
3156 3140 3422 3203 obtinuit.

182 3193 363 3262 ταύτῃ
391 3195 501 3248 τῶν
525 3200 847 3270 ἐπιτηδείων
869 3206 967 3273 τὴν
992 3208 1200 3262 εἴσοδον
1226 3212 1291 3263 ὲκ
1323 3212 1530 3284 Πόρτου
1558 3215 1757 3286 ἀνάγε-

1863 3222 1983 3278 aliis
2012 3218 2234 3292 duoque
2266 3225 2455 3281 multis
2502 3193 2752 3283 barbaris
2790 3226 3069 3293 adductis,

185 3284 341 3380 60m.
384 3289 671 3380 AMéTtOtOv
719 3296 768 3348 δ’
795 3300 824 3350 δ
876 3300 1081 3368 Πόρτος
1124 3302 1225 3372 τῆς
1269 3305 1487 3376 Ῥώμης
1535 3284 1759 3380 νεώριον

180 3377 344 3471 τρισὶ
383 3378 568 3448 λιμέσι
611 3392 1120 3461 περιγραφόμενον,
1163 3399 1256 3450 καὶ
1298 3400 1375 3462 είς
1420 3404 1624 3471 μικρᾶς
1647 3377 1761 3457 ’πό-

182 3465 330 3563 λεως
372 3475 830 3563 παρατεινόμενον
864 3481 1096 3550 μέγεθος
1137 3486 1313 3553 (οὕτω
1346 3465 1454 3558 γὰρ
1577 3492 1758 3563 ἐκεῖσε

179 3559 433 3613 ἐπίνειον
471 3561 730 3634 Ῥωμαῖοι
764 3570 1045 3643 καλοῦσι).
1084 3575 1259 3644 Λιμοῦ
1293 3577 1338 3631 δ’
1364 3559 1755 3653 ἐπιγενομένου

179 3653 248 3721 τῇ
290 3654 492 3708 σπάνει
522 3657 633 3710 τῶν
663 3660 999 3729 ἀναγκαίων,
1032 3667 1168 3732 πρὸς
1199 3668 1257 3722 δὲ
1288 3671 1383 3725 καὶ
1413 3672 1626 3743 λοιμοῦ.
1662 3676 1754 3729 καὶ

179 3743 297 3798 tibi
345 3745 549 3804 δούλων
597 3751 698 3820 ἥδη
751 3753 886 3823 πρὸς
925 3754 1238 3827 Ἀλλάριχον
1286 3761 1750 3831 αὐτομολούντων,

175 3842 364 3895 ἐδόκει
396 3843 546 3896 θύειν
578 3849 710 3899 πᾶσι
741 3852 908 3911 ναοῑς.
942 3850 1175 3906 Θοῦσκοι
1203 3853 1261 3906 δέ
1292 3872 1440 3920 τινες
1471 3860 1751 3930 μετακλη-

178 3930 417 3994 θέντες.
469 3932 829 4006 ὑπισχνοῦντο
879 3942 1147 4009 σκηπτοτς
1194 3959 1303 3996 τισι
1355 3945 1449 3998 καὶ
1500 3945 1752 4017 βρονταῖς

174 4025 314 4086 τοὺς
371 4023 685 4093 βαρϐάρους
738 4027 947 4081 ἐκεῖθεν
998 4030 1266 4087 ἐλαύνειν.
1322 4034 1592 4105 Εἷργᾳστο
1641 4041 1750 4111 γὰρ

173 4114 344 4166 τοῦτο
376 4114 563 4200 αὐτοῖς
597 4117 690 4169 καὶ
724 4121 854 4187 περὶ
885 4118 1040 4172 πόλιν
1069 4120 1258 4191 ἄλλην,
1287 4124 1526 4195 Λαρνίαν
1553 4130 1746 4200 ὄνομα,

170 4204 242 4275 ἠν
276 4207 386 4275 οὐχ
419 4199 564 4259 εἶλεν
597 4206 911 4279 ’Δλλάριχος
944 4214 1179 4282 παριών.
1213 4215 1289 4268 Uti
1327 4217 1435 4286 μὴν
1469 4216 1678 4290 ὤνησεν
1713 4224 1747 4295 ἡ

166 4297 407 4368 τοιαύτη
457 4300 688 4354 ἐπίνοια.
722 4301 876 4355 Ὅσοι
920 4304 1031 4374 γὰρ
1076 4305 1137 4359 εὖ
1184 4301 1328 4377 εἶχον
1375 4312 1743 4381 φρονήματος,

167 4391 323 4442 κατὰ
358 4390 524 4459 μῆνιν
555 4391 705 4446 Θείαν
734 4396 904 4448 ταῦτα
935 4396 1264 4452 πεπονθέναι
1300 4401 1603 4471 Ῥωμαίους
1634 4407 1747 4458 ἐνύ-

166 4481 336 4551 μιζον
372 4486 443 4553 τῇ
485 4485 650 4556 πολλῇ
694 4489 949 4561 ῥᾳστώνῃ
988 4495 1081 4546 καὶ
1123 4491 1390 4564 ἀκολασίᾳ
1432 4497 1498 4565 ἢν
1537 4498 1745 4551 ἐπεδεί-

161 4593 409 4640 κνυντο,
441 4576 516 4639 ώς
551 4581 643 4631 καὶ
679 4580 842 4633 αὐτόν
877 4584 996 4635 ποτ’
1031 4584 1349 4656 Ἀλλάριχον
1380 4590 1529 4641 τουτὶ
1564 4607 1742 4658 παρα·
1775 4576 1820 4632 ο

157 4667 366 4732 δεῖξαι.
410 4670 623 4741 Ἀγαθῷ
658 4673 766 4740 γάρ
796 4690 904 4726 τινι
939 4674 1094 4745 ἀνδρὶ
1126 4678 1481 4750 παραινοῦντι
1519 4682 1738 4753 Ῥώμης

160 4760 480 4829 φείδεσθαι,
516 4765 609 4816 καὶ
642 4764 717 4835 μὴ
747 4767 923 4820 αἴτιον
950 4769 1225 4825 τοσούτων
1252 4774 1441 4828 κακῶν
1470 4775 1737 4843 γίνεσθαι,

157 4857 387 4907 ἐκεῖνον
431 4851 594 4923 φάναι
641 4857 893 4925 λέγεται,
955 4861 1032 4925 ὡς
1086 4882 1105 4915 ι
1134 4863 1284 4918 ἄκων
1332 4868 1613 4921 ἐπιϐάλλει
1662 4870 1740 4939 τῷ

155 4947 357 5017 ἔργῳ·
406 4966 425 4999 ι
469 4951 708 5019 συνεχῶς
752 4954 862 5019 γάρ
906 4970 1029 5006 τινα
1070 4957 1437 5027 ιπικείμενον,
1480 4961 1737 5032 ἐνοχλεῖν,

152 5041 263 5108 τὴν
303 5041 531 5111 Ῥώμην
559 5047 803 5115 πορθεῖν.
836 5049 901 5100 "0
933 5049 1026 5101 xui.
1056 5050 1306 5118 ἐποίησε.
1342 5053 1476 5107 Τότε
1512 5055 1610 5124 μὲν
1641 5053 1738 5111 οὖν

153 5133 265 5203 χρή
278 5151 429 5202 ματα
456 5134 658 5199 λαϐὼν,
684 5139 786 5206 τὴν
811 5140 1131 5209 πολιορκίαν
1154 5142 1353 5212 διέλυε,
1384 5147 1736 5217 συνθεμένων

159 5225 464 5292 Ῥωμαίων
483 5269 498 5293 ,
530 5227 751 5298 βασιλέα
783 5231 995 5285 πείθειν
1024 5236 1103 5297 εἰς
1135 5238 1361 5306 εἰρήνην
1390 5239 1554 5292 αὑτὸν
1582 5242 1735 5310 δέχε-

151 5316 315 5369 σθαι.
360 5318 469 5370 Καὶ
511 5320 807 5388 πρεσϐείας
849 5324 1172 5395 γενομένης,
1207 5330 1257 5379 oi
1293 5330 1553 5384 τάναντία
1596 5348 1731 5400 φρο-

227 5481 315 5558 (_|)
344 5477 611 5558 Similiter
642 5482 760 5558 haec
789 5483 858 5558 ita
888 5485 1151 5558 dicuntur
1192 5490 1333 5558 apud
1380 5491 1529 5548 Paul.
1577 5493 1726 5548 Diae.

145 5548 221 5601 de
255 5550 694 5629 ipsoAluricho:
724 5552 826 5618 Qui
857 5569 981 5609 cum
1012 5548 1295 5629 discede-re
1318 5562 1599 5629 voluisset,
1624 5564 1731 5617 llo-

148 5620 299 5697 riiurii
333 5619 540 5697 litteris
571 5632 953 5697 retent_ns_est,
983 5627 1127 5682 sicut
1158 5629 1273 5697 ipse
1302 5619 1724 5689 confesstts'est.

223 5688 306 5753 (2)
332 5687 673 5763 So;omenus
702 5687 1011 5763 Alarichum
1034 5687 1342 5763 praesidium
1363 5702 1594 5756 militum
1622 5687 1727 5758 fre;

145 5774 336 5826 quens
364 5759 429 5810 ad
464 5775 682 5815 amnem
722 5762 960 5817 Tiberini
991 5759 1286 5821 collocasse
1330 5769 1485 5823 dicit.

223 5827 305 5899 (5)
340 5828 580 5905 Σνσχὼν,
639 5848 797 5887 atune
830 5846 1116 5904 occupato.
1168 5838 1384 5893 Sozom.
1420 5842 1724 5911 ἐπιστήσας

1862 3312 2050 3367 urbem
2098 3312 2318 3369 obsedit
2357 3333 2370 3369 :
2423 3325 2479 3369 et
2527 3317 2768 3372 Tiberim
2814 3332 3032 3372 amnem
3068 3317 3143 3387 (2)
3180 3322 3275 3387 qui
3326 3334 3427 3386 per

1861 3403 2056 3459 urbem
2084 3405 2320 3466 mediam
2357 3406 2497 3471 ﬂuit,
2529 3408 2799 3463 cohibens
2827 3410 2927 3479 (5),
2961 3425 3029 3463 ne
3062 3425 3149 3465 res
3173 3425 3424 3466 necessa~

1860 3494 1955 3551 rite
2011 3511 2077 3551 ex
2127 3507 2291 3566 portu
2352 3498 2409 3552 in
2460 3497 2655 3554 urbem
2712 3500 3162 3570 importarentur,
3217 3502 3427 3558 ellecit.

1859 3588 2058 3645 Portus
2104 3600 2290 3645 autem
2338 3593 2639 3648 maximum
2688 3595 2881 3649 navale
2925 3595 3298 3652 Romanorum
3337 3608 3431 3653 est;

1858 3680 1959 3747 (sic
1989 3683 2135 3736 enim
2196 3683 2275 3737 llli
2324 3684 2547 3738 navium
2581 3687 2879 3740 stationem
2926 3688 3251 3757 appellant),
3309 3699 3422 3743 tres

1855 3771 2067 3828 habens
2123 3785 2416 3844 receptus,
2472 3777 2838 3846 amplitudine
2891 3795 3113 3848 parvam
3175 3781 3421 3838 referens

1856 3864 2250 3936 urbemjﬁﬂ
2268 3865 2405 3921 Cum
2428 3867 2592 3938 igitur
2617 3883 2853 3924 annona:
2882 3872 3135 3939 penuria,
3152 3873 3323 3930 fames
3338 3874 3418 3944 (4)

1853 3956 2019 4011 simul
2049 3966 2106 4013 ct
2151 3957 2324 4028 pestis
2356 3969 2548 4015 exorta
2579 3971 2749 4023 esset.
2782 3972 2840 4016 et
2866 3964 2977 4035 jam
3006 3966 3150 4020 servi
3193 3966 3259 4021 ad
3293 3968 3416 4023 Ala-

1853 4050 2067 4105 richum
2103 4051 2530 4123 transfugerent,
2555 4052 2816 4111 Romanis
2838 4040 3190 4114 senatoribus
3213 4060 3416 4115 (ἴε-εοεαε

1852 4144 2293 4212 superstitionis,
2321 4154 2381 4199 nt
2425 4145 2481 4200 in
2516 4147 2795 4217 Capitolio
2821 4158 2876 4203 et
2911 4151 3130 4219 templis
3156 4153 3415 4207 omnibus

1849 4236 2114 4290 sacrificia
2181 4236 2395 4303 tierent,
2456 4238 2685 4307 placuit.
2733 4239 2908 4294 Aeciti
2970 4251 3153 4296 autem
3207 4242 3409 4299 Tltusci

1846 4328 2096 4396 quidam,
2139 4330 2345 4384 tonitru
2385 4343 2441 4385 et
2487 4330 2816 4387 fulminibus
2856 4347 2916 4387 se
2969 4333 3234 4389 barbaros
3282 4335 3411 4390 inde

1846 4421 2208 4489 propulsuros
2237 4436 2362 4477 esse
2396 4422 2622 4492 polliciti
2662 4436 2811 4478 sunt.
2845 4423 2977 4478 Nam
3014 4425 3066 4479 id
3110 4426 3188 4480 illi
3216 4427 3284 4481 ad
3314 4443 3413 4481 ur-

1850 4512 1970 4567 bem
2029 4514 2215 4581 aliam,
2270 4518 2360 4570 cui
2411 4533 2610 4573 nomen
2674 4517 2889 4573 Larniae
2949 4520 3050 4588 (ὅ),
3110 4520 3404 4576 fecerant:

1844 4621 2013 4675 quam
2045 4608 2235 4662 urbem
2280 4609 2573 4667 Alaricltus
2620 4612 2901 4667 obsessam
2939 4629 3049 4667 non
3085 4615 3275 4683 cepit:
3312 4616 3413 4669 sed

1843 4698 2134 4753 consilium
2183 4712 2539 4771 cmptumque
2589 4703 2642 4757 id
2693 4704 2897 4759 frustra
2952 4704 3075 4759 fuit.
3123 4706 3404 4776 Siquidem

1841 4791 1934 4861 qui
1985 4802 2192 4847 rectam
2238 4794 2566 4851 obtinebant
2615 4807 2877 4861 mentem,
2928 4800 3172 4855 vindicta
3217 4802 3404 4855 divina

1842 4882 2121 4938 Romanos
2150 4886 2264 4939 base
2289 4884 2397 4955 pati
2432 4880 2840 4953 existimarunt,
2890 4900 3116 4959 propter
3151 4891 3404 4958 ingentes

1838 4972 2088 5038 delicias,
2148 4983 2204 5029 et
2255 4991 2393 5045 quas
2436 4979 2775 5035 exhibebant
2824 4981 3106 5037 libidines.
3143 4984 3198 5035 lat
3252 4986 3399 5051 quod

1837 5064 2132 5133 aliquando
2173 5067 2290 5135 ipse
2341 5084 2559 5137 quoque
2606 5069 2900 5125 Alarichns
2949 5074 3215 5127 ostendit.
3261 5075 3394 5128 Nam

1840 5156 1985 5210 bono
2024 5157 2242 5212 cuidam
2271 5159 2423 5229 ,viro
2455 5160 2536 5229 (6)
2579 5176 2702 5215 cum
2752 5162 3059 5219 cohortauti
3105 5174 3162 5219 ut
3212 5166 3397 5222 llontze

1835 5261 2107 5315 parceret.
2147 5267 2324 5320 neque
2377 5261 2456 5305 tot
2506 5254 2775 5308 malorum
2828 5267 3022 5312 auctor
3075 5258 3252 5321 ﬁeret,
3308 5263 3397 5315 di-

1836 5340 1979 5395 xisse
2032 5341 2231 5406 fertur,
2277 5361 2295 5394 ι
2328 5344 2559 5398 invitum
2616 5360 2675 5399 se
2722 5362 2842 5401 eam
2900 5365 3012 5402 rem
3083 5353 3327 5421 aggredi.
3368 5374 3386 5405 ι

1832 5497 2159 5648 Ϊυῗιῗίδιίόεο
2191 5568 2363 5648 fames
2393 5571 2574 5624 lloma-
2609 5573 2947 5648 invaluit,_ut
2994 5576 3243 5630 homines
3295 5595 3392 5648 pro

1832 5636 2397 5714 frutuento_castaneis
2425 5654 2727 5714 uterentur.
2746 5636 3026 5698 Creditum
3051 5662 3266 5714 quoque
3287 5636 3392 5712 est,

1826 5706 2092 5775 quosdam
2117 5708 2367 5762 humanis
2393 5712 2652 5765 carnibus
2678 5730 2780 5764 uon
2804 5706 3157 5773 abstinuisse.
3182 5706 3392 5775 Sozam;

1899 5777 1977 5837 (ii)
2016 5777 2242 5847 Yidetur
2278 5780 2589 5847 legendum,
2621 5781 2867 5839 Nurnt'a'.

1900 5850 1974 5915 {6.3)
2020 5844 2297 5900 Monac/to.
2327 5849 2543 5904 Sozam.
