3930 6568
246 389 385 456 1040

1139 361 1738 459 ΕὰαιΕδιΑδτιρίε
1778 395 2164 460 Hismara
2203 395 2352 457 LIB.
2384 395 2553 457 xm.

3372 382 3510 452 1050

246 503 481 576 καὶπῦρ
509 505 806 577 οὐρανόθεν
826 509 1466 581 συγκαταρρηγνῦμενον
1515 512 1698 566 πᾶσαν
1748 510 1833 564 ελ-

1941 511 2232 567 hominum
2286 510 2544 566 interitus
2577 505 2841 563 indicium
2893 505 3019 562 fuit.
3068 503 3342 574 Deinceps
3369 518 3507 559 vero

246 598 376 653 πίδα
403 598 740 669 περιέκοπτε
773 601 1074 671 σωτηρίας.
1101 602 1251 672 ῐιλήν
1274 619 1343 671 γε
1382 602 1594 675 φθοράν
1617 599 1830 672 ἀνθρὼ-

243 709 365 746 πων
385 691 490 745 οὐκ
509 692 870 764 ἐνειργάσατο
889 708 907 727 ⁸
938 693 1111 766 ἀλλ’ἢ
1140 694 1261 749 θεία
1283 695 1542 766 εὐμένεια
1605 695 1825 766 πνεῦμα

244 784 478 855 σφοδρὸν
499 784 757 839 καθιεῖσα
790 785 887 839 καὶ
925 786 987 839 τδ
1028 785 1142 855 πῦρ
1175 786 1520 858 πανταχόθεν
1574 788 1829 858 περιελά-

244 892 409 940 σασα,
433 876 579 930 κατὰ
616 876 718 947 τῆς
769 876 1049 949 θαλάσσης
1079 879 1376 950 ἀπέρριψε.
1425 878 1534 932 Καὶ
1586 874 1656 949 ἦν
1698 877 1828 932 ίδεῖν

243 967 401 1032 ξένον
455 966 659 1039 θέαμα,
723 967 832 1022 τῶν
882 971 1145 1040 κυμάτων
1196 970 1291 1024 επὶ
1330 969 1583 1026 πλεῖστον
1636 969 1826 1040 ὥσπερ

242 1057 409 1111 τινῶν
439 1057 753 1112 θαλασσίων
784 1058 1004 1130 χωρίων
1020 1059 1108 1126 τῷ
1141 1061 1276 1131 πυρὶ
1304 1060 1824 1130 καταφλεγομὲνων,

242 1150 377 1221 άχρι
404 1150 633 1214 τελείως
662 1151 723 1204 τὺ
767 1151 969 1222 φλέγον
1006 1151 1086 1224 τῷ
1140 1153 1370 1223 πελάγει
1426 1152 1822 1221 ἐναπεσϐίσθη.

244 1243 373 1296 Τῶν
396 1244 455 1297 δὲ
475 1244 540 1317 δὴ
570 1245 835 1299 τοιούτων
894 1246 1136 1317 σεισμῶν
1174 1248 1317 1302 κατὰ
1372 1245 1544 1302 πολλὰ
1572 1247 1671 1317 τῆς
1723 1248 1828 1317 γῆς

244 1337 592 1405 γενομένων,
637 1335 905 1408 ὤφθησαν
952 1338 1151 1409 ὀροφαὶ
1212 1337 1404 1392 οἰκιῶν
1453 1336 1549 1391 ἀπ’
1582 1336 1828 1408 ἀλλήλων

247 1430 393 1497 μετὰ
418 1431 676 1500 μεγάλων
743 1431 1005 1501 πατάγων
1041 1433 1135 1486 καὶ
1172 1431 1482 1504 άρῤαγμῶν
1514 1430 1826 1496 διαστᾶσαι,

243 1522 324 1584 ὡς
362 1522 614 1587 καὶτοὺς
647 1521 798 1575 ἔνδον
831 1524 1257 1594 παρατυχόντας
1311 1525 1377 1594 τῇ
1407 1521 1529 1592 ὄψει
1568 1520 1830 1591 καθαρῶς

244 1613 343 1667 τὸν
388 1614 618 1685 οὐρανὸν
657 1614 983 1670 ὑποϐάλλειν
1016 1630 1031 1645 ⁸
1083 1617 1178 1670 καὶ
1227 1616 1367 1686 μετὰ
1407 1617 1506 1687 τὴν
1559 1614 1830 1686 τοσαύτην

244 1708 558 1774 δηάστασιν,
577 1709 721 1764 οὕτω
748 1711 912 1765 πάλιν
934 1710 1299 1782 άρμοσθεῖσαι
1328 1711 1424 1765 καὶ
1446 1709 1823 1780 συναφθεῖσαι,

1933 616 2281 663 ιεητειηοῑοε
2309 621 2431 662 esse
2466 612 2778 671 cmperunt,
2813 603 2909 674 qui
2942 616 3051 657 non
3077 601 3238 657 facile
3264 614 3391 654 cum
3418 598 3503 655 eis

1929 701 2026 771 qui
2074 690 2241 757 antea
2272 701 2628 764 exstiterant,
2656 696 2896 753 conferri
2932 704 3177 764 possent.
3209 692 3346 750 Cum
3385 700 3505 746 ter-

1930 790 2252 847 ratnotibus
2284 790 2430 861 ignis
2459 804 2707 861 quoque,
2734 786 2877 843 coelo
2905 785 3064 856 quasi
3105 792 3270 852 rupto
3312 780 3505 850 delap-

1932 900 2049 952 sus,
2076 886 2274 941 salutis
2302 900 2454 956 spem
2486 899 2706 939 omnem
2735 880 3010 952 praecidit,
3071 877 3283 933 cladem
3313 884 3497 931 tamen

1929 978 2256 1035 hominibus
2293 993 2403 1033 non
2437 978 2645 1034 intulit.
2694 977 2883 1031 Divina
2916 986 3154 1042 namque
3188 968 3501 1040 benignitas

1929 1082 2095 1128 vento
2150 1071 2468 1127 vehementi
2528 1070 2794 1132 demisso,
2850 1076 2908 1123 et
2958 1067 3082 1137 igne
3134 1063 3504 1130 undeqttaque

1930 1167 2247 1237 provoluto,
2292 1166 2348 1221 in
2387 1181 2539 1235 mare
2578 1179 2704 1221 eum
2749 1162 2972 1233 abiecit.
3002 1157 3205 1215 Videre
3235 1166 3351 1210 tum
3382 1163 3506 1209 erat

1929 1259 2308 1330 spectaculum
2353 1272 2579 1323 novum,
2627 1256 2831 1311 ﬂuctus
2870 1255 3021 1324 ipsos
3066 1248 3299 1323 perinde
3338 1257 3506 1315 atque

1932 1351 2188 1422 regiones
2222 1349 2489 1421 quasdam
2523 1349 2770 1403 marinas
2802 1346 3100 1417 plurimum
3132 1341 3244 1409 igni
3282 1339 3503 1401 ardere,

1930 1442 2292 1514 quoadusque
2343 1439 2561 1496 ﬂamma
2615 1452 2846 1509 prorsus
2908 1436 2966 1491 in
3023 1434 3185 1489 undis
3228 1429 3501 1488 exstincta

1930 1543 2031 1592 est.
2070 1534 2207 1591 Cum
2244 1536 2297 1590 in
2334 1535 2523 1589 multis
2556 1541 2716 1587 terra:
2742 1529 2881 1586 locis
2910 1528 3053 1583 tanti
3082 1537 3273 1583 essent
3310 1535 3503 1579 terra:-

1932 1635 2135 1694 ntotus,
2188 1626 2466 1697 laquearia
2503 1633 2561 1680 et
2611 1632 2752 1681 tecta
2798 1622 3000 1677 aedium
3047 1635 3077 1674 a
3128 1633 3186 1673 se
3243 1616 3378 1687 ipsis
3429 1615 3506 1669 ita

1935 1735 2132 1791 magno
2162 1735 2290 1776 cum
2322 1719 2507 1775 sonitu
2542 1725 2598 1775 et
2626 1717 2840 1788 fragore
2876 1713 3064 1769 dirimi
3110 1712 3230 1767 visa
3261 1718 3412 1772 sunt,
3447 1718 3508 1763 ut

246 1799 327 1861 ὡς
360 1798 637 1869 μηδεμίαν
671 1797 929 1868 αἴσθησιν
958 1803 1072 1883 τοῦ
1118 1801 1567 1872 νεωτερισθέντος
1640 1800 1831 1871 μηδενὶ

1938 1815 2030 1885 qui
2063 1810 2214 1868 intus
2264 1813 2321 1867 in
2373 1809 2635 1866 domibus
2667 1817 2851 1872 erant,
2880 1806 3028 1862 clare
3072 1803 3248 1859 oculis
3304 1802 3506 1858 caelum

248 1892 581 1961 παρασχεῖν.
614 1888 686 1944 Τὸ
717 1892 850 1945 αὐτὸ
879 1890 936 1945 δὲ
958 1878 1121 1946 τοῦτο
1139 1892 1312 1956 πάθος
1336 1894 1431 1947 καὶ
1481 1910 1544 1945 πε
1558 1893 1613 1962 ρ),
1671 1894 1832 1946 πλοῖα

246 1987 351 2038 καὶ
379 1988 506 2055 περὶ
531 1985 601 2038 τά
628 1985 739 2038 τῶν
767 1986 958 2039 οἰκιῶν
990 1985 1165 2055 ἐδάφη
1196 1985 1465 2054 πολλαχοῦ
1491 1983 1794 2056 συνηνέχθη
1815 1999 1828 2014 ⁸

248 2080 352 2133 καὶ
379 2079 489 2148 γάρ
520 2093 665 2142 τινες
693 2078 801 2130 τῶν
838 2075 1136 2132 σιτοδόλων
1162 2079 1289 2141 τοὺς
1339 2076 1588 2130 κάτωθεν
1621 2075 1833 2129 οἰκοῦν-

246 2189 353 2234 τας
378 2171 710 2239 ἀπέπνιξαν,
748 2170 840 2225 τὸν
889 2174 1038 2225 σῖτον
1089 2171 1276 2235 αὐτοῖς
1326 2170 1526 2242 ἁθρόον
1581 2169 1672 2223 διά
1723 2168 1835 2222 τῶν

247 2267 447 2320 πάτων
472 2266 828 2336 ἐπιχεάμενοι
859 2282 874 2297 ·
911 2264 1004 2318 καὶ
1060 2264 1221 2318 πάλιν
1254 2265 1429 2329 οὕτως
1458 2264 1734 2334 παρέσχον
1775 2263 1836 2316 τὸ

250 2360 457 2429 ἔδαφος
500 2359 873 2431 ἡρμοσμένον,
900 2359 976 2422 ὡς
1005 2357 1296 2429 ἐξαπορεῖν
1322 2357 1567 2420 άπαντας
1616 2358 1778 2411 πόθεν
1807 2359 1837 2411 ὁ

252 2454 458 2523 φονεὺς
495 2451 749 2524 ἀπερρύη
777 2455 926 2516 σῖτος
959 2455 1192 2513 ἐκεῖνος.
1226 2452 1336 2507 Kal.
1361 2449 1498 2504 ἄλλα
1519 2450 1577 2504 δὲ
1599 2451 1839 2505 τοιουτό-

248 2564 437 2618 τροπα
461 2546 610 2616 πάθη
638 2543 942 2616 τηνικαῦτα
988 2541 1323 2614 ἑνεοχμώθη,
1390 2543 1702 2606 δεικνύντα,
1761 2543 1837 2614 μὴ

252 2641 468 2711 φυσικῇ
500 2656 607 2693 τινι
629 2637 805 2691 ταῦτα
850 2636 1136 2707 προελθεῖν
1172 2635 1487 2707 ἀκολουθίᾳ,
1534 2637 1610 2700 ὡς
1650 2636 1839 2708 Ἐλλή-

249 2751 366 2787 νων
413 2731 608 2795 παῖδες
656 2728 960 2801 ληροῦσιν,
1009 2729 1146 2785 ἀλλὰ
1208 2728 1358 2793 θείας
1408 2730 1839 2800 ἀγανακτήσεως

253 2828 532 2893 μάστιγας
560 2823 928 2894 ὲπαςρεθῆναι.
969 2821 1074 2877 Καὶ
1101 2821 1277 2878 ταῦτα
1325 2821 1385 2878 δὲ
1430 2823 1508 2894 τῷ
1538 2823 1660 2877 τότε
1698 2840 1838 2895 συμ-

252 2917 423 2987 6ῖιναι
454 2918 568 2982 τοῖς
620 2915 836 2980 πολλοῖς
894 2915 1069 2969 ἐδόκει
1099 2915 1521 2986 χαλεπαίνοντος
1549 2914 1644 2968 τοῦ
1703 2914 1839 2970 Θεοῦ

249 3010 345 3063 διά
371 3010 469 3079 τὴν
496 3011 579 3073 είς
607 3008 703 3063 τὸν
730 3008 989 3078 μέγιστον
1037 3008 1307 3079 φωστῆρα
1346 3006 1600 3079 Ἰωάννην
1624 3025 1840 3080 προφα-

250 3104 323 3169 νῆ
356 3102 596 3159 ἀδικίαν.
625 3102 737 3156 Καὶ
767 3104 878 3173 γάρ
906 3102 971 3172 δὴ
999 3103 1095 3155 καὶ
1133 3101 1235 3173 τὴν
1278 3100 1372 3155 τοῦ
1423 3101 1693 3173 βασιλέως
1742 3119 1843 3171 γα-

254 3196 434 3266 μετὴν
507 3191 769 3260 caecam
842 3193 1148 3264 τηνικαῦτα
1222 3193 1425 3265 συνέϐη
1502 3192 1836 3260 ἀποσιῶναι,

252 3287 564 3356 σκωλήκων
611 3285 918 3357 γενομένην
964 3285 1253 3355 ἀνάλωμα.
1281 3286 1393 3338 Καὶ
1442 3285 1539 3357 τὴν
1592 3285 1842 3356 λάρνακα

252 3377 575 3433 κλονεῖσθαι
601 3378 733 3450 ὁρᾷν
764 3374 833 3448 ἦν
865 3371 899 3450 ἦ
934 3376 1244 3442 ὑπετίθετο,
1274 3379 1367 3432 τὸν
1394 3376 1462 3431 δι’
1493 3377 1662 3448 αὐτῆς
1689 3378 1844 3446 γενό-

255 3488 432 3540 μενον
488 3473 558 3543 τῇ
632 3471 932 3542 Ἐκκλησία
985 3471 1176 3525 κλόνον
1244 3471 1619 3543 αἰνιττομένου
1678 3469 1842 3527 Θεοῦ.

253 3567 425 3620 Μετὰ
484 3565 681 3636 μικρὸν
747 3565 805 3620 δὲ
863 3565 960 3619 καὶ
1009 3564 1271 3634 Θεόφιλος
1330 3566 1469 3637 νόσῳ
1529 3565 1845 3638 περιπεσὼν

256 3659 571 3728 πλευρίτιδι
623 3659 915 3733 διεφθάρη.
967 3661 1074 3714 Καὶ
1111 3659 1425 3732 ’Δρσάκιος,
1475 3660 1547 3724 ὥς
1584 3679 1673 3729 μοι
1707 3678 1844 3731 προ-

254 3754 507 3825 είρηται,
535 3754 597 3807 οὐ
640 3754 785 3808 πάνυ
833 3755 1024 3824 πόρρω
1078 3754 1372 3825 ἀπηλλάγη
1421 3754 1513 3809 τοῦ
1565 3756 1688 3826 ζῇν.
1736 3757 1848 3810 Καὶ

256 3850 506 3919 Κυρῖνος
533 3849 561 3901 ὁ
590 3847 934 3916 Χαλκηδόνος
961 3848 1019 3915 ἐξ
1040 3842 1106 3919 ἧς
1125 3848 1255 3918 περὶ
1276 3847 1366 3901 τὸν
1393 3850 1530 3902 πόδα
1556 3849 1847 3921 συμφορᾶς

256 3942 619 4012 περιέπεσεν,
673 3940 940 4013 ἑκάτερον
1006 3940 1198 4004 σκέλος
1266 3939 1538 4012 τρισθεὶς,
1600 3941 1848 4006 ἐλεεινῶς

256 4034 486 4088 ἀπεὸίω
516 4050 531 4064 ·
569 4034 664 4087 καὶ
698 4032 854 4088 ἄλλοι
877 4034 1056 4098 άλλως
1080 4049 1095 4062 ⁸
1145 4034 1421 4105 Ἀντίοχος
1446 4035 1542 4088 καὶ
1571 4035 1845 4108 Σευηρια-

255 4131 374 4194 νὸς,
407 4127 505 4182 καὶ
524 4127 576 4181 oi
603 4128 735 4200 περὶ
756 4127 955 4190 αὐτοὺς
1014 4126 1202 4190 κακῶς
1220 4127 1282 4180 τὸ
1319 4126 1420 4199 ζῇν
1450 4128 1846 4201 ἆξεμέτρησαν,

1934 1908 2344 1978 conspicerent.
2383 1905 2452 1961 Et
2497 1912 2620 1975 post
2661 1901 2933 1974 ejusmodi
2969 1909 3253 1969 rupturam
3284 1899 3356 1950 ita
3387 1912 3510 1950 rur-

1934 2016 2058 2057 sum
2096 2009 2225 2056 sunt
2261 2000 2409 2055 inter
2440 2013 2499 2053 se
2531 2005 2662 2066 apte
2695 1995 3014 2065 conjuncta,
3045 1999 3106 2045 ut
3140 1989 3350 2044 nemini
3397 1997 3507 2042 tam

1934 2110 2091 2150 nova:
2115 2094 2194 2148 rei
2221 2091 2680 2162 signiﬁcationem
2718 2090 2962 2158 aliquam
2997 2085 3327 2155 praeberent.
3361 2083 3508 2137 Idem

1934 2187 2101 2242 etiam
2153 2186 2207 2239 in
2251 2184 2488 2241 navibus
2518 2190 2575 2237 et
2603 2181 2893 2235 domorum
2929 2174 3284 2248 pavimentis,
3321 2174 3512 2229 multis

1937 2282 1993 2334 in
2051 2276 2189 2331 locis
2237 2274 2461 2329 accidit.
2549 2273 2809 2339 Quaedam
2864 2283 3103 2339 namque
3155 2265 3408 2337 granaria
3452 2266 3512 2320 in

1939 2366 2192 2438 partibus
2247 2363 2607 2419 interioribus
2656 2360 2997 2424 habitantes,
3054 2358 3334 2413 frumento
3380 2371 3514 2410 con-

1938 2460 2119 2516 fertim
2153 2469 2210 2514 et
2254 2456 2443 2512 subito
2475 2455 2531 2510 in
2558 2470 2654 2511 eos
2684 2469 2784 2524 per
2827 2454 2998 2507 rimas
3026 2459 3280 2521 patentes
3302 2449 3508 2516 eﬂ‘uso,

1939 2551 2305 2614 suﬂ'ocarunt,
2346 2550 2640 2619 solumque
2671 2549 2850 2619 ipsum
2886 2555 2996 2600 tam
3035 2543 3328 2600 commode
3354 2558 3512 2598 com-
3564 2566 3571 2573 -

1941 2654 2163 2716 pactum
2224 2642 2621 2708 reddiderunt,
2676 2652 2739 2696 ut
2792 2641 3047 2697 homines
3096 2640 3513 2706 addubitareut,

1942 2736 2088 2792 unde
2113 2735 2452 2790 frumentum
2483 2733 2614 2789 illud
2643 2733 2791 2803 quod
2817 2732 3023 2788 caedem
3059 2733 3223 2787 talem
3256 2731 3513 2802 patrarit,

1942 2826 2287 2898 proﬂuxerit.
2315 2825 2396 2881 Ad
2425 2825 2564 2892 haec,
2595 2823 2704 2880 alia
2731 2839 2953 2893 quoque
2984 2822 3208 2896 generis
3232 2822 3374 2876 mala
3400 2830 3515 2876 tum

1941 2934 2085 2976 novo
2123 2935 2354 2990 prorsus
2384 2916 2549 2973 modo
2575 2918 2877 2983 exstitere;
2918 2933 3044 2987 qua:
3073 2915 3211 2972 satis
3252 2913 3519 2970 ostende-

1943 3010 2097 3081 runt,
2122 3029 2231 3068 non
2270 3012 2509 3068 naturali
2531 3011 2715 3081 aliqua
2736 3010 2949 3066 ratione
2973 3010 3108 3071 haec.
3130 3007 3293 3063 sicuti
3313 3004 3518 3062 Graecae

1944 3106 2359 3177 superstitionis
2392 3112 2698 3162 sectatores
2726 3102 3028 3157 delirantes
3060 3099 3276 3161 dicunt,
3310 3110 3517 3168 prove-

1944 3202 2090 3269 nire,
2122 3199 2220 3255 sed
2266 3197 2470 3253 divina
2498 3195 2902 3267 indignationis
2935 3192 3146 3263 ﬂagella
3178 3206 3243 3247 ea
3276 3189 3520 3245 homini-

1943 3293 2050 3349 bus
2096 3291 2342 3346 immitti.
2396 3288 2560 3361 427
2599 3286 2788 3343 Multis
2819 3295 2971 3342 certe
3018 3283 3242 3355 quidem
3277 3290 3520 3357 cotem-

1944 3401 2081 3458 pore
2130 3386 2309 3440 visum
2362 3393 2467 3447 est,
2523 3382 2661 3435 irato
2707 3394 2774 3434 ea
2825 3378 2940 3434 Deo
2970 3376 3265 3439 accidisse,
3297 3382 3522 3445 propter

1947 3488 2056 3532 tam
2088 3484 2360 3548 apertam,
2392 3488 2517 3544 quae
2556 3470 2796 3527 maximo
2827 3469 2909 3525 illi
2940 3461 3205 3525 Ecclesiae
3254 3466 3520 3522 luminari

1944 3568 2143 3625 Joanui
2178 3566 2328 3621 illata
2356 3573 2461 3630 est,
2494 3561 2756 3633 iniuriam
2784 3561 2883 3633 (i).
2933 3558 3220 3629 Siquidem
3253 3568 3311 3613 et
3348 3559 3524 3626 impe-

1948 3661 2153 3717 ratoris
2197 3659 2488 3729 coniugem
2546 3652 2856 3710 Eudoxiam
2919 3661 3035 3707 tum
3088 3650 3197 3705 vita
3248 3649 3523 3704 excedere

1948 3753 2200 3823 contigit,
2255 3750 2536 3805 vermibus
2582 3760 2766 3802 escam
2799 3743 3001 3800 factam
3034 3761 3048 3798 :
3085 3752 3142 3798 et
3174 3756 3391 3806 urnam,
3432 3739 3521 3794 cui

1950 3844 2205 3915 imposita
2241 3850 2347 3907 est,
2396 3839 2607 3895 moveri
2633 3850 2863 3893 cernere
2889 3842 3028 3901 erat,
3105 3834 3217 3889 Deo
3264 3832 3524 3889 videlicet

1949 3951 2076 3993 eum
2108 3938 2202 4007 qui
2234 3951 2334 4006 per
2367 3933 2517 3989 illam
2551 3932 2609 3987 in
2657 3930 2904 3985 Ecclesia
2947 3927 3263 3983 concitatus
3317 3925 3522 3981 fuerat.

1951 4039 2162 4086 molum
2205 4026 2552 4083 ostendente.
2580 4024 2650 4078 Et
2678 4019 3021 4090 Theophilus
3049 4019 3211 4088 paulo
3236 4024 3363 4087 post
3390 4015 3527 4068 late-

1950 4143 2074 4184 rttm
2129 4121 2326 4179 morbo
2370 4110 2662 4188 correptus
2721 4114 2949 4170 interiit.
3005 4110 3272 4166 Arsacias
3331 4109 3523 4169 etiam,

256 4217 462 4290 ποινὴν
496 4217 964 4289 είσπραττομένου
994 4217 1131 4270 Θεοῦ
1167 4217 1263 4285 τῆς
1292 4217 1503 4284 ἀδίκου,
1567 4198 1669 4289 φεῦ
1690 4198 1715 4273 l'
1739 4218 1835 4273 τῶι

1953 4212 2422 4290 quemadmodum
2463 4224 2494 4263 a
2545 4221 2631 4262 me
2683 4205 2892 4260 dictum
2924 4210 3029 4265 est,
3065 4214 3237 4272 parvo
3281 4198 3526 4250 interce-

259 4287 432 4382 ιερῶν
465 4287 827 4381 ἐξορχήσεως.
872 4308 964 4373 Ἐξ
1002 4308 1312 4380 ἀνθρώπων
1335 4310 1391 4365 δὲ
1424 4287 1835 4382 καὶὸήβασιλεὺς

1953 4287 2119 4366 dente
2148 4317 2398 4374 tempore
2443 4300 2572 4357 fatis
2599 4296 2897 4354 concessit.
2928 4292 2995 4349 Et
3022 4291 3259 4364 Cyrinus
3296 4287 3525 4344 Chalce-

271 4402 566 4474 Ἀρκάδιος
628 4402 873 4470 ἐγεγόνει
927 4401 1065 4472 μετὰ
1134 4399 1329 4471 βραχύ.
1404 4401 1549 4456 Ἀλλ’
1602 4404 1697 4457 ἐπὶ
1751 4402 1835 4475 rip

1955 4404 2120 4461 donis
2161 4402 2479 4470 episcopus,
2510 4410 2578 4450 ex
2608 4408 2677 4448 eo
2706 4405 2838 4448 casu
2869 4403 2982 4459 quo
3021 4388 3078 4443 in
3110 4384 3250 4457 pede
3286 4382 3529 4436 circum-

257 4472 529 4568 τελευτὴν
563 4495 815 4550 Ἰωάννου
847 4494 1138 4565 πρότερον,
1168 4495 1363 4549 ἔπειτα
1387 4497 1482 4550 καὶ
1524 4496 1599 4561 ὡς
1629 4472 1835 4551 tralati.

1954 4507 2154 4554 ventus
2184 4500 2269 4547 est
2290 4489 2389 4562 (2),
2408 4496 2646 4556 utroque
2667 4498 2829 4541 crure
2846 4482 3109 4545 dissecto,
3129 4472 3527 4532 miserabiliter

257 4608 333 4644 τα
363 4588 677 4660 ’Δρκάδιος,
704 4586 877 4653 διιὼν,
910 4589 1006 4640 σὺν
1028 4589 1095 4656 τῇ
1121 4586 1342 4657 τελευτῇ
1366 4587 1629 4659 ἑκατέρου
1655 4590 1750 4640 καὶ
1779 4590 1835 4657 τῇ

1959 4591 2069 4646 vita
2116 4597 2203 4643 est
2257 4584 2579 4640 defunctus.
2625 4580 2693 4636 Et
2736 4579 2827 4634 alii
2885 4576 3049 4632 aliter
3098 4574 3267 4629 vitam
3312 4568 3539 4624 ﬂniere«

260 4680 700 4754 τρισκαιδεκάτῃ
738 4696 831 4751 μοι
884 4679 994 4734 τῶν
1043 4678 1318 4749 ἱστοριῶν,
1350 4680 1658 4751 ἡγουμένου
1686 4680 1835 4735 Θεοῦ

1958 4682 2271 4738 Antiochus
2315 4686 2373 4733 et
2425 4674 2799 4738 Severianus,
2854 4679 3274 4735 sectatoresque
3333 4675 3526 4717 eorum

263 4776 522 4847 ἐπιθήσω
566 4774 739 4841 τέλος.

1960 4776 2103 4830 male
2132 4787 2355 4845 quoque
2381 4770 2527 4826 diem
2554 4782 2716 4823 suum
2751 4766 2965 4829 obiere,
3003 4761 3116 4816 Deo
3147 4760 3217 4814 ab
3249 4757 3382 4829 ipsis
3412 4770 3530 4826 put-

269 4889 404 4928 natu
432 4881 713 4936 sumente,
757 4879 988 4941 propter
1033 4886 1188 4926 sacra
1224 4871 1385 4943 (proh
1415 4870 1573 4924 dolor
1595 4870 1634 4939 l)
1701 4870 1888 4940 inique
1929 4872 2171 4942 prodita.
2233 4868 2382 4924 inter
2417 4867 2671 4922 homines
2700 4877 2923 4935 quoque
2948 4874 3071 4915 esse
3103 4858 3403 4925 imperator
3422 4852 3524 4904 Ar-

267 4970 468 5024 cadius
497 4967 653 5023 brevi
675 4965 864 5022 desiit.
895 4964 1092 5019 Verum
1111 4962 1341 5020 Joannis
1367 4964 1630 5034 primum,
1655 4962 1856 5018 deinde
1895 4964 2060 5019 etiam
2109 4960 2336 5018 Arcadii
2403 4958 2558 5014 obitu
2591 4955 2864 5026 exposito,
2935 4965 3043 5004 una
3073 4962 3197 5003 cum
3242 4943 3529 5011 utriusque

273 5070 414 5131 line,
468 5063 686 5119 decimo
736 5062 903 5118 tertio
932 5074 1154 5131 quoque
1190 5060 1438 5115 historiae
1489 5046 1654 5131 hujus
1684 5058 2007 5147 libro,.Deo
2034 5059 2353 5130 adiuvante,
2395 5057 2678 5126 imponam
2704 5050 2891 5104 tinent.

867 5178 1111 5232 ΚΕΦΑΛ.
1139 5178 1261 5233 ΛΖ’.

2478 5163 2704 5224 CAPUT
2745 5160 3008 5218 XXXVII.

274 5277 419 5341 Περὶ
441 5275 552 5340 τῆς
582 5272 929 5341 πορρωτέρω
974 5270 1212 5341 ἐξορίας
1239 5270 1347 5341 τοῦ
1394 5270 1835 5341 Χρυσοστόμοοη

1960 5267 2039 5322 De
2085 5265 2337 5341 ulteriore
2362 5256 2949 5341 ςεεὶίὶορίπνεοειοξηὲ,
2997 5247 3444 5341 “bima-eugris:
3479 5252 3526 5296 et

350 5324 448 5398 οἷαὶ
642 5324 1123 5412 ἇῦγίςφᾶμμάίωῖ·
1163 5324 1394 5412 άύτοῦῇ
1435 5324 1537 5393 ἷιιεὶ
1574 5340 1655 5404 ὡς
1702 5324 1835 5406 ἓτρύς

2130 5345 2188 5389 ut
2213 5336 2321 5388 vita
2359 5335 2456 5386 hac
2485 5324 2699 5390 relicta,
2723 5325 2792 5379 ad
2825 5324 2991 5376 Deum
3024 5324 3353 5389 migraverit.

351 5416 503 5469 Θεὸν
519 5410 920 5484 μετεχώρησε,
956 5415 1062 5463 τὸν
1085 5412 1231 5473 βίον
1251 5410 1466 5464 λιπών.

352 5535 442 5586 Ἑν
474 5532 654 5585 τοίνυν
683 5532 748 5600 τῇ
784 5527 1086 5597 Κουκουσῴ
1117 5528 1407 5600 γενόμενος
1439 5527 1687 5597 Ἰωάννης
1714 5527 1835 5594 πρὸς

2029 5518 2228 5576 Cucusi
2264 5516 2504 5572 Joannes
2520 5526 2645 5567 cum
2667 5515 2835 5573 esset,
2865 5507 2931 5561 ab
2960 5502 3231 5573 Adclphio
3263 5511 3526 5570 episcOpo

273 5628 373 5682 115
399 5624 702 5678 ἐπισκόπου
741 5620 1027 5690 Ἀδελφίου
1082 5621 1260 5684 καλῶς
1314 5621 1632 5689 ὑποδέχεται
1671 5637 1684 5650 ·
1723 5619 1835 5672 ἔνθα

1956 5614 2193 5681 benigne
2240 5616 2507 5674 exceptus
2554 5615 2719 5671 atque
2767 5605 3032 5652 tractatus
3079 5602 3183 5649 est.
3215 5592 3397 5662 Atque
3447 5585 3527 5642 ibi

356 5764 429 5827 ll)
467 5760 624 5815 Socr.
666 5762 758 5815 lih.
795 5776 867 5825 τι,
905 5774 1023 5826 cap.
1063 5757 1145 5817 19,
1197 5757 1311 5812 hec
1353 5756 1597 5827 exempla
1633 5756 1851 5810 occulto
1907 5822 1914 5828 _
2027 5750 2103 5819 (2)
2136 5747 2352 5803 Sozom.
2388 5744 2482 5798 lib.
2518 5756 2629 5803 \‘lll.
2668 5754 2791 5808 cap.
2823 5735 2917 5790 27.

282 5835 380 5888 Dci
412 5831 935 5901 judiciojudicauda
996 5828 1279 5899 peunittit.
