4006 6576
344 372 478 436 1051

1556 384 1972 448 NlCEPUOlii
2013 385 2357 450 CALLISTI

3441 376 3583 449 1052

333 487 541 543 multos
567 485 789 556 quidem
821 503 981 558 pane,
1011 488 1278 558 plurimos
1312 509 1443 549 vcro
1472 494 1666 551 divino
1705 498 1895 563 verbo,

2021 497 2231 559 τολλοὺς
2265 495 2368 566 μὲν
2401 497 2570 566 ἄρτῳ,
2600 493 2888 555 πλείστους
2932 492 2990 547 δὲ
3025 491 3119 546 καὶ
3147 491 3223 564 τῷ
3263 493 3392 565 θείῳ
3432 492 3585 563 λόγῳ

330 579 481 649 quod
529 595 658 636 vere
687 580 855 635 corda
904 582 1218 650 conﬁrmat,
1268 594 1326 639 et
1372 595 1587 642 mentes
1630 588 1895 654 illustrat,

331 669 505 738 pavit.
537 670 853 727 Permultos
888 687 1019 727 vero
1065 673 1230 729 etiam
1266 674 1429 729 utiles
1456 687 1620 746 atque
1647 693 1902 732 necessa-

335 761 450 819 rios
476 760 651 817 libros
679 762 1012 831 composuit.
1043 763 1215 820 Nulla:
1244 766 1392 843 enim
1420 782 1543 837 qua:
1567 769 1617 822 ei
1648 768 1903 824 accidere

332 869 598 909 aerumna:
640 854 884 925 linguam
926 856 1069 925 ejus,
1103 856 1353 912 ﬂuminis
1399 860 1573 914 instar
1615 860 1901 923 ﬂuentem,

334 946 594 1002 cohibere
618 954 943 1016 potuerunt.
977 948 1052 1002 De
1095 947 1362 1017 patientia
1392 966 1615 1020 quoque
1654 963 1712 1009 et
1739 954 1807 1009 de
1837 969 1905 1010 eo

336 1038 485 1106 quod
519 1052 627 1091 non
669 1038 850 1092 solum
899 1053 1000 1093 nos
1040 1039 1108 1093 ad
1139 1041 1453 1096 socordiam
1484 1058 1593 1098 non
1624 1043 1780 1110 dare,
1812 1061 1907 1101 ve-

338 1144 461 1183 rum
514 1130 681 1184 etiam
727 1129 798 1184 ob
843 1144 929 1184 res
974 1130 1256 1196 adversas,
1287 1148 1410 1202 qua:
1452 1134 1734 1202 accidunt,
1792 1151 1903 1190 non

337 1220 544 1275 oii‘endi
592 1220 917 1296 debeamus,
964 1237 1074 1275 non
1122 1238 1293 1293 pauca
1334 1226 1688 1296 conscripsit.
1726 1227 1908 1282 Pluri-

339 1328 459 1366 mas
484 1312 652 1367 etiam
687 1322 801 1366 tum
844 1313 912 1368 ad
958 1327 1203 1370 sanctam
1234 1315 1615 1387 Olympiadem
1642 1318 1907 1388 epistolas

335 1402 511 1460 dedit.
546 1400 826 1460 Universae
857 1406 942 1460 hae
968 1407 1287 1476 quindecim
1316 1417 1467 1472 sunt,
1497 1409 1785 1465 mirificam
1812 1428 1907 1482 pa-

341 1497 546 1549 tientia:
598 1498 830 1566 gratiam
881 1499 1340 1570 complectenles.
1388 1501 1446 1555 In
1491 1502 1695 1571 quibus
1720 1504 1908 1559 solum

339 1601 625 1656 peccatum
662 1604 784 1644 esse
815 1590 914 1661 (I).
942 1590 1010 1644 ad
1043 1592 1190 1660 quod
1221 1592 1617 1650 exhorrescere
1648 1611 1745 1652 nos
1773 1611 1910 1651 cou-

337 1678 552 1741 veniat,
579 1680 734 1735 dicit.
768 1680 1071 1739 Erumnas
1097 1688 1265 1740 etiam
1294 1700 1433 1754 quas
1467 1687 1531 1755 in,
1555 1688 1756 1745 itinere
1783 1707 1910 1761 per-

2004 589 2275 658 διέτρεφε,
2342 586 2422 657 τῷ
2477 586 2553 650 ὡς
2604 585 2825 654 ἀληθῶς
2870 585 3103 655 καρδίαν
3146 584 3424 654 στηρίζειν
3482 586 3585 640 καὶ

2005 680 2262 748 φωτίζειν
2299 678 2460 731 είδὸτι
2487 676 2731 730 διάνοιαν
2764 690 2778 705 '
2818 674 3051 740 πολλοὺς
3078 676 3137 731 δέ
3181 676 3278 728 καὶ⁸
3307 673 3415 729 τῶν
3443 676 3586 729 ἀνα-

2003 766 2173 819 καίων
2207 766 2397 834 λόγους
2428 764 2744 830 συνέταξεν.
2777 762 2917 816 Οὐδὲ
2952 762 3062 832 γάρ
3090 780 3143 815 τι
3185 763 3295 816 τῶν
3334 764 3585 833 ἐπισυμ-

2007 853 2302 915 ϐαινόντων
2359 853 2548 908 δεινῶν
2599 854 2845 923 ἐπισχεῖν
2898 852 2997 924 τὴν
3066 852 3315 922 γλῶτταν
3367 854 3584 906 ἐκείνου

2004 945 2238 1013 ἠδύνατο
2278 946 2370 999 ῖσα
2403 945 2498 998 καὶ
2533 945 2802 1010 ποταμοῖς
2850 944 3099 1014 ῥέουσαν.
3132 943 3242 996 Καὶ
3290 944 3416 1013 περὶ
3445 943 3588 995 ὕπο·

2013 1036 2181 1106 μονῆς
2222 1036 2323 1089 οὐκ
2374 1035 2592 1104 ὀλίγους
2653 1030 2907 1089 συνέθετο
2947 1050 2962 1065 ·
2997 1033 3094 1087 καὶ
3139 1031 3232 1087 τοῦ
3295 1033 3371 1104 μὴ
3420 1034 3589 1102 μόνον

2008 1128 2208 1197 χρῆναι
2261 1128 2550 1198 ῥᾳθυμεῖν,
2611 1125 2749 1181 ἀλλά
2805 1126 2942 1197 μηδὲ
2999 1124 3446 1195 σκανδαλίζεσθαι
3486 1123 3589 1176 ἐπὶ

2008 1220 2124 1280 τοῖς
2176 1219 2580 1289 προσπίπτουσι
2615 1217 2723 1275 τῶν
2771 1217 3034 1287 ἀνιαρῶν.
3094 1217 3161 1271 Δί
3222 1217 3475 1270 πλεῖσται
3523 1213 3591 1266 δὲ

2010 1307 2160 1376 αὐτῷ
2208 1309 2307 1363 καὶ
2367 1308 2479 1362 τῶν
2532 1309 2669 1380 πρὸς
2727 1308 2827 1379 τὴν
2890 1306 3237 1377 Ὀλυμπιάδα
3285 1303 3592 1360 ἐπιστολῶν

2009 1399 2317 1470 τηνικαῦτα
2376 1401 2767 1454 συντάττονται
2816 1399 2915 1469 τὴν
2956 1399 3135 1454 ὁσίαν.
3186 1397 3591 1453 Πεντεκαίδεκα

2010 1491 2067 1545 δέ
2102 1495 2240 1547 εἰσιν
2268 1494 2324 1548 αῖ
2349 1492 2543 1557 πᾶσαι,
2567 1490 2826 1562 ὑπερφυῆ
2849 1491 3007 1562 χάριν
3034 1490 3298 1560 ἐπιμονῆς
3325 1488 3550 1559 ἔχουσαι
3570 1502 3587 1516 ·

2011 1585 2144 1639 ὅπου
2176 1583 2243 1655 δὴ
2277 1584 2517 1655 φοϐερὰν
2542 1583 2705 1655 μόνον
2740 1578 2885 1636 εἶναι
2920 1581 3021 1656 τὴν
3062 1580 3340 1661 ἁμαρτίαν
3394 1578 3589 1649 φησίν.

2025 1674 2114 1729 Ἐν
2145 1672 2234 1741 αίς
2256 1676 2480 1744 διέξεισι
2513 1677 2611 1730 καὶ
2658 1677 2790 1749 περὶ
2837 1675 2948 1731 τῶν
2998 1672 3388 1743 συμπεσόντων
3437 1667 3594 1737 αὐτῷ

342 1770 506 1833 tulit,
555 1771 611 1825 in
657 1772 743 1827 eis
786 1784 1229 1831 commemorat:
1284 1776 1453 1850 428
1496 1789 1553 1836 et
1604 1791 1664 1837 ut
1706 1760 1827 1838 eam
1876 1801 1909 1840 a

2021 1766 2235 1820 ἐνοδίων
2262 1766 2503 1837 ἀνιαρῶν
2537 1782 2552 1797 ο
2586 1767 2684 1820 καὶ
2713 1766 2789 1827 ὡς
2819 1762 3142 1835 ἀθυμοῦσαν
3174 1760 3591 1831 ἀνακτώμενος,

342 1860 737 1931 desperatione
783 1874 1123 1934 revocatam,
1170 1868 1236 1923 ad
1282 1847 1438 1939 spem
1485 1871 1686 1929 bonam
1736 1874 1907 1931 iuturi

2021 1857 2112 1909 οὐκ
2131 1855 2457 1910 ἀνέλπιστον
2488 1856 2587 1927 τὴν
2656 1856 2936 1909 είσέπειτα
2986 1853 3240 1924 ιντυχίαν
3298 1852 3537 1905 ποιεῖται
3571 1865 3591 1882 ο

343 1968 679 2017 congressus
726 1959 970 2012 erexerit
1010 1977 1024 2013 :
1074 1970 1242 2031 atque
1274 1971 1336 2016 ut
1372 1963 1624 2023 fervente
1677 1969 1915 2026 maxime

344 2053 537 2100 aestate
575 2046 680 2101 iter
708 2046 940 2115 faciens,
977 2066 1104 2107 cum
1135 2054 1623 2114 vehementissima
1667 2060 1809 2116 febri
1843 2063 1916 2119 sit

345 2136 699 2200 colluctatus.
727 2141 946 2197 scribit.
974 2144 1166 2200 Refert
1190 2145 1417 2218 insuper
1443 2151 1715 2207 stomachi
1745 2153 1917 2223 ipsius

346 2230 479 2285 vitia
507 2248 521 2284 :
556 2241 610 2285 et
637 2231 977 2303 improbum,
1008 2238 1105 2307 qui
1136 2238 1314 2294 virum
1338 2242 1549 2312 justum
1575 2243 1632 2298 in
1661 2245 1914 2301 exsilium

347 2320 598 2386 abduxit,
619 2321 864 2378 Galatam
900 2344 914 2380 :
954 2343 1170 2384 necnon
1194 2330 1629 2388 diversorium-um
1658 2335 1917 2391 mansio-

349 2430 595 2485 numque
648 2418 1183 2489 incommoditatem,
1214 2425 1597 2481 ministrorum
1646 2428 1914 2498 inopiam,

314 2522 534 2575 ,rerum
569 2510 1008 2565 necessariarum
1046 2516 1357 2582 penuriam,
1386 2518 1518 2573 item
1564 2520 1715 2589 quod
1749 2521 1921 2577 medi-

350 2613 474 2650 cum
536 2613 646 2652 non
715 2600 998 2667 habuerit,
1064 2614 1120 2658 et
1180 2605 1249 2659 de
1313 2606 1628 2663 isaurorum
1680 2618 1917 2666 terrore.

350 2687 818 2754 Quemadmodum
862 2694 1026 2749 etiam
1065 2698 1318 2751 monachi
1351 2698 1453 2765 t2),
1500 2702 1769 2758 adversus
1791 2718 1920 2758 eum

349 2780 623 2849 furentes,
654 2782 997 2842 domicilium
1034 2788 1152 2856 ejus
1183 2788 1480 2846 incendere
1510 2792 1830 2849 voluerint:
1864 2801 1922 2849 et

348 2874 634 2944 quomodo
667 2877 835 2930 rebus
865 2878 985 2948 ejus
1035 2878 1090 2932 in
1126 2879 1329 2934 itinere
1381 2882 1761 2952 comploratis,
1809 2898 1921 2940 non

278 2960 283 2965 ’
348 2963 532 3018 solum
581 2964 685 3034 ipsi
716 2965 837 3036 ejus
870 2967 1080 3022 miserti
1118 2984 1224 3023 non
1272 2970 1406 3033 sint,
1442 2971 1537 3026 sed
1566 2972 1732 3027 etiam
1760 2974 1925 3029 mise-

352 3055 651 3111 ricordiam
710 3057 965 3123 aliorum,
1023 3068 1273 3122 extrema
1327 3062 1515 3117 omnia
1563 3065 1921 3134 comminati,

348 3146 733 3216 impedierint.
766 3148 843 3203 De
890 3149 978 3204 via
1030 3151 1267 3222 denique
1297 3155 1575 3224 queritur,
1609 3165 1800 3227 utpote
1833 3174 1922 3213 ar-
1948 3185 1997 3249 ο

353 3237 486 3305 dua,
520 3238 792 3309 lapidosa,
829 3239 1040 3296 diiIicili
1095 3255 1151 3297 et
1185 3244 1417 3300 molesta
1445 3263 1458 3300 :
1489 3263 1654 3316 quam
1695 3249 1766 3304 ob
1793 3263 1924 3303 cau-

354 3344 472 3382 sam
507 3330 722 3385 beatam
753 3332 903 3386 illam
929 3332 1194 3388 feminam
1224 3346 1404 3408 rogat,
1448 3348 1507 3393 ut
1549 3339 1638 3396 illa
1670 3350 1831 3398 curet
1854 3357 1925 3398 ne

358 3414 732 3493 longiorejus
783 3424 876 3479 flat
924 3423 1220 3495 profectio,
1275 3430 1555 3488 sexcentis
1600 3434 1813 3489 exsiliis
1847 3435 1928 3491 la-

361 3515 547 3569 borem
578 3516 794 3571 itineris
826 3516 1067 3573 faciendi
1091 3520 1397 3590 graviorem
1424 3522 1531 3579 sibi
1562 3541 1684 3582 esse
1712 3527 1927 3584 dicens.

360 3608 487 3661 Haec
513 3609 695 3660 omnia
754 3618 919 3679 atque
944 3610 1050 3665 alia
1082 3612 1237 3667 hisce
1265 3613 1465 3668 similia
1521 3617 1768 3686 epistola:
1810 3619 1928 3675 ista:

356 3709 417 3750 et
462 3698 584 3751 alia:
637 3696 903 3768 pra-terea
950 3702 1017 3757 ad
1066 3705 1387 3774 episcopum
1440 3704 1735 3778 Cyriacum
1786 3710 1928 3766 datae

356 3780 829 3856 complectuntur.
880 3790 1052 3846 Porro
1105 3808 1227 3848 cum
1281 3797 1333 3849 ei
1386 3795 1727 3866 adversarii,
1774 3801 1924 3871 quod

349 3878 562 3932 Cueusi
609 3890 878 3947 maneret,
926 3883 1259 3952 inviderent,
1301 3886 1624 3945 Arabissum
1657 3893 1928 3951 abductus

360 3978 466 4022 est.
499 3968 825 4027 Ductoribus
844 3973 992 4029 enim
1018 3977 1135 4047 ejus
1166 3977 1272 4034 hoc
1297 3980 1484 4036 studio
1516 3981 1643 4046 fuit,
1664 3996 1722 4039 ut
1751 3995 1930 4042 trans-

358 4059 537 4114 itione
597 4062 872 4132 frequenti
927 4065 1293 4123 Iabefactatus
1375 4068 1465 4127 ille
1516 4073 1682 4128 vitam
1727 4076 1929 4133 misere

355 4156 567 4211 ﬁniret.
597 4157 853 4214 Sedenim
883 4176 991 4230 quo
1028 4161 1281 4231 pluribus
1308 4165 1561 4237 objectus
1621 4178 1705 4224 est
1731 4186 1931 4224 mrum-

356 4249 472 4312 nis,
501 4265 569 4303 eo
598 4251 822 4307 casibus
847 4254 1105 4309 omnibus
1135 4264 1362 4326 propter
1386 4259 1712 4314 sanctiorem
1743 4253 1927 4330 phian

358 4341 619 4407 sophiam
676 4343 935 4412 superior
982 4340 1108 4410 fuit,
1157 4346 1610 4419 spiendidiusque
1667 4352 1926 4407 refulsit:

358 4432 835 4499 quemadmodum
889 4434 943 4489 in
991 4434 1117 4505 igne
1150 4434 1393 4504 ﬂamma,
1433 4437 1478 4493 si
1521 4441 1806 4495 materiam
1839 4456 1931 4496 co-

2015 1946 2106 2000 καὶ
2138 1946 2212 2010 ὡς
2239 1946 2393 2018 ἀκμῇ
2423 1946 2620 2018 θέρους
2653 1947 2752 2017 τὴν
2783 1946 2903 2018 ὁδὸν
2937 1944 3138 2010 ἀνύων,
3164 1942 3387 2015 πυρετῷ
3420 1955 3597 2011 προσ-

2013 2037 2276 2093 επάλαισε
2314 2038 2525 2109 λάϐρῳ.
2563 2035 2730 2092 Ἀλλὰ
2774 2036 2839 2107 δὴ
2885 2036 2982 2091 καὶ
3024 2038 3089 2089 ἐκ
3157 2033 3253 2088 τοῦ
3314 2030 3596 2103 στομάχου

2015 2131 2184 2199 κακὰ,
2221 2134 2318 2187 καὶ
2360 2133 2389 2184 δ
2424 2129 2662 2203 πονηρὸς
2702 2127 2950 2199 Γαλάτης
3011 2127 3162 2198 ἄγων
3218 2126 3310 2180 τὸν
3359 2125 3598 2187 δίκαιον,

2015 2226 2112 2280 καὶ
2146 2224 2214 2279 τὰ
2248 2225 2307 2280 ἐν
2343 2227 2465 2289 ταῖς
2493 2225 2847 2293 καταγωγαῖς
2888 2220 3132 2294 λυπηρὰ,
3178 2218 3288 2274 τῶν
3327 2218 3600 2289 θεραπόν-

2014 2336 2124 2373 των
2162 2320 2195 2390 ή
2228 2320 2453 2390 ἐρημία,
2509 2317 2619 2370 τῶν
2685 2315 3011 2387 ἐπιτηδείων
3051 2317 3085 2384 ή
3132 2312 3359 2385 ἀπορία,
3390 2311 3450 2365 τὸ
3518 2310 3600 2381 μὴ

2017 2410 2275 2480 εὐπορεῖν
2332 2406 2544 2481 ἰατροῦ,
2591 2409 2620 2461 ὁ
2666 2406 2974 2479 Ἰσαυρικὸς
3035 2405 3197 2474 φόϐος
3232 2422 3248 2437 ·
3304 2402 3383 2456 ἔτι
3427 2402 3484 2457 δέ
3541 2402 3598 2454 οἱ

2017 2504 2377 2571 ἐπιμανέντες
2436 2500 2583 2571 αύτῷ
2654 2501 2883 2572 μοναχοὶ
2937 2501 3247 2569 ἐμπρήσειν
3293 2495 3444 2567 αύτῷ
3492 2494 3599 2565 τὴν

2018 2594 2199 2647 οίκίαν
2263 2593 2585 2664 βουλόμενοι
2618 2608 2633 2622 ο
2689 2593 2840 2656 ὅπως
2907 2608 2967 2644 τε
3027 2589 3487 2661 ἀπαγορεύσαντα
3537 2588 3601 2639 ὲν

2019 2686 2142 2758 ὁδῷ,
2164 2688 2223 2741 ού
2254 2688 2417 2757 μόνον
2438 2686 2601 2739 αὐτὸν
2630 2685 2815 2749 ἐλέους
2840 2685 3050 2756 ἠξίουν,
3080 2684 3218 2738 ἀλλά
3268 2684 3364 2737 καὶ
3398 2682 3597 2746 ἄλλους

2024 2779 2378 2849 βουλομένους
2406 2774 2612 2850 εἶργον,
2641 2777 2708 2831 τὸ.
2729 2776 2933 2848 ἔσχατα
2963 2777 3182 2832 πάντων
3210 2774 3599 2846 διαπειλούμε-

2023 2891 2125 2947 vet.
2158 2873 2241 2926 Τὰ
2269 2871 2327 2925 δέ
2355 2871 2456 2942 τῆς
2512 2869 2657 2937 ὀδοῦ,
2682 2869 2758 2934 ὡς
2803 2868 3062 2939 ἀνάντης,
3095 2866 3169 2931 ὡς
3221 2865 3477 2937 λιθώδης,
3517 2866 3599 2928 ὡς

2022 2964 2290 3034 δυσχερής
2340 2980 2399 3016 τε
2439 2964 2531 3016 καὶ
2566 2962 2813 3032 χαλεπή·
2848 2962 2977 3031 περὶ
3014 2956 3083 3031 ἧς
3122 2958 3264 3024 ἀξιοῖ
3298 2957 3602 3029 μελετῆσαι

2022 3053 2120 3125 τὴν
2143 3053 2444 3124 μακαρίαν,
2469 3051 2544 3122 μὴ
2573 3051 2924 3123 μακροτέραν
2952 3048 3133 3120 ἐαυτῷ
3158 3049 3259 3119 τὴν
3280 3047 3602 3119 ὁδοιπορίαν

2024 3143 2279 3213 γενέσθαι
2307 3157 2321 3173 '
2360 3141 2541 3209 Ἐμοὶ,
2572 3141 2770 3208 λέγων,
2807 3137 3022 3209 μυρίων
3047 3136 3273 3208 ἐξοριῶν
3301 3136 3363 3189 τὸ
3389 3135 3603 3189 ὁδεύειν

2026 3235 2145 3287 ἐστὶ
2170 3232 2570 3305 χαλεπώτερον.
2602 3231 2787 3287 Ταῦτα
2816 3231 2880 3301 δὴ
2918 3231 3096 3285 πάντα
3125 3230 3220 3284 καὶ
3258 3228 3394 3283 ἄλλα
3424 3244 3608 3298 παρα-

2027 3330 2234 3402 πλήσια
2255 3330 2311 3385 αἱ
2346 3327 2631 3383 ἐπιστολαὶ
2652 3327 2815 3381 αὗται
2873 3326 3336 3397 διαλαμϐάνουσιν
3369 3342 3382 3356 '
3407 3323 3490 3376 ἔτι
3541 3322 3603 3376 δὲ

2027 3423 2121 3476 καὶ
2141 3422 2195 3475 αἱ
2227 3421 2363 3494 πρὸς
2391 3421 2483 3474 τὸν
2506 3417 2805 3473 ἐπίσκοπον
2856 3419 3161 3489 Κυριακόν.
3200 3417 3293 3471 Ἐν
3322 3416 3504 3471 τοίνυν
3534 3419 3602 3486 τῇ

2027 3513 2329 3583 Κουκουσῷ
2353 3510 2664 3585 φθονηθεὶς,
2704 3511 2783 3576 είς
2819 3508 3147 3580 Ἀραϐισσὸν
3196 3511 3361 3581 ἤγετο
3384 3525 3400 3540 ·
3435 3517 3605 3561 σπου-

2027 3606 2093 3678 δὴ
2112 3606 2222 3677 γὰρ
2243 3600 2312 3677 ἦν
2333 3606 2448 3667 τοῖς
2478 3604 2754 3671 ἀπάγουσι
2801 3605 2921 3667 ταῖς
2975 3602 3208 3664 πυκναῖς
3268 3600 3606 3672 μεταϐάσεσι

2026 3697 2540 3767 ταλαιπωρούμενον
2591 3694 2777 3759 κακῶς
2830 3694 3137 3749 ἀποθέσθαι
3167 3692 3227 3747 τὸ
3293 3691 3416 3762 ζῇν.
3450 3691 3604 3764 ’Ὀσῳ

2028 3792 2085 3846 δὲ
2119 3791 2343 3849 πολλαῖς
2362 3788 2765 3860 ταλαιπωρίαις
2789 3787 3009 3851 ἐδίδοτο,
3048 3787 3305 3842 τοσοῦτον
3330 3786 3603 3858 κρείττων

2030 3883 2136 3937 ὑπὸ
2163 3881 2483 3952 φιλοσοφίας
2510 3874 2579 3950 ἦν
2632 3879 2834 3942 παντὸς
2865 3877 2961 3932 τοῦ
3004 3879 3459 3948 προσπίπτοντος,
3509 3879 3606 3932 καὶ

2030 3974 2385 4045 φαιδρότερον
2412 3971 2772 4036 ἀποστίλϐων,
2803 3971 2994 4040 ὥσπερ
3010 3970 3070 4023 τὸ
3087 3971 3143 4021 ἐν
3174 3972 3304 4039 πυρὶ
3320 3969 3437 4038 φῶς
3469 3968 3604 4039 ὕλης

2031 4068 2181 4137 αύτῷ
2208 4065 2450 4127 πλείονος
2509 4062 2978 4132 ὑποϐαλλομένης.
3036 4062 3276 4115 Ἐκεῖθεν
3326 4061 3384 4115 δέ
3436 4062 3605 4116 πάλιν

2031 4159 2111 4221 είς
2144 4154 2451 4210 Πιτυοῦντα
2505 4151 2649 4206 οὓτω
2701 4151 2992 4205 κελευσθὲν
3032 4150 3269 4219 ἄγεταμ
3332 4150 3609 4218 πολίχνιον

2030 4250 2086 4304 δὲ
2116 4249 2266 4302 τουτὶ
2293 4244 2485 4309 δεινῶς
2517 4243 2743 4316 ἔρημον,
2802 4245 2859 4296 ἐν
2911 4242 3145 4313 τέρματι
3190 4241 3293 4309 τῆς
3335 4241 3609 4311 Ποντικῆς

2033 4343 2311 4412 θαλάσσης
2338 4339 2705 4408 διακείμενον,
2729 4335 3026 4406 βαρϐάροις
3045 4335 3243 4405 ὅμορον
3264 4333 3572 4404 ὡμοτάτοις
3590 4349 3605 4365 ο

2031 4437 2165 4490 ὅπου
2195 4434 2261 4506 δὴ
2288 4433 2666 4501 ἀπαγόμενος,
2694 4430 2788 4482 καὶ
2839 4429 2976 4499 πρὸς
3024 4426 3158 4480 Θεὸν
3195 4426 3294 4498 ἤδη
3345 4426 3609 4497 ἐκδημεῖν

356 4523 659 4592 piosiorem
704 4524 811 4579 sibi
855 4525 1112 4596 injectam
1160 4527 1381 4583 habeat.
1426 4529 1559 4587 inde
1602 4548 1735 4587 vero
1786 4533 1922 4604 Pity-

2038 4527 2269 4598 μέλλων,
2298 4523 2497 4587 νυκτὸς
2526 4521 2828 4591 εὐχομένῳ,
2882 4519 3201 4589 ἐφίστανται
3256 4518 3305 4572 oi
3349 4516 3447 4570 τοῦ
3487 4516 3609 4588 βίου

364 4623 552 4666 untem
584 4614 659 4683 (5)
688 4615 788 4684 (ita
829 4615 976 4670 enim
1004 4617 1321 4672 mandatum
1352 4618 1554 4691 fuerat)
1582 4621 1781 4677 ductus
1816 4632 1926 4679 est.

355 4703 632 4772 Oppidum
697 4705 751 4759 id
811 4714 895 4761 est
960 4709 1144 4778 gravis
1201 4710 1554 4779 solitudinis,
1628 4714 1698 4768 ad
1766 4714 1928 4770 finem

360 4798 572 4851 Pontici
612 4798 778 4854 maris
826 4801 1016 4868 situm,
1066 4803 1383 4859 smvissimis
1434 4804 1685 4862 barbaris
1715 4818 1933 4864 conter-

364 4887 597 4942 minum.
627 4888 705 4943 Eo
733 4904 857 4943 eum
889 4890 1209 4956 duceretur,
1231 4902 1285 4948 et
1309 4894 1420 4964 jam
1446 4896 1512 4950 ad
1541 4896 1711 4951 Deum
1737 4899 1935 4968 migra-

360 4989 527 5034 turus
556 4988 727 5045 esset,
764 4988 933 5035 noctu
981 4981 1033 5036 ei
1063 4985 1272 5047 oranti,
1312 4985 1407 5054 qui
1448 4986 1577 5041 vitae
1610 4989 1733 5058 ejus
1762 4987 1933 5042 duces

360 5070 610 5135 fuerant,
631 5081 686 5128 et
705 5071 900 5128 Petrus
928 5081 984 5127 et
1007 5073 1272 5142 Joannes,
1297 5076 1641 5142 assistentes,
1667 5093 1932 5147 perquam

365 5167 544 5222 amice
582 5183 706 5223 cum
733 5181 800 5223 eo
830 5177 960 5224 sunt
989 5170 1251 5226 collocuti
1274 5184 1291 5223 :
1315 5172 1479 5242 eique
1506 5187 1631 5227 cum
1665 5173 1937 5228 adversus

359 5258 641 5314 (laniones
689 5259 1003 5327 victoriam,
1057 5269 1173 5316 tum
1206 5268 1491 5331 postremo
1539 5262 1931 5333 migrationem

442 5396 630 5467 (l)_'l‘u
657 5396 753 5450 tibi
784 5395 1070 5467 persuade,
1113 5405 1310 5463 pnelcr
1364 5398 1579 5466 culpam
1630 5413 1695 5453 ac
1745 5413 1936 5467 pecca-

367 5474 509 5529 tum,
544 5465 748 5518 homini
786 5465 1043 5520 accidere
1084 5467 1220 5534 nihil
1239 5468 1621 5589 ιξυεεομιιιοιί
1656 5468 1724 5522 sit
1747 5465 1940 5522 horri-

375 5535 482 5587 bile
515 5544 609 5587 aut
662 5535 1180 5589 pertimescendum.
1217 5537 1232 5589 (
1285 5536 1475 5589 icero.l
1504 5568 1573 5577 -—
1610 5536 1826 5589 Scimus
1875 5552 1940 5589 ea

375 5535 482 5587 bile
515 5544 609 5587 aut
662 5535 1180 5602 pertimescendum.
1217 5535 1573 5604 (Cicerol—
1610 5536 1826 5592 Scimus
1875 5552 1940 5591 ca

377 5613 580 5674 mente,
602 5618 764 5674 quam
796 5605 935 5659 ratio
966 5615 1021 5659 et
1049 5607 1249 5659 veritas
1272 5606 1598 5674 praescrihit,
1632 5616 1689 5658 ut
1716 5607 1850 5659 nihil
1885 5606 1938 5659 in

372 5673 485 5725 vita
539 5673 699 5725 nobis
731 5674 1115 5740 pra-standum,
1150 5673 1345 5743 prmter
1374 5676 1613 5745 culpam,
1642 5687 1897 5743 putemus
1926 5693 1938 5729 :

2034 4617 2184 4690 αύτῷ
2214 4616 2405 4686 ὁδηγοὶ
2443 4615 2649 4686 Πέτρος
2704 4614 2802 4667 καὶ
2858 4609 3157 4680 Ἰωάννης·
3212 4608 3610 4679 προσειπόντες

2033 4728 2092 4765 τε
2118 4712 2220 4765 ὃσα
2248 4709 2377 4779 φίλα
2407 4707 2504 4761 καί⁹
2557 4705 2656 4775 τὴν
2714 4702 2856 4757 κατά
2910 4702 3179 4771 δαιμόνων
3219 4700 3401 4772 νίκην,
3451 4701 3610 4763 τέλος

2035 4804 2130 4858 καὶ
2170 4802 2271 4873 τὴν
2304 4801 2441 4872 πρὸς
2474 4800 2609 4854 Θεὸν
2668 4797 2938 4868 ἐκδημίαν
2989 4793 3456 4863 εὐαγγελίζονται,
3509 4797 3611 4847 καὶ

2033 4900 2134 4967 τὴν
2157 4897 2268 4951 τῶν
2302 4895 2670 4962 ὲκδεξομένων
2700 4891 3002 4947 ἀπόλαυσιν
3024 4888 3266 4957 ἀγαθῶν.
3296 4883 3431 4942 Εἶτα
3475 4904 3606 4960 τρο-

2035 4993 2109 5060 φῇ
2166 4988 2397 5059 ούρανίᾳ
2455 4989 2553 5040 καὶ
2597 4983 2897 5060 ἀπορρήτῳ
2953 4979 3143 5033 τοῦτον
3203 4979 3464 5043 σιτίζουσι
3515 4984 3613 5036 καὶ

2164 5058 2379 5135 ἐκείνου
2441 5078 2681 5147 διέμεινε
2756 5058 2926 5145 μηδέν
2978 5089 3032 5125 τι
3077 5071 3610 5141 προσενεγκάμενος.

2036 5174 2269 5243 Εἴρηται
2313 5170 2506 5235 ταῦτα,
2562 5162 2644 5230 οἷς
2692 5166 2900 5226 ἐκεῖνος
2945 5161 3117 5216 συνὼν
3158 5160 3608 5213 κατεπίστευσεν.

2038 5266 2276 5329 Ἐκεῖνος
2303 5266 2346 5319 δ’
2372 5264 2622 5318 ἐντεῦθεν
2652 5261 2790 5333 πρὸς
2848 5259 3073 5331 μείζονα
3130 5258 3436 5328 σκάμματα
3474 5259 3617 5328 μᾶλα-

2116 5397 2190 5461 (9.)
2224 5392 2473 5448 Fortasse
2507 5411 2605 5463 pro
2632 5385 3610 5468 monachislegendum"antonommmi2

2042 5468 2145 5520 hoc
2175 5457 2268 5519 Vest
2312 5457 2678 5532 gladiatores:
2730 5473 2787 5516 ut
2838 5460 3042 5515 milites
3095 5457 3488 5525 intelligantur,
3515 5458 3613 5526 ψεί

2041 5550 2166 5591 eum
2205 5535 2256 5586 in
2285 5532 2935 5601 exsiliumabduxerunt.

2112 5606 2188 5668 (5)
2221 5603 2361 5658 i’lin.
2392 5603 2488 5655 lib.
2511 5596 2585 5662 vi,
2608 5617 2727 5668 cap.
2753 5601 2811 5659 5.
2843 5600 2911 5655 de
2944 5599 3165 5668 regione
3205 5597 3461 5655 Colcltica
3506 5615 3517 5649 :
3546 5596 3612 5648 In

2044 5676 2227 5727 intimo
2263 5689 2320 5724 co
2348 5671 2735 5739 tractuJ’ilyus
2758 5669 3009 5741 oppidum
3050 5668 3501 5740 opulcntssimum
3545 5668 3611 5718 ab

374 5757 547 5814 itaque
609 5757 733 5814 cum
790 5758 1093 5814 careamus,
1128 5742 1313 5796 nuntia
1363 5742 1597 5799 humana
1632 5742 1840 5814 placate
1890 5755 1944 5798 rt
2052 5742 2329 5796 llcniocltis
2356 5743 2608 5810 direptum
2642 5750 2737 5794 est.

378 5812 656 5868 moderate
680 5813 941 5867 feramus.
983 5812 1199 5871 tidem.)
