3930 6596
286 432 422 492 1Ωὸἷῖ
1163 440 1747 504 ECCLESIAS'I‘ICrE
1792 447 2176 507 IIIS'I'OBI.E
2219 451 2360 511 LIB.
2404 454 2569 512 XIII.
3384 457 3519 522 103-4
3602 523 3603 530 η

259 538 363 592 λον
413 539 632 610 ἐχώρει.
679 543 743 595 Ol
793 545 847 598 δὲ
891 547 1270 612 πιστευθέντες
1318 551 1475 618 ἄγειν
1522 553 1613 606 τὸν
1683 553 1811 621 μέγα

1963 555 2022 608 ad
2061 560 2254 620 Deum,
2289 570 2341 614 ct
2375 576 2496 628 quae
2529 577 2653 614 eum
2690 575 2988 632 exceptura
3029 572 3217 619 essent
3244 563 3515 618 bonorum

269 635 515 700 μακραῖς
539 637 658 696 ταῖς
698 636 1033 705 ὁδοιπορίαις
1091 641 1418 708 κατέτεινον,
1475 644 1646 696 ὑετῶν
1697 644 1821 696 ἔστι

1963 649 2369 716 perceptionem
2442 666 2566 705 cum
2634 652 2826 706 laetitia
2895 657 3318 710 annuntiarunt.
3381 656 3515 711 Dein

266 724 364 776 ὅτε
388 725 808 794 ὲπικλυζόντων,
835 731 927 783 καὶ
951 732 1107 799 ἡλίου
1127 733 1186 785 τὸ
1215 735 1588 802 ἀκμαιότατον
1620 736 1816 806 φλέγον

1965 739 2161 793 :(elesti
2225 752 2280 795 et
2326 742 2586 797 ineffabili
2620 760 2745 798 eum
2779 760 2902 799 esca
2936 755 3206 814 paverunt
3238 766 3252 804 :
3287 763 3354 803 ex
3406 764 3517 817 quo

267 835 364 881 τος
391 833 406 848 ⁸
450 819 642 888 μισθὸς
674 821 782 890 γὰρ
799 822 898 890 τῆς
925 824 1013 876 ἐπ’
1053 825 1246 896 ἐκείνῳ
1269 825 1551 896 ὠμότητος
1569 828 1819 897 ἐπηγγέλη

1963 837 2206 899 tempore
2255 833 2390 886 nihil
2423 842 2610 901 postea
2656 834 2763 906 cibi
2801 836 3055 906 sumpsit.
3111 837 3263 891 Dicta
3300 838 3416 892 hac
3446 838 3515 892 ab

269 911 400 965 λετο
434 912 699 980 μειζόνων
747 916 925 980 τιμῶν
982 919 1256 986 εὑμοιρία.
1321 919 1484 971 Ἀλλὰ
1545 919 1821 974 Πιτυοῦντι

1965 923 2033 976 eis
2079 932 2228 987 sunt,
2261 915 2468 992 quibus
2494 925 2582 980 ille
2613 942 2674 980 ea
2703 942 2887 982 secum
2921 928 3263 982 versantibus
3292 943 3517 984 concre-

273 1003 378 1071 μὲν
402 1003 502 1056 οὑκ
531 1005 690 1076 ἔσχεν
718 1007 868 1068 ἰδεῖν,
896 1009 972 1070 ὡς
1001 1011 1033 1078 ἡ
1073 1007 1392 1078 Ἐπιφανίου
1427 1012 1613 1081 εἴρηκε
1671 1014 1814 1085 πρόρ

1962 1013 2114 1069 lidit.
2167 1014 2309 1070 Hinc
2344 1016 2510 1070 etiam
2553 1018 2646 1072 ille
2689 1018 2754 1073 ad
2804 1020 3007 1090 majora
3054 1035 3378 1088 progressus
3431 1029 3514 1075 cst

271 1094 458 1164 ῥησις.
491 1095 580 1148 Ἐν
611 1098 888 1166 Κομάνοις
917 1099 973 1151 δὲ
1003 1102 1314 1170 γενόμενος,
1353 1103 1491 1174 πρὸς
1539 1104 1620 1175 τῷ
1655 1105 1820 1176 εὐκτη

1965 1107 2278 1160 :ertamina.
2312 1105 2394 1162 Illi
2429 1123 2593 1179 porro
2623 1111 2825 1180 quibus
2854 1127 3082 1182 magnus
3118 1112 3200 1164 vir
3225 1109 3517 1164 ducendus

274 1184 383 1253 ρίῳ
415 1185 741 1240 Βασιλίσκου
768 1188 866 1242 τοῦ
893 1189 1170 1260 μάρτυρος
1196 1190 1386 1257 ἄγεται
1415 1209 1428 1224 ·
1459 1192 1518 1246 ὃν
1550 1193 1826 1246 ἐπίσκοποι

1961 1199 2275 1254 commissus
2317 1200 2531 1267 fuerat,
2589 1206 2798 1274 magnis
2848 1203 3144 1258 itineribus
3200 1201 3513 1271 proficisce-

273 1277 383 1342 μὲν
418 1277 865 1346 λόγοςγενέσθαι,
925 1282 1029 1334 ὑπὸ
1081 1282 1138 1337 δὲ
1203 1284 1509 1354 Μαξιμίνου
1564 1286 1704 1339 κατὰ
1749 1285 1825 1355 τὴε

1963 1299 2174 1353 uantur,
2205 1291 2504 1361 aliquando
2535 1295 2818 1350 tmmensis
2856 1296 3056 1364 pluviis
3085 1293 3515 1356 exundantibus,

268 1366 623 1436 Νικομήδους
643 1370 704 1422 τὸ
735 1373 1070 1444 μαρτυρικδν
1101 1375 1318 1429 στάδιον
1361 1377 1638 1431 ὑπελθεῖν.
1673 1377 1820 1430 Ἐκεῖ

1969 1383 2250 1452 ιιίιιιιοιιόο
2297 1385 2432 1440 solis
2481 1386 2653 1442 radiis
2695 1389 2934 1444 maxime
2985 1387 3320 1442 urentibus:
3354 1384 3521 1457 5.29

273 1476 336 1511 σε
360 1463 545 1513 τοίνυν
573 1461 708 1532 δναρ
762 1465 992 1530 ὲπιστὰς
1018 1468 1046 1520 ὑ
1109 1469 1339 1537 μάρτυς,
1365 1486 1384 1521 ι
1433 1468 1658 1540 Θάρσει,
1715 1469 1818 1540 ἔφη

1969 1491 2164 1531 nerces
2195 1479 2341 1532 enim
2369 1492 2562 1534 eorum
2603 1481 2916 1534 crudelitati
2954 1481 3008 1534 in
3048 1480 3144 1534 illo
3195 1477 3521 1534 exercendae

270 1551 476 1621 ἀδελφέ
504 1553 750 1625 Ἰωάννη,
783 1557 1132 1629 ἀμφοτέρους
1163 1561 1310 1629 ἡμᾶς
1340 1562 1373 1631 η
1406 1561 1640 1616 ἐπιοῦσα
1687 1561 1822 1615 συνά

1965 1569 2218 1640 najorum
2267 1569 2599 1639 dignitatum
2679 1571 2920 1626 honores
2983 1569 3266 1641 proposita
3314 1568 3517 1623 fuerat.

267 1645 368 1713 ψει.
400 1662 413 1677 ·
449 1649 801 1718 »ἐπισκῆψαι
834 1650 889 1704 δὲ
921 1653 1016 1706 καὶ
1034 1653 1111 1723 τῷ
1166 1654 1446 1726 νεωκόρῳ,
1497 1655 1664 1708 τόπον
1709 1657 1819 1707 ἑτοι

1969 1659 2215 1715 laterum
2246 1661 2560 1732 Pityuntem
2586 1662 2774 1717 videre
2819 1677 2930 1715 non
2967 1660 3167 1731 potuit,
3199 1658 3360 1715 sicuti
3389 1656 3521 1727 Epi-

273 1734 456 1802 μάσαι
477 1736 554 1804 τῷ
585 1735 832 1809 Ἰωάννῃ.
860 1739 1108 1795 Ἐκεῖθεν
1152 1741 1210 1796 δὲ
1266 1744 1515 1806 σταδίους
1547 1743 1825 1814 τριάκοντι

1966 1751 2139 1821 ihanii
2186 1754 2511 1808 vaticinium
2544 1753 2893 1824 praedixerat.
2932 1753 3011 1807 Ad
3058 1751 3407 1807 Comanenos
3441 1748 3518 1817 (I)

269 1827 651 1895 διανύσαντες,
682 1831 891 1900 πλάνην
921 1834 1073 1904 παρὰ
1111 1833 1268 1901 δόξαν
1290 1835 1649 1902 ὑποστάντες,
1681 1837 1819 1889 ἔπαν

1969 1852 2130 1898 tutem
2154 1843 2427 1900 Armeniae
2451 1861 2574 1900 cum
2601 1847 2868 1908 venisset,
2887 1845 2953 1899 ad
2988 1843 3253 1913 templum
3275 1839 3521 1899 Basilisci

271 1920 536 1990 ἔρχεσθαι
596 1892 760 1976 πόλιν
814 1892 956 1977 κάτά
1005 1892 1125 1978 ’τὸν
1180 1892 1291 1980 ’τοῦ
1350 1892 1648 1998 μάρτυρος,
1683 1928 1819 1998 σηκὸ

2154 1892 2426 1900 ----------ν.
2612 1892 2953 1908 .-...---.,__
3275 1892 3519 1899 -ηψ--ρ

1967 1936 2215 2006 martyris
2237 1936 2437 1991 ductus
2469 1947 2573 1999 est,
2621 1939 2713 2008 qui
2755 1937 3050 2007 episcopus
3093 1934 3285 1997 fuisse,
3319 1941 3376 1987 et
3416 1930 3519 1985 sub

267 2009 516 2076 ἐγένετο.
551 2011 749 2074 Καλῶς
783 2008 876 2066 οὖν
921 2015 988 2067 τὰ
1015 2014 1138 2068 κατ’
1191 2016 1355 2071 αὑτὸν
1389 2017 1730 2086 διαθέμενος,
1761 2033 1819 2069 κα

1969 2023 2254 2078 Maximino
2302 2025 2640 2081 Nicomedia:
2683 2026 2930 2095 martyrii
2984 2033 3263 2079 certamen
3315 2015 3521 2074 Obiisse

265 2103 374 2172 την
401 2101 658 2172 γλῶσσαν
687 2105 827 2170 πρὸς
875 2105 1230 2161 διδασκαλίαν
1263 2109 1516 2178 κινήσας.
1570 2109 1664 2163 καὶ
1715 2109 1817 2178 πρὸ

1966 2114 2176 2169 licitur.
2211 2116 2288 2170 Ibi
2320 2117 2374 2171 in
2413 2119 2621 2172 somnis
2643 2118 2691 2171 ei
2734 2130 3008 2187 apparens
3033 2124 3265 2184 martyr,
3299 2131 3317 2163 ι
3346 2111 3518 2173 Βοηο,

265 2192 333 2244 τδ
364 2193 720 2265 φαιδρότερον
743 2195 872 2266 ἄχρι
899 2199 993 2251 καὶ
1021 2199 1392 2269 ὑποδημάτων
1421 2202 1817 2271 μετακοσμήσει

1969 2207 2150 2274 ηιιηιιὶι,
2210 2206 2395 2261 animo
2443 2216 2588 2271 esto,
2638 2205 2881 2261 Joannes
2931 2205 3126 2268 frater,
3176 2215 3278 2256 nos
3330 2198 3521 2252 ambos

267 2283 492 2347 ἑαυτὸν,
549 2285 658 2338 τῶν
712 2286 872 2340 θείων
931 2293 1268 2358 κοινωνήσας
1331 2291 1672 2360 ἁγισμάτων,
1737 2293 1819 2345 ua‘

1970 2298 2196 2352 :rastina
2225 2298 2343 2352 dies
2385 2299 2704 2369 conjunget.
2749 2316 2768 2349 ι
2805 2298 2902 2351 llle
2943 2295 3109 2350 etiam
3141 2291 3354 2348 custodi
3383 2299 3522 2343 tem-

274 2393 293 2426 ι
334 2377 475 2441 Δόξα
515 2394 619 2443 σοι,
651 2379 846 2448 Κύριε,
880 2381 1101 2436 πάντων
1139 2381 1350 2448 ἔνεκεν,
1388 2401 1409 2434 ι
1455 2382 1724 2446 ἐπειπὼν,
1760 2401 1826 2438 κα

1969 2390 2028 2458 ιιιί
2064 2399 2124 2444 ιιι
2151 2391 2330 2444 locum
2360 2391 2556 2445 Joanni
2590 2399 2830 2459 pararet,
2866 2387 3148 2458 przecepit.
3191 2386 3268 2439 Ex
3293 2398 3364 2437 eo
3400 2382 3521 2436 loco

267 2469 350 2539 τῷ
379 2469 478 2524 τοῦ
516 2472 750 2542 σταυροῦ
781 2473 940 2544 τύπῳ
965 2469 1010 2542 ᾧ
1061 2475 1258 2545 συνέζη
1312 2477 1819 2547 ἔπισφραγισάμενο

1971 2498 2082 2536 :um
2116 2482 2334 2552 triginta
2385 2483 2689 2536 stadiorum
2737 2482 2846 2536 iter
2885 2479 3281 2540 confecissent,
3320 2481 3523 2545 praeter

269 2559 490 2630 ἑαυτὸν,
533 2562 632 2634 τὴν
656 2566 942 2637 μακαρίαν
991 2568 1266 2640 ἐπορεύθη
1313 2570 1582 2640 πορείαν,
1635 2571 1821 2639 Χριστι

2034 2575 2276 2628 inionem
2329 2582 2482 2630 recta
2541 2575 2629 2628 via
2687 2572 3034 2636 excidentes,
3085 2567 3391 2624 errabundi
3452 2567 3519 2620 ad
3578 2615 3583 2620 .

270 2651 459 2705 συνὼν
485 2655 579 2708 καὶ
625 2657 1065 2726 συμϐασιλεὺων,
1117 2660 1259 2730 ὑπὲρ
1313 2657 1376 2716 οὗ
1432 2663 1562 2726 τοὺς
1607 2661 1822 2732 μακροῦ

1971 2666 2218 2737 martyris
2247 2667 2416 2720 aedem
2447 2665 2655 2720 reversi
2688 2673 2839 2719 sunt.
2885 2663 3074 2732 Itaque
3107 2675 3232 2715 cum
3267 2674 3356 2714 res
3397 2671 3523 2712 suas

269 2747 474 2810 πόνους
504 2748 812 2818 ὑπήνεγκεν
844 2767 858 2782 ·
885 2751 1066 2822 ἑαυτῷ
1095 2753 1194 2823 μὲν
1226 2755 1325 2824 τῆς
1355 2754 1624 2824 ἐκδημίας
1685 2753 1821 2824 μακά

1972 2759 2348 2829 iisposuisset,
2382 2758 2622 2829 linguam
2657 2757 2724 2810 ad
2759 2755 3066 2811 docendum
3104 2751 3389 2814 movisset,
3427 2750 3524 2804 ke-

271 2857 417 2908 ριος,
454 2841 657 2911 σφόδρα
687 2842 744 2895 δὲ
773 2845 886 2904 τοῖς
939 2846 1238 2913 ἐγνωκόσιν
1286 2845 1565 2917 ὀδυνηρὸς,
1618 2845 1711 2911 οὒς
1765 2865 1823 2901 κο

1972 2851 2071 2908 tius
2113 2866 2195 2914 se,
2237 2850 2312 2904 ita
2346 2860 2404 2904 ut
2437 2851 2654 2904 calceos
2693 2862 2915 2919 quoque
2952 2845 3228 2909 indueret,
3276 2842 3524 2898 vestibus

273 2933 522 3001 μετρίως
585 2934 678 2987 τοῦ
751 2937 955 2990 οίκείου
1029 2937 1245 3007 μέλιτος
1312 2936 1558 3004 ἔγευσεν.
1639 2937 1825 3008 Ἦμέρη

1971 2947 2078 3002 suis
2103 2951 2378 3006 ornasset,
2408 2951 2463 2996 et
2492 2957 2589 3012 per
2633 2939 3080 2997 communionem
3115 2936 3360 2992 divinam
3391 2950 3490 2990 san
3509 2963 3523 2976 -

277 3025 470 3088 μέντοι
495 3025 595 3094 τῆς
618 3025 900 3098 τελευτῆς,
927 3028 1050 3081 καθ’
1082 3031 1148 3098 ἢν
1175 3028 1240 3098 δὴ
1269 3030 1362 3082 καὶ
1393 3030 1492 3099 τήν
1523 3029 1615 3082 τοῦ
1647 3029 1829 3100 ζωηφό

1975 3038 2347 3094 :tiiicationem
2402 3034 2790 3105 percepisset:
2841 3052 2861 3087 ι
2911 3032 3095 3088 Gloria
3148 3030 3281 3094 tibi,
3321 3028 3527 3098 inquit,

276 3133 376 3186 pou
412 3118 648 3189 σταυροῦ
691 3119 897 3189 ῦψωσιν
929 3120 1283 3191 ἑορτάζομεν,
1309 3122 1827 3192 τεσσαρεσκαιδεκά

1983 3132 2215 3195 Domine,
2237 3130 2304 3185 de
2341 3129 2508 3184 rebus
2539 3129 2818 3182 ouinibus.
2851 3147 2868 3180 ι
2905 3128 2972 3182 Ει
3003 3126 3184 3195 scipso
3211 3125 3368 3194 signo
3399 3138 3535 3179 cru.

270 3224 344 3278 τη
399 3209 734 3280 Σεπτεδρίου
802 3213 992 3284 μηνός.
1048 3211 1257 3282 Ἐχρῆν
1309 3213 1406 3270 καὶ
1455 3213 1562 3284 γὰρ
1604 3213 1699 3270 τὸν
1735 3215 1822 3269 δλο

1977 3220 2062 3282 :is,
2096 3217 2198 3272 sub
2233 3232 2339 3287 qua
2374 3217 2610 3283 vixerat,
2653 3216 2967 3286 obsignato,
3004 3213 3218 3267 beatam
3249 3213 3397 3264 illam
3438 3209 3529 3264 iu-

273 3302 715 3372 ἐσταυρωμένων
743 3302 989 3375 ζήσαντα
1043 3305 1179 3376 βίον,
1212 3308 1310 3358 καὶ
1352 3305 1414 3360 τὸ
1457 3305 1720 3377 καύχημα
1778 3325 1825 3377 μ·

1973 3325 2181 3382 gressus
2213 3318 2298 3364 est
2335 3300 2769 3379 profectionem,
2808 3323 2933 3364 cum
2978 3306 3201 3362 Christo
3246 3307 3436 3378 vivens
3468 3311 3525 3356 et

271 3399 334 3447 ἐν
361 3395 508 3468 ἄλλῳ
546 3396 660 3467 ἢὲν
703 3398 780 3467 τῷ
814 3398 1034 3469 σταυρῷ
1062 3399 1155 3452 τοῦ
1186 3399 1426 3470 Χριστοῦ
1457 3399 1703 3470 θέμενον,
1733 3417 1823 3454 κατ

1972 3417 2215 3474 regnans,
2251 3417 2351 3472 pro
2383 3417 2492 3472 quo
2521 3401 2739 3456 labores
2766 3401 2960 3471 longos
2990 3399 3235 3469 pertulit,
3275 3411 3375 3450 suo
3398 3394 3524 3464 qui-

270 3489 448 3560 αὑτήν
479 3506 542 3558 γε
565 3490 663 3560 τὴν
693 3491 907 3562 ἡμέραν
933 3493 1032 3561 τῆς
1053 3490 1220 3546 αὑτοῦ
1257 3491 1473 3562 ἑορτῆς,
1503 3492 1563 3545 ὃν
1595 3495 1659 3546 ὲκ
1690 3492 1822 3562 τῆσδ

1973 3495 2080 3550 lem
2118 3495 2344 3548 nomine
2376 3509 2475 3564 per
2510 3494 2892 3564 migrationem
2933 3492 3094 3546 talem
3138 3490 3268 3544 felix
3299 3495 3354 3542 et
3391 3487 3525 3541 bea-

271 3579 378 3646 τῆς
406 3577 540 3647 ὕλης
571 3577 869 3650 ἐπεφέρετο
896 3577 1051 3647 χοῦν,
1085 3579 1408 3646 ἀποθέσθαι,
1441 3581 1535 3633 καὶ
1563 3581 1694 3652 πρὸς
1723 3582 1823 3635 Θεὸ

1973 3603 2069 3653 .us,
2136 3589 2216 3642 eis
2249 3596 2429 3642 autem
2476 3587 2568 3658 qui
2601 3601 2727 3640 cum
2775 3590 3180 3657 cognoverunt,
3209 3589 3264 3634 et
3295 3578 3380 3633 vel
3411 3592 3525 3632 me-

275 3670 585 3740 ὑψωθῆναι.
622 3671 756 3724 Τότε
780 3672 842 3744 δὴ
884 3672 1086 3742 πλῆθος
1129 3673 1358 3745 ἄπειρον
1407 3674 1715 3745 συρῤεῦσαν
1760 3676 1826 3729 ἀν

1980 3682 2224 3737 liocriter
2284 3681 2548 3734 mellitam
2595 3679 2716 3748 ejus
2774 3678 3082 3732 doctrinam
3132 3675 3532 3743 degustarunt,

273 3763 425 3832 δρῶν
451 3777 513 3815 τε
538 3760 656 3832 ἅμα
689 3766 1088 3833 καὶγυναικῶν
1127 3765 1366 3828 εὑσεδῶς
1414 3765 1632 3829 ζώντων
1682 3767 1746 3822 ἔκ
1797 3785 1825 3822 τ

1991 3767 2353 3836 eplorandus.
2392 3767 2590 3822 Obitus
2618 3769 2737 3837 ejus
2763 3767 2819 3820 in
2851 3782 2971 3820 eam
3001 3764 3145 3818 diem
3177 3761 3393 3823 incidit,
3416 3775 3543 3828 quae.

276 3855 482 3927 Συρίας
506 3857 600 3910 καὶ
633 3857 909 3922 Κιλικίας,
936 3859 1138 3913 Πόντου
1165 3876 1224 3913 τε
1282 3862 1374 3913 καὶ
1404 3859 1717 3930 Ἀρμενίας,
1763 3877 1828 3913 κα

1974 3860 2193 3913 vivitica:
2228 3859 2410 3913 crucis
2435 3859 2826 3913 exaltatiunem
2858 3859 3223 3914 celebramus.
3271 3853 3526 3922 Septem-

275 3955 460 4016 ὁσίαις
486 3953 846 4024 καταθέμενοι
883 3954 1073 4008 τοῦτον
1098 3957 1287 4025 χερσὶν
1328 3956 1555 4024 ἔγγιστά
1599 3972 1704 4009 που
1755 3957 1827 4011 Βα

1989 3953 2080 4007 ll‘IS
2111 3954 2317 4008 mensis
2351 3953 2620 4006 decimam
2663 3963 2940 4023 quartam.
2982 3952 3074 4005 Sic
3121 3950 3268 4004 enim
3316 3961 3541 4002 come—-

277 4042 532 4097 σιλίσκου
560 4045 652 4096 τοῦ
689 4045 990 4114 μάρτυρος,
1037 4045 1464 4113 ἀπηλλάττοντο.

1993 4048 2180 4112 riebat,
2217 4063 2342 4103 cum
2387 4048 2481 4118 qui
2511 4047 2679 4101 vitam
2714 4060 2934 4101 omnem
2967 4044 3069 4099 sub
3100 4056 3264 4098 cruce
3312 4051 3545 4094 transe-r

276 4147 460 4204 gerat,
495 4145 552 4191 et
582 4137 809 4208 gloriam
860 4153 966 4191 non
1019 4137 1075 4191 in
1127 4139 1232 4193 alia
1311 4153 1368 4192 re
1415 4152 1578 4207 quam
1645 4139 1700 4193 in
1772 4154 1936 4195 cruce
1975 4141 2181 4197 Christi
2227 4143 2614 4204 collocaverat,
2670 4141 2809 4195 festo
2855 4138 3029 4208 ipsius
3071 4136 3181 4200 die,
3235 4149 3398 4204 quem
3456 4146 3530 4185 ex.

284 4231 522 4288 materia
551 4231 652 4287 ista
681 4241 970 4302 acceptum
1002 4231 1431 4286 circumferebat
1492 4233 1734 4286 cinerem
1804 4232 2104 4302 deponere,
2161 4243 2328 4304 atque
2395 4235 2463 4289 ad
2529 4236 2699 4290 Deum
2748 4233 2802 4286 in
2851 4231 3084 4286 sublime
3117 4229 3248 4282 ferri
3285 4235 3340 4280 et
3373 4224 3522 4278 exal-

283 4327 416 4381 tari.
450 4326 528 4380 Eo
558 4340 690 4380 vero
717 4335 833 4380 tum
897 4325 1335 4381 innumerabilis
1389 4325 1478 4395 pie
1546 4327 1847 4380 viventium
1887 4328 2132 4381 virorum
2181 4339 2236 4383 et
2268 4329 2602 4383 feminarum
2631 4325 2929 4380 multitudo
2977 4337 3045 4377 ex
3091 4320 3269 4391 Syria,
3309 4317 3532 4381 Cilicia,

284 4422 464 4475 Ponto
508 4429 566 4474 et
608 4418 867 4473 Armenia
910 4418 1226 4474 conﬂuxit:
1265 4420 1361 4490 qui
1397 4429 1686 4490 postquam
1723 4433 1848 4473 eum
1891 4419 1996 4489 piis
2063 4423 2317 4478 manibus
2363 4437 2535 4493 prope
2582 4421 2907 4476 Basiliscum
2950 4430 3248 4490 martyrem
3290 4413 3540 4485 sepelie~

285 4527 444 4582 runt,
477 4530 694 4570 rursum
728 4515 855 4570 inde
881 4515 1162 4569 abierunt.

847 4632 1103 4687 ΚΕΦΑΛ.
1160 4632 1294 4688 Λιιο.
1887 4611 1933 4666 υ
2388 4655 2399 4691 ι

1887 4611 1933 4666 D
2388 4629 2552 4702 530
2589 4630 2816 4686 CAPUT
2855 4628 3142 4684 xxxvnt.

351 4730 486 4799 Περὶ
521 4726 631 4796 τῆς
661 4724 950 4794 τελευτῆς
988 4724 1096 4780 τοῦ
1121 4725 1432 4790 βασιλέως
1465 4723 1808 4793 Ἀρκαδίαν.

1623 4726 1808 4781 τδίου.
2304 4724 2381 4777 De
2407 4725 2548 4778 obitu
2579 4726 2910 4795 imperatoris
2941 4722 3175 4777 Arcadii.

2180 4579 2190 4582 η
2205 4565 2295 4579 μρ-ο-

360 4845 543 4916 Τρίτῳ
591 4842 636 4895 δ’
667 4843 774 4896 ἔτει
805 4841 947 4910 μετὰ
1007 4839 1105 4911 τὴν
1155 4840 1417 4910 τελευτὴν
1455 4841 1706 4894 Ἰωάννου
1764 4842 1860 4896 καὶ

2034 4837 2170 4896 Post
2205 4837 2436 4894 Joannis
2488 4851 2756 4904 mortem,
2799 4837 3073 4892 Arcadius
3122 4849 3342 4904 quoque
3382 4846 3548 4885 anno-l

301 4940 588 5012 Ἀρκάδιος
616 4933 894 4999 ἐτελεύτα,
932 4933 1182 5004 διάδοχον
1220 4935 1320 5002 τῆς
1350 4935 1656 5003 ἡγεμονίας
1689 4947 1853 4986 κατα.

1995 4935 2132 4987 ertio
2183 4933 2480 4988 defunctus
2511 4947 2617 4998 est,
2653 4933 2814 4987 sicuti
2864 4940 2920 4985 et
2963 4940 3120 4985 antea
3167 4929 3365 4989 coniux
3411 4929 3547 4994 ejus:

290 5032 472 5088 λιπὼν
506 5029 784 5083 Θεοδόσιον
816 5027 908 5080 τὸν
957 5027 1101 5089 υίέα,
1151 5024 1342 5094 ὥσπερ
1368 5025 1432 5095 δὴ
1473 5026 1570 5077 καὶ
1601 5027 1632 5094 ὴ
1673 5025 1842 5094 μήτηε

1985 5026 2236 5081 Ξιιιίοχίιι.
2292 5025 2512 5096 Imperii
2555 5039 2932 5081 successorem
2983 5023 3028 5076 is
3071 5022 3239 5074 lilium
3273 5017 3537 5072 Theodo-

293 5126 584 5195 πρότερον,
617 5121 742 5192 ἄρτι
766 5119 998 5187 γάλακτι
1022 5118 1372 5187 πεπαυμένον
1399 5117 1730 5186 τρέφεσθαι·
1763 5117 1845 5170 θυ‹

1995 5118 2106 5170 ium
2141 5117 2386 5183 reliquit,
2427 5115 2760 5187 jampridem
2793 5130 2823 5168 a
2871 5115 3013 5169 lacte
3053 5124 3346 5166 remetum.
3380 5110 3543 5164 Beli--

291 5216 538 5284 γατέρας
572 5214 627 5266 δὲ
662 5212 998 5282 Πουλχερίαν
1029 5213 1124 5264 καὶ
1160 5209 1454 5279 Ἀρκαδίαν
1486 5211 1580 5261 καὶ
1607 5209 1843 5280 Μαρίναπ

1978 5210 2083 5278 ιιιὶι
2139 5211 2302 5265 etiam
2346 5210 2507 5271 filias,
2541 5207 2909 5270 Pulcheriam,
2939 5205 3229 5260 Arcadiam
3267 5217 3323 5260 et
3363 5205 3530 5258 Mari-

292 5309 374 5360 ἔτι
405 5307 600 5375 κομιδῇ
635 5304 788 5369 νέας,
818 5304 875 5356 αἲ
928 5305 1020 5356 καὶ
1055 5303 1113 5355 ὲν
1147 5302 1416 5372 παρθενίᾳ
1447 5301 1748 5369 διέμειναν.
1782 5301 1844 5354 ΟΕ

1980 5318 2115 5365 iam,
2149 5300 2444 5355 admodum
2477 5309 2718 5361 teneras,
2740 5314 2861 5367 quae
2882 5299 2936 5352 in
2965 5297 3282 5367 virginitate
3306 5296 3532 5350 caelibes

295 5399 477 5468 πο).λῷ
527 5397 582 5449 δὲ
627 5395 860 5463 ὕστερον
908 5396 1000 5447 καὶ
1036 5393 1296 5462 Ὀνώριος
1332 5392 1508 5462 ὑδέρῳ
1533 5393 1754 5458 θνήσκει
1805 5393 1847 5443 ἐκ

1991 5411 2335 5451 ιριωιιιιεοτο.
2375 5394 2584 5449 Dehine
2613 5395 2788 5448 multo
2832 5401 2958 5462 post
3001 5393 3282 5447 Honorius
3307 5405 3543 5461 quoque

306 5489 519 5559 Ῥώμῃ,
570 5487 661 5539 τὸν
709 5487 811 5555 τῆς
864 5485 1104 5554 ἀδελφῆς
1154 5482 1362 5545 Γάλλας
1414 5483 1712 5544 Πλακιδξας
1768 5486 1858 5534 καὶ

1977 5487 2150 5540 Romae
2184 5485 2426 5555 hydrope
2460 5485 2644 5553 periit,
2686 5485 2898 5540 sororis
2929 5499 3042 5538 sua:
3069 5483 3236 5538 GaIIa:
3265 5482 3529 5538 Placidia:

299 5578 716 5631 Κωνσταντίνου
753 5577 886 5641 υἱὸν,
933 5576 1023 5628 τὸν
1062 5575 1246 5646 τρίτον
1287 5573 1731 5629 Οὒαλεντινιανὸν
1767 5575 1851 5627 καλ

1985 5587 2017 5629 τι
2063 5577 2370 5631 Constantii
2433 5577 2603 5630 (ilium
2660 5575 3107 5630 Valentinianum
3170 5574 3421 5639 tertium,
3470 5584 3530 5628 et

307 5669 574 5741 Ὀνωρίαν
631 5671 697 5740 τῇ
741 5667 928 5738 Ῥώμῃ
984 5665 1320 5720 καταλιπών.
1361 5667 1506 5735 Πρὸς
1560 5664 1618 5717 δὲ
1649 5665 1726 5734 τῷ
1763 5667 1859 5735 τῆς

1975 5671 2130 5722 liiiam
2164 5667 2415 5736 ejusdem
2455 5667 2775 5732 lionoriam,
2810 5675 2933 5736 post
2971 5682 3030 5722 se
3072 5671 3128 5721 iu
3173 5682 3235 5721 ea
3271 5665 3405 5721 urbe
3435 5679 3527 5721 re-

367 5805 444 5874 (l)
488 5802 729 5886 Comana
771 5804 1030 5886 oppidum
1086 5813 1192 5886 est.
1233 5801 1609 5886 Cappadociae.
1669 5802 1857 5883 (Plin.
1964 5801 3093 5886 convallibuslautitauri.‘Comaueusium
3125 5802 3328 5857 mentio
3361 5809 3443 5855 est
3481 5799 3523 5856 I.

298 5873 394 5930 ω).
427 5892 500 5942 τι,
534 5889 654 5943 cap.
701 5876 779 5942 '5.)
817 5874 1127 5929 Secundum
1162 5875 1486 5928 Strabonem
1520 5874 1618 5926 lib.
1651 5888 1743 5936 xu,
1800 5875 1854 5926 in
1965 5873 2092 5925 Cum
2117 5881 2292 5924 unica.
2321 5873 2380 5925 (λ.
2425 5874 2495 5927 lic
2527 5873 2691 5943 agric.
2728 5882 2784 5927 et
2813 5876 3005 5928 censit.
3042 5875 3134 5927 lib.
3170 5890 3203 5926 ιι
