4006 6566
468 467 489 530 1
503 468 606 530 059

1709 458 2127 521 NICEPHCRI
2170 458 2513 519 CALLISTI

3565 460 3718 521 13ίο

463 580 761 635 excellunt.
797 576 951 636 Unde
984 575 1244 647 colligere
1293 575 1427 631 satis
1475 589 1786 643 possumus,
1824 573 2030 643 princi-

2134 572 2544 639 διενεγκόντων.
2593 570 2680 633 Ὠς
2710 569 2777 623 ἂν
2828 569 3028 623 εἰδέναι
3060 566 3299 638 ἔχοιμεν,
3341 570 3531 639 ἀρκεῖν
3564 571 3721 638 apo;

466 669 626 739 pibus
655 668 723 724 ad
756 668 987 724 salutem
1018 666 1186 722 solam
1215 666 1347 720 satis
1374 664 1645 720 veriorem
1706 679 1827 719 esse
1859 663 2033 734 pieta-

467 772 574 816 tem
615 778 629 815 :
658 760 823 816 sicuti
853 768 1047 814 contra
1102 757 1307 828 absque
1336 756 1426 811 illa
1450 756 1587 810 nihil
1621 765 1853 825 prosunt
1880 768 2037 809 exer-

462 854 643 918 citus,
693 853 859 922 equi,
904 851 1202 916 satellites,
1249 850 1466 904 ensium
1511 849 1631 912 vis,
1675 848 2033 915 virorumque

464 942 902 996 innumerabiles
940 941 1131 1011 copiae,
1161 955 1358 995 aurum
1402 938 1532 994 item
1562 938 1728 1010 5.39
1754 947 1810 993 et
1838 953 2030 1008 argen-

466 1040 605 1098 tum,
632 1031 865 1101 plnrima
892 1041 1050 1085 terrae
1069 1030 1282 1100 jugera,
1310 1039 1363 1082 et
1385 1028 1700 1099 quicunque
1727 1027 1868 1082 alius
1895 1041 2033 1096 prae.

465 1133 611 1178 terea
635 1129 720 1175 est
739 1128 1053 1190 apparatus.
1079 1119 1293 1174 Etenim
1314 1118 1431 1189 ipsa
1454 1118 1696 1173 nondum
1714 1117 2029 1188 quindecim

461 1221 586 1267 nata
614 1226 808 1277 annos,
825 1211 1219 1280 sapientiorem
1248 1209 1688 1278 divinioremqne
1711 1224 1879 1279 quam
1901 1218 2033 1263 tetas

460 1303 652 1368 ferret,
681 1302 920 1357 obtinuit
952 1312 1215 1357 mentem.
1247 1300 1312 1354 Et
1344 1300 1581 1370 primum
1611 1300 1831 1370 quidem
1867 1299 2033 1369 virgi-

461 1396 683 1450 nitatem
724 1409 784 1450 se
818 1410 917 1464 per
946 1393 1117 1449 vitam
1153 1408 1370 1447 onmem
1420 1402 1865 1447 conservatorem
1908 1405 2032 1446 esse

460 1488 569 1541 Deo
606 1486 754 1540 vovit
783 1503 797 1540 :
828 1484 1051 1549 deinde,
1083 1493 1144 1539 ut
1178 1484 1322 1539 idem
1370 1483 1619 1539 facerent
1662 1497 1907 1547 sorores,
1948 1482 2031 1537 eis

456 1590 678 1646 quoque
711 1574 1007 1645 persuasit,
1036 1590 1107 1629 ne
1150 1574 1555 1628 azutulationem
1599 1581 1766 1642 atque
1798 1582 2028 1627 conten-

459 1669 665 1723 tionem
699 1668 755 1721 in
790 1667 1128 1737 imperialem
1160 1666 1344 1720 aulam
1380 1665 1672 1720 induceret
1707 1665 1807 1735 (l).
1847 1662 2030 1729 Quare

454 1776 677 1817 omnem
708 1760 1032 1816 insidiarum
1064 1759 1410 1814 occasionem
1439 1757 1706 1827 praecidit.
1764 1755 2028 1811 Sedenim

456 1869 581 1909 cum
611 1854 904 1908 consilium
940 1852 1338 1921 decretumque
1372 1864 1533 1905 suum
1577 1849 1808 1920 pignore
1844 1848 2029 1919 aliquo

452 1946 850 2004 stabiliendum
896 1960 1021 2001 esse
1054 1952 1302 2015 putaret,
1342 1943 1455 1999 Deo
1498 1943 1622 2012 ipsi,
1653 1957 1815 1997 sacro
1847 1957 2033 1997 sacer-
2062 1930 2103 1986 Β

453 2039 647 2094 datum
681 2037 884 2101 ordini,
915 2046 973 2092 et
1007 2036 1247 2092 subditis
1279 2036 1514 2099 civibus,
1550 2043 1765 2091 eertum
1800 2042 2027 2089 senten-

454 2131 543 2185 tiae
587 2145 699 2185 sua:
747 2128 1122 2184 testimonium
1170 2126 1439 2182 exhibuit.
1471 2126 1607 2181 Nam
1644 2123 2027 2183 admirandum

452 2222 731 2294 quoddam
781 2221 1097 2277 incredibili
1151 2218 1565 2290 pulchritudine
1616 2226 2026 2284 ornamentum,

406 2308 414 2315 ’
452 2330 519 2370 ex
565 2329 704 2369 auro
749 2322 805 2369 et
848 2313 1109 2383 pretiosis
1160 2312 1364 2381 lapillis
1407 2309 1744 2371 confectum,
1773 2308 1825 2361 in
1861 2322 2029 2369 sacra:

454 2420 655 2462 mensa
711 2406 949 2461 formam
1007 2403 1319 2465 redactum,
1406 2416 1506 2472 pro
1556 2399 1872 2471 virginitate
1930 2414 2026 2454 tua

454 2498 752 2568 fratrisque
784 2496 1018 2566 imperio
1080 2495 1369 2551 catholica:
1409 2493 2028 2565 Constantinopolitanae

451 2594 699 2649 ecclesiae
735 2590 1033 2656 dedicavit,
1084 2589 1138 2644 in
1165 2604 1367 2645 corona
1394 2587 1757 2660 quadranguli
1785 2587 1903 2659 ejus
1926 2586 2025 2657 (2),

452 2684 687 2743 consilio
731 2696 1011 2751 causaque
1060 2682 1497 2738 consecrationis
1538 2679 1833 2753 ejusmodi,
1868 2680 2027 2735 novis

452 2776 784 2850 quibusdam
834 2775 1038 2830 litteris
1082 2774 1375 2843 insculpta.
1407 2773 1597 2842 Itaque
1626 2771 1731 2827 ubi'
1756 2786 1856 2842 pro
1883 2770 2027 2825 virili

451 2889 553 2930 sua
587 2879 781 2927 natura
818 2869 1038 2940 imperii
1075 2882 1267 2923 curam
1302 2866 1565 2936 suscepit,
1597 2879 1763 2937 quam
1794 2864 2025 2935 optime,

455 2967 530 3020 ita
556 2973 618 3019 ut
642 2964 926 3026 convenit,
951 2975 1077 3015 cum
1106 2959 1316 3029 ingenti
1343 2958 1542 3031 decore
1570 2972 1687 3012 rem
1725 2957 2025 3012 Romanam

452 3057 911 3117 administravit:
959 3070 1125 3124 quam
1170 3052 1459 3109 celerrime
1502 3050 1570 3107 de
1606 3052 1771 3107 rebus
1801 3051 2027 3121 agendis

453 3150 821 3215 consultavit,
882 3146 1157 3215 simulque
1224 3160 1317 3200 eas
1370 3144 1426 3199 in
1488 3146 1757 3213 scriptum
1815 3144 2021 3199 retulit.

453 3245 590 3300 Nam
635 3251 692 3298 et
731 3241 787 3296 in
836 3239 1149 3302 scribendo,
1193 3246 1249 3292 et
1293 3239 1346 3291 in
1386 3237 1644 3302 dicendo,
1677 3250 2027 3305 summopere

451 3346 575 3393 erat
605 3333 930 3399 exercitata,
978 3345 1233 3387 sermone
1280 3340 1537 3399 utroque,
1587 3326 1787 3384 Latino
1816 3329 2030 3385 scilicet

452 3439 509 3484 et
552 3402 878 3485 Graacofblt
922 3438 1045 3495 quae
1096 3426 1216 3494 ipsa
1261 3421 1479 3493 agebat,
1513 3421 1739 3491 perinde
1784 3430 1951 3491 atque
1996 3437 2027 3477 a

453 3523 625 3577 fratre
673 3517 977 3575 constituta
1026 3524 1251 3581 essent,
1296 3515 1353 3570 in
1411 3514 1566 3569 illum
1622 3513 1834 3569 retulit.
1887 3514 2027 3571 lllud

453 3615 753 3685 plurimum
793 3610 1029 3676 curavit,
1082 3616 1142 3664 ut
1188 3608 1248 3663 in
1296 3606 1669 3678 imperatoriis
1718 3606 1930 3662 artibus
1979 3608 2027 3663 is

451 3710 805 3771 educaretur,
836 3713 1003 3774 atque
1036 3699 1348 3771 disciplinis
1386 3698 1535 3754 aetati
1579 3698 1782 3769 cuique
1826 3715 2028 3756 conve-

452 3796 737 3853 nientibus
768 3795 1180 3851 institueretur.
1221 3792 1297 3847 Ita
1326 3791 1418 3846 ille
1466 3806 1583 3847 rem
1633 3791 1927 3847 militarem
1972 3803 2028 3847 et

450 3901 792 3962 equestrem,
815 3891 884 3944 ab
909 3888 992 3943 eis
1014 3887 1109 3956 qui
1135 3900 1317 3941 rerum
1354 3885 1546 3941 talium
1576 3893 1831 3941 accurate
1861 3886 2025 3956 periti

450 3993 627 4047 erant,
665 3982 881 4037 didicit.
918 3978 990 4036 Ut
1022 3991 1205 4034 autem
1248 3979 1306 4034 in
1350 3978 1589 4051 publicis
1620 3980 2023 4051 progressibus,

444 4075 648 4148 quovis
680 4084 951 4146 tempore,
981 4073 1061 4128 ita
1090 4080 1150 4156 ut
1184 4073 1578 4145 imperatorem
1605 4072 1784 4137 decet,
1819 4074 2029 4145 magni-

442 4170 590 4227 ﬁcus
632 4177 781 4226 esset
840 4178 898 4224 et
945 4167 1292 4240 splendidus,
1323 4168 1393 4222 ab
1444 4167 1561 4239 ipsa
1607 4167 1841 4223 edoctus
1888 4178 1972 4224 est
2009 4186 2023 4222 :

449 4261 921 4332 quemadmodum
965 4261 1177 4317 scilicet
1222 4272 1432 4316 vestem
1478 4261 1582 4315 sibi
1632 4261 1733 4331 ipsi
1789 4260 2025 4316 circum-

442 4354 603 4417 dare,
673 4353 949 4422 quomodo
999 4352 1309 4420 considere,
1389 4352 1654 4408 incedere
1732 4363 1791 4408 et
1853 4355 2024 4408 risum

448 4444 728 4500 moderari
783 4445 1042 4512 deberet;
1100 4454 1160 4500 ut
1217 4447 1272 4500 in
1331 4446 1497 4501 rebus
1557 4445 1868 4516 quibusque
1930 4458 2025 4514 se,

440 4547 616 4608 .prout
655 4549 871 4610 tempus
915 4535 1109 4602 ferret,
1147 4540 1230 4593 vel
1274 4538 1551 4607 placidum
1592 4538 1678 4593 vel
1720 4538 2026 4594 terribilem

438 4629 760 4696 exhiberet,
794 4640 850 4685 et
882 4630 1234 4685 commodum
1268 4629 1563 4688 audiendis
1593 4631 2020 4701 sopplirantinm
2056 4654 2099 4709 ο

446 4722 709 4795 precibus
745 4723 1037 4794 praeberet.
1074 4723 1434 4778 Potissimum
1481 4738 1615 4779 vero
1663 4740 1787 4779 eum
1836 4724 2027 4779 docuit

449 4817 720 4889 justitiam
767 4824 823 4872 et
867 4830 1056 4871 veram
1100 4818 1382 4886 pietatem,
1411 4817 1574 4873 sicuti
1620 4819 1900 4884 convenit,
1930 4833 2025 4872 co-

438 4912 587 4976 Jere,
619 4910 833 4981 precari
863 4909 1233 4975 continenter,
1266 4911 1467 4980 templa
1500 4911 1654 4966 adire
1684 4911 2024 4982 frequenter,

435 5004 604 5059 .wdes
649 5017 836 5058 sacras
885 5002 998 5056 Deo
1048 5010 1396 5057 constructas
1461 5002 1627 5067 vasis,
1678 5003 1924 5057 donariis
1974 5012 2029 5058 et

434 5096 797 5152 «ornamentis
859 5094 1202 5164 locupletare
1254 5111 1270 5148 :
1328 5094 1678 5150 sacerdotum
1739 5097 2025 5157 ordinem.

438 5191 732 5262 simulque
772 5188 925 5245 viros
964 5189 1159 5254 bonos,
1189 5188 1283 5258 qui
1323 5188 1767 5244 Christianorum
1810 5190 2029 5260 legibus

440 5283 662 5353 optime
706 5280 980 5346 viverent,
1025 5280 1249 5351 plurimi
1296 5279 1503 5334 facere.
1556 5279 1722 5351 440
1778 5279 1870 5335 Hae
1907 5282 2028 5351 ejus

440 5385 612 5430 erant
658 5372 1056 5430 institutiones.
1092 5371 1237 5439 Quin
1279 5372 1442 5426 etiatu
1492 5372 1773 5427 nonnullis
1806 5372 2028 5442 religio-

448 5480 580 5528 nem
632 5462 959 5519 adulterinis
998 5462 1371 5532 dogmatibus,
1410 5461 1681 5533 novisque
1729 5462 1898 5517 rebus
1938 5463 2031 5516 de-

446 5571 687 5627 pravare
735 5555 1090 5621 conantibus,
1128 5570 1358 5625 eamque
1410 5552 1466 5608 in
1515 5571 1769 5627 magnum
1814 5555 2033 5626 pericu-

445 5649 572 5703 lum
622 5644 1050 5712 adducentibus,
1088 5656 1148 5701 ut
1198 5647 1432 5702 ﬁrmiter
1482 5647 1573 5702 illa
1620 5648 1677 5703 in
1728 5657 1874 5703 statu
1929 5662 2031 5703 suo

447 5747 834 5811 permaneret,
872 5737 989 5809 ipsa
1021 5754 1241 5809 quoque
1287 5738 1493 5794 effecit.
1530 5740 1596 5794 Et
1634 5740 1933 5810 quominus
1965 5756 2032 5796 eo

454 5927 516 5981 l5
534 5856 608 5924 tt)
635 5855 737 5910 Per
761 5868 889 5907 snas
914 5852 1124 5910 scilicet
1142 5862 1237 5908 aut
1263 5869 1512 5910 sororum
1536 5869 1757 5910 suarum
1789 5856 2028 5927 nuptias.

520 5940 721 5981 υλυω.)

444 5940 468 5977 LI
479 5940 721 5985 δυωω.)

2140 665 2421 732 σωτηρίαν
2456 665 2567 725 τοῖς
2606 660 2892 731 βασιλεῦσι
2942 661 3037 713 καὶ
3083 661 3253 731 μόνην
3289 661 3459 730 αὐτὴν
3484 660 3583 730 την
3610 662 3719 714 εὑ·-

2138 755 2384 807 σέδειαν·
2416 752 2491 816 ὡς
2533 753 2694 816 αὖθις
2728 754 2937 822 ἐκείνης
2970 754 3099 807 ἄνευ
3143 753 3312 821 μηδὲν
3355 749 3496 806 εἶναι
3534 753 3721 821 στρά⁴¹⁵

2136 845 2316 913 τευμά
2346 862 2409 897 τε
2438 846 2538 899 καὶ
2560 846 2751 910 ἵππον,
2805 846 2902 899 καὶ
2955 845 3310 914 δορυφόρους,
3342 846 3499 916 ισχῦν
3527 863 3588 899 τε
3630 844 3721 911 ξι-

2137 935 2276 1005 φῶν,
2311 936 2521 1008 ἀνδρῶν
2546 953 2606 989 τε
2634 939 2842 1006 ἄπειρα
2872 936 3058 1006 στίφη,
3088 936 3292 1006 χρυσόν
3324 954 3382 989 τε
3404 937 3500 990 καὶ
3532 938 3720 1007 αργυ-

2140 1044 2251 1096 ρον,
2284 1029 2380 1081 καὶ
2421 1028 2632 1099 πλέθρα
2658 1029 2781 1098 γῆς,
2810 1030 2909 1081 καὶ
2932 1029 3031 1099 ὅση
3064 1028 3201 1098 ἄλλη
3227 1028 3322 1082 ἐπὶ
3348 1029 3562 1091 τούτοις
3595 1048 3716 1083 πα-

2136 1124 2404 1189 ρασκευή.
2459 1120 2575 1173 Καὶ
2617 1120 2727 1190 γὰρ
2783 1120 2925 1191 αὕτη
2993 1121 3168 1191 μήπω,
3217 1121 3715 1175 πεντεκαιδέκατον

2133 1208 2344 1278 ἄγουσα
2374 1210 2514 1274 ἔτος,
2576 1210 2888 1282 σοφώτερον
2916 1213 3016 1266 ’καὶ
3050 1211 3192 1264 θεῖον
3225 1211 3259 1283 ἡ
3312 1211 3434 1265 καθ’
3482 1214 3715 1282 ἡλικίαν

2134 1304 2407 1374 ἱκτήσατο
2438 1304 2588 1359 νοῦν.
2622 1304 2734 1359 Καὶ
2762 1305 2831 1359 τὰ
2881 1307 2982 1375 μὲν
3009 1307 3205 1377 πρῶτα
3255 1307 3525 1377 παρθένος
3558 1305 3715 1361 εἰναι

2131 1393 2219 1447 διὰ
2246 1392 2365 1464 βίου
2396 1393 2716 1463 ὡμολόγησε
2759 1394 2840 1466 τῷ
2886 1394 3008 1466 Θεῷ
3032 1410 3046 1425 ⁸
3080 1396 3278 1466 ἐπίσης
3310 1395 3371 1449 δὲ
3429 1400 3712 1467 φρονῆσαι

2131 1488 2353 1552 καὶτὰς
2404 1489 2641 1557 ἀδελφὰς
2693 1490 2929 1555 ἔπεισεν,
2978 1490 3065 1544 ἵνα
3114 1493 3191 1561 μὴ
3226 1492 3388 1561 ζῆλον
3418 1495 3513 1546 καὶ
3544 1494 3708 1565 ἔριδα

2132 1580 2329 1651 εἰσάγῃ
2361 1584 2476 1645 τοῖς
2513 1579 2807 1651 βασιλείοις
2828 1598 2844 1614 ⁸
2883 1583 3183 1637 κάντεῦθεν
3211 1587 3396 1639 πᾶσαν
3427 1586 3713 1656 πρόφασιν

2131 1673 2420 1727 ἑπιῦούλου
2452 1678 2804 1745 φρονήματος
2852 1675 3165 1730 ἀπεώσατο.
3196 1676 3270 1731 Τό
3298 1694 3360 1746 γε
3398 1679 3508 1750 μὴν
3539 1679 3710 1742 δόξαν

2131 1765 2320 1839 ἐκείνῃ
2339 1766 2432 1819 καὶ
2451 1765 2668 1835 βέϐαιον
2687 1768 2910 1839 οίομένη
2939 1768 3049 1823 δεῖν
3071 1767 3271 1837 θεῖναι,
3286 1770 3407 1841 Θεῷ
3428 1787 3487 1823 τε
3509 1773 3608 1824 καὶ
3637 1773 3715 1824 is-

2134 1853 2314 1923 ρεῦσι,
2336 1855 2433 1908 καὶ
2459 1856 2574 1918 τοῖς
2595 1857 2923 1926 ἀρχομένοις
2947 1858 3154 1925 αὐτοῖς,
3185 1841 3485 1929 μαρτύρῖον
3507 1860 3716 1929 ἀκραι-

2132 1940 2267 2013 φνὲς
2294 1943 2406 1997 τῶν
2450 1947 2635 2019 ἐκείνῃ
2682 1945 3127 2018 βεϐουλευμένων
3155 1950 3276 2004 τάδε
3321 1954 3522 2008 ἐποίει.
3553 1956 3709 2007 Θαυ-

2094 2085 2099 2091 .
2136 2036 2341 2106 μάσιόν
2378 2050 2432 2090 τι
2486 2039 2679 2108 χρῆμα
2707 2040 2802 2093 καὶ
2849 2042 2931 2105 είς
2966 2041 3169 2106 κάλλος
3210 2043 3515 2115 ἄφραστον,
3553 2047 3617 2098 ἐκ
3648 2064 3709 2101 τε

2130 2116 2337 2198 χρίεσοῦ
2390 2129 2485 2182 καὶ
2532 2130 2822 2199 τιμαλφῶν
2867 2129 3037 2185 λίθων
3078 2134 3177 2203 τῆς
3224 2138 3501 2207 σφετέρας
3541 2139 3710 2207 χάριν

2133 2220 2439 2291 παρθενίας
2473 2223 2565 2275 καῖ
2600 2222 2699 2292 τῆς
2731 2224 2831 2277 τοῦ
2868 2225 3102 2296 ἀδελφοῦ
3134 2226 3413 2297 βασιλείας
3444 2230 3526 2292 είς
3550 2232 3710 2300 ίεραν

2132 2314 2592 2368 κατασκευάσασα
2645 2305 2950 2388 τράπεζαν,
2985 2322 3052 2390 τῇ
3103 2319 3335 2375 καθόλου
3389 2323 3492 2392 τῆς
3539 2325 3705 2377 Κωνο

2133 2406 2421 2459 σταντίνου
2466 2406 2769 2480 Ἐκκλησία
2796 2410 3042 2475 ἀνέθετο,
3075 2413 3168 2465 ἐπὶ
3196 2410 3276 2485 τῷ
3322 2418 3577 2484 στεφάνῳ
3607 2415 3704 2469 τοῦ

2129 2500 2485 2569 τετραγώνου
2543 2499 2774 2570 ταύτης,
2831 2504 2923 2556 τὸν
2979 2505 3187 2558 σκοπὸν
3237 2506 3338 2577 τῆς
3387 2508 3705 2572 ἀναθωεως

2130 2594 2341 2656 καινοῖς
2394 2610 2505 2648 τισι
2552 2596 2883 2667 γράμμασιν
2936 2597 3306 2668 ἐγχαράξασα.
3342 2601 3453 2654 Καὶ
3511 2600 3579 2672 δὴ
3626 2603 3705 2672 τῷ

2128 2684 2232 2751 τῆς
2278 2684 2498 2754 φύσεως
2536 2687 2775 2759 ἀνδρικῷ
2820 2689 2920 2759 τὴν
2969 2690 3229 2759 φροντίδα
3270 2690 3373 2761 τῆς
3397 2694 3702 2762 ἡγεμονίας

2128 2775 2535 2848 ἁναδεξαμένη,
2556 2779 2755 2849 ἄριστα
2780 2781 2875 2834 καὶ
2900 2782 2977 2845 ὡς
3005 2782 3185 2852 χρεών
3206 2799 3271 2853 γε
3286 2778 3377 2855 ἦν,
3403 2787 3504 2838 σὺν
3521 2785 3707 2856 πολλῷ

2129 2866 2208 2936 τῷ
2234 2868 2427 2940 κόσμῳ
2456 2871 2559 2940 τὴν
2595 2869 2915 2945 Ῥωμαϊκὴν
2942 2873 3134 2944 διῴκει
3163 2875 3361 2946 ἀρχὴν,
3391 2877 3516 2929 ὅσον
3536 2879 3706 2947 τάχος

2129 2960 2199 3014 τὰ
2224 2963 2479 3033 πρακτέα
2529 2963 2624 3017 καὶ
2686 2963 3052 3037 βουλευομένη
3102 2966 3202 3021 καὶ
3249 2968 3573 3039 γράφουσα·
3610 2973 3710 3025 καὶ

2128 3054 2241 3125 γὰρ
2274 3055 2369 3109 κα)⁵
2419 3056 2654 3128 γράφειν
2680 3060 2775 3112 καὶ
2804 3059 2985 3128 λέγειν
3015 3061 3295 3131 είςνᾶκρον
3319 3062 3568 3133 ἡσκητοο
3607 3066 3710 3118 καὶ

2130 3149 2254 3201 κατ’
2295 3148 2464 3219 ἄμφω
2512 3149 2617 3213 τὰς
2660 3149 2999 3219 διαλέκτους,
3057 3155 3125 3225 τῇ
3177 3171 3236 3208 τε
3268 3153 3556 3225 Ῥωμαίων
3605 3161 3710 3212 καὶ

2054 3274 2098 3333 c
2138 3239 2412 3309 Ἑλλήνων
2439 3241 2604 3312 φημί.
2638 3241 2721 3296 Τά
2749 3259 2814 3312 γε
2860 3244 2967 3315 μὴν
2992 3246 3178 3319 εκείνη
3202 3252 3596 3321 πεπραγμένα,
3624 3254 3707 3318 ὡς

2132 3333 2384 3404 τάδελφῷ
2408 3334 2700 3402 δοκοῦντα,
2732 3337 2815 3400 εἰς
2837 3338 3051 3392 ἔκεῐνον
3076 3339 3249 3408 ἀνῆγε
3271 3355 3286 3370 ο
3318 3342 3552 3396 πλείστα
3590 3348 3664 3414 γα
3674 3363 3707 3417 ρ

2128 3424 2201 3479 δι’
2233 3426 2561 3497 ἐπιμελείας
2588 3422 2761 3498 εἶχεν,
2783 3427 2861 3491 ὡς
2905 3428 2976 3483 ἂν
3002 3430 3311 3501 βασιλικῶς
3343 3433 3562 3505 ἀχθείη,
3589 3441 3709 3502 τοῖς

2129 3519 2338 3591 ἑκάστῃ
2370 3520 2480 3576 τῶν
2512 3520 2745 3591 ἡλικιῶν
2781 3521 3104 3593 μαθήμασιν
3131 3526 3551 3581 ὲκπαιδεὸσυσα.
3591 3530 3711 3585 Καὶ

2128 3614 2317 3668 τοίνυν
2347 3615 2447 3667 ὅσα
2474 3615 2579 3684 μὲν
2620 3614 2749 3684 περὶ
2803 3613 2943 3669 ὅπλα
2988 3618 3085 3669 καὶ
3117 3616 3369 3687 ίππικὴν,
3402 3620 3559 3691 παρά
3593 3622 3712 3675 τῶν

2130 3707 2342 3778 εῐδησιν
2367 3705 2574 3777 ἀκρισῆ
2611 3708 2848 3779 ἑχόντων
2898 3708 3027 3777 περὶ
3055 3707 3229 3762 ταῦτα
3261 3711 3535 3781 ἐμάνθανε
3556 3729 3573 3743 ·
3605 3715 3714 3784 βα-

2131 3798 2336 3861 σιλικὸς
2367 3798 2413 3852 δ’
2449 3795 2591 3852 εἶναι
2646 3798 2739 3851 καὶ
2790 3800 2923 3871 περὶ
2971 3800 3073 3863 τὰς
3130 3802 3391 3858 ἑκάστοτε
3436 3808 3717 3877 προόδους

2127 3892 2358 3961 κόσμιός
2389 3908 2447 3945 τε
2477 3892 2572 3946 καὶ
2626 3891 2867 3964 ἐκφανὴς
2900 3893 3034 3964 παρ’
3086 3894 3257 3965 αὑτῆς
3299 3897 3712 3968 ὲρῤυθμίζετο·

2130 3985 2335 4056 ἐσθῆτά
2371 4001 2431 4038 τε
2532 3986 2907 4057 περιστέλλειν
2954 3986 3151 4040 ἑαυτὸν
3192 3991 3391 4060 χρῆναι
3412 4005 3430 4023 ⁶
3465 3991 3563 4045 καὶ
3594 3996 3715 4049 τίνι

2130 4077 2239 4149 χρὴ
2271 4077 2461 4148 τρόπῳ
2488 4077 2789 4147 καθῆσθαι,
2825 4078 2924 4131 καὶ
2958 4072 3120 4142 αὖθις
3169 4078 3431 4148 βαδίζειν,
3464 4084 3716 4150 γέλωτὸς

2128 4186 2189 4223 τε
2221 4171 2449 4241 κρατεῖν
2468 4185 2485 4202 ο
2520 4170 2697 4238 πρᾶός
2724 4186 2783 4222 τε
2814 4170 2910 4222 καὶ
2942 4169 3179 4242 φοδερδς
3203 4172 3370 4243 ἡνίκα
3400 4174 3593 4246 καιρὸς
3618 4176 3717 4245 ἐφ’

2129 4262 2346 4334 ἑκάστῳ
2398 4261 2602 4315 δοκεῖν.
2641 4262 2766 4317 Ἔτι
2794 4262 2854 4315 δὲ
2879 4261 2958 4326 ὡς
2992 4263 3276 4333 ἁρμοδίως
3331 4264 3714 4322 πυνθάνεσθαι

2129 4355 2239 4408 τῶν
2271 4354 2405 4424 περί
2436 4371 2532 4408 του
2578 4354 2893 4422 δεομένων
2944 4355 3183 4425 μάλιστα
3230 4356 3290 4409 δὲ
3342 4360 3405 4411 τὸ
3453 4360 3715 4415 εὐσεῦεἰν

2130 4445 2299 4499 αὐτὸν
2324 4447 2400 4509 ὡς
2434 4448 2616 4516 χρεὼν
2646 4445 2921 4512 ἐδίδασκε,
2971 4448 3068 4501 καὶ
3118 4444 3375 4518 εὔχεσθαι
3407 4450 3510 4520 μὲν
3540 4467 3715 4505 συνε-

2131 4534 2412 4606 χέστερον,
2442 4536 2633 4607 φοιτᾷν
2659 4534 2717 4589 δὲ
2744 4537 2865 4599 ταῖς
2888 4535 3209 4607 ἂκκλησίαις
3235 4540 3481 4607 πυκνῶς,
3508 4540 3714 4594 σκεύε-

2130 4627 2185 4680 σί
2228 4643 2288 4680 τε
2323 4629 2419 4681 καὶ
2450 4628 2755 4698 κειμηλίοις
2787 4628 2885 4680 καὶ
2935 4629 3255 4700 ἀναθήμασι
3294 4632 3422 4695 τοὺς
3466 4632 3544 4703 τῷ
3582 4634 3713 4704 Θεῷ

2131 4720 2451 4788 ἀνειμένους
2479 4720 2662 4783 οῐκους
2698 4718 3018 4789 σεμνύνειν
3061 4721 3454 4792 περιπλείστου
3482 4724 3543 4778 δὶ
3584 4742 3713 4779 ποι-

2131 4816 2312 4868 dabat
2339 4815 2523 4884 ίερίας
2550 4830 2610 4867 τε
2643 4814 2760 4884 ἃμα
2805 4816 2903 4867 καὶ
2934 4813 3179 4882 ἀγαθοὺς
3201 4815 3425 4885 ἄνδρας,
3456 4818 3553 4870 καὶ
3575 4820 3715 4881 τοὺς

2130 4909 2370 4978 ἁρίστως
2397 4906 2832 4975 φιλοσοφοῦντας
2854 4907 3048 4975 νόμοις
3076 4906 3452 4976 Χριστιανῶν,
3486 4890 3714 4981 ἐκείνης

2128 4994 2271 5069 ἦσαν
2301 4995 2548 5068 μελέται.
2593 4997 2721 5067 ΝαὶΔ
2749 4998 2858 5067 μὴν
2894 4999 2989 5051 καὶ
3045 4999 3142 5068 τὴν
3194 4999 3494 5070 θρησκείαν
3527 5002 3713 5066 νόθοις

2128 5091 2364 5161 δόγμασι
2413 5109 2577 5144 τινων
2630 5090 2993 5160 πειρωμένων
3043 5094 3410 5165 νεωτερίζειν,
3468 5097 3563 5151 καὶ
3618 5096 3712 5151 διὰ

2129 5186 2288 5238 τοῦτο
2313 5186 2373 5239 ὲν
2406 5183 2628 5253 μεγάλῳ
2647 5182 3005 5238 καθεστῶσαν
3028 5184 3284 5257 κινδύνῳ.
3316 5187 3375 5238 ὲν
3398 5186 3478 5257 τῷ
3501 5188 3713 5261 βεσαίῳ

2135 5279 2320 5347 μένειν
2347 5276 2547 5330 ἐποίει.
2569 5276 2737 5330 Ὅθεν
2760 5277 2854 5328 καὶ
2876 5276 2939 5330 τδ
2968 5276 3043 5348 μὴ
3068 5278 3265 5348 καινὴν
3284 5278 3499 5350 αἵρεσιν
3529 5283 3716 5333 ἐπεισ-

2132 5371 2341 5438 φρῆσαι
2394 5367 2696 5439 τηνικαῦτα
2749 5371 2901 5423 αἰτία
2933 5369 3074 5439 αὕτη
3110 5369 3327 5441 μάλιστ’
3356 5372 3599 5438 ἐγένετο,
3632 5375 3713 5436 ὡς

2133 5465 2166 5533 ἡ
2196 5462 2431 5532 καθεξῆς
2490 5461 2704 5530 ἱστορία
2747 5461 3006 5526 δηλώσει.
3040 5461 3335 5534 Διαπύρως
3369 5463 3429 5517 δὲ
3455 5465 3518 5517 τὸ
3548 5467 3714 5520 Θεῐον

2133 5554 2537 5627 θρησκεύουσα,
2572 5554 2737 5624 σχολῇ
2793 5556 2848 5621 γ’
2876 5556 2946 5610 ἄν
2973 5570 3060 5618 τις
3100 5555 3410 5625 ἀριθμῆσαι
3464 5558 3711 5626 ίσχύσειε

2135 5647 2231 5699 καὶ
2260 5646 2421 5710 ὅσους
2454 5646 2643 5719 θείους.
2677 5643 2816 5708 νεὼς
2852 5646 3290 5717 μεγαλοπρεπῶς
3323 5648 3567 5718 ἡτειρεν,
3605 5652 3711 5702 ὅσα

2132 5757 2192 5791 τε
2223 5739 2546 5806 καταγώγια
2574 5740 2841 5809 θεοφιλῶν
2877 5740 3115 5811 ἀνδρῶν,
3154 5742 3247 5793 καὶ
3292 5744 3576 5804 συνοικίας
3610 5761 3711 5812 μο-

2218 5856 2293 5923 (2)
2339 5855 2460 5906 Ἐπὶ
2496 5855 2589 5907 τοῦ
2629 5856 2882 5923 μετώπου
2932 5856 3034 5924 τῆς
3073 5856 3353 5926 τραπέζης
3381 5895 3395 5919 ,
3446 5858 3498 5909 in
3538 5857 3710 5926 fronte

2141 5942 2352 5980 ttmtstt‘.
2393 5928 2609 5979 Solum.
2649 5929 2745 5980 iib.
2780 5944 2852 5993 Ix,
2884 5944 3003 5996 cap.
3042 5931 3088 5979 1.
