4006 6570
447 428 587 494 1ζῦ3

1652 423 2081 488 NICEPHORI
2116 428 2454 490 CALLlSTi

3545 427 3685 492 10⁸4

443 554 769 620 querentur,
810 544 1062 599 humanae
1100 542 1298 600 mentis
1341 550 1559 615 captum
1606 555 1737 598 eum
1780 558 2004 614 exsupe-

2116 546 2463 617 καρτερικὸς,
2515 544 2589 606 ὡς
2644 543 2888 613 ἀντέχειν
2936 541 3132 614 ῥᾳδίως
3185 543 3301 606 ταῖς
3360 543 3691 612 μεταϐολαῖς

444 656 567 698 rare
621 639 956 712 iudicarent.
1010 636 1161 693 Adeo
1214 638 1379 693 etiam
1439 636 1599 691 fortis
1647 647 1704 692 et
1752 637 2004 693 labo:um

445 730 682 801 patiens.
726 740 787 784 ut
837 727 994 784 facile
1049 727 1482 782 vicissitudinem
1532 737 1590 781 et
1645 728 2004 783 mutationem

445 833 760 891 temporum
784 819 1103 877 sustineret.
1132 831 1369 885 cumque
1390 824 1521 871 testu
1542 816 1698 885 juxta
1724 823 1780 870 et
1803 815 2006 886 frigore

441 921 809 967 concertaret.
854 910 1075 981 Jejunio
1128 908 1402 978 frequenti
1461 924 1520 962 se
1567 908 1894 975 assuefecit,
1953 918 2007 963 et

445 1006 680 1059 maxime
716 1014 912 1074 quarto
950 1001 1330 1062 hebdomadis,
1365 1009 1421 1056 et
1454 1015 1519 1055 eo
1550 1002 1644 1071 qui
1676 1001 2004 1057 Parasceres

442 1112 640 1151 nomen
677 1098 902 1152 sortitus
935 1107 1036 1158 est,
1076 1096 1186 1161 die,
1243 1093 1721 1150 Christianismum
1754 1093 1820 1148 ad
1855 1108 2004 1148 sum-

443 1203 591 1241 mum
627 1189 878 1242 excolere
926 1188 1146 1249 volens;
1188 1196 1353 1255 atque
1399 1194 1459 1239 ut
1505 1185 1626 1238 aula
1672 1185 1792 1254 ejus
1832 1184 2003 1254 impe-

440 1281 595 1333 rialis
630 1296 687 1334 re
729 1279 877 1333 nulla
905 1293 934 1332 a
963 1279 1297 1333 monasterio
1327 1277 1593 1340 differret,
1625 1275 1815 1330 sedulo
1842 1291 2004 1330 cura-

443 1374 541 1425 vit.
578 1371 729 1425 Mane
763 1385 1121 1441 consurgens,
1154 1371 1388 1442 hymnos
1422 1369 1533 1425 Deo
1566 1385 1688 1424 cum
1718 1369 2004 1425 sororibus

437 1461 664 1516 alternis
712 1460 934 1524 cecinit,
978 1471 1031 1516 et
1071 1460 1313 1530 Spiritus
1354 1458 1519 1513 verba
1548 1474 1764 1528 semper
1809 1459 1861 1513 in
1911 1474 2004 1514 ore

438 1552 648 1609 habuit.
683 1552 818 1607 Cum
851 1552 1126 1624 episcopis
1158 1565 1213 1609 et
1242 1554 1620 1610 sacerdotibus
1654 1567 2001 1621 congressus,

438 1644 703 1701 obscuros
733 1646 881 1701 locus
911 1655 966 1701 et
995 1645 1169 1700 nodos
1197 1644 1628 1716 Scripturarum,
1663 1642 1808 1698 haud
1845 1643 2004 1697 aliter

436 1751 598 1804 quant
672 1736 718 1791 si
788 1738 959 1792 sacris
1012 1736 1130 1806 ipse
1193 1736 1441 1792 initiatus
1495 1744 1663 1797 esset.
1718 1734 1999 1805 explicuit.

440 1827 734 1883 Sacrorum
798 1828 1064 1883 librorum
1132 1829 1566 1897 eorumdemque
1637 1830 1997 1896 interpretum

434 1920 904 1989 congereudorum
954 1921 1092 1975 adeo
1138 1919 1243 1975 fuit
1283 1919 1586 1984 studiosus,
1627 1927 1684 1972 ut
1729 1933 1791 1973 ea
1831 1919 1991 1973 laude
2027 1909 2066 1963 Β

436 2013 732 2067 Ptolemaeo
776 2011 1006 2068 inferior
1043 2028 1152 2067 non
1199 2021 1367 2067 esset.
1413 2011 1588 2067 Noctu
1634 2012 1715 2066 eis
1754 2010 2003 2080 legendis

435 2120 656 2173 operam
700 2105 920 2159 navavit
950 2121 968 2159 :
998 2104 1223 2159 lucerna
1266 2119 1324 2159 se
1365 2112 1562 2174 sponte
1595 2117 1715 2164 sua.
1751 2103 2003 2156 machina

437 2195 671 2265 quadam
722 2204 1000 2260 movente,
1042 2195 1259 2267 sibique
1296 2197 1399 2265 ipsi
1434 2196 1615 2250 oleum
1659 2194 2001 2261 iufundeute,

438 2296 794 2357 comparata;
832 2296 892 2343 ut
923 2302 993 2344 ne
1030 2290 1157 2360 quis
1195 2288 1571 2343 ministrorum
1602 2288 1721 2358 ejus
1760 2287 1815 2342 in
1851 2288 2003 2343 labo-

440 2381 593 2434 ribus
625 2381 894 2452 ejusmodi
945 2382 1251 2437 molestiam
1285 2382 1600 2453 quampiam
1636 2381 1866 2447 subiret,
1903 2397 2003 2436 ne-

439 2487 544 2539 que
584 2472 695 2526 vim
742 2484 953 2528 natura:
996 2488 1120 2528 cum
1164 2488 1358 2528 somno
1402 2474 1708 2530 colluctans
1750 2473 2000 2529 inferret.

437 2561 596 2615 Manu
628 2564 740 2630 ipse
764 2578 861 2616 sua
885 2562 1259 2633 pulcherrime
1288 2562 1541 2633 scripsit;
1583 2579 1644 2618 ac
1675 2562 1839 2618 multa
1866 2563 2004 2618 scri-

437 2666 652 2723 ptorum
677 2655 797 2724 ejus
819 2657 884 2708 ad
914 2652 1017 2711 hoc
1047 2669 1220 2724 usque
1251 2665 1465 2725 tempus
1492 2664 1622 2709 sunt
1653 2664 2002 2720 conservata,

436 2755 747 2815 temporum
774 2743 825 2799 vi
861 2745 1181 2815 superiora:
1208 2742 1371 2816 442
1402 2744 1696 2817 Evangelia
1720 2745 2000 2811 videlicet,

434 2847 491 2890 et
533 2836 633 2891 alia
668 2838 936 2907 quaedam.
973 2838 1158 2893 aureis
1201 2839 1431 2892 omnino
1475 2838 1677 2894 litteris
1720 2837 1999 2903 distineta,

418 2944 672 2997 quorum
708 2931 920 3003 pagina:
963 2931 1144 2989 crucis
1195 2928 1427 2984 formam
1479 2929 1741 2986 referunt.
1774 2928 1895 2997 Quo
1919 2928 2001 2985 la-

439 3024 572 3078 bore
603 3037 729 3077 eum
765 3026 888 3078 vita:
917 3033 1172 3093 sumptus
1208 3022 1485 3087 tolerasse,
1514 3018 1659 3077 fama
1691 3032 1798 3078 est.
1834 3021 2000 3078 Malo-

437 3132 559 3171 rum
611 3116 897 3171 tolerantia
941 3116 1227 3182 omuibus,
1265 3118 1543 3189 praecipue
1576 3126 1757 3173 autem
1800 3117 1896 3186 qui
1934 3130 2001 3170 eo

436 3210 660 3264 nomine
698 3210 842 3280 apud
886 3210 1105 3266 Graecos
1140 3212 1271 3266 clari
1309 3210 1485 3279 fuere,
1518 3221 1637 3283 post
1666 3227 1726 3268 se
1765 3211 1996 3275 relictis,

438 3304 631 3357 multis
670 3304 850 3358 modis
877 3318 971 3358 eos
1003 3312 1423 3374 praetergressus
1467 3313 1570 3360 est.
1612 3301 1694 3359 Illi
1727 3304 2000 3374 siquidem

437 3410 564 3448 eum
596 3396 778 3450 verbis
811 3409 871 3450 se
905 3396 1311 3465 philosophiam
1351 3395 1701 3452 exhibituros
1731 3410 1851 3451 esse
1885 3397 2003 3465 pol-

434 3489 574 3544 liciti
593 3498 796 3555 essent,
820 3503 879 3542 re
895 3488 1008 3557 ipsa
1030 3504 1147 3543 eam
1172 3493 1435 3557 praestare
1463 3489 1863 3558 nequiverunt;
1890 3489 2005 3559 ipse

435 3589 619 3634 autem
675 3578 986 3633 Aristotelis
1036 3578 1490 3649 perplexibilibus
1536 3578 1840 3637 involucris
1884 3580 2002 3633 vale

437 3673 607 3735 dicto,
639 3672 796 3725 factis
827 3670 1232 3740 pbil050phiam
1262 3672 1533 3737 exercuit,
1571 3672 1688 3738 irae,
1719 3674 1898 3729 dolori
1948 3685 2004 3731 et

438 3762 709 3833 voluptati
754 3762 1111 3816 moderando.
1153 3762 1295 3816 Iram
1336 3764 1474 3819 adeo
1509 3769 1563 3818 in
1601 3774 1872 3835 potestate
1908 3767 2004 3821 ba-

439 3854 580 3920 buit,
622 3864 680 3909 ut
720 3854 995 3911 nemiuem
1034 3870 1275 3925 unquam
1304 3870 1333 3910 a
1360 3857 1564 3927 quibus
1594 3858 1758 3913 lzesus
1786 3858 2005 3923 fuisset,

444 3945 593 4000 ultus
620 3947 712 4010 sit,
739 3960 916 4014 neque
947 3961 1072 3999 eum
1099 3946 1389 4015 quisquam
1416 3960 1833 4002 succenseuteiu
1860 3948 2007 4002 ride-

445 4038 536 4090 rit.
589 4040 765 4107 Atque
811 4037 1109 4107 aliquando
1145 4053 1211 4093 ex
1259 4038 1624 4099 familiaribus
1663 4041 1883 4097 cuidam
1919 4043 2005 4096 dio

441 4128 612 4194 renti,
645 4130 921 4183 nemiuem
972 4129 1042 4183 ab
1090 4145 1156 4183 eo
1208 4129 1433 4185 illorum
1484 4140 1661 4189 morte
1712 4133 2003 4188 multatum

442 4234 584 4284 eSse,
610 4220 701 4290 qui
734 4219 919 4291 iujurii
945 4220 996 4274 ei
1024 4219 1279 4285 fuissent,
1304 4220 1647 4291 respondens
1672 4239 1687 4277 :
1717 4240 1734 4273 ι
1760 4222 2001 4289 Utinam,

443 4308 643 4378 inquit,
683 4324 779 4363 eos
820 4310 984 4363 etiam
1035 4310 1089 4364 in
1123 4311 1290 4366 vitam
1338 4326 1599 4367 revocare
1634 4326 1873 4382 possem,
1909 4314 2003 4382 qui

436 4399 760 4471 jamdudum
818 4401 1020 4455 mortui
1079 4412 1230 4456 sunt.
1272 4421 1291 4452 ι
1351 4401 1431 4457 Ad
1483 4403 1651 4458 alium
1710 4402 2002 4473 quemdam

439 4491 637 4553 eadem.
664 4508 833 4562 prope
861 4493 1217 4561 referentem,
1249 4494 1387 4549 dixit
1414 4513 1432 4552 ;
1469 4513 1488 4547 ι
1518 4495 1666 4550 Nihil
1695 4510 1822 4551 esse
1850 4498 1999 4563 novi,

2115 638 2224 692 τῶν
2253 637 2486 707 καιρῶν,
2518 638 2612 691 καὶ
2646 638 2778 707 πρὸς
2806 638 2992 705 καῦμα
3032 635 3129 690 καὶ
3161 634 3331 707 ψῦχος
3358 636 3683 705 διαγωνίζε-

2120 728 2269 793 σθαι,
2298 728 2367 781 τὰ
2401 727 2570 780 πολλά
2592 744 2649 778 τε
2676 726 2958 795 νηστεύειν
2981 726 3278 796 αἱρεῖσθαι,
3309 728 3405 781 καὶ
3446 727 3689 796 μάλιστα

2112 822 2179 889 τῇ
2205 819 2459 889 Τετράδι,
2492 818 2647 889 καὶῆ
2703 819 3037 890 Παρασκευὴ
3085 819 3259 887 ὕνομα
3304 820 3665 889 ἐκληρώσατο

2115 911 2299 980 ἄκρως
2353 909 2762 981 Χριστιανίζειν
2810 904 3035 966 ἐθέλων.
3084 911 3163 964 Τά
3227 912 3284 964 δέ
3311 926 3375 978 γε
3429 910 3673 979 βασίλεια

2116 1000 2241 1055 κατ’
2289 1002 2441 1055 οὐδὲν
2484 1002 2766 1073 διαφέρειν
2804 1002 3141 1073 ἁσκητηρίου
3198 1003 3681 1071 παρεσκευάσατο.

2114 1093 2226 1146 Καὶ
2256 1092 2320 1162 δὴ
2351 1092 2449 1145 σὺν
2477 1096 2595 1157 ταῖς
2625 1094 2884 1162 ἀδελφαῖς
2926 1094 3220 1165 ὀρθρίζων,
3278 1093 3484 1161 ὕμνους
3527 1096 3682 1147 ἀντι·

2114 1182 2327 1251 φώνους
2359 1184 2515 1255 ίξῇδε
2546 1184 2699 1254 Θεῷ·
2739 1187 2832 1239 καὶ
2866 1186 2932 1239 τὰ
2971 1185 3067 1238 τοῦ
3107 1186 3429 1254 [Ινεύματος
3456 1187 3678 1262 ῥήματα

2112 1274 2207 1330 ἐπὶ
2234 1277 2409 1346 στόμα
2437 1279 2621 1349 φέρων
2646 1274 2795 1348 εἶχεν
2845 1279 2955 1334 ἀεί.
3006 1280 3130 1340 Τοῖς
3159 1280 3202 1331 δ’
3235 1280 3565 1344 ἐπισκόποις
3591 1283 3676 1333 ὲν-

2110 1369 2395 1439 τυγχάνων
2425 1373 2517 1424 καὶ
2552 1370 2779 1439 ἱερεῦσι,
2814 1372 2880 1426 τά
2912 1375 3086 1441 γρίφα
3117 1373 3226 1427 τῶν
3251 1371 3489 1442 Γραφῶν
3518 1374 3681 1442 διηρ-

2114 1461 2371 1532 μήνευεν,
2402 1464 2497 1517 ire
2521 1462 2587 1534 δὴ
2621 1464 2801 1535 ίερεύς
2826 1464 3128 1525 καθεστώς.
3175 1462 3298 1517 Ἐπὶ
3323 1463 3480 1517 τόσον
3500 1464 3559 1517 δὲ
3583 1464 3677 1518 καὶ

2109 1553 2204 1614 τὰς
2235 1554 2386 1621 ἱερὰς
2409 1554 2613 1624 συνῆγε
2644 1554 2863 1625 βίϐλους
2896 1556 2992 1608 καὶ
3020 1556 3147 1618 τούς
3179 1555 3360 1608 αὐτῶν
3387 1556 3677 1625 ἐρμ.ηνεῖ-,

2110 1641 2185 1705 ὠς
2205 1644 2305 1712 οὐχ
2332 1638 2547 1715 ἦττονῆ
2582 1645 2917 1715 Πτολεμαῖος
2948 1648 3174 1709 ἐκεῖνος.
3217 1646 3431 1700 Ἐπόνει
3460 1647 3518 1699 δὲ
3549 1648 3678 1717 περὶ

2108 1736 2316 1799 ταύτας
2361 1736 2606 1808 νύκτωρ,
2675 1739 2869 1807 λύχνον
2922 1740 2986 1791 ὲκ
3039 1738 3290 1808 μηχανῆς
3345 1754 3684 1792 κατεσκευα·

2112 1828 2313 1897 σμένος
2333 1828 2664 1897 αὐτόματον,
2682 1831 2748 1899 τῇ
2770 1827 3053 1901 θρυαλλίδι
3081 1829 3332 1882 τούλαιον
3355 1828 3679 1898 ἐπιχέονταο

2107 1920 2182 1982 ὡς
2221 1917 2290 1972 ἂν
2328 1922 2400 1990 μή
2435 1936 2521 1984 τις
2552 1920 2661 1973 τῶν
2696 1920 3158 1991 ὑπηρετουμένων
3184 1922 3297 1982 τοίς
3340 1920 3555 1974 ἐκείνου
3583 1919 3683 1972 πό-

2106 2027 2218 2072 νοις
2249 2010 2621 2080 ταλαιπωρεῖν
2650 2011 3041 2080 ἀναγκάζοιτο,
3092 2015 3189 2067 καὶ
3216 2012 3316 2080 τὴν
3350 2011 3524 2079 φύσιν
3563 2011 3686 2081 βιά-

2107 2097 2270 2171 ζηται
2320 2104 2458 2172 πρὸς
2505 2103 2598 2156 τὸν
2642 2102 2811 2157 ὕπνον
2856 2104 3286 2175 διαμαχόμενος.
3319 2102 3570 2173 Ἐγραφε
3624 2102 3679 2156 δὲ

2104 2191 2201 2243 καὶ
2237 2192 2314 2255 εἰς
2346 2192 2547 2255 κάλλος
2575 2190 2838 2257 ἐξαίσιον,
2866 2191 2941 2256 ὡς
2968 2194 3062 2246 καὶ
3091 2194 3148 2256 ἐς
3177 2192 3343 2263 δεῦρο
3383 2191 3559 2245 πολλὰ
3582 2193 3679 2262 τῆς

2106 2264 2540 2354 ἑκείνου’χειρὸς
2584 2283 2974 2351 διασώζεσθαι,
3006 2284 3107 2356 τὴν
3140 2283 3236 2336 τοῦ
3291 2284 3488 2356 χρόνου
3518 2286 3678 2353 φύσιν

2105 2374 2552 2445 ὐπερνικήσαντα
2577 2390 2591 2407 ·
2629 2374 2948 2441 Εὐαγγέλια
2993 2374 3090 2428 καὶ
3117 2373 3235 2430 ἀλλ’
3284 2375 3422 2427 ἄττα
3456 2374 3678 2445 χρυσοῖς

2105 2469 2514 2537 κατεστιγμένα
2548 2468 2729 2521 διόλου
2782 2469 2899 2530 τοῖς
2956 2467 3313 2537 γράμμασιν,
3346 2470 3405 2522 ἑν
3440 2466 3678 2538 σταυροί

2108 2560 2346 2629 σχήματι
2375 2561 2475 2623 τὰς
2525 2560 2738 2624 σελίδας
2787 2559 2898 2614 τῶν
2948 2559 3316 2629 γραφομένων
3373 2560 3678 2614 διατυπιῖη.

2119 2650 2209 2715 Ἐξ
2232 2644 2307 2705 ὢν
2325 2649 2485 2719 λόγος
2515 2653 2698 2716 πόνοις
2732 2652 2884 2716 ίδίοις
2920 2652 3016 2720 καὶ
3045 2650 3106 2704 τὸ
3134 2649 3236 2721 ζῇν
3259 2650 3679 2721 ἐκπορίζεσθαι.

2090 2818 2093 2819 ν
2118 2741 2462 2815 ’Δνεξικακίᾳ
2486 2744 2542 2797 δὲ
2569 2744 2778 2808 πάντας
2807 2743 3035 2813 θέμενος
3058 2744 3116 2797 ὲν
3141 2743 3402 2814 δευτέρῳ,
3437 2743 3677 2813 μάλιστα

2104 2835 2232 2900 τούς
2281 2838 2411 2905 παρ’
2460 2836 2725 2907 Ἕλλησιν
2764 2836 3091 2905 εὐδοκίμους
3142 2836 3327 2907 πολλῷ
3346 2836 3428 2907 τῷ
3489 2839 3678 2907 μέτρῳ

2105 2931 2480 3001 παρήνεγκεν.
2537 2930 2599 2983 Οί
2657 2929 2756 3000 μὲν
2810 2930 2920 2999 γὰρ
2984 2930 3166 2998 λόγοις
3211 2930 3679 2999 ιπαγγειλάμενοι

2106 3022 2445 3093 φιλοσοφεῖν,
2477 3021 2547 3075 δι’
2576 3021 2742 3092 ιργου
2767 3021 2927 3076 τοῦτο
2957 3022 3130 3086 δεῖξαι
3147 3022 3248 3075 οὐκ
3277 3022 3544 3094 ἴσχυσαν*
3570 3022 3601 3073 ὁ
3623 3024 3679 3074 δὲ

2102 3119 2224 3181 ταῖς
2263 3116 2672 3189 Ἀριστοτέλους
2729 3115 3060 3178 πλεκτάναις
3090 3116 3304 3187 χαίρειν
3354 3114 3548 3180 είπὼν,
3581 3115 3677 3182 τὴν

2103 3210 2169 3262 δι’
2195 3209 2375 3279 ἔργων
2423 3209 2748 3279 φιλοσοφίαν
2780 3211 3027 3279 ἠσκεῖτο,
3060 3212 3120 3261 ὲν
3161 3208 3242 3276 τῷ
3283 3208 3453 3279 ὀργῆς
3488 3224 3550 3260 τε
3584 3210 3679 3259 καὶ

2105 3303 2285 3373 λύπης
2316 3303 2413 3355 καὶ
2436 3300 2634 3371 ἡδονῆς
2671 3302 2915 3370 κρατεῖν.
2956 3300 3077 3353 Ἐπὶ
3136 3299 3296 3353 τόσον
3349 3300 3459 3370 γὰρ
3502 3300 3681 3367 ὀργῆς

2104 3395 2379 3467 ἐγκρατὴς
2419 3395 2657 3466 μάλιστα
2686 3389 2776 3466 ἦν,
2814 3394 2891 3459 ὼς
2942 3393 3149 3464 μηδένα
3200 3392 3332 3448 ποτὶ
3359 3394 3472 3447 τῶν
3520 3392 3673 3446 λελυ-

2107 3489 2363 3560 πηκότων
2398 3486 2618 3540 ἑλέσθαι
2666 3486 3004 3557 ἀμύνασθαι,
3056 3487 3153 3540 καὶ
3199 3485 3338 3556 μηδι
3381 3502 3506 3539 τινα
3542 3486 3679 3539 ίδεῖν

2107 3597 2237 3633 ποτε
2273 3580 2441 3634 αὐτὸν
2466 3579 2848 3651 ὀργιζόμενον.
2884 3578 2997 3633 Καὶ
3020 3576 3085 3649 δή
3110 3594 3258 3643 τινος
3282 3579 3392 3631 τῶν
3421 3578 3678 3647 συνήθων

2106 3672 2399 3742 ἐρομένου,
2450 3673 2531 3726 ὅτι
2567 3673 2641 3743 μή
2684 3689 2811 3727 τινα
2874 3671 2983 3724 τῶν
3039 3670 3375 3726 ἀδικούντων
3440 3671 3678 3741 ἐζημίου

2106 3764 2345 3836 θανάτῳ,
2375 3765 2714 3819 ὑπολαϐόντα
2745 3764 2943 3832 είπεῖν,
2983 3782 3003 3817 r
3044 3763 3168 3819 Εἴθε
3201 3783 3291 3833 μοι
3323 3766 3460 3834 πρὸς
3488 3766 3681 3835 ἰσχύος

2105 3852 2174 3928 ἦν
2204 3859 2283 3921 είς
2303 3856 2451 3929 ζωὴν
2476 3858 2772 3922 ἐπανάγειν
2803 3857 3008 3928 μᾶλλον
3040 3860 3136 3911 καὶ
3179 3856 3304 3921 τοὺς
3338 3858 3515 3912 πάλαι
3544 3860 3681 3911 ποτὲ

2104 3950 2542 4019 τελευτήσαντας
2565 3965 2581 3982 ο
2616 3967 2635 4001 ι
2670 3952 2760 4003 καὶ
2794 3951 2932 4021 πρὸς
2963 3951 3155 4022 ἕτερον
3182 3950 3252 4004 τὰ
3276 3950 3367 4005 [ea
3391 3952 3679 4021 ἐρόμενον,

2113 4061 2132 4095 ι
2165 4042 2358 4107 υύδὲν,
2389 4038 2536 4108 εἷπε,
2590 4044 2778 4097 καινὸν
2830 4042 3120 4114 ἄνθρωπον
3161 4042 3293 4096 ὄντα
3347 4041 3679 4097 άποδιῶναι.

2107 4136 2248 4190 Θεοῦ
2285 4136 2330 4189 δ’
2362 4137 2429 4190 ἂν
2454 4137 2540 4206 εἴη
2572 4136 2734 4206 μόνου
2763 4134 2856 4188 τίον
2882 4135 3031 4201 ἅπαξ
3062 4134 3294 4189 θανόντα
3321 4138 3389 4205 τῇ
3416 4136 3685 4205 μετανοίᾳ

2105 4227 2574 4283 ἀνακαλέσασθαι.
2613 4244 2632 4278 ι
2654 4226 2777 4280 Ἐπὶ
2807 4227 2968 4281 τόσον
3000 4227 3057 4281 δδ
3083 4225 3245 4281 τοῦτο
3273 4226 3426 4296 αὐτῷ
3454 4226 3682 4297 κατώρ-

2107 4318 2299 4384 θωται,
2327 4317 2400 4379 ὡς
2436 4318 2487 4370 εί
2516 4318 2608 4371 καί
2650 4333 2781 4370 ποτε
2806 4316 3004 4388 συνέϐη
3032 4317 3153 4371 τινὰ
3179 4317 3485 4388 κεφαλικῆς
3507 4335 3680 4386 τιμω-

2109 4411 2233 4481 ρίας
2287 4410 2415 4477 ἄξια
2451 4410 2870 4481 πλημμελῆσαί,
2929 4411 3129 4464 οὐδ’ἐν
3177 4413 3300 4474 ταῖς
3340 4410 3542 4474 πύλαις
3573 4410 3681 4481 τῆς

2109 4503 2321 4566 πόλεως
2369 4503 2602 4571 ἔφθανεν
2650 4504 2683 4572 ὴ
2718 4502 2995 4570 ἀπόφασις
3023 4518 3038 4532 ·
3070 4500 3165 4554 καὶ
3206 4502 3266 4555 τὸ
3291 4501 3678 4572 φιλάνθρωπον

440 4584 485 4638 si
518 4584 643 4653 quis
688 4584 853 4639 homo
895 4600 1019 4639 cum
1051 4588 1144 4653 sit,
1178 4602 1209 4641 e
1245 4587 1355 4640 vita
1391 4572 1641 4642 excedat.
1677 4588 1855 4644 Unius
1900 4604 1999 4642 au-

2107 4594 2268 4658 εὐθὺς
2297 4593 2507 4649 εἵπετο.
2560 4595 2814 4665 κυνήγια
2856 4593 2917 4646 δέ
2966 4609 3071 4645 που
3104 4595 3165 4646 ἑν
3191 4591 3271 4663 τῷ
3312 4592 3678 4664 ἀμφιθεάτρῳ

442 4689 549 4731 tem
597 4675 693 4731 Dei
740 4691 897 4742 esse,
948 4693 1072 4731 eum
1121 4679 1215 4747 qui
1261 4680 1431 4734 semel
1480 4689 1731 4736 mortuus
1777 4681 1869 4748 sit,
1907 4696 2004 4749 p.-r

440 4768 819 4839 paenitentiam
879 4767 945 4822 ad
1006 4770 1173 4823 vitam
1226 4785 1507 4826 revocare.
1556 4789 1575 4822 ι
1633 4770 1816 4841 Usque
1868 4771 2005 4826 adeo

439 4875 621 4917 autem
670 4862 932 4916 virtutem
982 4864 1121 4918 haue
1165 4863 1356 4929 coluit,
1391 4873 1446 4917 ut
1494 4864 1540 4919 si
1587 4867 1807 4935 quando
1853 4868 2005 4937 quis-

442 4954 584 5024 piam
616 4953 850 5023 capitale
885 4953 1099 5007 crimen
1128 4953 1466 5020 admisisset,
1500 4970 1677 5025 neque
1707 4972 1834 5011 eum
1869 4972 2003 5013 con-

444 5046 810 5102 demnatiouis
842 5046 1116 5099 sententia
1149 5061 1320 5114 usque
1359 5044 1427 5100 ad
1461 5046 1615 5102 urbis
1650 5058 1838 5116 portas
1876 5062 2007 5118 pro-

441 5139 707 5204 duxisset,
744 5141 931 5194 statim
970 5153 1100 5192 eum
1143 5138 1518 5195 misericordia
1548 5149 2002 5209 prosequeretur.

437 5233 657 5288 Etcum
692 5232 986 5302 aliquando
1008 5231 1477 5301 Constantinopoli
1512 5232 1569 5286 in
1600 5233 2007 5302 amphitheatro

443 5326 753 5382 venationis
780 5325 1149 5396 spectaculum
1175 5326 1465 5395 przeberct,
1484 5338 1539 5380 et
1562 5334 1793 5396 poputus
1831 5328 2008 5381 excla-

440 5428 638 5484 maret,
655 5419 919 5475 adversus
936 5434 1153 5491 gravem
1177 5419 1348 5473 feram
1367 5434 1691 5489 generosum
1712 5420 2002 5490 quemdam

442 5512 891 5585 periclitatorem,
923 5512 1016 5581 qui
1044 5526 1171 5565 cum
1202 5525 1267 5565 ea
1306 5511 1751 5580 congrederetur,
1786 5512 2007 5566 mitten-

441 5607 573 5660 dum
601 5618 723 5659 esse
752 5621 766 5657 :
798 5621 816 5655 ι
843 5604 925 5657 Au
949 5604 1195 5668 nescitis,
1229 5602 1429 5672 inquit,
1455 5619 1556 5658 nos
1582 5604 2004 5659 humanioribus

442 5696 775 5769 spectaculis
801 5695 1066 5750 delectari
1102 5696 1318 5750 solere?
1349 5714 1366 5748 ι
1402 5697 1470 5750 Ει
1510 5696 1771 5765 deinceps
1814 5698 2007 5751 Imma-

442 5788 690 5844 nioribus
730 5789 917 5844 itidem
966 5788 1230 5858 populum
1276 5789 1609 5857 spectacnlis
1665 5789 1744 5843 uti
1797 5788 2003 5845 docuit.

440 5880 722 5952 lleiigione
766 5887 915 5938 tanta
964 5893 1086 5935 cum
1134 5880 1435 5935 sinceriore
1481 5880 1685 5950 pietate
1729 5895 1862 5936 usus
1896 5892 2002 5947 est,

2105 4688 2206 4756 τῆς
2257 4686 2669 4740 Κωνσταντίνου
2719 4685 2930 4747 πόλεως
2983 4683 3360 4749 ἐπιτελοῦντος
3412 4685 3621 4750 αὐτοῦ,
3653 4689 3682 4740 ό

2105 4780 2277 4850 δῆμος
2300 4780 2560 4843 κατεϐόα,
2584 4778 2744 4849 δεινῷ
2773 4779 2949 4851 θηρίῳ
2976 4778 3072 4830 ἕνα
3101 4778 3212 4831 τῶν
3248 4778 3466 4846 εὐφυῶν
3492 4795 3681 4849 παραο

2107 4872 2282 4926 δόλων
2310 4871 2601 4942 μάχεσθαι.
2640 4870 2702 4924 ’0
2730 4870 2787 4924 δὲ
2840 4872 2978 4942 πρὸς
3007 4870 3226 4935 αὐτοὺς,
3262 4888 3281 4920 ι
3322 4871 3439 4923 Οὐκ
3467 4870 3679 4939 οἴδατε,

2106 4961 2234 5031 ἔφη,
2262 4962 2343 5014 ὅτι
2381 4964 2535 5031 ἡμεῖς
2583 4959 2987 5029 φιλανθρώπως
3022 4958 3310 5028 εἰθίσμεθα
3343 4961 3612 5030 θεωρεῖίς
3656 4980 3676 5011 ι

2104 5052 2468 5122 Φιλάνθρωπα
2498 5051 2672 5105 δὲκαὶ
2711 5051 2806 5103 τὸν
2830 5050 3005 5119 δῆμον
3034 5049 3264 5121 θεωρεῖν
3304 5049 3677 5115 ἐξεπαίδευεν.

2109 5146 2381 5216 Ειλαὸεία
2423 5142 2479 5197 δὲ
2515 5144 2755 5216 τοσαύτῃ
2792 5144 2912 5213 μετ’
2956 5142 3238 5208 εὐσεϐείας
3282 5145 3571 5215 ἐκέχρητο,
3603 5148 3681 5207 ὠς

2108 5239 2315 5298 πάντας
2375 5235 2477 5306 μὲν
2518 5234 2654 5287 Θεοῦ
2710 5235 2895 5305 ἱερέας
2945 5236 3137 5303 τιμᾷν,
3176 5234 3417 5303 μάλιστα
3464 5235 3545 5297 δὲ,
3583 5232 3679 5296 οὓς

2107 5326 2378 5395 ἐμάνθανε
2408 5324 2700 5394 σεμνότητι
2752 5323 2867 5395 βίου
2900 5323 3248 5392 διαπρεπεῖς.
3278 5323 3388 5376 Καί
3415 5340 3478 5392 γε
3522 5324 3679 5391 λόγος

2105 5419 2202 5472 ἕνα
2239 5419 2349 5471 τῶν
2379 5417 2699 5469 ἐπισκόπων
2727 5415 3136 5479 άποϐιώσαντα,
3169 5416 3228 5478 ὂς
3277 5415 3499 5483 ἐλέγετο
3533 5418 3678 5484 μάλα

2108 5505 2250 5563 εἶναι
2273 5509 2681 5581 κεχαρισμένος
2705 5508 2847 5576 Θεῷ,
2878 5508 2940 5561 τὸ
2968 5510 3181 5561 ἐκείνου
3217 5508 3404 5575 σάγιον
3433 5508 3675 5576 αίτῆσαι,

2108 5600 2289 5668 πολλῷ
2328 5600 2489 5670 ῥύπῳ
2514 5600 2993 5669 συγκεχωσμένον,
3043 5600 3137 5651 καὶ
3168 5598 3427 5651 ὑποκάτω
3455 5598 3552 5666 τῆς
3584 5598 3676 5665 βα-

2109 5692 2320 5759 σιλικῆς
2349 5692 2625 5762 χλαμύδος
2657 5694 2863 5762 φορεῖν,
2891 5690 3110 5755 εὔελπις
3139 5689 3236 5755 ὢν,
3262 5689 3337 5754 ὥς
3367 5708 3415 5742 τι
3446 5689 3675 5759 θηράσοι

2106 5786 2204 5854 τῆς
2238 5785 2462 5849 ἐνούσης
2512 5787 2701 5855 τάνδρὶ
2759 5787 3077 5856 ἁγνότητος.
3124 5787 3234 5840 Καὶ
3288 5786 3579 5855 χειμερίας
3621 5783 3676 5836 δέ

2111 5899 2242 5939 ποτε
2273 5882 2479 5953 σφόδρα
2514 5883 2610 5947 er;
2665 5882 2814 5956 ἄκρας
2853 5882 3246 5953 γεγενημέης,
3294 5879 3454 5942 am;
3481 5879 3548 5931 τά
3580 5894 3673 5931 συ·-
