3930 6538
246 378 386 443 ιοδδ

1144 366 1747 432 ΕΕΕΕΕΞΙΑΞΤΙΟᾸΞ
1787 363 2179 425 HISTORIA!
2219 362 2366 424 LIB.
2411 362 2567 423 XIV.

3352 348 3490 419 tono
3570 302 3575 307 ”

246 493 384 562 νήθη
412 486 490 557 τῷ
529 482 764 552 Ἱππικῷ
792 481 1058 544 ἐπετέλει,
1092 480 1160 532 τά
1180 480 1413 531 εἱωθίτα
1452 478 1708 545 πράττων
1741 475 1819 546 τῷ

1946 482 1987 523 ιι
2022 469 2337 524 sacerdotes
2381 482 2570 521 omnes
2609 464 2856 536 apprintc
2900 465 3216 526 Itonorarct,
3258 466 3492 519 maxime

246 589 423 653 ὀηομῳ.
461 580 551 642 Ὠς
599 578 642 631 δ’
670 577 948 630 ὲπιπλείον
994 575 1021 626 ὁ
1074 572 1283 643 χειμὼν
1338 570 1685 642 κατερράγη,
1719 568 1816 638 τὴν

242 677 452 730 οἰκείαν
479 671 708 743 γνώμην
766 671 913 731 ὅπως
949 667 1077 737 περὶ
1115 667 1175 720 τὸ
1210 667 1366 719 Θείον
1412 665 1524 734 ἔχει
1556 662 1813 733 σχέσεως,

248 770 591 838 έ-νπεγύμνου,
652 762 740 818 διὰ
786 763 893 823 τῶν
945 762 1206 831 κηρύκων
1256 761 1332 827 τῷ
1365 757 1477 827 λαῴ
1536 752 1812 809 ἐπειπών·

250 865 311 912 Ἀ
325 877 508 930 μεινον
530 856 671 910 εἶναι
694 856 793 926 τὴν
818 855 948 907 θέαν
977 852 1440 921 παρωσαμένους,
1466 849 1626 900 ἵλεων
1649 846 1819 915 πράτ-

245 970 360 1006 τειν
391 951 545 1013 Θεὸν,
579 947 707 1002 ὥστ’
744 946 1111 1001 ἀπαλλάττειν
1141 944 1289 1014 ἡμᾶς
1341 941 1435 994 τοῦ
1485 939 1580 991 νῦν
1613 941 1819 990 ὲπκει·

252 1047 415 1114 μένου
443 1040 782 1096 δεινοῦ.,Καὶ
830 1037 986 1091 τοῦτο
1024 1037 1125 1105 μὲν
1159 1035 1319 1095 εὐθὺς
1365 1031 1443 1093 είς
1495 1029 1658 1099 ἔργον
1701 1027 1818 1092 ἐξέ-

246 1139 443 1187 ϐαινε·
482 1135 578 1185 καὶ
635 1130 916 1202 προῄεσαν
976 1118 1371 1187 λιτανεύοντες,
1443 1121 1645 1192 ὕμνους
1701 1118 1820 1188 Θεῷ

245 1227 694 1294 ἀναπέμποντες,
732 1225 824 1274 καὶ
861 1220 958 1288 μία
1006 1219 1272 1286 ἐκκλησία
1305 1214 1596 1287 σύμφωνος
1625 1213 1822 1284 ἀθρόον

248 1321 282 1386 ἡ
322 1316 475 1379 πόλις
507 1316 736 1382 ἐγίνετο.
766 1313 938 1375 Αὐτδις
973 1310 1020 1363 δ’
1044 1312 1254 1372 ἐκεῖνος
1292 1310 1459 1377 μέσος
1492 1308 1690 1377 ἐξῆρχε
1716 1306 1822 1359 τῶν

258 1410 475 1478 ὓμνων,
514 1408 569 1459 ὲν
629 1406 842 1457 ἰδιώτου
898 1403 1140 1474 σχήματι
1186 1401 1553 1470 πορευόμενος
1580 1419 1591 1431 ν
1624 1400 1824 1471 ἥκιστα

245 1501 305 1552 δὲ
365 1499 464 1569 τῆς
511 1496 843 1563 προσδοκίας
882 1496 1219 1565 ἡμάρτανεν.
1281 1493 1458 1558 Εὐθὺς
1518 1495 1616 1563 μὲν
1648 1495 1760 1564 γὰρ
1792 1495 1821 1546 ό

245 1589 360 1659 ἀὴρ
396 1588 533 1656 πρὸς
582 1588 644 1639 τὸ
684 1584 1074 1650 εὐδιεινότερον
1105 1580 1503 1652 μετεϐάλλετοσ
1534 1579 1623 1633 καὶ
1654 1578 1821 1649 πολλή

245 1697 334 1738 τις
390 1678 649 1747 εὐετηρία
681 1676 904 1747 ἐκράτει
952 1678 1066 1737 τοίς
1124 1673 1412 1744 σύμπασιν
1442 1675 1509 1726 ὲκ
1553 1669 1823 1731 σιτοδεία;

250 1773 407 1843 μάλα
441 1769 662 1840 πολλῆς.
707 1770 846 1821 [lact
880 1769 978 1837 μὲν
1000 1765 1115 1833 οὖν,
1148 1769 1223 1831 ὼς
1256 1767 1454 1830 εἰπεῖν,
1484 1765 1827 1832 ἐκεκόσμητο

1928 579 2057 618 vero
2096 578 2236 633 quos
2277 560 2566 615 sanctitate
2607 559 2730 612 vitae
2764 559 2977 612 enitere
3022 557 3389 626 cogitavisset.
3427 556 3494 610 Et.

1924 671 2049 708 cuttt
2096 669 2162 707 ex
2210 652 2488 722 episcopis
2533 650 2778 725 quidam,
2812 649 2903 718 qtti
2941 651 3048 703 Deo
3090 649 3292 703 cltartts
3327 648 3493 701 fuisse

1926 747 2343 818 perltibebatur,
2400 744 2544 798 diem
2600 757 2760 797 suum
2806 742 3057 805 obiisset,
3108 757 3293 810 sagum
3344 740 3492 795 illius

1926 839 2179 908 squalore
2214 835 2384 889 multo
2416 835 2709 896 imbutum,
2732 848 2858 888 eum
2901 835 3220 902 peliisse,et
3252 835 3355 887 sub
3394 833 3495 886 int-

1927 929 2119 1000 periali
2165 926 2459 998 chlamyde
2497 937 2741 997 gestasse
2772 926 2964 980 dicunt
2996 944 3010 980 :
3043 926 3188 996 quod
3224 927 3364 981 bona
3400 942 3496 995 spe

1928 1032 2097 1085 esset,
2129 1034 2186 1074 se
2216 1018 2424 1087 aliquid
2461 1018 2527 1072 de
2557 1018 2658 1071 viri
2688 1017 2810 1087 ejus
2836 1019 3142 1073 imitatione
3168 1027 3500 1073 consecutu-

1931 1128 2077 1166 rum.
2110 1110 2351 1181 Longior
2384 1110 2680 1179 aliquando
2714 1110 2968 1181 pluvialis
3001 1120 3294 1179 tempestas
3327 1111 3463 1163 exsti
3484 1141 3495 1149 -

1933 1206 2015 1267 tit.
2053 1214 2107 1259 et
2151 1205 2266 1274 ipse
2312 1204 2507 1259 solitos
2538 1202 2831 1258 Circenses
2886 1204 3046 1258 ludos
3094 1203 3298 1273 pepulo
3348 1219 3500 1255 ntorc

1932 1307 2156 1365 recepto
2194 1297 2514 1367 gratiﬁcans
2563 1296 2832 1350 exhibuit.
2867 1298 3003 1350 Cum
3046 1312 3178 1350 vero
3220 1298 3503 1348 uteriorcs

1930 1390 2095 1442 etiam
2141 1389 2458 1443 deciderent
2494 1388 2724 1452 imbres,
2761 1390 2836 1442 ibi
2875 1400 2987 1443 tum
3023 1389 3293 1456 egregiam
3343 1405 3499 1441 suam

1931 1498 2056 1551 erga
2116 1481 2286 1534 Deum
2339 1482 2601 1550 pietatem
2658 1482 2978 1545 declaravit,
3010 1480 3170 1551 443
3226 1497 3320 1549 per
3369 1497 3505 1549 prm-

1934 1587 2101 1628 cones
2162 1575 2368 1645 populo
2428 1573 2739 1628 dettuntiari
2796 1576 3035 1644 jubens,
3098 1574 3504 1628 conducibilius

1935 1666 2191 1720 videlicet
2224 1682 2370 1731 esse,
2405 1673 2464 1719 ut
2503 1667 2820 1737 spectaculo
2863 1666 3175 1738 repudiato,
3206 1668 3375 1722 Deum
3408 1667 3501 1735 qui

1936 1761 2190 1830 praesenti
2228 1761 2541 1815 calamitate
2574 1772 2670 1812 eos
2701 1759 2991 1820 liberaret,
3022 1758 3280 1827 precibus
3324 1759 3505 1825 placa-

246 1865 367 1923 τοίς
433 1861 651 1923 καλοῖςε
697 1859 796 1929 οὐχ
848 1860 1051 1927 ἥκιστα
1096 1857 1154 1910 δὲ
1218 1855 1597 1926 φιλανθρωπία
1640 1852 1829 1906 τοῦτον

1942 1863 2073 1906 rent.
2111 1852 2161 1905 Id
2195 1854 2340 1922 quod
2381 1852 2677 1907 confestim
2713 1860 2797 1907 cst
2841 1849 3069 1904 factum.
3106 1849 3317 1904 Litania
3352 1851 3509 1904 insti-

248 1948 484 2018 ἐκόσμει
528 1950 623 2001 καὶ
658 1946 904 2015 πραότης
938 1947 1034 1997 καὶ
1078 1944 1286 2015 γαλήνη
1337 1942 1519 2011 ψυχῆς
1565 1941 1734 2009 ζάλην
1764 1938 1825 1991 οὐ

246 2039 523 2109 δεχομένη
544 2054 560 2070 ·
592 2038 671 2091 ἐτι
699 2038 755 2089 δὲ
788 2038 971 2100 πίστις
998 2035 1315 2107 ἀκραιφνὴς
1344 2051 1403 2087 τε
1463 2034 1561 2086 xui.
1607 2033 1829 2101 δόκιμος

249 2130 375 2200 μετ’
426 2128 715 2190 εὐλαόείας
766 2127 1162 2197 ἀνυποκρίτου,
1196 2125 1273 2188 ὡς
1319 2122 1577 2177 ἐντεῦθεν
1618 2136 1829 2192 τεκμη-

251 2222 561 2292 ριώσασθαι
595 2220 837 2286 ἕξεστιν.-
866 2221 1032 2290 ’Λνὴρ
1085 2220 1190 2286 γάρ
1224 2237 1308 2282 τις
1357 2218 1448 2270 τὸν
1484 2218 1692 2286 τραχὺν
1738 2212 1876 2265 καὶδ

248 2316 520 2370 ἐπίπονον
552 2315 646 2385 τῆς
695 2314 897 2384 ἀρετῆς
936 2310 1136 2382 μετιὼν
1167 2312 1303 2381 βίον,
1366 2310 1592 2364 αὐθάδει
1634 2308 1831 2377 γνώμῃ

251 2412 515 2481 πρόσεισι
567 2408 740 2476 τούτῳ
774 2407 903 2479 περί
940 2425 1032 2459 του
1089 2406 1447 2475 δεησόμενος.
1487 2406 1578 2466 Ὠς
1611 2403 1666 2457 δὲ
1700 2404 1830 2455 πολ-

250 2503 417 2564 λάκις
438 2503 636 2571 πεῖραν
668 2500 1039 2572 προσαγαγὼν
1073 2499 1419 2567 ἀπετύγχανε
1455 2496 1547 2550 τοῦ
1599 2496 1833 2565 αἰτήμα-

250 2611 370 2656 τος,
403 2594 624 2665 δεσμοῖς
660 2593 838 2661 ὑπῆγε
867 2592 961 2645 τὸν
990 2591 1297 2662 κρατοῦντα
1328 2588 1834 2657 ὲκκ).ησιαστικοῖ;,

250 2686 356 2757 τῆς
416 2684 697 2747 κοινωνίας
756 2685 989 2753 ἑπέχων.
1060 2683 1216 2743 Ἐπείι
1264 2680 1310 2734 δ’
1348 2682 1428 2743 εἰς
1474 2680 1541 2732 τά
1592 2678 1836 2747 βασίλεια

255 2775 439 2848 ᾤχετο
494 2776 767 2845 βασιλεὺς,
796 2776 1000 2845 εὐωχίᾳ
1026 2791 1084 2827 τε
1116 2773 1434 2843 προύκειτο,
1458 2774 1551 2824 καὶ
1572 2772 1685 2823 ὅσοι
1713 2786 1840 2822 συσ-

256 2871 432 2923 σιτεῖν
450 2867 677 2936 ἔμελλον
706 2866 819 2937 ήδη
838 2867 1117 2937 παρῆσαν,
1132 2863 1330 2918 οὐδείν
1356 2865 1536 2936 ἔκρινε
1570 2864 1701 2941 πρὶχ
1730 2864 1839 2917 τῶν

257 2962 634 3029 ἐπικειμένων
686 2960 918 3028 λυθῆναι
968 2959 1208 3028 δεσμῶν,
1257 2957 1464 3027 τροφῆς
1499 2956 1792 3025 μετασχεῖν
1821 2970 1836 2987 ο

258 3053 359 3104 καί
386 3052 463 3121 τῷ
495 3053 593 3121 τῆς
628 3049 1045 3103 Κωνσταντίνου
1084 3049 1338 3119 ἀρχιερεῖ
1370 3048 1478 3100 τῶν
1514 3063 1637 3100 τινα
1670 3046 1839 3117 θέρα-

1935 1955 2049 1999 tttta
2080 1954 2162 1999 est
2198 1962 2211 1999 :
2246 1945 2618 2016 supplicantes
2641 1959 2978 2008 processere,
3004 1943 3195 1997 laudes
3234 1943 3341 1996 Deo
3382 1941 3507 1996 rcd—

1934 2039 2157 2098 dentes,
2205 2046 2369 2107 atque
2408 2053 2517 2092 una
2567 2052 2800 2092 concors
2843 2038 3072 2091 ecclesia
3122 2036 3317 2089 civitas
3394 2043 3508 2088 Ima

1934 2129 2107 2191 facta,
2170 2140 2227 2183 et
2276 2129 2392 2199 ipse
2453 2129 2671 2185 medius
2731 2128 2949 2202 hymnis
3013 2127 3278 2181 canendis
3332 2127 3510 2195 pra-iit

1936 2221 2119 2275 habitu
2159 2222 2368 2291 privato
2411 2221 2693 2276 incedens.
2735 2217 2955 2275 Minime
2987 2235 3118 2274 vero
3150 2236 3279 2273 eum
3315 2221 3508 2289 opinio

1935 2312 2148 2365 fefellit.
2184 2312 2383 2367 Statim
2422 2315 2571 2367 enim
2617 2312 2818 2367 cmlum
2868 2327 3050 2366 aerem
3101 2313 3382 2365 turbidum
3424 2328 3510 2364 se-

1937 2404 2169 2458 rettitate
2219 2406 2602 2471 commutavit,
2634 2415 2690 2461 et
2734 2404 2995 2460 frumenti
3033 2420 3140 2458 non
3179 2405 3508 2458 mediocrem

1937 2494 2178 2564 inopiam
2231 2497 2426 2567 ingens
2471 2498 2720 2567 quaedam
2761 2497 2982 2566 frugum
3017 2498 3171 2569 copia
3205 2506 3260 2551 et
3293 2497 3512 2551 ubertas

1938 2597 2023 2640 cst
2053 2601 2371 2644 consecuta.
2400 2590 2579 2660 Atque
2608 2591 2869 2647 omnibus
2908 2592 3000 2647 ille
3030 2592 3275 2661 quidem.
3310 2608 3477 2662 pmpe

1941 2681 2183 2745 modum,
2227 2691 2522 2737 exornatus
2572 2682 2677 2737 fuit
2728 2684 2887 2738 bonis
2928 2700 2944 2738 :
2992 2699 3100 2737 non
3153 2685 3336 2739 minus
3382 2700 3512 2737 vero

1939 2786 2065 2826 eum
2119 2773 2503 2829 cobonestavit
2558 2774 2975 2841 misericordia,
3031 2776 3404 2845 placabilitas,
3457 2786 3514 2833 rt

1942 2861 2109 2917 animi
2160 2864 2470 2929 serenitas,
2521 2866 2865 2934 tempestatis
2912 2866 3213 2935 procellam
3259 2883 3367 2920 non
3418 2872 3515 2919 ad~

1943 2957 2205 3023 mittens;
2244 2967 2409 3028 atque
2460 2960 2689 3027 insuper
2732 2961 2865 3015 ﬁdes
2906 2962 3120 3015 sincera
3160 2970 3216 3015 et
3262 2961 3511 3030 probata.

1945 3063 2054 3101 una
2092 3063 2218 3102 cum
2262 3048 2525 3120 religione
2560 3066 2666 3104 non
2702 3049 2847 3115 licta,
2876 3052 3039 3105 sicuti
3075 3051 3201 3105 inde
3244 3053 3516 3120 conjicere

257 3147 478 3200 πόντων
500 3145 738 3214 ἔπεμπε,
769 3145 1108 3215 παρακαλῶν
1138 3142 1430 3214 ἐπιτρέψαι
1460 3141 1615 3194 λύσιν
1647 3140 1834 3194 ἐπιϐα-

1944 3139 2094 3195 licet.
2129 3140 2224 3195 Vir
2251 3142 2474 3214 quidam
2504 3144 2842 3213 asperiorem
2878 3143 3271 3214 durioremque
3296 3144 3516 3234 virtutis

254 3239 386 3291 λεῖν
421 3241 534 3301 τοῖς
584 3238 803 3306 δεσμοῖς
839 3238 1047 3291 ἐκεῖνον
1080 3234 1256 3302 αὖθις,
1312 3234 1369 3296 ὃς
1422 3234 1592 3303 δήσας
1623 3233 1837 3303 ἔλαχεν.

266 3330 516 3381 Ἐκείνου
547 3329 592 3382 δ’
626 3330 1030 3399 ἀπειπαμένου,
1068 3329 1161 3381 καὶ
1209 3327 1283 3397 μὴ
1310 3327 1505 3396 χρῆναι
1558 3327 1839 3395 μηνύσαν-
1870 3360 1875 3369 .

254 3435 351 3470 το·
384 3418 516 3486 παρ’
566 3417 786 3469 ὁτουοῦν
838 3418 928 3468 τὸν
978 3416 1180 3484 δεσμὸν
1214 3411 1355 3467 εἷναί
1389 3431 1442 3467 τι
1502 3413 1839 3481 λογίζεσθαι,

255 3511 359 3563 καὶ
391 3510 465 3572 ὼς
518 3511 619 3581 ῆδη
666 3509 887 3560 λέλυται
942 3508 1262 3577 εἰρηκότος,
1321 3506 1508 3558 οὐκέτι
1550 3509 1616 3576 τῇ
1671 3504 1842 3576 ψήφῳ

255 3599 481 3654 ἐκείνου
535 3601 724 3669 ἀρκεῖν
771 3596 932 3668 ᾤετο.
970 3595 1159 3668 Πολλῷ
1207 3595 1267 3649 δὲ
1321 3596 1471 3664 πόνῳ
1526 3593 1843 3665 ζητηθεὶςό

254 3691 568 3757 δεσμήσας,
598 3688 698 3760 τὴν
729 3687 886 3741 λύσιν
937 3686 1146 3741 ἐδίδου⁸
1185 3685 1281 3739 καὶ
1332 3684 1505 3749 οὕτως
1558 3686 1773 3755 ἐδέχετο
1813 3687 1843 3739 ὁ

254 3780 509 3848 κρατῶν.
548 3780 737 3843 Οὕτως
786 3780 1020 3849 εὐλαϐής
1058 3793 1141 3841 τις
1188 3773 1257 3847 ῆν
1290 3778 1526 3840 καὶτοῖς
1555 3778 1722 3839 θείοις
1760 3777 1845 3829 νό-

260 3886 393 3939 μοις
417 3870 712 3939 ἡκρίὸωτο.
742 3868 817 3922 θῦ
844 3869 910 3937 δὴ
944 3872 1126 3938 χάριν,
1156 3869 1252 3920 καὶ
1279 3869 1381 3920 ὅσα
1413 3868 1525 3920 τῶν
1556 3867 1847 3921 είδωλείων

262 3958 656 4030 περιελείφθη,
691 3960 751 4024 te
807 3960 989 4012 αὐτῶν
1016 3959 1231 4013 άνέσπα
1255 3960 1369 4021 τῶν
1410 3958 1645 4029 βάθρων,
1678 3960 1755 4018 ὡς
1783 3959 1847 4012 ἄν

259 4065 329 4116 γε
375 4051 462 4118 εἰη
494 4053 602 4111 τοῖς
631 4052 750 4118 μετ’
785 4052 992 4103 ἐκεῖνον
1022 4050 1097 4119 μὴ
1137 4048 1207 4102 δι’
1253 4049 1398 4119 [χνος
1422 4049 1520 4118 τῆς
1572 4051 1848 4118 προτέρας

264 4141 560 4213 ἐξαπάτης
587 4144 834 4196 θεᾶσθαι.
865 4144 1035 4210 Τήνδε
1065 4145 1174 4212 γὰρ
1204 4142 1304 4212 τὴν
1331 4142 1571 4197 διάνοιαν
1598 4142 1677 4212 τῷ
1716 4146 1848 4213 περὶ

263 4238 482 4289 τούτων
510 4239 664 4305 νόμῳ
694 4236 968 4301 ὶνέταξεν.
1512 4244 1535 4267 ‘

1943 3233 2108 3287 vitam
2155 3244 2497 3300 consectans,
2536 3236 2824 3304 praefracto
2868 3250 2994 3289 eum
3038 3236 3174 3289 adiit
3214 3214 3420 3300 attitttb,
3456 3248 3517 3293 ut

1944 3326 2014 3378 ab
2044 3340 2111 3378 eo
2142 3327 2434 3398 quicquam
2479 3335 2703 3397 peteret.
2739 3329 2917 3397 Atque
2958 3329 3047 3383 ubi
3101 3330 3155 3383 id
3193 3330 3394 3400 saepius
3424 3346 3505 3386 ex.

1947 3431 2136 3488 pertus
2180 3434 2292 3472 non
2338 3421 2671 3487 impetravit,
2713 3422 2945 3477 vinculis
2984 3422 3375 3477 ecclesiasticis
3412 3424 3516 3477 into

1944 3518 2257 3577 peratorent
2308 3527 2339 3564 a
2384 3511 2777 3565 communione
2822 3527 3017 3567 arcens
3055 3513 3322 3567 subdidit.
3369 3515 3494 3569 Post

1950 3615 2113 3668 quant
2158 3611 2338 3655 autem
2382 3601 2681 3673 imperator
2726 3604 2785 3658 in
2826 3606 3032 3671 regiam
3074 3621 3227 3659 suam
3264 3606 3434 3671 venit,
3464 3615 3522 3665 et

1951 3693 2128 3761 cpulm
2153 3696 2416 3764 apposita:
2438 3706 2588 3759 suttt,
2615 3698 2969 3765 conviva'que
2993 3713 3187 3753 omnes
3217 3698 3518 3761 aﬂueruut,

1952 3800 2062 3839 non
2092 3786 2181 3841 ille
2206 3789 2360 3857 prius
2391 3790 2575 3844 cibum
2604 3792 2932 3847 sumendum
2963 3809 3105 3853 esse.
3137 3790 3300 3864 quam
3332 3796 3523 3848 vincit-

1950 3877 2021 3931 lis
2054 3876 2159 3931 sibi
2206 3880 2426 3950 injectis
2456 3882 2671 3936 solutus
2700 3893 2868 3944 esset,
2902 3887 3137 3939 censuit.
3180 3886 3522 3957 Quaproltter

1951 3965 2019 4019 ad
2043 3966 2345 4022 antistitem
2360 3968 3034 4042 Constantinopolitanum
3057 3976 3318 4030 l'atttulum
3338 3994 3523 4047 quem-

1950 4055 2076 4109 dam
2110 4057 2281 4124 misit,
2320 4068 2537 4128 petens,
2573 4070 2633 4113 ut
2679 4078 2804 4116 eum
2840 4065 3019 4133 ipsum
3059 4067 3275 4121 solvere
3310 4081 3392 4132 se,
3425 4070 3523 4136 qui

1947 4147 2195 4216 ligasset,
2229 4150 2466 4220 juberet.
2492 4151 2631 4207 Cum
2671 4154 2724 4208 id
2774 4155 3072 4226 episcopus
3121 4168 3426 4225 recusaret,
3470 4172 3526 4216 et

1948 4253 2050 4308 pro
2078 4243 2302 4296 vinculo
2335 4245 2651 4300 ltabcndum
2693 4263 2801 4302 non
2850 4265 2993 4314 esse,
3028 4251 3174 4319 quod
3214 4267 3243 4305 a
3276 4268 3522 4321 quocun-

261 4343 381 4394 que
421 4330 642 4397 ligattttn
690 4337 860 4392 esset,
897 4327 1254 4398 signiﬁcaret,
1303 4330 1661 4399 solutumque
1711 4328 1848 4384 adeo
1880 4330 1991 4400 jam
2057 4348 2179 4389 esse
2241 4335 2477 4404 diceret,
2504 4339 2751 4395 nondum
2782 4342 2990 4397 calculo
3021 4344 3140 4415 ejus
3171 4346 3526 4415 acquiesccn-

267 4425 405 4476 dum
452 4438 573 4478 esse
621 4424 797 4477 duxit.
834 4426 1003 4479 Multo
1054 4443 1190 4481 vero
1229 4427 1420 4480 labore
1455 4426 1501 4480 is
1533 4426 1627 4495 qui
1665 4426 1841 4495 ipsum
1882 4428 2153 4497 ligaverat
2208 4431 2546 4502 inquisitos,
2582 4451 2708 4489 eum
2746 4436 3003 4493 absolvit.
3072 4440 3151 4494 Ac
3184 4439 3262 4494 sic
3301 4441 3521 4493 tandem

267 4513 578 4582 imperator
613 4516 795 4570 cibum
839 4519 1093 4588 sumpsit.
1126 4518 1293 4573 ’Adeo
1357 4518 1649 4587 religiosus
1717 4519 2060 4575 Theodosius
2101 4522 2227 4591 fuit,
2267 4527 2547 4596 vitamque
2594 4545 2751 4583 suam
2805 4532 3220 4587 accuratissime
3292 4533 3360 4587 ad
3433 4533 3522 4585 di-

264 4606 435 4658 vinas
462 4607 612 4677 leges
644 4613 978 4679 composuit.
1012 4612 1184 4676 Quam
1216 4613 1287 4666 ob
1320 4627 1539 4666 causam
1572 4612 1840 4681 quidquid
1882 4613 1988 4668 fuit
2051 4631 2118 4670 ex
2181 4618 2345 4672 idolis
2374 4620 2674 4691 reliquum,
2706 4623 2780 4678 ita
2810 4634 2896 4679 est
2924 4624 3177 4681 funditus
3207 4625 3524 4697 disjcclunt,

270 4711 333 4755 ut
368 4706 607 4771 posteris
640 4707 760 4775 ejus
790 4722 861 4761 ne
893 4709 1183 4778 vestigium
1258 4709 1479 4778 quidem
1545 4709 1749 4779 prioris
1812 4709 2027 4767 fraudis
2066 4722 2135 4769 et.
2167 4713 2508 4772 seductionis
2556 4733 2785 4775 cernere
2817 4720 2888 4775 sit
2937 4721 3151 4776 datum.
3186 4721 3524 4775 Setttentiaut

270 4812 410 4851 vero
446 4799 515 4855 de
548 4802 631 4857 eis
656 4818 809 4857 suam
846 4804 901 4857 in
936 4806 1391 4861 constitutionem
1425 4805 1501 4877 (l)
1535 4804 1744 4861 retulit.

877 4922 1129 4977 ΚΕΦΑΛ.
1182 4926 1255 4979 Δ’.

281 5013 557 5086 ὮςλΘεός
582 5016 688 5071 τοῦ
716 5016 1038 5086 θεοφιλοῦς
1060 5016 1371 5082 ,ϐασιλέως
1398 5017 1847 5085 ὑπερασπίζων.

342 5084 418 5158 τά
447 5084 568 5137 τῶν
594 5084 874 5158 πολέμιόν
930 5086 1058 5152 τοῖς
1112 5088 1478 5156 παραδόξοις
1508 5084 1626 5142 τῶν
1659 5088 1849 5158 ἔργων
1874 5092 1879 5093 ⁷

306 5172 312 5177 ·
344 5151 567 5209 θᾶττον
599 5151 863 5210 διέλυεν.

349 5265 410 5318 Ei
436 5264 492 5317 δέ
514 5282 644 5319 ποτε
672 5267 767 5320 καὶ
799 5267 1036 5337 πόλεμος
1064 5271 1313 5335 ἐκινεῖτο,
1350 5272 1544 5344 ἐπίσης
1578 5275 1669 5326 καὶ
1698 5260 1852 5341 οὗτος

269 5355 394 5424 Θεῷ
429 5357 790 5427 προσεχώρει,
814 5361 905 5412 τὸν
930 5361 1069 5413 θεῖον
1091 5359 1267 5429 ζηλῶν
1292 5365 1630 5434 μουσουργὸν
1658 5365 1844 5430 Δαυῒδ,

271 5448 431 5511 εἰδὼς
455 5449 619 5502 αὐτὸν
651 5446 787 5503 εἶναι
817 5453 916 5521 τῆς
953 5453 1132 5523 μάχης
1155 5455 1378 5522 ταμίαν.
1416 5455 1595 5526 Ἐχίον
1623 5458 1667 5509 δ’
1699 5460 1843 5510 ἐκεῖ·

270 5556 366 5591 νον
398 5541 641 5611 ἀκριϐῶς
697 5545 1177 5613 προμηθούμενον,
1236 5547 1421 5610 ἀξίους
1466 5551 1578 5599 τῶν
1627 5548 1847 5615 ἀγαθῶν

276 5631 511 5685 ἐλπίδων
557 5634 815 5703 ὲδρέπετο
872 5639 999 5699 τοὺς
1029 5638 1302 5709 καρπούς.
1338 5638 1480 5705 Ἐγὼ
1510 5639 1565 5691 δὲ
1621 5638 1848 5707 τάληθὲς

363 5795 440 5866 (1)
469 5795 529 5849 L.
554 5795 745 5852 Omnia
786 5797 920 5852 loca.
951 5800 1012 5855 C.
1042 5801 1118 5855 Dc
1147 5804 1347 5856 sacrili.
1373 5817 1493 5872 pag.
1520 5811 1569 5854 et
1596 5800 1782 5870 templ.

625 5889 895 5949 Ρηιιυι..
926 5894 1038 5951 Gn.
1084 5894 1316 5955 CXLVI
1344 5942 1358 5958 .

2256 4903 2295 4924 κ

2460 4927 2627 5003 444
2661 4927 2883 4986 CAPUT
2926 4930 3013 4985 tv.

1961 5020 2026 5076 Ut
2058 5020 2365 5105 Deuspiuta
2394 5024 2692 5105 principem
2721 5021 3192 5105 deﬂendensubella
3224 5021 3523 5105 omniain-

2027 5101 2251 5163 speratts
2281 5095 2716 5163 admirandisque
2745 5095 2899 5147 rebus
2926 5095 3114 5146 statim
3142 5095 3447 5160 conﬁcerit.

2032 5270 2087 5326 Si
2120 5271 2341 5341 quando
2369 5271 2573 5327 bellum
2620 5281 2829 5327 motum
2861 5281 2965 5338 est,
2999 5272 3064 5326 ad
3111 5271 3278 5325 Deum
3330 5272 3530 5325 confu-

1955 5363 2163 5431 giebat,
2204 5363 2450 5417 divinum
2488 5364 2877 5436 melodutnque
2914 5364 3173 5418 Davidem
3216 5365 3526 5426 :etttulatus.
3588 5372 3601 5383 ’

1955 5457 2101 5525 quod
2150 5456 2205 5510 in
2254 5456 2403 5510 illius
2431 5458 2601 5512 veluti
2645 5459 2825 5527 promi
2867 5457 3028 5512 condi
3082 5465 3350 5526 potestate
3383 5456 3527 5510 bella

1955 5560 2078 5599 esse
2105 5545 2277 5601 sciret
2308 5564 2324 5602 :
2355 5556 2410 5601 et
2456 5547 2605 5617 qttod
2643 5549 2795 5602 illum
2846 5560 3063 5602 certum
3110 5547 3338 5601 ltabcrct
3371 5561 3530 5599 cura.

1961 5646 2157 5705 torem,
2192 5637 2495 5710 condignos
2538 5655 2633 5711 spe
2665 5640 2807 5695 bona
2854 5641 3101 5711 peri-epit
3149 5639 3381 5694 fructus.
3416 5638 3530 5709 ligo

3136 5890 3209 5950 3's
