4006 6546
198 425 334 488 108')

198 560 272 611 ρα
332 542 525 612 ὡσπερ

193 637 349 704 ἄκρῳ
378 634 436 688 δὲ
472 636 573 705 τῆς
601 636 868 706 κεφαλῆς,
899 637 986 705 ἐφ’
1016 629 1058 704 ᾧ
1107 637 1156 689 οί
1208 638 1489 709 μάρτυρες
1546 635 1775 698 ἔκειντο,

194 729 299 797 ὀπή
326 727 665 799 τιξβραχεῖα
687 730 942 799 ὴνοίγετο
997 732 1064 800 τῇ
1116 729 1309 795 πλακὶ,
1380 731 1436 781 ἐν
1562 744 1646 790 τις
1674 727 1779 779 τῶν

195 820 257 869 ἐκ
288 815 382 870 τοῦ
420 817 700 887 βασιλικοῦ
733 816 1054 890 παρεστὼςῤ
1095 819 1163 891 ἦν
1219 818 1519 889 ἐπεφέρετο
1574 816 1780 885 λεπτὴν

198 910 395 979 ῥάϐδον
418 910 702 982 καθίησιν⁹
767 906 867 965 εἶτ’
892 912 1192 983 ἀνιμήσας,
1244 914 1310 982 τῇ
1352 911 1462 981 ῥινὶ
1509 912 1777 978 προσῆγε.

197 1003 292 1054 καὶ
326 1005 573 1075 ἀρρήτου
604 1006 704 1071 τῆς
733 1005 962 1063 εὐωδίας
984 1004 1348 1076 ὼσῳραίνετο.
1388 1006 1466 1056 Δι’
1492 1000 1551 1058 οὗ
1599 1005 1709 1065 τοῖς
1736 1003 1781 1053 τ’

196 1096 474 1161 ἐφεστῶσι
497 1096 575 1165 τῷ
608 1097 775 1167 ἔργῳ,
814 1098 908 1151 καὶ
940 1099 1053 1160 τοῖς
1079 1097 1552 1164 διαπονουμένοις,
1581 1094 1785 1162 ἀγαθαὶ

197 1189 571 1256 προῦπήντων
599 1189 839 1255 ἐλπίδες.
874 1191 1050 1262 Τάχος
1083 1191 1128 1244 δ’
1160 1192 1285 1244 ὅσον
1328 1187 1785 1256 ἀνακαλύψαντες

196 1280 296 1348 τὴν
331 1282 513 1347 σορὶν,
556 1279 815 1352 εὕρισκον
843 1282 941 1353 τὴν
973 1282 1269 1347 Εὑσεὸίαν,
1317 1280 1611 1350 εὐπρεπῶς
1642 1279 1787 1349 μάλα

198 1374 485 1441 κειμένην·
514 1372 609 1426 καὶ
640 1372 699 1425 τὸ
735 1374 870 1444 πρὸς
900 1374 1148 1445 κεφαλὴν
1178 1373 1456 1443 κείμενον,
1482 1378 1561 1436 είς
1616 1370 1787 1425 κιὸωο

198 1461 295 1513 τοῦ
351 1466 540 1533 σχῆμα
569 1465 778 1535 ἐξέχον,
846 1468 1045 1537 ἄριστα
1115 1466 1563 1536 περιεξεσμένον,
1610 1464 1788 1536 ἑτέρῳ

144 1544 165 1561 ’
201 1555 428 1624 πώματι
508 1556 719 1609 ἔνδοθεν
751 1557 1106 1611 ἐκαλύπτετο.
1150 1556 1435 1627 Ἐκατέρῳ
1491 1556 1549 1608 δὲ
1614 1555 1787 1625 χείλει

198 1648 297 1702 τοῦ
325 1648 661 1718 ἐπιθέματος
686 1650 903 1720 σίδηρος
934 1652 1188 1704 ἐπέκειτο
1212 1651 1450 1721 μολίϐδῳ
1479 1649 1790 1720 διαχυθέντι

203 1742 613 1811 συμπεπηγώς.
648 1740 722 1796 Τὸ
766 1743 949 1798 δ’ῖσον
1014 1744 1112 1811 τῆς
1169 1743 1440 1815 προτέρας
1501 1743 1643 1812 ὀπῆς
1695 1743 1790 1796 καὶ

199 1829 363 1883 τοῦτο
389 1830 625 1883 ἐδείκνυ·
658 1829 686 1880 ὅ
717 1830 782 1897 δὴ
816 1832 909 1883 καὶ
948 1830 1124 1900 κῆρυξ
1160 1831 1427 1899 ἄντικρυς
1454 1825 1545 1902 ἦν,
1606 1830 1787 1882 ἐκεῖσε

199 1922 329 1984 τοὺς
356 1923 647 1993 μάρτυρας
682 1922 1198 1993 κατακρύπτεσθαι.
1229 1923 1315 1985 Ὠς
1339 1923 1396 1976 δὲ
1455 1920 1631 1975 ταῦτα
1676 1924 1785 1990 ἠγ-

201 2018 450 2083 γέλλετο,
482 2016 682 2085 σπουδῇ
715 2015 865 2087 πάσῃ
897 2016 932 2087 ἦ
967 2034 1026 2069 τε
1079 2017 1295 2086 βασιλὶς
1336 2016 1433 2069 καὶ
1478 2018 1507 2070 ὁ
1538 2017 1638 2086 τῆς
1689 2015 1787 2067 πόσ

201 2107 343 2171 λεως
375 2108 680 2171 ἐπίσκοπος
707 2110 949 2178 Πρόκλος
1008 2123 1086 2173 εις
1121 2110 1181 2163 τὸ
1231 2111 1563 2180 μαρτυρεῖον
1634 2108 1790 2161 συνέ-

203 2200 439 2269 δραμον.
471 2202 578 2253 Καὶ
618 2201 683 2270 δὴ
707 2200 815 2254 τῶν
850 2200 1114 2269 σιδηρέων
1143 2201 1365 2254 ἐκείνων
1396 2200 1785 2272 ἐπιστημόνως

206 2290 578 2345 διαλυθέντων
610 2292 825 2362 δεσμῶν
850 2294 909 2344 τὸ
940 2293 1039 2361 μέν
1080 2292 1316 2361 ἐπίθεμα
1347 2291 1588 2361 εὐχερῶς
1624 2288 1797 2353 ἐξειλ-

210 2383 412 2451 κύσθη·
452 2384 556 2436 ὑπὸ
589 2383 633 2435 δ’
661 2384 854 2454 ἐκείνῳ
888 2383 1039 2454 μύρα
1071 2379 1213 2453 ἦσαν
1247 2382 1439 2447 πολλὰ,
1472 2385 1564 2437 καὶ
1588 2384 1643 2433 ἓν
1679 2385 1789 2446 τοῖς

214 2474 415 2545 μύροις
454 2475 547 2528 δύο
582 2476 1064 2547 ἀλαϐαστροθῆκαι
1120 2476 1367 2546 ἀργύρου
1422 2475 1794 2543 πεποιημέναι

213 2567 499 2636 εὕρηνται,
533 2570 593 2620 ἐν
628 2564 714 2631 αἷς
736 2569 804 2621 τὰ
834 2570 954 2638 ἱερὰ
987 2567 1297 2633 σεῦασμίως
1326 2566 1504 2620 ἔκειτο
1540 2566 1791 2635 λείψανα.

222 2660 290 2712 Ἦ
319 2659 420 2729 μὲν
447 2655 539 2710 οὖν
583 2657 817 2726 βασιλὶς,
876 2659 973 2711 (ita
1031 2658 1095 2726 δὴ
1156 2656 1433 2724 τοσαύτης
1487 2655 1801 2723 ἐμφανείας

214 2750 519 2822 ὴξιωμένη,
554 2752 889 2821 χαριστήρια
952 2749 1075 2803 ἔθυε
1124 2749 1200 2818 τῷ
1248 2747 1368 2818 Θεῷ
1427 2749 1516 2799 ἐπὶ
1546 2749 1614 2817 τῇ
1682 2748 1795 2798 τῶν

219 2845 388 2916 ἱερῶν
440 2845 713 2913 λειψάνων
759 2844 996 2912 εὑρέσει·
1056 2842 1250 2896 ἔπειτα
1309 2839 1594 2893 πολυτελεῖ
1653 2841 1799 2911 οήκῃ

217 2937 458 3000 ἐνθεῖσα,
528 2937 869 3006 χαριζομένη
950 2938 1065 2998 τοῖς
1137 2936 1397 3005 μάρτυσι,
1485 2931 1637 3001 παρᾶ
1706 2933 1799 2983 τὸν

221 3027 480 3097 μάρτυρα
510 3027 720 3098 θύρσον
753 3031 845 3079 καὶ
875 3027 1099 3089 τούτους
1152 3027 1433 3080 κατέθετο⁶
1478 3019 1568 3078 οἷά.
1620 3041 1682 3091 γε
1720 3025 1800 3075 εῖν

220 3117 316 3173 κὸς
355 3118 549 3186 ἑορτῆς
580 3116 843 3187 μεγίστης
910 3116 1009 3167 σὺν
1064 3118 1125 3186 τῇ
1163 3115 1522 3187 προσηκούσῃ
1572 3131 1801 3184 γεγενη-

1153 426 1753 508 ECCLESYASTICAE
1801 426 2188 487 HISTORHZ
2232 430 2376 490 UB.
2426 428 2578 489 XIV.

581 544 660 607 εἰς
705 544 857 615 ἱερὰν
908 544 1190 614 τράπεζαν
1242 544 1614 597 διεσκεύαστο.
1664 540 1787 595 Ἐπ’

1904 558 2024 598 vero
2057 543 2223 597 loculi
2266 544 2318 597 in
2371 542 2608 597 formam
2658 553 2824 593 sacra:
2872 552 3070 591 mensa'
3121 534 3461 590 elaboratum

3329 418 3465 484 lima

1884 648 2022 690 erat.
2055 638 2228 693 Porro
2271 638 2325 691 in
2373 652 2589 692 summo
2624 633 2819 699 capitis
2861 633 3003 697 loco,
3055 633 3145 686 ubi
3196 644 3467 702 martyres

1884 731 1974 787 siti
2005 742 2185 797 erant,
2222 747 2448 803 parvum
2503 728 2781 801 quoddam
2843 729 3090 783 foramen
3133 728 3375 797 patebat,
3410 726 3464 779 in

1885 822 2033 892 quod
2071 838 2136 877 ex
2174 825 2436 877 comitatu
2488 822 2758 892 imperiali
2796 820 3018 890 quidam
3063 820 3136 872 ibi
3179 818 3465 881 assistens,

1884 915 2094 983 virgam
2148 930 2308 983 quam
2362 924 2583 969 tenuem
2636 930 2823 969 secum
2886 912 3137 977 ferebat,
3195 910 3405 964 dimisit
3448 926 3465 963 :

1886 1003 2085 1057 deinde
2117 1019 2236 1059 eam
2270 1002 2549 1060 reductam
2586 1006 2678 1060 ubi
2732 1006 2962 1060 naribus
2999 1004 3264 1063 admovit,
3289 1004 3469 1059 incre-

1888 1096 2109 1151 dibilem
2144 1099 2430 1153 suavitatis
2476 1101 2701 1154 odorem
2753 1106 3039 1168 percepit.
3089 1097 3245 1153 Unde
3276 1097 3344 1151 iis
3372 1097 3468 1165 qui

1888 1189 2041 1258 operi
2092 1199 2404 1258 praeerant,
2452 1192 2657 1262 quique
2718 1191 2767 1245 ei
2831 1189 3265 1254 incumbebant,
3329 1189 3468 1242 bona

1888 1292 2155 1350 concepta
2208 1298 2335 1352 spes
2389 1294 2473 1338 est
2523 1301 2537 1337 :
2596 1284 2855 1353 nullaque
2913 1281 3237 1352 interposita
3295 1296 3468 1341 mora,

1892 1384 2254 1431 monumento
2285 1386 2478 1445 aperto
2517 1376 2811 1432 Eusebiam
2840 1378 3197 1439 invenerunt,
3244 1375 3471 1443 pulchre

1889 1468 2185 1524 admodum
2230 1470 2575 1524 collocatam.
2623 1471 2692 1524 Et
2735 1480 3148 1524 monumentum
3200 1469 3265 1521 ad
3305 1474 3473 1534 caput

1892 1560 2012 1631 ejus
2056 1544 2226 1615 ‘situm
2270 1569 2324 1616 et
2369 1562 2436 1615 ad
2487 1577 2630 1616 arcze
2680 1561 2910 1615 formam
2965 1560 3038 1614 ita
3094 1569 3151 1614 ut
3194 1560 3466 1614 emineret

1895 1651 2267 1722 pulcherrime
2297 1644 2670 1723 essculptum,
2707 1654 2967 1724 operculo
2994 1656 3156 1709 etiam
3185 1652 3292 1706 alio
3324 1652 3473 1705 intus

1895 1744 2248 1799 obtirmatum
2306 1755 2444 1801 erat.
2512 1745 2824 1816 Utrumque
2881 1760 3015 1800 vero
3085 1744 3471 1813 operculorum

1895 1838 2135 1904 labrum,
2161 1838 2368 1894 ferrum
2395 1839 2709 1908 impositum
2735 1838 2992 1900 habebat,
3019 1836 3245 1906 plumbo
3270 1834 3473 1889 diﬂ‘uso

1889 1942 2258 2001 compactum,
2292 1940 2456 2001 atque
2486 1931 2539 1985 id
2577 1930 2724 2001 quod
2759 1932 2993 1984 interius
3023 1937 3141 1982 erat
3191 1926 3246 1980 in
3289 1926 3471 1979 medio

1892 2022 2069 2077 simile
2104 2024 2279 2090 priori
2308 2022 2555 2077 foramen
2587 2022 2849 2076 ostendit.
2883 2020 3041 2085 Quod
3085 2034 3216 2073 sane
3247 2017 3473 2070 manife~

1888 2122 1974 2167 sto
2001 2114 2207 2168 indicio
2234 2113 2356 2176 fuit,
2399 2123 2669 2184 martyres
2715 2113 2791 2167 ibi
2826 2111 3083 2167 conditos
3119 2125 3261 2164 esse.
3308 2107 3474 2180 459

1894 2204 2019 2259 Haec
2069 2206 2158 2259 ubi
2211 2206 2528 2261 renuntiata
2564 2214 2715 2270 sunt,
2747 2220 2870 2258 cum
2918 2204 3272 2258 festinatione
3321 2202 3473 2253 onmi

1891 2310 1947 2353 et
1973 2299 2261 2352 Pulcher-ia
2307 2308 2361 2353 et
2392 2300 2546 2353 urbis
2597 2299 2771 2366 ipsius
2800 2297 3096 2365 episcopus
3131 2295 3355 2349 Pruclns
3408 2293 3475 2347 ad

1899 2392 2217 2461 martyrium
2258 2392 2521 2446 accurrit.
2558 2391 2621 2444 Et
2662 2401 2952 2460 postquam
2985 2387 3163 2442 ferrea
3215 2388 3306 2440 illa
3353 2387 3479 2440 vin-

1897 2484 2018 2537 cuia
2071 2494 2186 2538 arte
2230 2483 2467 2553 quadam
2525 2482 2743 2547 soluta,
2805 2491 2861 2535 ct
2920 2483 3242 2549 operculum
3318 2477 3478 2532 facile

1896 2576 2164 2629 dimotum
2190 2585 2294 2640 est,
2330 2573 2598 2643 unguenti
2635 2574 2867 2628 multum
2910 2573 3011 2626 sub
3046 2587 3113 2625 eo
3146 2572 3245 2624 fuit
3292 2586 3303 2621 :
3337 2580 3390 2623 et
3424 2567 3476 2621 in

1900 2676 2180 2736 unguento
2211 2666 2331 2735 ipso
2376 2665 2599 2719 vascula
2644 2665 2774 2726 duo,
2809 2665 2924 2719 sive
2968 2663 3192 2732 pyxides
3244 2670 3479 2730 argento

1900 2757 2217 2817 elaboratte.
2255 2757 2512 2820 inventa},
2541 2756 2594 2808 in
2625 2755 2830 2824 quibus
2867 2754 3124 2821 religiose
3158 2766 3325 2806 sacre
3357 2752 3483 2803 reli-

1903 2850 2045 2919 quia:
2086 2848 2275 2919 posita:
2307 2856 2486 2903 erant.
2525 2846 2763 2902 Proinde
2796 2845 3109 2908 Pulclteria,
3142 2860 3304 2914 quam
3338 2824 3481 2898 licus

1902 2942 2238 2997 rerelatione
2296 2939 2570 3010 ejusmodi
2633 2939 2887 3010 dignatus
2970 2947 3152 3000 esset,
3212 2937 3483 2989 sacrificia

1906 3034 2205 3102 gratiarum
2261 3033 2517 3094 actionis,
2586 3032 2653 3086 de
2725 3040 3039 3085 sanctarum
3121 3029 3483 3097 reliquiarum

1908 3127 2251 3191 inventione,
2278 3126 2328 3180 ei
2362 3125 2581 3180 obtulit.
2615 3124 2821 3178 Deinde
2850 3125 3103 3191 pretiosae
3136 3138 3277 3176 arcte
3309 3123 3483 3188 impo-

224 3210 395 3279 μένης
431 3211 589 3281 τιμῇ,
622 3208 849 3277 πομπῆς
889 3226 946 3261 τε
986 3208 1324 3279 περιφανοῦς
1373 3212 1469 3263 σὺν
1500 3210 1799 3279 εὐφημίαις

1906 3222 2081 3283 sitas,
2155 3217 2488 3287 martyribus
2556 3215 2915 3287 gratiﬁcans.
2970 3216 3124 3285 juxta
3194 3223 3485 3281 martyrem

220 3305 316 3355 καὶ
362 3302 555 3371 μύροις
595 3301 1060 3368 ἐπιτελεσθείσης.
1090 3302 1310 3370 ἀπάσης
1346 3302 1539 3371 σχεδὸν
1582 3300 1802 3370 ἡλικίας

223 3396 319 3447 καὶ
354 3396 455 3462 τῆς
478 3395 684 3455 πόλεως
715 3395 888 3463 αὐτῆς
942 3396 1307 3464 προχυθείσης
1353 3393 1444 3445 τοῦ
1474 3395 1664 3454 ἄστεος
1714 3391 1806 3443 ἐπὶ

222 3492 289 3558 τῇ
335 3487 446 3541 τῶν
477 3486 774 3558 μαρτύρων
804 3489 959 3557 τιμῇ.
1003 3486 1168 3539 Ἀλλὰ
1191 3487 1284 3539 καὶ
1306 3486 1463 3556 τοῦ,το
1493 3478 1596 3539 ὦδε
1633 3486 1807 3554 ἔγνων

222 3580 543 3650 γενόμενον.
577 3581 748 3647 Λόγος
774 3596 838 3647 γε
871 3578 978 3649 μὴν
1017 3573 1128 3648 εἶχε
1172 3579 1264 3631 καὶ
1296 3579 1387 3631 ἐπὶ
1452 3578 1665 3640 πολλοῖς
1712 3577 1808 3630 ἄλ-

222 3676 338 3738 λοις
368 3672 430 3727 τὸ
463 3673 654 3744 μέλλον
686 3673 956 3741 προφῆναι
993 3674 1056 3743 τῇ
1084 3671 1317 3742 βασιλίδι
1365 3673 1423 3722 τὸ
1455 3672 1629 3734 Θεῖον,
1660 3668 1810 3722 πλεί-

226 3786 364 3838 στην
393 3766 673 3835 θεοφιλίαν
705 3766 844 3836 αὐτῇ
897 3764 1309 3835 ἐπιμαρτυροῦν
1343 3764 1437 3817 καὶ
1477 3766 1594 3828 ταῖς
1658 3762 1811 3816 ἁδελ-

226 3865 380 3931 φαῖςο
411 3861 534 3912 ἐπεὶ
564 3861 653 3911 καὶ
682 3857 841 3911 αὗται
872 3859 966 3911 τὸν
1001 3858 1113 3909 ἴσον
1138 3857 1341 3925 τρόπον
1393 3856 1809 3927 πολιτευόμεναι

225 3955 552 4022 διεγένοντο.
584 3952 689 4004 Ναὶ
725 3951 829 4022 μὴν
855 3952 947 4004 καὶ
980 3950 1046 4002 τὰ
1069 3950 1297 4019 λείψανα
1356 3949 1686 4018 Λαυρεντίου
1714 3946 1808 4001 τοῦ

231 4048 515 4117 μάρτυρος
547 4045 641 4097 καὶ
687 4044 880 4112 ⁹Αγνῆς
909 4042 1171 4112 εὑροῦσα,
1241 4043 1299 4093 ἐν
1330 4044 1397 4112 τῇ
1454 4039 1808 4094 Κωνσταντί-

228 4155 325 4190 νου
373 4136 663 4189 κατέθετο·
710 4135 796 4204 ἐφ’
836 4127 881 4203 ᾧ
913 4134 1009 4186 καὶ
1064 4134 1323 4204 μέγιστον
1385 4128 1537 4186 οἷκον
1588 4131 1813 4202 μεγέθει

231 4230 495 4300 μέγιστον
532 4230 628 4281 καὶ
688 4228 877 4280 κάλλει
930 4226 1430 4297 περικαλλέστατον
1506 4225 1808 4296 ἀνεγείρει.

228 4323 357 4377 Ἐπὶ
419 4323 477 4376 δέ
531 4323 630 4391 τῆς
684 4320 952 4391 ἐχομένης
1017 4317 1319 4389 βασιλεία;,
1379 4317 1663 4372 Γενναδίου
1723 4316 1815 4370 τὸν

232 4418 430 4488 θρόνον
458 4416 558 4484 τῆς
594 4415 1008 4467 Κωνσταντίνου
1044 4411 1524 4482 ἐπιτροπεύοντος,
1592 4411 1688 4463 καὶ
1749 4411 1817 4463 τὰ

232 4509 473 4579 λείιξανα
501 4510 599 4577 τῆς
656 4508 821 4576 ἁγίας
881 4507 1241 4568 Ἀναστασίας
1298 4504 1399 4574 τῆς
1456 4503 1816 4579 φαρμακολυ-

236 4604 394 4671 τρίας
459 4602 565 4653 ἀπὸ
599 4601 827 4670 Σιρμίου
874 4598 1101 4670 ἠνέχθη,
1154 4599 1248 4650 καί¹
1308 4599 1363 4649 ἐν
1394 4596 1469 4666 τῷ
1528 4580 1817 4668 μαρτυρίῳ

249 4695 413 4763 ιῦτῆς
446 4693 734 4762 κατετέθη,
762 4692 788 4744 ὃ
827 4692 1054 4759 ἐγγιστα
1108 4692 1223 4751 τοῖς
1277 4688 1632 4759 καλουμένοις
1677 4691 1816 4758 Δομο

246 4786 384 4836 δίνου
427 4781 677 4851 ἐμόόλοις
706 4782 870 4833 ἐστίν.
919 4780 1041 4833 Ἐπὶ
1070 4781 1254 4851 μέντοι
1326 4778 1576 4833 Ἀττικοῦ
1630 4779 1723 4831 καὶ
1754 4780 1816 4830 τὸ

238 4876 335 4928 τοῦ
403 4876 687 4945 προφήτου
750 4873 1013 4943 Σαμουὴλ
1063 4872 1317 4941 λείψανον
1385 4870 1675 4941 ἐκομίσθη·
1724 4872 1817 4923 καὶ

240 4969 406 5035 ἐτέθη
432 4974 524 5019 καὶ
555 4967 713 5021 τοῦτο
751 4969 807 5018 ἐν
838 4966 915 5038 τῷ
934 4968 1255 5037 προφητείη)
1288 4963 1454 5018 αὑτοῦ
1484 4965 1563 5035 τῷ
1587 4964 1817 5034 πλησίον

239 5060 336 5113 τοῦ
380 5060 645 5129 Ἐόὃὸμου
699 5060 1071 5129 ἀνεγερθέντι.
1103 5059 1266 5110 Ἀλλὰ
1300 5058 1426 5126 περὶ
1460 5058 1565 5127 μὴν
1612 5060 1818 5110 τούτων

244 5154 638 5221 ἀποχρώντως,
668 5147 842 5221 οἶμαι,
878 5153 1203 5222 εἰρήκαμενο
1245 5150 1339 5202 ἐπὶ
1405 5149 1461 5202 δὲ
1502 5152 1569 5201 τὰ
1620 5149 1818 5218 συνεχῆ

244 5246 342 5310 τῆς
366 5245 828 5310 ἐκκλησιαστικῆς
862 5244 1105 5313 ἱστορίας
1144 5241 1303 5304 αὖθις
1333 5242 1496 5294 ἰτέον.

1911 3310 2181 3378 Thyrsqu
2222 3308 2531 3362 collocavit.
2588 3308 2893 3375 Festusque
2947 3307 3182 3360 maxime
3247 3307 3364 3359 dies
3419 3307 3485 3372 is,

1912 3418 2009 3471 pro
2044 3418 2111 3457 eo
2145 3412 2308 3471 atque
2350 3418 2448 3471 par
2479 3401 2603 3465 fuit,
2634 3417 2758 3455 cum
2793 3400 3010 3455 decenti
3043 3399 3253 3454 honore
3283 3409 3437 3453 actus
3470 3415 3485 3453 :

1910 3502 1966 3546 ct
2010 3508 2208 3562 pompa
2240 3492 2318 3561 (1)
2356 3502 2520 3560 atque
2569 3501 2866 3560 apparatus
2905 3490 3253 3559 splendidus,
3295 3490 3491 3545 faustis

1910 3584 2399 3639 acclamationibus
2428 3594 2947 3653 unguentorumquc
2986 3584 3255 3638 odoribus
3284 3583 3494 3638 additis

1914 3674 2227 3729 celebratus
2265 3682 2370 3737 est,
2406 3674 2557 3726 omni
2595 3688 2768 3742 prope
2805 3682 2963 3727 artato
3018 3682 3075 3727 et
3110 3673 3332 3727 civitate
3368 3687 3494 3741 pro-

1912 3776 2036 3835 pter
2078 3774 2382 3835 martyrum
2421 3765 2689 3819 honorem
2723 3777 2879 3819 extra
2912 3764 3101 3819 urbem
3134 3765 3327 3819 effusa.
3367 3764 3493 3819 Hmc

1912 3874 2133 3929 quoque
2177 3859 2258 3913 sic
2288 3868 2440 3929 gesta
2482 3859 2735 3929 cognovi.
2766 3858 2929 3913 Fama
2973 3873 3105 3912 sane
3140 3858 3398 3922 obtinuit,
3431 3857 3490 3911 in

1916 3953 2040 4007 aliis
2094 3966 2316 4023 quoque
2366 3951 2555 4005 multis
2612 3952 2777 4006 rebus
2838 3951 3005 4004 Deum
3063 3950 3300 4019 principi
3359 3949 3493 4003 huic

1913 4042 2111 4113 puella:
2137 4041 2325 4096 futura
2355 4040 2700 4111 praedixisse,
2737 4040 3083 4107 maximeque
3120 4039 3405 4107 religionis
3436 4047 3494 4092 et

1914 4136 2143 4206 pietatis
2178 4134 2228 4189 ei
2259 4144 2424 4204 atque
2455 4132 2742 4188 sororibus
2773 4131 2911 4199 ejus,
2945 4147 3065 4201 quae
3091 4139 3146 4183 et
3190 4131 3319 4199 ipsa:
3347 4130 3491 4184 idem

1916 4226 2040 4281 vita:
2067 4224 2379 4279 institutum
2410 4222 2655 4286 coluere,
2694 4219 3073 4274 testimonium
3120 4217 3493 4287 perhibuisse.

1915 4319 2050 4373 Nam
2076 4328 2131 4373 et
2159 4317 2446 4371 Laurentii
2494 4314 2751 4384 martyris
2799 4313 3058 4381 ctAgnes
3091 4311 3354 4379 reliquias
3406 4308 3497 4362 ins

1918 4420 2107 4467 ventas
2140 4408 2675 4477 Constantinopolim
2727 4406 2931 4467 intulit,
2979 4405 3139 4474 cujus
3188 4403 3269 4457 rei
3323 4402 3500 4471 gratia

1920 4513 1976 4561 et
2027 4503 2391 4573 amplitudine
2446 4500 2749 4554 maximum
2799 4507 2854 4552 et
2902 4508 3184 4552 structura
3223 4496 3336 4565 ipsa
3381 4495 3503 4563 pul-

1925 4600 2261 4654 cherrimum
2294 4595 2588 4649 delubrum
2619 4593 2956 4649 construxit.
2993 4591 3253 4661 Ejusdem
3283 4591 3503 4659 imperii

1920 4702 2164 4759 tempore
2194 4688 2484 4743 Gennadio
2506 4686 2795 4741 ecclesiam
2828 4683 3499 4752 Cottstantitmpolitanain

1920 4792 2149 4837 curante
2187 4781 2444 4850 reliquiae
2478 4781 2645 4835 etiam
2674 4789 2881 4834 sanctae
2933 4777 3234 4831 Anastasiae
3266 4777 3506 4828 incanta-

1928 4878 2081 4930 tricis
2114 4875 2189 4946 (2)
2219 4892 2286 4929 ex
2326 4873 2530 4929 Sirmio
2559 4874 2757 4933 allatae,
2804 4872 2858 4926 in
2908 4871 3176 4940 martyrio
3232 4868 3351 4935 ejus
3378 4876 3507 4919 sunt

1927 4970 2205 5039 repositae,
2240 4968 2388 5039 quod
2418 4967 2664 5038 proxime
2687 4965 2751 5019 ad
2784 4964 3056 5033 porticum
3086 4976 3207 5029 qme
3248 4957 3505 5012 Domnini

1927 5062 2153 5128 dicitur,
2192 5061 2355 5115 situm
2397 5069 2502 5114 est.
2538 5059 2723 5113 Attico
2781 5069 2911 5108 vero
2961 5052 3343 5122 episcopatum
3404 5063 3500 5116 ge-

1929 5164 2108 5217 rente,
2150 5153 2431 5222 propheta:
2489 5162 2709 5219 quoque
2768 5144 3042 5198 Samuelis
3086 5156 3204 5195 ossa
3241 5141 3425 5195 allata.
3454 5149 3509 5191 et

1935 5245 1989 5299 in
2023 5244 2349 5314 prophetico
2398 5242 2521 5311 ejus
2572 5241 2722 5299 fano,
2775 5236 2920 5305 quod
2980 5250 3152 5303 prope
3204 5234 3507 5301 Septimum

247 5338 533 5391 conditum
564 5346 669 5399 est,
694 5337 980 5391 collocata.
1011 5337 1283 5390 Caeterum
1341 5336 1408 5390 de
1457 5337 1542 5390 his
1594 5337 1814 5392 abunde
1855 5339 1988 5393 satis
2055 5353 2085 5391 a
2157 5336 2317 5390 nobis
2352 5334 2561 5389 dictum
2590 5347 2710 5387 esse
2743 5342 2893 5400 puto.
2952 5327 3193 5385 Proinde
3245 5326 3313 5381 ad
3376 5325 3515 5379 reli-

253 5446 386 5501 quas
446 5430 831 5485 ecclesiastica:
899 5431 1140 5487 historiae
1198 5445 1286 5485 res
1335 5430 1497 5484 nobis
1572 5431 1939 5486 redeundum.

278 5591 399 5669 “(1)
446 5591 660 5669 Pompa}
722 5593 849 5650 huic
905 5611 964 5651 se
1014 5592 1252 5650 adfuisse
1307 5604 1536 5650 testatur
1593 5592 1813 5649 Sozam.

252 5660 346 5715 lib.
375 5676 453 5729 lx,
483 5660 597 5732 Capi.
627 5664 682 5719 2.

2001 5596 2080 5664 (9.)
2125 5594 2196 5648 Dc
2230 5605 2293 5646 ca
2323 5590 2445 5646 vide
2482 5588 2731 5645 Suidam.
