4006 6582
263 463 393 548 mit

1176 466 1775 546 ECCLESIASTtmz’
1814 476 2199 543 msromsa
2237 482 2379 542 LIB.
2423 477 2578 543 XIV.

3363 474 3497 536 1098

260 623 411 676 νιμος
438 602 694 672 δ’ὲσάγαν
728 602 822 656 καὶ
874 601 1107 674 σώφρων
1142 599 1218 657 ὢν
1275 605 1303 656 ὁ
1331 603 1492 672 ἀνὴρ,
1521 601 1823 671 ὲπιμᾶλλον

1940 598 2073 662 tilio,
2109 612 2327 652 omnem
2350 596 2536 651 funem
2569 608 2818 658 movens,
2873 591 3251 663 episcopatum
3303 606 3501 647 conse-

262 698 355 760 τὰς
383 696 493 751 τῶν
541 694 899 749 Ναυατιανῶν
960 695 1260 765 ἐκκλησίας
1310 693 1545 763 αὐξῆσαι
1607 696 1702 748 καὶ
1748 695 1828 756 είς

264 790 406 856 μέγα
431 786 711 841 ἐπιδοῦναι
760 786 1236 855 παρεσκευάσατο’
1297 787 1509 839 οἴκοθεν
1565 785 1662 854 μὲν
1716 788 1830 849 τοῖς

262 879 459 949 πένησι
495 880 717 950 χρυσίον
762 878 1258 948 κατασαλλόμινος,
1291 876 1446 930 οὐδὲν
1503 879 1689 947 μέντοι
1732 878 1829 945 τῆς

265 971 566 1040 ἐκκλησίας
602 970 901 1041 ἐλάμϐανε,
937 971 1078 1040 πλὴν
1129 969 1212 1023 ὅτι
1243 970 1318 1039 μὴ
1369 969 1476 1023 τῶν
1505 968 1598 1021 δύο
1646 966 1829 1040 ἄρτων

261 1062 368 1113 τῶν
392 1061 659 1129 εὐλογιῶν
696 1059 762 1124 ἃς
788 1062 930 1114 κατὰ
971 1062 1261 1131 Κυριακὴν
1297 1059 1465 1130 εἶχεν.
1505 1059 1630 1113 Ἐπὶ
1670 1061 1828 1112 τόσον

260 1155 316 1206 δὲ
350 1155 638 1215 σπουδαῖος
673 1156 802 1223 περὶ
833 1154 931 1223 τὴν
975 1153 1307 1221 Ἐκκλησίαν
1335 1152 1572 1220 ἐγένετο,
1635 1151 1710 1214 ὡς
1735 1153 1829 1203 καὶ

262 1246 557 1300 Ἀὄλάδιον
589 1247 680 1298 τὸν
721 1246 1097 1309 γενναιότατον
1156 1245 1362 1314 ῥήτορα
1412 1242 1507 1296 τοῦ
1572 1242 1829 1312 σοφιστοῦ

262 1339 509 1406 Τρωΐλον
543 1336 983 1407 ἀκροασάμενον,
1020 1336 1327 1401 συλλαϐεῖν,
1378 1337 1487 1405 καὶι
1541 1337 1675 1405 πρὸς
1734 1336 1830 1404 τὴν

263 1430 355 1482 τοῦ
421 1429 799 1499 πρεσϐυτέρου
851 1426 1005 1493 τάξιν
1061 1427 1544 1499 προχειρίσασθαιο
1622 1423 1682 1482 οὗ
1739 1431 1832 1482 καὶ

265 1521 618 1591 προσομιλίαι
666 1521 950 1591 γλαφυραὶ
1004 1522 1098 1573 καὶ
1129 1520 1378 1574 σύντονοι
1434 1520 1597 1591 μέχρι
1630 1520 1830 1574 πολλοῦ

263 1612 575 1681 διεφέροντο
596 1628 610 1643 ο
637 1611 693 1674 ὃς
731 1614 788 1673 ἐς
819 1609 1047 1682 ὕστερον
1107 1613 1200 1665 καὶ
1229 1614 1326 1683 τῆς
1372 1614 1427 1665 ὲν
1484 1612 1693 1684 Νικαίᾳ
1721 1613 1830 1667 τῶν

265 1702 638 1757 Ναυατιανῶν
696 1704 998 1773 ἐκκλησίας
1057 1705 1323 1774 προέστη,
1382 1705 1519 1775 μηδὲ
1569 1706 1630 1758 τὸ
1682 1722 1834 1775 σοφι-

266 1794 481 1846 στεύειν
514 1794 691 1862 ἀφείς.
720 1792 808 1848 Ἐν
864 1795 1243 1867 Ἀλεξανδρείᾳ
1294 1797 1349 1849 δὲ
1403 1799 1460 1850 αί
1503 1798 1611 1850 τῶν
1648 1798 1833 1852 Naua-

262 1885 466 1938 τιανῶν
515 1884 802 1956 ἐκκλησίαι
858 1886 1149 1940 ἐκλείοντο·
1211 1889 1306 1940 καὶ
1358 1886 1427 1940 τὰ
1468 1888 1597 1959 παρ’
1648 1889 1832 1951 αὐτοῖς

263 1977 531 2047 κειμήλια
564 1978 804 2048 δημόσια
834 1980 1105 2047 ἐγεγόνει.
1132 1979 1342 2048 Γυμνὸς
1373 1979 1428 2032 δὲ
1460 1981 1555 2031 καὶ
1584 1980 1831 2048 Θεόπομ-

264 2085 365 2132 πος
395 2070 424 2122 ὁ
465 2068 689 2123 ἐκείνων
740 2071 1039 2135 ἐπίσκοπος
1096 2066 1185 2142 ἦν.
1244 2070 1475 2142 Ἐπίσης
1522 2072 1579 2124 δὲ
1629 2072 1725 2125 καὶ
1775 2073 1835 2124 ἐν

276 2161 465 2232 Ῥώμῃ
522 2158 705 2232 εἴχονο
782 2163 1128 2236 ἀφῃρημένοι
1185 2163 1297 2234 γὰρ
1354 2164 1455 2223 τὰς
1513 2163 1831 2233 ἐκκλησίας,

264 2255 323 2306 ἐν
354 2252 698 2323 παραϐύστῳ
737 2270 840 2307 που
891 2255 1149 2325 συνῆγον.
1194 2256 1373 2326 Μέχρι
1420 2248 1527 2327 γὰρ
1586 2252 1680 2308 τοῦ
1731 2273 1835 2308 πα-

270 2342 459 2412 ρόντος
516 2345 851 2414 ἁνθήσαντες
908 2346 1002 2398 ἐπὶ
1081 2345 1310 2410 πολλαῖς
1371 2342 1689 2417 ἐκκλησίαις
1739 2345 1836 2398 καὶ

270 2435 533 2504 ἀφθόνοις
561 2440 676 2500 τοῖς
702 2437 935 2507 πλήθεσι
959 2478 975 2502 ,
1013 2437 1166 2507 παρὰ
1218 2439 1326 2490 τῶν
1385 2435 1699 2490 ἐπισκόπων
1734 2435 1834 2503 τῆς

266 2525 503 2579 καθόλου
558 2527 892 2596 Ἐκκλησίας
945 2528 1102 2582 πάντ’
1140 2525 1526 2599 ἀφῃρέθησαν,
1607 2525 1685 2596 μὴ
1748 2518 1835 2579 sit?

268 2620 454 2681 ἀδείας
486 2620 744 2687 συνάγειν
771 2618 1241 2690 συγχωρηθέντεςο
1278 2621 1374 2674 καὶ
1427 2618 1605 2673 πάντα
1630 2619 1699 2671 τὸ.
1743 2619 1839 2672 αὐ-

267 2711 376 2764 τῶν
408 2711 758 2783 ἀφελόμενοι,
793 2713 1005 2783 ἐπαίνῳ
1039 2712 1200 2782 δῆθεν
1229 2712 1592 2782 προσήγοντο.
1627 2711 1702 2764 Οὐ
1733 2710 1838 2782 μὴν

269 2803 324 2855 δὲ
365 2803 462 2857 καὶ
516 2805 577 2855 ὲν
634 2804 1207 2858 Κωνσταντινουπόλει
1265 2803 1424 2856 τοῦτο
1479 2801 1835 2855 πεπόνθασινο

268 2895 405 2949 ἀλλὰ
435 2896 577 2965 μετᾶ
614 2895 710 2948 τοῦ
740 2896 989 2965 στέργειν
1016 2897 1111 2949 καὶ
1139 2893 1289 2947 ἔνδον
1339 2894 1594 2962 συνάγειν
1642 2891 1839 2956 αὐτοὺς

270 2988 485 3052 εἴασαν,
522 2989 661 3040 κατὰ
696 2981 859 3057 μόνον
890 2985 951 3040 τδ
982 2986 1277 3057 κηρύττειν
1329 2986 1391 3039 τὸ
1420 2983 1733 3056 ὁμοούσιον,
1763 2984 1839 3048 ὡς

272 3080 365 3133 καὶ
396 3082 666 3151 πρδτερον
698 3080 1015 3149 ἀρκούντως
1067 3078 1337 3133 διέλαϐον.
1393 3079 1503 3133 Καὶ
1551 3079 1684 3149 περὶ
1737 3077 1837 3149 μὲν

269 3170 378 3225 τῶν
403 3172 765 3225 Ναυατιανῶν
796 3171 1055 3227 τοσαῦτα.
1072 3170 1362 3227 Ἐτελεύτα
1390 3171 1446 3225 δὲ
1473 3170 1566 3224 τὸν
1601 3170 1716 3241 βίον
1740 3187 1839 3238 τη-

1932 689 2027 758 (ιυὶ
2065 688 2447 753 contenderet,
2479 687 2548 743 ab
2579 702 2647 743 eo
2692 686 2930 758 rejectus
2968 694 3072 740 est.
3113 682 3498 756 Chrysanthus

1933 792 2113 836 autem
2148 796 2367 836 rursum
2396 781 2716 853 inquisitus.
2741 779 2845 847 Qui
2877 779 2932 833 in
2966 777 3239 849 Bithynia,
3269 776 3364 832 ubi
3423 776 3501 830 la-

1934 875 2104 940 tebat,
2149 874 2427 937 inventus,
2459 873 2626 929 etiam
2683 873 2962 927 reluctans
3017 871 3082 924 ad
3118 869 3495 939 episcopatum

1931 973 2015 1018 est
2039 972 2283 1019 evectus.
2315 963 2366 1019 Is
2401 964 2563 1035 quod.
2599 964 2839 1034 prudens
2897 958 3193 1017 admodum
3229 969 3282 1015 et
3316 968 3498 1014 castus

1931 1053 2015 1107 vir
2037 1063 2205 1116 esset,
2243 1056 2532 1109 ecclesiam
2577 1053 3010 1109 Novatianorum
3070 1051 3283 1122 magnis
3316 1050 3495 1103 incre-

1934 1146 2133 1201 mentis
2167 1148 2338 1201 auxit.
2371 1145 2666 1201 Pecuniam
2706 1147 2853 1201 enim
2894 1145 3009 1216 ipse
3032 1159 3186 1199 suam
3214 1142 3266 1196 in
3300 1156 3502 1211 paupe-

1933 1252 2020 1293 res
2056 1252 2313 1307 erogans,
2352 1238 2490 1293 nihil
2525 1254 2592 1294 ex
2628 1238 2860 1293 ecclesia
2922 1236 3267 1308 percipiebat
3303 1242 3502 1304 praeter

1932 1344 2095 1398 quam
2126 1329 2265 1385 duos
2296 1331 2699 1387 benedictionis
2748 1345 2938 1401 panes,
2968 1344 3106 1399 quos
3146 1328 3344 1383 diebus
3391 1326 3500 1380 Do-

1934 1421 2151 1477 minicis
2212 1422 2469 1478 habebat.
2526 1424 2679 1478 Adeo
2744 1432 2925 1478 autem
2985 1418 3369 1477 ecclesiastica:
3417 1418 3498 1472 rei

1933 1517 2321 1584 promovenda:
2353 1516 2634 1571 studiosus
2658 1515 2782 1582 fuit,
2817 1525 2877 1571 ut
2929 1514 3220 1571 Ablabium
3274 1511 3503 1568 nobilis-

1932 1605 2130 1659 simum
2162 1616 2462 1671 oratorem,
2491 1606 2662 1663 Troili
2714 1608 2975 1678 sophista:
3023 1607 3358 1671 auditorem,
3395 1604 3499 1660 sibi

1934 1694 2268 1767 adjunxerit,
2309 1711 2362 1755 et
2388 1700 2442 1754 in
2479 1700 2934 1773 presbyterorum
2969 1700 3220 1754 ordinem
3281 1706 3505 1767 coopta-

1936 1790 2009 1855 rit
2037 1806 2049 1840 :
2082 1788 2246 1861 464
2265 1792 2424 1861 cujus
2451 1793 2616 1848 etiam
2643 1793 2938 1848 conciones
2963 1793 3279 1861 pepulares,
3304 1804 3503 1844 suat-es

1934 1887 1990 1932 et
2025 1880 2402 1946 vehementes,
2440 1883 2531 1938 diu
2567 1885 2923 1940 exstiterunt.
2967 1883 3067 1938 llic
3106 1893 3295 1952 postea
3326 1883 3501 1937 Nova-

1939 1971 2210 2027 tianorum
2263 1973 2519 2030 Ecclesia
2566 1976 2621 2029 in
2655 1974 2872 2030 Nieama
2928 1974 3063 2031 urbe
3127 1974 3359 2044 praefuit,
3415 1988 3505 2027 so—

1935 2062 2227 2130 phisticam
2259 2068 2424 2120 etiam
2448 2076 2562 2122 tum
2600 2069 2907 2137 professus.
2939 2067 3044 2123 Sed
3093 2069 3240 2123 enim
3272 2068 3504 2121 Alexan-

1935 2150 2066 2208 dria:
2127 2148 2555 2213 Novatiauorum
2609 2161 2852 2214 ecclesia:
2912 2160 3143 2224 clausae,
3185 2171 3240 2214 et
3276 2158 3504 2213 donaria

1937 2257 2371 2320 ornamentaque
2437 2266 2633 2307 eorum
2692 2253 2967 2323 publicata
3024 2255 3263 2308 fuerant.
3313 2252 3506 2307 Nudus

1937 2339 2102 2395 etiam
2124 2340 2514 2412 Theopompus
2546 2344 2838 2414 episcopus
2873 2360 3064 2400 eorum
3127 2355 3268 2399 erat.
3319 2345 3506 2414 Neque

1939 2433 2017 2488 illi
2056 2433 2241 2489 Roma:
2285 2435 2486 2490 melius
2529 2437 2845 2502 habebant;
2908 2439 3154 2494 ecclesiis
3209 2439 3355 2493 enim
3426 2439 3508 2494 eis

1938 2524 2231 2593 ademptis,
2293 2528 2348 2581 in
2418 2528 2555 2583 locis
2613 2528 2866 2584 obscuris
2902 2537 3206 2586 conventus
3248 2530 3506 2602 agebant.

1938 2616 2219 2673 llactenus
2253 2634 2489 2688 namque
2516 2634 2640 2674 cum
2671 2630 2729 2675 et
2759 2622 2949 2675 multis
3003 2630 3061 2678 et
3123 2622 3510 2692 frequentibus

1938 2708 2187 2764 ecclesiis
2223 2709 2560 2776 floruissent,
2590 2727 2689 2781 per
2721 2714 3008 2784 episcopos
3044 2714 3347 2770 catholicos
3400 2714 3511 2769 illis

1938 2801 2019 2858 eis
2046 2811 2160 2856 tum
2199 2802 2487 2873 ademptis,
2518 2819 2695 2873 neque
2730 2816 3101 2861 conventuum
3135 2808 3506 2878 cogendorum

1937 2893 2164 2949 libertas
2185 2892 2449 2963 permissa
2482 2892 2685 2951 fuerat.
2716 2894 2783 2950 Et
2815 2912 2939 2952 cum
2968 2898 3150 2953 ablata
3182 2901 3265 2955 eis
3289 2901 3502 2967 omnia,

1943 2992 2053 3038 tum
2089 2985 2145 3036 in
2190 2982 2401 3053 judicia
2442 2983 2546 3055 ipsi
2576 3000 2797 3056 quoque
2849 2998 2979 3043 sunt
3016 2992 3302 3060 protracti.
3359 2992 3508 3049 Con-

1939 3074 2296 3143 stantinopoli
2330 3090 2460 3130 vero
2498 3091 2607 3131 non
2644 3077 2838 3133 eadem
2869 3080 3011 3150 passi
3063 3092 3214 3138 sunt.
3276 3086 3512 3143 Praeter-

1940 3180 2103 3235 quam
2136 3167 2287 3221 cnim
2321 3167 2468 3237 quod
2490 3170 2702 3239 expulsi
2751 3187 2862 3227 non
2917 3183 3070 3241 sunt,
3118 3176 3260 3231 intra
3310 3180 3503 3236 urbem

269 3265 503 3318 νικαῦτα
529 3266 623 3318 καὶ
666 3265 943 3337 Θεόδωρος
971 3266 998 3317 ὁ
1021 3264 1123 3333 τῆς
1160 3264 1503 3334 Ἀρειανικῆς
1541 3261 1837 3333 θρησκείας

1943 3256 2109 3313 etiam
2167 3258 2427 3314 ecclesias
2462 3274 2658 3331 cogere
2703 3261 2786 3317 eis
2838 3263 3019 3329 licuit,
3057 3276 3282 3337 propter
3340 3286 3505 3327 unam

271 3357 413 3409 κατὰ
438 3356 539 3425 τὴν
588 3353 1007 3409 Κωνσταντίνου
1071 3352 1453 3423 προεστηκὼς,
1487 3354 1660 3407 είκοσι
1701 3351 1840 3422 πρὸς

236 3460 241 3465 ’
269 3446 385 3507 τοῖς
420 3445 620 3497 ἑκατὸν
639 3444 739 3512 ἐτη
767 3442 1072 3513 βεϐιωκώς
1133 3441 1192 3494 ὃν
1215 3441 1289 3504 ὡς
1330 3441 1660 3513 δραστήριον
1706 3438 1842 3511 περὶ

268 3538 368 3606 τὴν
389 3534 714 3606 θρησκείαν,
745 3536 810 3587 ὲκ
839 3534 940 3602 τῆς
973 3532 1253 3602 Ἀντιόχου
1282 3530 1558 3604 Ἀρειανοὶ
1604 3534 1698 3588 ἐπὶ
1739 3534 1842 3604 τὴν

269 3627 541 3691 Βύζαντος
571 3626 798 3697 ἤγαγον.
840 3618 915 3678 Ob
942 3626 1188 3696 διάδοχος
1236 3625 1562 3679 καθίσταται
1618 3624 1840 3695 Βάρὸας

268 3720 466 3789 δνομα·
492 3718 579 3787 ἐφ’
611 3710 672 3770 οὗ
699 3718 733 3789 η
762 3718 873 3771 τῶν
902 3717 1201 3786 Ἀρειανῶν
1260 3716 1530 3787 θρησκεία
1556 3715 1648 3768 δύο
1686 3716 1840 3769 ἑλλο-

271 3808 456 3878 γίμων
483 3807 694 3876 ἀνδρῶν
718 3807 1043 3878 ηὐμοίρησε·
1102 3808 1196 3860 καὶ
1236 3805 1405 3875 ἄμφω
1430 3806 1488 3859 δὲ
1541 3807 1845 3876 πρεσδύτε-

277 3916 359 3968 ροι
391 3896 556 3967 ἦσαν·
605 3892 679 3951 ὧν
729 3897 807 3969 τῷ
870 3900 970 3968 μὲν
1024 3898 1105 3950 ἐνὶ
1168 3898 1457 3967 Τιμόθεος,
1521 3896 1736 3970 θατέρῳ
1786 3896 1842 3950 δὲ

274 3988 547 4060 Γεὼργιος
588 3991 839 4061 ὀνόματα
870 3986 1032 4064 ἦσαν.
1085 3988 1247 4044 Ἀλλὰ
1279 3991 1552 4062 Γεώργιος
1590 3993 1689 4061 μὲν
1742 3992 1843 4059 τὴν

288 4082 610 4153 Ἑλληνικὴν
646 4084 845 4152 μᾶλλον
874 4084 1121 4137 παιδείαν
1186 4083 1417 4155 ἦσκητοο
1470 4083 1734 4154 Τιμόθεος
1787 4082 1844 4136 δὲ

275 4177 387 4238 τοῖς
434 4176 603 4237 θείοις
651 4174 836 4241 λόγοις
891 4173 1056 4227 πλέον
1101 4173 1358 4227 διέκειτο.
1410 4173 1679 4235 Κάκεῖνος
1745 4171 1843 4242 μὲν

275 4267 640 4336 Ἀριστοτέλει
668 4267 762 4320 καὶ
805 4266 1055 4321 Πλάτωνι
1095 4265 1259 4334 συνῆν
1286 4264 1396 4319 ἀεί·
1426 4268 1453 4319 ὁ
1475 4265 1530 4318 δὲ
1560 4265 1652 4318 τὸν
1700 4262 1845 4333 Ὦρι-

278 4363 441 4429 γένην
490 4360 584 4412 ἐπὶ
613 4359 863 4428 γλώττης
891 4355 1067 4410 ἔπνει·
1110 4358 1207 4410 καὶ
1260 4356 1329 4409 τὰ
1363 4357 1485 4426 ίερὰ
1534 4356 1846 4426 γράμματα

278 4452 611 4507 διδιδάσκων
639 4450 944 4523 παρρησίᾳ,
982 4452 1076 4503 καὶ
1115 4449 1214 4519 τὴν
1262 4449 1538 4519 Ἐϐραίων
1593 4450 1845 4518 γλῶτταν

276 4545 521 4610 ἠσκεῖτο.
562 4541 621 4599 ’0
646 4542 744 4612 μὲν
771 4539 866 4596 οὖν
892 4540 1155 4610 Τιμόθεος
1175 4541 1269 4611 τῆς
1292 4540 1660 4610 Ψαθυριανῶν
1696 4541 1849 4611 αἱρέ-

1944 3349 2086 3405 hanc
2107 3365 2350 3419 causam,
2374 3353 2520 3422 quod
2552 3354 2859 3424 ὀμοούσιον,
2884 3359 3375 3429 consubstantiale,
3409 3367 3506 3422 de-

1942 3442 2329 3511 prazdicarent,
2372 3446 2533 3500 sicuti
2593 3445 2771 3502 fusius
2822 3460 2984 3506 antea
3039 3468 3069 3506 a
3127 3456 3288 3511 nobis
3317 3460 3514 3514 estdi-

1943 3544 2116 3590 ctum.
2167 3535 2298 3591 Ilaec
2325 3536 2393 3592 de
2434 3537 2773 3595 Novatianis.
2821 3539 2899 3596 Eo
2943 3550 3185 3613 tempore
3219 3546 3513 3606 defunctus

1941 3632 2108 3685 etiam
2131 3639 2214 3685 est
2242 3630 2550 3687 Dorotheus
2576 3634 2791 3688 Ariana:
2828 3634 3082 3704 religioni
3116 3636 3508 3697 Constantino-

1943 3722 2051 3791 poli
2076 3721 2386 3792 praafectus,
2415 3740 2538 3779 cum
2573 3726 2643 3780 ad
2669 3731 3029 3784 centesimum
3085 3740 3141 3786 et
3187 3734 3509 3791 vicesimum

1942 3813 2066 3867 vitae
2089 3829 2290 3867 annum
2307 3815 2651 3883 pervenisset
2678 3835 2692 3871 :
2711 3833 2871 3886 quem
2891 3824 3036 3891 quod
3060 3836 3283 3883 strenue
3303 3838 3510 3885 sectam

1944 3916 2098 3956 suam
2136 3913 2407 3971 tueretur,
2438 3906 2629 3961 Ariani
2683 3924 2749 3963 cx
2783 3912 3073 3968 Antiochia
3121 3915 3514 3978 Constantino-

1944 3994 2110 4062 polim
2151 3996 2560 4052 transtulerant.
2591 3997 2760 4070 Cujus
2789 4017 3077 4060 successor
3123 4008 3227 4063 fuit
3280 4013 3509 4081 Barbas,

1943 4086 2046 4140 sub
2075 4100 2185 4155 quo
2214 4086 2413 4142 Ariana
2444 4090 2635 4159 religio
2656 4092 2797 4148 duos
2821 4098 3052 4154 eximios
3102 4101 3296 4158 habuit
3325 4106 3471 4162 viros
3492 4148 3510 4175 ,

1944 4175 2295 4246 presbyteros
2319 4177 2711 4236 amboszalteri
2740 4182 3000 4257 Georgio,
3026 4191 3186 4247 alteri
3218 4194 3510 4254 Timotheo

1946 4280 2144 4320 nomen
2168 4276 2306 4323 erat.
2335 4267 2605 4341 Georgius
2638 4273 2951 4333 Graecorum
2987 4284 3161 4353 magis
3203 4286 3513 4359 disciplinis

1946 4357 2203 4425 pollebat,
2238 4358 2557 4416 Timotheus
2588 4364 2789 4422 divinis
2815 4369 3014 4428 litteris
3044 4374 3169 4443 plus
3202 4357 3511 4438 delectaba-

1948 4456 2052 4500 tur.
2088 4448 2156 4502 Et
2185 4449 2274 4505 ille
2307 4450 2363 4505 in
2395 4451 2688 4511 Aristotele
2716 4466 2771 4512 et
2798 4460 3026 4519 Platone
3054 4481 3273 4537 semper
3324 4488 3510 4530 versa-

1948 4539 2111 4594 batur
2142 4559 2155 4595 :
2197 4542 2284 4597 hic
2319 4543 2611 4615 Origenem
2640 4550 2857 4619 spirans
2925 4555 2980 4609 in
3034 4574 3129 4615 ore
3163 4564 3420 4634 habebat,
3454 4584 3513 4625 et

280 4654 412 4699 σεως
444 4636 765 4705 μετειλήφει
789 4650 803 4665 ⁶
835 4635 1108 4704 Γεώργιος
1140 4634 1197 4687 δὲ
1230 4633 1336 4686 ὑπὸ
1370 4634 1559 4705 Βάρὸᾳ
1595 4651 1837 4705 κεχειρο-

1949 4649 2134 4688 sacras
2156 4633 2390 4691 Litteras
2415 4639 2634 4703 publice
2660 4642 2886 4710 docens,
2908 4647 2961 4702 in
2989 4649 3341 4711 Hebraeorum
3373 4676 3515 4730 quo-

276 4730 489 4796 τόνητο.
541 4727 802 4795 Ἕτοιμος
852 4722 994 4797 δ’ἦν
1027 4728 1055 4778 ὁ
1115 4724 1381 4794 Τιμόθεος
1440 4725 1842 4796 ἀποκρίνασθαι

279 4820 370 4871 καὶ
418 4818 576 4872 λύσιν
607 4819 666 4882 ἐξ
727 4818 950 4887 ἑτοίμου
1002 4820 1309 4888 παρασχεῖν
1366 4818 1465 4871 ὅσα
1522 4817 1842 4888 δῆτ’ἁσαφῆ

276 4917 386 4976 τοῖς
421 4914 588 4976 θείοις
612 4912 814 4979 λογίοις
839 4911 1165 4982 εὑρίσκοιτο·
1198 4912 1293 4962 καὶ
1323 4911 1565 4980 μάρτυρι
1588 4911 1680 4963 ἐπὶ
1710 4912 1843 4964 πᾶσι

278 5006 515 5074 μάλιστα
545 5004 624 5076 τῷ
651 5002 919 5073 Ὦριγένει
948 5003 1166 5072 ἐχρῆτο.
1199 5001 1264 5054 ‘0
1293 5002 1389 5053 καὶ
1412 4999 1716 5070 θαυμάζειν
1748 5003 1843 5054 καὶ

275 5096 418 5167 ὑπὲρ
457 5097 786 5165 ἀμφοτέρων
810 5094 991 5147 ἔπεισί
1016 5110 1127 5162 μοι,
1171 5093 1288 5155 πῶς
1315 5095 1426 5155 τοῖς
1470 5092 1684 5162 Ἀρείου
1719 5091 1840 5161 δόγ-

278 5200 445 5256 μασιν
499 5185 787 5251 εῐποντο,ὁ
835 5185 935 5254 μὲν
983 5183 1268 5251 Πλάτωνα,
1323 5181 1584 5251 Τιμόθεος
1643 5183 1700 5236 δὲ
1748 5183 1841 5236 τὸν

275 5274 564 5346 Ὠριγένην
592 5275 848 5345 ἄντικρυς
873 5274 1148 5336 πνέοντες.
1173 5274 1307 5326 Οὐδὲ
1366 5275 1474 5341 γὰρ
1532 5273 1756 5328 Πλάτων
1779 5272 1840 5327 τὸ

273 5369 529 5439 δεύτερον
557 5367 648 5420 καὶ
696 5369 757 5419 τὸ
807 5368 1010 5437 τρίτον,
1048 5366 1123 5428 ὡς
1177 5366 1335 5427 αὐτὸς
1390 5364 1573 5417 καλεῖν
1627 5366 1841 5433 εἴωθεν,

275 5462 453 5531 ἀρχὴν
489 5460 774 5530 ὑπάρξεως
808 5458 1090 5526 εἰληφέναι
1118 5458 1302 5526 φησίν.
1341 5455 1506 5509 Ἀλλά
1548 5460 1639 5510 καὶ
1690 5458 1838 5527 Ὠρι-

273 5554 440 5620 γένης
477 5548 798 5619 ἁπανταχοῦ
849 5548 956 5613 τῷν
993 5548 1170 5615 λόγων
1204 5547 1504 5618 διαρρήδην
1560 5549 1838 5603 συναῒδιόν

275 5658 414 5711 φησι
444 5641 538 5694 τὸν
584 5640 715 5693 Υίὺν
773 5638 969 5710 Πατρί.
1026 5640 1169 5711 Πλὴν
1232 5641 1281 5692 εί
1341 5640 1435 5692 καὶ
1484 5641 1552 5709 τῇ
1614 5640 1838 5695 ἐκείνων

352 5807 430 5878 (Ι)
462 5806 615 5861 Plato
641 5803 705 5878 τὸ
724 5803 984 5878 Δδεύτερον
1010 5802 1188 5878 καὶτὸ
1215 5805 1397 5877 τρίτον
1427 5806 1599 5878 αἴτιον
1626 5805 1846 5878 initium

272 5875 598 5934 substantiae
631 5875 909 5944 ὑπάρξεως
945 5876 1225 5945 accepisse
1254 5875 1511 5947 negavit.
1554 5876 1708 5934 Unde
1738 5877 1839 5932 δυο

597 5967 867 6027 Panos.
899 5970 987 6034 Gn
1001 6013 1018 6031 .
1060 5971 1290 6034 CXLVI

1946 4727 2618 4823 quelinguadcsudabat.
2659 4733 2981 4795 Timotheus
3023 4746 3247 4813 quidem
3293 4727 3515 4823 Psathy-

1947 4816 2231 4871 rianorum
2263 4818 2486 4876 hteresis
2508 4825 2784 4894 particeps
2817 4828 2996 4885 fuerat
3047 4852 3060 4888 :
3088 4847 3145 4890 at
3185 4816 3511 4911 Georgius'a

1946 4906 2122 4963 Barba
2156 4910 2673 5004 fueratrordinatus.
2703 4919 3028 4979 Timotheus
3080 4906 3366 5000 promptus
3416 4950 3514 5004 pa.

1947 5009 2209 5069 ratusque
2270 5001 2374 5056 fuit
2416 5004 2484 5058 de
2556 5007 2727 5062 sacris
2752 5009 2978 5067 Litteris
3021 5020 3354 5086 respondere
3390 5001 3512 5080 :_et

1949 5088 2108 5145 facile
2141 5109 2262 5162 quae
2301 5095 2355 5148 in
2393 5096 2598 5152 divinis
2645 5102 2883 5155 oraculis
2913 5103 3149 5159 obscura
3190 5109 3513 5169 inveniren-

1950 5190 2058 5246 tur,
2089 5184 2302 5239 solvere
2328 5198 2383 5240 et
2412 5188 2686 5256 esplicarc
2727 5194 2923 5259 p0tuit,
2946 5205 3110 5264 atque
3137 5199 3194 5252 in
3226 5200 3363 5256 locis
3389 5219 3511 5259 om-

1951 5273 2111 5327 nibus
2132 5275 2364 5344 Origene
2400 5280 2631 5335 masime
2664 5291 2802 5336 teste
2832 5299 2965 5339 usus
2993 5297 3099 5344 est.
3165 5290 3513 5365 Quapropter

1952 5376 2245 5438 utrumque
2262 5370 2520 5424 admirari
2551 5374 2683 5426 mihi
2711 5375 3019 5431 inmentem
3045 5382 3213 5446 venit,
3234 5389 3512 5453 quomodo

1949 5458 2160 5514 scilicet
2185 5470 2244 5513 ut
2273 5461 2387 5515 Arii
2420 5463 2614 5533 dogma
2640 5480 3024 5535 sequerentur,
3055 5472 3297 5530 animout
3346 5479 3513 5535 indu-

1948 5552 2152 5615 xerint,
2192 5553 2329 5606 alter
2392 5554 2695 5621 Platonem,
2765 5559 2903 5614 alter
2960 5560 3251 5634 Origenem
3282 5586 3514 5639 prorsus

1947 5645 2165 5716 spirans
2201 5666 2214 5700 :
2250 5648 2399 5705 Quod
2443 5656 2499 5702 et
2531 5649 2686 5705 Plato
2728 5653 2807 5723 (l)
2846 5657 3140 5712 secundam
3185 5673 3240 5716 et
3297 5668 3514 5720 tertiam

1955 5807 2370 5882 s_tinus_martyr
2394 5811 2630 5881 aliquam
2661 5816 2940 5873 notionem
2970 5818 3261 5876 Trinitatis
3285 5826 3517 5882 sanctis~

1945 5878 2098 5933 sima:
2133 5878 2417 5936 Platonem
2450 5878 2708 5940 habuisse
2744 5889 3003 5958 Opinatus
3036 5900 3140 5945 est.

3119 5983 3194 6044 35
