  <div class='ocr_page' id='page_1' title='image "/cluster/home/n/w/nwhite01/storage/ocr_20150623/146/hvd.32044019208347/557.png"; bbox 0 0 4006 6546; ppageno 0'>
   <div class='ocr_carea' id='block_1_1' title="bbox 468 419 605 483">
    <p class='ocr_par' dir='ltr' id='par_1_1' title="bbox 468 419 605 483">
     <span class='ocr_line' id='line_1_1' title="bbox 468 419 605 483; baseline -0.022 0"><span class='ocrx_word' id='word_1_1' title='bbox 468 419 605 483; x_wconf 73' lang='lat' dir='ltr'><strong>iOi‘)</strong></span> 
     </span>
    </p>
   </div>
   <div class='ocr_carea' id='block_1_2' title="bbox 1670 410 2466 472">
    <p class='ocr_par' dir='ltr' id='par_1_2' title="bbox 1670 410 2466 472">
     <span class='ocr_line' id='line_1_2' title="bbox 1670 410 2466 472; baseline -0.001 -1"><span class='ocrx_word' id='word_1_2' title='bbox 1670 410 2086 472; x_wconf 80' lang='lat' dir='ltr'><strong>NICEPIIORI</strong></span> <span class='ocrx_word' id='word_1_3' title='bbox 2130 410 2466 470; x_wconf 81' lang='lat' dir='ltr'><strong>CALLISTI</strong></span> 
     </span>
    </p>
   </div>
   <div class='ocr_carea' id='block_1_3' title="bbox 3566 404 3704 471">
    <p class='ocr_par' dir='ltr' id='par_1_3' title="bbox 3566 404 3704 471">
     <span class='ocr_line' id='line_1_3' title="bbox 3566 404 3704 471; baseline 0.014 -4"><span class='ocrx_word' id='word_1_4' title='bbox 3566 404 3704 471; x_wconf 83' lang='lat'><strong>1100</strong></span> 
     </span>
    </p>
   </div>
   <div class='ocr_carea' id='block_1_4' title="bbox 465 508 2036 603">
    <p class='ocr_par' dir='ltr' id='par_1_4' title="bbox 465 525 2034 603">
     <span class='ocr_line' id='line_1_4' title="bbox 465 525 2034 603; baseline -0.008 -12"><span class='ocrx_word' id='word_1_5' title='bbox 465 550 705 597; x_wconf 81' lang='lat' dir='ltr'><strong>causam,</strong></span> <span class='ocrx_word' id='word_1_6' title='bbox 739 542 795 587; x_wconf 81' lang='grc' dir='ltr'><strong>ιιι</strong></span> <span class='ocrx_word' id='word_1_7' title='bbox 819 532 933 603; x_wconf 82' lang='lat' dir='ltr'><strong>ipse</strong></span> <span class='ocrx_word' id='word_1_8' title='bbox 965 529 1246 583; x_wconf 85' lang='lat' dir='ltr'><strong>nominare</strong></span> <span class='ocrx_word' id='word_1_9' title='bbox 1302 528 1460 586; x_wconf 68' lang='lat' dir='ltr'><strong>solet.</strong></span> <span class='ocrx_word' id='word_1_10' title='bbox 1497 527 1715 581; x_wconf 87' lang='lat' dir='ltr'><strong>initium</strong></span> <span class='ocrx_word' id='word_1_11' title='bbox 1779 525 2034 580; x_wconf 70' lang='lat' dir='ltr'><strong>essentia:</strong></span> 
     </span>
    </p>
   </div>
   <div class='ocr_carea' id='block_1_5' title="bbox 2144 508 3709 603">
    <p class='ocr_par' dir='ltr' id='par_1_5' title="bbox 2144 508 3709 598">
     <span class='ocr_line' id='line_1_5' title="bbox 2144 508 3709 598; baseline -0.001 -22"><span class='ocrx_word' id='word_1_12' title='bbox 2144 526 2406 597; x_wconf 71' lang='grc' dir='ltr'>ἐκκλησίᾳ</span> <span class='ocrx_word' id='word_1_13' title='bbox 2439 527 2799 598; x_wconf 69' lang='grc' dir='ltr'>παρέμειναν,</span> <span class='ocrx_word' id='word_1_14' title='bbox 2833 527 2948 581; x_wconf 83' lang='grc' dir='ltr'><strong>ἀλλ’</strong></span> <span class='ocrx_word' id='word_1_15' title='bbox 2979 526 3074 581; x_wconf 79' lang='grc' dir='ltr'>οὖν</span> <span class='ocrx_word' id='word_1_16' title='bbox 3104 508 3529 598; x_wconf 38' lang='grc' dir='ltr'>τὴνλᾹρειανῶν</span> <span class='ocrx_word' id='word_1_17' title='bbox 3569 525 3709 593; x_wconf 61' lang='lat' dir='ltr'><strong>Opi}-</strong></span> 
     </span>
    </p>
   </div>
   <div class='ocr_carea' id='block_1_6' title="bbox 460 614 2030 697">
    <p class='ocr_par' dir='ltr' id='par_1_6' title="bbox 460 614 2030 697">
     <span class='ocr_line' id='line_1_6' title="bbox 460 614 2030 697; baseline -0.01 -16"><span class='ocrx_word' id='word_1_18' title='bbox 460 626 672 697; x_wconf 76' lang='lat' dir='ltr'><strong>cepisse</strong></span> <span class='ocrx_word' id='word_1_19' title='bbox 710 637 816 677; x_wconf 94' lang='lat' dir='ltr'><strong>non</strong></span> <span class='ocrx_word' id='word_1_20' title='bbox 885 620 1031 675; x_wconf 66' lang='lat' dir='ltr'><strong>diaat</strong></span> <span class='ocrx_word' id='word_1_21' title='bbox 1069 637 1082 672; x_wconf 88' lang='lat'><strong>:</strong></span> <span class='ocrx_word' id='word_1_22' title='bbox 1118 617 1279 689; x_wconf 63' lang='grc'><strong>465</strong></span> <span class='ocrx_word' id='word_1_23' title='bbox 1322 628 1375 671; x_wconf 89' lang='lat' dir='ltr'><strong>et</strong></span> <span class='ocrx_word' id='word_1_24' title='bbox 1423 615 1687 685; x_wconf 81' lang='lat' dir='ltr'><strong>Origenes</strong></span> <span class='ocrx_word' id='word_1_25' title='bbox 1732 614 1935 683; x_wconf 89' lang='lat' dir='ltr'><strong>ubique</strong></span> <span class='ocrx_word' id='word_1_26' title='bbox 1977 615 2030 666; x_wconf 90' lang='lat' dir='ltr'><strong>iu</strong></span> 
     </span>
    </p>
   </div>
   <div class='ocr_carea' id='block_1_7' title="bbox 460 704 2028 787">
    <p class='ocr_par' dir='ltr' id='par_1_7' title="bbox 460 704 2028 787">
     <span class='ocr_line' id='line_1_7' title="bbox 460 704 2028 787; baseline -0.01 -15"><span class='ocrx_word' id='word_1_27' title='bbox 460 716 683 787; x_wconf 80' lang='lat' dir='ltr'><strong>scriptis</strong></span> <span class='ocrx_word' id='word_1_28' title='bbox 712 713 849 779; x_wconf 88' lang='lat' dir='ltr'><strong>suis,</strong></span> <span class='ocrx_word' id='word_1_29' title='bbox 883 711 1066 765; x_wconf 78' lang='lat' dir='ltr'><strong>verbis</strong></span> <span class='ocrx_word' id='word_1_30' title='bbox 1100 710 1322 764; x_wconf 91' lang='lat' dir='ltr'><strong>disertis</strong></span> <span class='ocrx_word' id='word_1_31' title='bbox 1362 717 1699 761; x_wconf 74' lang='lat' dir='ltr'><strong>comtcrnum</strong></span> <span class='ocrx_word' id='word_1_32' title='bbox 1752 706 1900 760; x_wconf 80' lang='lat' dir='ltr'><strong>Patri</strong></span> <span class='ocrx_word' id='word_1_33' title='bbox 1939 704 2028 758; x_wconf 82' lang='lat' dir='ltr'><strong>Fi-</strong></span> 
     </span>
    </p>
   </div>
   <div class='ocr_carea' id='block_1_8' title="bbox 460 798 2027 874">
    <p class='ocr_par' dir='ltr' id='par_1_8' title="bbox 460 798 2027 874">
     <span class='ocr_line' id='line_1_8' title="bbox 460 798 2027 874; baseline -0.007 -12"><span class='ocrx_word' id='word_1_34' title='bbox 460 809 592 864; x_wconf 91' lang='lat' dir='ltr'><strong>lium</strong></span> <span class='ocrx_word' id='word_1_35' title='bbox 628 821 751 860; x_wconf 77' lang='lat' dir='ltr'><strong>esse</strong></span> <span class='ocrx_word' id='word_1_36' title='bbox 786 803 861 874; x_wconf 87' lang='lat' dir='ltr'><strong>(l)</strong></span> <span class='ocrx_word' id='word_1_37' title='bbox 917 800 1263 873; x_wconf 91' lang='lat' dir='ltr'><strong>proﬁteatur.</strong></span> <span class='ocrx_word' id='word_1_38' title='bbox 1323 798 1699 854; x_wconf 84' lang='lat' dir='ltr'><strong>Nihilominus</strong></span> <span class='ocrx_word' id='word_1_39' title='bbox 1754 809 1933 852; x_wconf 87' lang='lat' dir='ltr'><strong>tamen</strong></span> <span class='ocrx_word' id='word_1_40' title='bbox 1972 798 2027 852; x_wconf 94' lang='lat' dir='ltr'><strong>in</strong></span> 
     </span>
    </p>
   </div>
   <div class='ocr_carea' id='block_1_9' title="bbox 2139 614 3710 688">
    <p class='ocr_par' dir='ltr' id='par_1_9' title="bbox 2139 614 3710 688">
     <span class='ocr_line' id='line_1_9' title="bbox 2139 614 3710 688; baseline -0.003 -21"><span class='ocrx_word' id='word_1_41' title='bbox 2139 616 2328 667; x_wconf 87' lang='grc' dir='ltr'>σκείαν</span> <span class='ocrx_word' id='word_1_42' title='bbox 2367 616 2671 686; x_wconf 69' lang='grc' dir='ltr'>λεληθότως</span> <span class='ocrx_word' id='word_1_43' title='bbox 2731 618 2819 670; x_wconf 71' lang='grc' dir='ltr'>ἐπὶ</span> <span class='ocrx_word' id='word_1_44' title='bbox 2876 619 2937 671; x_wconf 76' lang='grc' dir='ltr'>τὸ</span> <span class='ocrx_word' id='word_1_45' title='bbox 2965 620 3217 688; x_wconf 85' lang='grc' dir='ltr'>κρεῖττον</span> <span class='ocrx_word' id='word_1_46' title='bbox 3266 614 3427 686; x_wconf 71' lang='grc' dir='ltr'>δῆθεν</span> <span class='ocrx_word' id='word_1_47' title='bbox 3472 614 3710 684; x_wconf 66' lang='grc' dir='ltr'>μετεϐλ-</span> 
     </span>
    </p>
   </div>
   <div class='ocr_carea' id='block_1_10' title="bbox 2133 703 3711 779">
    <p class='ocr_par' dir='ltr' id='par_1_10' title="bbox 2133 703 3711 779">
     <span class='ocr_line' id='line_1_10' title="bbox 2133 703 3711 779; baseline 0 -23"><span class='ocrx_word' id='word_1_48' title='bbox 2133 703 2246 758; x_wconf 89' lang='grc' dir='ltr'>λον.</span> <span class='ocrx_word' id='word_1_49' title='bbox 2284 706 2490 769; x_wconf 80' lang='grc' dir='ltr'><strong>Πολλὰς</strong></span> <span class='ocrx_word' id='word_1_50' title='bbox 2523 708 2631 776; x_wconf 74' lang='grc' dir='ltr'>γὰρ</span> <span class='ocrx_word' id='word_1_51' title='bbox 2669 709 2885 778; x_wconf 85' lang='grc' dir='ltr'>Ἀρείου</span> <span class='ocrx_word' id='word_1_52' title='bbox 2928 708 3283 779; x_wconf 75' lang='grc' dir='ltr'><strong>βλασφημίας</strong></span> <span class='ocrx_word' id='word_1_53' title='bbox 3336 709 3449 769; x_wconf 79' lang='grc' dir='ltr'>τοϊς</span> <span class='ocrx_word' id='word_1_54' title='bbox 3480 705 3711 767; x_wconf 76' lang='grc' dir='ltr'><strong>οἰκείοις</strong></span> 
     </span>
    </p>
   </div>
   <div class='ocr_carea' id='block_1_11' title="bbox 2133 795 3494 869">
    <p class='ocr_par' dir='ltr' id='par_1_11' title="bbox 2133 795 3494 869">
     <span class='ocr_line' id='line_1_11' title="bbox 2133 795 3494 869; baseline 0.002 -21"><span class='ocrx_word' id='word_1_55' title='bbox 2133 795 2315 865; x_wconf 79' lang='grc' dir='ltr'><strong>λόγοις</strong></span> <span class='ocrx_word' id='word_1_56' title='bbox 2348 799 2662 852; x_wconf 73' lang='grc' dir='ltr'>ἀπώσαντο.</span> <span class='ocrx_word' id='word_1_57' title='bbox 2687 798 2942 854; x_wconf 79' lang='grc' dir='ltr'><strong>Τοσαῦτα</strong></span> <span class='ocrx_word' id='word_1_58' title='bbox 2975 800 3069 853; x_wconf 76' lang='grc' dir='ltr'>καὶ</span> <span class='ocrx_word' id='word_1_59' title='bbox 3104 801 3236 869; x_wconf 71' lang='grc' dir='ltr'>περὶ</span> <span class='ocrx_word' id='word_1_60' title='bbox 3264 798 3494 852; x_wconf 86' lang='grc' dir='ltr'>τούτων.</span> 
     </span>
    </p>
   </div>
   <div class='ocr_carea' id='block_1_12' title="bbox 459 890 3712 963">
    <p class='ocr_par' dir='ltr' id='par_1_12' title="bbox 459 890 3712 963">
     <span class='ocr_line' id='line_1_12' title="bbox 459 890 3712 963; baseline -0.003 -10"><span class='ocrx_word' id='word_1_61' title='bbox 459 900 691 953; x_wconf 72' lang='lat' dir='ltr'><strong>coelesia</strong></span> <span class='ocrx_word' id='word_1_62' title='bbox 723 898 941 952; x_wconf 91' lang='lat' dir='ltr'><strong>illorum</strong></span> <span class='ocrx_word' id='word_1_63' title='bbox 975 901 1422 963; x_wconf 87' lang='lat' dir='ltr'><strong>permanserunt,</strong></span> <span class='ocrx_word' id='word_1_64' title='bbox 1469 891 1573 946; x_wconf 89' lang='lat' dir='ltr'><strong>nisi</strong></span> <span class='ocrx_word' id='word_1_65' title='bbox 1644 890 1793 961; x_wconf 89' lang='lat' dir='ltr'><strong>quod</strong></span> <span class='ocrx_word' id='word_1_66' title='bbox 1858 890 2188 944; x_wconf 79' lang='lat' dir='ltr'><strong>Arianorum</strong></span> <span class='ocrx_word' id='word_1_67' title='bbox 2261 890 2582 960; x_wconf 82' lang='lat' dir='ltr'><strong>religionem</strong></span> <span class='ocrx_word' id='word_1_68' title='bbox 2614 893 2818 947; x_wconf 87' lang='lat' dir='ltr'><strong>sensim</strong></span> <span class='ocrx_word' id='word_1_69' title='bbox 2879 901 2937 947; x_wconf 90' lang='lat' dir='ltr'><strong>et</strong></span> <span class='ocrx_word' id='word_1_70' title='bbox 2969 892 3111 946; x_wconf 89' lang='lat' dir='ltr'><strong>clam</strong></span> <span class='ocrx_word' id='word_1_71' title='bbox 3143 890 3472 962; x_wconf 84' lang='lat' dir='ltr'><strong>corrigendo</strong></span> <span class='ocrx_word' id='word_1_72' title='bbox 3497 890 3554 945; x_wconf 88' lang='lat' dir='ltr'><strong>in</strong></span> <span class='ocrx_word' id='word_1_73' title='bbox 3587 904 3712 944; x_wconf 81' lang='lat' dir='ltr'><strong>mc-</strong></span> 
     </span>
    </p>
   </div>
   <div class='ocr_carea' id='block_1_13' title="bbox 459 985 3280 1058">
    <p class='ocr_par' dir='ltr' id='par_1_13' title="bbox 459 985 3280 1058">
     <span class='ocr_line' id='line_1_13' title="bbox 459 985 3280 1058; baseline -0.002 -9"><span class='ocrx_word' id='word_1_74' title='bbox 459 995 565 1049; x_wconf 84' lang='lat' dir='ltr'><strong>lius</strong></span> <span class='ocrx_word' id='word_1_75' title='bbox 596 991 980 1048; x_wconf 76' lang='lat' dir='ltr'><strong>traduxerunt.</strong></span> <span class='ocrx_word' id='word_1_76' title='bbox 1015 989 1211 1043; x_wconf 83' lang='lat' dir='ltr'><strong>Multas</strong></span> <span class='ocrx_word' id='word_1_77' title='bbox 1236 1004 1473 1058; x_wconf 84' lang='lat' dir='ltr'><strong>namque</strong></span> <span class='ocrx_word' id='word_1_78' title='bbox 1506 988 1620 1042; x_wconf 86' lang='lat' dir='ltr'><strong>Arii</strong></span> <span class='ocrx_word' id='word_1_79' title='bbox 1657 986 2033 1056; x_wconf 76' lang='lat' dir='ltr'><strong>blasphemias</strong></span> <span class='ocrx_word' id='word_1_80' title='bbox 2072 985 2129 1041; x_wconf 92' lang='lat' dir='ltr'><strong>in</strong></span> <span class='ocrx_word' id='word_1_81' title='bbox 2159 986 2316 1041; x_wconf 88' lang='lat' dir='ltr'><strong>libris</strong></span> <span class='ocrx_word' id='word_1_82' title='bbox 2344 987 2457 1042; x_wconf 89' lang='lat' dir='ltr'><strong>suis</strong></span> <span class='ocrx_word' id='word_1_83' title='bbox 2489 988 2871 1058; x_wconf 75' lang='lat' dir='ltr'><strong>repudiarunt.</strong></span> <span class='ocrx_word' id='word_1_84' title='bbox 2910 989 2985 1044; x_wconf 90' lang='lat' dir='ltr'><strong>De</strong></span> <span class='ocrx_word' id='word_1_85' title='bbox 3011 989 3097 1044; x_wconf 87' lang='lat' dir='ltr'><strong>his</strong></span> <span class='ocrx_word' id='word_1_86' title='bbox 3125 990 3280 1045; x_wconf 86' lang='lat' dir='ltr'><strong>satis.</strong></span> 
     </span>
    </p>
   </div>
   <div class='ocr_carea' id='block_1_14' title="bbox 1043 1106 1438 1163">
    <p class='ocr_par' dir='ltr' id='par_1_14' title="bbox 1043 1106 1438 1163">
     <span class='ocr_line' id='line_1_14' title="bbox 1043 1106 1438 1163; baseline -0.005 -1"><span class='ocrx_word' id='word_1_87' title='bbox 1043 1106 1269 1163; x_wconf 80' lang='lat' dir='ltr'><strong>CAPUT</strong></span> <span class='ocrx_word' id='word_1_88' title='bbox 1301 1106 1438 1162; x_wconf 73' lang='lat' dir='ltr'><strong>XIV.</strong></span> 
     </span>
    </p>
   </div>
   <div class='ocr_carea' id='block_1_15' title="bbox 467 1201 2030 1275">
    <p class='ocr_par' dir='ltr' id='par_1_15' title="bbox 467 1201 2030 1275">
     <span class='ocr_line' id='line_1_15' title="bbox 467 1201 2030 1275; baseline -0.008 -12"><span class='ocrx_word' id='word_1_89' title='bbox 467 1208 529 1264; x_wconf 84' lang='lat' dir='ltr'><strong>Ut</strong></span> <span class='ocrx_word' id='word_1_90' title='bbox 594 1215 706 1275; x_wconf 80' lang='lat' dir='ltr'><strong>post</strong></span> <span class='ocrx_word' id='word_1_91' title='bbox 764 1203 1104 1275; x_wconf 77' lang='lat' dir='ltr'><strong>TlteOphilum</strong></span> <span class='ocrx_word' id='word_1_92' title='bbox 1154 1202 1429 1275; x_wconf 60' lang='lat' dir='ltr'><strong>(lg/rillus,</strong></span> <span class='ocrx_word' id='word_1_93' title='bbox 1462 1219 1623 1275; x_wconf 70' lang='lat' dir='ltr'><strong>nepos</strong></span> <span class='ocrx_word' id='word_1_94' title='bbox 1679 1201 1875 1254; x_wconf 78' lang='lat' dir='ltr'><strong>sororis</strong></span> <span class='ocrx_word' id='word_1_95' title='bbox 1917 1201 2030 1269; x_wconf 74' lang='lat' dir='ltr'><strong>ejus</strong></span> 
     </span>
    </p>
   </div>
   <div class='ocr_carea' id='block_1_16' title="bbox 534 1274 2027 1342">
    <p class='ocr_par' dir='ltr' id='par_1_16' title="bbox 534 1274 2027 1342">
     <span class='ocr_line' id='line_1_16' title="bbox 534 1274 2027 1342; baseline -0.007 -12"><span class='ocrx_word' id='word_1_96' title='bbox 534 1277 718 1342; x_wconf 77' lang='lat' dir='ltr'><strong>ﬁlius,</strong></span> <span class='ocrx_word' id='word_1_97' title='bbox 781 1274 891 1341; x_wconf 81' lang='lat' dir='ltr'><strong>ejus</strong></span> <span class='ocrx_word' id='word_1_98' title='bbox 921 1277 1122 1342; x_wconf 1' lang='lat' dir='ltr'><strong>praedem</strong></span> <span class='ocrx_word' id='word_1_99' title='bbox 1188 1274 1607 1342; x_wconf 73' lang='lat' dir='ltr'><strong>.-tlexundriuant</strong></span> <span class='ocrx_word' id='word_1_100' title='bbox 1659 1275 1723 1323; x_wconf 83' lang='lat' dir='ltr'><strong>sit</strong></span> <span class='ocrx_word' id='word_1_101' title='bbox 1774 1286 2027 1342; x_wconf 53' lang='lat' dir='ltr'><strong>{anseru-</strong></span> 
     </span>
    </p>
   </div>
   <div class='ocr_carea' id='block_1_17' title="bbox 531 1340 2029 1407">
    <p class='ocr_par' dir='ltr' id='par_1_17' title="bbox 531 1340 2029 1407">
     <span class='ocr_line' id='line_1_17' title="bbox 531 1340 2029 1407; baseline -0.005 -9"><span class='ocrx_word' id='word_1_102' title='bbox 531 1340 651 1407; x_wconf 78' lang='lat' dir='ltr'><strong>tus,</strong></span> <span class='ocrx_word' id='word_1_103' title='bbox 710 1354 756 1397; x_wconf 82' lang='lat' dir='ltr'><strong>et</strong></span> <span class='ocrx_word' id='word_1_104' title='bbox 803 1340 873 1394; x_wconf 77' lang='lat' dir='ltr'><strong>de</strong></span> <span class='ocrx_word' id='word_1_105' title='bbox 901 1341 1209 1396; x_wconf 74' lang='lat' dir='ltr'><strong>Judworum</strong></span> <span class='ocrx_word' id='word_1_106' title='bbox 1266 1341 1611 1395; x_wconf 75' lang='lat' dir='ltr'><strong>Alexandria:</strong></span> <span class='ocrx_word' id='word_1_107' title='bbox 1639 1340 1900 1394; x_wconf 81' lang='lat' dir='ltr'><strong>concitata</strong></span> <span class='ocrx_word' id='word_1_108' title='bbox 1944 1355 2029 1391; x_wconf 81' lang='lat' dir='ltr'><strong>se-</strong></span> 
     </span>
    </p>
   </div>
   <div class='ocr_carea' id='block_1_18' title="bbox 529 1418 747 1470">
    <p class='ocr_par' dir='ltr' id='par_1_18' title="bbox 529 1418 747 1470">
     <span class='ocr_line' id='line_1_18' title="bbox 529 1418 747 1470; baseline -0.005 -2"><span class='ocrx_word' id='word_1_109' title='bbox 529 1418 747 1470; x_wconf 83' lang='lat' dir='ltr'><strong>ditione.</strong></span> 
     </span>
    </p>
   </div>
   <div class='ocr_carea' id='block_1_19' title="bbox 528 1524 2025 1596">
    <p class='ocr_par' dir='ltr' id='par_1_19' title="bbox 528 1524 2025 1596">
     <span class='ocr_line' id='line_1_19' title="bbox 528 1524 2025 1596; baseline -0.004 -12"><span class='ocrx_word' id='word_1_110' title='bbox 528 1531 731 1596; x_wconf 85' lang='lat' dir='ltr'><strong>Quinto</strong></span> <span class='ocrx_word' id='word_1_111' title='bbox 755 1526 1053 1582; x_wconf 88' lang='lat' dir='ltr'><strong>Theodosii</strong></span> <span class='ocrx_word' id='word_1_112' title='bbox 1082 1525 1296 1595; x_wconf 90' lang='lat' dir='ltr'><strong>imperii</strong></span> <span class='ocrx_word' id='word_1_113' title='bbox 1318 1540 1484 1593; x_wconf 90' lang='lat' dir='ltr'><strong>anno,</strong></span> <span class='ocrx_word' id='word_1_114' title='bbox 1511 1526 1810 1595; x_wconf 84' lang='lat' dir='ltr'><strong>lcthargico</strong></span> <span class='ocrx_word' id='word_1_115' title='bbox 1833 1524 2025 1579; x_wconf 85' lang='lat' dir='ltr'><strong>morbo</strong></span> 
     </span>
    </p>
   </div>
   <div class='ocr_carea' id='block_1_20' title="bbox 460 1616 2029 1691">
    <p class='ocr_par' dir='ltr' id='par_1_20' title="bbox 460 1616 2029 1691">
     <span class='ocr_line' id='line_1_20' title="bbox 460 1616 2029 1691; baseline -0.002 -18"><span class='ocrx_word' id='word_1_116' title='bbox 460 1632 745 1691; x_wconf 78' lang='lat' dir='ltr'><strong>correptus</strong></span> <span class='ocrx_word' id='word_1_117' title='bbox 765 1617 1105 1673; x_wconf 59' lang='lat' dir='ltr'><strong>Alexandriae</strong></span> <span class='ocrx_word' id='word_1_118' title='bbox 1127 1616 1484 1687; x_wconf 81' lang='lat' dir='ltr'><strong>TheOphilus,</strong></span> <span class='ocrx_word' id='word_1_119' title='bbox 1506 1618 1850 1687; x_wconf 89' lang='lat' dir='ltr'><strong>quindecima</strong></span> <span class='ocrx_word' id='word_1_120' title='bbox 1867 1616 2029 1671; x_wconf 87' lang='lat' dir='ltr'><strong>Octo-</strong></span> 
     </span>
    </p>
   </div>
   <div class='ocr_carea' id='block_1_21' title="bbox 460 1708 2023 1776">
    <p class='ocr_par' dir='ltr' id='par_1_21' title="bbox 460 1708 2023 1776">
     <span class='ocr_line' id='line_1_21' title="bbox 460 1708 2023 1776; baseline -0.004 -9"><span class='ocrx_word' id='word_1_121' title='bbox 460 1714 576 1767; x_wconf 81' lang='lat' dir='ltr'><strong>hris</strong></span> <span class='ocrx_word' id='word_1_122' title='bbox 609 1712 815 1765; x_wconf 80' lang='lat' dir='ltr'><strong>mensis</strong></span> <span class='ocrx_word' id='word_1_123' title='bbox 851 1709 939 1764; x_wconf 89' lang='lat' dir='ltr'><strong>die</strong></span> <span class='ocrx_word' id='word_1_124' title='bbox 975 1709 1117 1764; x_wconf 90' lang='lat' dir='ltr'><strong>diem</strong></span> <span class='ocrx_word' id='word_1_125' title='bbox 1156 1724 1315 1763; x_wconf 92' lang='lat' dir='ltr'><strong>suum</strong></span> <span class='ocrx_word' id='word_1_126' title='bbox 1351 1708 1511 1764; x_wconf 85' lang='lat' dir='ltr'><strong>obiit.</strong></span> <span class='ocrx_word' id='word_1_127' title='bbox 1548 1710 1615 1763; x_wconf 87' lang='lat' dir='ltr'><strong>Et</strong></span> <span class='ocrx_word' id='word_1_128' title='bbox 1645 1724 1770 1763; x_wconf 89' lang='lat' dir='ltr'><strong>cum</strong></span> <span class='ocrx_word' id='word_1_129' title='bbox 1811 1708 1875 1762; x_wconf 86' lang='lat' dir='ltr'><strong>de</strong></span> <span class='ocrx_word' id='word_1_130' title='bbox 1906 1708 2023 1776; x_wconf 71' lang='grc' dir='ltr'><strong>(ερί-</strong></span> 
     </span>
    </p>
   </div>
   <div class='ocr_carea' id='block_1_22' title="bbox 460 1799 2031 1873">
    <p class='ocr_par' dir='ltr' id='par_1_22' title="bbox 460 1799 2031 1873">
     <span class='ocr_line' id='line_1_22' title="bbox 460 1799 2031 1873; baseline -0.004 -16"><span class='ocrx_word' id='word_1_131' title='bbox 460 1813 715 1873; x_wconf 70' lang='lat' dir='ltr'><strong>smpattts</strong></span> <span class='ocrx_word' id='word_1_132' title='bbox 749 1801 1013 1871; x_wconf 92' lang='lat' dir='ltr'><strong>petitione</strong></span> <span class='ocrx_word' id='word_1_133' title='bbox 1050 1800 1331 1855; x_wconf 90' lang='lat' dir='ltr'><strong>contentio</strong></span> <span class='ocrx_word' id='word_1_134' title='bbox 1368 1811 1560 1855; x_wconf 74' lang='lat' dir='ltr'><strong>exorta</strong></span> <span class='ocrx_word' id='word_1_135' title='bbox 1593 1809 1758 1863; x_wconf 90' lang='lat' dir='ltr'><strong>esset,</strong></span> <span class='ocrx_word' id='word_1_136' title='bbox 1796 1799 2031 1869; x_wconf 87' lang='lat' dir='ltr'><strong>quibus-</strong></span> 
     </span>
    </p>
   </div>
   <div class='ocr_carea' id='block_1_23' title="bbox 2727 1106 3115 1164">
    <p class='ocr_par' dir='ltr' id='par_1_23' title="bbox 2727 1106 3115 1164">
     <span class='ocr_line' id='line_1_23' title="bbox 2727 1106 3115 1164; baseline 0.008 -3"><span class='ocrx_word' id='word_1_137' title='bbox 2727 1108 2977 1162; x_wconf 74' lang='grc' dir='ltr'><strong>ΚΕΦΔΛ.</strong></span> <span class='ocrx_word' id='word_1_138' title='bbox 3015 1106 3115 1164; x_wconf 84' lang='grc' dir='ltr'><strong>1Δ’.</strong></span> 
     </span>
    </p>
   </div>
   <div class='ocr_carea' id='block_1_24' title="bbox 2146 1192 3716 1267">
    <p class='ocr_par' dir='ltr' id='par_1_24' title="bbox 2146 1192 3716 1267">
     <span class='ocr_line' id='line_1_24' title="bbox 2146 1192 3716 1267; baseline 0.003 -20"><span class='ocrx_word' id='word_1_139' title='bbox 2146 1192 2240 1259; x_wconf 84' lang='grc' dir='ltr'>Ὦς</span> <span class='ocrx_word' id='word_1_140' title='bbox 2265 1197 2413 1263; x_wconf 79' lang='grc' dir='ltr'>μετὰ</span> <span class='ocrx_word' id='word_1_141' title='bbox 2451 1199 2746 1267; x_wconf 63' lang='grc' dir='ltr'>Θεόφιλον</span> <span class='ocrx_word' id='word_1_142' title='bbox 2804 1197 3105 1267; x_wconf 74' lang='grc' dir='ltr'>Κύριλλος</span> <span class='ocrx_word' id='word_1_143' title='bbox 3138 1200 3172 1251; x_wconf 84' lang='grc' dir='ltr'>ό</span> <span class='ocrx_word' id='word_1_144' title='bbox 3206 1198 3579 1267; x_wconf 66' lang='grc' dir='ltr'>ἀδελφιδοῦς</span> <span class='ocrx_word' id='word_1_145' title='bbox 3603 1199 3716 1251; x_wconf 83' lang='grc' dir='ltr'><strong>αὐ-</strong></span> 
     </span>
    </p>
   </div>
   <div class='ocr_carea' id='block_1_25' title="bbox 2205 1266 3709 1335">
    <p class='ocr_par' dir='ltr' id='par_1_25' title="bbox 2205 1266 3709 1335">
     <span class='ocr_line' id='line_1_25' title="bbox 2205 1266 3709 1335; baseline 0.002 -19"><span class='ocrx_word' id='word_1_146' title='bbox 2205 1267 2310 1319; x_wconf 83' lang='grc' dir='ltr'>τοῦ</span> <span class='ocrx_word' id='word_1_147' title='bbox 2345 1268 2448 1319; x_wconf 71' lang='grc' dir='ltr'><strong>τὸν</strong></span> <span class='ocrx_word' id='word_1_148' title='bbox 2478 1266 2586 1333; x_wconf 79' lang='grc' dir='ltr'><strong>τῆς</strong></span> <span class='ocrx_word' id='word_1_149' title='bbox 2646 1266 3047 1335; x_wconf 72' lang='grc' dir='ltr'><strong>Ἀλεξάνδρου</strong></span> <span class='ocrx_word' id='word_1_150' title='bbox 3100 1270 3319 1332; x_wconf 83' lang='grc' dir='ltr'><strong>θρόνον</strong></span> <span class='ocrx_word' id='word_1_151' title='bbox 3364 1266 3709 1334; x_wconf 72' lang='grc' dir='ltr'>ἐλάμϐανε·</span> 
     </span>
    </p>
   </div>
   <div class='ocr_carea' id='block_1_26' title="bbox 2206 1336 3715 1406">
    <p class='ocr_par' dir='ltr' id='par_1_26' title="bbox 2206 1336 3715 1406">
     <span class='ocr_line' id='line_1_26' title="bbox 2206 1336 3715 1406; baseline -0.001 -17"><span class='ocrx_word' id='word_1_152' title='bbox 2206 1336 2302 1389; x_wconf 69' lang='grc' dir='ltr'>ναὶ</span> <span class='ocrx_word' id='word_1_153' title='bbox 2334 1337 2465 1401; x_wconf 68' lang='grc' dir='ltr'>περὶ</span> <span class='ocrx_word' id='word_1_154' title='bbox 2500 1337 2608 1403; x_wconf 85' lang='grc' dir='ltr'>τῆς</span> <span class='ocrx_word' id='word_1_155' title='bbox 2647 1336 2977 1404; x_wconf 67' lang='grc' dir='ltr'>γενομένης</span> <span class='ocrx_word' id='word_1_156' title='bbox 3006 1337 3075 1391; x_wconf 84' lang='grc' dir='ltr'><strong>ἐν</strong></span> <span class='ocrx_word' id='word_1_157' title='bbox 3114 1337 3537 1406; x_wconf 69' lang='grc' dir='ltr'><strong>Ἀλεξανδρείᾳ</strong></span> <span class='ocrx_word' id='word_1_158' title='bbox 3587 1336 3715 1389; x_wconf 84' lang='grc' dir='ltr'><strong>τῶν</strong></span> 
     </span>
    </p>
   </div>
   <div class='ocr_carea' id='block_1_27' title="bbox 2218 1406 2855 1473">
    <p class='ocr_par' dir='ltr' id='par_1_27' title="bbox 2218 1406 2855 1473">
     <span class='ocr_line' id='line_1_27' title="bbox 2218 1406 2855 1473; baseline 0.002 -11"><span class='ocrx_word' id='word_1_159' title='bbox 2218 1406 2527 1462; x_wconf 74' lang='grc' dir='ltr'><strong>Ἰουδαίων</strong></span> <span class='ocrx_word' id='word_1_160' title='bbox 2558 1407 2855 1473; x_wconf 81' lang='grc' dir='ltr'>στάσεως.</span> 
     </span>
    </p>
   </div>
   <div class='ocr_carea' id='block_1_28' title="bbox 2210 1517 3714 1591">
    <p class='ocr_par' dir='ltr' id='par_1_28' title="bbox 2210 1517 3714 1591">
     <span class='ocr_line' id='line_1_28' title="bbox 2210 1517 3714 1591; baseline -0.005 -17"><span class='ocrx_word' id='word_1_161' title='bbox 2210 1522 2362 1574; x_wconf 79' lang='grc' dir='ltr'>Ἔτει</span> <span class='ocrx_word' id='word_1_162' title='bbox 2392 1521 2447 1574; x_wconf 79' lang='grc' dir='ltr'>δὲ</span> <span class='ocrx_word' id='word_1_163' title='bbox 2480 1522 2716 1591; x_wconf 79' lang='grc' dir='ltr'><strong>πέμπτῳ</strong></span> <span class='ocrx_word' id='word_1_164' title='bbox 2748 1520 2847 1590; x_wconf 73' lang='grc' dir='ltr'>τῆς</span> <span class='ocrx_word' id='word_1_165' title='bbox 2877 1519 3155 1573; x_wconf 74' lang='grc' dir='ltr'>Θεοδοσίου</span> <span class='ocrx_word' id='word_1_166' title='bbox 3188 1518 3358 1589; x_wconf 79' lang='grc' dir='ltr'>ἀρχῆς</span> <span class='ocrx_word' id='word_1_167' title='bbox 3391 1517 3651 1586; x_wconf 69' lang='grc' dir='ltr'>Θεόφιλος</span> <span class='ocrx_word' id='word_1_168' title='bbox 3684 1517 3714 1568; x_wconf 85' lang='grc' dir='ltr'><strong>δ</strong></span> 
     </span>
    </p>
   </div>
   <div class='ocr_carea' id='block_1_29' title="bbox 2147 1610 3715 1682">
    <p class='ocr_par' dir='ltr' id='par_1_29' title="bbox 2147 1610 3715 1682">
     <span class='ocr_line' id='line_1_29' title="bbox 2147 1610 3715 1682; baseline -0.004 -16"><span class='ocrx_word' id='word_1_169' title='bbox 2147 1612 2557 1682; x_wconf 66' lang='grc' dir='ltr'><strong>Ἀλεξανδρείας</strong></span> <span class='ocrx_word' id='word_1_170' title='bbox 2594 1612 2741 1665; x_wconf 77' lang='grc' dir='ltr'>τέλει</span> <span class='ocrx_word' id='word_1_171' title='bbox 2780 1612 2873 1665; x_wconf 78' lang='grc' dir='ltr'><strong>τοῦ</strong></span> <span class='ocrx_word' id='word_1_172' title='bbox 2905 1611 3022 1682; x_wconf 77' lang='grc' dir='ltr'>βίου</span> <span class='ocrx_word' id='word_1_173' title='bbox 3053 1612 3323 1681; x_wconf 71' lang='grc' dir='ltr'>ἐχρήσατο</span> <span class='ocrx_word' id='word_1_174' title='bbox 3351 1610 3579 1680; x_wconf 77' lang='grc' dir='ltr'><strong>πέμπτῃ</strong></span> <span class='ocrx_word' id='word_1_175' title='bbox 3610 1610 3715 1660; x_wconf 70' lang='grc' dir='ltr'><strong>καὶ</strong></span> 
     </span>
    </p>
   </div>
   <div class='ocr_carea' id='block_1_30' title="bbox 2134 1702 3719 1776">
    <p class='ocr_par' dir='ltr' id='par_1_30' title="bbox 2134 1702 3719 1776">
     <span class='ocr_line' id='line_1_30' title="bbox 2134 1702 3719 1776; baseline -0.002 -18"><span class='ocrx_word' id='word_1_176' title='bbox 2134 1706 2339 1776; x_wconf 73' lang='grc' dir='ltr'>δεκάτῃ</span> <span class='ocrx_word' id='word_1_177' title='bbox 2373 1703 2704 1773; x_wconf 77' lang='grc' dir='ltr'>Ὀκτωδρίου</span> <span class='ocrx_word' id='word_1_178' title='bbox 2738 1706 2927 1774; x_wconf 70' lang='grc' dir='ltr'>μηνός.</span> <span class='ocrx_word' id='word_1_179' title='bbox 2958 1703 3072 1771; x_wconf 83' lang='grc' dir='ltr'>Τῆς</span> <span class='ocrx_word' id='word_1_180' title='bbox 3100 1702 3145 1755; x_wconf 83' lang='grc' dir='ltr'>δ’</span> <span class='ocrx_word' id='word_1_181' title='bbox 3169 1703 3472 1771; x_wconf 76' lang='grc' dir='ltr'>ἐπισκοπῆς</span> <span class='ocrx_word' id='word_1_182' title='bbox 3505 1702 3719 1771; x_wconf 79' lang='grc' dir='ltr'>ἐπιμά-</span> 
     </span>
    </p>
   </div>
   <div class='ocr_carea' id='block_1_31' title="bbox 2136 1791 3717 1865">
    <p class='ocr_par' dir='ltr' id='par_1_31' title="bbox 2136 1791 3717 1865">
     <span class='ocr_line' id='line_1_31' title="bbox 2136 1791 3717 1865; baseline -0.003 -17"><span class='ocrx_word' id='word_1_183' title='bbox 2136 1813 2233 1865; x_wconf 87' lang='grc' dir='ltr'>χου</span> <span class='ocrx_word' id='word_1_184' title='bbox 2262 1794 2660 1864; x_wconf 70' lang='grc' dir='ltr'><strong>γεγενημένης,</strong></span> <span class='ocrx_word' id='word_1_185' title='bbox 2688 1796 2801 1856; x_wconf 73' lang='grc' dir='ltr'>τοῖς</span> <span class='ocrx_word' id='word_1_186' title='bbox 2832 1793 2930 1864; x_wconf 76' lang='grc' dir='ltr'><strong>μὲν</strong></span> <span class='ocrx_word' id='word_1_187' title='bbox 2959 1794 3131 1846; x_wconf 70' lang='grc' dir='ltr'>ἐδόκει</span> <span class='ocrx_word' id='word_1_188' title='bbox 3159 1791 3421 1863; x_wconf 76' lang='grc' dir='ltr'>Τιμόθεόν</span> <span class='ocrx_word' id='word_1_189' title='bbox 3446 1810 3568 1845; x_wconf 76' lang='grc' dir='ltr'>τινα</span> <span class='ocrx_word' id='word_1_190' title='bbox 3596 1810 3717 1862; x_wconf 81' lang='grc' dir='ltr'>χει-</span> 
     </span>
    </p>
   </div>
   <div class='ocr_carea' id='block_1_32' title="bbox 461 1870 2036 1964">
    <p class='ocr_par' dir='ltr' id='par_1_32' title="bbox 461 1870 2030 1964">
     <span class='ocr_line' id='line_1_32' title="bbox 461 1870 2030 1964; baseline -0.003 -15"><span class='ocrx_word' id='word_1_191' title='bbox 461 1870 582 1949; x_wconf 84' lang='lat' dir='ltr'><strong>dam</strong></span> <span class='ocrx_word' id='word_1_192' title='bbox 614 1870 883 1964; x_wconf 81' lang='lat' dir='ltr'><strong>placebat,</strong></span> <span class='ocrx_word' id='word_1_193' title='bbox 915 1903 973 1947; x_wconf 91' lang='lat' dir='ltr'><strong>ut</strong></span> <span class='ocrx_word' id='word_1_194' title='bbox 1004 1892 1325 1947; x_wconf 83' lang='lat' dir='ltr'><strong>Timotheus</strong></span> <span class='ocrx_word' id='word_1_195' title='bbox 1354 1892 1596 1962; x_wconf 85' lang='lat' dir='ltr'><strong>quidam,</strong></span> <span class='ocrx_word' id='word_1_196' title='bbox 1630 1892 1724 1961; x_wconf 91' lang='lat' dir='ltr'><strong>qui</strong></span> <span class='ocrx_word' id='word_1_197' title='bbox 1754 1891 2030 1945; x_wconf 80' lang='lat' dir='ltr'><strong>archidia-</strong></span> 
     </span>
    </p>
   </div>
   <div class='ocr_carea' id='block_1_33' title="bbox 2144 1870 3716 1964">
    <p class='ocr_par' dir='ltr' id='par_1_33' title="bbox 2144 1884 3716 1957">
     <span class='ocr_line' id='line_1_33' title="bbox 2144 1884 3716 1957; baseline -0.002 -18"><span class='ocrx_word' id='word_1_198' title='bbox 2144 1887 2413 1957; x_wconf 87' lang='grc' dir='ltr'>ροτονείν,</span> <span class='ocrx_word' id='word_1_199' title='bbox 2478 1886 2536 1950; x_wconf 83' lang='grc' dir='ltr'>ὃς</span> <span class='ocrx_word' id='word_1_200' title='bbox 2586 1886 2962 1955; x_wconf 74' lang='grc' dir='ltr'>ἁρχιδιάκονος</span> <span class='ocrx_word' id='word_1_201' title='bbox 3012 1884 3110 1951; x_wconf 74' lang='grc' dir='ltr'><strong>τῆς</strong></span> <span class='ocrx_word' id='word_1_202' title='bbox 3159 1884 3347 1938; x_wconf 69' lang='grc' dir='ltr'>ἐκεῖσε</span> <span class='ocrx_word' id='word_1_203' title='bbox 3402 1884 3716 1955; x_wconf 60' lang='grc' dir='ltr'>ἑκκλψίας</span> 
     </span>
    </p>
   </div>
   <div class='ocr_carea' id='block_1_34' title="bbox 462 1982 2030 2055">
    <p class='ocr_par' dir='ltr' id='par_1_34' title="bbox 462 1982 2030 2055">
     <span class='ocr_line' id='line_1_34' title="bbox 462 1982 2030 2055; baseline -0.003 -15"><span class='ocrx_word' id='word_1_204' title='bbox 462 2002 633 2040; x_wconf 78' lang='lat' dir='ltr'><strong>conus</strong></span> <span class='ocrx_word' id='word_1_205' title='bbox 664 1988 783 2055; x_wconf 86' lang='lat' dir='ltr'><strong>ejus</strong></span> <span class='ocrx_word' id='word_1_206' title='bbox 820 1985 1070 2039; x_wconf 64' lang='lat' dir='ltr'><strong>ecclesiae</strong></span> <span class='ocrx_word' id='word_1_207' title='bbox 1105 1993 1243 2045; x_wconf 88' lang='lat' dir='ltr'><strong>erat,</strong></span> <span class='ocrx_word' id='word_1_208' title='bbox 1276 1985 1568 2054; x_wconf 82' lang='lat' dir='ltr'><strong>episcopus</strong></span> <span class='ocrx_word' id='word_1_209' title='bbox 1601 1983 1903 2053; x_wconf 82' lang='lat' dir='ltr'><strong>legeretur;</strong></span> <span class='ocrx_word' id='word_1_210' title='bbox 1940 1982 2030 2037; x_wconf 89' lang='lat' dir='ltr'><strong>alii</strong></span> 
     </span>
    </p>
   </div>
   <div class='ocr_carea' id='block_1_35' title="bbox 460 2075 2032 2149">
    <p class='ocr_par' dir='ltr' id='par_1_35' title="bbox 460 2075 2032 2149">
     <span class='ocr_line' id='line_1_35' title="bbox 460 2075 2032 2149; baseline 0.001 -20"><span class='ocrx_word' id='word_1_211' title='bbox 460 2078 662 2149; x_wconf 66' lang='lat' dir='ltr'><strong>(lyr-illo</strong></span> <span class='ocrx_word' id='word_1_212' title='bbox 702 2076 870 2147; x_wconf 87' lang='lat' dir='ltr'><strong>magis</strong></span> <span class='ocrx_word' id='word_1_213' title='bbox 904 2076 1180 2139; x_wconf 79' lang='lat' dir='ltr'><strong>favebant,</strong></span> <span class='ocrx_word' id='word_1_214' title='bbox 1212 2079 1306 2145; x_wconf 89' lang='lat' dir='ltr'><strong>qui</strong></span> <span class='ocrx_word' id='word_1_215' title='bbox 1344 2075 1633 2145; x_wconf 86' lang='lat' dir='ltr'><strong>Tltc0phili</strong></span> <span class='ocrx_word' id='word_1_216' title='bbox 1669 2075 1854 2129; x_wconf 80' lang='lat' dir='ltr'><strong>fratris</strong></span> <span class='ocrx_word' id='word_1_217' title='bbox 1890 2076 2032 2131; x_wconf 86' lang='lat' dir='ltr'><strong>ﬁlius</strong></span> 
     </span>
    </p>
   </div>
   <div class='ocr_carea' id='block_1_36' title="bbox 464 2170 2030 2239">
    <p class='ocr_par' dir='ltr' id='par_1_36' title="bbox 464 2170 2030 2239">
     <span class='ocr_line' id='line_1_36' title="bbox 464 2170 2030 2239; baseline 0.003 -19"><span class='ocrx_word' id='word_1_218' title='bbox 464 2178 617 2232; x_wconf 77' lang='lat' dir='ltr'><strong>erat,</strong></span> <span class='ocrx_word' id='word_1_219' title='bbox 668 2170 1129 2239; x_wconf 81' lang='lat' dir='ltr'><strong>prolanarumque</strong></span> <span class='ocrx_word' id='word_1_220' title='bbox 1178 2170 1339 2223; x_wconf 90' lang='lat' dir='ltr'><strong>simul</strong></span> <span class='ocrx_word' id='word_1_221' title='bbox 1382 2180 1436 2225; x_wconf 90' lang='lat' dir='ltr'><strong>et</strong></span> <span class='ocrx_word' id='word_1_222' title='bbox 1492 2184 1769 2224; x_wconf 87' lang='lat' dir='ltr'><strong>sacrarum</strong></span> <span class='ocrx_word' id='word_1_223' title='bbox 1821 2170 2030 2224; x_wconf 88' lang='lat' dir='ltr'><strong>littera-</strong></span> 
     </span>
    </p>
   </div>
   <div class='ocr_carea' id='block_1_37' title="bbox 464 2258 2032 2328">
    <p class='ocr_par' dir='ltr' id='par_1_37' title="bbox 464 2258 2032 2328">
     <span class='ocr_line' id='line_1_37' title="bbox 464 2258 2032 2328; baseline 0.003 -19"><span class='ocrx_word' id='word_1_224' title='bbox 464 2273 583 2310; x_wconf 87' lang='lat' dir='ltr'><strong>rum</strong></span> <span class='ocrx_word' id='word_1_225' title='bbox 611 2258 807 2328; x_wconf 84' lang='lat' dir='ltr'><strong>peritia</strong></span> <span class='ocrx_word' id='word_1_226' title='bbox 835 2259 1017 2312; x_wconf 89' lang='lat' dir='ltr'><strong>multis</strong></span> <span class='ocrx_word' id='word_1_227' title='bbox 1041 2258 1215 2313; x_wconf 82' lang='lat' dir='ltr'><strong>modis</strong></span> <span class='ocrx_word' id='word_1_228' title='bbox 1244 2274 1434 2313; x_wconf 90' lang='lat' dir='ltr'><strong>omnes</strong></span> <span class='ocrx_word' id='word_1_229' title='bbox 1456 2259 1781 2327; x_wconf 79' lang='lat' dir='ltr'><strong>superabat:</strong></span> <span class='ocrx_word' id='word_1_230' title='bbox 1811 2258 2032 2313; x_wconf 73' lang='lat' dir='ltr'><strong>virtutis</strong></span> 
     </span>
    </p>
   </div>
   <div class='ocr_carea' id='block_1_38' title="bbox 462 2349 2029 2419">
    <p class='ocr_par' dir='ltr' id='par_1_38' title="bbox 462 2349 2029 2419">
     <span class='ocr_line' id='line_1_38' title="bbox 462 2349 2029 2419; baseline 0.001 -18"><span class='ocrx_word' id='word_1_231' title='bbox 462 2351 625 2403; x_wconf 74' lang='lat' dir='ltr'><strong>etiam</strong></span> <span class='ocrx_word' id='word_1_232' title='bbox 661 2364 863 2419; x_wconf 85' lang='lat' dir='ltr'><strong>genere</strong></span> <span class='ocrx_word' id='word_1_233' title='bbox 899 2352 1071 2411; x_wconf 89' lang='lat' dir='ltr'><strong>omni,</strong></span> <span class='ocrx_word' id='word_1_234' title='bbox 1105 2350 1162 2403; x_wconf 90' lang='lat' dir='ltr'><strong>in</strong></span> <span class='ocrx_word' id='word_1_235' title='bbox 1191 2351 1432 2419; x_wconf 71' lang='lat' dir='ltr'><strong>qualibet</strong></span> <span class='ocrx_word' id='word_1_236' title='bbox 1462 2350 1679 2404; x_wconf 84' lang='lat' dir='ltr'><strong>laudem</strong></span> <span class='ocrx_word' id='word_1_237' title='bbox 1720 2361 1773 2403; x_wconf 87' lang='lat' dir='ltr'><strong>et</strong></span> <span class='ocrx_word' id='word_1_238' title='bbox 1803 2349 2029 2419; x_wconf 79' lang='lat' dir='ltr'><strong>gloriam</strong></span> 
     </span>
    </p>
   </div>
   <div class='ocr_carea' id='block_1_39' title="bbox 464 2438 2031 2508">
    <p class='ocr_par' dir='ltr' id='par_1_39' title="bbox 464 2438 2031 2508">
     <span class='ocr_line' id='line_1_39' title="bbox 464 2438 2031 2508; baseline -0.004 -14"><span class='ocrx_word' id='word_1_239' title='bbox 464 2450 798 2495; x_wconf 83' lang='lat' dir='ltr'><strong>consecutus</strong></span> <span class='ocrx_word' id='word_1_240' title='bbox 822 2480 835 2503; x_wconf 92' lang='lat'><strong>,</strong></span> <span class='ocrx_word' id='word_1_241' title='bbox 867 2439 1173 2496; x_wconf 78' lang='lat' dir='ltr'><strong>excellebat</strong></span> <span class='ocrx_word' id='word_1_242' title='bbox 1201 2457 1213 2493; x_wconf 90' lang='lat'><strong>:</strong></span> <span class='ocrx_word' id='word_1_243' title='bbox 1260 2439 1417 2508; x_wconf 86' lang='lat' dir='ltr'><strong>cujus</strong></span> <span class='ocrx_word' id='word_1_244' title='bbox 1445 2439 1508 2491; x_wconf 85' lang='lat' dir='ltr'><strong>ad</strong></span> <span class='ocrx_word' id='word_1_245' title='bbox 1540 2438 1654 2493; x_wconf 72' lang='lat' dir='ltr'><strong>hmo</strong></span> <span class='ocrx_word' id='word_1_246' title='bbox 1691 2453 1859 2506; x_wconf 84' lang='lat' dir='ltr'><strong>usque</strong></span> <span class='ocrx_word' id='word_1_247' title='bbox 1893 2446 2031 2491; x_wconf 80' lang='lat' dir='ltr'><strong>tem-</strong></span> 
     </span>
    </p>
   </div>
   <div class='ocr_carea' id='block_1_40' title="bbox 467 2529 2033 2601">
    <p class='ocr_par' dir='ltr' id='par_1_40' title="bbox 467 2529 2033 2601">
     <span class='ocr_line' id='line_1_40' title="bbox 467 2529 2033 2601; baseline -0.001 -17"><span class='ocrx_word' id='word_1_248' title='bbox 467 2547 596 2601; x_wconf 89' lang='lat' dir='ltr'><strong>pora</strong></span> <span class='ocrx_word' id='word_1_249' title='bbox 621 2531 823 2600; x_wconf 81' lang='lat' dir='ltr'><strong>scripta</strong></span> <span class='ocrx_word' id='word_1_250' title='bbox 852 2530 1083 2600; x_wconf 89' lang='lat' dir='ltr'><strong>plurima</strong></span> <span class='ocrx_word' id='word_1_251' title='bbox 1110 2530 1594 2594; x_wconf 81' lang='lat' dir='ltr'><strong>circumferuntur,</strong></span> <span class='ocrx_word' id='word_1_252' title='bbox 1620 2544 1850 2599; x_wconf 88' lang='lat' dir='ltr'><strong>quorum</strong></span> <span class='ocrx_word' id='word_1_253' title='bbox 1874 2529 2033 2596; x_wconf 82' lang='lat' dir='ltr'><strong>longe</strong></span> 
     </span>
    </p>
   </div>
   <div class='ocr_carea' id='block_1_41' title="bbox 465 2619 2035 2690">
    <p class='ocr_par' dir='ltr' id='par_1_41' title="bbox 465 2619 2035 2690">
     <span class='ocr_line' id='line_1_41' title="bbox 465 2619 2035 2690; baseline -0.001 -17"><span class='ocrx_word' id='word_1_254' title='bbox 465 2624 732 2690; x_wconf 76' lang='lat' dir='ltr'><strong>optimum</strong></span> <span class='ocrx_word' id='word_1_255' title='bbox 769 2630 873 2684; x_wconf 79' lang='lat' dir='ltr'><strong>est,</strong></span> <span class='ocrx_word' id='word_1_256' title='bbox 904 2620 1051 2690; x_wconf 87' lang='lat' dir='ltr'><strong>quod</strong></span> <span class='ocrx_word' id='word_1_257' title='bbox 1085 2620 1374 2674; x_wconf 77' lang='lat' dir='ltr'><strong>Tliesauros</strong></span> <span class='ocrx_word' id='word_1_258' title='bbox 1406 2620 1723 2690; x_wconf 86' lang='lat' dir='ltr'><strong>inscripsit,</strong></span> <span class='ocrx_word' id='word_1_259' title='bbox 1755 2636 1822 2674; x_wconf 85' lang='lat' dir='ltr'><strong>ex</strong></span> <span class='ocrx_word' id='word_1_260' title='bbox 1858 2619 2035 2673; x_wconf 82' lang='lat' dir='ltr'><strong>omni-</strong></span> 
     </span>
    </p>
   </div>
   <div class='ocr_carea' id='block_1_42' title="bbox 466 2710 2032 2781">
    <p class='ocr_par' dir='ltr' id='par_1_42' title="bbox 466 2710 2032 2781">
     <span class='ocr_line' id='line_1_42' title="bbox 466 2710 2032 2781; baseline -0.004 -13"><span class='ocrx_word' id='word_1_261' title='bbox 466 2716 569 2769; x_wconf 89' lang='lat' dir='ltr'><strong>bus</strong></span> <span class='ocrx_word' id='word_1_262' title='bbox 603 2727 888 2767; x_wconf 88' lang='lat' dir='ltr'><strong>sacrarum</strong></span> <span class='ocrx_word' id='word_1_263' title='bbox 922 2712 1254 2767; x_wconf 85' lang='lat' dir='ltr'><strong>Litterarum</strong></span> <span class='ocrx_word' id='word_1_264' title='bbox 1291 2710 1512 2780; x_wconf 86' lang='lat' dir='ltr'><strong>scriptis</strong></span> <span class='ocrx_word' id='word_1_265' title='bbox 1536 2752 1549 2775; x_wconf 95' lang='lat'><strong>,</strong></span> <span class='ocrx_word' id='word_1_266' title='bbox 1593 2710 2032 2781; x_wconf 74' lang='lat' dir='ltr'><strong>syllogismorum</strong></span> 
     </span>
    </p>
   </div>
   <div class='ocr_carea' id='block_1_43' title="bbox 466 2802 2031 2873">
    <p class='ocr_par' dir='ltr' id='par_1_43' title="bbox 466 2802 2031 2873">
     <span class='ocr_line' id='line_1_43' title="bbox 466 2802 2031 2873; baseline -0.004 -13"><span class='ocrx_word' id='word_1_267' title='bbox 466 2804 983 2861; x_wconf 83' lang='lat' dir='ltr'><strong>ratiocinationibus</strong></span> <span class='ocrx_word' id='word_1_268' title='bbox 1020 2812 1077 2858; x_wconf 91' lang='lat' dir='ltr'><strong>et</strong></span> <span class='ocrx_word' id='word_1_269' title='bbox 1110 2803 1678 2859; x_wconf 75' lang='lat' dir='ltr'><strong>demonstrationibus</strong></span> <span class='ocrx_word' id='word_1_270' title='bbox 1710 2802 2031 2873; x_wconf 77' lang='lat' dir='ltr'><strong>mysterium</strong></span> 
     </span>
    </p>
   </div>
   <div class='ocr_carea' id='block_1_44' title="bbox 465 2896 2034 2966">
    <p class='ocr_par' dir='ltr' id='par_1_44' title="bbox 465 2896 2034 2966">
     <span class='ocr_line' id='line_1_44' title="bbox 465 2896 2034 2966; baseline -0.002 -12"><span class='ocrx_word' id='word_1_271' title='bbox 465 2908 670 2954; x_wconf 72' lang='lat' dir='ltr'><strong>sancta:</strong></span> <span class='ocrx_word' id='word_1_272' title='bbox 697 2897 985 2952; x_wconf 87' lang='lat' dir='ltr'><strong>Trinitatis</strong></span> <span class='ocrx_word' id='word_1_273' title='bbox 1016 2898 1335 2952; x_wconf 78' lang='lat' dir='ltr'><strong>ostendens.</strong></span> <span class='ocrx_word' id='word_1_274' title='bbox 1370 2896 1526 2950; x_wconf 84' lang='lat' dir='ltr'><strong>Aliud</strong></span> <span class='ocrx_word' id='word_1_275' title='bbox 1563 2906 1845 2966; x_wconf 62' lang='lat' dir='ltr'><strong>praeterea,</strong></span> <span class='ocrx_word' id='word_1_276' title='bbox 1876 2896 2034 2965; x_wconf 87' lang='lat' dir='ltr'><strong>cujus</strong></span> 
     </span>
    </p>
   </div>
   <div class='ocr_carea' id='block_1_45' title="bbox 468 2988 2031 3059">
    <p class='ocr_par' dir='ltr' id='par_1_45' title="bbox 468 2988 2031 3059">
     <span class='ocr_line' id='line_1_45' title="bbox 468 2988 2031 3059; baseline -0.003 -15"><span class='ocrx_word' id='word_1_277' title='bbox 468 2991 658 3045; x_wconf 84' lang='lat' dir='ltr'><strong>titulus</strong></span> <span class='ocrx_word' id='word_1_278' title='bbox 693 3000 779 3044; x_wconf 89' lang='lat' dir='ltr'><strong>est</strong></span> <span class='ocrx_word' id='word_1_279' title='bbox 812 2990 881 3041; x_wconf 76' lang='grc' dir='ltr'>τὰ</span> <span class='ocrx_word' id='word_1_280' title='bbox 914 2990 1198 3059; x_wconf 78' lang='grc' dir='ltr'>Γλαφυρὰ,</span> <span class='ocrx_word' id='word_1_281' title='bbox 1231 2991 1336 3043; x_wconf 90' lang='lat' dir='ltr'><strong>hoc</strong></span> <span class='ocrx_word' id='word_1_282' title='bbox 1370 2998 1472 3054; x_wconf 86' lang='lat' dir='ltr'><strong>est,</strong></span> <span class='ocrx_word' id='word_1_283' title='bbox 1510 2990 1645 3043; x_wconf 89' lang='lat' dir='ltr'><strong>scita</strong></span> <span class='ocrx_word' id='word_1_284' title='bbox 1684 3004 1779 3043; x_wconf 92' lang='lat' dir='ltr'><strong>seu</strong></span> <span class='ocrx_word' id='word_1_285' title='bbox 1813 2988 2031 3057; x_wconf 82' lang='lat' dir='ltr'><strong>elegan-</strong></span> 
     </span>
    </p>
   </div>
   <div class='ocr_carea' id='block_1_46' title="bbox 466 3078 2030 3150">
    <p class='ocr_par' dir='ltr' id='par_1_46' title="bbox 466 3078 2030 3150">
     <span class='ocr_line' id='line_1_46' title="bbox 466 3078 2030 3150; baseline -0.003 -15"><span class='ocrx_word' id='word_1_286' title='bbox 466 3083 559 3145; x_wconf 88' lang='lat' dir='ltr'><strong>tia,</strong></span> <span class='ocrx_word' id='word_1_287' title='bbox 600 3083 654 3135; x_wconf 91' lang='lat' dir='ltr'><strong>in</strong></span> <span class='ocrx_word' id='word_1_288' title='bbox 688 3097 798 3150; x_wconf 89' lang='lat' dir='ltr'><strong>quo</strong></span> <span class='ocrx_word' id='word_1_289' title='bbox 824 3094 888 3137; x_wconf 79' lang='lat' dir='ltr'><strong>ea</strong></span> <span class='ocrx_word' id='word_1_290' title='bbox 921 3096 1040 3150; x_wconf 67' lang='lat' dir='ltr'><strong>quae</strong></span> <span class='ocrx_word' id='word_1_291' title='bbox 1071 3081 1126 3134; x_wconf 88' lang='lat' dir='ltr'><strong>in</strong></span> <span class='ocrx_word' id='word_1_292' title='bbox 1159 3080 1441 3134; x_wconf 87' lang='lat' dir='ltr'><strong>veteribus</strong></span> <span class='ocrx_word' id='word_1_293' title='bbox 1471 3078 1769 3149; x_wconf 89' lang='lat' dir='ltr'><strong>Scripturis</strong></span> <span class='ocrx_word' id='word_1_294' title='bbox 1803 3080 2030 3148; x_wconf 88' lang='lat' dir='ltr'><strong>ﬁgurate</strong></span> 
     </span>
    </p>
   </div>
   <div class='ocr_carea' id='block_1_47' title="bbox 466 3172 2035 3237">
    <p class='ocr_par' dir='ltr' id='par_1_47' title="bbox 466 3172 2035 3237">
     <span class='ocr_line' id='line_1_47' title="bbox 466 3172 2035 3237; baseline -0.002 -12"><span class='ocrx_word' id='word_1_295' title='bbox 466 3173 608 3226; x_wconf 85' lang='lat' dir='ltr'><strong>dicta</strong></span> <span class='ocrx_word' id='word_1_296' title='bbox 640 3183 799 3237; x_wconf 89' lang='lat' dir='ltr'><strong>sunt,</strong></span> <span class='ocrx_word' id='word_1_297' title='bbox 842 3173 908 3227; x_wconf 89' lang='lat' dir='ltr'><strong>ad</strong></span> <span class='ocrx_word' id='word_1_298' title='bbox 942 3172 1219 3227; x_wconf 86' lang='lat' dir='ltr'><strong>Christum</strong></span> <span class='ocrx_word' id='word_1_299' title='bbox 1260 3180 1316 3226; x_wconf 86' lang='lat' dir='ltr'><strong>et</strong></span> <span class='ocrx_word' id='word_1_300' title='bbox 1343 3172 1639 3226; x_wconf 79' lang='lat' dir='ltr'><strong>Ecclesium</strong></span> <span class='ocrx_word' id='word_1_301' title='bbox 1670 3178 1914 3224; x_wconf 84' lang='lat' dir='ltr'><strong>nostram</strong></span> <span class='ocrx_word' id='word_1_302' title='bbox 1949 3183 2035 3222; x_wconf 87' lang='lat' dir='ltr'><strong>re-</strong></span> 
     </span>
    </p>
   </div>
   <div class='ocr_carea' id='block_1_48' title="bbox 466 3261 2037 3335">
    <p class='ocr_par' dir='ltr' id='par_1_48' title="bbox 466 3261 2037 3335">
     <span class='ocr_line' id='line_1_48' title="bbox 466 3261 2037 3335; baseline -0.002 -17"><span class='ocrx_word' id='word_1_303' title='bbox 466 3266 595 3320; x_wconf 74' lang='lat' dir='ltr'><strong>fert.</strong></span> <span class='ocrx_word' id='word_1_304' title='bbox 635 3265 801 3319; x_wconf 85' lang='lat' dir='ltr'><strong>Liber</strong></span> <span class='ocrx_word' id='word_1_305' title='bbox 836 3266 966 3320; x_wconf 85' lang='lat' dir='ltr'><strong>item</strong></span> <span class='ocrx_word' id='word_1_306' title='bbox 999 3266 1159 3330; x_wconf 86' lang='lat' dir='ltr'><strong>alius,</strong></span> <span class='ocrx_word' id='word_1_307' title='bbox 1194 3264 1289 3335; x_wconf 84' lang='lat' dir='ltr'><strong>qui</strong></span> <span class='ocrx_word' id='word_1_308' title='bbox 1321 3263 1399 3317; x_wconf 85' lang='lat' dir='ltr'><strong>De</strong></span> <span class='ocrx_word' id='word_1_309' title='bbox 1432 3263 1702 3333; x_wconf 76' lang='lat' dir='ltr'><strong>spirituali</strong></span> <span class='ocrx_word' id='word_1_310' title='bbox 1731 3261 1873 3314; x_wconf 85' lang='lat' dir='ltr'><strong>cultu</strong></span> <span class='ocrx_word' id='word_1_311' title='bbox 1905 3262 2037 3315; x_wconf 90' lang='lat' dir='ltr'><strong>titu-</strong></span> 
     </span>
    </p>
   </div>
   <div class='ocr_carea' id='block_1_49' title="bbox 468 3353 2037 3421">
    <p class='ocr_par' dir='ltr' id='par_1_49' title="bbox 468 3353 2037 3421">
     <span class='ocr_line' id='line_1_49' title="bbox 468 3353 2037 3421; baseline -0.003 -10"><span class='ocrx_word' id='word_1_312' title='bbox 468 3357 582 3411; x_wconf 89' lang='lat' dir='ltr'><strong>lum</strong></span> <span class='ocrx_word' id='word_1_313' title='bbox 616 3357 800 3411; x_wconf 85' lang='lat' dir='ltr'><strong>habet.</strong></span> <span class='ocrx_word' id='word_1_314' title='bbox 837 3356 990 3411; x_wconf 83' lang='lat' dir='ltr'><strong>Alius</strong></span> <span class='ocrx_word' id='word_1_315' title='bbox 1018 3358 1181 3411; x_wconf 90' lang='lat' dir='ltr'><strong>etiam</strong></span> <span class='ocrx_word' id='word_1_316' title='bbox 1215 3357 1297 3410; x_wconf 83' lang='lat' dir='ltr'><strong>Ad</strong></span> <span class='ocrx_word' id='word_1_317' title='bbox 1344 3354 1652 3410; x_wconf 81' lang='lat' dir='ltr'><strong>Palladium</strong></span> <span class='ocrx_word' id='word_1_318' title='bbox 1677 3394 1690 3418; x_wconf 92' lang='lat'><strong>,</strong></span> <span class='ocrx_word' id='word_1_319' title='bbox 1733 3353 1790 3407; x_wconf 91' lang='lat' dir='ltr'><strong>in</strong></span> <span class='ocrx_word' id='word_1_320' title='bbox 1822 3354 2037 3421; x_wconf 80' lang='lat' dir='ltr'><strong>dialogo</strong></span> 
     </span>
    </p>
   </div>
   <div class='ocr_carea' id='block_1_50' title="bbox 468 3446 2035 3523">
    <p class='ocr_par' dir='ltr' id='par_1_50' title="bbox 468 3446 2035 3523">
     <span class='ocr_line' id='line_1_50' title="bbox 468 3446 2035 3523; baseline -0.002 -23"><span class='ocrx_word' id='word_1_321' title='bbox 468 3464 568 3517; x_wconf 89' lang='lat' dir='ltr'><strong>pro</strong></span> <span class='ocrx_word' id='word_1_322' title='bbox 595 3450 799 3518; x_wconf 78' lang='lat' dir='ltr'><strong>Spiritu</strong></span> <span class='ocrx_word' id='word_1_323' title='bbox 825 3460 1018 3523; x_wconf 85' lang='lat' dir='ltr'><strong>sancto</strong></span> <span class='ocrx_word' id='word_1_324' title='bbox 1045 3446 1579 3518; x_wconf 69' lang='lat' dir='ltr'><strong>compositusJAlius</strong></span> <span class='ocrx_word' id='word_1_325' title='bbox 1604 3446 1850 3515; x_wconf 86' lang='lat' dir='ltr'><strong>insuper,</strong></span> <span class='ocrx_word' id='word_1_326' title='bbox 1874 3459 2035 3514; x_wconf 84' lang='lat' dir='ltr'><strong>quem</strong></span> 
     </span>
    </p>
   </div>
   <div class='ocr_carea' id='block_1_51' title="bbox 471 3536 2035 3610">
    <p class='ocr_par' dir='ltr' id='par_1_51' title="bbox 471 3536 2035 3610">
     <span class='ocr_line' id='line_1_51' title="bbox 471 3536 2035 3610; baseline 0 -19"><span class='ocrx_word' id='word_1_327' title='bbox 471 3551 660 3593; x_wconf 64' lang='lat' dir='ltr'><strong>contra</strong></span> <span class='ocrx_word' id='word_1_328' title='bbox 700 3541 978 3594; x_wconf 82' lang='lat' dir='ltr'><strong>Julianum</strong></span> <span class='ocrx_word' id='word_1_329' title='bbox 1020 3555 1120 3610; x_wconf 91' lang='lat' dir='ltr'><strong>pro</strong></span> <span class='ocrx_word' id='word_1_330' title='bbox 1153 3554 1312 3594; x_wconf 84' lang='lat' dir='ltr'><strong>sacro</strong></span> <span class='ocrx_word' id='word_1_331' title='bbox 1354 3538 1649 3607; x_wconf 80' lang='lat' dir='ltr'><strong>Evangelio</strong></span> <span class='ocrx_word' id='word_1_332' title='bbox 1683 3536 2035 3605; x_wconf 78' lang='lat' dir='ltr'><strong>conscripsit.</strong></span> 
     </span>
    </p>
   </div>
   <div class='ocr_carea' id='block_1_52' title="bbox 469 3627 2038 3701">
    <p class='ocr_par' dir='ltr' id='par_1_52' title="bbox 469 3627 2038 3701">
     <span class='ocr_line' id='line_1_52' title="bbox 469 3627 2038 3701; baseline -0.003 -16"><span class='ocrx_word' id='word_1_333' title='bbox 469 3632 574 3685; x_wconf 81' lang='lat' dir='ltr'><strong>Alii</strong></span> <span class='ocrx_word' id='word_1_334' title='bbox 620 3632 856 3701; x_wconf 88' lang='lat' dir='ltr'><strong>denique</strong></span> <span class='ocrx_word' id='word_1_335' title='bbox 891 3631 1095 3700; x_wconf 84' lang='lat' dir='ltr'><strong>plures,</strong></span> <span class='ocrx_word' id='word_1_336' title='bbox 1130 3639 1291 3699; x_wconf 90' lang='lat' dir='ltr'><strong>atque</strong></span> <span class='ocrx_word' id='word_1_337' title='bbox 1336 3629 1504 3684; x_wconf 86' lang='lat' dir='ltr'><strong>etiam</strong></span> <span class='ocrx_word' id='word_1_338' title='bbox 1548 3628 1817 3698; x_wconf 84' lang='lat' dir='ltr'><strong>epistolae.</strong></span> <span class='ocrx_word' id='word_1_339' title='bbox 1848 3627 2038 3693; x_wconf 86' lang='lat' dir='ltr'><strong>Qualis</strong></span> 
     </span>
    </p>
   </div>
   <div class='ocr_carea' id='block_1_53' title="bbox 470 3719 2039 3788">
    <p class='ocr_par' dir='ltr' id='par_1_53' title="bbox 470 3719 2039 3788">
     <span class='ocr_line' id='line_1_53' title="bbox 470 3719 2039 3788; baseline -0.003 -11"><span class='ocrx_word' id='word_1_340' title='bbox 470 3733 652 3777; x_wconf 89' lang='lat' dir='ltr'><strong>autem</strong></span> <span class='ocrx_word' id='word_1_341' title='bbox 683 3724 729 3777; x_wconf 89' lang='lat' dir='ltr'><strong>is</strong></span> <span class='ocrx_word' id='word_1_342' title='bbox 756 3724 841 3776; x_wconf 86' lang='lat' dir='ltr'><strong>vir</strong></span> <span class='ocrx_word' id='word_1_343' title='bbox 874 3724 1071 3787; x_wconf 84' lang='lat' dir='ltr'><strong>tuerit,</strong></span> <span class='ocrx_word' id='word_1_344' title='bbox 1100 3737 1224 3777; x_wconf 91' lang='lat' dir='ltr'><strong>cum</strong></span> <span class='ocrx_word' id='word_1_345' title='bbox 1258 3735 1344 3775; x_wconf 87' lang='lat' dir='ltr'><strong>res</strong></span> <span class='ocrx_word' id='word_1_346' title='bbox 1383 3719 1621 3775; x_wconf 83' lang='lat' dir='ltr'><strong>Nestorii</strong></span> <span class='ocrx_word' id='word_1_347' title='bbox 1653 3728 1710 3773; x_wconf 92' lang='lat' dir='ltr'><strong>et</strong></span> <span class='ocrx_word' id='word_1_348' title='bbox 1744 3719 1921 3773; x_wconf 69' lang='lat' dir='ltr'><strong>tertia:</strong></span> <span class='ocrx_word' id='word_1_349' title='bbox 1950 3735 2039 3788; x_wconf 76' lang='lat' dir='ltr'><strong>sy-</strong></span> 
     </span>
    </p>
   </div>
   <div class='ocr_carea' id='block_1_54' title="bbox 470 3809 2039 3881">
    <p class='ocr_par' dir='ltr' id='par_1_54' title="bbox 470 3809 2039 3881">
     <span class='ocr_line' id='line_1_54' title="bbox 470 3809 2039 3881; baseline -0.002 -16"><span class='ocrx_word' id='word_1_350' title='bbox 470 3813 601 3866; x_wconf 85' lang='lat' dir='ltr'><strong>nodi</strong></span> <span class='ocrx_word' id='word_1_351' title='bbox 638 3826 1068 3881; x_wconf 81' lang='lat' dir='ltr'><strong>persequemur,</strong></span> <span class='ocrx_word' id='word_1_352' title='bbox 1104 3810 1237 3866; x_wconf 85' lang='lat' dir='ltr'><strong>satis</strong></span> <span class='ocrx_word' id='word_1_353' title='bbox 1270 3810 1523 3880; x_wconf 85' lang='lat' dir='ltr'><strong>liquebit.</strong></span> <span class='ocrx_word' id='word_1_354' title='bbox 1560 3809 1852 3864; x_wconf 84' lang='lat' dir='ltr'><strong>Enimvero</strong></span> <span class='ocrx_word' id='word_1_355' title='bbox 1889 3809 2039 3863; x_wconf 83' lang='lat' dir='ltr'><strong>sedi-</strong></span> 
     </span>
    </p>
   </div>
   <div class='ocr_carea' id='block_1_55' title="bbox 475 3901 2036 3974">
    <p class='ocr_par' dir='ltr' id='par_1_55' title="bbox 475 3901 2036 3974">
     <span class='ocr_line' id='line_1_55' title="bbox 475 3901 2036 3974; baseline -0.003 -15"><span class='ocrx_word' id='word_1_356' title='bbox 475 3908 623 3961; x_wconf 89' lang='lat' dir='ltr'><strong>tione</strong></span> <span class='ocrx_word' id='word_1_357' title='bbox 697 3907 750 3959; x_wconf 90' lang='lat' dir='ltr'><strong>in</strong></span> <span class='ocrx_word' id='word_1_358' title='bbox 820 3904 1021 3974; x_wconf 80' lang='lat' dir='ltr'><strong>pOpulo</strong></span> <span class='ocrx_word' id='word_1_359' title='bbox 1087 3904 1153 3957; x_wconf 90' lang='lat' dir='ltr'><strong>de</strong></span> <span class='ocrx_word' id='word_1_360' title='bbox 1217 3902 1463 3972; x_wconf 86' lang='lat' dir='ltr'><strong>episcopi</strong></span> <span class='ocrx_word' id='word_1_361' title='bbox 1529 3901 1801 3956; x_wconf 80' lang='lat' dir='ltr'><strong>electione</strong></span> <span class='ocrx_word' id='word_1_362' title='bbox 1868 3909 2036 3964; x_wconf 89' lang='lat' dir='ltr'><strong>mota,</strong></span> 
     </span>
    </p>
   </div>
   <div class='ocr_carea' id='block_1_56' title="bbox 473 3991 2041 4065">
    <p class='ocr_par' dir='ltr' id='par_1_56' title="bbox 473 3991 2041 4065">
     <span class='ocr_line' id='line_1_56' title="bbox 473 3991 2041 4065; baseline -0.003 -15"><span class='ocrx_word' id='word_1_363' title='bbox 473 3996 750 4051; x_wconf 84' lang='lat' dir='ltr'><strong>Timothei</strong></span> <span class='ocrx_word' id='word_1_364' title='bbox 810 3995 1057 4065; x_wconf 58' lang='lat' dir='ltr'><strong>partibus</strong></span> <span class='ocrx_word' id='word_1_365' title='bbox 1112 4009 1221 4049; x_wconf 90' lang='lat' dir='ltr'><strong>non</strong></span> <span class='ocrx_word' id='word_1_366' title='bbox 1283 4008 1475 4063; x_wconf 90' lang='lat' dir='ltr'><strong>parum</strong></span> <span class='ocrx_word' id='word_1_367' title='bbox 1538 3995 1800 4047; x_wconf 91' lang='lat' dir='ltr'><strong>momenti</strong></span> <span class='ocrx_word' id='word_1_368' title='bbox 1856 3991 2041 4046; x_wconf 87' lang='lat' dir='ltr'><strong>attulit</strong></span> 
     </span>
    </p>
   </div>
   <div class='ocr_carea' id='block_1_57' title="bbox 472 4083 2040 4156">
    <p class='ocr_par' dir='ltr' id='par_1_57' title="bbox 472 4083 2040 4156">
     <span class='ocr_line' id='line_1_57' title="bbox 472 4083 2040 4156; baseline -0.003 -15"><span class='ocrx_word' id='word_1_369' title='bbox 472 4087 892 4151; x_wconf 83' lang='lat' dir='ltr'><strong>Abundantius,</strong></span> <span class='ocrx_word' id='word_1_370' title='bbox 948 4085 1043 4156; x_wconf 91' lang='lat' dir='ltr'><strong>qui</strong></span> <span class='ocrx_word' id='word_1_371' title='bbox 1092 4093 1203 4137; x_wconf 90' lang='lat' dir='ltr'><strong>tum</strong></span> <span class='ocrx_word' id='word_1_372' title='bbox 1252 4084 1568 4138; x_wconf 90' lang='lat' dir='ltr'><strong>militarium</strong></span> <span class='ocrx_word' id='word_1_373' title='bbox 1621 4083 1878 4138; x_wconf 89' lang='lat' dir='ltr'><strong>ordinum</strong></span> <span class='ocrx_word' id='word_1_374' title='bbox 1929 4084 2040 4138; x_wconf 80' lang='lat' dir='ltr'><strong>dux</strong></span> 
     </span>
    </p>
   </div>
   <div class='ocr_carea' id='block_1_58' title="bbox 472 4176 2040 4246">
    <p class='ocr_par' dir='ltr' id='par_1_58' title="bbox 472 4176 2040 4246">
     <span class='ocr_line' id='line_1_58' title="bbox 472 4176 2040 4246; baseline -0.002 -14"><span class='ocrx_word' id='word_1_375' title='bbox 472 4188 609 4233; x_wconf 82' lang='lat' dir='ltr'><strong>erat.</strong></span> <span class='ocrx_word' id='word_1_376' title='bbox 648 4178 835 4232; x_wconf 93' lang='lat' dir='ltr'><strong>Tertio</strong></span> <span class='ocrx_word' id='word_1_377' title='bbox 865 4192 996 4232; x_wconf 72' lang='lat' dir='ltr'><strong>vero</strong></span> <span class='ocrx_word' id='word_1_378' title='bbox 1029 4177 1138 4241; x_wconf 91' lang='lat' dir='ltr'><strong>die,</strong></span> <span class='ocrx_word' id='word_1_379' title='bbox 1171 4187 1292 4246; x_wconf 89' lang='lat' dir='ltr'><strong>post</strong></span> <span class='ocrx_word' id='word_1_380' title='bbox 1322 4176 1611 4246; x_wconf 84' lang='lat' dir='ltr'><strong>Theophili</strong></span> <span class='ocrx_word' id='word_1_381' title='bbox 1647 4176 1858 4231; x_wconf 90' lang='lat' dir='ltr'><strong>scilicet</strong></span> <span class='ocrx_word' id='word_1_382' title='bbox 1888 4190 2040 4230; x_wconf 90' lang='lat' dir='ltr'><strong>mor-</strong></span> 
     </span>
    </p>
   </div>
   <div class='ocr_carea' id='block_1_59' title="bbox 476 4268 2037 4338">
    <p class='ocr_par' dir='ltr' id='par_1_59' title="bbox 476 4268 2037 4338">
     <span class='ocr_line' id='line_1_59' title="bbox 476 4268 2037 4338; baseline -0.001 -14"><span class='ocrx_word' id='word_1_383' title='bbox 476 4282 605 4330; x_wconf 88' lang='lat' dir='ltr'><strong>tem,</strong></span> <span class='ocrx_word' id='word_1_384' title='bbox 631 4269 794 4323; x_wconf 82' lang='lat' dir='ltr'><strong>factio</strong></span> <span class='ocrx_word' id='word_1_385' title='bbox 820 4268 990 4323; x_wconf 88' lang='lat' dir='ltr'><strong>altera</strong></span> <span class='ocrx_word' id='word_1_386' title='bbox 1015 4284 1134 4337; x_wconf 77' lang='lat' dir='ltr'><strong>qua:</strong></span> <span class='ocrx_word' id='word_1_387' title='bbox 1153 4268 1417 4337; x_wconf 79' lang='lat' dir='ltr'><strong>Cyrillum</strong></span> <span class='ocrx_word' id='word_1_388' title='bbox 1447 4268 1852 4338; x_wconf 76' lang='lat' dir='ltr'><strong>designaverat,</strong></span> <span class='ocrx_word' id='word_1_389' title='bbox 1875 4268 2037 4323; x_wconf 77' lang='lat' dir='ltr'><strong>vicit:</strong></span> 
     </span>
    </p>
   </div>
   <div class='ocr_carea' id='block_1_60' title="bbox 473 4359 2042 4429">
    <p class='ocr_par' dir='ltr' id='par_1_60' title="bbox 473 4359 2042 4429">
     <span class='ocr_line' id='line_1_60' title="bbox 473 4359 2042 4429; baseline -0.001 -14"><span class='ocrx_word' id='word_1_390' title='bbox 473 4372 529 4415; x_wconf 89' lang='lat' dir='ltr'><strong>ct</strong></span> <span class='ocrx_word' id='word_1_391' title='bbox 564 4360 629 4415; x_wconf 85' lang='lat' dir='ltr'><strong>ad</strong></span> <span class='ocrx_word' id='word_1_392' title='bbox 666 4361 1045 4429; x_wconf 85' lang='lat' dir='ltr'><strong>episcopatum</strong></span> <span class='ocrx_word' id='word_1_393' title='bbox 1084 4361 1288 4429; x_wconf 76' lang='lat' dir='ltr'><strong>majore</strong></span> <span class='ocrx_word' id='word_1_394' title='bbox 1323 4359 1488 4424; x_wconf 82' lang='lat' dir='ltr'><strong>fastu,</strong></span> <span class='ocrx_word' id='word_1_395' title='bbox 1531 4361 1889 4429; x_wconf 80' lang='lat' dir='ltr'><strong>profanorum</strong></span> <span class='ocrx_word' id='word_1_396' title='bbox 1924 4375 2042 4413; x_wconf 85' lang='lat' dir='ltr'><strong>ma—</strong></span> 
     </span>
    </p>
   </div>
   <div class='ocr_carea' id='block_1_61' title="bbox 474 4449 2041 4523">
    <p class='ocr_par' dir='ltr' id='par_1_61' title="bbox 474 4449 2041 4523">
     <span class='ocr_line' id='line_1_61' title="bbox 474 4449 2041 4523; baseline -0.002 -18"><span class='ocrx_word' id='word_1_397' title='bbox 474 4457 799 4523; x_wconf 83' lang='lat' dir='ltr'><strong>gistratuum</strong></span> <span class='ocrx_word' id='word_1_398' title='bbox 848 4466 1002 4506; x_wconf 86' lang='lat' dir='ltr'><strong>more</strong></span> <span class='ocrx_word' id='word_1_399' title='bbox 1025 4488 1040 4514; x_wconf 89' lang='lat'><strong>,</strong></span> <span class='ocrx_word' id='word_1_400' title='bbox 1084 4449 1338 4521; x_wconf 79' lang='lat' dir='ltr'><strong>Cyrillus,</strong></span> <span class='ocrx_word' id='word_1_401' title='bbox 1369 4466 1531 4520; x_wconf 87' lang='lat' dir='ltr'><strong>quam</strong></span> <span class='ocrx_word' id='word_1_402' title='bbox 1566 4452 1880 4506; x_wconf 86' lang='lat' dir='ltr'><strong>decessores</strong></span> <span class='ocrx_word' id='word_1_403' title='bbox 1922 4452 2041 4521; x_wconf 87' lang='lat' dir='ltr'><strong>ejus</strong></span> 
     </span>
    </p>
   </div>
   <div class='ocr_carea' id='block_1_62' title="bbox 2134 1981 3709 2054">
    <p class='ocr_par' dir='ltr' id='par_1_62' title="bbox 2134 1981 3709 2054">
     <span class='ocr_line' id='line_1_62' title="bbox 2134 1981 3709 2054; baseline -0.002 -19"><span class='ocrx_word' id='word_1_404' title='bbox 2134 1983 2432 2054; x_wconf 75' lang='grc' dir='ltr'>ἐτύγχανεν</span> <span class='ocrx_word' id='word_1_405' title='bbox 2465 1983 2539 2035; x_wconf 79' lang='grc' dir='ltr'><strong>ὢν</strong></span> <span class='ocrx_word' id='word_1_406' title='bbox 2565 2000 2580 2016; x_wconf 72' lang='grc'><strong><em>⁸</em></strong></span> <span class='ocrx_word' id='word_1_407' title='bbox 2615 1984 2663 2036; x_wconf 83' lang='grc' dir='ltr'>οἱ</span> <span class='ocrx_word' id='word_1_408' title='bbox 2699 1982 2756 2036; x_wconf 80' lang='grc' dir='ltr'>δὲ</span> <span class='ocrx_word' id='word_1_409' title='bbox 2793 1981 3047 2052; x_wconf 81' lang='grc' dir='ltr'>Κυρίλλῳ</span> <span class='ocrx_word' id='word_1_410' title='bbox 3083 1981 3287 2051; x_wconf 79' lang='grc' dir='ltr'>μᾶλλον</span> <span class='ocrx_word' id='word_1_411' title='bbox 3322 1982 3709 2052; x_wconf 69' lang='grc' dir='ltr'>προσέκειντο,</span> 
     </span>
    </p>
   </div>
   <div class='ocr_carea' id='block_1_63' title="bbox 2133 2070 3716 2146">
    <p class='ocr_par' dir='ltr' id='par_1_63' title="bbox 2133 2070 3716 2146">
     <span class='ocr_line' id='line_1_63' title="bbox 2133 2070 3716 2146; baseline -0.003 -19"><span class='ocrx_word' id='word_1_412' title='bbox 2133 2074 2190 2138; x_wconf 83' lang='grc' dir='ltr'>ὃς</span> <span class='ocrx_word' id='word_1_413' title='bbox 2216 2075 2532 2141; x_wconf 64' lang='grc' dir='ltr'>ἀδελφιδοῖς</span> <span class='ocrx_word' id='word_1_414' title='bbox 2562 2075 2657 2144; x_wconf 78' lang='grc' dir='ltr'>μὲν</span> <span class='ocrx_word' id='word_1_415' title='bbox 2681 2070 2749 2146; x_wconf 80' lang='grc' dir='ltr'>ἦν</span> <span class='ocrx_word' id='word_1_416' title='bbox 2777 2074 3056 2143; x_wconf 77' lang='grc' dir='ltr'><strong>Θεοφίλου,</strong></span> <span class='ocrx_word' id='word_1_417' title='bbox 3083 2076 3150 2143; x_wconf 78' lang='grc' dir='ltr'>τῇ</span> <span class='ocrx_word' id='word_1_418' title='bbox 3176 2074 3232 2126; x_wconf 80' lang='grc' dir='ltr'><strong>δὲ</strong></span> <span class='ocrx_word' id='word_1_419' title='bbox 3258 2073 3545 2143; x_wconf 61' lang='grc' dir='ltr'><strong>Ἐλληνικξί⁴</strong></span> <span class='ocrx_word' id='word_1_420' title='bbox 3581 2088 3716 2124; x_wconf 80' lang='grc' dir='ltr'>παι·</span> 
     </span>
    </p>
   </div>
   <div class='ocr_carea' id='block_1_64' title="bbox 2133 2165 3709 2239">
    <p class='ocr_par' dir='ltr' id='par_1_64' title="bbox 2133 2165 3709 2239">
     <span class='ocr_line' id='line_1_64' title="bbox 2133 2165 3709 2239; baseline -0.003 -18"><span class='ocrx_word' id='word_1_421' title='bbox 2133 2169 2251 2239; x_wconf 77' lang='grc' dir='ltr'>δεία</span> <span class='ocrx_word' id='word_1_422' title='bbox 2278 2169 2369 2222; x_wconf 70' lang='grc' dir='ltr'><strong>καὶ</strong></span> <span class='ocrx_word' id='word_1_423' title='bbox 2397 2171 2507 2231; x_wconf 84' lang='grc' dir='ltr'>τοῖς</span> <span class='ocrx_word' id='word_1_424' title='bbox 2536 2169 2659 2222; x_wconf 83' lang='grc' dir='ltr'>καθ’</span> <span class='ocrx_word' id='word_1_425' title='bbox 2687 2170 2830 2239; x_wconf 76' lang='grc' dir='ltr'>ἡμᾶς</span> <span class='ocrx_word' id='word_1_426' title='bbox 2860 2169 3041 2237; x_wconf 86' lang='grc' dir='ltr'>λόγοις</span> <span class='ocrx_word' id='word_1_427' title='bbox 3067 2167 3247 2237; x_wconf 86' lang='grc' dir='ltr'>πολλῷ</span> <span class='ocrx_word' id='word_1_428' title='bbox 3269 2165 3344 2236; x_wconf 79' lang='grc' dir='ltr'>τῷ</span> <span class='ocrx_word' id='word_1_429' title='bbox 3376 2167 3561 2236; x_wconf 82' lang='grc' dir='ltr'>μέτρῳ</span> <span class='ocrx_word' id='word_1_430' title='bbox 3587 2167 3709 2218; x_wconf 84' lang='grc' dir='ltr'>δια-</span> 
     </span>
    </p>
   </div>
   <div class='ocr_carea' id='block_1_65' title="bbox 2135 2259 3713 2331">
    <p class='ocr_par' dir='ltr' id='par_1_65' title="bbox 2135 2259 3713 2331">
     <span class='ocr_line' id='line_1_65' title="bbox 2135 2259 3713 2331; baseline -0.001 -19"><span class='ocrx_word' id='word_1_431' title='bbox 2135 2262 2408 2330; x_wconf 82' lang='grc' dir='ltr'>φερόντως</span> <span class='ocrx_word' id='word_1_432' title='bbox 2444 2262 2649 2324; x_wconf 72' lang='grc' dir='ltr'>πάντας</span> <span class='ocrx_word' id='word_1_433' title='bbox 2684 2261 2870 2314; x_wconf 60' lang='grc' dir='ltr'>ὲνίκαλ</span> <span class='ocrx_word' id='word_1_434' title='bbox 2901 2262 3070 2331; x_wconf 80' lang='grc' dir='ltr'>ἀρετῇ</span> <span class='ocrx_word' id='word_1_435' title='bbox 3104 2260 3146 2313; x_wconf 76' lang='grc' dir='ltr'>δ’</span> <span class='ocrx_word' id='word_1_436' title='bbox 3175 2260 3363 2330; x_wconf 80' lang='grc' dir='ltr'>ἁπάσῃ</span> <span class='ocrx_word' id='word_1_437' title='bbox 3397 2259 3713 2327; x_wconf 65' lang='grc' dir='ltr'>προέφερεν</span> 
     </span>
    </p>
   </div>
   <div class='ocr_carea' id='block_1_66' title="bbox 2135 2341 3712 2423">
    <p class='ocr_par' dir='ltr' id='par_1_66' title="bbox 2135 2341 3712 2423">
     <span class='ocr_line' id='line_1_66' title="bbox 2135 2341 3712 2423; baseline 0 -23"><span class='ocrx_word' id='word_1_438' title='bbox 2135 2350 2222 2417; x_wconf 78' lang='grc' dir='ltr'><strong>ἐφ’</strong></span> <span class='ocrx_word' id='word_1_439' title='bbox 2258 2352 2463 2422; x_wconf 71' lang='grc' dir='ltr'>ἑκάστῃ</span> <span class='ocrx_word' id='word_1_440' title='bbox 2517 2349 2943 2423; x_wconf 79' lang='grc' dir='ltr'><strong>κληρωσάμενος</strong></span> <span class='ocrx_word' id='word_1_441' title='bbox 2997 2350 3059 2403; x_wconf 80' lang='grc' dir='ltr'>τὸ</span> <span class='ocrx_word' id='word_1_442' title='bbox 3109 2350 3438 2418; x_wconf 72' lang='grc' dir='ltr'>εὐδόκιμον·</span> <span class='ocrx_word' id='word_1_443' title='bbox 3494 2341 3554 2401; x_wconf 70' lang='grc' dir='ltr'>οὗ</span> <span class='ocrx_word' id='word_1_444' title='bbox 3609 2349 3712 2401; x_wconf 73' lang='grc' dir='ltr'>καὶ</span> 
     </span>
    </p>
   </div>
   <div class='ocr_carea' id='block_1_67' title="bbox 2137 2432 3711 2513">
    <p class='ocr_par' dir='ltr' id='par_1_67' title="bbox 2137 2432 3711 2513">
     <span class='ocr_line' id='line_1_67' title="bbox 2137 2432 3711 2513; baseline -0.001 -19"><span class='ocrx_word' id='word_1_445' title='bbox 2137 2442 2553 2511; x_wconf 76' lang='grc' dir='ltr'>συγγράμματα</span> <span class='ocrx_word' id='word_1_446' title='bbox 2584 2442 2810 2497; x_wconf 80' lang='grc' dir='ltr'>πλεῖστα</span> <span class='ocrx_word' id='word_1_447' title='bbox 2839 2443 2895 2506; x_wconf 89' lang='grc' dir='ltr'>ὲς</span> <span class='ocrx_word' id='word_1_448' title='bbox 2924 2443 3084 2513; x_wconf 76' lang='grc' dir='ltr'>δεῦρο</span> <span class='ocrx_word' id='word_1_449' title='bbox 3114 2442 3447 2511; x_wconf 74' lang='grc' dir='ltr'>ἐμφέρεται,</span> <span class='ocrx_word' id='word_1_450' title='bbox 3474 2432 3547 2493; x_wconf 75' lang='grc' dir='ltr'>ὧν</span> <span class='ocrx_word' id='word_1_451' title='bbox 3577 2438 3711 2510; x_wconf 78' lang='grc' dir='ltr'>ἄρι-</span> 
     </span>
    </p>
   </div>
   <div class='ocr_carea' id='block_1_68' title="bbox 2136 2532 3707 2604">
    <p class='ocr_par' dir='ltr' id='par_1_68' title="bbox 2136 2532 3707 2604">
     <span class='ocr_line' id='line_1_68' title="bbox 2136 2532 3707 2604; baseline 0.001 -19"><span class='ocrx_word' id='word_1_452' title='bbox 2136 2549 2262 2587; x_wconf 91' lang='grc' dir='ltr'>στον</span> <span class='ocrx_word' id='word_1_453' title='bbox 2283 2574 2298 2598; x_wconf 89' lang='grc'><strong>,</strong></span> <span class='ocrx_word' id='word_1_454' title='bbox 2330 2533 2358 2586; x_wconf 85' lang='grc' dir='ltr'><strong>δ</strong></span> <span class='ocrx_word' id='word_1_455' title='bbox 2394 2534 2748 2601; x_wconf 76' lang='grc' dir='ltr'>Θησαυροὺς</span> <span class='ocrx_word' id='word_1_456' title='bbox 2782 2532 3095 2604; x_wconf 82' lang='grc' dir='ltr'>ὠνόμασεν,</span> <span class='ocrx_word' id='word_1_457' title='bbox 3130 2534 3186 2601; x_wconf 75' lang='grc' dir='ltr'><strong>ἐξ</strong></span> <span class='ocrx_word' id='word_1_458' title='bbox 3224 2536 3443 2601; x_wconf 83' lang='grc' dir='ltr'>ἁπάσης</span> <span class='ocrx_word' id='word_1_459' title='bbox 3476 2533 3707 2603; x_wconf 80' lang='grc' dir='ltr'>Γραφῆς</span> 
     </span>
    </p>
   </div>
   <div class='ocr_carea' id='block_1_69' title="bbox 2136 2625 3710 2696">
    <p class='ocr_par' dir='ltr' id='par_1_69' title="bbox 2136 2625 3710 2696">
     <span class='ocr_line' id='line_1_69' title="bbox 2136 2625 3710 2696; baseline -0.001 -18"><span class='ocrx_word' id='word_1_460' title='bbox 2136 2625 2416 2696; x_wconf 62' lang='grc' dir='ltr'>θειοτέροις</span> <span class='ocrx_word' id='word_1_461' title='bbox 2456 2627 2781 2688; x_wconf 73' lang='grc' dir='ltr'>ἀποδεικνὺς</span> <span class='ocrx_word' id='word_1_462' title='bbox 2827 2626 3258 2694; x_wconf 82' lang='grc' dir='ltr'>συλλογιστικαῖς</span> <span class='ocrx_word' id='word_1_463' title='bbox 3295 2627 3604 2693; x_wconf 75' lang='grc' dir='ltr'>ἀποδείξεσι</span> <span class='ocrx_word' id='word_1_464' title='bbox 3644 2626 3710 2678; x_wconf 82' lang='grc' dir='ltr'><strong>τὸ</strong></span> 
     </span>
    </p>
   </div>
   <div class='ocr_carea' id='block_1_70' title="bbox 2133 2716 3712 2787">
    <p class='ocr_par' dir='ltr' id='par_1_70' title="bbox 2133 2716 3712 2787">
     <span class='ocr_line' id='line_1_70' title="bbox 2133 2716 3712 2787; baseline 0 -18"><span class='ocrx_word' id='word_1_465' title='bbox 2133 2716 2231 2785; x_wconf 78' lang='grc' dir='ltr'>τῆς</span> <span class='ocrx_word' id='word_1_466' title='bbox 2265 2717 2427 2785; x_wconf 81' lang='grc' dir='ltr'>ἁγίας</span> <span class='ocrx_word' id='word_1_467' title='bbox 2461 2717 2690 2787; x_wconf 72' lang='grc' dir='ltr'>Τριάδος</span> <span class='ocrx_word' id='word_1_468' title='bbox 2730 2718 3051 2787; x_wconf 74' lang='grc' dir='ltr'>μυστήριον.</span> <span class='ocrx_word' id='word_1_469' title='bbox 3081 2718 3245 2771; x_wconf 80' lang='grc' dir='ltr'><strong>Ἀλλο</strong></span> <span class='ocrx_word' id='word_1_470' title='bbox 3280 2720 3374 2773; x_wconf 77' lang='grc' dir='ltr'><strong>ἐπὶ</strong></span> <span class='ocrx_word' id='word_1_471' title='bbox 3405 2718 3601 2787; x_wconf 81' lang='grc' dir='ltr'>τούτῳ,</span> <span class='ocrx_word' id='word_1_472' title='bbox 3636 2716 3712 2770; x_wconf 76' lang='grc' dir='ltr'>τὰ</span> 
     </span>
    </p>
   </div>
   <div class='ocr_carea' id='block_1_71' title="bbox 2134 2809 3712 2880">
    <p class='ocr_par' dir='ltr' id='par_1_71' title="bbox 2134 2809 3712 2880">
     <span class='ocr_line' id='line_1_71' title="bbox 2134 2809 3712 2880; baseline 0.001 -19"><span class='ocrx_word' id='word_1_473' title='bbox 2134 2810 2461 2877; x_wconf 59' lang='grc' dir='ltr'>Γλαρυρὰ,</span> <span class='ocrx_word' id='word_1_474' title='bbox 2499 2810 2567 2861; x_wconf 77' lang='grc' dir='ltr'>τὰ</span> <span class='ocrx_word' id='word_1_475' title='bbox 2599 2810 2700 2878; x_wconf 74' lang='grc' dir='ltr'>τῆς</span> <span class='ocrx_word' id='word_1_476' title='bbox 2738 2809 2973 2874; x_wconf 75' lang='grc' dir='ltr'>παλαιᾶς</span> <span class='ocrx_word' id='word_1_477' title='bbox 3012 2811 3233 2880; x_wconf 79' lang='grc' dir='ltr'>Γραφῆς</span> <span class='ocrx_word' id='word_1_478' title='bbox 3265 2811 3513 2873; x_wconf 76' lang='grc' dir='ltr'>τυπικῶς</span> <span class='ocrx_word' id='word_1_479' title='bbox 3550 2811 3712 2880; x_wconf 76' lang='grc' dir='ltr'>εἰρηο</span> 
     </span>
    </p>
   </div>
   <div class='ocr_carea' id='block_1_72' title="bbox 2139 2901 3712 2973">
    <p class='ocr_par' dir='ltr' id='par_1_72' title="bbox 2139 2901 3712 2973">
     <span class='ocr_line' id='line_1_72' title="bbox 2139 2901 3712 2973; baseline 0.001 -20"><span class='ocrx_word' id='word_1_480' title='bbox 2139 2904 2296 2971; x_wconf 79' lang='grc' dir='ltr'>μένα,</span> <span class='ocrx_word' id='word_1_481' title='bbox 2343 2903 2423 2963; x_wconf 87' lang='grc' dir='ltr'><strong>είς</strong></span> <span class='ocrx_word' id='word_1_482' title='bbox 2470 2902 2706 2970; x_wconf 74' lang='grc' dir='ltr'>Χριστὸν</span> <span class='ocrx_word' id='word_1_483' title='bbox 2755 2904 2851 2956; x_wconf 77' lang='grc' dir='ltr'><strong>καὶ</strong></span> <span class='ocrx_word' id='word_1_484' title='bbox 2895 2904 2993 2973; x_wconf 82' lang='grc' dir='ltr'><strong>τὴν</strong></span> <span class='ocrx_word' id='word_1_485' title='bbox 3042 2901 3164 2956; x_wconf 77' lang='grc' dir='ltr'>καθ’</span> <span class='ocrx_word' id='word_1_486' title='bbox 3190 2905 3337 2973; x_wconf 78' lang='grc' dir='ltr'>ἡμᾶς</span> <span class='ocrx_word' id='word_1_487' title='bbox 3374 2901 3712 2971; x_wconf 73' lang='grc' dir='ltr'>Ἐκκλησίαν</span> 
     </span>
    </p>
   </div>
   <div class='ocr_carea' id='block_1_73' title="bbox 2135 2988 3715 3059">
    <p class='ocr_par' dir='ltr' id='par_1_73' title="bbox 2135 2988 3715 3059">
     <span class='ocr_line' id='line_1_73' title="bbox 2135 2988 3715 3059; baseline 0.001 -20"><span class='ocrx_word' id='word_1_488' title='bbox 2135 2989 2356 3055; x_wconf 84' lang='grc' dir='ltr'>ἀνάγον.</span> <span class='ocrx_word' id='word_1_489' title='bbox 2385 2989 2620 3059; x_wconf 83' lang='grc' dir='ltr'>Ἕτερον</span> <span class='ocrx_word' id='word_1_490' title='bbox 2659 2988 2893 3057; x_wconf 74' lang='grc' dir='ltr'>βιϐλίον,</span> <span class='ocrx_word' id='word_1_491' title='bbox 2929 2989 2958 3041; x_wconf 83' lang='grc' dir='ltr'><strong>δ</strong></span> <span class='ocrx_word' id='word_1_492' title='bbox 2991 2991 3129 3058; x_wconf 77' lang='grc' dir='ltr'>Περὶ</span> <span class='ocrx_word' id='word_1_493' title='bbox 3164 2990 3273 3057; x_wconf 82' lang='grc' dir='ltr'>τῆς</span> <span class='ocrx_word' id='word_1_494' title='bbox 3310 2991 3379 3042; x_wconf 80' lang='grc' dir='ltr'>ἐν</span> <span class='ocrx_word' id='word_1_495' title='bbox 3413 2991 3715 3058; x_wconf 80' lang='grc' dir='ltr'>πνεύματι</span> 
     </span>
    </p>
   </div>
   <div class='ocr_carea' id='block_1_74' title="bbox 2134 3080 3718 3151">
    <p class='ocr_par' dir='ltr' id='par_1_74' title="bbox 2134 3080 3718 3151">
     <span class='ocr_line' id='line_1_74' title="bbox 2134 3080 3718 3151; baseline 0 -18"><span class='ocrx_word' id='word_1_496' title='bbox 2134 3083 2417 3148; x_wconf 73' lang='grc' dir='ltr'>λατρείας</span> <span class='ocrx_word' id='word_1_497' title='bbox 2464 3081 2561 3151; x_wconf 80' lang='grc' dir='ltr'><strong>τὴν</strong></span> <span class='ocrx_word' id='word_1_498' title='bbox 2610 3082 2922 3151; x_wconf 73' lang='grc' dir='ltr'>ἐπιγραφὴν</span> <span class='ocrx_word' id='word_1_499' title='bbox 2969 3081 3103 3151; x_wconf 76' lang='grc' dir='ltr'>ἔχει.</span> <span class='ocrx_word' id='word_1_500' title='bbox 3154 3081 3230 3135; x_wconf 85' lang='grc' dir='ltr'><em>Τὰ</em></span> <span class='ocrx_word' id='word_1_501' title='bbox 3276 3082 3426 3149; x_wconf 77' lang='grc' dir='ltr'>πρὸς</span> <span class='ocrx_word' id='word_1_502' title='bbox 3468 3080 3718 3136; x_wconf 62' lang='lat' dir='ltr'><strong>&quot;al.16-</strong></span> 
     </span>
    </p>
   </div>
   <div class='ocr_carea' id='block_1_75' title="bbox 2063 3171 3717 3260">
    <p class='ocr_par' dir='ltr' id='par_1_75' title="bbox 2063 3171 3717 3260">
     <span class='ocr_line' id='line_1_75' title="bbox 2063 3171 3717 3260; baseline 0.001 -35"><span class='ocrx_word' id='word_1_503' title='bbox 2063 3200 2107 3260; x_wconf 66' lang='grc' dir='ltr'>Ο</span> <span class='ocrx_word' id='word_1_504' title='bbox 2138 3171 2298 3236; x_wconf 84' lang='grc' dir='ltr'>διον,</span> <span class='ocrx_word' id='word_1_505' title='bbox 2335 3174 2557 3242; x_wconf 74' lang='grc' dir='ltr'>ἕτερον,</span> <span class='ocrx_word' id='word_1_506' title='bbox 2594 3173 2922 3240; x_wconf 86' lang='grc' dir='ltr'>διαλογικῶς</span> <span class='ocrx_word' id='word_1_507' title='bbox 2959 3175 3211 3227; x_wconf 81' lang='grc' dir='ltr'>συντεθὲν</span> <span class='ocrx_word' id='word_1_508' title='bbox 3249 3174 3386 3243; x_wconf 81' lang='grc' dir='ltr'>ὑπὲρ</span> <span class='ocrx_word' id='word_1_509' title='bbox 3422 3174 3514 3226; x_wconf 77' lang='grc' dir='ltr'>τοῦ</span> <span class='ocrx_word' id='word_1_510' title='bbox 3553 3175 3717 3241; x_wconf 81' lang='grc' dir='ltr'>ἁγίου</span> 
     </span>
    </p>
   </div>
   <div class='ocr_carea' id='block_1_76' title="bbox 2140 3264 3716 3336">
    <p class='ocr_par' dir='ltr' id='par_1_76' title="bbox 2140 3264 3716 3336">
     <span class='ocr_line' id='line_1_76' title="bbox 2140 3264 3716 3336; baseline 0 -18"><span class='ocrx_word' id='word_1_511' title='bbox 2140 3264 2458 3335; x_wconf 69' lang='grc' dir='ltr'>Πνεύματος</span> <span class='ocrx_word' id='word_1_512' title='bbox 2482 3281 2495 3297; x_wconf 87' lang='grc'><strong>·</strong></span> <span class='ocrx_word' id='word_1_513' title='bbox 2533 3268 2630 3319; x_wconf 73' lang='grc' dir='ltr'>καὶ</span> <span class='ocrx_word' id='word_1_514' title='bbox 2667 3266 2694 3318; x_wconf 82' lang='grc' dir='ltr'><strong>ὃ</strong></span> <span class='ocrx_word' id='word_1_515' title='bbox 2734 3267 2875 3319; x_wconf 67' lang='grc' dir='ltr'>κατὰ</span> <span class='ocrx_word' id='word_1_516' title='bbox 2912 3265 3205 3319; x_wconf 83' lang='grc' dir='ltr'>Ἰουλιανοῦ</span> <span class='ocrx_word' id='word_1_517' title='bbox 3248 3267 3387 3336; x_wconf 77' lang='grc' dir='ltr'>ὑπὲρ</span> <span class='ocrx_word' id='word_1_518' title='bbox 3426 3268 3516 3319; x_wconf 74' lang='grc' dir='ltr'>τοῦ</span> <span class='ocrx_word' id='word_1_519' title='bbox 3562 3266 3716 3335; x_wconf 72' lang='grc' dir='ltr'>ἱεροῦ</span> 
     </span>
    </p>
   </div>
   <div class='ocr_carea' id='block_1_77' title="bbox 2139 3359 3719 3427">
    <p class='ocr_par' dir='ltr' id='par_1_77' title="bbox 2139 3359 3719 3427">
     <span class='ocr_line' id='line_1_77' title="bbox 2139 3359 3719 3427; baseline 0.002 -17"><span class='ocrx_word' id='word_1_520' title='bbox 2139 3359 2474 3427; x_wconf 70' lang='grc' dir='ltr'>Εὑαγγελίου</span> <span class='ocrx_word' id='word_1_521' title='bbox 2513 3359 2823 3423; x_wconf 76' lang='grc' dir='ltr'>συνέταξεν.</span> <span class='ocrx_word' id='word_1_522' title='bbox 2860 3362 2967 3412; x_wconf 80' lang='grc' dir='ltr'><strong>Καὶ</strong></span> <span class='ocrx_word' id='word_1_523' title='bbox 2999 3359 3135 3411; x_wconf 83' lang='grc' dir='ltr'><strong>ἄλλα</strong></span> <span class='ocrx_word' id='word_1_524' title='bbox 3170 3361 3261 3412; x_wconf 75' lang='grc' dir='ltr'>ἐπὶ</span> <span class='ocrx_word' id='word_1_525' title='bbox 3293 3360 3503 3422; x_wconf 76' lang='grc' dir='ltr'><strong>τούτοις</strong></span> <span class='ocrx_word' id='word_1_526' title='bbox 3538 3360 3719 3413; x_wconf 65' lang='grc' dir='ltr'>πολλὰ</span> 
     </span>
    </p>
   </div>
   <div class='ocr_carea' id='block_1_78' title="bbox 2138 3442 3719 3517">
    <p class='ocr_par' dir='ltr' id='par_1_78' title="bbox 2138 3442 3719 3517">
     <span class='ocr_line' id='line_1_78' title="bbox 2138 3442 3719 3517; baseline 0.001 -18"><span class='ocrx_word' id='word_1_527' title='bbox 2138 3449 2237 3499; x_wconf 76' lang='grc' dir='ltr'>καὶ</span> <span class='ocrx_word' id='word_1_528' title='bbox 2270 3446 2571 3502; x_wconf 74' lang='grc' dir='ltr'>ἐπιστολαί.</span> <span class='ocrx_word' id='word_1_529' title='bbox 2606 3447 2780 3510; x_wconf 78' lang='grc' dir='ltr'>Δείξει</span> <span class='ocrx_word' id='word_1_530' title='bbox 2814 3446 2871 3499; x_wconf 75' lang='grc' dir='ltr'>δὲ</span> <span class='ocrx_word' id='word_1_531' title='bbox 2907 3442 3019 3508; x_wconf 78' lang='grc' dir='ltr'>οἷος</span> <span class='ocrx_word' id='word_1_532' title='bbox 3055 3446 3195 3517; x_wconf 79' lang='grc' dir='ltr'>ἀνὴρ</span> <span class='ocrx_word' id='word_1_533' title='bbox 3221 3487 3236 3512; x_wconf 94' lang='grc'><strong>,</strong></span> <span class='ocrx_word' id='word_1_534' title='bbox 3270 3448 3435 3516; x_wconf 80' lang='grc' dir='ltr'>ἡνίκα</span> <span class='ocrx_word' id='word_1_535' title='bbox 3466 3448 3719 3516; x_wconf 75' lang='grc' dir='ltr'>διέξιμεν</span> 
     </span>
    </p>
   </div>
   <div class='ocr_carea' id='block_1_79' title="bbox 2138 3537 3715 3609">
    <p class='ocr_par' dir='ltr' id='par_1_79' title="bbox 2138 3537 3715 3609">
     <span class='ocr_line' id='line_1_79' title="bbox 2138 3537 3715 3609; baseline 0.003 -20"><span class='ocrx_word' id='word_1_536' title='bbox 2138 3539 2207 3590; x_wconf 85' lang='grc' dir='ltr'>τὰ</span> <span class='ocrx_word' id='word_1_537' title='bbox 2238 3537 2378 3590; x_wconf 71' lang='grc' dir='ltr'>κατὰ</span> <span class='ocrx_word' id='word_1_538' title='bbox 2411 3537 2704 3609; x_wconf 76' lang='grc' dir='ltr'>Νεστόριον</span> <span class='ocrx_word' id='word_1_539' title='bbox 2733 3538 2827 3589; x_wconf 70' lang='grc' dir='ltr'><strong>καὶ</strong></span> <span class='ocrx_word' id='word_1_540' title='bbox 2855 3538 2953 3608; x_wconf 82' lang='grc' dir='ltr'>τὴν</span> <span class='ocrx_word' id='word_1_541' title='bbox 2982 3537 3174 3608; x_wconf 78' lang='grc' dir='ltr'><strong>τρίτην</strong></span> <span class='ocrx_word' id='word_1_542' title='bbox 3204 3539 3441 3592; x_wconf 83' lang='grc' dir='ltr'>σύνοδον.</span> <span class='ocrx_word' id='word_1_543' title='bbox 3474 3540 3565 3609; x_wconf 83' lang='grc' dir='ltr'>Τῷ</span> <span class='ocrx_word' id='word_1_544' title='bbox 3591 3542 3715 3594; x_wconf 83' lang='grc' dir='ltr'>τότε</span> 
     </span>
    </p>
   </div>
   <div class='ocr_carea' id='block_1_80' title="bbox 2138 3628 3719 3701">
    <p class='ocr_par' dir='ltr' id='par_1_80' title="bbox 2138 3628 3719 3701">
     <span class='ocr_line' id='line_1_80' title="bbox 2138 3628 3719 3701; baseline 0.001 -19"><span class='ocrx_word' id='word_1_545' title='bbox 2138 3628 2195 3682; x_wconf 73' lang='grc' dir='ltr'>δὲ</span> <span class='ocrx_word' id='word_1_546' title='bbox 2228 3629 2473 3691; x_wconf 78' lang='grc' dir='ltr'>στάσεως</span> <span class='ocrx_word' id='word_1_547' title='bbox 2505 3629 2804 3699; x_wconf 79' lang='grc' dir='ltr'>γενομένης</span> <span class='ocrx_word' id='word_1_548' title='bbox 2834 3628 2912 3698; x_wconf 82' lang='grc' dir='ltr'>τῷ</span> <span class='ocrx_word' id='word_1_549' title='bbox 2946 3628 3102 3701; x_wconf 80' lang='grc' dir='ltr'>δήμῳ</span> <span class='ocrx_word' id='word_1_550' title='bbox 3136 3631 3267 3700; x_wconf 74' lang='grc' dir='ltr'>περὶ</span> <span class='ocrx_word' id='word_1_551' title='bbox 3295 3630 3556 3700; x_wconf 75' lang='grc' dir='ltr'>ἐπιλογῆς</span> <span class='ocrx_word' id='word_1_552' title='bbox 3588 3633 3719 3683; x_wconf 71' lang='grc' dir='ltr'>ἒπε-</span> 
     </span>
    </p>
   </div>
   <div class='ocr_carea' id='block_1_81' title="bbox 2143 3720 3719 3793">
    <p class='ocr_par' dir='ltr' id='par_1_81' title="bbox 2143 3720 3719 3793">
     <span class='ocr_line' id='line_1_81' title="bbox 2143 3720 3719 3793; baseline 0.001 -20"><span class='ocrx_word' id='word_1_553' title='bbox 2143 3722 2379 3785; x_wconf 84' lang='grc' dir='ltr'>σκόπου,</span> <span class='ocrx_word' id='word_1_554' title='bbox 2410 3720 2487 3791; x_wconf 83' lang='grc' dir='ltr'><strong>τῷ</strong></span> <span class='ocrx_word' id='word_1_555' title='bbox 2520 3720 2677 3791; x_wconf 79' lang='grc' dir='ltr'>μέρει</span> <span class='ocrx_word' id='word_1_556' title='bbox 2710 3721 2979 3789; x_wconf 79' lang='grc' dir='ltr'>Τιμοθέου</span> <span class='ocrx_word' id='word_1_557' title='bbox 3010 3721 3071 3774; x_wconf 90' lang='grc' dir='ltr'>ού</span> <span class='ocrx_word' id='word_1_558' title='bbox 3105 3723 3309 3791; x_wconf 78' lang='grc' dir='ltr'>μικρὰν</span> <span class='ocrx_word' id='word_1_559' title='bbox 3335 3722 3504 3775; x_wconf 84' lang='grc' dir='ltr'>ἐδίδου</span> <span class='ocrx_word' id='word_1_560' title='bbox 3540 3721 3719 3793; x_wconf 74' lang='grc' dir='ltr'>ῥοπὴν</span> 
     </span>
    </p>
   </div>
   <div class='ocr_carea' id='block_1_82' title="bbox 2153 3810 3729 3883">
    <p class='ocr_par' dir='ltr' id='par_1_82' title="bbox 2153 3810 3729 3883">
     <span class='ocr_line' id='line_1_82' title="bbox 2153 3810 3729 3883; baseline 0.003 -20"><span class='ocrx_word' id='word_1_561' title='bbox 2153 3810 2554 3875; x_wconf 78' lang='grc' dir='ltr'>’Δδουνδάντιος</span> <span class='ocrx_word' id='word_1_562' title='bbox 2570 3815 2596 3865; x_wconf 85' lang='grc' dir='ltr'>ὁ</span> <span class='ocrx_word' id='word_1_563' title='bbox 2621 3812 2920 3880; x_wconf 81' lang='grc' dir='ltr'>τηνικαῦτα</span> <span class='ocrx_word' id='word_1_564' title='bbox 2943 3811 3051 3865; x_wconf 84' lang='grc' dir='ltr'><strong>τῶν</strong></span> <span class='ocrx_word' id='word_1_565' title='bbox 3074 3813 3480 3883; x_wconf 82' lang='grc' dir='ltr'>στρατιωτικῶν</span> <span class='ocrx_word' id='word_1_566' title='bbox 3502 3816 3729 3881; x_wconf 81' lang='grc' dir='ltr'>ταγμά-</span> 
     </span>
    </p>
   </div>
   <div class='ocr_carea' id='block_1_83' title="bbox 2141 3902 3728 3974">
    <p class='ocr_par' dir='ltr' id='par_1_83' title="bbox 2141 3902 3728 3974">
     <span class='ocr_line' id='line_1_83' title="bbox 2141 3902 3728 3974; baseline 0.001 -19"><span class='ocrx_word' id='word_1_567' title='bbox 2141 3920 2248 3955; x_wconf 87' lang='grc' dir='ltr'><strong>των</strong></span> <span class='ocrx_word' id='word_1_568' title='bbox 2295 3902 2621 3971; x_wconf 80' lang='grc' dir='ltr'>ἡγούμενος.</span> <span class='ocrx_word' id='word_1_569' title='bbox 2670 3905 2822 3957; x_wconf 68' lang='grc' dir='ltr'>Μετὰ</span> <span class='ocrx_word' id='word_1_570' title='bbox 2876 3902 2934 3957; x_wconf 79' lang='grc' dir='ltr'>δὲ</span> <span class='ocrx_word' id='word_1_571' title='bbox 2985 3903 3178 3973; x_wconf 84' lang='grc' dir='ltr'>τρίτην</span> <span class='ocrx_word' id='word_1_572' title='bbox 3226 3904 3437 3973; x_wconf 79' lang='grc' dir='ltr'>ἡμέραν</span> <span class='ocrx_word' id='word_1_573' title='bbox 3487 3902 3728 3974; x_wconf 78' lang='grc' dir='ltr'>θάτερον</span> 
     </span>
    </p>
   </div>
   <div class='ocr_carea' id='block_1_84' title="bbox 2142 3996 3730 4067">
    <p class='ocr_par' dir='ltr' id='par_1_84' title="bbox 2142 3996 3730 4067">
     <span class='ocr_line' id='line_1_84' title="bbox 2142 3996 3730 4067; baseline -0.001 -18"><span class='ocrx_word' id='word_1_574' title='bbox 2142 3997 2299 4049; x_wconf 75' lang='grc' dir='ltr'>ἐνίκα</span> <span class='ocrx_word' id='word_1_575' title='bbox 2334 3997 2523 4065; x_wconf 75' lang='grc' dir='ltr'>μέρος,</span> <span class='ocrx_word' id='word_1_576' title='bbox 2549 3997 2577 4049; x_wconf 83' lang='grc' dir='ltr'><strong>δ</strong></span> <span class='ocrx_word' id='word_1_577' title='bbox 2607 3996 2697 4049; x_wconf 73' lang='grc' dir='ltr'><strong>τδν</strong></span> <span class='ocrx_word' id='word_1_578' title='bbox 2731 3996 3001 4067; x_wconf 84' lang='grc' dir='ltr'>Κύριλλον</span> <span class='ocrx_word' id='word_1_579' title='bbox 3031 3996 3339 4065; x_wconf 84' lang='grc' dir='ltr'>ἐπελέγετο.</span> <span class='ocrx_word' id='word_1_580' title='bbox 3369 3997 3479 4048; x_wconf 73' lang='grc' dir='ltr'>Καὶ</span> <span class='ocrx_word' id='word_1_581' title='bbox 3509 3997 3730 4067; x_wconf 70' lang='grc' dir='ltr'>προῆλ-</span> 
     </span>
    </p>
   </div>
   <div class='ocr_carea' id='block_1_85' title="bbox 2144 4087 3726 4159">
    <p class='ocr_par' dir='ltr' id='par_1_85' title="bbox 2144 4087 3726 4159">
     <span class='ocr_line' id='line_1_85' title="bbox 2144 4087 3726 4159; baseline 0.001 -20"><span class='ocrx_word' id='word_1_582' title='bbox 2144 4088 2234 4141; x_wconf 85' lang='grc' dir='ltr'><strong>θεν</strong></span> <span class='ocrx_word' id='word_1_583' title='bbox 2273 4091 2361 4139; x_wconf 74' lang='lat' dir='ltr'><strong>E-z‘:</strong></span> <span class='ocrx_word' id='word_1_584' title='bbox 2396 4087 2494 4159; x_wconf 75' lang='grc' dir='ltr'><strong>τὴν</strong></span> <span class='ocrx_word' id='word_1_585' title='bbox 2530 4089 2834 4157; x_wconf 78' lang='grc' dir='ltr'>ἐπισκοπὴν</span> <span class='ocrx_word' id='word_1_586' title='bbox 2870 4088 3243 4158; x_wconf 79' lang='grc' dir='ltr'>ἁρχικώτερον</span> <span class='ocrx_word' id='word_1_587' title='bbox 3279 4087 3543 4157; x_wconf 87' lang='grc' dir='ltr'>Κύριλλος</span> <span class='ocrx_word' id='word_1_588' title='bbox 3585 4088 3621 4159; x_wconf 75' lang='grc' dir='ltr'>ἢ</span> <span class='ocrx_word' id='word_1_589' title='bbox 3671 4089 3726 4140; x_wconf 72' lang='grc' dir='ltr'><strong>οἱ</strong></span> 
     </span>
    </p>
   </div>
   <div class='ocr_carea' id='block_1_86' title="bbox 2144 4177 3722 4251">
    <p class='ocr_par' dir='ltr' id='par_1_86' title="bbox 2144 4177 3722 4251">
     <span class='ocr_line' id='line_1_86' title="bbox 2144 4177 3722 4251; baseline 0.001 -18"><span class='ocrx_word' id='word_1_590' title='bbox 2144 4182 2249 4251; x_wconf 63' lang='grc' dir='ltr'>πρὶ</span> <span class='ocrx_word' id='word_1_591' title='bbox 2290 4178 2451 4231; x_wconf 57' lang='grc' dir='ltr'>αὑτοῦ</span> <span class='ocrx_word' id='word_1_592' title='bbox 2490 4180 2654 4248; x_wconf 83' lang='grc' dir='ltr'>ίερείς</span> <span class='ocrx_word' id='word_1_593' title='bbox 2682 4194 2695 4208; x_wconf 78' lang='grc'><strong><em>³</em></strong></span> <span class='ocrx_word' id='word_1_594' title='bbox 2732 4177 2807 4241; x_wconf 84' lang='grc' dir='ltr'><strong>ὡς</strong></span> <span class='ocrx_word' id='word_1_595' title='bbox 2842 4180 3050 4232; x_wconf 71' lang='grc' dir='ltr'>ἐκεῖθεν</span> <span class='ocrx_word' id='word_1_596' title='bbox 3085 4181 3179 4232; x_wconf 73' lang='grc' dir='ltr'>καὶ</span> <span class='ocrx_word' id='word_1_597' title='bbox 3215 4180 3389 4249; x_wconf 79' lang='grc' dir='ltr'>ἀρχὴν</span> <span class='ocrx_word' id='word_1_598' title='bbox 3424 4181 3722 4248; x_wconf 77' lang='grc' dir='ltr'>εἰληφέναι</span> 
     </span>
    </p>
   </div>
   <div class='ocr_carea' id='block_1_87' title="bbox 2141 4267 3728 4340">
    <p class='ocr_par' dir='ltr' id='par_1_87' title="bbox 2141 4267 3728 4340">
     <span class='ocr_line' id='line_1_87' title="bbox 2141 4267 3728 4340; baseline 0.003 -20"><span class='ocrx_word' id='word_1_599' title='bbox 2141 4268 2240 4339; x_wconf 77' lang='grc' dir='ltr'>τὴν</span> <span class='ocrx_word' id='word_1_600' title='bbox 2275 4267 2573 4336; x_wconf 78' lang='grc' dir='ltr'>ἐκκλησίαν</span> <span class='ocrx_word' id='word_1_601' title='bbox 2596 4307 2610 4331; x_wconf 97' lang='grc'><strong>,</strong></span> <span class='ocrx_word' id='word_1_602' title='bbox 2646 4267 2740 4321; x_wconf 76' lang='grc' dir='ltr'><strong>καὶ</strong></span> <span class='ocrx_word' id='word_1_603' title='bbox 2773 4267 2881 4320; x_wconf 85' lang='grc' dir='ltr'>τῶν</span> <span class='ocrx_word' id='word_1_604' title='bbox 2915 4269 3258 4337; x_wconf 82' lang='grc' dir='ltr'>πραγμάτων</span> <span class='ocrx_word' id='word_1_605' title='bbox 3306 4270 3509 4340; x_wconf 80' lang='grc' dir='ltr'>μᾶλλον</span> <span class='ocrx_word' id='word_1_606' title='bbox 3563 4272 3728 4324; x_wconf 79' lang='grc' dir='ltr'>ἀντι-</span> 
     </span>
    </p>
   </div>
   <div class='ocr_carea' id='block_1_88' title="bbox 2145 4359 3729 4430">
    <p class='ocr_par' dir='ltr' id='par_1_88' title="bbox 2145 4359 3729 4430">
     <span class='ocr_line' id='line_1_88' title="bbox 2145 4359 3729 4430; baseline 0.002 -16"><span class='ocrx_word' id='word_1_607' title='bbox 2145 4360 2439 4414; x_wconf 80' lang='grc' dir='ltr'>ποιεῖσθαι.</span> <span class='ocrx_word' id='word_1_608' title='bbox 2468 4360 2640 4423; x_wconf 77' lang='grc' dir='ltr'>Εὐθὺς</span> <span class='ocrx_word' id='word_1_609' title='bbox 2666 4360 2721 4413; x_wconf 77' lang='grc' dir='ltr'>δὲ</span> <span class='ocrx_word' id='word_1_610' title='bbox 2749 4359 3016 4430; x_wconf 84' lang='grc' dir='ltr'>Κύριλλος</span> <span class='ocrx_word' id='word_1_611' title='bbox 3042 4361 3295 4430; x_wconf 84' lang='grc' dir='ltr'>οὐδεμίαν</span> <span class='ocrx_word' id='word_1_612' title='bbox 3318 4363 3425 4414; x_wconf 81' lang='grc' dir='ltr'><strong>τῶν</strong></span> <span class='ocrx_word' id='word_1_613' title='bbox 3447 4363 3729 4430; x_wconf 75' lang='grc' dir='ltr'>αἱρέσεων</span> 
     </span>
    </p>
   </div>
   <div class='ocr_carea' id='block_1_89' title="bbox 2144 4450 3729 4521">
    <p class='ocr_par' dir='ltr' id='par_1_89' title="bbox 2144 4450 3729 4521">
     <span class='ocr_line' id='line_1_89' title="bbox 2144 4450 3729 4521; baseline 0.004 -18"><span class='ocrx_word' id='word_1_614' title='bbox 2144 4453 2238 4503; x_wconf 63' lang='grc' dir='ltr'>ἐπὶ</span> <span class='ocrx_word' id='word_1_615' title='bbox 2269 4450 2366 4519; x_wconf 82' lang='grc' dir='ltr'>τῆς</span> <span class='ocrx_word' id='word_1_616' title='bbox 2402 4450 2752 4520; x_wconf 77' lang='grc' dir='ltr'>Ἀλεξάνδρου</span> <span class='ocrx_word' id='word_1_617' title='bbox 2799 4450 3275 4521; x_wconf 69' lang='grc' dir='ltr'>παρρησιάζεσθαι</span> <span class='ocrx_word' id='word_1_618' title='bbox 3318 4455 3500 4508; x_wconf 75' lang='grc' dir='ltr'>εἴασεν</span> <span class='ocrx_word' id='word_1_619' title='bbox 3527 4472 3541 4484; x_wconf 90' lang='grc'><strong>·</strong></span> <span class='ocrx_word' id='word_1_620' title='bbox 3579 4456 3729 4510; x_wconf 60' lang='grc' dir='ltr'>ἀλλὰ</span> 
     </span>
    </p>
   </div>
   <div class='ocr_carea' id='block_1_90' title="bbox 476 4531 2036 4614">
    <p class='ocr_par' dir='ltr' id='par_1_90' title="bbox 476 4542 2036 4614">
     <span class='ocr_line' id='line_1_90' title="bbox 476 4542 2036 4614; baseline -0.003 -16"><span class='ocrx_word' id='word_1_621' title='bbox 476 4544 756 4614; x_wconf 83' lang='lat' dir='ltr'><strong>episcopi,</strong></span> <span class='ocrx_word' id='word_1_622' title='bbox 800 4558 1125 4613; x_wconf 81' lang='lat' dir='ltr'><strong>progressus</strong></span> <span class='ocrx_word' id='word_1_623' title='bbox 1151 4551 1251 4597; x_wconf 84' lang='lat' dir='ltr'><strong>est.</strong></span> <span class='ocrx_word' id='word_1_624' title='bbox 1287 4542 1450 4614; x_wconf 66' lang='grc'><strong>466</strong></span> <span class='ocrx_word' id='word_1_625' title='bbox 1472 4542 1627 4598; x_wconf 83' lang='lat' dir='ltr'><strong>Unde</strong></span> <span class='ocrx_word' id='word_1_626' title='bbox 1658 4542 1795 4597; x_wconf 86' lang='lat' dir='ltr'><strong>adeo</strong></span> <span class='ocrx_word' id='word_1_627' title='bbox 1823 4542 2036 4597; x_wconf 82' lang='lat' dir='ltr'><strong>initium</strong></span> 
     </span>
    </p>
   </div>
   <div class='ocr_carea' id='block_1_91' title="bbox 2144 4531 3731 4614">
    <p class='ocr_par' dir='ltr' id='par_1_91' title="bbox 2149 4539 3731 4614">
     <span class='ocr_line' id='line_1_91' title="bbox 2149 4539 3731 4614; baseline 0.003 -19"><span class='ocrx_word' id='word_1_628' title='bbox 2149 4544 2241 4595; x_wconf 74' lang='grc' dir='ltr'>καὶ</span> <span class='ocrx_word' id='word_1_629' title='bbox 2269 4540 2330 4593; x_wconf 83' lang='grc' dir='ltr'><strong>τδ</strong></span> <span class='ocrx_word' id='word_1_630' title='bbox 2361 4539 2626 4595; x_wconf 81' lang='grc' dir='ltr'>Ἰουδαίων</span> <span class='ocrx_word' id='word_1_631' title='bbox 2657 4541 2805 4603; x_wconf 77' lang='grc' dir='ltr'>ἔθνος</span> <span class='ocrx_word' id='word_1_632' title='bbox 2837 4542 3045 4595; x_wconf 78' lang='grc' dir='ltr'>ἐκεῖθεν</span> <span class='ocrx_word' id='word_1_633' title='bbox 3075 4542 3245 4612; x_wconf 75' lang='grc' dir='ltr'>ἤλασε</span> <span class='ocrx_word' id='word_1_634' title='bbox 3272 4546 3528 4613; x_wconf 84' lang='grc' dir='ltr'>τοιαύτης</span> <span class='ocrx_word' id='word_1_635' title='bbox 3559 4561 3731 4614; x_wconf 71' lang='grc' dir='ltr'>γεγε-</span> 
     </span>
    </p>
   </div>
   <div class='ocr_carea' id='block_1_92' title="bbox 477 4633 2041 4704">
    <p class='ocr_par' dir='ltr' id='par_1_92' title="bbox 477 4633 2041 4704">
     <span class='ocr_line' id='line_1_92' title="bbox 477 4633 2041 4704; baseline -0.002 -14"><span class='ocrx_word' id='word_1_636' title='bbox 477 4646 756 4704; x_wconf 89' lang='lat' dir='ltr'><strong>sumptum</strong></span> <span class='ocrx_word' id='word_1_637' title='bbox 786 4645 873 4689; x_wconf 90' lang='lat' dir='ltr'><strong>est</strong></span> <span class='ocrx_word' id='word_1_638' title='bbox 904 4636 961 4688; x_wconf 91' lang='lat' dir='ltr'><strong>in</strong></span> <span class='ocrx_word' id='word_1_639' title='bbox 991 4634 1236 4689; x_wconf 85' lang='lat' dir='ltr'><strong>Ecclesia</strong></span> <span class='ocrx_word' id='word_1_640' title='bbox 1267 4634 1631 4688; x_wconf 81' lang='lat' dir='ltr'><strong>Alexandrina</strong></span> <span class='ocrx_word' id='word_1_641' title='bbox 1654 4674 1668 4697; x_wconf 91' lang='lat'><strong>,</strong></span> <span class='ocrx_word' id='word_1_642' title='bbox 1711 4643 1771 4688; x_wconf 95' lang='lat' dir='ltr'><strong>ut</strong></span> <span class='ocrx_word' id='word_1_643' title='bbox 1798 4633 2041 4704; x_wconf 85' lang='lat' dir='ltr'><strong>episcopi</strong></span> 
     </span>
    </p>
   </div>
   <div class='ocr_carea' id='block_1_93' title="bbox 479 4725 2043 4797">
    <p class='ocr_par' dir='ltr' id='par_1_93' title="bbox 479 4725 2043 4797">
     <span class='ocr_line' id='line_1_93' title="bbox 479 4725 2043 4797; baseline 0 -16"><span class='ocrx_word' id='word_1_644' title='bbox 479 4727 651 4797; x_wconf 76' lang='lat' dir='ltr'><strong>magis</strong></span> <span class='ocrx_word' id='word_1_645' title='bbox 679 4728 845 4781; x_wconf 83' lang='lat' dir='ltr'><strong>etiam</strong></span> <span class='ocrx_word' id='word_1_646' title='bbox 889 4728 1114 4797; x_wconf 81' lang='lat' dir='ltr'><strong>profana</strong></span> <span class='ocrx_word' id='word_1_647' title='bbox 1155 4727 1369 4796; x_wconf 83' lang='lat' dir='ltr'><strong>negotia</strong></span> <span class='ocrx_word' id='word_1_648' title='bbox 1416 4735 1699 4780; x_wconf 88' lang='lat' dir='ltr'><strong>curarent.</strong></span> <span class='ocrx_word' id='word_1_649' title='bbox 1738 4726 1908 4780; x_wconf 89' lang='lat' dir='ltr'><strong>Porro</strong></span> <span class='ocrx_word' id='word_1_650' title='bbox 1938 4725 2043 4796; x_wconf 81' lang='lat' dir='ltr'><strong>Cy-</strong></span> 
     </span>
    </p>
   </div>
   <div class='ocr_carea' id='block_1_94' title="bbox 478 4820 2043 4894">
    <p class='ocr_par' dir='ltr' id='par_1_94' title="bbox 478 4820 2043 4894">
     <span class='ocr_line' id='line_1_94' title="bbox 478 4820 2043 4894; baseline -0.004 -16"><span class='ocrx_word' id='word_1_651' title='bbox 478 4824 632 4878; x_wconf 89' lang='lat' dir='ltr'><strong>rillus</strong></span> <span class='ocrx_word' id='word_1_652' title='bbox 655 4824 767 4894; x_wconf 87' lang='lat' dir='ltr'><strong>jam</strong></span> <span class='ocrx_word' id='word_1_653' title='bbox 795 4822 919 4876; x_wconf 90' lang='lat' dir='ltr'><strong>inde</strong></span> <span class='ocrx_word' id='word_1_654' title='bbox 945 4838 972 4875; x_wconf 90' lang='lat' dir='ltr'><strong>a</strong></span> <span class='ocrx_word' id='word_1_655' title='bbox 998 4820 1268 4891; x_wconf 89' lang='lat' dir='ltr'><strong>principio</strong></span> <span class='ocrx_word' id='word_1_656' title='bbox 1295 4821 1542 4875; x_wconf 68' lang='lat' dir='ltr'><strong>[heresim</strong></span> <span class='ocrx_word' id='word_1_657' title='bbox 1573 4820 1778 4874; x_wconf 90' lang='lat' dir='ltr'><strong>nullam</strong></span> <span class='ocrx_word' id='word_1_658' title='bbox 1808 4820 2043 4874; x_wconf 78' lang='lat' dir='ltr'><strong>Alexan-</strong></span> 
     </span>
    </p>
   </div>
   <div class='ocr_carea' id='block_1_95' title="bbox 478 4910 2045 4983">
    <p class='ocr_par' dir='ltr' id='par_1_95' title="bbox 478 4910 2045 4983">
     <span class='ocr_line' id='line_1_95' title="bbox 478 4910 2045 4983; baseline -0.004 -14"><span class='ocrx_word' id='word_1_659' title='bbox 478 4916 613 4970; x_wconf 72' lang='lat' dir='ltr'><strong>drite</strong></span> <span class='ocrx_word' id='word_1_660' title='bbox 664 4913 876 4983; x_wconf 86' lang='lat' dir='ltr'><strong>publice</strong></span> <span class='ocrx_word' id='word_1_661' title='bbox 926 4913 1032 4967; x_wconf 86' lang='lat' dir='ltr'><strong>culi</strong></span> <span class='ocrx_word' id='word_1_662' title='bbox 1080 4926 1275 4982; x_wconf 86' lang='lat' dir='ltr'><strong>passus</strong></span> <span class='ocrx_word' id='word_1_663' title='bbox 1323 4918 1426 4967; x_wconf 81' lang='lat' dir='ltr'><strong>est.</strong></span> <span class='ocrx_word' id='word_1_664' title='bbox 1469 4910 1779 4966; x_wconf 71' lang='lat' dir='ltr'><strong>Jutlteorum</strong></span> <span class='ocrx_word' id='word_1_665' title='bbox 1826 4925 2045 4980; x_wconf 88' lang='lat' dir='ltr'><strong>quoque</strong></span> 
     </span>
    </p>
   </div>
   <div class='ocr_carea' id='block_1_96' title="bbox 477 5002 2043 5079">
    <p class='ocr_par' dir='ltr' id='par_1_96' title="bbox 477 5002 2043 5079">
     <span class='ocr_line' id='line_1_96' title="bbox 477 5002 2043 5079; baseline -0.004 -17"><span class='ocrx_word' id='word_1_666' title='bbox 477 5019 694 5079; x_wconf 80' lang='lat' dir='ltr'><strong>gentem</strong></span> <span class='ocrx_word' id='word_1_667' title='bbox 747 5005 875 5060; x_wconf 83' lang='lat' dir='ltr'><strong>inde</strong></span> <span class='ocrx_word' id='word_1_668' title='bbox 922 5005 995 5060; x_wconf 91' lang='lat' dir='ltr'><strong>ob</strong></span> <span class='ocrx_word' id='word_1_669' title='bbox 1055 5002 1327 5075; x_wconf 88' lang='lat' dir='ltr'><strong>ejusmodi</strong></span> <span class='ocrx_word' id='word_1_670' title='bbox 1376 5017 1596 5057; x_wconf 86' lang='lat' dir='ltr'><strong>causam</strong></span> <span class='ocrx_word' id='word_1_671' title='bbox 1647 5003 1846 5072; x_wconf 78' lang='lat' dir='ltr'><strong>exegit.</strong></span> <span class='ocrx_word' id='word_1_672' title='bbox 1905 5002 2043 5057; x_wconf 87' lang='lat' dir='ltr'><strong>Cum</strong></span> 
     </span>
    </p>
   </div>
   <div class='ocr_carea' id='block_1_97' title="bbox 478 5093 2043 5169">
    <p class='ocr_par' dir='ltr' id='par_1_97' title="bbox 478 5093 2043 5169">
     <span class='ocr_line' id='line_1_97' title="bbox 478 5093 2043 5169; baseline -0.006 -16"><span class='ocrx_word' id='word_1_673' title='bbox 478 5100 674 5169; x_wconf 81' lang='lat' dir='ltr'><strong>vulgus</strong></span> <span class='ocrx_word' id='word_1_674' title='bbox 706 5112 892 5161; x_wconf 88' lang='lat' dir='ltr'><strong>omne,</strong></span> <span class='ocrx_word' id='word_1_675' title='bbox 926 5097 1064 5151; x_wconf 88' lang='lat' dir='ltr'><strong>utin</strong></span> <span class='ocrx_word' id='word_1_676' title='bbox 1096 5110 1313 5151; x_wconf 85' lang='lat' dir='ltr'><strong>summa</strong></span> <span class='ocrx_word' id='word_1_677' title='bbox 1338 5094 1539 5161; x_wconf 89' lang='lat' dir='ltr'><strong>dicam,</strong></span> <span class='ocrx_word' id='word_1_678' title='bbox 1576 5093 1898 5149; x_wconf 89' lang='lat' dir='ltr'><strong>seditiosum</strong></span> <span class='ocrx_word' id='word_1_679' title='bbox 1938 5104 2043 5157; x_wconf 74' lang='grc' dir='ltr'>εει,</span> 
     </span>
    </p>
   </div>
   <div class='ocr_carea' id='block_1_98' title="bbox 477 5186 2042 5259">
    <p class='ocr_par' dir='ltr' id='par_1_98' title="bbox 477 5186 2042 5259">
     <span class='ocr_line' id='line_1_98' title="bbox 477 5186 2042 5259; baseline -0.005 -13"><span class='ocrx_word' id='word_1_680' title='bbox 477 5192 851 5259; x_wconf 74' lang='lat' dir='ltr'><strong>facillimeque</strong></span> <span class='ocrx_word' id='word_1_681' title='bbox 910 5189 976 5242; x_wconf 87' lang='lat' dir='ltr'><strong>ad</strong></span> <span class='ocrx_word' id='word_1_682' title='bbox 1038 5188 1308 5242; x_wconf 89' lang='lat' dir='ltr'><strong>tumultus</strong></span> <span class='ocrx_word' id='word_1_683' title='bbox 1366 5186 1593 5241; x_wconf 85' lang='lat' dir='ltr'><strong>bellicos</strong></span> <span class='ocrx_word' id='word_1_684' title='bbox 1649 5195 2042 5256; x_wconf 80' lang='lat' dir='ltr'><strong>permovetur:</strong></span> 
     </span>
    </p>
   </div>
   <div class='ocr_carea' id='block_1_99' title="bbox 480 5276 2047 5348">
    <p class='ocr_par' dir='ltr' id='par_1_99' title="bbox 480 5276 2047 5348">
     <span class='ocr_line' id='line_1_99' title="bbox 480 5276 2047 5348; baseline -0.003 -14"><span class='ocrx_word' id='word_1_685' title='bbox 480 5293 594 5335; x_wconf 75' lang='lat' dir='ltr'><strong>tum</strong></span> <span class='ocrx_word' id='word_1_686' title='bbox 629 5279 1033 5335; x_wconf 76' lang='lat' dir='ltr'><strong>Alexandrinus</strong></span> <span class='ocrx_word' id='word_1_687' title='bbox 1067 5280 1305 5348; x_wconf 80' lang='lat' dir='ltr'><strong>papulus</strong></span> <span class='ocrx_word' id='word_1_688' title='bbox 1338 5279 1421 5332; x_wconf 91' lang='lat' dir='ltr'><strong>eis</strong></span> <span class='ocrx_word' id='word_1_689' title='bbox 1460 5279 1695 5331; x_wconf 77' lang='lat' dir='ltr'><strong>maxime</strong></span> <span class='ocrx_word' id='word_1_690' title='bbox 1726 5276 1955 5346; x_wconf 77' lang='lat' dir='ltr'><strong>gaudet,</strong></span> <span class='ocrx_word' id='word_1_691' title='bbox 1992 5286 2047 5330; x_wconf 93' lang='lat' dir='ltr'><strong>et</strong></span> 
     </span>
    </p>
   </div>
   <div class='ocr_carea' id='block_1_100' title="bbox 483 5369 2049 5441">
    <p class='ocr_par' dir='ltr' id='par_1_100' title="bbox 483 5369 2049 5441">
     <span class='ocr_line' id='line_1_100' title="bbox 483 5369 2049 5441; baseline -0.003 -15"><span class='ocrx_word' id='word_1_692' title='bbox 483 5373 739 5441; x_wconf 83' lang='lat' dir='ltr'><strong>proclivis</strong></span> <span class='ocrx_word' id='word_1_693' title='bbox 761 5372 829 5425; x_wconf 88' lang='lat' dir='ltr'><strong>ad</strong></span> <span class='ocrx_word' id='word_1_694' title='bbox 860 5370 1051 5424; x_wconf 79' lang='lat' dir='ltr'><strong>turbas</strong></span> <span class='ocrx_word' id='word_1_695' title='bbox 1074 5378 1194 5424; x_wconf 86' lang='lat' dir='ltr'><strong>est:</strong></span> <span class='ocrx_word' id='word_1_696' title='bbox 1221 5384 1283 5423; x_wconf 89' lang='lat' dir='ltr'><strong>ac</strong></span> <span class='ocrx_word' id='word_1_697' title='bbox 1308 5370 1351 5423; x_wconf 88' lang='lat' dir='ltr'><strong>si</strong></span> <span class='ocrx_word' id='word_1_698' title='bbox 1378 5370 1631 5439; x_wconf 81' lang='lat' dir='ltr'><strong>exiguam</strong></span> <span class='ocrx_word' id='word_1_699' title='bbox 1661 5369 1855 5422; x_wconf 83' lang='lat' dir='ltr'><strong>saltem</strong></span> <span class='ocrx_word' id='word_1_700' title='bbox 1888 5382 2049 5421; x_wconf 83' lang='lat' dir='ltr'><strong>occa-</strong></span> 
     </span>
    </p>
   </div>
   <div class='ocr_carea' id='block_1_101' title="bbox 482 5460 2045 5532">
    <p class='ocr_par' dir='ltr' id='par_1_101' title="bbox 482 5460 2045 5532">
     <span class='ocr_line' id='line_1_101' title="bbox 482 5460 2045 5532; baseline -0.002 -17"><span class='ocrx_word' id='word_1_701' title='bbox 482 5462 692 5516; x_wconf 78' lang='lat' dir='ltr'><strong>sionem</strong></span> <span class='ocrx_word' id='word_1_702' title='bbox 724 5462 1042 5532; x_wconf 82' lang='lat' dir='ltr'><strong>arripuerit,</strong></span> <span class='ocrx_word' id='word_1_703' title='bbox 1075 5462 1220 5516; x_wconf 91' lang='lat' dir='ltr'><strong>illico</strong></span> <span class='ocrx_word' id='word_1_704' title='bbox 1248 5462 1604 5516; x_wconf 86' lang='lat' dir='ltr'><strong>accenditur:</strong></span> <span class='ocrx_word' id='word_1_705' title='bbox 1637 5476 1739 5515; x_wconf 86' lang='lat' dir='ltr'><strong>nec</strong></span> <span class='ocrx_word' id='word_1_706' title='bbox 1764 5460 1916 5530; x_wconf 91' lang='lat' dir='ltr'><strong>prius</strong></span> <span class='ocrx_word' id='word_1_707' title='bbox 1950 5460 2045 5513; x_wconf 87' lang='lat' dir='ltr'><strong>ab-</strong></span> 
     </span>
    </p>
   </div>
   <div class='ocr_carea' id='block_1_102' title="bbox 487 5551 2043 5620">
    <p class='ocr_par' dir='ltr' id='par_1_102' title="bbox 487 5551 2043 5620">
     <span class='ocr_line' id='line_1_102' title="bbox 487 5551 2043 5620; baseline -0.001 -15"><span class='ocrx_word' id='word_1_708' title='bbox 487 5551 664 5615; x_wconf 81' lang='lat' dir='ltr'><strong>sistit,</strong></span> <span class='ocrx_word' id='word_1_709' title='bbox 698 5566 862 5620; x_wconf 89' lang='lat' dir='ltr'><strong>quam</strong></span> <span class='ocrx_word' id='word_1_710' title='bbox 894 5551 1260 5605; x_wconf 89' lang='lat' dir='ltr'><strong>intolerabilia</strong></span> <span class='ocrx_word' id='word_1_711' title='bbox 1293 5551 1561 5606; x_wconf 84' lang='lat' dir='ltr'><strong>deciderit</strong></span> <span class='ocrx_word' id='word_1_712' title='bbox 1592 5554 1729 5604; x_wconf 87' lang='lat' dir='ltr'><strong>mala</strong></span> <span class='ocrx_word' id='word_1_713' title='bbox 1758 5568 1771 5604; x_wconf 89' lang='lat'><strong>:</strong></span> <span class='ocrx_word' id='word_1_714' title='bbox 1814 5561 1868 5605; x_wconf 89' lang='lat' dir='ltr'><strong>et</strong></span> <span class='ocrx_word' id='word_1_715' title='bbox 1906 5551 2043 5605; x_wconf 84' lang='lat' dir='ltr'><strong>citra</strong></span> 
     </span>
    </p>
   </div>
   <div class='ocr_carea' id='block_1_103' title="bbox 485 5642 2043 5713">
    <p class='ocr_par' dir='ltr' id='par_1_103' title="bbox 485 5642 2043 5713">
     <span class='ocr_line' id='line_1_103' title="bbox 485 5642 2043 5713; baseline 0 -15"><span class='ocrx_word' id='word_1_716' title='bbox 485 5643 805 5713; x_wconf 78' lang='lat' dir='ltr'><strong>sanguinem</strong></span> <span class='ocrx_word' id='word_1_717' title='bbox 836 5642 1013 5699; x_wconf 76' lang='lat' dir='ltr'><strong>fusum</strong></span> <span class='ocrx_word' id='word_1_718' title='bbox 1047 5660 1154 5698; x_wconf 90' lang='lat' dir='ltr'><strong>non</strong></span> <span class='ocrx_word' id='word_1_719' title='bbox 1183 5643 1342 5699; x_wconf 79' lang='lat' dir='ltr'><strong>facile</strong></span> <span class='ocrx_word' id='word_1_720' title='bbox 1372 5643 1555 5697; x_wconf 88' lang='lat' dir='ltr'><strong>dirimi</strong></span> <span class='ocrx_word' id='word_1_721' title='bbox 1592 5654 1756 5713; x_wconf 88' lang='lat' dir='ltr'><strong>atque</strong></span> <span class='ocrx_word' id='word_1_722' title='bbox 1785 5644 2043 5712; x_wconf 87' lang='lat' dir='ltr'><strong>componi</strong></span> 
     </span>
    </p>
   </div>
   <div class='ocr_carea' id='block_1_104' title="bbox 560 5820 2052 5895">
    <p class='ocr_par' dir='ltr' id='par_1_104' title="bbox 560 5820 2052 5895">
     <span class='ocr_line' id='line_1_104' title="bbox 560 5820 2052 5895; baseline -0.003 -16"><span class='ocrx_word' id='word_1_723' title='bbox 560 5826 638 5895; x_wconf 80' lang='grc' dir='ltr'><strong>(ί)</strong></span> <span class='ocrx_word' id='word_1_724' title='bbox 682 5821 999 5879; x_wconf 86' lang='lat' dir='ltr'><strong>Secundum</strong></span> <span class='ocrx_word' id='word_1_725' title='bbox 1034 5822 1321 5891; x_wconf 79' lang='lat' dir='ltr'><strong>Origencm</strong></span> <span class='ocrx_word' id='word_1_726' title='bbox 1368 5821 1537 5875; x_wconf 83' lang='lat' dir='ltr'><strong>Filius</strong></span> <span class='ocrx_word' id='word_1_727' title='bbox 1579 5820 1721 5873; x_wconf 80' lang='lat' dir='ltr'><strong>Patri</strong></span> <span class='ocrx_word' id='word_1_728' title='bbox 1765 5820 2052 5884; x_wconf 70' lang='lat' dir='ltr'><strong>suva‘i6:o;.</strong></span> 
     </span>
    </p>
   </div>
   <div class='ocr_carea' id='block_1_105' title="bbox 2151 4631 3730 4703">
    <p class='ocr_par' dir='ltr' id='par_1_105' title="bbox 2151 4631 3730 4703">
     <span class='ocr_line' id='line_1_105' title="bbox 2151 4631 3730 4703; baseline 0.002 -17"><span class='ocrx_word' id='word_1_729' title='bbox 2151 4634 2390 4702; x_wconf 77' lang='grc' dir='ltr'>νημένης</span> <span class='ocrx_word' id='word_1_730' title='bbox 2420 4631 2623 4693; x_wconf 76' lang='grc' dir='ltr'>αἰτίας.</span> <span class='ocrx_word' id='word_1_731' title='bbox 2658 4633 2770 4685; x_wconf 61' lang='grc' dir='ltr'><strong>Καὶ⁸</strong></span> <span class='ocrx_word' id='word_1_732' title='bbox 2801 4633 2908 4695; x_wconf 77' lang='grc' dir='ltr'>πᾶς</span> <span class='ocrx_word' id='word_1_733' title='bbox 2942 4634 3040 4701; x_wconf 82' lang='grc' dir='ltr'><strong>μὲν</strong></span> <span class='ocrx_word' id='word_1_734' title='bbox 3072 4633 3270 4703; x_wconf 78' lang='grc' dir='ltr'>δῆμος,</span> <span class='ocrx_word' id='word_1_735' title='bbox 3301 4633 3374 4698; x_wconf 86' lang='grc' dir='ltr'><strong>ὡς</strong></span> <span class='ocrx_word' id='word_1_736' title='bbox 3407 4635 3609 4688; x_wconf 70' lang='grc' dir='ltr'>ἐπίπαν</span> <span class='ocrx_word' id='word_1_737' title='bbox 3644 4640 3730 4689; x_wconf 87' lang='grc' dir='ltr'>εί-</span> 
     </span>
    </p>
   </div>
   <div class='ocr_carea' id='block_1_106' title="bbox 2152 4723 3722 4798">
    <p class='ocr_par' dir='ltr' id='par_1_106' title="bbox 2152 4723 3722 4798">
     <span class='ocr_line' id='line_1_106' title="bbox 2152 4723 3722 4798; baseline 0 -20"><span class='ocrx_word' id='word_1_738' title='bbox 2152 4726 2295 4787; x_wconf 71' lang='grc' dir='ltr'>πεῖν,</span> <span class='ocrx_word' id='word_1_739' title='bbox 2318 4723 2614 4793; x_wconf 76' lang='grc' dir='ltr'>στασιώδης</span> <span class='ocrx_word' id='word_1_740' title='bbox 2639 4725 2737 4777; x_wconf 76' lang='grc' dir='ltr'>καὶ</span> <span class='ocrx_word' id='word_1_741' title='bbox 2761 4726 2897 4794; x_wconf 75' lang='grc' dir='ltr'>πρὸς</span> <span class='ocrx_word' id='word_1_742' title='bbox 2921 4725 3104 4795; x_wconf 83' lang='grc' dir='ltr'>μάχην</span> <span class='ocrx_word' id='word_1_743' title='bbox 3125 4728 3298 4797; x_wconf 74' lang='grc' dir='ltr'>ῥᾷστα</span> <span class='ocrx_word' id='word_1_744' title='bbox 3322 4730 3686 4798; x_wconf 79' lang='grc' dir='ltr'>κεκινημένος</span> <span class='ocrx_word' id='word_1_745' title='bbox 3706 4746 3722 4759; x_wconf 88' lang='grc'><strong>·</strong></span> 
     </span>
    </p>
   </div>
   <div class='ocr_carea' id='block_1_107' title="bbox 2154 4815 3727 4888">
    <p class='ocr_par' dir='ltr' id='par_1_107' title="bbox 2154 4815 3727 4888">
     <span class='ocr_line' id='line_1_107' title="bbox 2154 4815 3727 4888; baseline 0.004 -20"><span class='ocrx_word' id='word_1_746' title='bbox 2154 4815 2335 4884; x_wconf 84' lang='grc' dir='ltr'>πολλῷ</span> <span class='ocrx_word' id='word_1_747' title='bbox 2381 4816 2437 4868; x_wconf 80' lang='grc' dir='ltr'>δὲ</span> <span class='ocrx_word' id='word_1_748' title='bbox 2480 4816 2677 4884; x_wconf 86' lang='grc' dir='ltr'>μᾶλλον</span> <span class='ocrx_word' id='word_1_749' title='bbox 2716 4815 2744 4868; x_wconf 86' lang='grc' dir='ltr'><strong>δ</strong></span> <span class='ocrx_word' id='word_1_750' title='bbox 2781 4817 2880 4886; x_wconf 80' lang='grc' dir='ltr'>τῆς</span> <span class='ocrx_word' id='word_1_751' title='bbox 2914 4817 3263 4888; x_wconf 78' lang='grc' dir='ltr'>Ἀλεξάνδρου</span> <span class='ocrx_word' id='word_1_752' title='bbox 3304 4823 3418 4882; x_wconf 84' lang='grc' dir='ltr'>τοῖς</span> <span class='ocrx_word' id='word_1_753' title='bbox 3456 4820 3727 4885; x_wconf 73' lang='grc' dir='ltr'>τοιούτοις</span> 
     </span>
    </p>
   </div>
   <div class='ocr_carea' id='block_1_108' title="bbox 2157 4908 3730 4981">
    <p class='ocr_par' dir='ltr' id='par_1_108' title="bbox 2157 4908 3730 4981">
     <span class='ocr_line' id='line_1_108' title="bbox 2157 4908 3730 4981; baseline 0.006 -22"><span class='ocrx_word' id='word_1_754' title='bbox 2157 4908 2390 4980; x_wconf 81' lang='grc' dir='ltr'>μάλιστα</span> <span class='ocrx_word' id='word_1_755' title='bbox 2423 4908 2624 4977; x_wconf 83' lang='grc' dir='ltr'>χαίρει,</span> <span class='ocrx_word' id='word_1_756' title='bbox 2655 4909 2751 4961; x_wconf 78' lang='grc' dir='ltr'><strong>καὶ</strong></span> <span class='ocrx_word' id='word_1_757' title='bbox 2782 4908 3010 4977; x_wconf 76' lang='grc' dir='ltr'>ἑτοίμως</span> <span class='ocrx_word' id='word_1_758' title='bbox 3040 4909 3151 4980; x_wconf 72' lang='grc' dir='ltr'>ἔχει</span> <span class='ocrx_word' id='word_1_759' title='bbox 3184 4911 3317 4981; x_wconf 69' lang='grc' dir='ltr'>πρὸς</span> <span class='ocrx_word' id='word_1_760' title='bbox 3344 4911 3536 4966; x_wconf 72' lang='grc' dir='ltr'>ταῦτα.</span> <span class='ocrx_word' id='word_1_761' title='bbox 3571 4915 3634 4967; x_wconf 81' lang='lat' dir='ltr'><strong>Ei</strong></span> <span class='ocrx_word' id='word_1_762' title='bbox 3667 4915 3730 4968; x_wconf 71' lang='grc' dir='ltr'>δὲ</span> 
     </span>
    </p>
   </div>
   <div class='ocr_carea' id='block_1_109' title="bbox 2149 5001 3733 5072">
    <p class='ocr_par' dir='ltr' id='par_1_109' title="bbox 2149 5001 3733 5072">
     <span class='ocr_line' id='line_1_109' title="bbox 2149 5001 3733 5072; baseline 0.004 -21"><span class='ocrx_word' id='word_1_763' title='bbox 2149 5001 2244 5053; x_wconf 68' lang='grc' dir='ltr'>καὶ</span> <span class='ocrx_word' id='word_1_764' title='bbox 2278 5001 2519 5071; x_wconf 85' lang='grc' dir='ltr'>σμικρᾶς</span> <span class='ocrx_word' id='word_1_765' title='bbox 2550 5018 2693 5061; x_wconf 76' lang='grc' dir='ltr'>τινος</span> <span class='ocrx_word' id='word_1_766' title='bbox 2722 5002 2982 5072; x_wconf 77' lang='grc' dir='ltr'>ἀφορμῆς</span> <span class='ocrx_word' id='word_1_767' title='bbox 3012 5002 3323 5056; x_wconf 80' lang='grc' dir='ltr'>ὲπιλάδοιτο</span> <span class='ocrx_word' id='word_1_768' title='bbox 3343 5042 3359 5066; x_wconf 85' lang='lat'><strong>,</strong></span> <span class='ocrx_word' id='word_1_769' title='bbox 3394 5004 3558 5068; x_wconf 81' lang='grc' dir='ltr'>εὐθυς</span> <span class='ocrx_word' id='word_1_770' title='bbox 3590 5005 3733 5058; x_wconf 81' lang='grc' dir='ltr'>ἀνά-</span> 
     </span>
    </p>
   </div>
   <div class='ocr_carea' id='block_1_110' title="bbox 2149 5093 3733 5165">
    <p class='ocr_par' dir='ltr' id='par_1_110' title="bbox 2149 5093 3733 5165">
     <span class='ocr_line' id='line_1_110' title="bbox 2149 5093 3733 5165; baseline 0.004 -19"><span class='ocrx_word' id='word_1_771' title='bbox 2149 5109 2381 5146; x_wconf 79' lang='grc' dir='ltr'>πτεται·</span> <span class='ocrx_word' id='word_1_772' title='bbox 2427 5093 2521 5146; x_wconf 77' lang='grc' dir='ltr'>καὶ</span> <span class='ocrx_word' id='word_1_773' title='bbox 2565 5094 2664 5145; x_wconf 83' lang='grc' dir='ltr'>οὐκ</span> <span class='ocrx_word' id='word_1_774' title='bbox 2710 5094 2776 5147; x_wconf 82' lang='grc' dir='ltr'><strong>ἂν</strong></span> <span class='ocrx_word' id='word_1_775' title='bbox 2821 5096 3087 5165; x_wconf 72' lang='grc' dir='ltr'>πρότερον</span> <span class='ocrx_word' id='word_1_776' title='bbox 3133 5097 3423 5165; x_wconf 84' lang='grc' dir='ltr'>ἀποσταίη,</span> <span class='ocrx_word' id='word_1_777' title='bbox 3467 5098 3598 5165; x_wconf 75' lang='grc' dir='ltr'>πρὶν</span> <span class='ocrx_word' id='word_1_778' title='bbox 3638 5101 3733 5161; x_wconf 87' lang='grc' dir='ltr'><strong>είς</strong></span> 
     </span>
    </p>
   </div>
   <div class='ocr_carea' id='block_1_111' title="bbox 2149 5184 3737 5259">
    <p class='ocr_par' dir='ltr' id='par_1_111' title="bbox 2149 5184 3737 5259">
     <span class='ocr_line' id='line_1_111' title="bbox 2149 5184 3737 5259; baseline 0.005 -22"><span class='ocrx_word' id='word_1_779' title='bbox 2149 5185 2400 5255; x_wconf 80' lang='grc' dir='ltr'>ἀφόρητα</span> <span class='ocrx_word' id='word_1_780' title='bbox 2430 5184 2822 5255; x_wconf 83' lang='grc' dir='ltr'>περιελαθῆναι</span> <span class='ocrx_word' id='word_1_781' title='bbox 2855 5188 3003 5239; x_wconf 65' lang='lat' dir='ltr'><strong>xuii</strong></span> <span class='ocrx_word' id='word_1_782' title='bbox 3029 5202 3041 5216; x_wconf 83' lang='lat'><strong>&#39;</strong></span> <span class='ocrx_word' id='word_1_783' title='bbox 3076 5190 3170 5242; x_wconf 75' lang='grc' dir='ltr'>καὶ</span> <span class='ocrx_word' id='word_1_784' title='bbox 3199 5191 3326 5244; x_wconf 77' lang='grc' dir='ltr'>ἄνευ</span> <span class='ocrx_word' id='word_1_785' title='bbox 3359 5191 3589 5259; x_wconf 79' lang='grc' dir='ltr'>αἵματος</span> <span class='ocrx_word' id='word_1_786' title='bbox 3621 5192 3737 5245; x_wconf 77' lang='grc' dir='ltr'>οὐκ</span> 
     </span>
    </p>
   </div>
   <div class='ocr_carea' id='block_1_112' title="bbox 2153 5278 3733 5350">
    <p class='ocr_par' dir='ltr' id='par_1_112' title="bbox 2153 5278 3733 5350">
     <span class='ocr_line' id='line_1_112' title="bbox 2153 5278 3733 5350; baseline 0.004 -18"><span class='ocrx_word' id='word_1_787' title='bbox 2153 5278 2219 5332; x_wconf 82' lang='grc' dir='ltr'><strong>ἂν</strong></span> <span class='ocrx_word' id='word_1_788' title='bbox 2256 5278 2451 5349; x_wconf 74' lang='grc' dir='ltr'>ῥᾳδίως</span> <span class='ocrx_word' id='word_1_789' title='bbox 2492 5278 2823 5350; x_wconf 82' lang='grc' dir='ltr'>διακριθείη.</span> <span class='ocrx_word' id='word_1_790' title='bbox 2867 5280 3187 5345; x_wconf 75' lang='grc' dir='ltr'>Ἐστασίαζε</span> <span class='ocrx_word' id='word_1_791' title='bbox 3233 5283 3332 5350; x_wconf 81' lang='grc' dir='ltr'><strong>μὲν</strong></span> <span class='ocrx_word' id='word_1_792' title='bbox 3364 5283 3456 5338; x_wconf 82' lang='grc' dir='ltr'>οὖν</span> <span class='ocrx_word' id='word_1_793' title='bbox 3492 5285 3625 5337; x_wconf 77' lang='grc' dir='ltr'>αὐτὸ</span> <span class='ocrx_word' id='word_1_794' title='bbox 3660 5286 3733 5339; x_wconf 83' lang='grc' dir='ltr'><strong>τὸ</strong></span> 
     </span>
    </p>
   </div>
   <div class='ocr_carea' id='block_1_113' title="bbox 2155 5369 3734 5444">
    <p class='ocr_par' dir='ltr' id='par_1_113' title="bbox 2155 5369 3734 5444">
     <span class='ocr_line' id='line_1_113' title="bbox 2155 5369 3734 5444; baseline 0.006 -22"><span class='ocrx_word' id='word_1_795' title='bbox 2155 5369 2358 5437; x_wconf 77' lang='grc' dir='ltr'>πλῆθος</span> <span class='ocrx_word' id='word_1_796' title='bbox 2391 5370 2527 5440; x_wconf 72' lang='grc' dir='ltr'>πρὸς</span> <span class='ocrx_word' id='word_1_797' title='bbox 2558 5371 2717 5424; x_wconf 77' lang='grc' dir='ltr'>ἑαυτὸ</span> <span class='ocrx_word' id='word_1_798' title='bbox 2745 5373 2805 5425; x_wconf 85' lang='grc' dir='ltr'><strong>οὐ</strong></span> <span class='ocrx_word' id='word_1_799' title='bbox 2831 5371 2920 5427; x_wconf 88' lang='grc' dir='ltr'><strong>διά</strong></span> <span class='ocrx_word' id='word_1_800' title='bbox 2948 5391 2999 5425; x_wconf 83' lang='grc' dir='ltr'><strong>τι</strong></span> <span class='ocrx_word' id='word_1_801' title='bbox 3030 5374 3357 5444; x_wconf 80' lang='grc' dir='ltr'>ἐπάναγκες,</span> <span class='ocrx_word' id='word_1_802' title='bbox 3383 5375 3521 5429; x_wconf 75' lang='grc' dir='ltr'><strong>ἀλλὰ</strong></span> <span class='ocrx_word' id='word_1_803' title='bbox 3545 5376 3637 5431; x_wconf 82' lang='grc' dir='ltr'>διὰ</span> <span class='ocrx_word' id='word_1_804' title='bbox 3663 5380 3734 5432; x_wconf 83' lang='grc' dir='ltr'>τὸ</span> 
     </span>
    </p>
   </div>
   <div class='ocr_carea' id='block_1_114' title="bbox 2154 5458 3725 5537">
    <p class='ocr_par' dir='ltr' id='par_1_114' title="bbox 2154 5458 3725 5537">
     <span class='ocr_line' id='line_1_114' title="bbox 2154 5458 3725 5537; baseline 0.01 -27"><span class='ocrx_word' id='word_1_805' title='bbox 2154 5458 2456 5528; x_wconf 81' lang='grc' dir='ltr'>τηνικαῦτα</span> <span class='ocrx_word' id='word_1_806' title='bbox 2486 5461 2671 5532; x_wconf 77' lang='grc' dir='ltr'>σχεδὸν</span> <span class='ocrx_word' id='word_1_807' title='bbox 2700 5464 2848 5537; x_wconf 79' lang='grc' dir='ltr'>πάσῃ</span> <span class='ocrx_word' id='word_1_808' title='bbox 2878 5464 3028 5519; x_wconf 85' lang='grc' dir='ltr'>πόλει</span> <span class='ocrx_word' id='word_1_809' title='bbox 3058 5466 3396 5522; x_wconf 78' lang='grc' dir='ltr'>ἐπιπολάσαν</span> <span class='ocrx_word' id='word_1_810' title='bbox 3422 5469 3612 5523; x_wconf 72' lang='grc' dir='ltr'>κακόν.</span> <span class='ocrx_word' id='word_1_811' title='bbox 3641 5468 3725 5524; x_wconf 80' lang='grc' dir='ltr'><strong>Τὸ</strong></span> 
     </span>
    </p>
   </div>
   <div class='ocr_carea' id='block_1_115' title="bbox 2154 5548 3732 5631">
    <p class='ocr_par' dir='ltr' id='par_1_115' title="bbox 2154 5548 3732 5631">
     <span class='ocr_line' id='line_1_115' title="bbox 2154 5548 3732 5631; baseline 0.006 -25"><span class='ocrx_word' id='word_1_812' title='bbox 2154 5553 2209 5606; x_wconf 83' lang='grc' dir='ltr'>δὲ</span> <span class='ocrx_word' id='word_1_813' title='bbox 2240 5548 2339 5623; x_wconf 80' lang='grc' dir='ltr'>ἦν,</span> <span class='ocrx_word' id='word_1_814' title='bbox 2373 5554 2532 5606; x_wconf 78' lang='grc' dir='ltr'>πάντ’</span> <span class='ocrx_word' id='word_1_815' title='bbox 2556 5556 2861 5624; x_wconf 78' lang='grc' dir='ltr'>ἀφεμένους</span> <span class='ocrx_word' id='word_1_816' title='bbox 2880 5597 2895 5622; x_wconf 95' lang='grc'><strong>,</strong></span> <span class='ocrx_word' id='word_1_817' title='bbox 2929 5560 3109 5612; x_wconf 80' lang='grc' dir='ltr'>πᾶσαν</span> <span class='ocrx_word' id='word_1_818' title='bbox 3127 5556 3268 5629; x_wconf 74' lang='grc' dir='ltr'>’περὶ</span> <span class='ocrx_word' id='word_1_819' title='bbox 3294 5561 3418 5623; x_wconf 76' lang='grc' dir='ltr'>τοὺς</span> <span class='ocrx_word' id='word_1_820' title='bbox 3447 5558 3732 5631; x_wconf 77' lang='grc' dir='ltr'>ὀρχηστάς</span> 
     </span>
    </p>
   </div>
   <div class='ocr_carea' id='block_1_116' title="bbox 2157 5645 3732 5723">
    <p class='ocr_par' dir='ltr' id='par_1_116' title="bbox 2157 5645 3732 5723">
     <span class='ocr_line' id='line_1_116' title="bbox 2157 5645 3732 5723; baseline 0.006 -26"><span class='ocrx_word' id='word_1_821' title='bbox 2157 5645 2425 5700; x_wconf 77' lang='grc' dir='ltr'>ποιεῖσθαι</span> <span class='ocrx_word' id='word_1_822' title='bbox 2467 5647 2725 5719; x_wconf 70' lang='grc' dir='ltr'>σπουδήν.</span> <span class='ocrx_word' id='word_1_823' title='bbox 2764 5649 2887 5704; x_wconf 75' lang='grc' dir='ltr'>Ἐπὶ</span> <span class='ocrx_word' id='word_1_824' title='bbox 2926 5652 3110 5723; x_wconf 84' lang='grc' dir='ltr'>μέντοι</span> <span class='ocrx_word' id='word_1_825' title='bbox 3148 5650 3407 5721; x_wconf 78' lang='grc' dir='ltr'>Σαϐϐάτῳ</span> <span class='ocrx_word' id='word_1_826' title='bbox 3443 5651 3630 5705; x_wconf 80' lang='grc' dir='ltr'>πλεῖον</span> <span class='ocrx_word' id='word_1_827' title='bbox 3663 5653 3732 5707; x_wconf 85' lang='grc' dir='ltr'><strong>τδ</strong></span> 
     </span>
    </p>
   </div>
  </div>
