3962 6556
298 437 432 515 1101

289 563 522 632 θέατρον
568 565 678 625 τοῖς
727 564 1023 633 ὀρχησταῖς
1072 565 1444 633 συνηγείρετο,
1497 563 1591 617 ἆτε
1637 564 1700 631 δὴ
1749 563 1854 615 τῶν
1888 571 1926 623 Α

301 649 575 705 Ἰουδαίων
604 650 665 704 οὐ
700 650 836 720 πρὸς
869 651 969 723 τὴν
1000 650 1094 704 τοῦ
1128 652 1293 722 νόμου
1330 653 1591 723 ἀκρόασιν
1624 653 1720 723 τὴν
1756 655 1853 723 ἀρ-

289 741 415 809 γίαν
447 743 895 814 καταχρωμένων
915 784 929 807 ,
962 742 1097 797 ἀλλὰ
1125 743 1186 795 τὸ
1215 746 1327 807 τοῖς
1361 744 1611 814 θεάτροις
1652 745 1852 813 μᾶλλον

289 834 720 905 ἐνασχολεῖσθαι.
756 835 856 889 Διά
883 853 965 889 τοι
993 834 1152 888 τοῦτο
1182 835 1277 889 καὶ
1306 836 1578 907 ἐπίμαχος
1608 838 1640 907 η
1674 839 1852 907 ἡμέρα

289 923 429 994 αὕτη
457 927 571 988 τοῖς
598 925 692 978 τοῦ
726 925 902 995 δήμου
939 926 1236 979 καθίστατο
1271 926 1503 997 μέρεσι·
1540 928 1635 980 καὶ
1664 927 1853 979 τούτου

287 1018 453 1087 χάριν
490 1017 593 1069 ὑπὸ
627 1017 720 1070 τοῦ
756 1017 858 1088 τῆς
889 1017 1296 1089 Ἀλεξανδρείας
1332 1018 1575 1090 ἐπάρχου
1612 1021 1671 1072 ἐν
1706 1020 1857 1083 τάξει

290 1110 700 1174 καταστάντος,
750 1110 799 1163 οἱ
837 1110 1076 1164 Ἰουδαῖοι
1126 1111 1277 1163 οὐδὲν
1326 1106 1488 1182 ἧττον
1537 1111 1855 1175 ἐπέκειντο,

291 1200 506 1272 θατέρῳ
540 1201 647 1253 τῶν
683 1201 869 1271 μερῶν
899 1201 1087 1271 ὥσπερ
1125 1200 1572 1263 ὀιντιπαθοῦντος.
1603 1201 1717 1253 Ἀεὶ
1759 1202 1868 1270 μὲν

289 1288 387 1346 οὖν
413 1292 669 1361 πολέμιον
698 1293 855 1345 τοῦτο
882 1291 943 1345 τδ
973 1292 1139 1359 φῦλον
1168 1293 1513 1360 Χριστιανοῖς
1533 1330 1547 1353 ,
1582 1291 1676 1345 καὶ
1705 1292 1861 1344 εὐσε-

291 1382 407 1434 ϐεῖν
434 1384 930 1452 ἀναπεπεισμένον,
961 1383 1030 1452 ἢν
1054 1385 1133 1436 ὅτι
1165 1383 1418 1436 πλεῖστον
1448 1384 1621 1435 αἴτιον
1648 1382 1861 1450 γένοιτο

290 1475 460 1527 κακόν
486 1492 538 1527 τι
569 1476 803 1544 πάσχειν
832 1476 982 1546 ἡμᾶς
1006 1491 1020 1506 ⁶
1053 1475 1174 1528 τότε
1205 1475 1260 1527 δὲ
1292 1475 1386 1528 καὶ
1416 1475 1618 1544 μᾶλλον
1646 1475 1734 1529 διὰ
1763 1474 1862 1544 τὴν

291 1566 594 1635 εἰρημένην
632 1565 813 1618 αἰτίαν
848 1565 957 1617 τῶν
991 1564 1274 1636 ὀρχηστῶν
1315 1567 1406 1618 καὶ
1444 1565 1699 1618 πλεῖστον
1743 1565 1862 1618 καθ’

294 1658 506 1711 ἑαυτῶν
541 1654 679 1728 ἦσαν
701 1656 1260 1728 ἐκπεπολεμωμένοι.
1301 1657 1409 1710 Καὶ
1447 1656 1510 1727 δή
1548 1674 1665 1709 τινα
1707 1656 1861 1710 πολι-

289 1746 439 1798 τείαν
469 1724 898 1816 πρυτανεύοντος
918 1744 1175 1810 Ὀρέστου
1201 1744 1295 1797 τοῦ
1323 1745 1424 1814 τῆς
1444 1745 1862 1815 Ἀλεξανδρείας

291 1837 540 1908 ἐπάρχου
571 1837 648 1906 τῷ
679 1837 838 1904 δήμῳ
869 1835 1050 1905 (οὕτω
1081 1836 1190 1905 γὰρ
1222 1836 1414 1899 είιυθδς
1447 1836 1737 1907 ὀνομάζειν
1767 1836 1866 1897 τὰς

1184 434 1779 507 ECCLESIASTICAZ
1816 433 2202 505 IIISTORUE
2245 444 2387 505 LIB.
2428 432 2579 505 xiv.

3395 438 3528 506 11.72

1961 573 2168 616 motum
2201 562 2424 630 patitur.
2466 560 2647 630 Itaque
2693 558 2987 614 multitudo
3035 561 3355 613 tumultuari
3388 569 3529 615 inter

1963 667 2022 707 se
2071 653 2263 721 coepit,
2313 667 2421 706 non
2470 650 2793 706 necessitate
2843 648 3099 720 quapiam
3136 649 3393 715 abducta,
3431 650 3528 704 sed

1965 753 2188 814 propter
2217 759 2560 798 communem
2583 783 2597 806 ,
2636 758 2757 813 qure
2791 752 2904 797 tum
2939 757 3131 797 omnes
3161 758 3329 812 prope
3360 743 3528 799 urbes
3606 795 3611 823 Ξ

1966 835 2260 896 invaserat,
2295 835 2682 890 calamitatem.
2720 834 2947 890 Relictis
2971 827 3182 890 scilicet
3211 835 3376 890 rebus
3404 850 3527 890 om-

1967 922 2164 987 nibus,
2213 924 2454 978 studium
2507 939 2669 980 omne
2719 924 2773 978 in
2832 924 3148 978 saitatorum
3205 924 3533 994 spectaculis

1967 1014 2268 1082 ponebant.
2297 1015 2521 1071 Sabbati
2552 1017 2639 1072 die
2670 1016 2965 1072 in'theatro
2995 1015 3061 1069 ad
3092 1014 3379 1070 saltatores
3409 1031 3535 1087 spe-

1966 1106 2195 1162 ctandos
2217 1106 2616 1178 frequentiores
2638 1117 3008 1163 convenerant
3029 1107 3304 1173 homines,
3329 1108 3534 1164 Judmic

1969 1196 2231 1250 nimirum
2252 1198 2365 1252 otio
2389 1213 2496 1251 non
2524 1198 2589 1252 ad
2610 1198 2783 1271 legem
2806 1198 3132 1254 audiendam
3157 1198 3537 1261 abutentibus;

1971 1284 2066 1339 sed
2092 1284 2146 1338 in
2175 1288 2485 1356 spectacula
2522 1290 2700 1357 potius
2758 1289 3227 1345 incumbentibus.
3259 1292 3430 1357 Quam
3465 1292 3537 1346 ob

1968 1392 2193 1431 causam
2224 1392 2292 1432 eo
2322 1378 2411 1433 die
2439 1380 2611 1450 major
2637 1380 2781 1434 inter
2808 1381 2993 1452 populi
3027 1382 3295 1439 factiones
3323 1385 3537 1440 exstitit

1972 1483 2173 1537 pugna.
2227 1469 2295 1524 Et
2338 1471 2589 1539 quamvis
2640 1471 2759 1541 ejus
2805 1472 2881 1526 rei
2933 1471 3106 1541 gratia
3157 1473 3544 1538 Alexandrina:

1975 1557 2130 1611 urbis
2183 1558 2505 1626 praefectus,
2555 1575 2681 1614 cum
2731 1561 2992 1615 instructa
3040 1563 3269 1619 cohorte
3318 1579 3415 1619 sua
3461 1565 3537 1618 ibi

1972 1649 2234 1716 adesset,
2299 1651 2656 1707 nihilominus
2701 1663 2880 1708 tamen
2929 1653 3099 1709 Judmi
3148 1654 3535 1719 imminebant,

1973 1740 2137 1795 veluti
2190 1742 2347 1797 alteri
2403 1742 2628 1798 factioni
2694 1746 3033 1801 resistentes.
3086 1747 3332 1813 Quorum
3383 1747 3537 1802 natio

1971 1846 2096 1887 cum
2147 1834 2341 1889 infesta
2378 1850 2594 1905 semper
2638 1836 2968 1891 Christianis
2996 1846 3116 1901 est,
3166 1837 3538 1908 pietatemque

289 1929 599 1999 δημοτικάς
645 1928 1087 1998 διατυπώσεις),
1136 1929 1389 1999 παρῆσαν
1430 1931 1525 1997 καὶ
1567 1931 1685 1983 ὅσοι
1732 1931 1862 2000 περ)¹

1965 1936 2023 1977 se
2064 1932 2325 1992 praestare
2363 1926 2475 1980 Deo
2515 1941 2838 1995 persuasum
2879 1927 3079 1993 habet,
3111 1927 3157 1981 si
3192 1927 3539 1997 quampluri-

290 2018 384 2071 τὸν
428 2018 729 2072 ἐπίσκοπον
775 2018 1045 2090 Κύριλλον
1089 2016 1219 2086 φίλα
1263 2021 1459 2090 ἐκείνῳ
1502 2019 1864 2090 φρονοῦντες,

289 2113 393 2176 τὰς
428 2112 684 2175 τοιαύτας
724 2111 1088 2175 διατυπώσεις
1122 2113 1420 2182 ὀψόμενοι·
1460 2116 1517 2164 ἐν
1552 2107 1632 2176 οἷς
1671 2109 1741 2184 ἦν
1774 2112 1866 2165 καί

290 2218 377 2267 τις
413 2202 587 2273 Ἰέραξ
628 2203 821 2274 ὄνομα.
854 2204 949 2267 ’⁸ος
995 2204 1341 2275 γραμμάτων
1387 2205 1488 2273 μὲν
1529 2204 1640 2259 τῶν
1684 2204 1866 2267 πεζῶν

289 2296 613 2359 διδάσκαλος
642 2291 739 2368 ἦν,
776 2295 1026 2349 τοσοῦτον
1051 2297 1108 2350 δὲ
1140 2299 1256 2359 ταῖς
1288 2296 1384 2349 τοῦ
1420 2297 1689 2367 Κυρίλλου
1720 2296 1865 2349 διδα-

292 2389 549 2452 σκαλίαις
589 2390 886 2459 ἐξήρτητο,
917 2388 992 2452 ὼς
1032 2390 1196 2458 μηδὲν
1226 2390 1356 2444 ἄλλο
1390 2389 1660 2460 αἱρεῖσθαι
1698 2390 1732 2458 ἦ
1767 2390 1865 2460 τὴν

290 2482 507 2535 ἐκεῖθεν
535 2482 824 2551 ἀκρόασιν,
853 2482 950 2534 καὶ
979 2482 1209 2551 κρότους
1241 2483 1476 2552 ἐγείρειν
1506 2483 1618 2545 τοῖς
1650 2482 1860 2535 ἐκείνου

288 2575 566 2643 νοήμασιν
615 2572 988 2627 ἐπισπεύδειν.
1023 2574 1121 2627 ⁸ον
1170 2573 1368 2637 ἰδόντες
1402 2557 1481 2626 ’τὰ
1526 2573 1709 2644 πλήθη
1754 2574 1862 2629 τῶν

287 2664 588 2730 Ἰουδαίων,
630 2665 791 2729 εὐθὺς
837 2666 1076 2735 ἐχρῶντο
1120 2665 1242 2737 βοῇ,
1278 2667 1364 2719 διὰ
1408 2666 1574 2736 μηδὲν
1613 2666 1744 2719 ἄλλο
1784 2667 1863 2738 τῷ

288 2758 507 2828 θεάτρῳ
543 2760 750 2812 ἐκεῖνον
782 2758 1120 2829 παραϐαλεῖν
1140 2798 1156 2823 ,
1190 2759 1223 2829 ἢ
1261 2759 1347 2811 ἵνα
1384 2759 1573 2812 στάσιν
1605 2758 1859 2830 ὑπανάψῃ

284 2850 365 2922 τῷ
399 2853 579 2922 δήμῳ.
614 2852 673 2904 '0
708 2850 751 2904 δ’
777 2849 1015 2922 ἔπαρχος
1049 2850 1309 2922 Ὀρέστης
1331 2890 1345 2915 ,
1382 2850 1479 2902 καὶ
1512 2849 1726 2920 πρῶτον
1761 2851 1862 2918 μὲν

287 2946 387 3016 τὴν
428 2945 742 3015 παράλογον
782 2944 890 2998 τῶν
929 2944 1245 2996 ἐπισκόπων
1283 2941 1603 2996 δυναστείαν
1643 2943 1731 2996 διὰ
1777 2944 1862 3012 μί-

288 3053 418 3100 σους
460 3034 605 3107 εἶχεν
631 3054 646 3070 ·
692 3039 888 3108 ὅτιπερ
932 3036 1067 3089 πολύ
1108 3054 1163 3089 τι
1208 3034 1584 3106 παρυφέλκειν
1628 3036 1860 3108 ⁴ᾑροῦντο

286 3127 398 3178 τῶν
423 3126 528 3178 ὑπὸ
550 3126 650 3197 τὴν
677 3125 926 3191 ἐξουσίαν
953 3125 1150 3194 ἐκείνῳ
1174 3124 1451 3194 δημοσίων
1479 3124 1823 3193 πραγμάτων
1842 3140 1857 3155 ο

292 3216 531 3284 μάλιστα
575 3216 619 3269 δ’
644 3217 724 3269 ὅτι
766 3215 888 3268 τότε
931 3216 1029 3268 καὶ
1073 3215 1341 3282 Κύριλλος
1385 3216 1467 3282 εἰς
1509 3215 1705 3270 λεπτὸν
1747 3218 1859 3270 δια·
1890 3264 1931 3318 C

287 3308 443 3377 θρεῖν
471 3307 571 3369 τὰς
601 3306 696 3360 τοῦ
731 3307 976 3377 ἐπάρχου
1007 3307 1369 3370 διατυπώσεις
1400 3307 1589 3378 ᾑρεῖτο
1609 3348 1624 3375 ,
1659 3308 1751 3361 καὶ
1784 3308 1858 3372 ὡς

287 3402 358 3455 ἄν
383 3418 469 3465 τις
502 3400 635 3470 φαίη
668 3400 1147 3471 περιεργάζεσθαι.
1184 3401 1356 3465 Εὐθὺς
1384 3400 1479 3455 οὖν
1512 3401 1858 3473 ἀνάρπαστον

285 3494 383 3546 τὸν
419 3493 639 3562 Ἱέρακά
688 3492 1095 3562 ποιησάμενος,
1148 3492 1386 3564 πληγαῖς
1440 3494 1713 3560 ὑπέϐαλε,
1766 3495 1860 3548 καὶ

290 3585 499 3656 σφόδρα
546 3585 797 3656 ᾐκίσατο.
836 3586 902 3638 Ὃ
946 3587 1110 3654 γνοὺς
1157 3588 1185 3639 ὀ
1234 3586 1508 3650 θειότατος
1557 3586 1857 3651 Κύριλλος,

290 3677 400 3730 τῶν
427 3679 580 3747 παρὰ
600 3675 877 3741 Ἰουδαίοις
905 3678 1033 3741 τοὺς
1058 3675 1309 3748 πρώτους
1339 3676 1856 3746 μεταστειλάμενος,

289 3766 528 3839 παρῄνει
563 3769 664 3823 ὅσα
699 3770 847 3833 εξκός
874 3785 889 3803 ο
923 3770 1019 3823 καὶ
1051 3768 1205 3832 τέλος
1238 3768 1508 3841 διηπείλει
1543 3768 1694 3822 δεινὰ
1726 3768 1860 3839 δρά-

291 3877 408 3913 σειν
428 3901 444 3927 ,
475 3863 525 3914 εί
561 3862 636 3930 μὴ
668 3861 969 3915 παύσαιντο
993 3862 1087 3915 τὸν
1114 3860 1284 3931 δῆμον
1317 3859 1701 3923 άνακινοῦντες
1724 3900 1735 3922 ,
1769 3861 1860 3913 καὶ

291 3955 436 4006 κατά
461 3952 573 4007 τῶν
599 3954 946 4024 Χριστιανῶν
969 3953 1044 4015 ὡς
1074 3952 1327 4007 πλεῖστον
1352 3951 1767 4023 διερεθίζοντες.
1798 3953 1862 4007 Oi.

289 4045 347 4099 δὲ
373 4046 474 4109 τὰς
503 4045 733 4109 ἀπειλὰς
759 4044 1146 4108 διακούσαντες
1164 4086 1179 4112 ,
1212 4045 1413 4116 μᾶλλον
1439 4047 1539 4113 άνη
1551 4044 1825 4115 ρεθίζοντο
1845 4083 1858 4109 ,

290 4138 388 4192 καὶ
424 4137 520 4191 ἐπὶ
559 4137 734 4209 βλάϐῃ
773 4136 885 4191 τῶν
923 4136 1266 4208 Χριστιανῶν
1309 4135 1568 4199 πλείστας
1606 4137 1863 4189 ἐπενόουν

291 4234 387 4293 τὰς
416 4230 668 4302 μηχανάς
685 4246 701 4262 ⁸
729 4225 804 4285 ὦν
827 4230 925 4300 τὴν
952 4232 1383 4301 κορυφαιοτάτην
1408 4229 1504 4282 καὶ
1528 4229 1636 4282 τῶν
1662 4228 1858 4295 ἄλλων,

293 4324 364 4385 ὡς
410 4325 606 4387 είπεῐν,
642 4323 737 4376 ἐπὶ
775 4321 930 4392 κακῷ
967 4322 1348 4391 διαφέρουσαν,
1388 4321 1420 4390 ἢ
1462 4320 1526 4393 δὴ
1570 4320 1668 4374 καὶ
1713 4321 1864 4375 αίτία

292 4416 533 4484 κατέστη
558 4415 843 4478 Ἰουδαίους
873 4414 975 4484 τῆς
998 4413 1355 4485 Ἀλεξάνδρου
1397 4413 1750 4483 ἐξελαθῆναι,
1788 4412 1864 4477 ὡς

293 4504 414 4557 ἐνὸν
447 4503 803 4574 διηγήσομαι.
842 4504 1009 4572 Κοινῇ
1045 4502 1154 4571 γὰρ
1192 4500 1572 4569 συνελθόντες,
1612 4501 1865 4572 σύνθημα

1968 2029 2181 2068 morum
2217 2016 2378 2072 nobis
2408 2017 2678 2072 malorum
2710 2033 2872 2073 causa
2901 2019 2972 2072 sit
3003 2037 3017 2073 :
3062 2029 3176 2075 tum
3223 2033 3291 2074 eo
3319 2019 3539 2091 potissi-

1967 2121 2118 2160 mum
2154 2115 2429 2177 tempore,
2462 2119 2684 2178 propter
2725 2122 2821 2164 eos
2850 2124 2989 2179 quos
3028 2110 3272 2166 diximus
3317 2112 3541 2165 saltato-

1967 2212 2076 2265 res,
2119 2198 2416 2267 plurimum
2450 2202 2617 2255 etiam
2650 2200 2915 2258 adversus
2945 2203 3158 2273 seipsos
3192 2211 3322 2257 sunt
3350 2198 3553 2257 conci?

1965 2291 2087 2346 tati.
2121 2293 2188 2346 Et
2213 2309 2338 2347 eum
2370 2292 2595 2350 Orestes
2632 2296 2975 2351 Alexandria:
3009 2296 3300 2366 praefectus
3329 2296 3537 2368 pepqu

1966 2384 2267 2451 πολιτείαν,
2303 2386 2407 2440 hoc
2437 2397 2541 2452 est,
2574 2388 2887 2441 institutum
2918 2388 3195 2458 quoddam
3243 2388 3405 2443 civile
3438 2388 3536 2456 (ita

1963 2477 2109 2530 enim
2152 2477 2329 2532 ediCta
2380 2494 2478 2533 seu
2521 2480 2903 2534 ordinationes
2954 2480 3203 2549 publicas
3252 2479 3538 2534 nominare

1963 2583 2084 2623 mos
2116 2573 2219 2637 est)
2263 2572 2485 2637 ederet,
2533 2572 2810 2627 aﬂ‘uerunt
2856 2573 3023 2627 etiam
3069 2574 3389 2643 quicunque
3422 2572 3540 2641 epi-

1964 2676 2129 2730 scopo
2154 2661 2360 2730 Cyrillo
2403 2663 2701 2729 favebant,
2735 2665 2985 2720 instituta
3025 2663 3297 2735 ejusmodi
3345 2664 3535 2718 visuri.

1964 2754 2025 2807 In
2074 2756 2160 2810 his
2201 2756 2422 2811 nomine
2470 2755 2668 2810 Hierax
2706 2766 2826 2811 erat
2868 2756 3178 2811 humilioris
3208 2757 3536 2811 litteratura:

1964 2846 2244 2915 magister,
2286 2856 2572 2917 tantopere
2614 2866 2679 2903 ex
2726 2849 2914 2921 Cyrilli
2962 2848 3212 2904 doctrina
3263 2849 3531 2920 pendens,

1964 2948 2026 2993 ut
2072 2941 2206 2995 nihil
2251 2941 2401 2997 aliud
2461 2942 2667 2997 faceret
2718 2943 3012 3004 libentius,
3056 2946 3238 3011 quam'
3275 2942 3426 2995 illum
3476 2956 3537 2995 ut

1962 3033 2180 3089 audiret
2203 3074 2216 3100 ,
2264 3043 2320 3089 et
2354 3035 2576 3105 plausus
2614 3022 2761 3089 ciere
2794 3034 2859 3089 ad
2898 3034 3384 3089 illius-sententias
3412 3044 3534 3086 stu-

1963 3127 2136 3183 deret.
2182 3127 2339 3197 llunc
2385 3128 2478 3182 ubi
2523 3127 2837 3182 Judamrum
2883 3127 3176 3182 multitudo
3223 3127 3531 3196 conspexit,

1964 3220 2145 3274 statim
2170 3220 2460 3277 vociferari
2488 3222 2679 3290 cmpit,
2710 3236 2816 3273 non
2842 3219 3001 3274 aliam
3029 3221 3100 3275 ob
3132 3234 3349 3274 causam
3376 3219 3530 3273 illum

1964 3312 2019 3367 in
2057 3312 2326 3366 theatrum
2360 3312 2599 3376 venisse,
2640 3312 2801 3385 467
2833 3327 2994 3383 quam
3025 3318 3085 3365 ut
3116 3312 3440 3366 seditionem
3475 3313 3529 3366 in

1962 3406 2165 3475 popqu
2191 3406 2475 3461 excitaret.
2525 3406 2821 3461 Prtefeetus
2867 3405 3087 3461 Orestes
3127 3416 3283 3460 antea
3316 3419 3535 3475 quoque

1963 3508 2158 3565 praeter
2182 3498 2450 3551 rationem
2481 3510 2795 3565 usurpatam
2819 3497 3202 3566 episcoporum
3235 3495 3533 3565 potentiam

1962 3590 2152 3643 oderat
2180 3589 2279 3661 (1‘),
2331 3589 2475 3659 quod
2529 3589 2605 3643 illi
2660 3590 2830 3643 multa
2882 3602 2947 3642 ex
2996 3588 3235 3657 publicis
3283 3588 3533 3659 negmiis,

1960 3697 2081 3751 quae
2106 3682 2171 3735 ad
2200 3681 2641 3755 iurisdictionem
2673 3683 2794 3753 ejus
2824 3682 3196 3752 pertinebant,
3230 3682 3383 3738 ad.se
3411 3696 3536 3752 per-

1962 3775 2180 3828 trahere
2223 3767 2521 3829 volebant‘:
2570 3774 2918 3844 potissimum
2963 3785 3180 3840 autem,
3226 3773 3370 3843 quod
3419 3783 3534 3828 tum

1960 3880 2179 3935 quoque
2208 3864 2444 3937 Cyrillus
2475 3865 2722 3920 instituta
2756 3866 2860 3921 sibi
2900 3877 3092 3920 exaCte
3124 3864 3532 3934 perspicienda,

1961 3954 2447 4026 curiositatemque
2476 3958 2557 4027 (ut
2583 3957 2786 4026 aliquis
2807 3957 2973 4026 dicat)
3005 3956 3059 4011 in
3092 3958 3266 4011 aliena
3293 3972 3352 4012 re
3378 3971 3538 4012 exer-

1963 4047 2193 4103 cendam
2224 4058 2523 4115 statuerat,
2552 4059 2895 4114 commotus,
2931 4051 3050 4119 rapi
3083 4050 3376 4132 confestim
3409 4049 3537 4104 ilico

1963 4158 2145 4198 mecm
2173 4144 2360 4213 jussit,
2389 4143 2819 4212 verberibusque
2845 4143 3123 4198 subditum
3147 4143 3302 4201 valde
3321 4142 3530 4200 aﬂlixit.

1962 4235 2117 4303 Quod
2151 4235 2245 4290 ubi
2276 4234 2656 4291 divinissimus
2687 4234 2924 4307 Cyrillus
2950 4235 3226 4305 cognovit,
3262 4235 3532 4304 primores

1963 4328 2278 4383 Iudaeorum
2304 4326 2372 4383 ad
2404 4343 2462 4384 se
2486 4330 2711 4392 accitos,
2744 4328 2821 4381 ita
2848 4336 2906 4381 ut
2928 4342 3026 4397 par
3050 4339 3187 4393 erat,
3217 4327 3531 4382 admonuit:

1962 4429 2242 4489 postremo
2271 4420 2434 4474 etiam
2466 4418 2606 4473 male
2650 4432 2711 4472 se
2742 4431 2839 4471 eos
2883 4426 3238 4485 accepturum
3281 4430 3400 4470 esse
3433 4416 3537 4470 mi~

1963 4524 2125 4568 natus
2156 4520 2269 4577 est,
2303 4512 2408 4566 nisi
2452 4509 2713 4580 populum
2751 4523 3130 4575 commovere,
3174 4519 3230 4563 et
3267 4508 3536 4564 adversus

293 4596 432 4666 πρὸς
463 4596 724 4664 ἀλλήλους
754 4595 1001 4660 ἐποίουν,
1034 4592 1165 4646 ὥσθ’
1189 4594 1422 4646 ἕκαστον
1450 4594 1738 4649 δακτύλιον
1770 4594 1863 4663 φέ-

1969 4605 2312 4660 Christianos
2355 4604 2650 4674 plurimum
2698 4600 3012 4666 concitare,
3048 4599 3401 4654 desisterent.
3444 4599 3539 4653 Mi-

296 4706 409 4756 ρειν
445 4690 508 4742 ἐκ
543 4688 729 4757 φλοιοῦ
765 4688 1024 4756 φοινίκων
1059 4685 1255 4751 θαλοῦ,
1292 4686 1390 4739 καὶ
1424 4686 1643 4757 νύκτωρ
1676 4687 1862 4740 ἐπιθέ-

296 4782 421 4834 σθαι
454 4780 821 4855 Χριστιανοῖς.
858 4779 969 4833 Καὶ
1002 4777 1069 4848 δὴ
1105 4780 1203 4851 μιᾷ.
1234 4779 1342 4831 τῶν
1375 4779 1587 4832 νυκτῶν
1607 4817 1622 4843 ,
1659 4781 1766 4835 ἀνά
1797 4781 1867 4834 τά

293 4876 536 4942 κλίματα
562 4872 658 4943 τῆς
685 4872 894 4934 πόλεως
924 4871 1174 4942 προῆκαν
1202 4871 1441 4941 βοῶντάς
1467 4889 1644 4935 τινας,
1671 4872 1746 4937 ὡς
1776 4872 1863 4943 εἴη

296 4965 435 5036 πυρὶ
483 4965 751 5035 καιομένη
786 4965 820 5034 ἡ
854 4962 1198 5032 Χριστιανῶν
1244 4963 1545 5033 ἐκκλησία,
1654 4964 1863 5017 ἐπώνυ-

297 5073 397 5128 μον
421 5056 777 5124 Ἀλεξάνδρου
805 5055 899 5109 τοῦ
926 5055 1225 5108 ἐπισκόπου
1261 5054 1456 5125 κλῆσίς
1486 5057 1655 5109 ἐστιν.
1686 5056 1752 5108 Ὃ
1781 5058 1864 5118 εἰς

293 5144 409 5203 ὦτα
448 5147 682 5210 ἐκείνοις
726 5146 923 5217 ἀθρόον
960 5145 1134 5211 ἐλθὸν,
1177 5145 1334 5209 ἄλλος
1376 5144 1614 5215 ἀλλαχοῦ
1655 5145 1866 5215 διατρέ·

293 5257 481 5311 χοντες
511 5236 672 5311 ἦσαν,
698 5239 799 5309 τὴν
826 5239 977 5309 σφῶν
1005 5239 1361 5308 ἀλεξήσοντες
1388 5239 1710 5308 ἐκκλησίαν.
1731 5238 1866 5291 Ἰου-

291 5332 434 5385 δαῖοι
474 5330 519 5385 δ’
551 5330 716 5395 εὐθὺς
759 5331 1097 5400 ἐπιθέμενοι,
1144 5332 1385 5384 ἔκτεινον
1412 5349 1426 5362 ·
1472 5331 1719 5401 ἀλλήλων
1766 5331 1865 5402 μὲν

292 5428 621 5497 ἀπεχόμενοι
650 5429 716 5497 τῇ
745 5425 855 5479 τῶν
884 5425 1183 5479 δακτυλίων
1216 5423 1498 5496 περιϐολῇ,
1528 5420 1609 5487 οἷς
1635 5424 1681 5477 δ’
1707 5423 1866 5477 ἐντύ-

291 5536 438 5588 χοιεν
470 5517 819 5587 Χριστιανῶν
853 5506 1227 5587 ἀναιροῦντες.
1255 5515 1413 5567 Ἐπεὶ
1446 5514 1492 5567 δ’
1521 5516 1704 5585 ἡμέρα
1739 5516 1863 5584 ἐγέ-

293 5622 438 5673 νετο,
470 5605 695 5677 ἔκδηλον
722 5608 839 5668 τοῖς
867 5606 1253 5677 εἰργασμένοις
1279 5606 1340 5659 τὸ
1373 5605 1607 5676 πρᾶγμα
1636 5601 1724 5677 ἦν.
1758 5606 1867 5676 Ζή-

364 5742 442 5813 (l)
482 5742 636 5810 Apud
678 5741 902 5798 Suidam
946 5740 1186 5810 theologi
1210 5741 1429 5813 veteris
1467 5744 1740 5798 sententia
1772 5760 1864 5799 re-

293 5811 546 5884 peritur}
590 5814 876 5881 Πολιτικὴν
933 5812 1135 5884 ἀρετὴν
1208 5811 1477 5884 ἱερωσύνῃ
1549 5815 1862 5884 συνάπτειν,

299 5882 632 5951 συγκλώθειν
664 5886 778 5936 ἐστὶ
812 5884 874 5935 τά
901 5882 1258 5950 ἁσύγκ).ωστα
1288 5897 1301 5934 :
1341 5882 1559 5939 hocest
1585 5900 1598 5939 :
1632 5883 1862 5938 Civilem

1972 4712 2164 4750 narum
2206 4695 2625 4751 denuntiatione
2669 4692 2939 4766 ejusmodi
2985 4691 3192 4760 audita,
3243 4693 3323 4747 illi
3366 4694 3539 4764 magis

1968 4788 2134 4842 etiam
2169 4789 2501 4849 exacerbati,
2536 4785 2799 4856 plurimas
2834 4783 2899 4838 ad
2934 4785 3230 4859 perniciora
3266 4782 3538 4838 Cln'istia-

1967 4894 2162 4933 norum
2233 4879 2613 4949 excogitarunt
2680 4876 2901 4932 fraudes
2963 4884 3019 4929 et
3080 4874 3534 4930 machinationes.

1966 4969 2208 5038 Quarum
2253 4970 2606 5039 praecipuam,
2643 4969 2912 5037 aliasque,
2944 4976 3004 5020 ut
3037 4966 3112 5020 ita
3146 4966 3348 5029 dicam,
3385 4967 3539 5020 mali-

1966 5063 2172 5130 guitate
2212 5063 2567 5116 excellentem
2621 5066 2764 5129 (quae
2804 5059 2969 5113 etiam
3013 5058 3070 5111 in
3118 5072 3283 5111 causa
3326 5057 3448 5122 fuit,
3481 5071 3539 5113 ut

1965 5150 2138 5206 Judaei
2169 5149 2497 5204 Alexandria
2547 5149 2898 5217 ejicerentur)
2931 5148 3091 5203 sicuti
3141 5155 3332 5216 potero
3362 5164 3536 5216 expo-

1967 5260 2114 5298 nam.
2156 5243 2290 5298 Nam
2339 5240 2617 5296 communi
2666 5241 2900 5293 concilio
2947 5248 3158 5303 coacto,
3200 5238 3269 5293 de
3296 5239 3449 5310 signo
3479 5249 3535 5295 et

1965 5344 2172 5388 tessera
2201 5333 2346 5385 inter
2367 5339 2858 5394 seconvenerunt,
2889 5341 2949 5383 ut
2977 5330 3352 5400 unusquisque
3382 5331 3533 5385 vide-

1965 5425 2093 5478 licet
2122 5422 2382 5476 annulum
2418 5432 2449 5474 ο
2479 5420 2684 5474 cortice
2728 5419 2934 5475 surculi
2974 5420 3164 5491 palma:
3192 5432 3450 5490 gestaret,
3478 5437 3534 5477 et

1966 5524 2133 5569 noctu
2191 5512 2537 5568 Christianos
2598 5511 3006 5580 aggrederetur.
3080 5511 3318 5567 Proinde
3371 5521 3533 5566 nocte

1967 5606 2240 5677 quadam,
2297 5602 2544 5658 nonnulli
2606 5617 2702 5671 per
2773 5601 2923 5656 urbis
2967 5601 3120 5658 vicos
3174 5600 3536 5673 procedentes

1964 5744 2221 5799 virtutem
2272 5739 2565 5809 episcopali
2619 5736 2888 5793 functioni
2930 5738 3204 5809 applicare
3258 5738 3435 5803 velle,
3471 5752 3535 5809 ea

1967 5807 2579 5890 conjungere—esuqua-
2618 5809 2761 5863 inter
2782 5824 2840 5890 se
2871 5807 3103 5869 maiime
3136 5819 3327 5866 natura
3366 5807 3533 5863 dissi.

1968 5884 2120 5953 dent,
2147 5894 2201 5937 et
2238 5884 2493 5937 conuerti
2527 5888 2825 5948 nequeunt.
