4006 6558
403 397 534 462 iiii}

1629 396 2049 456 NlCEPllOill
2094 395 2436 456 CALLlSTl

3501 393 3657 459 1104

397 526 793 588 «κνιοισιιιστιιιιι,
817 524 1255 580 Christianorum
1293 521 1578 577 ecclesiam
1610 535 1734 590 qua:
1767 534 1969 574 nomen

2089 528 2167 570 iou
2213 517 2267 570 δὲ
2311 517 2569 588 πλησθεὶς
2618 516 2920 587 Κύριλλος,
2970 517 3184 587 σύναμα
3229 517 3424 587 πλήθει
3466 517 3661 586 πολλῷ

398 619 465 671 ab
502 616 811 672 Alexandro
837 618 1098 687 episcopo
1133 616 1316 681 habet,
1344 614 1559 670 ardere.
1589 612 1746 679 Quod
1781 611 1872 666 ubi
1900 611 1969 665 ad

395 707 610 763 illorum
641 723 801 763 aures
826 710 1011 763 statim
1038 707 1332 778 pervenit,
1374 707 1516 760 alius
1545 705 1653 759 alio
1685 703 1966 768 discurrit,

395 799 638 854 ecclesiae
692 814 804 853 suae
855 814 1015 870 Opem
1067 799 1304 854 laturus.
1359 797 1508 863 Quos
1557 795 1732 852 Judaei
1787 795 1970 850 subito

396 891 632 960 aggressi
688 889 1052 954 oeciderunt,
1109 909 1138 944 ιι
1199 889 1398 959 seipsis
1456 889 1677 958 quidem
1745 896 1970 958 propter

398 985 726 1039 annulorum
762 993 1021 1040 tesseram
1055 998 1249 1038 manus
1279 983 1658 1038 abstinentes:
1705 978 1972 1033 Christia-

403 1091 501 1129 nos
547 1085 749 1137 autem,
789 1078 838 1127 in
882 1091 1020 1145 quos
1063 1075 1406 1139 incidebant,
1447 1072 1780 1142 jugulantes.
1817 1071 1972 1125 Post-

400 1182 562 1235 quam
599 1177 780 1220 autem
813 1167 930 1220 dies
962 1167 1159 1230 illuxit,
1192 1180 1258 1220 ex
1299 1173 1481 1232 strage
1523 1177 1586 1216 ea
1619 1161 1884 1233 ﬂagitium
1917 1160 1974 1214 in

401 1269 592 1328 aperto
618 1260 767 1314 luit:
809 1269 865 1314 et
907 1259 1140 1331 Cyrillus
1183 1256 1300 1313 zelo
1336 1256 1599 1326 percitus,
1631 1269 1755 1308 cum
1798 1252 1981 1307 multi--

403 1352 592 1406 tudine
633 1368 825 1421 magna
855 1352 920 1406 ad
972 1365 1274 1421 synagogas
1313 1364 1504 1404 eorum
1557 1346 1730 1408 venit,
1776 1359 1978 1414 easque

299 1493 312 1504 ,
402 1444 507 1497 illis
543 1445 782 1507 ademit,
816 1454 872 1498 et
907 1443 1269 1498 substantiam
1309 1454 1502 1494 eorum
1537 1453 1756 1492 omnem
1796 1435 1982 1490 multi-

402 1535 578 1588 tudini
633 1535 1001 1606 diripiendam
1049 1532 1224 1594 dedit,
1282 1532 1541 1600 ipsosque
1572 1528 1736 1583 simul
1787 1542 1980 1580 omnes

2077 610 2170 662 ἐπὶ
2199 613 2294 671 τὰς
2322 608 2646 675 συναγωγὰς
2674 609 2856 661 αὐτῶν
2886 609 3012 679 ἣκει
3036 625 3050 641 ⁸
3081 611 3175 662 καὶ
3199 610 3510 678 ἀφαιρεῖται
3549 611 3660 676 μὲν

2078 699 2322 763 ταύτας,
2374 699 2469 762 τὰς
2521 699 2575 751 δέ
2630 700 2817 762 οὐσίας
2871 701 3266 770 ἀναρπάστους
3316 700 3393 768 τῷ
3449 700 3664 768 πλήθει

2077 787 2250 840 ἐποίει
2274 803 2287 816 ⁸
2312 788 2552 850 ἐκείνους
2582 787 2626 840 δ’
2656 790 2772 858 ἅμα
2805 790 3012 852 πάντας
3037 790 3137 859 τῆς
3170 791 3375 854 πόλεως
3397 791 3660 861 ἤλαυνεν.

2078 880 2142 932 Οἱ
2195 879 2295 948 μὲν
2340 878 2433 932 οὖν
2468 879 2734 943 Ἰουδαῖοι,
2787 884 2848 934 ἐκ
2897 883 3006 936 τῶν
3039 881 3395 952 Ἀλεξάνδρου
3444 885 3666 953 κρόκων

2076 972 2174 1044 τὴν
2218 973 2374 1027 πόλιν
2413 974 2761 1044 οίκήσαντες,
2807 978 3005 1044 γυμνοὶ
3045 965 3166 1028 ἓότε
3210 977 3318 1029 τῶν
3360 975 3528 1028 ὅντων
3578 975 3668 1038 ἐξ·

2078 1063 2248 1132 ῄεσαν
2275 1079 2289 1094 ⁸
2329 1064 2425 1117 καὶ
2459 1065 2690 1128 ἕκαστος
2723 1067 2831 1136 ὅπη
2865 1067 3024 1138 ἔτυχε
3055 1067 3445 1137 διεσπείροντο.
3486 1063 3579 1131 Εἷς
3613 1068 3668 1119 δ’

2080 1155 2307 1209 ἐκείνων
2343 1156 2698 1226 Ἀδαμάντιος
2728 1158 2922 1227 ὄνομα,
2956 1160 3048 1211 ἐπὶ
3081 1161 3364 1230 σοφιστεὶᾳ
3398 1160 3668 1229 ἰατρικῶν

2079 1247 2254 1315 λόγων
2305 1247 2605 1317 ἔμπειρος,
2657 1251 2749 1302 ἐπὶ
2801 1251 2899 1320 τὴν
2951 1253 3365 1304 Κωνσταντίνου
3417 1253 3618 1317 ἀφῖκτο
3650 1267 3665 1281 ·

2093 1338 2328 1407 Ἀττικῷ
2359 1355 2416 1391 τε
2447 1340 2523 1408 τῷ
2554 1342 2836 1410 ἐπισκόπῳ
2871 1342 3137 1412 προσιὼν,
3173 1343 3267 1395 καὶ
3295 1345 3364 1395 τὰ.
3394 1344 3632 1412 Χριστια

2082 1433 2188 1485 νῶν
2221 1433 2636 1504 ἐπανῃρημένος
2659 1473 2673 1497 ,
2708 1434 2888 1502 πολλῷ
2925 1439 3102 1504 χρόνῳ
3137 1435 3365 1506 ὕστερον
3392 1434 3667 1502 ἀναστρέ-

2084 1524 2215 1592 ψας.
2247 1525 2347 1594 τὴν
2382 1525 2793 1595 Ἀλεξάνδρειαν
2821 1528 3062 1598 ᾤκησεν.

408 1629 544 1682 urbe
576 1629 807 1696 expulit.
835 1627 913 1682 lla
937 1625 1132 1686 Judaei.
1165 1623 1258 1693 qui
1312 1624 1381 1678 ab
1436 1623 1570 1692 ipsis
1641 1635 1812 1689 usque
1874 1619 2171 1673 Alexandri
2220 1619 2562 1688 temporibus
2609 1620 2799 1675 urbem
2859 1637 2979 1674 eam
3038 1621 3416 1684 incoluerant,
3472 1636 3665 1673 rerum

403 1719 650 1772 omnium
682 1718 862 1787 egeni,
899 1715 1025 1770 inde
1057 1715 1384 1777 discessere,
1419 1727 1528 1781 quo
1553 1725 1827 1780 quemque
1853 1724 1974 1764 sors
2014 1709 2141 1762 tulit
2174 1709 2436 1778 dispersi.
2508 1710 2658 1766 Unus
2699 1722 2883 1765 autem
2949 1726 3012 1765 ex
3048 1713 3128 1765 eis
3170 1711 3532 1765 Adamantius
3567 1727 3672 1764 no-

405 1813 593 1875 mine,
631 1809 765 1864 artis
806 1806 1096 1863 medicina:
1143 1806 1391 1876 peritus,
1441 1801 1976 1870 Constantinopolim
2018 1799 2192 1863 venit,
2242 1799 2433 1871 ibique
2477 1802 2801 1873 episcopum
2853 1804 3118 1868 Atticum
3167 1805 3324 1867 adiit,
3393 1802 3560 1874 468
3607 1813 3668 1858 et

402 1903 845 1958 Christianorum
909 1914 1064 1954 sacra
1133 1898 1488 1966 complexus,
1559 1895 1734 1950 multo
1803 1901 1927 1962 post
1994 1901 2242 1961 tempore
2305 1893 2703 1950 Alexandriam
2771 1911 3069 1961 reversus,
3131 1913 3253 1952 eam
3325 1897 3515 1952 urbem
3579 1899 3668 1951 in—

405 1996 599 2050 ουιυὶι.

995 2110 1219 2166 CAPUT
1262 2109 1376 2164 XV.

404 2209 482 2260 0e
516 2207 836 2260 dissensione
864 2204 1052 2273 ϐυτ-ξίίί
1081 2212 1266 2256 contra
1305 2202 1609 2270 prafectum
1641 2197 1900 2273 Oresten:
1927 2205 1976 2273 et

477 2287 532 2328 ut
575 2277 753 2346 lapide
801 2269 1013 2330 Orestes
1054 2276 1109 2346 in
1159 2269 1330 2342 [route
1368 2269 1501 2326 ictus
1546 2275 1634 2336 sit,
1673 2272 1816 2323 etde
1863 2269 1977 2322 zelo

475 2345 826 2400 Nitriensium
861 2345 1261 2398 monachorum.

475 2547 700 2604 Orestes
731 2554 913 2600 autem
947 2544 1295 2600 Alexandriae
1329 2542 1618 2613 praefectus
1655 2542 1898 2613 graviter
1925 2540 1978 2596 id

408 2641 626 2701 ferens.
661 2650 717 2695 et
746 2655 846 2710 pro
889 2639 1097 2708 ingenti
1139 2638 1472 2692 detrimento
1505 2637 1734 2701 habens,
1782 2635 1978 2691 civita-

408 2745 519 2788 tem
554 2741 660 2786 tam
692 2731 1012 2801 praeclaram
1046 2740 1126 2786 tot
1160 2731 1482 2786 hominibus
1513 2729 1724 2796 orbari,
1765 2745 1878 2784 rem
1911 2729 1978 2784 ad

409 2831 795 2895 imperatorem
853 2823 1062 2879 retulit.
1122 2824 1244 2893 Ipse
1297 2838 1518 2892 quoque
1570 2821 1810 2893 Cyrillus
1869 2837 1979 2876 non

410 2916 671 2980 cessavit;
729 2931 852 2969 nam
903 2913 1220 2970 Judaeorum
1290 2912 1337 2966 is
1403 2927 1623 2981 quoque
1685 2911 1981 2965 absurdam

409 3008 692 3062 audaciam
740 3007 808 3062 ad
859 3007 1167 3076 principem
1216 3005 1480 3075 scripsit:
1534 3019 1636 3059 nec
1683 3006 1866 3058 minus
1914 3005 1982 3058 de

414 3098 837 3168 redintegranda
871 3113 997 3152 cum
1029 3097 1225 3153 Oreste
1264 3095 1504 3176 amicitia
1534 3099 1645 3167 egit
1682 3114 1694 3150 :
1741 3096 1885 3165 quod
1925 3107 1984 3148 ut

415 3194 638 3252 faceret,
683 3190 839 3260 plebs
879 3189 1252 3244 Alexandrina
1287 3205 1414 3243 eum
1447 3189 1650 3259 coegit.
1686 3189 1983 3258 Postquam

416 3301 546 3339 vero
593 3284 817 3338 Orestes
866 3284 1177 3336 orationem
1231 3281 1300 3335 de
1351 3281 1524 3352 gratia
1577 3280 1983 3335 reconcilianda

415 3391 526 3428 non
561 3373 804 3438 admisit,
836 3371 1074 3442 Cyrillus
1105 3386 1394 3450 sacrorum
1423 3371 1846 3441 Evangeliorum
1888 3385 1985 3424 co-

2679 2100 2930 2159 ΚΕΦᾹΛ.
2969 2106 3065 2158 ΙΕ’.

2081 2191 2222 2262 Περὶ
2261 2193 2544 2265 τῆςίπρὸς
2582 2195 2693 2248 τὸν
2721 2195 3305 2264 ἔπαρχον-Ὀρέστην
3349 2199 3666 2265 Κυρίλλσυ

2150 2264 2443 2337 διαφορᾶς
2463 2286 2476 2298 ⁸
2511 2265 2610 2320 καί
2637 2266 2718 2337 ώς
2739 2268 2886 2332 λίθῳ
2912 2267 3138 2337 ἐϐλήθη
3176 2264 3463 2337 Ὀρέστης
3507 2271 3666 2322 κατὰ

2153 2336 2221 2388 τὸ
2239 2335 2540 2404 μέτωπον,
2559 2335 2661 2407 καί
2691 2337 2827 2404 περί
2892 2338 2998 2391 τοῦ
3034 2335 3220 2406 ζήλου
3239 2335 3368 2392 τῶν
3394 2338 3503 2407 τῆς
3558 2342 3668 2394 Νι-

2154 2408 2319 2474 τρίας
2336 2406 2644 2476 μοναχῶν.

2169 2521 2429 2592 Ὀρέστης
2473 2522 2530 2577 δὲ
2568 2523 2597 2575 ό
2633 2522 2732 2592 τῆς
2768 2520 3120 2594 Ἀλεξάνδρου
3163 2521 3405 2593 ὕπαρχος
3448 2523 3661 2592 σφόδρα

2084 2613 2394 2684 χαλεπήνας
2435 2615 2528 2666 ἐπὶ
2570 2614 2648 2684 τῷ
2693 2615 2946 2683 παρόντι,
2995 2600 3281 2686 συμφορᾶν
3321 2617 3556 2667 ἐποιεῖτο
3601 2616 3665 2667 τὸ

2086 2707 2334 2775 γεγονὸς,
2367 2707 2521 2760 πόλιν
2550 2703 2694 2758 οὕτω
2724 2709 3001 2776 περιφανῆ
3032 2707 3303 2760 τοσούτων
3331 2707 3500 2777 ἇρίην
3532 2723 3662 2758 στε-

2089 2799 2318 2868 ρηθῆναι
2353 2796 2691 2866 ἀνθρώπων,
2726 2800 2820 2852 καὶ
2857 2799 2914 2850 τὸ
2952 2801 3166 2867 συμϐὰν
3201 2799 3412 2869 βασιλεῖ
3444 2798 3662 2868 ἐδήλω.

2085 2893 2196 2945 Οὐκ
2227 2889 2419 2961 ἡμέλει
2450 2889 2508 2944 δὲ
2539 2891 2648 2961 ἄρα
2677 2891 2769 2943 καὶ
2801 2890 3062 2960 Κύριλλο,
3088 2906 3107 2925 ⁸
3143 2892 3234 2945 καὶ
3262 2891 3422 2953 αὐτὸς
3455 2894 3561 2961 γὰρ
3592 2893 3663 2943 τὰ

2086 2985 2192 3037 τῶν
2230 2983 2502 3045 Ἰουδαίων
2544 2986 2724 3036 ἄτοπα
2768 2984 2902 3053 δῆλα
2951 2985 3164 3053 βασιλεί
3206 2985 3514 3046 καθιστών,
3560 2987 3663 3054 οιὶλ

2085 3070 2248 3146 ἦττον
2295 3075 2389 3127 καὶ
2433 3075 2532 3145 τῆς
2582 3074 2716 3144 πρὸς
2759 3075 3017 3145 Ὀρέστην
3065 3077 3248 3143 φιλίας
3297 3078 3664 3140 ἀντεποιεῖτο,

2086 3167 2181 3220 τοῦ
2214 3167 2452 3236 πλήθους
2476 3173 2575 3236 τῆς
2609 3168 2958 3240 Ἀλεξάνδρου
2985 3171 3146 3224 τοῦτο
3171 3171 3664 3242 προσαναγκάζον-

2087 3275 2200 3322 τος.
2231 3259 2384 3312 Ἐπεὶ
2410 3259 2453 3312 δ’
2481 3258 2743 3332 Ὀρέστης
2771 3263 2898 3325 τοὺς
2935 3266 3066 3334 περὶ
3097 3264 3281 3332 φιλίας
3312 3266 3373 3317 οὐ
3406 3267 3666 3334 προσίετο

2088 3348 2301 3416 λόγους,
2337 3349 2605 3422 Κύριλλος
2637 3354 2735 3422 τὴν
2766 3352 2873 3406 τῶν
2902 3356 3064 3426 ίερῶν
3097 3356 3445 3424 Εὑαγγελίων
3477 3358 3664 3426 βίὅλον

417 3468 595 3521 dicem
631 3467 883 3534 protulit,
914 3465 984 3520 ob
1011 3465 1377 3519 reverentiam
1410 3466 1529 3534 ejus
1562 3479 1620 3518 se
1647 3463 1840 3519 Oreste
1873 3473 1982 3532 pla-

2092 3442 2415 3511 προϊσχετο,
2462 3444 2700 3510 νομίζων
2747 3446 3000 3500 ἐντεῦθεν
3050 3451 3116 3519 τῇ
3167 3449 3307 3502 αἰδοῖ
3356 3454 3663 3521 πραοτέρου

416 3558 678 3612 cabiliore
707 3571 939 3610 usurum
981 3564 1205 3624 putans.
1239 3554 1512 3609 Caeterum
1543 3569 1668 3609 cum
1703 3563 1817 3609 tum
1847 3570 1988 3624 quo-

414 3665 522 3719 que
572 3649 664 3704 ille
719 3649 856 3702 iram
918 3663 1028 3701 non
1081 3648 1424 3712 remitteret,
1478 3656 1645 3718 atque
1698 3647 1845 3702 inter
1891 3663 1987 3704 eos

418 3739 771 3809 implacabile
806 3738 1013 3793 bellum
1047 3746 1380 3792 commotum
1410 3747 1576 3803 esset,
1615 3737 1749 3792 illud
1780 3739 1985 3794 evenit.

417 3831 666 3884 Monacbi
717 3830 940 3900 quidam
985 3837 1204 3884 montes
1247 3829 1511 3884 ﬁnitimos
1561 3829 1900 3895 incolentes,
1930 3839 1987 3885 et

419 3923 729 3978 Nitrienses
776 3922 1046 3986 maxime,
1088 3922 1206 3976 zelo
1241 3931 1298 3976 et
1344 3922 1697 3978 aemulatione
1743 3924 1983 3987 accensi,

413 4016 610 4069 eodem
646 4014 808 4069 modo
853 4029 953 4083 pro
995 4012 1199 4082 Cyrillo
1248 4021 1590 4083 pugnarunt,
1621 4014 1898 4083 quomodo
1933 4021 1990 4070 et

417 4099 669 4174 patruum
727 4108 845 4177 ejus
891 4106 1274 4171 defenderant,
1326 4123 1451 4161 cum
1504 4121 1601 4161 eos
1647 4107 1986 4176 TbeOphilus

417 4209 615 4268 praeter
641 4199 910 4252 rationem
946 4213 1166 4252 omnem
1194 4208 1388 4254 contra
1419 4199 1742 4253 Dioscorum
1771 4207 1827 4253 et
1854 4199 1986 4253 Am-

417 4290 662 4344 monium
710 4291 962 4344 armavit.
1003 4291 1066 4344 lli
1103 4308 1226 4344 eum
1270 4291 1455 4359 plures
1490 4305 1654 4360 quam
1699 4290 1985 4361 quingenti

414 4391 626 4445 essent,
654 4381 1006 4435 monasteriis
1041 4382 1251 4436 relictis
1275 4382 1665 4436 Alexandriam
1690 4392 1984 4449 venerunt,

414 4483 471 4526 et
518 4472 769 4527 Orestem
819 4488 985 4526 curru
1039 4483 1258 4526 vectum
1309 4473 1361 4526 in
1425 4472 1709 4541 publicum
1762 4473 1986 4543 prodire

419 4563 807 4625 invenientes,
853 4562 1117 4615 conviciis
1155 4577 1280 4615 eum
1326 4561 1666 4626 allecerunt,
1712 4561 1984 4616 idolorum

419 4651 728 4705 sacrilicum
775 4659 831 4704 et
866 4650 1115 4706 Graecum
1159 4643 1536 4721 appellantes,
1585 4652 1816 4721 aliisque
1864 4651 1985 4722 ejus

417 4744 638 4813 generis
677 4743 1029 4797 contumeliis
1070 4744 1508 4812 proscindentes.
1550 4745 1645 4800 Ille
1687 4743 1834 4815 quod
1872 4745 1985 4798 haec

416 4834 677 4888 instinctu
717 4833 901 4905 Cyrilli
941 4835 1056 4888 lieri
1093 4838 1468 4900 existimaret,
1518 4835 1892 4891 Christianum
1927 4851 1984 4890 se

417 4941 537 4980 esse
581 4927 864 4997 professus
904 4937 1023 4991 est,
1071 4939 1128 4984 et
1171 4929 1648 4999 Constantinopoli
1696 4929 1765 4983 ab
1798 4929 1982 4982 Attico

419 5018 678 5089 baptismi
725 5019 1000 5089 mysteriis
1044 5019 1321 5074 initiatum
1355 5020 1456 5089 (l).
1507 5021 1760 5075 Monacbi
1796 5028 1984 5074 autem

418 5127 544 5165 eum
571 5127 639 5165 ne
667 5126 930 5179 responso
961 5112 1179 5180 quidem
1212 5113 1418 5182 dignati
1445 5123 1594 5168 sunt.
1629 5113 1808 5181 Atque
1839 5126 1985 5167 unus

416 5220 480 5256 ex
515 5204 627 5266 eis,
674 5205 760 5257 cui
792 5219 989 5257 nomen
1032 5206 1304 5258 Ammonii
1337 5216 1491 5267 erat,
1541 5221 1734 5259 saxum
1763 5218 1983 5274 quoque

417 5296 469 5348 in
519 5295 760 5363 pra-fecti
797 5295 989 5349 faciem
1037 5297 1311 5364 conjecit;
1348 5297 1492 5351 unde
1533 5297 1626 5351 ille
1674 5306 1818 5351 totus
1853 5313 1982 5351 san-

415 5383 577 5453 guine
611 5399 943 5452 conspersus
966 5393 1068 5438 est.
1105 5385 1272 5438 l’orro
1303 5386 1644 5454 apparitores
1668 5387 1979 5454 militesque

414 5474 570 5542 ejus},
625 5476 815 5543 paucis
868 5478 1145 5545 exceptis,
1196 5477 1336 5532 alius
1372 5478 1513 5544 alio,
1561 5479 1800 5547 lapidum
1834 5479 1978 5533 ictus

414 5576 741 5630 metuentes,
781 5567 1136 5638 diﬂ‘ugcrunt.
1174 5569 1328 5635 Quod
1366 5571 1456 5624 ubi
1487 5572 1720 5641 populus
1746 5572 1975 5638 audivit,

414 5657 479 5710 ad
533 5661 1004 5728 opemprael‘ecto
1052 5661 1334 5715 ferendam
1392 5678 1582 5718 omnes
1641 5663 1974 5720 conﬂuxere.

489 5815 564 5884 (l)
597 5814 802 5871 Socrat.
832 5816 930 5872 lib.
961 5835 1055 5884 vn,
1083 5820 1203 5888 cap.
1231 5820 1310 5873 Μ.

2091 3531 2345 3602 Ὀρέστου
2395 3535 2709 3605 πειρᾶσθαι.
2752 3535 2838 3599 Ὦς
2879 3537 2921 3591 δ’
2952 3541 3158 3602 ἐκεῖνος
3200 3536 3354 3603 αὖθις
3395 3543 3495 3595 οὐκ
3539 3543 3662 3594 ἔλυε

2088 3632 2186 3700 τὴν
2219 3632 2410 3701 ὀργὴν,
2442 3631 2556 3684 ἀλλ’
2583 3633 2844 3697 ἄσπονδος
2885 3635 3034 3705 μάχη
3071 3637 3130 3688 ἐν
3160 3636 3237 3705 τῷ
3272 3638 3422 3706 μέσῳ
3459 3638 3665 3689 τούτων

2089 3721 2498 3790 ἀνερριπίζετο,
2529 3724 2618 3776 καὶ
2643 3723 2803 3777 τοῦτο
2830 3727 3028 3794 συνέϐη
3059 3729 3337 3794 γενέσθαι.
3369 3730 3522 3790 Τινὲς
3551 3733 3669 3782 τών

2091 3813 2218 3883 περὶ
2240 3815 2308 3865 τὰ
2331 3814 2511 3866 ἐκείσέ
2537 3831 2612 3885 πη
2639 3815 2762 3888 ὅρη,
2790 3817 2888 3870 καὶ
2916 3817 3154 3886 μάλιστα
3179 3821 3288 3872 τῶν
3312 3821 3411 3888 τῆς
3433 3821 3668 3890 Nupta;

2092 3906 2374 3977 μοναχῶν,
2418 3908 2566 3979 ζήλῳ
2615 3909 3126 3982 διαθερμανθέντες,
3173 3913 3264 3966 τὸν
3308 3915 3424 3968 ίσον
3466 3918 3668 3985 τρόπον

2090 4002 2185 4052 καὶ
2220 4000 2360 4070 ὑπὲρ
2397 4002 2669 4072 Κυρίλλου
2706 4004 3008 4074 ἐμάχοντο,
3050 4006 3189 4060 καθὰ
3221 4007 3358 4075 δῆτα
3392 4009 3488 4060 καὶ
3523 4009 3667 4077 ὑπὲρ

2090 4089 2184 4144 τοῦ
2230 4091 2375 4144 θείου
2404 4109 2419 4126 ⁸
2465 4094 2702 4163 ὁπηνίκα
2745 4096 3004 4163 Θεόφιλος
3050 4098 3296 4161 ἐκείνους
3343 4100 3443 4152 σὺν
3486 4100 3667 4152 οὐδενὶ

2088 4182 2250 4254 λόγῳ,
2277 4185 2415 4237 κατὰ
2439 4185 2547 4238 τῶν
2574 4203 2638 4238 πε
2649 4188 2704 4257 pl.
2727 4187 3018 4258 Διόσκορον
3047 4191 3142 4242 καὶ
3164 4188 3479 4259 Ἀμμώνιον
3504 4191 3668 4244 ὦπλι·

2092 4293 2201 4329 σεν.
2221 4275 2475 4344 Ἀφέντες
2497 4278 2678 4331 τοίνυν
2700 4279 2768 4332 τὰ
2792 4282 3135 4352 μοναστήρια
3157 4281 3347 4351 ἄνδρες
3372 4283 3513 4352 ὑπὲρ
3539 4301 3667 4335 πεν-

2088 4368 2376 4432 τακοσίους
2405 4369 2578 4432 ὅντες,
2607 4369 2704 4440 τὴν
2726 4370 3079 4443 Ἀλεξάνδρου
3106 4373 3428 4426 κατέλαϐον.
3457 4373 3583 4426 Ἐπὶ
3608 4375 3665 4427 δὲ

2087 4458 2184 4512 τοῦ
2229 4459 2502 4530 ὀχήματος
2551 4463 2757 4514 ἐκεῖνον
2806 4462 3066 4530 προϊόντα
3109 4463 3388 4532 εὑρόντες,
3439 4464 3664 4534 ὕϐρεσιν

2088 4550 2279 4606 ἔϐαλον
2301 4589 2316 4614 ,
2352 4551 2516 4623 Θύτην
2552 4553 2958 4614 ἀποκαλοῦντες
2997 4554 3093 4607 καὶ
3121 4554 3362 4624 Ἕλληνα
3385 4596 3400 4620 ,
3435 4559 3531 4613 καὶ
3563 4559 3661 4609 ὅσα

2087 4642 2313 4696 τοιαῦτα
2347 4643 2590 4712 αἰσχρῶς
2627 4643 3000 4714 περιύϐριζον.
3038 4647 3414 4715 Λογισὰμενος
3447 4647 3495 4700 δ’
3520 4649 3664 4701 ἐκεῖ·

2089 4757 2176 4802 νος
2199 4738 2371 4792 ταῦτα
2395 4739 2664 4809 Κύριλλον
2689 4742 3166 4811 σκευωρήσασθαι,
3189 4742 3516 4812 Χριστιανὸν
3539 4745 3662 4796 ἐαυ-

2091 4832 2179 4884 τὸν
2213 4831 2508 4900 ὡμολόγει,
2545 4832 2640 4886 καὶ
2675 4833 2809 4904 πρὸς
2837 4833 3084 4887 Ἀττικοῦ
3119 4835 3176 4888 ἐν
3204 4836 3270 4904 τῇ
3311 4837 3659 4888 Κωνσταντί-

2091 4939 2181 4974 νου
2213 4923 2532 4993 τελεσθῆναι
2562 4925 2632 4978 τὰ
2667 4925 2928 4991 μυστικά.
2965 4927 3027 4978 Ol
3062 4926 3251 4996 μέντοι
3285 4927 3511 4996 μοναχοὶ
3540 4929 3656 4980 οὐδὲ

2091 5016 2252 5082 λόγου
2288 5015 2492 5085 ἠξίουν.
2527 5012 2620 5080 Εἷς
2650 5018 2695 5071 δ’
2724 5018 2971 5083 ἐκείνων,
3000 5018 3309 5088 Ἀμμώνιος
3343 5020 3532 5090 ὄνομα,
3566 5022 3656 5072 καὶ

2089 5107 2322 5178 χερμάδι
2351 5109 2490 5161 κατὰ
2516 5107 2608 5161 τοῦ
2639 5108 2932 5177 προσώπου
2960 5109 3050 5161 τον
3075 5111 3314 5181 ἔπαρχον
3342 5112 3502 5165 ἔϐαλε
3524 5129 3536 5142 ⁸
3566 5117 3654 5166 καὶ

2091 5200 2212 5261 ὅλος
2243 5195 2311 5269 ἦν
2345 5199 2570 5268 αἵματος
2606 5199 2881 5269 ἔμπλεως.
2913 5202 2974 5253 Οξ
3011 5201 3066 5252 δὲ
3105 5205 3227 5270 περὶ
3259 5204 3422 5255 αὐτὸν
3451 5204 3650 5270 ταξεω-

2089 5307 2180 5343 ται
2212 5290 2370 5353 ἄλλος
2404 5290 2640 5360 ἀλλαχοῦ
2671 5292 3040 5361 διεδίδρασκον
3063 5333 3076 5355 ,
3111 5293 3208 5356 τὰς
3238 5294 3348 5346 τῶν
3379 5295 3541 5347 λίθων
3567 5295 3651 5346 δε-

2090 5383 2260 5446 διότες
2315 5382 2496 5452 βολάς.
2536 5384 2824 5438 Ἀκουσθὲν
2878 5386 2933 5438 δὲ
2984 5387 3061 5455 τῷ
3115 5387 3305 5456 δήμῳ,
3366 5388 3652 5458 συνέρρεον

2089 5476 2327 5538 ἅπαντες
2359 5477 2587 5546 ἀμύνειν
2619 5478 2930 5547 αἱρούμενοι
2958 5479 3035 5544 τῷ
3065 5480 3312 5549 ἐπάρχῳ.
3348 5481 3410 5531 Ol
3443 5482 3539 5548 μὲν
3565 5476 3650 5530 οὖν

2091 5573 2317 5641 μοναχοὶ
2353 5575 2497 5643 φυγῇ
2531 5573 2629 5643 τὴν
2665 5574 2943 5644 σωτηρίαν
2983 5576 3486 5646 ἐπραγματευοντο.
3522 5575 3650 5642 Ἀμ-

2093 5662 2290 5733 μώνιον
2312 5664 2356 5716 δ’
2374 5667 2465 5716 ἐπὶ
2487 5666 2547 5717 τὸ
2573 5665 2886 5720 δικαστικὸν
2912 5668 3061 5736 βῆμα
3091 5669 3460 5737 συμϐαλόντες
3482 5663 3609 5740 ἦγον
3628 5681 3646 5700 ⁸
