4006 6550
365 509 498 578 1105
1278 516 1680 583 ΕειςιΕεΙΑε
1695 522 1874 584 ῘἹΟᾹΕ

2022 522 2302 584 ΞΤΟἶΠΕ
2344 522 2489 584 LIB.
2532 526 2680 587 XIV.
3472 523 3611 587 lli‘ii

356 627 417 680 δν
451 626 639 692 νόμοις
674 624 979 695 ὑπαγαγὼν
1000 666 1015 690 ,
1050 626 1143 680 ἐπὶ
1175 630 1432 683 τοσοῦτον
1467 633 1730 703 ᾐκίσατο,
1769 634 1917 704 ἄχριζ

2032 635 2217 706 Ifaque
2280 637 2536 692 monachi
2596 635 2761 690 saluti
2829 649 2940 691 suae
3001 634 3126 706 fuga
3182 635 3605 691 consuluerunt.

355 712 417 770 οὗ
460 717 553 769 τὸν
596 717 710 786 βίον
758 717 1083 787 μετήλλαξε.
1126 719 1388 791 Γνώριμα
1435 724 1534 791 μὲν
1581 723 1673 777 οὖν
1721 724 1917 794 βασιλεῖ

2035 726 2200 799 469
2227 729 2548 784 Ammonius
2577 738 2760 783 autem
2796 729 3226 799 comprehensus
3247 771 3262 793 ,
3298 729 3363 782 ad
3399 730 3607 798 judicis

354 808 525 860 ταῦτα
557 811 654 860 καὶ
676 806 942 877 Ὀρέστης
974 808 1149 862 ἐποίει
1179 825 1194 840 ο
1230 811 1367 864 ἀλλά
1405 813 1499 865 καὶ
1538 814 1824 883 Κύριλλος.
1859 816 1917 868 Ti

2037 820 2275 874 tribunal
2305 821 2503 875 ductus
2534 830 2621 876 est
2656 838 2673 875 :
2709 820 2763 875 in
2793 836 2955 890 quem
2994 821 3085 875 ille
3117 820 3233 889 lege
3265 821 3348 889 agi
3377 821 3603 892 juhens.

356 901 517 967 σῶμα
554 900 611 952 δὲ
637 900 952 969 Ἀμμωνίου
993 901 1284 956 ἀναλαϐὼν
1306 945 1320 969 ,
1357 907 1415 957 ὲν
1454 906 1556 976 μιᾷ
1590 907 1693 958 τῶν
1730 907 1932 976 ἐκκλη-

354 986 487 1041 σιῶν
527 986 720 1051 ἐτίθει,
763 987 935 1058 ὄνομα
976 989 1165 1061 ἕτερον
1206 994 1606 1063 περιθέμενος·
1655 997 1776 1049 ἀντὶ
1822 996 1931 1065 γὰρ

351 1078 666 1148 ’Δμμωνίου
694 1080 1009 1150 Θαυμάσιον
1041 1084 1417 1155 μετωνόμασε,
1449 1088 1545 1141 καὶ
1578 1089 1929 1159 μαρτυρικῆς

350 1170 505 1240 ἠξίου
540 1171 738 1250 τιμῆς·
771 1174 867 1227 καὶ
898 1172 988 1226 ἐπ’
1009 1175 1311 1241 ἐκκλησίας
1342 1176 1444 1248 τὴν
1474 1179 1791 1250 παρρησίαν
1827 1181 1930 1232 αὐο

348 1265 445 1316 τοῦ
478 1267 572 1319 καὶ
602 1248 695 1318 τὸν
722 1266 889 1335 ζῆλον
910 1267 1242 1338 ἐθαύμαζεν,
1270 1269 1345 1333 ὡς
1375 1248 1566 1336 ἀγῶνα
1593 1272 1754 1341 δῆθεν
1787 1272 1927 1341 ὑπὲρ

350 1357 637 1419 εὐπετείας
665 1358 1033 1423 δ;ενεγκόντα.
1063 1360 1183 1414 Κᾶν
1207 1365 1319 1424 τοῖς
1350 1363 1566 1425 πολλοῖς
1590 1364 1699 1415 τῶν
1725 1365 1929 1434 ὁμοφύ-

347 1448 458 1501 λων
486 1451 587 1502 οὐκ
617 1449 820 1514 ἔνδικος
853 1451 1031 1505 ἐδόκει
1057 1455 1091 1524 ἡ
1124 1456 1180 1517 ἐς
1207 1454 1366 1509 τόσον
1397 1455 1556 1527 τιμή.
1588 1456 1928 1525 Προπετείας

349 1541 457 1609 γὰρ
493 1542 655 1610 χάριν
684 1543 873 1610 ἔλεγον
905 1543 1200 1599 δεδοικέναι
1230 1550 1333 1616 τὴν
1363 1546 1520 1616 δίκην
1553 1548 1764 1601 ἐκεῖνον
1786 1587 1801 1612 ,
1832 1550 1926 1602 καὶ

348 1632 449 1684 οὐκ
495 1634 588 1687 ἐπὶ
626 1632 703 1698 τῷ
749 1632 981 1703 Χριστὸν
1020 1634 1362 1705 ἀρνήσασθαι
1405 1635 1701 1706 βιασθῆναι
1745 1635 1928 1691 θανεῖν

350 1723 590 1777 ἑλέσθαι.
626 1725 819 1779 Ἔνθεν
866 1743 949 1779 τοι
1001 1727 1098 1781 καὶ
1148 1728 1417 1799 Κύριλλος
1461 1730 1644 1801 ἡρέμα
1691 1729 1817 1795 ἐῶν,
1868 1732 1926 1783 ὲν

346 1814 485 1886 λήθῃ
522 1818 590 1869 τὰ
626 1819 765 1871 κατά
803 1818 895 1872 τὸν
919 1818 1235 1890 Ἀμμώνιον
1270 1822 1527 1873 ἐποιεῖτο.
1565 1822 1640 1875 Οὐ
1681 1820 1789 1892 μὴν
1823 1820 1924 1890 τῆς

2035 924 2101 964 eo
2128 924 2300 978 usque
2321 911 2750 965 excruciandum
2777 911 3011 976 curavit,
3038 910 3213 965 donec
3240 911 3402 965 vitam
3431 920 3605 964 morte

2035 1010 2419 1056 commutaret.
2465 1004 2598 1057 Rem
2651 1003 2791 1058 hanc
2838 1002 3154 1072 imperatori
3197 1011 3254 1057 et
3296 1002 3516 1057 Orestes
3551 1012 3607 1057 ct

2033 1092 2270 1161 Cyrillus
2312 1092 2661 1163 significavit.
2713 1093 2949 1164 Cyrillus
2986 1094 3261 1149 Ammonii
3305 1109 3505 1164 corpus
3549 1095 3605 1148 in

2031 1181 2261 1237 ecclesia
2312 1185 2546 1252 quadam
2605 1185 2840 1253 sepeliit,
2899 1193 3110 1240 mutato
3159 1185 3308 1240 illius
3357 1185 3599 1240 nomine.

2032 1272 2140 1325 Pro
2176 1272 2469 1328 Ammonio
2496 1275 2638 1329 enim
2684 1275 3101 1339 Tltaumasium,
3137 1276 3244 1331 hoc
3277 1284 3382 1340 est,
3418 1276 3602 1352 Αάηιὶτ

2032 1365 2258 1418 randum
2291 1367 2538 1431 vocavit,
2577 1367 2944 1437 eumdemque
2983 1372 3245 1436 martyris
3276 1368 3489 1422 honore
3520 1367 3604 1421 di-

2029 1460 2226 1521 gnatus
2256 1466 2379 1507 est:
2413 1464 2576 1524 atque
2617 1456 2669 1508 in
2701 1457 2937 1513 ecclesia
2971 1457 3287 1512 libertatem
3326 1466 3382 1512 et
3421 1457 3600 1511 zelum

2030 1545 2198 1609 illius,
2243 1550 2337 1615 qui
2383 1556 2665 1602 certamen
2707 1549 2968 1605 videlicet
3008 1565 3107 1620 pro
3149 1550 3365 1606 veriore
3402 1552 3603 1620 pietate

2028 1634 2357 1703 pertulerit,
2421 1651 2545 1692 cum
2608 1637 2974 1694 admiratione
3028 1639 3437 1710 depraedicavit.
3494 1639 3599 1695 Sed

2027 1726 2175 1780 enim
2206 1727 2497 1797 permultis
2529 1731 2890 1800 popularibus
2918 1732 3250 1787 Christianis
3281 1732 3601 1803 illegitimus

2027 1816 2204 1870 honor
2246 1826 2432 1873 tantus
2470 1833 2592 1874 esse
2633 1822 2787 1876 visus
2834 1833 2956 1887 est,
3010 1824 3306 1894 praecipitis
3356 1823 3601 1877 audacia:

348 1904 438 1957 ἐπ’
464 1905 699 1980 Ὀρέστῃ
727 1910 820 1961 καὶ
853 1909 1108 1979 Κυρίλλῳ
1137 1908 1424 1974 διενέξεως
1454 1910 1616 1980 μέχρι
1641 1909 1832 1962 τούτου
1861 1909 1917 1962 τὸ

2026 1922 2216 1977 poenas
2248 1923 2373 1963 eum
2414 1909 2665 1975 dedisse.
2706 1923 2762 1968 et
2793 1930 2903 1969 non
2949 1916 3002 1969 vi
3049 1915 3233 1985 aliqua
3275 1913 3597 1975 adductum,

346 1965 543 2047 δεινὸν¹
576 1965 844 2065 προξιλθεν
871 2014 886 2030 ο
938 1965 1052 2051 ἀλλ’
1079 1965 1314 2051 instes;
1364 1965 1574 2065 ιὲέροῖ
1608 1998 1706 2069 οὐχ
1756 1993 1917 2068 ἧττον

2025 2013 2147 2068 quae
2169 2000 2219 2054 ei
2248 1999 2419 2066 nulla,
2452 2011 2511 2055 ut
2534 2002 2821 2060 Christum
2859 1965 3206 2078 pernegaret.
3240 2007 3400 2060 allata
3433 2017 3597 2066 esset.

348 2086 492 2155 ᾗπερ
525 2088 702 2141 ἐκεῖνο
735 2089 912 2159 χρόνῳ
944 2090 1153 2160 προϊὸν,
1185 2090 1390 2156 ταύτην
1414 2089 1738 2160 ἠμαύρωσε.
1770 2092 1835 2143 Τί
1862 2091 1917 2144 δὲ

2026 2090 2376 2145 moriendum
2407 2092 2511 2147 sibi
2540 2093 2596 2148 in
2629 2099 2920 2153 tormentis
2947 2113 3071 2154 esse
3096 2099 3375 2163 statuisse,
3408 2099 3593 2152 dicen.

344 2172 416 2245 ἦν
443 2179 638 2239 ἐκεῖνο,
666 2180 904 2235 λεκτέον.

2028 2180 2199 2236 tibus.
2227 2181 2575 2253 Quapropter
2602 2194 2657 2240 et
2681 2186 2918 2259 Cyrillus
2945 2190 3206 2259 paulatim
3234 2189 3467 2245 consilio
3497 2204 3600 2244 suo

344 2271 645 2355 absistens,
671 2273 935 2328 oblivioni
963 2276 1241 2330 Ammonii
1271 2290 1363 2332 res
1389 2276 1690 2331 mandavit.
1718 2276 1918 2333 Verum
1957 2280 2249 2338 enimvero
2300 2284 2592 2338 dissidium
2628 2285 2773 2340 inter
2831 2283 3083 2339 Orestem
3113 2292 3169 2338 et
3197 2283 3459 2354 Cyrillum
3490 2298 3597 2335 non

344 2383 414 2423 eo
474 2378 685 2425 tantum
740 2371 1083 2442 indignitatis
1132 2372 1446 2442 processit:
1502 2373 1598 2428 sed
1648 2373 1921 2430 accedens
1958 2376 2152 2432 aliud“
2184 2378 2290 2434 isto
2366 2397 2471 2437 non
2509 2380 2691 2436 minus
2731 2380 2877 2451 quod
2914 2380 3105 2452 postea
3132 2378 3369 2445 accidit,
3404 2380 3602 2434 absur-

345 2464 576 2519 ditatent
634 2483 756 2522 eam
821 2468 1184 2524 oblitteravit.
1243 2468 1390 2536 Quid
1450 2477 1636 2523 autem
1705 2468 1757 2522 id
1826 2470 1917 2537 sit,
1942 2472 2266 2531 dicendum.

924 2587 1177 2643 ΚΕΦᾹΛ.
1210 2586 1332 2643 ις’.
1516 2640 1517 2643 η

924 2588 1177 2643 ΚΕΦΑΛ.
1210 2588 1229 2639 I
1316 2627 1332 2643 .
1516 2640 1517 2643 η

344 2674 489 2751 Περί
511 2675 989 2751 τῆςνεριλοᾳόφ-ρυ
1036 2588 1350 2751 insurge.
1373 2680 1474 2751 Δὡς
1507 2680 1770 2751 ἀνῃρέθη
1802 2683 1922 2738 ὑπὸ

418 2746 538 2820 ad»:
554 2746 1212 2820 _x.1qu¢3r_Kvpl.1.lov
1243 2764 1255 2777 '
1292 2748 1389 2802 καὶ
1427 2751 1561 2815 περὶ
1592 2746 1703 2820 ἷῆς
1747 2746 1923 2818 δίκης

317 2868 321 2881 ,
417 2815 498 2882 ἣν
527 2816 801 2871 Ἰουδαῖοι
833 2817 1058 2872 ἔδοσαν
1086 2820 1158 2873 τὰ
1185 2819 1558 2888 Χριστιανῶν
1580 2815 1921 2884 διαπαίζονέ

417 2903 540 2951 τες.

418 2997 507 3051 Ἕν
535 2997 916 3073 Ἀλεξανδρείᾳ
965 3002 1102 3071 γυνή
1153 3018 1237 3063 τις
1276 3002 1511 3059 ’Υπατία
1561 2999 1652 3076 ἦν,
1704 3006 1915 3074 πατέρα

349 3093 447 3160 μὲν
479 3092 770 3160 αὑχήσασα
803 3092 993 3145 Θέωνα
1024 3093 1114 3147 τὸν
1148 3093 1473 3163 φιλόσοφον,
1509 3097 1915 3167 μίαθητευθεὴα

344 3183 400 3235 δὲ
431 3182 614 3245 καλῶς
643 3184 722 3252 τῷ
753 3183 920 3253 πατρί
947 3198 960 3213 ·
997 3184 1089 3236 ἐπὶ
1116 3184 1277 3236 τόσον
1313 3187 1632 3256 παρήνεγκε
1662 3189 1775 3250 τοῖς
1808 3204 1916 3256 μαο

2611 2589 2836 2647 CAPUT
2874 2590 3016 2647 XVI.

2032 2680 2108 2735 De
2138 2681 2443 2753 philosopha
2469 2670 2723 2753 Hypatio,
2753 2690 2808 2753 u_l
2836 2700 2867 2736 α
2893 2684 3031 2736 clero
3060 2681 3247 2753 Cyrilli
3277 2683 3344 2737 sit
3371 2693 3557 2737 necata
3576 2700 3598 2739 :

2097 2751 2232 2824 etde
2286 2750 2535 2824 vindicta'
2563 2768 2723 2821 quam
2767 2750 2942 2805 Juda't'
2981 2752 3335 2821 pertulerunt,
3383 2768 3599 2824 praeter

2095 2822 2258 2876 irrisa
2295 2823 2721 2877 Christianorum
2755 2838 2935 2876 sacra.

2093 2999 2438 3055 Alexandriae
2491 2999 2693 3055 femina
2743 2996 2993 3070 quaedam
3047 2999 3280 3071 llypatia
3337 3009 3459 3055 erat
3489 3002 3590 3073 (ξι),

2022 3101 2234 3161 patrem
2266 3092 2477 3148 habens
2499 3090 2783 3147 Theonem
2812 3091 3224 3161 philosophum,
3253 3110 3283 3145 a
3314 3106 3423 3161 quo
3448 3104 3596 3148 recte

2022 3184 2310 3248 instituta,
2343 3191 2558 3239 tantum
2592 3182 2905 3252 disciplinis
2941 3183 3239 3249 excelluit,
3272 3193 3329 3237 ut
3362 3198 3473 3238 non
3503 3199 3595 3239 so-

344 3277 621 3346 θήμασιν,
665 3275 738 3339 ὡς
766 3274 1294 3348 ὑπερδῆναιθμήτοι
1334 3293 1398 3344 γε
1434 3278 1563 3341 τοὺς
1600 3278 1722 3331 κατ’
1746 3279 1917 3349 αὐτὴν

2022 3275 2133 3330 lunt
2181 3276 2442 3345 temporis
2491 3273 2620 3341 sui,
2664 3290 2856 3330 verum
2903 3275 3071 3330 etiam
3111 3276 3205 3345 qui
3238 3275 3399 3345 longe
3433 3284 3594 3330 antea

344 3367 695 3437 φιλοσόφους,
720 3366 858 3421 ἀλλὰ
884 3368 1127 3430 καὶτοὺς
1155 3370 1220 3422 ἐκ
1247 3366 1450 3421 πολλοῦ
1476 3370 1879 3440 γεγενημένους
1900 3387 1913 3400 ·

342 3463 684 3530 χρηματίσαι
729 3459 789 3513 δὲ
832 3460 928 3513 καὶ
970 3459 1218 3530 διάδοχον
1261 3461 1363 3530 τῆς
1413 3462 1768 3532 Πλατωνικῆς
1809 3463 1918 3516 ἀπὸ

345 3552 616 3605 Πλωτίνου
659 3552 1047 3622 καταγομένης
1086 3551 1396 3623 διατριϐῆς.
1436 3555 1737 3626 Πρόχειρος
1776 3553 1821 3608 δ’
1848 3550 1918 3627 ἦν

344 3645 479 3696 stis:
514 3645 626 3706 τοῖς
668 3642 1018 3713 βουλομένοις
1051 3643 1152 3714 τὴν
1185 3644 1297 3696 τῶν
1336 3643 1682 3715 μαθημάτων
1715 3645 1918 3714 γνῶσιν

342 3734 656 3789 ἐκτίθεσθαι
682 3751 696 3767 ’
731 3735 855 3789 ὃθεν
889 3736 985 3789 καὶ
1018 3736 1134 3789 ὅσοι
1169 3735 1486 3808 φιλοσοφεῖν
1521 3738 1800 3808 ἐρωτικῶς
1836 3733 1917 3790 si-

342 3846 466 3900 χον,
499 3829 632 3899 παρ’
658 3829 830 3899 αὐτὴν
860 3828 1115 3899 ἔτρεχον,
1143 3830 1205 3882 οὐ
1243 3829 1406 3897 μόνον
1434 3828 1523 3883 διὰ
1550 3830 1650 3898 τὴν
1680 3828 1917 3901 προσοῦ-

344 3933 444 3969 σαν
461 3917 603 3985 αὐτῇ
626 3916 832 3986 σεμνὴν
848 3915 1185 3986 παρρησίαν,
1204 3915 1318 3970 ἀλλ’
1337 3917 1419 3970 ὅτι
1442 3918 1663 3980 καὶτοῖς
1687 3917 1916 3987 ἄρχουσι

343 4008 641 4078 σωφρόνως
671 4009 1043 4079 προσήρχετο.
1070 4008 1178 4062 Καὶ
1206 4008 1306 4062 οὐκ
1335 4009 1588 4079 ἄσχημον
1615 4010 1793 4063 ἐδόκει
1821 4009 1919 4062 αὐ-

341 4099 439 4167 τὴν
474 4100 533 4151 ὲν
571 4098 722 4170 μέσῳ
755 4103 1011 4169 παρεῖναι
1045 4099 1255 4168 ἀνδρῶν
1279 4115 1291 4129 ο
1328 4101 1465 4154 πᾶσι
1500 4101 1611 4172 γὰρ
1644 4101 1711 4155 δι’
1736 4100 1918 4167 αἰδοῦς

338 4185 407 4261 ἦν
448 4193 516 4259 τῇ
560 4190 660 4256 τῆς
706 4192 1066 4261 σωφροσύνης
1114 4191 1416 4262 ὑπερϐολῇ,
1462 4193 1558 4246 καὶ
1597 4192 1702 4247 ἀνά
1742 4192 1916 4263 στόμα

341 4286 476 4353 πᾷσι
509 4282 606 4335 καὶ
638 4282 726 4335 διὰ
763 4283 1043 4352 θαύματος
1078 4283 1271 4354 ἠγετο.
1304 4284 1437 4338 Τότε
1472 4284 1517 4338 δ’
1541 4284 1632 4339 οὖν
1662 4288 1688 4339 ὁ
1723 4286 1916 4356 φθόνος

340 4376 432 4426 καὶ
472 4371 615 4424 κατά
650 4372 859 4444 ταύτης
901 4373 1177 4438 ὡπλίζετο
1202 4390 1216 4404 ·
1257 4376 1578 4445 συχνὸτερον
1613 4378 1724 4447 γὰρ
1766 4378 1915 4449 παρὰ

339 4466 414 4533 τῇ
456 4465 691 4536 Ὀρέστῃ
744 4467 1020 4534 φοιτῶσα,
1070 4466 1326 4537 διαϐολὴν
1374 4468 1497 4519 κατ’
1529 4468 1698 4537 αὐτῆς
1746 4470 1915 4523 ἐκίνει

334 4559 457 4620 τοῖς
477 4557 607 4626 περὶ
636 4556 903 4626 Κύριλλον
931 4557 1214 4626 κληρικοῖς
1232 4599 1248 4623 ,
1282 4561 1356 4621 ὡς
1398 4559 1486 4629 ἄρ’
1512 4560 1696 4628 ἐκείνη
1723 4562 1809 4631 εἴη
1839 4564 1913 4634 μὴ

2019 3368 2378 3431 exstitissent,
2419 3364 2777 3436 philosophos
2834 3364 3155 3435 superarit,
3207 3373 3264 3420 et
3314 3366 3369 3420 in
3414 3366 3597 3421 Plato-

2019 3460 2141 3513 nica
2175 3457 2364 3514 schola
2391 3471 2421 3511 a
2458 3456 2678 3513 Plotino
2708 3455 2944 3513 deducta
2967 3495 2983 3522 ,
3019 3458 3371 3512 successerit.
3402 3457 3597 3513 Prom-

2020 3558 2110 3619 pta
2137 3548 2228 3603 illa
2250 3557 2391 3615 erat,
2415 3547 2842 3618 quibuscunque
2871 3546 3154 3612 studiosis,
3178 3546 3593 3618 disciplinarum

2020 3638 2389 3708 cognitionem
2432 3653 2765 3709 proponere.
2791 3637 3030 3694 Proinde
3057 3639 3376 3708 quicunque
3411 3639 3594 3709 philo«

2018 3732 2226 3800 sophia:
2253 3746 2440 3785 amore
2474 3742 2814 3793 tenerentur,
2848 3731 2915 3785 ad
2943 3731 3094 3785 illam
3130 3715 3449 3796 veniebant,
3481 3747 3592 3786 non

2021 3832 2230 3877 tantum
2260 3832 2490 3893 propter
2518 3839 2641 3897 eam
2668 3837 2790 3894 qua:
2821 3822 2903 3877 illi
2938 3823 3119 3878 inerat
3153 3823 3440 3878 honestam
3470 3840 3596 3894 gra-

2017 3930 2252 3984 vemque
2301 3917 2354 3968 in
2404 3914 2641 3969 dicendo
2695 3915 3041 3976 libertatem,
3095 3915 3190 3969 sed
3237 3914 3402 3969 etiam
3446 3915 3592 3984 quod

2019 4016 2167 4062 caste
2194 4016 2249 4060 et
2295 4006 2599 4076 prudenter
2627 4006 2911 4075 principes
2946 4006 3127 4060 adiret
3167 4007 3335 4061 viros.
3370 4005 3482 4062 Nec
3510 4006 3595 4061 in-

2016 4098 2279 4181 decorum
2319 4114 2441 4179 esse
2477 4098 2787 4160 videbatur,
2824 4112 2944 4152 eam
2985 4097 3132 4151 inter
3159 4100 3308 4152 viros
3326 4097 3603 4168 'ntediam.

2016 4172 2231 4245 avdessc.
2281 4172 2703 4245 Reverebantur
2746 4198 2803 4244 et
2835 4188 3207 4244 observabant
3244 4204 3367 4244 eam
3398 4203 3592 4245 omnes

2019 4292 2241 4351 propter
2281 4282 2637 4337 excellentem
2687 4280 3005 4351 pudicitiam
3037 4321 3052 4345 ,
3105 4290 3162 4336 et
3204 4281 3467 4336 omnibus
3500 4282 3596 4337 illa

2017 4391 2141 4430 cum
2190 4373 2556 4428 admiratione
2598 4374 2651 4428 in
2684 4388 2781 4428 ore
2819 4384 2960 4428 erat.
2992 4373 3266 4428 Adversus
3301 4372 3444 4429 hanc
3475 4384 3590 4427 tum

2017 4483 2075 4522 se
2100 4465 2303 4521 invidia
2338 4467 2593 4520 armavit.
2627 4465 2784 4533 Quod
2815 4480 3055 4536 namque
3084 4464 3430 4535 frequentius
3463 4480 3588 4521 cum

2016 4560 2208 4615 Oreste
2243 4568 2408 4623 esset,
2437 4558 2773 4612 calumniam
2808 4557 2862 4613 id
2892 4557 2942 4613 ei
2974 4558 3118 4629 apud
3151 4557 3342 4627 Cyrilli
3374 4557 3595 4613 clerum-

339 4649 611 4719 συμὸῆναι
639 4650 774 4720 πρὸς
802 4649 1152 4718 καταλλαγὰς
1179 4651 1325 4704 ἐῶσα
1352 4653 1605 4723 Κυρίλλῳ
1629 4654 1718 4706 τὸν
1741 4653 1845 4708 ἐπα
1856 4672 1915 4724 ρ·

2022 4652 2230 4723 peperit
2269 4650 2499 4722 perinde
2530 4659 2697 4722 atque
2732 4652 2873 4721 ipsa,
2913 4651 3209 4722 quominus
3249 4650 3419 4721 gratia
3449 4650 3591 4704 inter

338 4759 451 4810 χ’)ν.
492 4740 601 4795 Καὶ
638 4741 703 4811 δή
740 4757 887 4803 τινες
931 4742 1157 4794 ἐκείνων
1193 4741 1460 4813 ἔνθερμον
1500 4744 1750 4815 Κυρίλλῳ
1784 4746 1911 4817 τρέ-

340 4848 529 4898 φοντες
572 4832 786 4901 ἔρωτα,
831 4824 906 4889 ὧν
949 4833 1136 4903 ἡγεῖτο
1180 4833 1385 4903 Πέτρος
1429 4851 1513 4896 τις
1556 4835 1908 4903 ἀναγνώστου

336 4924 490 4990 τάξιν
541 4924 792 4993 πληρῶν,
846 4923 1177 4979 ἐπανιοῦσαν
1226 4925 1395 4979 ποθεν
1447 4928 1907 4997 συντηρήσαντες,

337 5016 428 5068 τοῦ
456 5015 649 5086 δίφρου
674 5016 1017 5080 καθελόντες,
1045 5017 1137 5070 ἐπὶ
1163 5016 1263 5089 τὴν
1287 5018 1611 5090 ἐκκλησίαν,
1639 5021 1672 5089 ἢ
1702 5019 1910 5074 Καίσα-

338 5110 428 5178 ρός
458 5109 607 5162 ἐστιν
633 5107 943 5177 ἐπώνυμος,
972 5102 1155 5162 εἷλκον
1179 5123 1194 5139 ·
1223 5109 1402 5162 ὲκεῖσέ
1430 5126 1488 5162 τε
1518 5109 1909 5178 περιδύσαντες

336 5200 471 5269 αὑτῇ
522 5198 620 5268 τὴν
669 5198 899 5269 ἐσθῆτα,
946 5198 1242 5271 ὀστράκοις
1289 5201 1500 5255 ἀνεῖλον
1528 5217 1542 5233 ·
1589 5200 1780 5255 ἔπειτα
1829 5205 1909 5265 εἰς

339 5293 476 5375 μέλη
509 5291 940 5355 διασπάσαντες,
975 5293 1069 5345 ἐπὶ
1104 5293 1194 5346 τὸν
1226 5292 1284 5357 δς
1319 5293 1593 5364 Καναρὼν
1628 5294 1907 5358 ἐκαλεῖτο,

336 5379 515 5449 χῶρον
548 5382 851 5447 ἀγαγὸντες
874 5420 888 5444 ,
923 5380 1170 5450 δαπάνην
1206 5382 1501 5451 ὲπαφῆκαν
1540 5383 1693 5451 πυρί.
1736 5381 1909 5435 Τοῦτο

338 5468 614 5539 πραχθὲν,
654 5470 754 5524 οὐκ
797 5471 1082 5541 ἐλάχιστον
1130 5473 1326 5543 μῶμον
1369 5472 1608 5544 περιῆψε
1652 5473 1909 5544 Κυρίλλῳ

410 5628 488 5697 (l)
518 5625 800 5699 Hypatiam
833 5628 993 5701 istam
1017 5629 1083 5684 ad
1110 5639 1359 5698 stuprum
1390 5630 1676 5699 promissis
1702 5640 1758 5685 et
1786 5647 1909 5701 per-

338 5701 692 5769 suasionibus
741 5700 929 5755 multis
982 5700 1300 5754 sollicitavit
1342 5702 1562 5769 juvenis
1615 5700 1906 5756 venustus.

340 5768 432 5821 Illa
466 5784 596 5823 vero
627 5786 750 5823 cum
784 5770 1225 5831 dissuasionibus
1257 5768 1379 5825 aliis
1409 5788 1434 5823 a
1472 5779 1653 5838 empto
1689 5785 1790 5825 suo
1824 5786 1908 5825 re-

344 5838 543 5904 pellere
574 5841 828 5908 nequiret
861 5840 1162 5904 hominem,
1194 5855 1438 5909 pannum
1475 5840 1743 5894 mensium
1780 5854 1909 5893 suo-

345 5921 458 5960 runt
490 5910 754 5978 protulit,
799 5919 854 5964 et
894 5909 1138 5965 lmditate
1170 5910 1478 5965 inconccssi
1525 5920 1576 5963 et
1625 5909 1906 5965 libidinosi

2012 4744 2275 4814 Cyrillum
2313 4753 2370 4797 et
2414 4742 2731 4812 praefectum
2782 4744 3151 4807 coalesceret,
3194 4741 3588 4811 impedimento

2012 4845 2179 4890 esset.
2207 4836 2372 4908 470
2416 4837 2762 4906 Quapropter
2805 4849 2874 4889 ex
2919 4834 3029 4890 illis
3067 4833 3287 4903 quidant
3330 4832 3596 4901 ﬂagranti

2011 4918 2279 4998 Cyrillum
2316 4938 2714 4997 prosequentes
2753 4939 2966 4990 amore,
2998 4924 3198 4995 quibus
3240 4923 3437 4977 Petrus
3464 4922 3588 4991 qui~

2011 5019 2134 5070 dam
2183 5032 2251 5072 ex
2290 5018 2558 5071 lectorum
2606 5015 2802 5070 ordine
2831 5014 3037 5084 praeiit,
3086 5011 3409 5067 redeuntem
3462 5025 3591 5064 eam

2013 5106 2270 5162 alicunde
2299 5106 2564 5161 insidiose
2594 5106 2955 5159 observantes
2978 5142 2993 5167 ,
3034 5116 3101 5156 ex
3131 5114 3302 5155 curru
3334 5100 3589 5155 detraxe<

2012 5211 2161 5265 runt,
2188 5209 2352 5269 atque
2387 5200 2440 5253 in
2473 5198 2764 5253 ecclesiam
2795 5212 2915 5266 qua:
2947 5210 2977 5249 a
3010 5193 3226 5249 Caesare
3258 5192 3345 5263 (2)
3378 5206 3580 5247 nomen

2013 5293 2210 5357 habet,
2260 5298 2611 5361 rapuerunt:
2660 5302 2826 5359 atque
2877 5287 2951 5343 ibi
3000 5285 3249 5342 vestibus
3294 5286 3583 5350 nudatam,

2014 5394 2276 5438 te-tarum
2303 5382 2623 5453 fragmentis
2645 5389 2946 5438 enecarunt
2971 5396 2986 5437 :
3012 5378 3212 5433 deinde
3231 5378 3579 5434 membratim

2012 5478 2300 5532 diSsectam
2333 5474 2440 5542 (5).
2494 5474 2547 5527 in
2594 5473 2779 5529 locum
2827 5469 3192 5542 qnlCinaron
3242 5469 3428 5527 dictus
3472 5478 3581 5536 est,

2010 5626 2334 5684 concubitus
2369 5635 2794 5697 commonstrata
2832 5626 2986 5697 illum
3019 5623 3273 5697 absolvit.
3308 5623 3578 5697 (Suidas.)

2081 5698 2158 5768 (‘2)
2195 5697 2493 5768 Caesariani
2532 5696 2741 5768 dictam
2764 5711 2922 5768 esse,
2939 5696 3015 5768 ait
3044 5694 3202 5750 Socr.

2082 5763 2158 5836 (5)
2202 5767 2398 5821 Suidas
2446 5767 2625 5836 potius
2683 5765 3178 5836 Alexandrinorum
3212 5763 3468 5836 audacia
3521 5773 3580 5818 et

2013 5834 2249 5893 tumultu
2312 5834 2557 5893 necatum
2611 5852 2731 5891 esse
2802 5843 3001 5905 putat:
3046 5835 3140 5904 qui
3193 5834 3260 5889 de
3302 5848 3367 5887 ea
3422 5834 3577 5902 plura

2012 5909 2226 5964 scribit.
