4006 6550
187 391 204 396 ’
286 429 426 495 ιλοο

1210 449 1820 516 ECCLESIASTlC/E
1860 459 2248 523 HISTORIE
2287 467 2433 529 LIB.
2477 470 2633 531 XIV.

3395 477 3538 544 11ἱο

283 553 558 664 pse-ge...»
587 555 892 662 βξπτισμα,
917 560 1080 634 τέχνῃ
1107 569 1510 636 μετερχόμενος
1529 570 1604 632 ὡς
1633 571 1699 625 ἂν
1723 574 1858 646 χρή·
1890 621 1896 634 .

2005 597 2072 635 ue
2102 583 2346 640 historia:
2387 586 2513 642 huic
2555 589 2806 658 apposui.
2845 590 3066 648 Iudaeus
3098 595 3316 664 quidam
3369 597 3530 654 Clu-i-

284 665 430 718 ματα
480 649 658 720 ἐαυτῷ
698 655 1143 724 προσπορίζοιτο.
1196 657 1285 722 Ὠς
1323 660 1381 714 δέ
1407 662 1594 731 σχεδὸν
1625 665 1720 716 ἐπὶ
1755 666 1862 718 πά-

284 756 386 802 σας
411 741 510 804 τὰς
536 741 836 814 θρησκείας
879 748 1173 819 προῆλθεν,
1205 750 1264 803 ’Δ
1277 755 1511 822 ρειανῶν
1537 772 1598 808 τε
1626 757 1718 808 καὶ
1745 749 1865 810 Μα-

283 831 614 888 κεδονιανῶν
669 837 1014 909 βαπτισμοὺς
1071 842 1288 910 ἐλαϐεν,
1320 847 1444 900 ἐπεὶ
1481 847 1554 918 μὴ
1594 843 1744 919 εἶχεν
1773 849 1865 915 οὓς

281 925 568 981 τουλοιποῦ
595 930 919 1003 ἀπαιτήσειε,
951 936 1105 1001 τέλος
1136 941 1228 992 ἐπὶ
1280 941 1494 994 τουτονὶ
1527 944 1742 998 Παῦλον
1773 947 1863 1000 τδν

283 1017 392 1070 τῶν
453 1021 811 1079 Ναυατιανῶν
871 1028 1174 1086 ἐπίσκοπον
1225 1026 1367 1105 ἦκε’
1423 1036 1776 1108 πλασάμενος
1807 1058 1868 1094 τε

283 1109 577 1181 ἐπιθυμεῖν
609 1115 706 1169 τοῦ
729 1117 817 1172 διὰ
845 1119 954 1172 τῶν
980 1122 1184 1194 χειρῶν
1207 1127 1422 1179 ἐκείνου
1456 1126 1867 1197 βαπτίσματος,

283 1200 458 1256 ἐδεῖτο
491 1207 675 1274 τυχεῖν
703 1209 804 1276 τῆς
835 1209 1102 1278 ἐφέσεως.
1147 1214 1206 1268 ’0
1233 1216 1288 1269 δέ
1318 1217 1379 1268 τὸ
1408 1218 1508 1288 μὲν
1535 1217 1735 1290 θερμὸν
1763 1221 1867 1290 τῆς

287 1296 533 1364 σπουδῆς
568 1301 886 1370 ἀπεδέχετο,
921 1305 982 1359 οὐ
1017 1307 1314 1380 ξυκιεχώρει
1345 1310 1400 1364 δέ
1427 1310 1522 1365 τοῦ
1553 1313 1872 1384 βαπτίσμα-

283 1403 397 1450 τος,
437 1392 606 1464 πρινὴ
637 1394 708 1458 ὡς
744 1394 1286 1470 ἔθοςκατηχηθῆναι
1319 1404 1412 1457 τὸν
1445 1405 1606 1474 λόγον
1655 1409 1754 1476 τῆς
1785 1407 1878 1460 πί·

289 1499 485 1545 στεως,
525 1486 662 1554 μετὰ
685 1488 784 1558 τὴν
811 1499 1289 1568 προηγησαμένην
1315 1498 1372 1565 ἐξ
1409 1497 1566 1577 ξθους
1596 1499 1870 1568 νηστείαν.

300 1577 544 1645 Ἐκεῖνος
573 1581 630 1639 δὲ
681 1588 746 1657 τῇ
787 1589 940 1658 παρὰ
977 1593 1206 1665 γνώμην
1260 1593 1486 1668 νηστείᾳ
1525 1594 1875 1669 πιεζόμενος,

291 1673 621 1745 συχνὸτερον
683 1678 940 1734 ἐπέκειτο
1009 1683 1105 1737 τοῦ
1169 1685 1621 1758 σπουδαζομένου
1671 1689 1876 1759 τυχεῖν.

301 1761 456 1816 Ἐπεὶ
513 1763 560 1817 δ’
615 1766 642 1818 δ
677 1768 895 1836 Παῦλος
948 1771 1122 1838 οὕτως
1172 1775 1438 1848 ἔνθερμον
1487 1779 1633 1848 ὀρῶν
1684 1781 1878 1833 λυπεῖν

289 1854 476 1909 οὐκέτι
509 1857 766 1915 ἐϐούλετο
807 1866 875 1934 τῇ
911 1866 1184 1938 παρολκῇ,
1241 1870 1310 1923 τὰ
1339 1869 1480 1940 πρὸς
1508 1872 1570 1924 τὸ
1593 1873 1879 1944 βάπτισμα

291 1947 634 2020 εὐτρεπίζει.
661 1955 770 2008 Καὶ
799 1955 938 2027 δῆτα
991 1960 1196 2030 ἐσθῆτα
1233 1966 1668 2034 παρασκευάσας
1720 1985 1878 2037 περι-

293 2045 458 2114 φανῆ,
487 2047 581 2098 καὶ
607 2047 668 2100 τὸ
716 2048 1118 2122 βαπτιστήριον
1171 2055 1484 2125 πλησθῆναι
1529 2057 1603 2120 ὡς
1636 2058 1756 2122 ἐθος
1787 2076 1881 2112 κε-

294 2131 493 2195 λεύσας
528 2133 744 2204 ὓδατος,
775 2137 863 2192 ἐπ’
899 2140 1068 2211 αὐτὴν
1101 2143 1314 2212 προῆγε
1349 2143 1440 2198 τὸν
1462 2144 1748 2213 Ἰουδαῖον,
1803 2147 1880 2212 ὡς

300 2223 584 2294 βαπτισων
625 2229 857 2300 γυμνόν.
907 2233 1167 2306 Ἀρρήτῳ
1203 2235 1262 2288 δέ
1319 2253 1430 2290 τινι
1463 2237 1618 2303 θείας
1649 2239 1884 2312 προνοίᾳ

299 2316 585 2388 δυνάμεως
620 2322 681 2376 τὸ
735 2321 879 2395 ὕδωρ
911 2325 1110 2398 αἴφνης
1165 2328 1370 2398 ἀφανὲς
1426 2325 1516 2400 ἦν.
1566 2329 1654 2396 Ὠς
1682 2331 1740 2386 δὲ
1770 2334 1885 2396 τοῖς

303 2413 540 2482 παροῦσι
569 2414 663 2470 καὶ
692 2416 770 2488 τῷ
801 2419 1088 2491 ἐπισκόπῳ
1133 2422 1299 2492 μηδὲν
1331 2423 1550 2477 διειδόσι
1598 2423 1694 2477 τοῦ
1727 2440 1881 2492 γενο-

307 2504 471 2572 μένου
529 2508 714 2576 ἐκρεῖν
767 2510 946 2564 ἐδὸκει
975 2511 1034 2565 τὸ
1068 2511 1212 2584 ῦξωρ
1259 2515 1348 2568 διὰ
1379 2513 1475 2566 τοῦ
1516 2514 1885 2584 ὑποκειμένου

307 2593 506 2662 πόρου,
561 2594 684 2648 ὅθεν
728 2598 990 2653 εἰώθασιν
1018 2601 1198 2654 ἐκεῖνο
1226 2605 1579 2676 προπέμπειν
1621 2603 1762 2674 μετὰ
1790 2604 1888 2675 τὴν

307 2685 552 2757 τελετὴν,
593 2689 783 2762 ἕτερον
821 2690 964 2763 ὕδωρ
1002 2695 1303 2766 προσῆγον,
1327 2697 1560 2767 προνοίᾳ
1592 2699 1758 2768 πολλῇ
1791 2697 1888 2761 τὰς

312 2781 508 2848 ἐκροὰς
564 2785 664 2853 τῆς
709 2785 1106 2857 κολυμϐήθρας
1165 2789 1645 2860 ἀσφαλισάμενοι·
1708 2793 1782 2855 ὡς
1831 2792 1889 2844 δέ

313 2868 470 2937 αὖθις
502 2877 530 2926 ὀ
597 2875 844 2950 Ἐϐραῖος
878 2881 1214 2950 προσήγετο,
1251 2883 1415 2937 πάλιν
1451 2883 1648 2955 ἐπίσης
1680 2884 1888 2952 ἀφανὲς

315 2971 374 3018 τὸ
407 2965 554 3037 ὕδωρ
585 2963 673 3038 ἦν.
708 2972 900 3036 Συνεδς
929 2973 974 3026 δ’
1011 2975 1038 3028 ὁ
1077 2974 1313 3038 Παῦλος,
1357 2994 1378 3027 ι
1421 2976 1493 3031 ’Ἡ
1533 2981 1889 3048 κακουργεῖς,

317 3061 502 3128 φησὶν,
557 3063 904 3136 ἅνθρωπε,ἦ
964 3067 1198 3134 ἀγνοεῖς,
1261 3069 1335 3131 ὡς
1367 3067 1537 3135 ἔοικε,
1570 3069 1749 3142 τυχὼν
1795 3069 1892 3123 τοῦ

319 3153 720 3224 βαπτίσματος.
759 3177 774 3206 ι
813 3158 1031 3212 Πολλῶν
1056 3159 1112 3213 δέ
1146 3161 1570 3232 συνδραμόντων
1600 3166 1667 3233 τῇ
1712 3165 1889 3235 φήμῃ,

1969 676 2320 732 stianismum
2377 681 2696 749 complexus
2767 697 2874 738 non
2955 687 3146 748 semel.
3196 687 3290 742 sed
3335 691 3537 759 saepius

1968 766 2296 837 baptismum
2321 771 2486 825 subiit
2505 782 2620 827 arte
2643 773 2874 844 quadarn
2895 785 2950 830 ct
2973 777 3367 834 nundinatione
3385 797 3536 844 usus,
3560 778 3566 784 ’

1970 869 2030 913 ιιι
2053 861 2261 930 aliquid
2291 864 2536 932 pecuniae
2554 867 2928 935 conquireret.
2959 866 3136 938 Atque
3183 869 3274 924 ubi
3330 871 3442 926 fere
3473 873 3539 925 ad

1975 953 2272 1023 religiones
2309 971 2524 1022 omnes,
2560 959 2886 1013 Arianorum
2931 959 3186 1015 videlicet
3217 969 3272 1015 et
3289 961 3542 1017 Macedo-

1975 1047 2290 1112 nianorum,
2314 1047 2584 1118 baptismo
2599 1051 2742 1120 apud
2767 1066 2868 1108 eos
2897 1062 3180 1123 suscepto,
3217 1055 3541 1116 transiisset.

1978 1155 2158 1208 neque
2181 1140 2276 1194 alii
2305 1157 2444 1210 quos
2466 1143 2728 1214 deinceps
2769 1144 3070 1214 deciperet,
3107 1146 3308 1216 reliqui
3339 1157 3544 1212 essent,

1984 1242 2268 1302 postremo
2337 1233 2402 1287 ad
2447 1234 2671 1290 Paulum
2692 1237 2835 1291 hunc
2869 1235 3294 1294 Novatianorum
3331 1239 3547 1308 episco-

1986 1339 2116 1394 pum
2141 1327 2314 1380 venit.
2351 1326 2419 1381 Et
2444 1337 2730 1398 postquam
2769 1330 3018 1386 confictis
3037 1331 3218 1388 verbis
3237 1346 3440 1400 cupere
3465 1346 3546 1396 se.

1987 1425 2048 1470 ut
2083 1417 2335 1472 manibus
2362 1418 2510 1473 illius
2540 1419 2934 1489 baptizaretur,
2988 1421 3146 1485 dixit,
3178 1430 3238 1476 ut
3273 1421 3551 1476 desiderio

1984 1525 2086 1564 suo
2117 1509 2250 1565 satis
2277 1509 2434 1566 ﬁeret
2465 1513 2694 1582 rogavit.
2726 1514 2896 1569 Porro
2913 1514 3002 1570 ille
3026 1515 3280 1570 ardorem
3314 1513 3552 1568 hominis

1985 1603 2325 1672 complexus,
2359 1619 2466 1658 non
2490 1605 2642 1674 prius
2679 1605 2746 1660 ad
2786 1605 3116 1676 baptismum
3143 1622 3270 1661 eum
3311 1605 3551 1668 admisit,

1984 1711 2150 1765 quam
2183 1711 2336 1752 more
2371 1708 2590 1770 recepto
2624 1698 2679 1762 in
2709 1700 2880 1756 verbo
2915 1699 3039 1754 tidei
3075 1700 3356 1754 institutus
3384 1710 3553 1762 esset,

1991 1788 2322 1858 solitumque
2381 1791 2542 1846 etiam
2581 1791 2846 1862 jejunium
2890 1790 3407 1862 complevisset.lllc
3428 1807 3553 1846 cum

1984 1879 2197 1950 jejunio
2223 1896 2290 1936 eo
2334 1883 2479 1952 quod
2515 1893 2712 1952 praeter
2739 1883 3056 1953 opinionem
3115 1899 3270 1938 suam
3289 1884 3342 1938 ei
3380 1883 3557 1952 impo-

1985 1973 2148 2027 situm
2179 1984 2318 2036 erat,
2355 1984 2720 2044 premeretur,
2768 1973 3114 2044 frequentius
3152 1983 3211 2030 ut
3266 1985 3396 2029 voto
3458 1989 3558 2028 suo

1985 2065 2263 2136 potiretur
2314 2066 2535 2122 institit.
2585 2067 2783 2122 Paulus
2834 2067 3088 2122 ardorem
3159 2067 3280 2136 ejus
3342 2063 3556 2127 videns.

1985 2173 2136 2212 mora
2165 2157 2406 2227 longiore
2439 2159 2761 2228 perturbare
2780 2158 2931 2212 illum
2952 2157 3147 2220 noluit,
3172 2166 3227 2212 et
3255 2171 3318 2210 ea
3351 2171 3470 2224 qua:
3495 2156 3559 2208 ad

1985 2248 2319 2318 baptismum
2341 2249 2640 2320 pertinent,
2671 2251 2773 2304 rite
2809 2250 3041 2319 paravit.
3105 2247 3266 2303 Veste
3329 2263 3564 2315 namque

1987 2341 2187 2414 insigni
2215 2343 2534 2405 subornata.
2561 2353 2618 2398 et
2672 2343 2992 2412 baptistei‘io
3047 2357 3210 2411 aqua.
3242 2340 3406 2396 sicuti
3447 2356 3565 2394 mos

1987 2444 2129 2499 erat,
2163 2435 2394 2504 repleto,
2425 2434 2680 2490 Judaeum
2722 2434 2932 2488 nudum
2957 2433 3337 2502 baptizaturus
3399 2431 3468 2485 ad
3513 2433 3565 2483 id

1987 2525 2236 2580 adduxit.
2267 2525 2431 2598 472
2459 2525 2600 2580 Ecce
2633 2535 2818 2580 autem
2843 2523 3106 2578 ineﬂ‘abili
3151 2521 3388 2592 quadam
3421 2520 3565 2574 divi-

1988 2631 2074 2672 ute
2131 2616 2496 2670 Providentia:
2559 2615 2633 2679 vi,
2671 2615 2813 2669 unda
2851 2615 3150 2682 derepente
3177 2612 3425 2666 evanuit.
3461 2609 3566 2666 Ubi

1989 2725 2119 2765 vero
2153 2724 2296 2778 aqua
2327 2708 2432 2762 alia
2461 2707 2743 2778 (episcopo
2791 2705 2907 2775 ipso
2960 2714 3016 2759 et
3069 2705 3152 2758 eis
3189 2703 3284 2772 qui
3323 2701 3394 2754 ibi
3425 2711 3570 2754 asta-

1989 2802 2142 2866 bant,
2177 2818 2288 2857 rcm
2315 2816 2436 2855 eam
2466 2799 2863 2864 nescientibus,
2893 2797 2986 2853 sed
3017 2812 3214 2866 aquam
3281 2811 3377 2864 per
3429 2795 3564 2848 sub-

1984 2898 2192 2967 jectum
2228 2903 2464 2948 meatum
2495 2911 2604 2964 quo
2647 2893 2824 2948 emitti
2881 2893 2971 2948 illa
3028 2898 3150 2961 post
3205 2889 3568 2944 initiationom

1993 2985 2228 3053 solebat,
2253 2976 2530 3044 eﬂluuisSc
2549 2984 2892 3055 potantibus)
2923 2983 3102 3037 infusa
3127 2999 3142 3034 :
3164 2981 3568 3050 diligenterque

1995 3093 2063 3134 ne
2090 3093 2156 3133 cx
2191 3078 2407 3132 lavacro
2442 3077 2531 3130 illa
2582 3075 2878 3146 proﬂueret
2910 3075 3211 3146 provisum,
3245 3085 3303 3127 ct
3351 3073 3573 3127 Judaeus

1995 3170 2175 3225 denuo
2201 3168 2482 3224 adhibitus
2503 3177 2606 3235 est,
2635 3184 2854 3222 rursum
2878 3166 3068 3222 eodem
3096 3181 3206 3235 quo
3233 3165 3383 3234 prius
3407 3165 3571 3218 modo

319 3239 396 3306 ei;
443 3263 530 3310 τις
581 3248 798 3317 ἐπέγνω
841 3251 934 3304 τὶν
984 3250 1264 3317 Ἰουδαῖον,
1319 3253 1394 3316 ὡς
1436 3255 1520 3325 είη
1559 3255 1666 3326 πρὸ
1700 3257 1890 3328 καιροῦ

2005 3275 2143 3330 aqua
2171 3259 2460 3328 disparuit.
2485 3259 2684 3315 Paulus
2715 3275 2772 3313 re
2803 3260 3024 3331 cognita
3045 3274 3072 3326 ι¹
3101 3277 3119 3309 ι
3146 3257 3255 3312 Aut
3287 3256 3573 3326 ﬂagitium,

320 3337 471 3407 παρὰ
501 3337 594 3390 τοῦ
623 3339 924 3394 ἐπισκόπου
974 3340 1229 3397 Ἀττικοῦ
1256 3345 1315 3398 τὸ
1339 3344 1628 3416 βάπτισμα
1659 3347 1892 3415 δεξάμε-

318 3445 428 3491 νος.
452 3429 626 3482 Τοῦτο
661 3431 715 3482 δέ
747 3431 806 3484 οὗ
846 3433 1143 3506 παρέργως
1181 3438 1467 3509 ἱστόρησα,
1504 3439 1620 3492 ἀλλ’
1657 3441 1741 3493 ἴνα
1761 3440 1897 3495 εἰδέ-

320 3537 404 3572 ναι
459 3518 704 3590 ἕλοιμεν,
751 3520 827 3584 ὡς
881 3524 1145 3590 πολλάκις
1205 3529 1434 3600 ήχάρις
1469 3529 1564 3582 καὶ
1613 3531 1764 3600 παρὰ
1791 3530 1898 3584 τῶν

322 3613 556 3679 ἀιαξίων
577 3613 647 3667 τὰ
668 3617 868 3686 ἑαυτῆς
898 3618 1298 3684 ἐπιδείκνυται,
1323 3622 1490 3692 μηδὲν
1518 3622 1898 3694 λυμαινομένη

325 3706 598 3763 ἐντεῦθεν.
633 3709 878 3764 Μάλιστα
935 3712 992 3766 δέ
1044 3713 1141 3768 καὶ
1174 3714 1552 3786 θαυμάζεσθαι
1602 3716 1902 3788 ἀξιόχρεως

327 3801 592 3865 ποικίλως
653 3805 766 3866 τοῖς
811 3804 1152 3876 καινοτέροις
1207 3807 1582 3864 ἐπιϐάλλουσιν.
1612 3809 1903 3880 πράγμασι

329 3895 422 3946 καὶ
448 3895 540 3949 διὰ
572 3895 682 3948 τῶν
706 3897 898 3964 ἀξίων,
932 3901 1026 3951 καὶ
1056 3899 1142 3954 διὰ
1175 3898 1287 3954 τῶν
1336 3899 1572 3966 ἀναξίων
1608 3901 1758 3956 ἐστιν
1792 3900 1906 3967 ὅτε,

329 3989 519 4058 χρείας
546 3988 839 4061 καλούσης.

2009 3353 2264 3422 inquit,o
2299 3355 2482 3418 homo,
2509 3353 2662 3418 lacis,
2692 3363 2788 3407 aut
2822 3353 3076 3423 ignorare
3114 3351 3320 3406 videris
3362 3360 3413 3405 te
3449 3349 3582 3418 bap-

2008 3447 2228 3502 tismum
2249 3447 2468 3502 adiisse.
2500 3467 2520 3498 ι
2544 3449 2621 3501 Ad
2647 3447 2764 3518 ejus
2803 3447 2881 3501 rei
2915 3446 3108 3522 famam
3143 3445 3296 3500 multi
3321 3459 3582 3503 accurre-

2012 3541 2434 3606 runtmortales,
2457 3555 2690 3608 quorum
2717 3554 2861 3594 unus
2883 3538 3130 3594 Judaeum
3163 3535 3406 3602 agnovit,
3436 3535 3582 3604 quod

2009 3631 2221 3686 scilicet
2255 3642 2414 3688 antea
2442 3632 2510 3686 ab
2546 3631 2802 3701 episcopo
2831 3631 3013 3685 Attico
3046 3629 3378 3700 baptismum
3399 3641 3585 3682 susce-

2013 3723 2204 3793 pisset.
2233 3723 2353 3776 Non
2377 3722 2559 3777 obiter
2594 3723 2698 3777 hoc
2727 3721 2949 3791 quidem
2976 3721 3256 3783 recensui,
3280 3733 3472 3773 verum
3526 3727 3586 3770 ut

2015 3815 2155 3868 scire
2189 3828 2478 3882 possemus
2503 3813 2735 3882 gratiam
2771 3812 3010 3866 divinam
3035 3826 3282 3882 persaepe
3317 3813 3481 3865 etiam
3525 3826 3584 3863 se

2017 3905 2161 3976 apud
2189 3906 2446 3976 indignos
2467 3905 2752 3972 exhibere,
2779 3903 2928 3959 nullo
2957 3904 3084 3958 inde
3107 3912 3388 3959 contracto
3416 3901 3588 3957 detri-

2021 4007 2230 4053 mento.
2261 3995 2494 4052 Maxime
2539 4011 2669 4050 vero
2729 3995 2822 4048 illa
2870 3993 3233 4049 admiratiOne
3275 3993 3436 4062 digna
3482 4003 3589 4054 est,

331 4096 452 4150 quae
479 4084 558 4136 sic
584 4083 732 4138 varie
764 4084 928 4141 rebus
983 4085 1139 4142 novis
1179 4101 1238 4143 se
1301 4085 1556 4143 ostendat
1583 4103 1682 4159 per
1723 4087 1921 4160 dignos
1960 4090 2168 4148 simul:
2207 4099 2265 4146 et
2327 4088 2624 4160 aliquando
2654 4087 2842 4154 etiarn,
2892 4088 2937 4142 si
2991 4086 3096 4140 hoc
3138 4099 3270 4140 usus
3327 4086 3588 4154 postulet,

335 4190 432 4246 per
487 4175 763 4249 indignos.

918 4319 1168 4375 ΚΕΦᾹΛ.
1198 4322 1308 4375 IH'.

343 4435 544 4502 Ὅπως
595 4435 693 4490 καὶ
748 4435 818 4489 ἐν
853 4435 1113 4503 Πέρσαις
1142 4438 1175 4490 ό
1231 4435 1699 4504 Χριστιανισμίίς
1729 4434 1914 4489 ἐπλα-

413 4508 600 4572 tur-0n
631 4504 730 4560 διὰ
783 4507 890 4560 τοῦ
919 4507 1258 4560 ἐπισκόπου
1304 4507 1765 4574 Μεσοποταμίας
1796 4508 1919 4558 Μα-

409 4577 626 4646 ρουθᾶ,
665 4578 766 4630 καὶ
811 4575 989 4632 Ἀὄδᾶ
1021 4575 1128 4630 τοῦ
1159 4576 1500 4630 ἐπισκόπου
1530 4576 1846 4644 Περσίδος.

419 4693 760 4746 Κατ’ἐκείνο
789 4693 844 4746 δὲ
869 4692 1061 4764 καιροῦ
1098 4693 1380 4746 συνέϐαινε
1423 4694 1518 4746 καὶ
1554 4695 1612 4746 ἐν
1662 4694 1726 4762 τῇ
1776 4692 1919 4762 Περ-

351 4786 458 4838 σῶν
489 4786 644 4858 χώρᾳ
698 4787 779 4849 είς
839 4787 982 4856 μέγα
1010 4787 1290 4840 ἐπιδοῦναι
1335 4787 1426 4840 τὸν
1463 4786 1918 4858 Χριστιανισμόν.

364 4879 517 4932 Ἐπεὶ
551 4880 664 4949 γὰρ
717 4877 1020 4950 ἐπίτροπος
1069 4877 1398 4950 Ίσδιγέρδης
1429 4878 1698 4949 Θεοδοσίῳ
1722 4879 1786 4930 ἐκ
1813 4875 1924 4930 πα·-

351 4973 477 5042 τρδς
499 4973 716 5042 γέγονε,
735 4971 886 5041 φίλος
911 4989 969 5024 τε
989 4969 1058 5024 τὰ
1078 4971 1316 5039 μάλιστα
1343 4970 1632 5039 Ῥωμαίοις
1655 4971 1922 5040 κατέστηο

358 5065 454 5120 καὶ
505 5067 752 5136 συνεχεῖς
802 5065 976 5120 αἰτίαι
1030 5065 1312 5134 γεγόνασι,
1343 5064 1410 5118 δι’
1461 5063 1527 5126 ἃς
1559 5064 1654 5117 καὶ
1719 5065 1926 5131 μεταξὺ

2587 4318 2815 4375 CAPUT
2839 4316 3025 4372 XVIII.

2031 4437 2094 4493 Ut
2127 4442 2285 4507 etiam
2311 4434 2453 4507 apud
2486 4433 2679 4507 Persas
2706 4429 3138 4507 Christiquismus
3159 4431 3224 4507 sit
3251 4438 3597 4507 propagatus,

2099 4524 2190 4570 per
2225 4499 2535 4560 Mar'utham
2577 4503 2997 4571 Mesopotamiae,
3029 4507 3080 4552 et
3105 4501 3307 4553 Abdum
3340 4499 3596 4563 Persidis,

1953 4618 1997 4674 Β
2096 4578 2380 4648 episcopos.

2097 4691 2298 4744 Eodem
2324 4699 2566 4758 tempore
2597 4689 2651 4742 in
2682 4688 2968 4742 Persarum
2989 4699 3207 4756 quoque
3238 4684 3458 4754 regione
3497 4697 3604 4733 ma-

2025 4799 2128 4852 gna
2160 4781 2615 4838 Christianismus
2631 4781 2776 4851 cepit
2807 4781 3167 4836 incrementa.
3193 4776 3330 4832 Cum
3359 4788 3600 4841 namque

2027 4875 2336 4946 Isdigerdes
2358 4875 2653 4931 Theodosii
2679 4890 2708 4928 a
2731 4883 2886 4944 patre
2914 4873 3196 4926 institutus
3222 4878 3388 4929 tutor,
3416 4877 3468 4920 et
3489 4866 3600 4918 lto-

2031 4967 2210 5021 manis
2241 4966 2454 5021 amicus
2509 4966 2742 5019 maxime
2773 4973 2937 5026 esset,
3001 4962 3318 5030 frequentes
3343 4958 3603 5011 exstitere

2035 5074 2238 5124 causae,
2268 5058 2629 5128 quamobrem
2661 5057 2802 5108 inter
2836 5053 3112 5106 Romanos
3137 5058 3193 5103 et
3257 5047 3454 5102 Persas
3482 5061 3607 5100 cre-

2037 5153 2148 5205 brae
2176 5151 2318 5204 ultro
2341 5152 2592 5217 citroque
2624 5147 2977 5201 mitterentur
3027 5140 3353 5210 legationes.
3416 5139 3605 5205 Itaque

2039 5243 2364 5298 necessitate
2402 5240 2698 5310 ﬂagitante,
2742 5235 3022 5290 Maruthas
3053 5245 3272 5302 quoque
3303 5229 3608 5296 Mesopota-

2041 5334 2161 5388 miae
2186 5331 2501 5400 epise0pus,
2531 5341 2694 5396 quem
2731 5323 2892 5393 paulo
2918 5331 3046 5376 ante
3075 5315 3262 5390 Cyrini
3307 5314 3609 5371 Chalcedo-

2040 5423 2228 5480 nensis
2252 5418 2494 5488 episcOpi
2521 5416 2715 5487 pedem
2742 5411 3064 5483 protrivissc
3098 5407 3362 5467 diximus,
3424 5413 3614 5458 orator

2040 5521 2206 5566 eoest
2230 5511 2455 5564 missus.
2497 5508 2564 5562 Et
2619 5515 2906 5575 postquam
2969 5501 3015 5554 is
3085 5498 3148 5551 ad
3191 5497 3384 5552 Persas
3440 5494 3611 5556 venit,

2040 5604 2316 5676 propalam
2354 5617 2446 5656 rex
2495 5615 2620 5654 cum
2673 5599 2728 5651 in
2760 5608 2956 5666 magno
3017 5591 3209 5646 habuit
3262 5589 3496 5651 honore,
3557 5594 3619 5641 ut.

2041 5699 2218 5752 virum
2270 5696 2380 5750 Deo
2409 5693 2638 5748 charum
2699 5698 2754 5744 ct
2810 5688 2979 5742 multa
3031 5687 3233 5756 pietate
3297 5683 3614 5755 praeditum.

2043 5787 2180 5859 Magi
2208 5787 2297 5840 ubi
2319 5794 2527 5838 tantum
2548 5782 2811 5836 honorem
2835 5781 3090 5834 Romana:
3115 5776 3338 5832 dit?onis
3359 5773 3617 5844 episeopo

2047 5880 2238 5937 haberi
2275 5877 2552 5943 viderunt,
2583 5876 2674 5944 qui
2704 5873 3001 5943 plurimum
3033 5871 3176 5941 apud
3228 5883 3406 5938 regem
3431 5870 3620 5918 aucto-

368 5157 660 5227 Ῥωμαίων
701 5159 794 5210 καὶ
845 5157 1073 5228 Περσῶν
1100 5159 1313 5221 πυκνὰς
1357 5157 1644 5210 συνέϐαινε
1678 5155 1929 5225 γίνεσθαι

355 5249 454 5314 τὰς
483 5249 805 5319 πρεσϐείας.
840 5249 1045 5319 Χρείας
1079 5251 1261 5302 τοίνυν
1287 5249 1596 5316 ἀναγκαίας
1633 5247 1927 5314 καλούσης,

359 5345 452 5396 καὶ
505 5343 806 5412 Μαρουθᾶς
837 5343 864 5394 ὁ
894 5341 1325 5411 Μεσοποταμίας
1377 5340 1670 5404 ἐπίσκοπος
1701 5340 1932 5410 πρέσὸις

362 5435 676 5504 ἐπέμπετο·
719 5434 778 5488 ὃν
844 5435 942 5505 ἤδη
993 5433 1204 5503 ἔφημεν
1263 5433 1370 5503 πρὸ
1422 5414 1645 5502 μικροῦ,
1694 5432 1933 5502 Κυρίνου

365 5527 458 5580 τοῦ
489 5527 792 5582 ἐπισκῦπον
831 5527 1171 5595 Χαλκηδόνος
1196 5526 1442 5594 πατῆσαι
1472 5525 1562 5579 τὸν
1599 5525 1758 5578 πόδα.
1779 5523 1935 5576 Ἐπεὶ

367 5621 417 5674 δὲ
441 5615 567 5693 ἧκε,
594 5619 911 5689 περιφανῶς
944 5620 972 5670 ὁ
1017 5617 1232 5689 Πέρσης
1279 5617 1368 5670 διὰ
1398 5616 1600 5687 πολλῆς
1629 5613 1733 5686 ἦγε
1768 5617 1936 5684 τιμῆς

368 5715 688 5782 Μαρουθᾶν,
716 5708 913 5780 οἷάπερ
940 5711 1110 5782 ἄνδρα
1142 5709 1365 5780 θεοφιλῆ
1411 5711 1504 5762 καὶ
1544 5709 1744 5778 πολλῆς
1775 5708 1936 5759 εὐλα-

374 5806 523 5868 ϐείας
555 5805 1022 5870 ἀντιπιιούμενον.
1077 5802 1140 5856 Ol
1170 5803 1226 5855 δὲ
1263 5802 1444 5868 Μάγοι
1480 5800 1750 5866 τοσαύτην
1771 5799 1939 5868 ὀρῶν-

371 5916 458 5963 τες
487 5899 652 5968 τιμὴν
699 5897 826 5966 περὶ
879 5898 970 5952 τὸν
1009 5895 1291 5966 Ῥωμαίων
1343 5893 1639 5946 ἐπίσκοποι
1677 5890 1939 5956 (πλεῖστα
