4006 6572
485 416 615 487 iiii
710 438 725 445 '

1661 417 2101 482 lNiCEi‘IlORl
2148 421 2492 481 C.\LLISTI

3567 420 3693 489 1112

484 534 645 588 ritate
676 532 878 597 valent,
910 528 1053 601 apud
1076 531 1285 603 seipsos
1310 533 1747 597 macerabantur,
1770 534 2042 604 variisque

2153 533 2190 585 δ’
2222 533 2365 586 οὗτοι
2396 534 2542 602 παρὰ
2576 530 2647 602 τῷ
2681 531 2829 598 σφῶν
2857 531 3102 601 ἰσχύουσι
3135 530 3345 598 βασιλεῖ
3367 532 3407 601 ),
3446 533 3560 587 καθ’
3583 538 3692 591 seu.

482 622 907 695 cegitatiOnibus
931 623 1262 690 aastuabant,
1292 640 1359 679 ne
1387 640 1491 678 una
1526 640 1649 679 cum
1673 640 1735 680 ea
1759 642 1862 696 qua
1889 626 2041 680 illum

484 714 915 783 prosequebatur
958 712 1275 778 affectione,
1308 715 1625 785 religionem
1678 730 1895 784 quoque
1927 716 2047 786 ejus

482 805 963 875 complecteretur,
991 814 1316 861 metuentes.
1345 806 1478 861 Nam
1500 806 1694 875 capitis
1710 822 1929 877 quoque
1946 810 2045 862 do-

486 897 654 951 lorem
672 912 891 967 gravem
924 905 981 951 et
1003 898 1790 968 diuturnumgquolailigertles
1819 900 2047 955 amictus

484 987 684 1051 fuerat,
738 988 1019 1043 Maruthas
1070 990 1402 1059 precatione,
1453 990 1563 1045 Deo
1588 1001 1832 1057 exorato,
1858 995 2043 1047 statim

483 1089 804 1135 curaverat:
835 1080 997 1153 573
1048 1081 1191 1151 quod
1250 1083 1385 1152 Magi
1446 1098 1569 1138 eum
1613 1084 1794 1139 omnia
1841 1094 2045 1141 tentas-

482 1178 627 1233 sent,
678 1180 845 1239 atque
895 1173 1169 1239 egissent,
1205 1173 1418 1227 elliccre
1482 1190 1540 1229 se
1583 1189 1740 1244 posse
1792 1176 2047 1246 despera-

485 1269 695 1316 verant.
751 1260 1101 1333 Quapropter
1155 1263 1283 1318 dolo
1334 1280 1516 1335 regem
1569 1266 1789 1337 aggredi
1839 1276 2045 1324 statue—

489 1360 633 1405 runt.
660 1351 1115 1424 Quandoquidem
1179 1354 1357 1411 Persa:
1381 1358 1556 1427 ignem
1590 1367 1845 1429 tanquam
1878 1360 2044 1415 Deum

485 1441 695 1505 colunt,
747 1455 804 1499 et
859 1460 1046 1516 magos
1075 1461 1169 1501 eos
1230 1447 1502 1517 appellant
1531 1448 1623 1517 qui
1675 1450 1937 1505 elementa
1992 1453 2046 1505 in

489 1549 780 1589 numerum
812 1536 1042 1592 deorum
1070 1538 1335 1604 referunt,
1366 1546 1421 1593 et
1444 1554 1534 1593 rex
1561 1556 1623 1594 ex
1652 1544 2049 1598 consuetudine

488 1632 813 1691 perpetuum
883 1625 1063 1696 ignem
1121 1628 1390 1692 adoravit,
1430 1629 1607 1683 virum
1636 1632 1927 1700 quemdam
1991 1636 2047 1690 in

486 1716 684 1770 fossam
707 1719 811 1773 sub
841 1732 982 1776 terra
1003 1736 1071 1779 eo
1095 1732 1340 1794 tempore
1357 1742 1465 1795 quo
1498 1743 1591 1782 rex
1622 1727 1882 1781 advenire
1914 1728 2045 1781 soli-

487 1814 573 1860 tus
626 1818 744 1863 crat
769 1810 1135 1877 demiserunt,
1184 1830 1417 1886 eumque
1476 1818 1641 1873 verba
1732 1819 1848 1873 haec
1908 1819 2044 1890 Magi

486 1898 827 1966 proclamare
874 1903 1161 1974 jusserunt

483 2005 645 2058 quem
704 1992 848 2049 Deus
914 1996 1142 2066 impium
1192 2000 1488 2069 judicaret,
1559 2002 1702 2071 Quod
1763 2011 2048 2069 tantopere

483 2082 803 2153 t-piscOpum
846 2086 1285 2144 Christianorum
1315 2092 1424 2146 Deo
1460 2093 1687 2146 charum
1708 2092 2045 2156 existimans,

485 2186 719 2227 amaret.
752 2193 771 2225 ι
808 2174 962 2241 Quod
1000 2178 1093 2232 ubi
1126 2179 1287 2234 Persa
1337 2180 1567 2243 audivit,
1605 2181 1911 2237 Marutham
1948 2183 2049 2237 ho-

488 2273 640 2320 neste
692 2266 911 2337 quidem
983 2278 1040 2325 et
1092 2281 1426 2337 reverenter,
1476 2273 1702 2328 omnino
1728 2282 2049 2334 tamenase

489 2358 773 2427 rejiciendi
809 2361 1097 2417 consilium
1124 2364 1289 2434 cepit.
1336 2366 1616 2422 Maruthas
1657 2382 1757 2438 pro
1785 2382 1887 2424 suo
1922 2384 2050 2439 erga

491 2450 658 2504 Deum
722 2466 910 2507 amore
959 2456 1374 2523 precationibus
1407 2458 1783 2515 vehementius
1834 2462 2049 2515 incum-

490 2541 643 2606 bens,
688 2543 943 2611 perfacile
996 2544 1286 2602 Persarum
1335 2548 1519 2604 dolum
1576 2552 1802 2606 edoctus
1857 2562 1968 2607 est:
1997 2564 2049 2608 et

486 2630 817 2703 lsdigerdem
860 2636 1049 2692 adiens
1076 2653 1092 2691 :
1130 2656 1148 2689 ι
1181 2639 1260 2694 Ne
1292 2639 1366 2695 ita
1399 2640 1529 2696 illud
1574 2642 1695 2708 tibi,
1720 2643 1816 2708 ait,
1842 2654 2047 2714 patere,

488 2741 523 2779 o
546 2741 662 2782 rex.
697 2726 803 2783 Sed
835 2730 1134 2787 sacrarium
1158 2732 1461 2803 ingressus,
1490 2749 1613 2790 eum
1644 2736 1710 2791 ad
1737 2744 1790 2790 te
1822 2737 2050 2806 perferri

488 2834 676 2875 vocem
697 2821 961 2887 senseris,
994 2824 1161 2879 οσοᾶί
1198 2827 1629 2897 terramjubeto,
1653 2836 1709 2882 et
1740 2828 1899 2883 dolus
1935 2829 2051 2898 ipse

486 2914 674 2968 statim
727 2915 955 2984 patebit.
1016 2916 1161 2988 Ignis
1205 2920 1351 2975 enim
1396 2935 1588 2975 vocem
1623 2920 1808 2986 edere,
1844 2930 1903 2974 ut
1956 2921 2048 2989 qui

492 3004 823 3063 inanimatus
884 3008 975 3073 sit,
1003 3010 1428 3081 haudquaquam
1461 3019 1638 3078 potest
1670 3028 1683 3065 :
1739 3010 1831 3064 sed
1863 3010 2052 3064 fraude

492 3103 727 3152 humana
789 3100 969 3155 fabula
1001 3102 1116 3156 haec
1138 3103 1387 3158 instituta
1421 3111 1524 3157 est.
1556 3121 1574 3154 ι
1617 3104 1730 3158 Rex
1755 3103 1938 3158 verbis
1969 3107 2051 3157 eis

488 3191 832 3260 obsequitur.
854 3194 1033 3263 Atque
1058 3193 1150 3248 ubi
1186 3209 1403 3247 rursum
1436 3194 1490 3248 in
1520 3192 1804 3249 aediculam
1844 3209 1962 3248 eam
1994 3195 2046 3248 in

492 3296 599 3351 qua
662 3292 961 3353 perpetuus
1014 3284 1156 3355 ignis
1196 3286 1602 3350 asservabatur,
1650 3284 1951 3356 ingressus,
1995 3293 2048 3338 et

487 3375 678 3430 eadem
699 3389 803 3429 vox
829 3375 896 3429 ad
923 3389 1051 3429 eum
1070 3374 1247 3430 delata
1271 3383 1375 3441 est,
1415 3374 1565 3431 illico
1596 3374 1762 3430 eﬂ‘odi
1811 3388 1937 3429 eum
1975 3375 2051 3428 io-

487 3483 613 3522 cum
667 3466 846 3537 jubct,
877 3468 1042 3538 etqui
1097 3471 1202 3524 sub
1237 3477 1382 3523 terra
1409 3468 1571 3522 deum
1596 3481 1654 3522 se
1697 3467 2055 3523 assimulave-

488 3571 594 3624 rat,
612 3561 858 3616 mortalis
872 3576 994 3616 esse
1017 3560 1470 3630 deprehenditur.
1492 3560 1677 3628 Itaque
1704 3559 1785 3613 ira
1811 3561 2053 3629 percitus

487 3650 675 3713 Persa,
725 3664 1008 3720 magorum
1050 3666 1222 3719 genus
1259 3648 1568 3704 decimavit.
1588 3648 1703 3714 Qua
1727 3664 1784 3702 re
1810 3657 1884 3702 ita
1910 3658 2051 3710 aeta,

489 3741 749 3797 Maruthae
777 3751 1111 3812 praeceptum
1138 3752 1244 3804 est,
1276 3750 1683 3810 utquocuuque
1712 3740 1877 3794 vellet
1908 3740 2051 3802 loco,

488 3837 542 3888 in
614 3834 907 3889 Persarum
958 3843 1098 3887 terra
1151 3834 1437 3888 ecclesiam
1504 3842 1834 3888 exstrueret.
1898 3831 2053 3887 Unde

487 3929 940 3984 Christianismus
965 3928 1018 3982 in
1049 3927 1191 3991 dics.
1214 3926 1811 3998 propemodum,etiam
1836 3926 1890 3981 in
1919 3927 2053 3981 Per-

489 4038 672 4077 sarum
708 4020 907 4079 finibus
944 4022 1113 4078 libere
1174 4032 1506 4093 prapagatus
1545 4030 1649 4077 est.
1677 4020 2056 4075 Maruthasle-

489 4118 709 4182 gatione
724 4131 791 4172 eo
822 4125 1069 4182 tempore
1102 4125 1250 4170 recte
1278 4113 1548 4177 confecta,
1588 4112 2055 4181 Constantinopo-

488 4210 583 4264 lim
606 4219 692 4265 est
724 4222 1002 4264 reversus.
1038 4206 1103 4260 Et
1140 4221 1263 4262 cum
1294 4208 1494 4261 iterum
1517 4214 1792 4260 oratorem
1843 4205 1897 4260 in
1928 4205 2057 4259 Per-

490 4302 666 4357 sidem
698 4301 837 4357 mitti
861 4308 1161 4370 oporteret,
1189 4298 1372 4354 denuo
1394 4298 1721 4366 legationem
1741 4312 1861 4353 eam
1895 4295 2053 4353 obiit.

489 4394 625 4467 Magi
642 4403 822 4450 autem
846 4393 989 4449 idem
1012 4391 1160 4463 quod
1181 4401 1338 4447 antea
1362 4389 1746 4455 moliebantur,
1768 4388 1873 4443 hoc
1898 4404 2058 4459 agen-

492 4496 597 4552 tes,
614 4495 673 4544 ut
690 4501 757 4542 ne
774 4501 865 4541 rex
883 4499 949 4540 eo
966 4482 1127 4543 sicuti
1143 4483 1297 4553 prius
1314 4492 1748 4545 uteretur,neve,
1767 4481 1907 4551 apud
1924 4496 2049 4535 eum

2151 626 2279 686 τοὺς
2323 622 2698 688 ὑπεκνίζοντο,
2749 624 2842 676 καλ⁵
2889 623 3189 693 ἀνωμάλως
3244 622 3391 693 εἶχον
3428 625 3534 678 τῶν
3557 626 3691 696 λογιο

2154 716 2330 786 σμῶν,
2360 716 2659 778 δεδοικότες
2690 716 2765 788 μὴ
2788 719 2851 786 τῇ
2880 718 3016 784 πρὸς
3046 717 3249 768 ἐκεῖνον
3298 721 3495 788 στοργῇ
3531 720 3614 772 καὶ
3641 722 3693 776 τδ

2152 806 2362 860 ἐκείνου
2405 806 2569 869 σέϐας
2626 807 2969 876 ἀσπάσηται.
3026 806 3137 859 Καὶ
3183 808 3290 874 γὰρ
3349 810 3439 860 καὶ
3476 810 3693 877 κεφαλῆς

2153 897 2314 965 ἄλγος
2338 898 2553 969 χρόνιον
2590 898 2682 949 καλ⁵
2732 897 2924 959 δεινῶς
2966 896 3153 961 πιέζον
3196 896 3541 967 Ὶσδιγέρδην,
3585 901 3692 953 Μα-

2157 988 2353 1059 ρουθᾶς
2408 988 2596 1059 εὐχαῖς
2641 989 2702 1042 τδ
2736 989 2884 1042 θεῖον
2938 989 3289 1053 ἐκδυσωπῶν,
3342 990 3498 1051 εὐθὺς
3525 990 3691 1062 saepe.

2153 1096 2353 1132 πευενθ
2409 1080 2436 1133 6
2490 1080 2672 1149 Μάγοι
2733 1080 2914 1133 πάντα
2976 1080 3288 1150 πράξαντες
3348 1080 3691 1150 ἀπηγόρευον.

2167 1171 2379 1245 ’Δπάτῃ
2446 1171 2575 1240 γοῦν
2640 1172 2918 1242 μετελθεῖν
2978 1172 3281 1241 ἐπειρῶντο
3323 1172 3414 1223 τὸν
3468 1171 3691 1240 βασιλέα.

2165 1266 2317 1319 Ἐπεὶ
2346 1264 2479 1335 γοῦν
2502 1266 2551 1318 οἱ
2580 1266 2791 1336 Πέρσαι
2825 1265 2885 1319 τὸ
2910 1264 3021 1335 πῦρ
3050 1264 3122 1327 ὡς
3148 1265 3352 1317 ἐπίπαν
3374 1264 3692 1335 λατρεύουει,

2154 1354 2249 1408 καὶ
2271 1354 2483 1425 μάγους
2509 1355 2754 1417 ἐκείνους
2780 1354 3044 1408 καλοῦσιν
3069 1356 3118 1408 οῖ
3144 1355 3213 1407 τά
3244 1357 3482 1423 στοιχεῖα
3511 1356 3693 1424 μᾶλλον

2155 1447 2522 1500 θεοποιοῦσιν·
2552 1447 2742 1508 εἰωθὸς
2766 1447 2811 1499 δ’
2841 1442 2909 1517 ἦν
2940 1446 3152 1517 βασιλεῖ
3170 1446 3230 1498 τὸ
3265 1447 3521 1515 διηνεκῶς
3558 1448 3693 1499 καιό-

2158 1555 2317 1607 μενον
2350 1539 2462 1608 πῦρ
2496 1541 2851 1607 προσκυνεῖν,
2883 1538 3056 1608 ἄνδρα
3076 1538 3200 1591 τινὰ
3229 1538 3334 1591 ὑπὸ
3363 1538 3462 1607 γῆν
3489 1539 3693 1605 κατορύο

2157 1630 2362 1695 ξαντες,
2383 1625 2425 1699 ᾧ
2448 1631 2629 1684 εἰώθει
2651 1632 2857 1694 ἐκεῖνος
2874 1630 3056 1702 καιρῷ
3081 1630 3361 1702 ἔρχεσθαι,
3385 1631 3693 1699 φθέγγεσθαι

2156 1724 2495 1793 παρηγγύων
2546 1726 2594 1778 οί
2650 1725 2847 1795 μάγοιο
2891 1743 2911 1777 ι
2951 1725 3096 1791 Ἐξω
3144 1724 3327 1796 θυρῶν
3375 1724 3692 1794 τὸνβασιλέα

2155 1816 2352 1886 χρῆναι
2387 1817 2665 1885 γενέσθαι,
2720 1818 2896 1883 ἀσεδῆ
2958 1818 3067 1888 γὰρ
3102 1817 3180 1887 τῷ
3228 1818 3358 1888 θείῳ
3410 1818 3693 1887 κρίνεσθαι,

1213 1923 1229 1961 :
1278 1908 1482 1963 «Exire
1537 1917 1791 1979 oportere
1864 1926 2046 1980 regem

2153 1909 2344 1979 ὅτιπερ
2397 1907 2485 1961 οἷα
2534 1909 2758 1980 θεοφιλῆ
2786 1912 2879 1964 τὸν
2906 1913 3055 1979 ἱερέα
3085 1912 3432 1979 Χριστιανῶν
3480 1914 3693 1981 νομίζων

2151 1999 2519 2071 διαφερόντως
2551 2002 2757 2071 φιλοίη.
2812 2021 2831 2055 ι
2879 2005 2943 2057 ’0
2976 2003 3093 2073 δῆτ’
3149 2003 3397 2065 ἀκούσας
3419 2005 3447 2057 6
3477 2004 3691 2075 Πέρσης,

2151 2091 2468 2146 ἐδουλεύετο
2515 2093 2608 2147 τὸν
2659 2095 2984 2165 Μαρουθᾶν,
3040 2096 3183 2150 αίδοῖ
3225 2098 3347 2166 μὲν,
3372 2099 3519 2166 ὅμως
3538 2097 3579 2150 δ’
3608 2096 3693 2152 οὖν

2149 2182 2244 2251 ἀφ’
2273 2183 2469 2239 ἐαυτοῦ
2513 2185 2755 2257 βάλλειν.
2795 2186 2856 2241 '0
2886 2187 2944 2242 δέ
2991 2189 3295 2258 Μαρουθᾶς
3320 2188 3393 2259 τῷ
3425 2190 3551 2261 πρὸς
3574 2191 3691 2243 Θεὸν

2151 2273 2360 2347 φίλτρῳ
2412 2278 2535 2341 ταῖς
2588 2280 2776 2349 εὐχαῖς
2824 2279 2971 2351 μάλα
3030 2282 3455 2352 προσκείμενος,
3516 2283 3694 2354 ῥᾳδίως

2152 2364 2375 2433 ἐμυεῖτο
2411 2366 2536 2420 ὅθεν
2588 2370 2618 2422 6
2657 2368 2815 2434 δόλος
2868 2372 2980 2434 τοῖς
3036 2373 3281 2442 Πέρσαις
3325 2373 3566 2441 ἐγένετοο
3612 2376 3693 2427 καὶ

2152 2455 2394 2527 προσιὼν
2429 2457 2751 2531 ἰσδιγέρδῃ,
2783 2480 2802 2512 ι
2842 2461 2934 2531 Μὴ
2963 2462 3108 2516 οὕτω
3154 2465 3374 2529 παίζου,
3429 2465 3577 2535 φησὶ,
3609 2466 3693 2535 βα-

2154 2549 2331 2603 σιλεῦ’
2357 2549 2471 2603 ἀλλ’
2505 2553 2710 2615 είσιὼν,
2744 2555 2832 2606 ὅτε
2875 2571 2955 2607 σοι
2982 2559 3444 2624 προσυπαντῆσαι
3476 2558 3567 2626 τὴν
3595 2574 3692 2625 φωο

2152 2642 2250 2712 νὴν
2284 2641 2513 2708 αἴσθοιο,
2551 2644 2822 2714 ὑπορύξαι
2852 2646 3099 2701 κάτωθεν
3128 2647 3324 2701 κέλευε
3346 2665 3361 2679 ·
3392 2651 3478 2702 καὶ
3505 2652 3531 2705 6
3559 2650 3690 2712 δόλος

2155 2734 2445 2805 πρόχειρος
2498 2734 2654 2791 ἔσται
2707 2738 3053 2808 φαινόμενος.
3099 2740 3172 2793 Τὸ
3202 2743 3313 2813 γάρ
3347 2742 3455 2812 πῦρ
3484 2742 3693 2811 φθέγγε-

2154 2829 2276 2882 σθαι
2307 2829 2557 2900 οὐδαμῶς
2588 2829 2704 2883 ἐστι
2730 2845 2743 2859 ·
2777 2830 2896 2894 πῶς
2945 2831 3077 2902 γάρ,
3127 2831 3449 2902 ἄψυχονδνς
3481 2833 3588 2887 ἀλλ’
3614 2837 3692 2889 ἀν-

2153 2919 2398 2989 θρωπίνη
2436 2919 2597 2992 τέχνη
2626 2920 2782 2973 τοῦτο
2804 2922 3234 2992 δριματουργεῖ.
3270 2942 3287 2976 ι
3316 2925 3564 2978 Πείθεται
3594 2928 3692 2986 τοῖς

2155 3011 2397 3081 ῥήμασιν
2466 3011 2817 3083 Ίσδιγὲρδης.
2870 3013 3022 3067 Ἐπεὶ
3081 3015 3266 3069 δὲκαὶ
3310 3015 3467 3080 αὖθις
3517 3018 3591 3078 εἰς
3613 3018 3691 3069 τὸν

2152 3096 2394 3151 οἰκίσκον
2426 3097 2623 3169 εἰσῄει,
2678 3099 2809 3153 ἔνθα
2844 3099 2905 3154 τὸ
2935 3100 3200 3157 ἄσϐεστον
3237 3104 3350 3175 πῦρ
3378 3106 3692 3176 ἐφρουρεῖτο,

2079 3224 2123 3284 c
2156 3192 2252 3245 καὶ
2303 3190 2403 3261 τῆς
2438 3193 2562 3263 ίσης
2603 3192 2917 3265 μετειλήχει
2950 3196 3153 3266 φωνῆς,
3202 3197 3405 3253 αὐτίκα
3432 3199 3520 3251 τὸν
3550 3198 3691 3251 τόπον

2155 3285 2402 3355 ὀρύττειν
2425 3286 2643 3341 ἐκέλευε
2670 3302 2683 3319 ·
2719 3289 2813 3340 καὶ
2837 3290 2865 3341 6
2893 3289 3139 3342 κάτωθεν
3175 3289 3299 3353 θεὸς
3323 3284 3461 3344 εἶναι
3486 3289 3692 3355 ὑποκρι-

2154 3377 2373 3446 νόμενος
2398 3377 2688 3449 ἄνθρωπος
2713 3376 2853 3433 εῖναι
2912 3380 3195 3452 ἠλέγχετο.
3256 3380 3553 3453 Περιοργης
3610 3375 3691 3433 οὖν

2152 3470 2441 3539 γενόμενος
2460 3471 2551 3525 διὰ
2578 3472 2740 3526 τοῦτο
2768 3475 2796 3527 6
2832 3473 3068 3544 Πέρσης,
3104 3475 3164 3526 τὸ
3188 3474 3300 3527 τῶν
3334 3474 3520 3543 μάγων
3551 3474 3693 3540 γένος

2152 3560 2591 3618 ἀπεδεκάτωσεν.
2622 3557 2701 3618 υἷι
2731 3564 3056 3634 γενομένου.
3091 3565 3365 3636 Magoni);
3394 3564 3690 3629 ἐνετέλλετο,

2152 3654 2275 3706 ὅποι
2303 3653 2367 3723 δὴ
2394 3653 2704 3726 βουλομένῳ
2736 3656 2823 3726 είη
2855 3657 2953 3722 τῆς
2994 3656 3224 3727 Περσῶν
3270 3658 3395 3726 γῆς,
3426 3655 3691 3725 ἐκκλησίαν

2154 3745 2461 3816 ἐξανιστᾷν.
2493 3748 2854 3802 Κάντεῦθενδ
2901 3750 3345 3819 Χριστιανισμθις
3396 3749 3691 3819 καθημέραν

2152 3833 2229 3897 ὼς
2262 3837 2437 3890 εἰπεῖν
2470 3838 2565 3891 καὶ
2599 3839 2750 3910 παρὰ
2771 3840 2885 3900 τοῖς
2913 3838 3136 3908 Περσῶν
3159 3841 3331 3912 ὁρίοις
3354 3839 3518 3901 ἀδεῶς
3551 3837 3693 3892 ἐπλα-

2152 3926 2361 3984 τύνετο.
2420 3930 2529 3983 Καὶ
2583 3930 2614 3983 δ
2646 3931 2748 4000 μὲν
2802 3931 3116 3999 Μαρουθᾶς,
3173 3932 3297 3985 τότε
3326 3932 3423 4001 μὲν
3453 3932 3541 4001 τῆς
3574 3946 3693 4000 πρε·

2157 4021 2340 4085 σὸείας
2388 4026 2439 4075 οῑ
2472 4022 2821 4093 τελεσθείσης
2878 4024 2965 4093 ἐφ’
3013 4020 3057 4092 ᾧ
3086 4026 3443 4094 παρεγένετο,
3494 4025 3581 4077 ἐπὶ
3607 4025 3693 4091 τὴν

2156 4114 2572 4170 Κωνσταντίνου
2625 4116 2940 4187 ὑπέστρεφε
2960 4133 2974 4149 ·
3026 4117 3226 4186 δεῆσαν
3251 4117 3309 4170 δέ
3338 4118 3497 4171 πάλιν
3521 4116 3692 4181 ἐλθεῖν,

2156 4204 2534 4275 ἀντεπὲμπετο
2557 4205 2859 4275 πρεσϐείαν
2889 4206 3166 4277 πράττων.
3200 4208 3345 4261 01δέ
3378 4209 3536 4277 μάγοι
3557 4201 3694 4266 αὖθις

2155 4296 2225 4349 τά
2259 4295 2351 4349 ῐσα
2378 4296 2783 4367 σκευωροῦντες
2808 4292 2968 4367 ἦσαν,
3002 4297 3419 4365 οἰκονομοῦντες
3446 4297 3515 4358 ὠς
3547 4296 3607 4349 ἂν
3629 4296 3693 4363 μὴ

2156 4387 2356 4458 ἐπίσης
2377 4387 2528 4459 αὐτῷ
2557 4388 2737 4459 χρῷτο
2761 4391 2789 4443 6
2829 4390 3107 4459 βασιλεὺς,
3131 4391 3233 4443 ὅσα
3262 4405 3331 4458 γε
3356 4391 3420 4443 τὰ
3443 4390 3499 4450 ἐς
3525 4387 3693 4455 τιμήν.

2161 4479 2267 4532 Καὶ
2290 4479 2356 4550 δὴ
2384 4481 2600 4550 μηχανῇ
2635 4497 2742 4533 τινι
2766 4480 3044 4551 ἀφόρητόν
3073 4498 3197 4535 τινα
3233 4481 3526 4551 δυσοδμίαν
3551 4478 3694 4546 ἐνήρ-

494 4582 551 4634 in
579 4586 729 4632 tanto
758 4588 906 4632 esset
925 4575 1153 4630 honore.
1189 4574 1257 4628 Et
1292 4582 1407 4627 arte
1449 4583 1612 4641 atque
1654 4572 2050 4631 machinatione

2159 4586 2314 4634 γουν,
2350 4569 2476 4625 ὅθεν
2504 4570 2696 4634 εἰωθὸς
2730 4567 2798 4642 ἦν
2845 4570 3041 4640 ἐκείνῳ
3085 4572 3421 4642 διέρχεσθαι.
3454 4572 3553 4623 Καὶ
3581 4569 3696 4637 aug.-

493 4666 731 4737 qnadam
757 4681 825 4721 eo
853 4665 973 4719 loco
997 4662 1402 4725 intolerandum
1434 4664 1751 4728 excitarunt
1775 4662 2050 4727 fauorem,

490 4775 600 4830 quo
630 4774 723 4814 rex
756 4771 909 4813 more
938 4770 1038 4811 suo
1068 4754 1489 4813 deambulabat:
1514 4765 1680 4823 atque
1709 4755 1932 4823 insuper
1963 4768 2056 4808 ca-

489 4850 754 4910 lumniam
783 4846 1185 4909 confinxerunt,
1231 4844 1483 4900 [datorem
1541 4859 1664 4898 eum
1700 4859 1729 4897 a
1756 4842 2055 4899 Christiani

491 4939 735 5010 episcopi
766 4937 1061 4995 comitibus
1085 4950 1203 4995 esse
1254 4934 1636 4993 subornatum.
1670 4933 1836 5007 474
1895 4933 2056 4988 Prin-

493 5048 623 5103 eeps
670 5046 801 5087 vero
854 5029 1054 5100 Magos,
1091 5044 1157 5083 ex
1179 5042 1247 5082 eo
1273 5027 1419 5098 quod
1442 5039 1599 5081 antea
1629 5025 1873 5082 fecerant
1910 5024 2058 5094 judi-

492 5140 642 5191 cans,
669 5133 723 5179 et
753 5137 941 5182 eorum
970 5136 1186 5191 quoque
1215 5120 1267 5174 id
1299 5120 1579 5174 inventum
1604 5133 1723 5173 esse
1773 5126 2057 5186 suspectos

494 5217 724 5280 habens,
776 5213 962 5270 studio
1009 5213 1156 5267 omni
1180 5220 1430 5268 auctores
1474 5211 1591 5281 ejus
1622 5210 1696 5264 rei
1749 5209 2055 5279 inquisivit.

498 5308 600 5362 libi
669 5306 748 5361 illi
799 5320 1018 5359 rursum
1074 5304 1299 5375 pessimi
1349 5303 1498 5359 illius
1528 5301 1713 5358 odoris
1752 5313 2056 5375 patratores

492 5414 615 5455 esse
667 5398 933 5469 comperti
974 5407 1126 5464 sunt,
1186 5396 1489 5467 permultos
1542 5395 1725 5450 denuo
1767 5395 2055 5465 suppliciis

496 5491 740 5548 subdidit
767 5508 782 5543 :
814 5490 1119 5544 Marutham
1157 5499 1338 5545 autem
1370 5489 1575 5559 majore
1598 5488 1762 5542 etiam
1791 5502 2055 5568 prosecu-

495 5596 585 5643 tus
608 5591 694 5638 est
718 5582 946 5641 honore.
978 5581 1320 5650 Proindeque
1337 5579 1611 5633 Romanos
1638 5580 1850 5645 dilexit,
1879 5589 1935 5635 et
1954 5578 2057 5633 ιιιὶ-

493 5677 644 5733 vitice
701 5675 995 5731 amicitiam
1051 5689 1240 5730 eorum
1272 5672 1460 5729 coluit.
1494 5672 1818 5739 Quinetiam
1869 5688 2057 5727 amore

491 5769 878 5843 desiderioque
897 5768 1100 5841 ingenti
1127 5766 1325 5825 ductus
1346 5766 1692 5825 Christianus
1713 5765 1826 5822 fieri
1860 5764 2056 5833 voluit,

2160 4658 2457 4726 ῥίπτοντες
2491 4660 2547 4711 ἐν
2576 4658 2853 4722 διαὸολαῖς
2883 4655 3046 4727 ἦσαν,
3077 4659 3297 4730 ὠςοάρα
3326 4660 3526 4727 ταύτην
3559 4657 3604 4709 σί
3628 4653 3693 4722 τῷ

2161 4750 2299 4820 ίερεῖ
2348 4751 2698 4822 Χριστιανῶν
2732 4752 2987 4817 συνόντες
3015 4752 3259 4807 ἐποίουν.
3309 4753 3397 4808 Ἐν
3430 4749 3620 4819 ὑποψία
3644 4746 3695 4800 δὲ

2158 4839 2290 4895 dav-6
2321 4841 2538 4912 κρατῶν
2564 4845 2676 4906 τοῖς
2722 4842 2965 4912 φθάσασι
3003 4844 3100 4898 καὶ
3122 4844 3331 4913 ταύτην
3358 4843 3482 4904 τοὺς
3510 4841 3696 4911 μάγους

2159 4933 2570 5004 ῥᾳδιουργῆσιι,
2629 4934 2830 5005 σπουδῇ
2872 4936 2936 5007 τῇ
2974 4937 3128 5007 πάσῃ
3158 4935 3283 4997 τοὺς
3317 4932 3572 4992 αὐθέντας
3609 4926 3695 4995 τῆς

2156 5024 2408 5095 πράξεως
2464 5025 2768 5096 ἀνιχνεύων
2817 5026 3049 5097 ἠρεύνα.
3090 5027 3180 5089 Ὠς
3216 5025 3263 5078 δ’
3304 5026 3362 5090 ἐξ
3386 5023 3595 5078 ἐκείνων
3614 5018 3695 5072 καὶ

2158 5113 2314 5181 αὖθις
2341 5118 2392 5171 οί
2416 5119 2830 5188 δραματουργοὶ
2865 5118 2967 5189 τῆς
3003 5120 3277 5188 κακίστης
3306 5118 3471 5186 ὀδμῆς
3493 5110 3694 5182 ἐγνωρί-

2156 5208 2330 5275 ζοντο,
2393 5209 2619 5272 πολλοὺς
2670 5210 2779 5263 τῶν
2823 5211 3016 5278 μάγων
3082 5211 3179 5263 καὶ
3237 5209 3388 5272 αὖθις
3424 5205 3692 5276 τιμωρίαις

2157 5302 2335 5371 ὑπῆγε
2355 5317 2368 5331 ·
2394 5302 2483 5353 τὸν
2505 5301 2561 5355 δὲ
2587 5300 2885 5373 Μαρουθᾶν
2917 5302 3010 5355 καὶ
3035 5305 3092 5355 ἐν
3124 5302 3332 5370 μείζονι
3358 5299 3520 5368 ἀνῆγε
3550 5295 3688 5362 τιμῇ.

2156 5391 2465 5445 Κάντεῦθὲν
2493 5408 2552 5445 τε
2599 5391 2906 5462 Ῥωμαίους
2938 5393 3148 5462 ἠγάπα,
3174 5394 3266 5446 καὶ
3300 5388 3581 5459 ὑπερφυῶς
3607 5384 3690 5453 τὴν

2155 5483 2293 5553 πρὸς
2323 5483 2567 5546 ἐκείνους
2611 5484 2799 5554 φιλίαν
2833 5485 3140 5555 ἠσπάζετο.
3190 5485 3280 5552 Τῷ
3303 5484 3358 5538 δὲ
3389 5480 3557 5548 πολλῴ
3584 5476 3689 5547 φίλ-

2154 5594 2270 5648 τρῳ
2307 5576 2397 5630 καὶ
2426 5577 2812 5646 Χριστιανίσαι
2842 5579 2901 5630 ἐν
2925 5576 3003 5645 νῴ
3029 5576 3201 5641 ἔθετο,
3238 5573 3374 5644 ἄλλῃ
3404 5572 3563 5640 πείρᾳ
3606 5561 3686 5621 τοῦ

2154 5668 2442 5738 Μαρουθᾶ,
2495 5669 2559 5736 ἢν
2621 5667 2795 5721 ἐποίει
2828 5666 3027 5737 σύναμ⁹
3094 5666 3262 5737 Ἀϐδᾷ
3293 5672 3370 5736 τῷ
3425 5658 3684 5722 ἐπισκὸπιρ

2158 5762 2439 5832 Περσίδος,
2474 5760 2660 5832 εὐχαῖς
2693 5760 2969 5823 συντόνοις
3018 5757 3451 5831 ἐγκαρτερήσας,
3490 5749 3577 5806 καὶ
3607 5745 3683 5799 τὸν
