3962 6552
201 457 335 521 1117

1076 462 1678 524 ECCLESIASTICE
1716 463 2107 527 HISTORL‘E
2140 467 2294 531 LIB.
2335 468 2494 529 XIV.

3313 468 3446 533 1118

197 575 297 644 τὴν
329 571 604 643 προτέραν
633 572 907 643 ἐξαπάτην
934 574 1304 642 ἀποθέμενος,
1331 578 1421 630 τὸν
1451 579 1545 631 τοῦ
1578 579 1768 631 τέκτο-

1882 583 2113 651 repulso,
2183 582 2320 638 fabri
2367 581 2537 636 lilium
2590 598 2654 638 ex
2688 583 2875 637 animo
2908 590 3001 638 tuo
3026 581 3180 653 ejice.
3216 601 3235 635 ι
3273 582 3444 653 Atque

197 678 287 725 νος
319 661 434 714 υίδν
477 661 785 731 ἀπόρριψον
813 664 910 731 τῆς
956 663 1157 733 ψυχῆς.
1195 685 1212 716 ι
1252 664 1311 719 '0
1347 665 1404 719 δὲ
1436 666 1769 736 διαθερμαν-

198 749 336 814 θεὶς,
373 750 467 803 τὸν
522 750 622 820 μὲν
676 752 1006 821 χιτωνίσκον
1039 754 1162 824 διχῆ
1218 753 1413 807 διελὼν
1456 756 1767 827 ἀπέρριψε,

201 841 344 910 μέγα
398 841 765 913 ἀνακραγὼν·
832 860 850 894 ι
893 844 956 897 Εί
985 846 1178 897 τούτου
1211 845 1520 915 χάρινηοίει
1554 864 1622 916 με
1672 850 1771 917 τῆς

198 932 430 1001 ἀρίστης
480 933 815 1001 μεταθέσθαι
846 934 1166 1005 θρησκείας,
1219 936 1376 1007 δέχου
1408 938 1474 1008 δὴ
1506 940 1564 991 τί»
1594 940 1771 1010 δῶρον

201 1026 340 1095 μετά
367 1026 462 1094 τῆς
493 1025 772 1081 ἀσεϐείας.
815 1047 833 1078 ι
865 1027 1022 1081 Οὕτω
1058 1028 1102 1082 δ’
1136 1028 1397 1101 ἀνδρείως
1446 1030 1638 1100 ἔχοντα
1675 1032 1772 1102 βα-

199 1116 384 1177 σιλεὺς
448 1115 807 1186 θεασάμενος,
835 1119 1045 1188 γυμνὸν
1076 1119 1185 1173 τῶν
1221 1119 1509 1189 βασιλείων
1541 1122 1772 1192 ἐξήλαυ-

198 1225 308 1261 νεν.
350 1207 582 1278 Ἕτερον
639 1208 695 1260 δὲ
757 1210 973 1280 Σαὴνην
1021 1210 1193 1281 ὄνομα
1245 1212 1574 1267 ἀντειπόντα
1604 1214 1773 1281 αύτῷ,

198 1299 288 1351 καὶ
329 1299 596 1369 μηδαμῶς
633 1302 713 1363 είς
748 1300 978 1372 ἄρνησιν
1025 1304 1201 1357 ἐλθεῖν
1229 1305 1323 1358 τοῦ
1374 1306 1483 1358 τῶν
1515 1305 1655 1359 ὅλων
1684 1308 1778 1359 Δε-

200 1389 404 1441 σπότου
458 1389 737 1458 ἑλόμενον,
773 1391 1185 1462 ἀπολεξάμενος
1216 1395 1307 1447 τὸν
1341 1396 1619 1467 χείριστον
1667 1396 1776 1448 τῶν

197 1479 454 1547 οἰκετῶν,
487 1481 586 1552 τὴν
621 1482 719 1551 μὲν
747 1483 997 1550 ἐξουσίαν
1019 1486 1126 1538 τῶν
1161 1487 1498 1557 συντρόφων,
1528 1489 1687 1560 χίλιοι
1722 1489 1776 1541 δὲ

196 1568 363 1642 ἦσαν,
402 1572 599 1642 ἐκείνῳ
646 1573 855 1638 δίδωσι,
918 1578 1013 1628 καὶ
1063 1576 1223 1630 αὐτὸν
1260 1578 1456 1648 ἐκείνῳ
1502 1578 1778 1632 δουλεύειν

198 1664 561 1734 προσέταττε,
592 1666 687 1718 καὶ
744 1666 847 1735 τὴν
900 1669 1158 1721 κοινωνὸν
1186 1671 1279 1723 τοῦ
1332 1671 1523 1741 λέχους
1556 1675 1652 1726 καὶ
1694 1671 1779 1723 δέ-

200 1774 431 1810 σποιναν
455 1758 652 1829 ἐκείνῳ
682 1759 979 1828 συνῆπτεν.
1016 1760 1171 1814 Οὕτω
1212 1763 1319 1834 γὰρ
1352 1763 1531 1816 ἐδόκει
1564 1765 1780 1818 πείσειν

197 1849 507 1904 ἀποθέσθαι
539 1850 640 1923 τὴν
693 1849 921 1921 γνώμην
964 1854 1059 1921 τῆς
1093 1853 1355 1922 ἀληθείας
1392 1856 1482 1908 τὶν
1515 1856 1775 1926 ἐραστήν.

211 1939 361 1992 Ἀλλ’
396 1941 598 2011 ἥκιστα
629 1943 802 2012 πέρας
829 1937 977 2013 εἶχεν
1026 1945 1176 2016 αὐτῷ
1218 1947 1250 2015 ἡ
1286 1947 1500 2000 ἐπίνοια
1526 1961 1541 1976 ’
1578 1947 1639 1999 οὐ
1672 1947 1779 2018 γὰρ

196 2033 294 2083 ἐπὶΙ
320 2029 423 2100 τῆς
443 2031 699 2101 ψάμμου,
730 2032 845 2086 ἀλλ’
864 2037 955 2086 ἐπὶ
983 2035 1083 2104 τῆς
1114 2037 1327 2105 πέτρας
1358 2036 1387 2089 ὁ
1412 2033 1555 2100 οἶκος
1584 2036 1778 2106 ἐκείνῳ

197 2118 498 2188 ἐρήρειστο
529 2119 629 2188 τῆς
654 2117 857 2189 ψυχῆς.
902 2119 1008 2172 Καί
1053 2139 1176 2174 τινα
1208 2121 1267 2175 δέ
1299 2122 1564 2191 Βενιαμὶν
1595 2123 1779 2177 διάκο-

195 2225 291 2261 νον
332 2208 639 2271 συλλαϐὼν,
698 2211 896 2281 εἱρκτῇ
954 2211 1263 2283 παρεδίδου.
1338 2214 1423 2277 Ὠς
1472 2214 1529 2267 δὲ
1558 2214 1651 2267 δύο
1684 2215 1777 2285 ἐτη

195 2301 433 2370 ἐξήνυσε
470 2303 536 2372 τῇ
569 2303 807 2373 φρουρᾷ,
861 2303 1097 2373 πρέσϐις
1149 2303 1435 2372 Ῥωμαίων
1484 2308 1625 2360 κατά
1658 2323 1779 2358 τινα

196 2392 393 2463 χρείαν
444 2393 521 2464 τῷ
557 2395 745 2467 Πέρσῃ
801 2396 1121 2463 γενόμενος,
1164 2397 1395 2466 μεσίτης
1446 2396 1659 2464 ἐγίνετο
1680 2398 1779 2467 τὴν

196 2483 357 2538 λύσιν
388 2484 480 2551 τοῦ
509 2485 763 2539 διακόνου
796 2486 986 2541 αἰτῶν.
1024 2487 1084 2540 ’0
1117 2487 1173 2539 δὲ
1202 2486 1463 2556 βασιλεὺς
1510 2488 1781 2557 ἐπηγγέλ-

197 2575 323 2631 λετο
355 2577 544 2633 δοῦναι
576 2579 653 2649 τῷ
690 2579 1036 2650 πρεσϐευτῇ,
1066 2580 1114 2632 εί
1157 2583 1319 2649 μόνον
1356 2579 1617 2648 Βενιαμὶν
1650 2580 1780 2631 ὑπο-

201 2665 392 2738 σχέσει
442 2669 725 2740 πεδήσειεν
784 2671 999 2734 ἐαυτὸν,
1068 2670 1142 2733 ὡς
1192 2670 1387 2723 οὐδένα
1437 2672 1547 2722 τῶν
1587 2672 1779 2739 μάγων

198 2761 386 2814 πείσει
430 2760 529 2830 τὴν
580 2762 927 2832 Χριστιανῶν
976 2763 1187 2814 ἑλέσθαι
1218 2761 1538 2831 θρησκείαν.
1579 2760 1641 2814 '0
1681 2761 1780 2832 μὲν

198 2845 293 2902 οὖν
359 2848 590 2920 πρέσϐις
628 2849 705 2921 τῷ
734 2849 995 2919 Βενιαμὶν
1038 2850 1314 2903 ἐκοινοῦτο
1354 2850 1448 2902 τὸν
1479 2850 1655 2918 λόγον,
1688 2850 1781 2903 καὶ

198 2943 227 2994 δ
259 2939 459 3011 ζητοίη
494 2944 523 2995 ὁ
574 2943 818 3013 Πέρσης.
862 2941 919 2994 Ὀ
946 2942 1001 2994 δὲ
1035 2943 1109 3011 μὴ
1133 2942 1359 2996 δυνατὸν
1395 2942 1583 3012 ἔλεγεν
1615 2939 1778 3005 εἶναι.

202 3030 281 3100 μὴ
309 3029 580 3093 δανείζειν
610 3031 671 3085 τὸ
704 3032 819 3102 φῶς
871 3026 930 3086 οὗ
964 3032 1214 3101 ἀφθόνως
1253 3035 1511 3102 μετέσχε.
1545 3032 1636 3103 Τῷ
1669 3035 1779 3103 γάρ

197 3124 259 3175 τὸ
294 3122 572 3177 τάλαντον
600 3124 1013 3195 κατακρύψαντι
1040 3125 1216 3194 ὁπόση
1257 3143 1341 3187 τις
1383 3126 1673 3191 ἐπεγένετο
1699 3142 1780 3178 τι-

1874 675 1962 728 ille
1992 675 2374 738 exardescens,
2404 676 2646 729 tunicam
2667 676 2813 729 illam
2845 675 3183 729 conscissam
3213 673 3441 743 abiecit,

1872 777 1926 822 et
1955 783 2086 822 voce
2123 782 2349 838 magna:
2390 789 2406 819 ι
2449 769 2504 824 Si
2532 768 2718 835 hujus,
2758 766 2964 836 inquit,
2990 767 3162 833 gratia
3192 782 3277 821 me
3311 768 3445 821 reli-

1873 859 2086 929 gionem
2108 860 2266 929 longe
2298 859 2557 926 optimam
2586 868 2924 912 mutaturum
2955 867 3133 925 putas.
3156 873 3224 911 en
3247 873 3447 912 munus

1877 963 2029 1004 tuum
2094 951 2211 1013 tibi,
2254 967 2357 1004 uua
2390 966 2513 1004 cum
2566 950 2847 1018 impietate
2883 950 3043 1003 habe.
3082 966 3100 999 ι
3129 948 3291 1021 477
3332 950 3448 1004 Rex

1874 1052 2054 1097 autem
2087 1050 2193 1095 tam
2217 1041 2343 1096 forti
2381 1041 2530 1095 illum
2552 1041 2732 1094 animo
2760 1055 2879 1095 esse
2929 1054 3183 1105 cernens,
3241 1040 3445 1093 nudum

1884 1135 2034 1205 regia
2093 1133 2292 1205 exegit.
2328 1133 2482 1188 Alius
2516 1144 2634 1187 erat
2675 1134 2877 1188 Saenes
2936 1132 3182 1197 nomine,
3217 1130 3307 1200 qui
3335 1131 3448 1201 regi

1875 1225 2096 1289 restitit,
2125 1241 2302 1295 neque
2346 1241 2530 1280 rerum
2563 1235 2883 1280 cunctarum
2916 1224 3210 1278 Dominum
3253 1236 3453 1291 perne-

1874 1334 2004 1388 gare
2032 1317 2224 1374 voluit.
2248 1318 2362 1373 Rex
2384 1334 2449 1373 ex
2475 1317 2691 1372 famulis
2710 1317 2859 1371 illius
2896 1316 3066 1369 nmlto
3093 1315 3446 1370 deterrimum

1878 1412 2065 1482 elegit,
2109 1420 2547 1482 potestatemque
2570 1412 2624 1467 in
2658 1411 2807 1467 mille
2842 1408 3225 1465 ministrosilli
3268 1407 3452 1461 adem-

1878 1514 2051 1573 ptam,
2078 1505 2132 1559 ei
2162 1505 2438 1569 attribuit,
2473 1516 2637 1576 atque
2672 1504 2836 1560 etiam
2897 1502 3026 1556 huic
3076 1501 3224 1555 illum
3248 1499 3453 1554 servire

1873 1596 2056 1664 jussit,
2080 1606 2332 1652 consorte
2361 1613 2581 1667 quoque
2631 1596 2773 1652 thori
2830 1604 2886 1651 et
2932 1594 3153 1651 domina
3204 1593 3291 1647 isti
3322 1607 3452 1647 con-

1877 1690 2088 1759 juncta.
2130 1690 2261 1745 Nam
2317 1690 2391 1745 ita
2422 1689 2644 1745 demum
2694 1705 2752 1744 se
2784 1702 3178 1759 persuasurum
3206 1683 3453 1740 veritatis

1885 1781 2142 1843 amatori,
2179 1792 2237 1837 ut
2292 1782 2535 1837 animum
2559 1791 2614 1836 et
2642 1781 2973 1835 sententiam
3010 1794 3166 1834 suam
3194 1784 3449 1839 mutaret,
3516 1818 3520 1825 .

1886 1872 2255 1926 existimabat.
2290 1872 2493 1927 Verum
2524 1871 2747 1925 minime
2788 1869 2839 1924 ei
2886 1868 3175 1923 consilium
3232 1880 3453 1920 succes-

1880 1962 1970 2016 sit.
2008 1962 2122 2017 Non
2156 1963 2300 2017 enim
2326 1963 2379 2016 in
2413 1959 2601 2027 arena,
2648 1960 2740 2015 sed
2796 1960 2848 2013 in
2883 1968 3033 2030 petra
3066 1957 3263 2011 mentis
3299 1956 3449 2011 illius

1880 2052 2078 2106 domus
2132 2051 2353 2106 fundata
2398 2052 2595 2105 fuerat.
2636 2049 2916 2120 Beniamin
2961 2048 3125 2102 etiam
3160 2045 3448 2099 diaconum

1881 2142 2171 2211 quemdam
2196 2143 2653 2210 comprehensum
2690 2141 2954 2196 custodite
2982 2138 3336 2207 mancipavit,
3396 2137 3450 2189 in

1880 2251 1985 2303 qua
2014 2250 2136 2287 cum
2170 2234 2309 2288 duos
2347 2233 2616 2303 exegisset
2644 2247 2837 2295 annos,
2873 2244 2926 2286 et
2956 2239 3142 2285 orator
3173 2230 3454 2283 Romanus

1880 2338 1945 2375 ex
1967 2338 2126 2375 causa
2157 2322 2386 2390 quadam
2420 2323 2564 2392 apud
2620 2322 2840 2375 Persam
2892 2331 3059 2383 esset,
3101 2320 3339 2373 medium
3393 2333 3453 2372 se

1882 2413 1927 2467 is
1950 2413 2299 2481 interposuit,
2333 2422 2392 2467 ut
2423 2413 2690 2467 diaconus
2724 2412 2962 2465 vinculis
2991 2412 3302 2464 solveretur
3356 2423 3454 2478 pe-

1885 2514 2023 2559 tens.
2054 2506 2167 2559 Rex
2205 2504 2308 2558 hoc
2339 2519 2394 2558 se
2426 2504 2599 2573 legato
2629 2502 2886 2556 daturum
2921 2499 3192 2569 promisit,
3220 2500 3263 2553 si
3289 2497 3454 2551 modo

1885 2582 2166 2666 Benj‘amin
2215 2611 2273 2650 se
2328 2597 2619 2664 obligaret,
2646 2610 2705 2649 se
2731 2594 2864 2649 nulli
2903 2609 2967 2647 ex
2994 2592 3182 2662 Magis,
3217 2589 3457 2645 utChri-

1881 2688 2114 2744 stianam
2142 2689 2444 2756 susciperet
2477 2686 2815 2756 religionem,
2845 2697 3138 2739 suasurum
3168 2695 3310 2736 esse.
3347 2679 3453 2733 Le-

1882 2793 2037 2850 gatus
2094 2795 2258 2849 porro
2286 2796 2398 2834 rem
2421 2795 2541 2834 eam
2572 2788 2624 2832 et
2652 2777 2780 2847 quid
2810 2777 2973 2831 Persa
3030 2781 3319 2843 quaereret,
3379 2770 3450 2825 ad

1886 2873 2199 2943 Benjamein
2234 2873 2440 2926 retulit.
2471 2873 2649 2941 Atque
2694 2871 2784 2924 ille
2816 2869 2932 2923 llcri
2966 2883 3073 2921 non
3109 2882 3267 2937 posse
3289 2866 3452 2930 dixit,

1885 2973 1942 3016 ut
1967 2964 2087 3017 luce
2115 2978 2178 3017 ea
2211 2978 2374 3031 quam
2396 2962 2676 3030 copioSam
2708 2958 3024 3027 recepisset,
3054 2971 3162 3009 non
3214 2954 3454 3009 {intlera-

1885 3063 1986 3109 ret.
2041 3053 2172 3118 Qua:
2232 3054 2376 3108 enim
2419 3067 2578 3120 poma
2606 3051 2654 3105 ei
2679 3049 2975 3105 constituta
3008 3047 3101 3112 sit,
3139 3045 3235 3116 qui
3281 3046 3455 3100 talen-

1887 3153 1997 3198 tum
2027 3144 2128 3199 sibi
2165 3143 2350 3197 dalum
2381 3142 2686 3202 defoderet,
2723 3151 2910 3208 aperte
2963 3137 3255 3191 admodum
3288 3136 3453 3189 'divi-

202 3216 416 3286 μωρία,
467 3216 738 3287 λαμπρῶς
805 3218 1012 3287 ἄγοινὴ
1064 3221 1172 3271 ’στιν
1221 3217 1382 3271 θείων
1431 3218 1779 3287 Εᾷαγγελίων

1886 3254 2078 3292 norum
2132 3235 2542 3305 Evangeliorum
2595 3232 2840 3288 codicem
2908 3229 3221 3283 ostendere.
3278 3227 3452 3293 Quam

199 3311 416 3379 ἱστορεῖ
468 3308 673 3378 βίὸλος.
703 3303 806 3362 Ἦν
855 3310 1012 3363 οὐδὲν
1043 3313 1204 3377 γνοὺς
1281 3311 1309 3364 ὁ
1345 3310 1622 3381 βασιλεὺς,
1671 3312 1779 3363 τῶν

195 3399 427 3468 δεσμῶν
458 3398 714 3453 ἐκέλευεν
749 3401 975 3454 ἀνιέναι.
1024 3400 1085 3455 '0
1105 3401 1161 3453 δὲ
1191 3401 1259 3453 τά
1297 3402 1502 3471 συνήθη
1534 3400 1663 3471 ἔδρα
1690 3403 1783 3453 καὶ

196 3489 391 3551 πάλιν.
425 3495 554 3554 to};
583 3492 661 3561 τῷ
694 3492 842 3563 ζόφῳ
874 3493 977 3562 τῆς
1003 3492 1215 3569 πλάνης
1249 3494 1652 3562 κατεχομένους
1674 3492 1783 3555 ζω-

196 3582 378 3652 γρῶν,
415 3583 510 3635 καὶ
536 3583 614 3652 τῷ
645 3582 774 3656 θείῳ
804 3588 897 3637 καὶ
947 3583 1119 3654 νοερῷ
1167 3586 1464 3654 προσάγων
1489 3585 1649 3653 φωτί.
1692 3586 1781 3647 Ὠς

195 3674 242 3727 δ’
275 3674 529 3737 ἐνιαυτὸς
584 3674 814 3740 ἐξίκετο,
875 3675 943 3727 τά
1000 3677 1466 3745 πραττόμενατῴ
1527 3678 1783 3745 Βενιαμὶν

196 3767 478 3836 ἐμηνύετο
508 3767 763 3837 βασιλεῖ’
829 3771 923 3821 καὶ
958 3769 1071 3837 δῆτ’
1132 3767 1357 3835 ἀγαγὼν
1389 3770 1575 3835 αὑτὸν,
1615 3787 1782 3839 προσ-

197 3861 399 3926 έταξεν
427 3860 731 3931 ἀρνηθῆναι
774 3860 831 3914 ὃν
864 3862 1107 3930 γνησίως
1151 3864 1420 3933 ἐκήρυττε
1452 3862 1679 3933 Κύριον.
1724 3862 1782 3916 Ὀ

196 3958 253 4009 δὲ
282 3958 362 4025 τῷ
402 3955 616 4025 βασιλεῖ
668 3955 797 4025 ἔφη,
837 3973 855 4007 ι
907 3955 1063 4019 Τίνος
1119 3956 1185 4009 ἂν
1220 3956 1371 4021 ἄξιος
1429 3957 1535 4027 είη,
1596 3957 1653 4020 ὃς
1687 3955 1782 4025 τὴν

199 4048 483 4117 σφετέραν
508 4046 928 4116 ἀπαρνούμενος
961 4031 1268 4116 βασιλείαν,
1296 4048 1491 4117 ἑτέραν
1516 4048 1694 4100 ’ἐλοιτο
1720 4065 1734 4112 ;
1758 4065 1777 4097 ι

208 4138 274 4189 ’0
299 4137 380 4199 δέ,
424 4154 442 4187 ι
498 4137 741 4189 Θανάτου
800 4140 894 4190 καὶ
926 4140 1209 4209 τιμωρίας
1250 4141 1512 4211 ἐσχάτης.
1552 4157 1571 4191 ι
1637 4141 1781 4209 Πρὸς

196 4228 380 4281 ταῦτα
430 4228 495 4296 δὴ
554 4230 746 4295 ἐπάγει
798 4227 1080 4298 Βενιαμὶν,
1120 4247 1138 4281 ι
1174 4224 1300 4299 Ἀρ’
1346 4229 1442 4283 οὖν
1502 4231 1676 4302 πόσης
1718 4232 1783 4282 ἂν

197 4322 437 4386 ἐπαξίας
496 4322 793 4391 μεταλάχοι
844 4321 942 4389 τῆς
987 4322 1141 4390 δίκης
1183 4321 1492 4391 ἄνθρωπος,
1528 4324 1621 4375 τὸν
1674 4323 1785 4375 τῶν

197 4418 345 4469 ὅλων
388 4416 485 4485 μὲν
530 4414 863 4486 ἀρνούμενος
918 4416 1231 4484 Δεσπότην,
1286 4417 1383 4469 καὶ
1438 4417 1665 4487 σωτῆρα
1692 4418 1785 4471 καὶ

199 4508 510 4578 κηδεμόνα,
535 4508 616 4559 ἐνὶ
637 4507 693 4559 δὲ
716 4507 824 4557 τῶν
846 4507 1153 4575 ὁμοδούλων
1179 4506 1240 4560 τὸ
1269 4507 1435 4570 σέϐας
1464 4509 1780 4574 προσάγων,

1889 3344 2001 3381 rem
2034 3327 2290 3395 ignorans
2320 3342 2436 3387 rex,
2475 3326 2709 3380 liberum
2741 3338 2864 3378 eum
2902 3337 3022 3377 esse
3045 3320 3229 3391 jussit.
3262 3319 3328 3372 Et
3359 3318 3451 3372 ille

1886 3434 2105 3473 rursum
2140 3419 2365 3473 solitum
2401 3417 2641 3471 ollicium
2670 3429 2829 3468 suum
2860 3413 3010 3477 fecit,
3038 3428 3134 3467 eos
3164 3412 3256 3481 qui
3291 3425 3452 3463 erro-

1884 3511 1961 3564 ris
2015 3510 2245 3580 caligine
2305 3509 2688 3563 detinerentur
2734 3506 2956 3580 capiens
3008 3513 3064 3559 et
3095 3504 3162 3558 ad
3210 3504 3454 3557 divinam

1883 3609 2044 3669 atque
2097 3574 2525 3654 intellectualem
2579 3598 2757 3652 lucem
2802 3574 3121 3651 adducens.
3184 3593 3457 3649 Praeteriit

1883 3707 2079 3755 annus,
2115 3702 2308 3760 etquae
2358 3690 2638 3759 Benjamin
2661 3688 2873 3758 agebat,
2900 3688 3009 3758 regi
3039 3686 3275 3741 iudicata
3304 3694 3454 3740 sunt:

1882 3784 1979 3853 qui
2012 3798 2135 3835 eum
2173 3783 2239 3836 ad
2272 3798 2329 3836 se
2359 3782 2710 3851 productum,
2744 3794 3212 3850 pernegarequem
3243 3779 3457 3833 sincere

1884 3874 2207 3944 praedicaret
2232 3874 2522 3927 Dominum
2551 3874 2737 3943 jussit.
2770 3870 2952 3941 Atque
2984 3870 3057 3925 ibi
3125 3870 3215 3924 ille
3246 3869 3314 3923 ad
3372 3884 3460 3922 re-

1884 3981 2041 4035 gem:
2081 3982 2099 4017 ι
2144 3963 2432 4030 Quidnam,
2471 3964 2668 4033 inquit,
2687 3971 3119 4023 commercatur,
3152 3961 3245 4029 qui
3280 3962 3455 4030 impe-

1886 4058 2026 4111 rium
2057 4069 2208 4111 tuum
2242 4057 2540 4125 abnegans,
2565 4054 2631 4108 ad
2660 4054 2823 4117 alium
2855 4068 2912 4107 se
2943 4052 3196 4107 conferat
3227 4068 3405 4121 regem
3433 4052 3459 4105 ἲ

1885 4148 2136 4213 Mortem,
2166 4163 2259 4201 rex
2296 4149 2393 4209 ait,
2420 4155 2475 4200 et
2528 4158 2847 4214 supremum
2884 4142 3230 4211 supplicium.
3268 4160 3286 4192 ι
3318 4140 3457 4194 Tum

1886 4241 2167 4312 Benjamin
2211 4258 2225 4294 :
2267 4258 2284 4291 ι
2318 4238 2600 4304 Quodnam
2628 4237 2814 4305 igitur,
2853 4234 3054 4297 intulit,
3075 4235 3210 4288 satis
3230 4232 3457 4302 dignum

1836 4316 1837 4319 η
1889 4332 2052 4384 homo
2102 4331 2243 4385 ferat
2304 4329 2659 4398 supplicium,
2724 4326 2818 4395 qui
2870 4325 3246 4380 universitatis
3293 4324 3461 4394 hujus

1888 4422 2123 4477 Domino
2180 4421 2469 4476 Servatore
2519 4428 2817 4474 etreetore
2873 4417 3144 4487 ahjurato,
3210 4431 3317 4468 non
3374 4415 3450 4468 illi

1889 4515 2097 4569 cultum
2143 4513 2519 4581 honoremque
2584 4511 2851 4569 debitum.
2902 4508 3000 4562 sed
3046 4522 3114 4561 ex
3167 4506 3463 4567 conservis,

201 4602 304 4653 καὶ
325 4598 427 4670 τὴν
454 4598 842 4669 προσήκουσαν
864 4597 1087 4668 ὀφειλὴν
1109 4597 1182 4668 μὴ
1206 4599 1398 4667 ἐκείνῳ
1427 4599 1739 4662 ἀποτιννύς;
1755 4618 1773 4650 ι

1886 4604 1999 4658 suis
2030 4602 2122 4657 uni
2154 4602 2411 4672 praestet?
2441 4620 2459 4652 ι
2501 4600 2693 4655 Verbis
2729 4599 2878 4653 hisce
2925 4613 3021 4653 rex
3037 4600 3276 4666 graviter
3305 4612 3456 4650 com-

212 4695 278 4749 Ὀ
310 4694 366 4746 δέ
403 4692 657 4761 βασιλεὺς
697 4693 814 4754 τοῖς
844 4692 1051 4761 ῥήμασι
1078 4692 1415 4761 χαλεπήνας,
1458 4691 1778 4761 ίσαρίθμςυς

201 4782 496 4849 καλάμους
539 4785 653 4843 τοῖς
704 4782 992 4843 δακτύλοις
1032 4782 1141 4833 τῶν
1199 4783 1399 4851 χειρῶν
1453 4783 1549 4835 καὶ
1602 4784 1781 4837 ποδῶν

201 4874 509 4941 ἀποξύνας,
541 4875 835 4944 ἐμπείρειν
866 4876 979 4937 τοῖς
1035 4874 1217 4940 ὄνυξιν
1249 4876 1554 4930 ἐκελεύετο.
1608 4871 1694 4941 Ὠς
1724 4879 1781 4931 δὲ

200 4966 434 5018 παιδιὰν
494 4965 594 5035 τὴν
656 4965 926 5035 τοσαύτην
963 4965 1245 5034 τιμωρίαν
1290 4966 1382 5019 τὸν
1443 4968 1781 5038 στεφανίτην

198 5057 359 5127 ἔώρα
399 5058 711 5127 δεχόμενον,
775 5058 1021 5123 κάλαμον
1075 5058 1267 5128 ἕτερον
1331 5058 1665 5128 παροξύνας,
1702 5063 1782 5133 τῷ

198 5153 519 5221 παιδογόνῳ
582 5150 746 5219 ἐνῆκε
784 5150 993 5220 μορίῳο
1041 5150 1101 5204 δν
1154 5153 1487 5223 πυκνότερον
1538 5155 1782 5207 ἀνέλκων

197 5242 301 5293 καὶ
333 5239 634 5309 πρισωθῶν
684 5236 862 5303 αὖθις,
895 5237 1137 5309 ἄρρητον
1182 5241 1273 5292 καὶ
1308 5241 1579 5309 ἀφόρητον
1610 5242 1784 5295 ἐποίει

98 5383 113 5393 ,
200 5334 309 5401 τὴν
333 5331 632 5400 ἀλγηδόνα.
689 5331 847 5385 Ἐπεὶ
884 5330 944 5382 δὲ
979 5331 1076 5384 καὶ
1102 5332 1202 5402 τὴν
1250 5335 1591 5403 πικροτάτην
1618 5332 1784 5402 βάσα-

200 5444 302 5480 νον
352 5425 616 5493 γενναίως
648 5424 1018 5494 διεκαρτέρει,
1044 5422 1051 5431 ’
1073 5424 1266 5489 ἐτέραν
1298 5426 1569 5495 προσῆγε,
1598 5426 1784 5479 δευτέ-

205 5534 316 5587 ρας
366 5517 467 5579 τας
522 5518 797 5586 προτέρας
856 5516 1338 5570 ἀποδεικνύουσαν.
1406 5515 1628 5570 Ῥἀϐδον
1676 5518 1785 5587 γὰρ

204 5611 450 5679 παχεῖαν
477 5608 637 5677 ἀγειν
666 5608 940 5675 ἐκέλευεν,
964 5608 1122 5673 δζους
1164 5609 1462 5678 πανταχόθι
1484 5609 1786 5678 προϐαλλο-

206 5698 656 5772 μένηνπυκνούς
676 5716 690 5731 ·
715 5698 923 5770 ταύτην
946 5700 1002 5752 δέ
1028 5700 1117 5754 διά
1160 5701 1260 5771 τῆς
1298 5700 1461 5770 ἕδρας
1491 5700 1787 5769 ἐμϐάλλειν

201 5791 294 5863 τῷ
327 5793 556 5865 ἀθλητῇ,
600 5794 793 5845 ἔπειτα
846 5792 1088 5863 ἐξαίρειν
1145 5809 1204 5845 τε
1262 5795 1355 5846 καὶ
1404 5778 1636 5863 ἐνείρειν
1663 5793 1785 5844 κατ’

204 5884 389 5959 αὐτῆς
422 5884 570 5961 μάλα
606 5885 983 5963 σφοδρότερον.
1036 5884 1154 5956 Ἐφ’
1261 5885 1335 5954 μὴ
1369 5884 1531 5938 πλέον
1568 5886 1781 5952 στέγειν

1885 4704 2085 4755 motus.
2116 4695 2380 4763 :equalem
2409 4708 2532 4748 cum
2558 4693 2742 4764 digitis
2771 4706 3031 4749 manuum
3060 4699 3225 4759 atque
3257 4690 3462 4759 pedum

1886 4787 2223 4842 calamorqu
2278 4801 2567 4839 numerum
2626 4784 2846 4846 exacui,
2881 4792 2938 4837 et
2980 4781 3256 4852 unguibus
3309 4780 3460 4833 illius

1883 4878 2032 4949 inligi
2068 4877 2535 4949 praacepit.&.78
2559 4876 2628 4931 Ut
2652 4892 2782 4931 vero
2834 4875 3095 4929 athletam
3125 4886 3324 4926 corona
3362 4871 3462 4925 de—

1882 4972 2202 5034 corandum,
2263 4983 2593 5024 tormentum
2641 4970 2701 5031 id
2771 4968 3000 5038 perinde
3062 4973 3226 5034 atque
3264 4962 3462 5023 ludum

1880 5064 2176 5132 joeumque
2206 5064 2460 5129 excipere
2490 5061 2650 5124 vidit,
2688 5059 2957 5111 calamum
2988 5056 3154 5109 alium
3182 5055 3236 5109 in
3263 5053 3456 5123 cuspis

1885 5154 2007 5209 dem
2063 5153 2438 5207 acuminatum
2493 5138 2736 5204 membro
2788 5148 2907 5219 ejus
2971 5146 3118 5200 virili
3186 5146 3464 5198 immisit:

1885 5260 2047 5317 quem
2074 5243 2415 5312 frequentius
2435 5240 2667 5296 subinde
2700 5239 2929 5310 inﬁgens
2960 5247 3126 5308 atque
3162 5235 3457 5299 retrahens

1886 5334 2265 5391 incredibilem
2292 5332 2801 5401 intolerabilemque
2826 5331 2904 5385 illi
2945 5329 3152 5383 creavit
3180 5326 3454 5394 dolorem,

1887 5428 2181 5497 Postquam
2220 5435 2403 5480 autem
2458 5424 2563 5478 hoc
2607 5438 2828 5493 quoque
2880 5420 3300 5477 acerbissimum
3334 5435 3468 5488 sup-

1888 5521 2113 5591 pliciqu
2152 5534 2417 5589 generose
2448 5517 2696 5587 pertulit,
2752 5515 2901 5570 aliud
2939 5514 3147 5580 intulit,
3181 5512 3330 5583 quod
3352 5513 3467 5583 pri-

1888 5627 1985 5665 ora
2040 5612 2128 5664 illa
2183 5609 2451 5665 secundas
2508 5617 2691 5678 partes
2744 5610 2887 5663 ferre
2944 5606 3208 5662 ostendit.
3244 5606 3470 5676 Virgam

1888 5706 2032 5755 enim
2056 5701 2377 5754 crassiorem
2415 5699 2635 5764 aﬂerre,
2660 5715 2725 5753 ex
2763 5708 2914 5769 parte
2973 5699 3122 5752 omni
3153 5698 3353 5752 densos
3381 5712 3469 5750 ra-

1893 5807 2106 5845 morum
2142 5806 2315 5845 uncos
2346 5791 2802 5861 praetendentem,
2830 5802 2885 5846 et
2914 5791 2969 5845 in
2998 5789 3183 5846 sedem
3220 5789 3469 5843 decerta-

1894 5883 2026 5940 toris
2069 5882 2242 5954 injici,
2293 5898 2353 5937 ac
2389 5882 2588 5940 deinde
2647 5882 2948 5942 identidem
2975 5897 3072 5954 per
3100 5896 3219 5936 eam
3265 5877 3469 5935 attrahi
