4036 6540
235 420 375 491 iiii

1129 414 1735 481 ECCI.ESIASTICIE
1780 408 2163 476 [liSTOlil/E
2203 414 2348 473 LlB.
2398 409 2554 471 Χιν.
2620 488 2627 493 ⁸

3334 398 3473 467 1193

223 558 425 597 πισαν.
454 535 777 608 Συνεκρότει
807 535 985 589 τοίνυν
1017 538 1081 607 τῇ
1109 536 1256 605 λύπῃ
1283 536 1455 604 ταύτῃ
1488 541 1579 586 και
1607 536 1638 602 ή
1667 531 1801 601 πρὸς

1925 543 2198 591 nanorum
2244 535 2610 580 mercatorum
2666 538 2875 577 marces
2926 520 3346 591 diripiebantur.
3387 522 3467 575 Ad

222 638 290 703 τῇ
317 636 729 687 Κωνσταντίνου
755 631 864 684 τῶν
895 632 1072 684 ἐκεῖσε
1099 630 1445 700 Χριστιανῶν
1475 628 1764 695 καταφυγή
1782 639 1797 654 ·

224 727 321 779 καὶ
350 730 431 788 εἰς
464 726 646 795 μάχην
670 726 730 776 τὸ
764 723 922 794 ἔργον
953 724 1170 793 ἐχώρει.
1213 720 1271 774 Ὀ
1297 722 1397 791 μὲν
1429 721 1537 789 γὰρ
1566 722 1799 787 Πέρσης,

230 817 496 885 πρέσϐεις
528 818 784 885 πέμπων,
816 818 941 877 τοὺς
973 817 1293 884 πρόσφυγας
1323 812 1612 881 Ῥωμαίων
1641 810 1758 881 ᾔτει
1787 825 1802 841 ⁸

225 910 277 961 oi
342 909 400 961 δὲ
464 908 725 974 Ῥωμαῖοι
786 906 1038 973 οὐδαμῶς
1106 906 1303 957 διδόναι
1376 903 1680 963 ἐϐούλοντο,
1742 899 1803 952 ού

229 1002 393 1068 μόνον
418 1001 502 1052 ὅτι
537 995 730 1066 οἷάπερ
755 999 937 1059 ἱκέτας
989 996 1182 1057 σώζειν
1242 995 1491 1065 ᾑροῦντο,
1555 990 1670 1045 ἀλλ’
1725 990 1807 1044 ὅτι

226 1090 326 1141 καὶ
361 1090 506 1159 ὑπὲρ
534 1090 633 1156 τῆς
681 1088 832 1155 σφῶν
872 1087 1167 1155 θρησκείας
1220 1086 1395 1137 πάντα
1422 1085 1550 1151 δρᾷν
1602 1083 1807 1150 ἕτοιμοι

225 1176 394 1250 ἦσαν,
432 1181 464 1248 ἢ
499 1179 758 1249 τοὺς’τῆς
780 1179 899 1248 ἴσης
937 1179 1168 1236 πίστεως
1193 1176 1585 1237 κοινωνοῦντας
1613 1175 1811 1243 ὑπερο-

233 1273 358 1342 ρᾷν.
389 1271 499 1323 Καὶ
533 1271 595 1339 δὴ
645 1270 754 1324 τῶν
805 1271 1051 1322 σπονδῶν
1104 1268 1393 1331 λυθεισῶν,
1453 1268 1601 1336 μάχη
1661 1264 1810 1333 δεινὴ

233 1363 442 1430 μεταξὺ
491 1362 781 1431 Ῥωμαίων
805 1361 901 1414 καὶ
927 1360 1155 1431 Περσῶν
1179 1362 1346 1431 ἤρετο
1372 1376 1388 1391 ο
1418 1375 1484 1410 πε
1497 1360 1550 1428 pl.
1574 1354 1640 1420 ἦς
1678 1356 1813 1426 βρα-

228 1454 331 1522 χέι
366 1453 645 1506 διαλαϐεῖν
705 1453 930 1522 ἄμεινον
978 1452 1220 1522 ἥγημαι.
1282 1449 1663 1521 ’Δρδαϐούριος
1715 1448 1814 1518 μέν

227 1546 341 1615 γὰρ
378 1547 592 1608 ἐκεῖνος
620 1547 683 1598 ἐκ
734 1531 1024 1615 βασιλείων
1081 1543 1299 1606 σταλεὶς
1360 1542 1687 1612 στρατηγὸς,
1717 1542 1814 1594 σὺν

226 1640 288 1690 οὗ
335 1638 507 1707 πολλῇ
539 1638 788 1707 δυνάμει,
825 1636 913 1691 διὰ
942 1638 1040 1704 τῆς
1076 1635 1385 1705 ’Δρμενίων
1419 1636 1502 1698 είς
1535 1635 1632 1703 τὴν
1670 1635 1814 1704 Περ-

229 1729 341 1781 σῶν
369 1729 660 1794 εἰσϐαλὼν,
682 1731 811 1798 μῖαν
833 1728 941 1782 τῶν
963 1727 1178 1798 ἐκείνης
1204 1727 1486 1798 ἐπαρχιῶν
1517 1725 1814 1796 (Ἃζαξηνὴ

227 1817 507 1886 καλεῖται)
547 1817 768 1886 ἐπόρθει
805 1832 819 1846 ⁸
848 1808 894 1885 ᾦ
924 1816 1315 1886 ἀντιπράττειν
1367 1818 1431 1868 ἐκ
1459 1815 1554 1868 τοῦ
1591 1814 1815 1884 Περσῶν

230 1908 545 1978 ἡγουμένου
575 1908 857 1977 Ναρσαῖος
906 1906 1093 1977 ἔτερος
1128 1907 1434 1975 στρατηγὸς
1465 1905 1811 1976 ἀντεπέμπε-

227 2014 333 2060 το,
406 2000 631 2067 βαρεῖαν
694 1997 1038 2065 ἐπαγόμενος
1094 1995 1345 2065 δύναμιν.
1405 1992 1706 2064 Συμϐαλὼν
1769 1995 1813 2047 δ’

230 2090 431 2160 ἐκείνῳ
461 2089 557 2143 καὶ
610 2089 708 2142 σὺν
763 2089 903 2160 ἥττῃ
960 2087 1192 2159 λαμπρᾷ
1247 2089 1392 2158 φυγῇ
1440 2088 1813 2156 χρησάμενος,

233 2179 605 2250 ἀντιστρέψας
671 2179 764 2233 διά
826 2179 1272 2248 Μεσοποταμίας,
1335 2178 1629 2247 ἀφυλάκτῳ
1675 2176 1817 2244 ἔγνω

233 2270 433 2339 ἀθρόον
461 2270 790 2341 ἐπιρρυῆναι
816 2272 881 2340 τῇ
944 2268 1232 2339 Ῥωμαίων
1282 2271 1494 2338 γῇ,καὶ
1533 2268 1676 2322 οὕτω
1718 2268 1816 2335 τὴν

233 2356 410 2433 ἧτταν
432 2360 876 2415 ἀνακαλέσασθαι
911 2376 925 2392 ο
955 2363 1016 2413 ού
1057 2361 1165 2429 μὴν
1213 2358 1580 2429 Ἀρδαϐουρίῳ
1632 2357 1818 2411 λαθεῖν

234 2449 388 2522 εἶχεν
420 2450 458 2505 ἃ
485 2450 708 2522 Ναρσῆς
736 2450 1081 2507 ἐϐουλεύετο.
1113 2452 1278 2504 Ὅσον
1325 2446 1421 2502 οὖν
1451 2446 1564 2518 εἶχε
1596 2449 1815 2518 τάχους,

236 2545 337 2612 τὴν
367 2541 673 2612 Ἀζαζηνην
698 2542 943 2611 ἐσχάτως
973 2542 1279 2612 πορθήσας,
1308 2545 1400 2594 καὶ
1428 2542 1586 2603 αὐτὸς
1608 2542 1700 2593 ἐπὶ
1721 2544 1819 2608 τὴν

239 2633 675 2704 Μεσοποταμίαν
715 2633 939 2704 ἧλασεν.
983 2633 1220 2693 Ἐκεῖνος
1250 2632 1308 2685 δέ
1336 2633 1690 2686 πολυπλασίω
1717 2635 1818 2701 τὴν

238 2727 476 2797 δύναμιν
500 2726 904 2798 ἐπισωρεύσας,
950 2726 1100 2795 ὅμως
1139 2727 1252 2787 τοῖς
1312 2726 1483 2795 ὁρίοις
1524 2724 1820 2796 Ῥωμαίων

239 2820 343 2872 οὐκ
373 2819 598 2889 ἴσχυσεν
627 2818 913 2886 ἐμϐαλεῖν.
959 2817 1178 2881 Φθάσας
1203 2816 1249 2870 δ’
1275 2817 1425 2887 ὅμως
1450 2818 1550 2889 τὴν
1579 2818 1818 2882 Νίσιϐιν,

240 2910 277 2980 ὴ
306 2912 372 2979 δὴ
401 2911 555 2973 πόλις
591 2908 847 2979 μεθόριόν
893 2910 1011 2961 ἐστι
1075 2908 1301 2978 Περσῶν
1355 2910 1453 2962 καὶ
1516 2908 1816 2977 Ῥωμαίων,

244 3004 490 3072 Πέρσαις
516 3000 562 3054 δ’
596 3002 746 3070 ὅμως
779 3000 1143 3069 ὑποκειμένη,
1183 3000 1405 3070 πέμψας
1432 3001 1654 3065 ἐκεῖθεν⁴
1697 3002 1823 3071 Ἀρ-

242 3095 520 3165 δεϐουρίῳ
549 3095 849 3163 ἐσήμαινεν
876 3093 969 3144 ἐπὶ
999 3092 1299 3161 συνθήκαις
1344 3094 1437 3145 τὸν
1467 3094 1707 3163 πόλεμον
1735 3094 1821 3163 γίο

1850 1857 1887 1909 Β

1907 635 2044 689 quas
2097 619 2327 690 injurias
2370 616 2814 671 Christianorum
2862 615 2916 668 iu
2966 613 3157 668 urbem
3204 613 3469 668 Conslan-

1907 712 2329 781 tinogiolilanam
2383 709 2615 764 accessit
2656 707 2982 777 perfugium.
3032 707 3095 760 Et
3143 723 3227 759 res
3265 707 3316 760 in
3360 707 3475 759 bel—

1907 802 2017 857 lum
2060 802 2255 858 evasit.
2307 801 2475 854 Persa
2517 814 2775 867 namque,
2815 798 3086 865 legatione
3128 797 3199 850 mi
3236 813 3314 856 sa.
3355 812 3476 864 per.

1909 895 2065 964 fugas
2112 896 2214 948 sibi
2267 894 2393 948 dedi
2441 908 2468 945 a
2516 891 2778 946 Romanis
2814 891 2990 959 petiit.
3027 890 3253 942 Romani
3291 900 3472 943 autem

1911 987 1962 1041 id
2000 988 2178 1040 facere
2211 988 2529 1045 noluerunt.
2556 1000 2664 1039 non
2696 985 2856 1037 modo
2886 983 3030 1050 quod
3065 983 3186 1035 illos
3221 992 3474 1049 tanquam

1911 1080 2191 1149 supplices
2246 1087 2303 1133 et
2361 1090 2679 1149 precator-es
2735 1092 2957 1131 servare
3014 1075 3321 1135 voluerint,
3381 1074 3475 1126 Sed

1910 1171 2077 1225 etiam
2122 1169 2267 1238 quod
2313 1184 2414 1238 pro
2465 1167 2729 1235 religione
2785 1180 2879 1218 sua
2932 1165 3112 1217 facere
3158 1162 3378 1231 quidvis
3426 1171 3480 1215 et

1912 1261 2022 1331 pati
2061 1260 2244 1330 potius
2290 1257 2462 1329 parati
2518 1255 2746 1314 fuerint.
2783 1270 2945 1321 quam
3005 1263 3061 1304 ιιι
3112 1267 3205 1305 eos
3251 1249 3482 1316 quibus-

1912 1366 2037 1405 cum
2094 1363 2445 1403 communem
2504 1346 2666 1401 ﬁdem
2746 1345 3051 1406 haberent,
3110 1340 3477 1407 despicernt‘.

1915 1438 2152 1494 Proinde
2192 1454 2323 1508 pace
2355 1438 2557 1500 soluta,
2594 1435 2795 1489 bellum
2833 1450 2995 1503 grave
3033 1434 3175 1485 inter
3204 1432 3482 1484 Romanos

1914 1543 1971 1585 et
2021 1531 2217 1585 Persas
2262 1540 2348 1585 est
2397 1538 2575 1583 ortum
2618 1546 2631 1580 :
2671 1527 2814 1596 quod
2871 1526 3062 1596 paucis
3114 1526 3483 1592 perstringere

1912 1623 2263 1677 commodius
2315 1637 2438 1675 esse
2491 1621 2666 1675 visum
2717 1629 2824 1673 est.
2878 1617 3225 1672 Ardaburius
3273 1614 3363 1669 ille
3414 1628 3482 1667 ex

1921 1714 2197 1782 imperiali
2244 1714 2367 1767 aula
2405 1728 2527 1766 cum
2576 1729 2683 1766 non
2734 1714 2806 1766 ita
2856 1710 3040 1763 multis
3079 1708 3251 1778 copiis
3287 1708 3485 1760 missus

1920 1806 2051 1865 dux,
2087 1819 2185 1873 per
2219 1804 2536 1857 Armeniam
2571 1802 2623 1854 in
2659 1800 2936 1854 Persidem
2980 1796 3248 1856 excurrit,
3278 1804 3333 1849 et
3362 1809 3486 1863 pro-

1920 1897 2154 1951 vinciam
2199 1897 2318 1967 ejus
2356 1895 2647 1965 quamdam
2687 1893 2988 1946 Azazenem
3019 1898 3269 1943 vocatam
3305 1895 3487 1940 vasta-

1915 1988 2015 2042 vit.
2060 1988 2338 2043 Adversus
2383 2004 2545 2057 quem
2594 2002 2621 2040 a
2671 2001 2799 2053 rege
2846 1983 3142 2039 Persarum
3190 1981 3299 2034 dux
3347 1978 3487 2031 alius

1917 2082 2116 2137 Narses
2162 2082 2335 2145 venit,
2383 2081 2661 2151 ingentem
2696 2092 2881 2132 secum
2914 2076 3121 2130 ducens
3154 2074 3483 2127 exercitum.

1918 2173 2018 2227 Hie
2048 2173 2339 2228 commissa
2369 2188 2492 2228 cum
2524 2171 2837 2226 Ardaburio
2876 2184 3077 2239 pugna,
3112 2182 3236 2220 cum
3276 2164 3485 2233 ingenti

1918 2279 2144 2319 suorum
2193 2266 2348 2320 clade
2393 2265 2575 2319 victus
2626 2265 2679 2317 in
2733 2263 2913 2332 fugam
2962 2276 3020 2317 se
3067 2259 3238 2314 dedit.
3270 2259 3345 2313 Ex
3380 2272 3488 2326 qua

1919 2372 2242 2421 conversus,
2277 2372 2376 2427 per
2414 2356 2861 2426 Mesopotamiam
2908 2355 3279 2408 Romanorum
3326 2351 3490 2404 ditio-

1920 2464 2068 2514 nem,
2114 2449 2368 2519 przesidio
2398 2450 2547 2503 omni
2593 2464 2824 2503 vacuam
2869 2447 3154 2507 invadere,
3186 2455 3241 2499 ct
3285 2445 3365 2498 sic
3399 2457 3493 2496 ac-

1919 2551 2091 2610 cepta:
2116 2541 2292 2596 cladis
2320 2541 2677 2611 ignominiam
2712 2542 2933 2619 abolere
2963 2539 3174 2593 statuit.
3202 2537 3365 2608 580
3391 2536 3493 2591 Ve-

1920 2649 2042 2687 rum
2078 2634 2369 2687 consilium
2413 2633 2560 2703 quod
2605 2631 2808 2687 Narses
2842 2640 3088 2701 ceperat,
3118 2630 3489 2684 Ardaburium

1921 2726 2090 2780 latere
2117 2741 2225 2779 non
2259 2725 2443 2795 potuit
2470 2743 2482 2779 :
2517 2726 2612 2795 qui
2635 2741 2798 2795 quam
2833 2725 3066 2779 maxima
3094 2724 3272 2794 potuit
3302 2722 3492 2776 celeri-

1923 2824 2067 2881 tate,
2121 2816 2345 2885 regiane
2399 2817 2646 2870 Azazena
2698 2832 2910 2871 summe
2970 2827 3217 2877 vastata.
3271 2824 3327 2869 et
3377 2813 3493 2882 ipse

1923 2908 2367 2978 Mesopotamiam
2417 2909 2595 2978 petiit.
2637 2908 2833 2963 Narses
2859 2909 3110 2979 quamvis
3158 2907 3290 2961 varii
3322 2922 3494 2975 gene—

1923 3002 2000 3055 ris
2027 3002 2212 3069 copias
2241 3009 2641 3065 coacervasset,
2668 3001 2879 3069 ingredi
2911 3010 3090 3053 tamen
3118 2998 3489 3051 Romanorum

1927 3093 2063 3146 fines
2095 3108 2264 3147 ausus
2298 3107 2406 3146 non
2438 3092 2562 3146 fuit.
2598 3092 2640 3145 Ε
2671 3091 2843 3146 Nisibi
2879 3101 3060 3145 autem
3096 3091 3337 3150 civitate.
3372 3105 3495 3157 quae

243 3183 457 3247 νεοθαι,
484 3182 646 3235 τόπον
677 3182 770 3233 καὶ
801 3180 1019 3251 ἡμέραν
1065 3181 1282 3249 ὁρίσας,
1318 3182 1556 3249 ὁπηνίκα
1612 3184 1810 3252 συρρα-

1925 3187 1975 3238 in
2016 3184 2218 3240 ﬁnibus
2250 3186 2537 3239 Persarum
2573 3196 2627 3240 et
2660 3183 3033 3239 llomanorum
3072 3187 3174 3238 sita
3213 3184 3494 3247 est,-Per-

196 3277 411 3345 στῆναι
470 3275 570 3345 τὴν
632 3275 815 3343 μάχην
873 3271 1070 3343 χρεών.
1129 3271 1191 3327 '0
1252 3272 1309 3326 δὲ
1359 3275 1472 3335 τοῖς
1524 3274 1818 3341 πρέσϐεσιν

1928 3279 2004 3332 sis
2037 3287 2217 3332 tamen
2260 3277 2527 3348 subjecta,
2570 3278 2885 3332 hominibus
2927 3277 3094 3336 certis
3132 3278 3198 3331 ad
3245 3276 3497 3332 Ardabu-

243 3369 516 3440 Ναρσαίῳ
542 3368 721 3419 εἰπεῖν
748 3366 998 3419 ἐκέλευεν
1030 3381 1045 3397 ο
1083 3367 1194 3435 Οὐχ
1220 3367 1313 3420 ὅτε
1354 3366 1417 3418 σὺ
1451 3366 1629 3438 βούλει
1660 3368 1821 3421 πολε-

246 3464 430 3534 μητέα
484 3458 627 3514 εἶναι
693 3459 1012 3529 Ῥωμαίοις,
1067 3459 1184 3512 ἀλλ’
1244 3459 1447 3513 ὁπόταν
1496 3460 1726 3523 ἐκείνοις
1758 3459 1819 3513 εὖ

242 3556 393 3625 ἔχειν
447 3554 658 3623 δοκοίη.
701 3551 937 3625 Μεγάλη
974 3552 1019 3605 δ’
1072 3549 1164 3604 οὖν
1209 3551 1435 3621 δυνάμει
1491 3552 1817 3623 προσϐαλεῖν

245 3650 473 3717 Πέρσην
535 3648 808 3714 οἰόμενος,
858 3644 980 3714 Θεῷ
1028 3643 1267 3714 τὴνοτοῦ
1324 3644 1565 3714 πολέμου
1629 3645 1823 3700 ἐλπίδα

245 3743 436 3793 πᾶσαν
464 3737 710 3809 ἀκριϐῶς
729 3735 967 3790 ἀνετίθει
1002 3735 1265 3806 μεγίστην
1295 3735 1389 3788 καὶ
1409 3736 1570 3799 αὐτὸς
1590 3735 1819 3806 δύναμιν

243 3829 795 3902 παρεσκευασμένος.
834 3826 977 3881 Ἀλλ’
1005 3827 1153 3890 ὅπως
1176 3827 1275 3896 τῆς
1306 3825 1455 3889 θείας
1480 3827 1819 3898 ηύμοίρησεν

246 3924 474 3993 ἀρωγῆς
501 3921 695 3986 ἐκείνῳ
740 3920 1056 3982 πιστεύσας,
1086 3918 1338 3972 ἐντεῦθεν
1389 3919 1691 3987 κατάδηλον
1729 3915 1817 3991 ἦν.

246 4015 337 4071 Ἐν
381 4015 616 4085 μεγίστη
638 4014 847 4083 ἀγωνία
881 4014 990 4067 τῶν
1018 4015 1076 4065 ἐν
1101 4013 1671 4066 Κωνσταντινουπόλει
1717 4031 1819 4066 κα-

244 4104 1092 4177 θισταμένων,ἀμφι6αλλόντων
1145 4104 1361 4174 ποτέρῳ
1399 4104 1502 4158 τῶν
1564 4105 1746 4175 μερῶν
1784 4107 1817 4175 ή

247 4202 371 4269 νίκη
395 4199 737 4266 ἐπιτελάσοι,
768 4196 990 4265 ἄγγελοι
1043 4196 1179 4249 θεῖοί
1231 4213 1341 4249 τισι
1390 4198 1519 4266 περὶ
1567 4196 1822 4251 Βιθυνίαν

246 4293 533 4361 ὀφθέντες,
564 4290 705 4344 κατά
737 4307 859 4343 τινα
882 4287 1070 4359 χρείαν
1095 4291 1163 4358 τῇ
1198 4288 1611 4341 Κωνσταντίνου
1634 4290 1823 4360 ἐπιδη-

253 4382 439 4452 μοῦσι,
494 4382 678 4448 λέγειν
736 4380 1015 4441 ἐκέλευον,
1071 4379 1204 4449 εὐχῇ
1260 4381 1406 4450 μάλα
1466 4382 1822 4450 προσκεῖσθαι

250 4475 343 4528 καὶ
369 4473 574 4543 θάρῤος
605 4472 751 4541 ἐχειν
781 4471 1030 4540 στερρὸν,
1060 4474 1155 4523 καὶ
1201 4471 1481 4523 πιστεύειν
1510 4472 1628 4542 Θεῷ
1682 4472 1756 4536 ῶς
1788 4474 1822 4543 ή

1928 3371 2069 3425 rium
2128 3372 2350 3435 missis,
2403 3371 2471 3426 de
2524 3374 2937 3426 conditionibus
2995 3388 3188 3442 pugna:
3248 3372 3499 3426 commit-

1932 3461 2134 3525 tendae,
2162 3460 2284 3515 loco
2313 3471 2369 3517 et
2394 3462 2484 3515 die
2515 3462 2837 3524 constituto,
2867 3462 3157 3517 certiorem
3189 3477 3314 3515 eum
3346 3462 3495 3517 fecit.

1930 3550 2031 3607 Cui
2074 3552 2166 3609 ille
2207 3554 2511 3608 renuntiari
2551 3555 2710 3625 jussit
2749 3574 2763 3608 :
2798 3555 3095 3619 Romanos,
3131 3570 3241 3609 non
3281 3557 3500 3625 quando

1930 3645 2023 3699 ille
2061 3647 2249 3710 Vellet,
2282 3647 2377 3700 sed
2410 3664 2521 3715 quo
2553 3658 2801 3717 tempore
2850 3648 2984 3716 ipsis
3023 3649 3370 3703 commodum
3414 3650 3498 3702 vi-

1933 3753 2053 3790 sum
2084 3750 2249 3801 esset,
2282 3740 2531 3808 praelium
2563 3740 2829 3795 facturos.
2862 3740 2924 3794 Et
2963 3756 3087 3795 cum
3135 3742 3355 3796 Persam
3390 3757 3501 3794 ma-

1934 3829 2055 3899 gnis
2087 3827 2299 3884 viribus
2350 3834 2538 3899 copias
2585 3846 2712 3885 suas
2760 3832 3077 3887 invasurum
3124 3843 3362 3901 putaret.
3405 3849 3501 3904 spe

1933 3921 2058 3974 belli
2091 3920 2241 3975 om‘ni
2291 3936 2643 3991 summopere
2697 3922 2751 3975 in
2808 3923 2973 3977 Deum
3011 3925 3297 3988 collocata,
3331 3927 3503 3979 maxi-

1935 4026 2051 4066 mas
2078 4022 2131 4066 et
2162 4012 2276 4081 ipse
2306 4013 2452 4067 vires
2488 4014 2782 4067 contraxit.
2815 4014 2919 4068 Sed
2952 4015 3097 4069 enim
3129 4017 3317 4069 divino
3346 4020 3501 4071 auxi-

1928 4101 2027 4166 lio,
2065 4118 2175 4172 quo
2209 4106 2441 4157 maxime
2483 4104 2706 4167 fidebat,
2737 4104 2984 4172 adjutuzu
3026 4121 3151 4159 eum
3196 4121 3339 4171 esse,
3373 4108 3499 4161 inde

1937 4193 2073 4247 satis
2133 4204 2369 4249 constat.
2434 4194 2492 4248 in
2550 4196 2686 4248 urbe
2740 4194 3387 4264 ConstantinOpolitana,
3447 4198 3499 4251 in

1936 4286 2099 4341 anxia
2136 4286 2508 4340 sollicitudine
2539 4302 2663 4340 cum
2705 4289 2855 4342 cives
2888 4296 3091 4347 essent.
3124 4296 3179 4341 et
3209 4287 3499 4340 addubita—

1936 4389 2063 4433 rent
2107 4380 2328 4434 cuinam
2375 4377 2519 4447 parti
2567 4380 2795 4433 victoria
2838 4381 3088 4434 arrisura
3123 4389 3290 4438 esset.
3320 4380 3499 4448 angeli

1936 4470 2033 4525 Dei
2066 4470 2398 4540 quibusdam
2434 4472 2486 4525 in
2519 4472 2789 4543 Bithynia,
2822 4452 3048 4541 propter
3079 4472 3357 4540 negotium
3385 4487 3504 4526 cer-

251 4565 376 4633 νίκη
446 4548 736 4632 Ῥωμαίων
782 4561 960 4616 ἔσται.
1008 4561 1410 4631 Προσετίθεσὰν
1460 4579 1523 4631 γε
1573 4563 1698 4634 μὴν,
1754 4564 1818 4626 ὡς

1940 4569 2051 4613 tum
2092 4560 2626 4629 Constantinepolim
2675 4561 2990 4629 petentibus
3025 4571 3349 4630 apparueie,
3380 4575 3502 4614 eos-

254 4656 346 4707 καὶ
375 4654 537 4705 αὐτοὶ
570 4651 865 4722 βραϐευταὶ
912 4654 1215 4723 πεμφθεῖεν
1247 4652 1457 4705 ἐκεῖθεν
1517 4653 1617 4721 τῆς
1644 4653 1826 4723 νίκης,

255 4749 349 4798 καὶ
388 4744 687 4812 Ῥωμαίοις
716 4745 786 4797 τὰ
809 4745 1047 4815 μάλιστα
1083 4746 1506 4813 συναρήγοντες.
1541 4747 1607 4797 '0
1636 4745 1701 4813 δὴ
1733 4746 1831 4797 καὶ

255 4841 334 4901 εἰς
366 4832 482 4891 ὦτα
512 4834 762 4897 ἐλθὸν,ού
797 4835 956 4904 μόνον
982 4834 1111 4896 τοὺς
1142 4836 1199 4885 ἐν
1229 4837 1295 4905 τῇ
1324 4835 1473 4887 πολει
1505 4835 1828 4907 ἐθάρρυνεν,

257 4932 391 4984 ἀλλά
424 4931 519 4982 καὶ
574 4930 645 4980 τὰ
690 4926 797 4980 τῶν
858 4925 1206 4996 στρατιωτῶν
1250 4928 1575 4996 φρονήματα
1632 4926 1831 4996 μᾶλλον

256 5023 591 5090 ἐπέρρωσεν.
627 5019 787 5071 Ἐπεὶ
816 5016 969 5085 γοῦν,
1002 5017 1078 5081 ὡς
1121 5017 1359 5087 εἴρηται,
1390 5019 1452 5069 ἐκ
1479 5018 1575 5086 τῆς
1629 5017 1832 5089 ’Δρμε-

258 5114 386 5165 νίων
460 5111 539 5173 είς
615 5107 1047 5175 Μεσοποταμίαν
1118 5108 1417 5179 μετεχώρει
1492 5111 1520 5162 ὁ
1576 5108 1828 5178 πόλεμος.

268 5204 531 5272 Ῥωμαῖοι
590 5199 1015 5265 κατακλείστους
1080 5202 1442 5269 ποιησάμενοι
1513 5200 1641 5262 τοὺς
1704 5204 1833 5271 περὶ

260 5298 477 5350 Νίσιϐιν
544 5294 742 5357 πόλιν,
809 5292 1208 5362 ἐπολιόρκουν,
1272 5295 1517 5363 πύργους
1588 5293 1831 5359 ξυλίνους

262 5385 677 5456 ἐσκευασμένοι,
710 5385 760 5438 οἳ
788 5386 1007 5453 τροχοῖς
1033 5399 1175 5438 τισιν
1206 5384 1269 5436 ἐκ
1298 5384 1552 5453 μηχανῆς
1592 5383 1833 5454 βαδίζον-

261 5497 369 5544 τες,
399 5483 514 5542 τοίς
536 5476 773 5547 τείχεσιν
794 5479 989 5548 ήγοντο
1013 5492 1028 5509 ·
1063 5477 1156 5530 καὶ
1187 5479 1252 5547 τῇ
1286 5478 1472 5545 μακρᾷ
1509 5478 1834 5548 τειχομαχίᾳ

264 5572 491 5634 πολλοὺς
524 5572 633 5624 τῶν
686 5571 892 5625 ἀνωθεν
943 5570 1304 5639 ἀμυνομένων
1356 5570 1641 5638 ἠφάνιζον.
1683 5568 1745 5622 Ὀ
1780 5571 1835 5620 δὲ

262 5664 365 5717 τῶν
404 5664 636 5735 Περσῶν
691 5662 948 5733 βασιλεὺς
992 5664 1245 5733 Βαράνης
1310 5661 1688 5732 πεπορθῆσθαι
1735 5661 1837 5732 μὲν

334 5841 407 5915 (l)
446 5840 661 5898 Socrat.
696 5840 793 5895 lib.
825 5856 917 5907 vn,
952 5856 1074 5909 cap.
1113 5840 1201 5900 18.

1935 4665 2043 4720 que
2084 4650 2156 4704 ibi
2204 4653 2537 4707 annuntiare
2574 4656 2811 4721 jussne,
2847 4662 2905 4705 ut
2941 4652 3015 4706 illi
3058 4654 3359 4721 precationi
3401 4652 3500 4704 ad-

1934 4740 2155 4794 modum
2209 4741 2613 4807 incumberent,
2660 4751 2714 4796 et
2758 4744 3001 4795 animum
3044 4743 3240 4797 fortem
3280 4741 3497 4794 obtine-

1936 4843 2090 4899 rent,
2138 4849 2201 4889 ac
2252 4834 2362 4889 Deo
2415 4837 2742 4899 crederent,
2796 4838 3079 4889 victoriam
3129 4836 3495 4889 liontanorvm

1938 4923 2057 4977 fore
2115 4924 2217 4996 (1),
2268 4925 2402 4980 illud
2456 4927 2683 4995 insuper
2736 4926 3036 4990 addentes,
3090 4926 3295 4979 indices
3351 4924 3498 4994 ipsos

1937 5015 2065 5070 inde
2094 5027 2149 5070 et
2178 5018 2404 5071 nuntios
2433 5017 2699 5079 victoriae,
2740 5018 2832 5085 qui
2882 5016 3140 5069 Romanis
3174 5025 3497 5084 pnesentem

1942 5109 2178 5162 maxime
2213 5124 2370 5178 opem
2410 5110 2605 5167 ferant,
2642 5124 2671 5162 a
2709 5110 2816 5161 Deo
2850 5109 3044 5162 missos
3076 5122 3216 5159 che.
3251 5106 3379 5170 Quae
3411 5120 3499 5158 res

1941 5199 2035 5253 ubi
2075 5200 2141 5253 ad
2177 5216 2338 5254 aures
2389 5201 2671 5254 hominum
2722 5200 2989 5268 pervenit,
3024 5214 3126 5249 non
3169 5197 3329 5249 modo
3367 5195 3501 5248 civi-

1939 5291 2042 5345 bus
2077 5292 2210 5360 ipsis
2237 5293 2480 5346 animum
2515 5291 2749 5353 addidit,
2786 5292 2880 5344 sed
2918 5292 3079 5343 etiam
3122 5289 3353 5341 militum
3390 5288 3502 5341 for-

1938 5384 2230 5439 titudinem
2281 5385 2641 5438 confirmavit.
2686 5384 2873 5452 Itaque
2924 5383 3014 5435 ubi
3068 5382 3293 5446 bellum,
3336 5380 3501 5435 sicuti

1936 5479 2144 5532 dictum
2179 5487 2281 5541 est,
2313 5492 2378 5530 ex
2409 5475 2664 5529 Armenia
2700 5475 2751 5527 in
2792 5472 3237 5541 idesrpotamiam
3275 5474 3503 5525 transla-

1939 5579 2052 5624 tum
2090 5578 2194 5632 est,
2228 5568 2455 5620 Romani
2489 5583 2581 5620 eos
2611 5567 2704 5632 qui
2744 5568 2793 5617 in
2830 5567 2961 5616 urbe
2997 5563 3170 5619 Nisibi
3206 5564 3377 5617 clausi
3418 5573 3505 5614 at-

1940 5677 2045 5731 que
2076 5657 2465 5715 circumvallati
2498 5666 2675 5721 erant,
2707 5656 2993 5711 obsidione
3028 5669 3358 5724 prementes,
3391 5665 3505 5707 tur-
