3962 6560
556 405 690 470 112i

1745 400 1790 463 N
1807 399 2171 462 lCEPHORI
2208 401 2555 463 CALLlSTI

3651 398 3763 465 112i

550 532 639 571 res
673 516 884 586 ligneas
916 510 1189 578 fecerunt,
1219 523 1339 582 quas
1374 508 1509 566 rotis
1543 507 1886 579 quibusdam'
1920 516 1975 562 et
2015 521 2128 561 ma-

2235 509 2335 580 τὴν
2372 507 2687 579 Ἀζαζηνῶν
2732 506 2916 578 χώραν
2989 504 3198 575 μαθὼν,
3243 506 3337 560 καὶ
3389 505 3514 568 τοὺς
3567 506 3662 562 ἀνά
3691 514 3768 580 τὴν

554 607 737 662 ειιὶιιίς
780 604 1108 676 ριόνοιυιω,
1143 600 1420 658 mmnibus
1456 599 1894 655 admovebantur
1925 615 1941 653 :
1973 606 2029 653 et
2060 612 2128 652 ex

552 700 635 754 eis
671 696 940 766 ldngiore,
972 709 1074 765 pro
1110 708 1289 759 muro,
1323 706 1505 763 pugna
1542 692 1859 757 commissa,
1895 690 2057 746 multi
2095 703 2127 743 e

553 790 840 859 snperiore
887 789 1012 843 loco
1057 788 1250 842 urbem
1299 796 1709 860 propugnantes
1753 784 2124 840 caedebantur.

556 883 799 935 Varanes
828 890 1013 935 autem
1046 879 1335 934 Persarum
1368 893 1465 931 rex
1497 877 1589 931 ubi
1615 876 1920 933 Azazenam
1951 875 2130 947 regio-

554 988 680 1027 nem
724 972 992 1033 excisam,
1033 979 1089 1025 et
1132 984 1264 1024 suos
1310 968 1487 1024 Nisibi
1540 968 1784 1024 inclusos
1837 968 2126 1022 muralium

557 1074 957 1119 tormentorum
1003 1064 1055 1117 vi
1104 1061 1267 1130 atlligi
1311 1061 1593 1130 cognovit,
1630 1060 1802 1129 copiis
1834 1075 1971 1129 quas
2010 1068 2124 1113 tum

556 1167 773 1225 paratas
811 1155 1050 1209 habebat
1087 1154 1367 1217 omnibus,
1403 1152 1677 1206 fortunam
1722 1150 1846 1205 belli
1887 1148 2126 1220 experiri

556 1262 848 1317 aggressus
895 1256 1000 1301 est.
1052 1244 1189 1301 Cum
1242 1259 1375 1298 vero
1433 1244 1813 1298 Romanorum
1864 1243 2123 1297 virtutem

558 1348 847 1402 metueret,
905 1336 1305 1391 Saracenorum
1362 1335 1583 1390 auxiliis
1638 1349 1771 1389 usus
1822 1343 1936 1397 est,
1987 1349 2127 1402 quos

555 1432 958 1485 Alamundarus
989 1430 1073 1483 vir
1107 1428 1267 1484 fortis
1300 1436 1353 1482 ct
1388 1428 1683 1481 bellicosus
1719 1424 1876 1479 duxit
1910 1442 1924 1479 :
1960 1424 2121 1496 481

556 1522 646 1590 qui
678 1536 801 1575 cum
835 1521 1003 1573 multa
1030 1535 1219 1574 eorum
1253 1519 1424 1573 millia
1454 1518 1529 1588 (1)
1566 1533 1752 1574 secum
1786 1517 2123 1581 adduxisset,

556 1612 700 1666 bono
744 1613 927 1665 animo
970 1628 1153 1682 regem
1197 1612 1488 1666 Persarum
1534 1625 1654 1665 esse
1692 1610 1888 1678 jussit,
1936 1624 2128 1677 quam-

558 1706 795 1775 primum
828 1722 884 1759 se
915 1704 1093 1774 primo
1118 1704 1377 1759 conllictu
1408 1704 1685 1759 Romanos
1711 1712 2122 1771 superaturum,

555 1807 720 1866 atque
758 1797 860 1867 ipsi
906 1812 1009 1850 una
1056 1812 1180 1851 cum
1234 1811 1426 1866 magna
1463 1795 1722 1865 Syrorum
1760 1796 1893 1847 urbe
1932 1793 2126 1848 Antio-

2233 600 2453 655 Νίσιδιν
2505 599 2825 671 εἱρχθέντας
2884 598 3205 669 συνέχεσθαι
3263 598 3363 667 ἤδη
3420 600 3489 668 τῇ
3539 598 3628 669 βία
3681 603 3769 655 τῶν

2234 692 2557 760 ἑλεπόλεων,
2584 696 2651 764 τῇ
2676 691 2956 763 προσαύσῃ
3014 692 3166 763 πάσῃ
3223 691 3451 760 δυνάμει
3505 692 3769 765 ἀποπειρᾶ-

2236 786 2362 840 σθαι
2421 787 2871 857 παρεσκευάζετο
2911 803 2925 818 ·
2978 785 3077 857 τὴν
3125 784 3184 839 δὲ
3235 782 3521 853 Ῥωμαίων
3573 784 3766 856 δύναμιν

2233 876 2640 940 ὕποδειλιάσας,
2688 878 3005 947 συμμάχοις
3053 877 3397 945 Σαρακηνοῖς
3448 875 3655 945 εχρῆτο,
3708 874 3767 932 ὧν

2245 970 2684 1039 ’Δλαμούνδαρος
2719 971 2926 1041 ἠγεῖτο,
2967 970 3108 1038 ἀνὴρ
3143 970 3392 1035 γενναῖος
3450 971 3545 1020 καὶ
3581 970 3764 1039 ἁρεῖκὸς

2233 1063 2302 1116 τά
2329 1062 2566 1132 πολέμια
2597 1068 2613 1084 ⁹
2654 1062 2712 1125 ὃς
2739 1062 2943 1124 πολλὰς
2979 1061 3251 1131 μυριάδας
3290 1060 3613 1129 Σαρακηνῶν
3655 1062 3761 1114 ἑκα-

2231 1157 2483 1224 γόμενος,
2516 1154 2741 1225 θαρρεῖν
2795 1153 3095 1224 παρηγγύα
3133 1151 3209 1220 τῷ
3269 1150 3494 1220 Περσῶν
3542 1150 3757 1220 βασιλεῖ’

2234 1246 2310 1315 μὴ
2336 1246 2445 1315 γὰρ
2474 1247 2607 1301 πολὺ
2632 1246 2885 1309 διελθεῖν,
2943 1246 3038 1298 καὶ
3098 1244 3409 1312 Ῥωμαίους
3467 1241 3561 1313 μὲν
3602 1244 3760 1316 πρώτη

2233 1336 2507 1406 προσϐολῇ
2538 1334 3016 1405 παραστήσεσθαι,
3050 1334 3145 1387 καὶ
3203 1331 3295 1384 ὑπ’
3328 1329 3479 1396 αὐτῷ
3512 1334 3667 1383 ποιεῖν
3690 1335 3763 1385 καὶ

2229 1428 2327 1498 τὴν
2383 1427 2534 1497 παρὰ
2594 1427 2792 1496 Σύροις
2864 1424 3109 1496 μεγάλην
3158 1425 3314 1476 πόλιν
3369 1422 3467 1493 τὴν
3506 1422 3762 1493 ’Δντιόχου.

2230 1518 2402 1571 Ταῦθ’
2430 1522 2458 1572 ὁ
2491 1519 2590 1589 μὲν
2613 1519 2798 1586 ἔλεγεν
2833 1533 2848 1548 ⁸
2878 1518 3087 1587 ἥκιστα
3106 1516 3162 1569 δὲ
3194 1516 3293 1568 καὶ
3317 1515 3398 1577 είς
3425 1513 3566 1577 ré‘m;
3601 1515 3762 1584 ἐκείνῳ

2230 1612 2258 1663 ὀ
2295 1610 2451 1677 λόγος
2476 1611 2698 1681 ἤρχετο.
2730 1610 2794 1662 Ol
2820 1610 2929 1677 γὰρ
2955 1601 3144 1676 ἑφόἷς
3177 1607 3400 1677 0αρρὦ
3427 1605 3764 1674 ᾗιε,Σαρικηο

2231 1701 2311 1753 vol
2345 1701 2540 1768 ἄλογον
2574 1700 2692 1762 δέος
2724 1699 3151 1768 εἰσδεδεγμένοι,
3184 1698 3280 1751 καὶ
3342 1695 3604 1767 φαντασίᾳ
3653 1698 3767 1764 λης-

2234 1791 2416 1856 θέντες
2453 1794 2685 1863 μεγίστῃ
2719 1793 2854 1862 πρὸς
2898 1791 3189 1861 Ῥωμαίων
3236 1791 3465 1859 δυνάμει
3512 1790 3764 1852 περιελαύο

556 1890 679 1945 chia
727 1890 1105 1959 subjecturum
1158 1903 1304 1950 esse,
1352 1887 1564 1941 dicens.
1603 1887 1727 1941 llaec
1774 1886 1864 1941 ille
1906 1884 2127 1955 quidem

2231 1880 2438 1944 νεσθαι,
2470 1884 2563 1933 καὶ
2594 1883 2653 1934 ὲν
2674 1884 2884 1951 ταραχῇ
2942 1880 3319 1939 καταστάντες
3371 1878 3594 1948 μεγάλη,
3642 1880 3762 1949 μήτε

555 1980 817 2050 iactabat,
852 1981 947 2034 sed
995 1980 1162 2035 verba
1210 1980 1330 2050 ejus
1369 1979 1597 2034 minime
1647 1978 1712 2032 ad
1752 1979 1961 2034 exitum
2002 1992 2128 2046 per-

558 2086 783 2125 venere.
812 2070 1025 2136 Quibus
1057 2085 1296 2140 namque
1329 2085 1423 2124 rex
1455 2069 1677 2134 tidebat,
1707 2067 1963 2123 Saraceni
1994 2082 2128 2137 prae-

560 2169 644 2215 ter
682 2161 947 2214 rationem
1000 2171 1211 2214 terrore
1255 2159 1520 2227 correpti,
1554 2168 1608 2212 et
1651 2173 1749 2228 per
1786 2157 2129 2227 imaginatio-

557 2268 684 2306 nem
718 2268 776 2306 se
812 2268 841 2305 a
884 2251 1135 2305 maximis
1180 2252 1555 2306 Romanorum
1596 2248 1772 2318 copiis
1819 2247 2126 2303 circumda-

561 2352 646 2397 tos
683 2342 917 2412 propelli
968 2341 1196 2411 opinati,
1233 2350 1396 2410 atque
1445 2340 1498 2394 in
1542 2354 1798 2408 magnum
1834 2338 2126 2392 tumultum

560 2433 818 2503 conjecti,
851 2432 923 2486 ita
979 2442 1036 2485 ut
1078 2447 1257 2500 neque
1299 2431 1430 2500 quid
1476 2431 1786 2485 faciendum
1823 2439 1988 2491 esset,
2021 2429 2129 2483 sci-

562 2534 708 2587 rent,
753 2539 859 2576 una
908 2539 1031 2577 cum
1083 2524 1253 2578 armis
1311 2523 1366 2576 in
1422 2522 1753 2593 Euphratem
1801 2538 2017 2576 amnem
2070 2537 2129 2575 se

562 2616 999 2684 pr;ecipitarunt.
1050 2614 1249 2684 Opinio
1298 2630 1429 2669 sane
1481 2616 1728 2680 obtinet,
1781 2626 2000 2669 centum
2055 2615 2128 2667 ibi

563 2706 807 2759 virorum
846 2707 1011 2759 millia
1047 2708 1297 2776 periisse.
1328 2707 1505 2774 Atque
1544 2707 1649 2760 hoc
1678 2708 1756 2759 sic
1784 2707 2006 2775 quidem
2045 2724 2131 2761 ae-

562 2798 719 2853 eidit.
767 2798 996 2851 Romani
1050 2812 1217 2862 vero,
1270 2797 1363 2866 qui
1412 2797 1666 2851 excitatis
1716 2801 2131 2869 expugnatoriis

563 2890 782 2943 urbium
820 2889 1088 2943 machinis
1127 2888 1358 2942 Nisibin)
1396 2889 1745 2951 obsidebant.
1786 2905 1910 2943 cum
1944 2891 2130 2944 audis-

562 2994 707 3049 sent,
738 2984 954 3036 Persam
987 2998 1233 3051 magnam
1265 2982 1685 3051 elephantorum
1719 2983 2127 3037 multitudinem

561 3076 859 3141 adducere,
890 3084 944 3128 et
970 3091 1031 3129 ea
1064 3077 1130 3127 de
1163 3090 1328 3130 causa
1362 3085 1508 3128 metu
1541 3077 1879 3129 consternati
1922 3088 2128 3143 essent,

561 3166 833 3221 machinis
879 3165 959 3220 eis
1008 3166 1267 3219 omnibus
1317 3165 1439 3236 igne
1487 3166 1853 3233 consumptis,
1893 3166 1962 3219 ad
2011 3167 2127 3221 loca

561 3273 657 3310 sua
692 3244 818 3310 Sunt
852 3256 1084 3309 reversi.
1119 3254 1391 3309 Caeterum
1420 3263 1551 3322 quot
1584 3263 1771 3322 postea
1804 3254 1987 3322 praelia
2020 3254 2129 3307 sint

560 3348 875 3413 commissa,
902 3356 956 3398 et
986 3345 1264 3415 quomodo
1288 3347 1430 3399 alius
1456 3345 1830 3399 Romanorum
1860 3344 1969 3398 dux
1993 3345 2130 3399 Are-

560 3438 803 3491 obindus
835 3436 1100 3505 singulari
1134 3437 1433 3490 certamine
1468 3453 1593 3492 eum
1634 3436 1728 3506 qui
1764 3436 1908 3506 apud
1938 3438 2130 3492 Persas

559 3522 807 3583 omnium
860 3527 1195 3583 fortissimus
1247 3528 1466 3581 habitus
1509 3537 1612 3593 est,
1656 3527 1999 3581 interemerit
2031 3545 2045 3580 :
2075 3538 2131 3583 et

556 3620 837 3689 quomodo
889 3619 1233 3674 Ardaburius
1278 3629 1488 3686 septem
1541 3619 1832 3674 Persarum
1878 3622 2131 3676 ductores

561 3712 779 3766 insidiis
837 3721 1099 3781 exceptos
1144 3709 1467 3775 trucidarit;
1514 3709 1701 3765 adhaec
1755 3718 1814 3764 ut
1857 3710 2126 3778 Vitianus,

564 3804 710 3857 alius
733 3802 1027 3857 Theodosii
1052 3802 1184 3864 dux,
1208 3800 1470 3868 reliquias
1496 3800 1897 3856 Saracenorum
1922 3804 2127 3872 optime

556 3895 907 3958 exstinxerit,
942 3892 1475 3962 praetermittendum
1509 3905 1629 3947 esse
1661 3907 1883 3959 censeo,
1915 3909 1983 3948 ne
2014 3894 2131 3948 lon-

559 3986 683 4054 gius
713 3994 867 4038 extra
900 3984 1243 4054 propositum
1279 3983 1577 4052 digrediar.
1615 3982 1913 4054 Imperator
1948 3985 2128 4041 Theo-

560 4075 751 4129 dosius
800 4091 887 4128 res
944 4076 995 4128 in
1045 4089 1113 4128 eo
1163 4074 1309 4128 bello
1357 4083 1556 4143 gestas,
1600 4074 1843 4129 Palladio
1892 4077 2129 4145 quodam

561 4181 785 4218 cursore
818 4164 986 4219 celeri
1025 4180 1177 4229 usus,
1209 4165 1617 4233 quamprimum
1651 4166 1925 4234 cognovit.
1956 4167 2049 4219 Vir
2083 4168 2130 4221 is

554 4275 689 4313 cum
738 4273 967 4326 corpore
1012 4259 1307 4323 robustus,
1353 4268 1466 4312 tum
1517 4257 1701 4311 animo
1745 4258 2129 4313 adamantinus

558 4350 664 4404 fuit
696 4367 708 4403 :
740 4349 832 4417 qui
862 4358 1011 4402 tanta
1042 4348 1322 4403 celeritate
1354 4364 1498 4418 equo
1529 4349 1772 4403 insidens
1806 4363 1993 4404 vectus
2019 4359 2123 4415 est,

565 4452 626 4493 ut
662 4441 858 4493 diebus
903 4440 1079 4499 tribus
1126 4441 1181 4493 in
1234 4441 1390 4504 ﬁnes,
1424 4441 1516 4509 qui
1558 4441 1721 4494 medii
1763 4441 1904 4495 inter
1935 4442 2130 4496 Persas

2229 1973 2386 2042 δρᾷν,
2427 1973 2549 2042 μηδ’
2582 1973 2730 2036 ὅπως
2758 1976 2905 2043 φυγῇ
2971 1971 3282 2042 χρήσασθαι
3336 1970 3570 2039 ἔχοντες,
3609 1971 3764 2036 αὐτοῖς

2229 2065 2415 2127 ὅπλοις
2453 2065 2604 2134 παρὰ
2642 2064 2733 2117 τὸν
2758 2064 3006 2132 ποταμὸν
3056 2064 3349 2133 Εὐφράτην
3372 2062 3611 2115 ἐνέϐαλον
3652 2064 3756 2116 Exu-

2231 2156 2378 2219 τούς.
2423 2158 2531 2210 Καί
2582 2173 2647 2224 γε
2698 2156 2854 2224 λόγος
2915 2160 3043 2228 περὶ
3097 2158 3229 2209 δέκα
3286 2155 3545 2227 μυριάδας
3587 2159 3767 2229 ἀνδρῶν

2231 2251 2409 2300 ὲκεῖσε
2442 2247 2829 2317 διαφθαρῆναι.
2859 2248 3030 2301 Τοῦτο
3064 2248 3161 2317 μὲν
3189 2247 3254 2317 δὴ
3283 2246 3521 2301 τοιοῦτον
3549 2251 3767 2302 συνέϐαι-

2232 2358 2346 2394 νῖν.
2394 2342 2458 2391 Ol
2527 2341 2584 2393 δὲ
2629 2341 2758 2408 περὶ
2803 2340 3017 2394 Νίσιϐιν
3083 2340 3181 2403 τὰς
3224 2340 3500 2402 ἑλεπόλεις
3544 2339 3765 2403 ἱστῶν-τες

2244 2433 2528 2499 Ῥωμαῖοι,
2561 2430 2861 2499 πυθόμενοι
2897 2432 2971 2494 ὡς
3002 2436 3031 2485 ό
3057 2433 3274 2505 Πέρσης
3321 2431 3616 2501 ἐλεφάντων
3650 2433 3764 2485 πολύ

2233 2542 2283 2576 τι
2314 2519 2517 2592 πλῆθος
2545 2524 2825 2591 ἐπάγοιτο,
2859 2524 2956 2577 καὶ
2996 2523 3075 2589 τῷ
3125 2525 3235 2578 δέει
3264 2525 3528 2592 παγέντες
3578 2525 3766 2588 ἁπάσας

2232 2619 2332 2673 τὰς
2360 2619 2788 2685 πολιορκητικᾰς
2851 2617 3100 2686 μηχανάς
3134 2618 3269 2688 πυρὶ
3297 2616 3605 2680 δεδωκότες,
3647 2617 3767 2686 πρὸς

2234 2706 2356 2765 τοὺς
2391 2706 2627 2768 οἰκείους
2666 2707 2868 2768 τόπους
2894 2706 3250 2775 ἀνέστρεφον.
3290 2707 3436 2761 Ἀλλ’
3462 2708 3641 2762 ὁπόσαι
3678 2709 3767 2777 μὲν

2233 2796 2427 2848 ἔπειτα
2463 2797 2731 2866 συμεολαὶ
2766 2798 2842 2866 τῷ
2871 2801 3010 2868 μετὰ
3040 2798 3215 2852 ταῦτα
3271 2798 3590 2867 συνέδησαν,
3639 2802 3768 2863 ὅπως

2235 2902 2291 2937 τε
2328 2887 2355 2936 ό
2388 2886 2679 2954 Ῥωμαίων
2708 2887 2897 2958 ἔτερος
2933 2890 3243 2960 στρατηγὸς
3276 2890 3602 2960 ’Δρεόῦινδος
3630 2908 3769 2960 μονο-

2237 2979 2409 3046 μαχία
2439 2979 2529 3030 τὸν
2557 2980 2708 3048 παρὰ
2741 2982 2980 3051 Πέρσαις
3039 2983 3219 3035 ἀνεῖλε
3275 2983 3617 3051 νομιζόμενον
3661 3000 3770 3050 γεν-

2234 3069 2536 3133 ναιότατον,
2578 3069 2661 3123 ἔτι
2689 3072 2745 3124 δὲ
2775 3074 2869 3125 καὶ
2903 3072 2982 3135 ὡς
3045 3073 3432 3145 ’Λρδασούριος
3478 3076 3599 3136 τοὺς
3646 3076 3769 3127 ἑπτά

2234 3159 2346 3211 τῶν
2378 3161 2603 3229 Περσῶν
2633 3166 2973 3232 στρατηγοὺς
3029 3165 3097 3219 δι’
3139 3168 3363 3237 ἐνέδρας
3422 3167 3556 3220 ἑλὼν
3598 3168 3768 3232 ἀνεῖλε,

2159 3219 2199 3272 C
2233 3250 2370 3319 πρὸς
2393 3219 2539 3323 δὲ’δὴ
2572 3219 2805 3317 τούτοις,
2823 3219 2934 3310 ’καὶ
2952 3219 3035 3320 ιῦς
3065 3219 3303 3320 Βιτιανδς
3328 3219 3487 3322 άλλος
3785 3284 3799 3301 ο

2233 3344 2537 3413 στρατηγὸς
2571 3345 2777 3415 ἀρίστῳ
2802 3347 2990 3417 τρόπῳ
3015 3348 3141 3411 τοὺς
3177 3349 3498 3412 ὲπιλοίττους
3528 3351 3766 3418 διέφθειρε

2231 3431 2338 3483 τῶν
2363 3432 2718 3503 Σαρακηνῶν,
2779 3438 3050 3507 παρήσειν
3105 3439 3251 3493 δοκῶ
3286 3458 3401 3511 μοι,
3448 3442 3533 3495 ἵνα
3585 3442 3652 3511 μὴ
3692 3441 3760 3494 τοῦ

2233 3526 2599 3594 προκειμένου
2626 3529 2783 3592 ἐκτὸς
2810 3533 3057 3597 γένωμαι
3081 3546 3096 3561 ⁸
3132 3534 3234 3587 ὅσα
3269 3535 3456 3603 μέντοι
3482 3536 3558 3604 τῷ
3581 3536 3765 3604 πολέμῳ

2232 3618 2465 3685 ἐγίνετο,
2504 3619 2699 3674 θᾶττον
2727 3620 2988 3691 ἐγνώριζε
3041 3623 3315 3694 βασιλεὺς,
3368 3626 3643 3698 Παλλαδίῳ
3682 3628 3770 3681 τινὶ

2230 3710 2556 3781 ταχυδρόμῳ
2590 3710 2895 3782 χρώμενος,
2924 3715 3080 3785 ἀνδρὶ
3099 3719 3333 3787 γενναίῳ
3384 3719 3482 3788 μὲν
3510 3719 3570 3771 τὸ
3617 3720 3770 3788 σῶμα,

2230 3802 2579 3873 άδαμαντίνῳ
2609 3805 2673 3858 δὲ’
2697 3806 2791 3859 καὶ
2820 3806 2999 3877 ψυχήν
3034 3824 3049 3840 ο
3076 3809 3231 3872 δςείς
3261 3812 3421 3864 τόσον
3467 3811 3587 3880 μεθ’
3624 3812 3770 3864 ἵππου

2230 3893 2474 3949 ἐλαύνων
2493 3896 2742 3967 ἐφέρετο,
2766 3897 2844 3961 ὡς
2873 3900 2932 3951 ἐν
2967 3900 3150 3969 τρισὶν
3176 3902 3419 3971 ἡμέραις
3446 3905 3583 3972 ταχὺ
3626 3919 3772 3955 κατα-

2230 3986 2527 4057 λαμϐάνειν
2566 3991 2695 4055 τοὺς
2738 3990 2920 4061 ὄρους,
2954 3991 3004 4044 οἶ
3037 3991 3242 4060 μεταξὺ
3284 3993 3511 4061 Περσῶν
3545 3994 3631 4047 καὶ
3654 3992 3769 4048 Ῥω-

2234 4084 2412 4153 μαίων
2439 4079 2580 4155 ἦσαν
2597 4102 2611 4116 ο
2632 4085 2823 4143 ἔπειτα
2842 4086 2898 4141 δὲ
2920 4088 3242 4158 ἰσαρίθμους
3262 4089 3612 4143 ἀναλίσκοντα
3631 4090 3769 4142 πάλιν

2230 4176 2322 4228 ἐπὶ
2352 4176 2451 4247 τὴν
2476 4179 2892 4233 Κωνσταντίνου
2928 4181 3313 4252 ὑποστρέφειν.
3344 4184 3423 4254 Τῇ
3449 4184 3507 4236 δὲ
3534 4182 3767 4253 ταχυτῆτι

2228 4266 2509 4336 χρώμενος
2528 4269 2586 4320 οὐ
2610 4270 2770 4338 μόνον
2791 4272 2870 4332 είς
2889 4270 3113 4341 Περσῶν
3128 4273 3276 4342 ὅρια,
3293 4273 3430 4326 ἀλλὰ
3445 4275 3539 4327 καὶ
3556 4275 3616 4328 τὰ
3630 4275 3768 4325 λοισὰ

2229 4356 2329 4422 τῆς
2375 4359 2700 4429 οἰκουμένης
2735 4362 3043 4430 τμήματα,
3091 4366 3301 4433 ταχέως
3332 4364 3611 4428 διίπτατο,
3652 4365 3766 4417 ὅπου

2229 4448 2273 4500 δ’
2297 4449 2363 4500 ἂν
2395 4450 2423 4501 ὁ
2455 4450 2676 4520 κρατῶν
2705 4451 3099 4516 ἑξαπέστελλεν
3127 4470 3141 4485 ο
3173 4457 3199 4506 ό
3219 4471 3248 4517 ς
3275 4456 3370 4508 καί
3398 4458 3528 4509 ποτέ
3543 4474 3654 4509 τινα
3678 4457 3765 4509 τῶν

554 4541 620 4584 et
661 4532 935 4606 ltomanos
975 4540 1125 4595 sunt,
1176 4532 1510 4600 pervenerit,
1562 4532 1899 4600 totidemque
1940 4544 2126 4601 postea

2234 4540 2533 4610 ἐλλογίμων
2574 4542 2783 4612 σφόδρα
2809 4546 2871 4595 τὸ
2893 4534 3059 4615 τάχος
3092 4546 3442 4615 θαυμάζοντα
3474 4550 3596 4616 περὶ
3630 4549 3763 4602 αὑτῶ

559 4620 760 4673 diebus
814 4620 1349 4687 Constantinopolim
1407 4637 1664 4676 reversus
1723 4622 1815 4676 sit.
1872 4621 1953 4675 Ob
2009 4638 2127 4676 eam

564 4728 700 4765 vero
737 4712 1097 4776 celeritatem,
1133 4728 1241 4765 non
1280 4710 1344 4764 ad
1383 4711 1672 4766 Persarum
1724 4714 1857 4766 lines
1898 4722 2129 4777 tantum,

558 4804 660 4858 sed
696 4806 760 4856 ad
802 4804 1039 4872 reliquas
1080 4804 1245 4857 etiam
1294 4803 1445 4858 orbis
1490 4816 1697 4872 partes,
1726 4819 1835 4873 quo
1868 4820 1993 4858 eum
2031 4805 2132 4857 iiu-

561 4907 786 4967 perator
852 4899 1042 4960 misit,
1111 4896 1523 4966 expeditissime
1591 4897 1922 4965 pervolavit.
1990 4897 2135 4962 Qua-

562 4999 795 5057 pmpter
822 4988 1119 5057 aliquando
1153 5004 1219 5040 ex
1252 4987 1531 5055 praeclaris
1556 4989 1688 5041 viris
1717 4987 1961 5055 quidam,
1993 4990 2135 5043 cele-

563 5070 785 5135 ritat’em
848 5081 969 5149 ejus
1022 5080 1325 5134 admiratus
1378 5079 1569 5133 dixit:
1619 5079 1805 5133 Virum
1846 5095 1971 5132 eum
2026 5089 2132 5133 tam

561 5174 800 5242 amplam
849 5173 1079 5227 Ron‘iani
1127 5172 1343 5241 imperii
1387 5172 1675 5233 ditionem,
1716 5183 1997 5242 angustam
2036 5188 2131 5228 ωι-

562 5265 749 5332 pedita
800 5265 1082 5319 celeritate
1137 5278 1235 5317 sua
1285 5262 1615 5317 reddidisse.
1648 5261 1731 5317 Ad
1784 5263 1923 5317 hanc
1966 5265 2132 5317 etiam

563 5357 855 5411 Persarum
905 5373 995 5411 rex
1040 5356 1342 5424 obstupuit,
1384 5354 1530 5423 quod
1568 5354 1840 5425 legatione
1878 5355 2131 5424 fungens,

564 5449 865 5502 multorum
921 5448 1139 5502 dierum
1194 5448 1296 5500 iter
1351 5456 1458 5500 tam
1517 5447 1773 5501 celeriter
1823 5446 2131 5517 perﬁceret.

567 5538 731 5610 482
788 5539 914 5593 llaac
973 5540 1041 5593 de
1100 5539 1361 5594 Palladio.
1427 5539 1772 5595 Theodosius
1836 5540 2135 5608 imperator

563 5627 1041 5700 Constantinopoli
1074 5629 1300 5701 degens,
1334 5630 1426 5693 ubi
1462 5629 1835 5688 Romanorum
1859 5632 2133 5691 divinitus

638 5808 714 5875 (ι)
755 5808 1037 5877 Μυριάδας
1072 5810 1231 5868 Socr.

2236 4631 2418 4699 φάναι,
2445 4632 2517 4693 ὡς
2558 4632 2617 4685 '0
2642 4633 2782 4702 ἀνὴρ
2813 4627 2968 4694 οὗτος
2992 4636 3240 4704 μεγάλην
3279 4636 3447 4690 οὖσαν
3501 4641 3596 4709 τὴν
3657 4640 3764 4690 Ῥω-

2236 4722 2411 4792 μαίων
2434 4723 2607 4793 ἀρχὴν
2632 4727 2873 4793 σμικρὰν
2905 4730 2970 4795 τῇ
2997 4728 3264 4797 ταχυτῆτι
3296 4730 3579 4794 ἀπέδειξεν
3605 4746 3619 4761 ο
3638 4730 3688 4782 ὅν
3712 4731 3763 4797 δὴ

2234 4816 2381 4868 καὶὸ
2413 4816 2638 4882 Περσῶν
2695 4817 2950 4884 βασιλεὺς
3006 4820 3384 4891 ἐξεπλήττετο.
3438 4824 3639 4876 πολλῶν
3671 4825 3764 4876 ὁδον

2234 4902 2455 4972 ἡμερῶν
2486 4904 2677 4956 θᾶττον
2711 4905 2787 4973 τῷ
2818 4907 3161 4976 πρεσϐεύειν
3198 4909 3454 4965 ἀνύοντα.
3505 4914 3608 4966 Καὶ
3662 4913 3763 4982 περὶ

2236 4993 2336 5059 μὲν
2360 4992 2661 5045 Παλλαδίου
2688 4996 2949 5051 τοσαῦτα.
2989 4998 3247 5062 Βασιλεὺς
3299 5000 3358 5053 δὲ
3416 5002 3677 5064 θεοδόσιος
3706 5006 3758 5070 τῇ

2237 5082 2651 5138 Κωνσταντίνου
2683 5087 2998 5155 διατρίϐων,
3024 5090 3232 5157 καὶτὴν
3271 5092 3336 5143 ὲκ
3380 5091 3517 5143 θεοῦ
3567 5094 3764 5161 Ῥωμαέο

2234 5191 2315 5237 οις
2358 5178 2753 5247 ὲπιγενομένην
2801 5182 2958 5249 νίκην
2997 5181 3172 5246 εἰδὼς,
3220 5181 3368 5235 οὕτω
3410 5186 3568 5247 καλός
3606 5203 3658 5239 τε
3689 5191 3765 5236 xi.

2234 5267 2435 5334 ἀγαθὸς
2459 5265 2546 5340 ἦν,
2564 5272 2637 5332 ὡς
2659 5272 2858 5340 καίπερ
2885 5274 3126 5342 εὐτυχῶς
3156 5273 3477 5344 πραξάντων
3492 5277 3761 5346 Ῥωμαίων,

2233 5358 2382 5427 ὅμως
2408 5364 2503 5412 καὶ
2540 5362 2712 5425 οὕτως
2750 5365 3005 5433 εἰρηνικά
3053 5369 3277 5435 φρονεῖν
3336 5372 3433 5424 καὶ
3474 5371 3759 5422 σπένδεσθαι

2237 5449 2549 5518 βούλεσθαι.
2578 5454 2686 5503 Καὶ
2708 5453 2774 5520 δη
2804 5454 2896 5505 τὸν
2952 5458 3328 5527 στρατηλάτην
3392 5458 3614 5512 Ἦλίωνα
3647 5462 3764 5526 τιέμ-

2233 5540 2361 5609 ψας,
2387 5541 2444 5593 ὃν
2473 5542 2560 5595 διὰ
2590 5545 2921 5613 περιφανοῦς
2956 5541 3060 5615 ἦγε
3098 5551 3288 5615 τιμῆς,
3350 5551 3567 5619 εἰρήνην
3622 5551 3767 5619 πράτ-

2234 5647 2346 5685 τειν
2378 5635 2511 5703 πρὸς
2545 5637 2756 5706 Πέρσας
2786 5638 3149 5693 ὲνεκελεύετο.
3179 5642 3293 5694 Καὶ
3322 5641 3380 5706 ὃς
3411 5648 3509 5714 τὴν
3541 5645 3763 5699 Mecone-
