4036 6562
272 466 281 474 .
339 421 474 485 1125

1285 413 1891 479 ECCLESIASTIC/E
1926 410 2317 472 HlSTORl/E
2355 411 2505 473 LIB.
2546 412 2707 473 XIV.

3450 410 3586 477 11:6

331 536 539 606 ταμίαν
610 532 968 596 καταλαϐὼν,
1028 533 1162 585 ὅπου
1228 530 1291 601 δή
1360 530 1639 599 Ῥωμαῖοι
1691 529 1912 598 βαθεῖαν

2018 541 2329 581 concessam
2361 526 2646 596 victoriam
2680 527 2918 589 rescivit,
2951 536 3056 582 tam
3087 529 3265 584 bonus
3294 526 3587 585 honestus-

334 632 543 698 τάφρον
602 627 921 698 ὀρύττοντες
995 625 1202 678 οἰκείαν
1280 624 1532 693 φυλακὴν
1591 621 1905 683 ἐποιοῦντο,

337 724 643 791 Μσξιμῖνον
696 722 867 791 ἄνδρα
930 719 1211 787 ἐλλόγιμον
1264 716 1480 786 ἔπεμπε
1533 716 1633 785 τὴν
1682 714 1908 786 εἰρήνην

340 813 920 883 πραγματευσόμενον.
985 808 1211 877 Ἐπίσης
1282 808 1339 860 δὲ
1394 791 1763 877 Ἀρδαϐουρίῲ
1810 805 1910 871 τῆς

339 905 608 975 καθέδρας
666 904 883 972 μετεῖχε
915 916 927 928 ’
957 899 1051 953 καὶ
1087 902 1221 968 πρὸς
1276 898 1367 950 τὸν
1418 897 1641 966 Περσῶν
1685 895 1913 965 βασιλέα

331 1001 651 1070 γενόμενος,
688 996 838 1062 παρὰ
867 994 974 1045 τῶν
1011 993 1334 1063 στρατηγῶν
1367 992 1652 1060 σταλῆναι,
1691 992 1751 1044 ού
1806 990 1912 1060 μὴν

336 1090 489 1160 παρὰ
514 1088 608 1141 τοῦ
643 1087 904 1158 βασιλέως
927 1085 1081 1154 ἔλεγε
1108 1101 1122 1114 ·
1162 1085 1426 1155 μηδὲγὰρ
1456 1083 1729 1151 ἐγνῶσθαι
1789 1099 1912 1134 του-

338 1183 452 1235 τονὶ
484 1182 578 1234 τὸν
629 1179 866 1248 πόλεμον
901 1178 1133 1247 βασιλεῖ,
1185 1176 1448 1230 ἀλλὰκαὶ
1498 1177 1813 1245 γνωσθέντα
1854 1178 1913 1229 ἐν

338 1274 512 1327 οὐδενί
532 1270 874 1342 νομίζεσθαι.
908 1270 1015 1323 Τοῦ
1063 1270 1120 1323 δὲ
1165 1268 1414 1340 Βαράνου
1464 1269 1559 1339 τὴν
1615 1269 1915 1340 πρεσϐείαν

338 1367 766 1435 εἰσδεχομένουο
836 1363 981 1433 λιμῷ
1066 1364 1177 1435 γὰρ
1250 1362 1491 1432 πλείστῳ
1567 1365 1601 1432 ή
1685 1362 1914 1430 στρατιὰ

340 1459 628 1523 ἐπιέζετο,
677 1458 727 1510 οἰ
788 1460 918 1528 παρ’
974 1456 1170 1528 ἐκείνῳ
1237 1455 1569 1525 κεκλημένοι
1629 1454 1913 1508 Ἀθάνατοι

341 1552 599 1627 (ἀριθμὸς
622 1552 678 1605 δέ
715 1547 871 1612 οὗτος
909 1551 1117 1621 μυρίων
1145 1549 1421 1603 ἐκλεκτῶν
1465 1548 1610 1617 μάλα
1638 1549 1733 1601 καὶ
1791 1564 1914 1614 γεν-

338 1647 504 1701 ναίων
535 1644 768 1715 ἀνδρῶν)
801 1644 1140 1713 προσιόντες,
1189 1641 1263 1712 μὴ
1312 1640 1580 1710 πρότερον
1626 1639 1917 1708 καταδέχε-

344 1737 466 1790 σθαι
497 1736 597 1804 τὴν
624 1735 846 1805 εἰρήνην
875 1732 1087 1802 βασιλεῖ
1105 1732 1311 1800 ἔλεγον,
1347 1732 1477 1802 πρὶν
1507 1731 1572 1786 ἂν
1622 1731 1915 1800 Ῥωμαίοις

340 1825 672 1896 ἀφυλάκτως
700 1813 915 1891 ἔχουσιν
942 1819 1365 1872 ἐπεισπέσωσιν.
1398 1811 1493 1879 Οἷς
1515 1819 1580 1888 δή
1612 1819 1704 1870 καὶ
1736 1834 1916 1887 παρα-

340 1915 587 1978 πεισθεὶς
645 1912 935 1984 βασιλεὺς,
1002 1911 1228 1981 Περσῶν
1284 1911 1374 1963 τὸν
1426 1910 1522 1980 μὲν
1571 1907 1813 1977 πρέσϐυν
1857 1911 1914 1962 ἐν

337 2007 637 2078 ἀπορρήτῳ
668 2004 1040 2067 κατακλείσας
1091 2002 1362 2070 ἐφύλαττε
1398 2017 1414 2033 ο
1449 2001 1576 2063 τοὺς
1605 2001 1649 2053 δ’
1695 2000 1917 2054 Ἀθανά-

337 2117 461 2164 τους
492 2098 757 2163 ἐκείνους,
790 2096 946 2165 λόχον
974 2094 1151 2148 ἐποίει
1215 2093 1509 2162 Ῥωμαίοις
1545 2109 1559 2123 ·
1595 2092 1644 2145 οἳ
1690 2094 1782 2146 καὶ
1835 2094 1916 2154 εἰς

338 2193 433 2246 δύο
469 2193 751 2261 γενόμενοι
789 2191 1067 2257 τάγματα,
1129 2187 1295 2255 μέσον
1355 2180 1689 2256 περικλείειν
1760 2187 1916 2236 ἐπει-

343 2284 514 2354 ρῶντο
536 2284 735 2351 μ’ῖραν
756 2281 856 2334 οὐκ
909 2278 1198 2348 ἐλαχίστην
1258 2276 1549 2345 Ῥωμαίων
1605 2275 1749 2328 τινά.
1786 2275 1919 2327 Ῥω-

346 2378 494 2445 μαῖοι
524 2374 581 2428 δὲ
610 2375 748 2444 πρὸς
782 2374 880 2442 μὲν
911 2374 1164 2440 θάτερον,
1189 2369 1218 2422 θ
1274 2370 1340 2439 δὴ
1391 2370 1486 2423 καὶ
1547 2368 1754 2435 ἐώρων,
1784 2366 1920 2435 πρὸς

340 2470 521 2522 ἐκεῖνο
548 2467 647 2520 καὶ
668 2461 816 2519 οῦτοι
853 2460 1336 2532 παρεσκευάζοντο
1374 2460 1400 2490 ”
1427 2457 1582 2511 οὔπω
1617 2459 1722 2528 γὰρ
1761 2457 1920 2509 θάτε-

342 2576 435 2631 ρον
458 2555 598 2611 εἶδον
624 2572 638 2588 ⁸
667 2556 934 2624 ἐξαπίνης
982 2557 1090 2623 γὰρ
1122 2553 1358 2619 ἔδραμεν
1388 2567 1402 2583 ·
1439 2551 1541 2622 ήδη
1597 2550 1654 2603 δὲ
1714 2550 1922 2621 συρρή-

338 2648 570 2718 γνυσθαι
595 2647 898 2717 μελλόντων
927 2644 1035 2697 τῶν
1063 2644 1516 2713 στρατευμάτων,
1544 2641 1681 2712 πρὸς
1711 2641 1918 2710 ἄλληλα

341 2738 475 2791 Θεοῦ
542 2738 773 2809 προνοίᾳ
839 2736 946 2789 τινὶ
994 2736 1225 2803 στρατὸς
1292 2734 1580 2802 Ῥωμαίων
1630 2734 1816 2803 ἕτερος
1856 2732 1920 2785 ἐκ

343 2847 489 2893 τινος
521 2830 758 2898 γηλόφου
816 2825 1200 2897 προύφαίνετο,
1239 2827 1532 2896 Προκοπίῳ
1581 2826 1656 2894 τῷ
1687 2843 1921 2895 στρατη-

342 2924 480 2995 λάτῃ
503 2924 771 2992 ἀγόμενος
802 2937 818 2953 ·
853 2922 909 2984 ὃς
935 2922 994 2972 ἐν
1031 2918 1263 2988 κινδύνῳ
1316 2919 1756 2988 ἀπειλημμένους
1794 2920 1920 2979 τοὺς

346 3011 653 3080 ὁμοφύλους
706 3009 852 3075 ἰδὼν,
913 3012 1028 3073 τοῖς
1080 3008 1315 3078 Πέρσαις
1377 3009 1720 3078 ἐπιθέμενος,
1780 3010 1919 3062 κατὰ

344 3101 517 3152 νώτου
581 3096 802 3167 ἐχώρει.
865 3097 976 3149 Καὶ
1028 3096 1078 3149 οἰ
1136 3095 1245 3166 πρὸ
1308 3095 1535 3166 βραχέος
1600 3096 1918 3163 μεσολαϐεῖν

347 3193 635 3264 μέλλοντες
667 3187 1099 3259 μεσολαϐοῦνται
1131 3186 1446 3256 Ῥωμαίοις.
1477 3188 1584 3240 Καὶ
1608 3187 1918 3249 κτείναντες
1946 3220 1986 3275 C

343 3288 613 3348 ἅπαντας,
645 3283 859 3335 ἐκεῖθεν
884 3283 1020 3351 πρὸς
1037 3280 1161 3341 τοὺς
1188 3281 1252 3332 ἐκ
1275 3279 1377 3348 τῆς
1407 3278 1633 3347 ἐνέδρας
1664 3278 1915 3341 ἐπιόντας

342 3376 682 3447 ἐτράπησαν.
734 3372 1076 3442 Ἐπίσηςδὲ
1137 3373 1427 3433 κάκείνους
1488 3373 1600 3433 τοῖς
1648 3371 1915 3434 ἀκοντίοις

342 3467 682 3537 διέφθειραν.
703 3463 860 3517 Οὕτω
888 3465 989 3533 μὶν
1021 3461 1115 3516 οῦν
1153 3463 1201 3514 οἰ
1231 3461 1384 3531 παρὰ
1418 3460 1651 3529 Πέρσαις
1696 3458 1919 3511 Ἀθάνα-

344 3576 426 3613 τοι
490 3557 680 3627 θνητοὶ
743 3554 947 3619 πάντες
1015 3552 1279 3623 ἐξαπίνης
1349 3551 1699 3622 ἐδείχθησαν,
1751 3550 1916 3603 αὑτοῦ

342 3649 585 3723 Χριστοῦ
645 3648 745 3721 τὴν
805 3648 960 3718 δίκην
1009 3647 1249 3724 Πέρσαις
1299 3644 1737 3715 εἰσπραξαμένου
1767 3657 1780 3673 ⁸
1835 3638 1917 3706 οἷς

340 3752 439 3802 οὐκ
464 3746 782 3816 ἐλαχίστους
822 3742 933 3796 τῶν
979 3743 1192 3797 ἐκείνου
1253 3741 1609 3811 θεραπευτῶν
1665 3740 1917 3809 εὐσεϐείᾳ

341 3839 721 3909 διενεγκόντας
769 3835 986 3907 πικρῶς
1038 3834 1134 3888 τοῦ
1187 3834 1287 3905 ζῇν
1338 3833 1703 3902 ὑπεξήγαγον.
1745 3833 1803 3885 '0
1859 3830 1929 3883 δὲ

342 3933 595 4003 βασιλεὺς
658 3929 890 3999 Περσῶν
941 3927 1084 3980 οὕτω
1137 3926 1482 3996 δυστυχήσας
1536 3926 1916 3995 προσεποιεῖτο

342 4025 438 4095 μὲν
471 4023 639 4094 μηδὲν
665 4021 860 4074 εἰδέναι
889 4020 994 4072 τῶν
1016 4018 1348 4088 γενομένων,
1395 4018 1486 4070 καὶ
1533 4016 1625 4069 τὸν
1670 4015 1917 4086 πρέσϐυν

340 4116 529 4178 λύσας,
568 4113 670 4183 τὴν
707 4110 1006 4181 πρεσϐείαν
1057 4111 1316 4180 προσίετο
1350 4108 1593 4162 ἐπειπών
1622 4125 1635 4139 ·
1671 4110 1745 4162 Οὐ
1783 4107 1918 4163 Ῥω·

344 4204 525 4274 μαίοις
550 4202 914 4273 χαριζόμενος
943 4202 1045 4270 τὴν
1093 4201 1318 4271 εἰρήνην
1368 4202 1732 4265 ἀσπάζεσθαι,
1783 4200 1918 4255 ἀλλὰ

343 4297 426 4349 σοί
452 4313 516 4364 γε
551 4296 771 4348 πάντων
798 4294 1047 4362 περιόντι
1081 4293 1344 4363 φρονήσει
1374 4295 1473 4362 τὴν
1504 4294 1663 4362 χάριν
1715 4295 1918 4363 ταύτην

340 4386 521 4448 εἰδώς.
564 4385 622 4438 '0
648 4383 750 4453 μὲν
777 4380 871 4437 οὖν
904 4385 1173 4449 Περσικὸς
1203 4383 1441 4452 πόλεμος
1476 4383 1562 4436 διὰ
1613 4382 1739 4445 τοὺς
1768 4400 1920 4453 κινη-

341 4480 533 4540 θέντας
562 4479 742 4530 ἐκεῖσε
802 4476 1223 4546 Χριστιανικοῦς
1257 4475 1536 4545 διωγμοὺς
1587 4475 1689 4546 τὴν
1743 4476 1918 4546 ἀρχὴν

339 4570 602 4639 εἰληφὼς,
628 4570 749 4621 τότε
776 4568 839 4638 δὴ
872 4568 970 4621 καὶ
1000 4567 1153 4630 τέλος
1188 4567 1498 4634 ἐλάμϐανεν
1538 4583 1553 4600 ο

341 4663 563 4732 πολέμῳ
602 4662 693 4714 καὶ
714 4660 996 4729 ὁδιωγμὸς
1021 4660 1387 4712 κατεπαύετο.

2014 634 2121 686 quc
2160 618 2284 684 fuit,
2318 631 2379 675 ιιι
2413 621 2580 674 etiam
2630 620 2885 674 secundis
2929 608 3098 675 rebus
3131 622 3267 685 suis,
3305 624 3455 691 pacis
3506 633 3588 677 ta-

2018 725 2141 764 men
2172 712 2407 766 consilia
2434 722 2675 782 caperet,
2710 723 2763 767 et
2794 728 2918 766 cum
2950 696 3207 767 hostibus
3232 714 3413 768 foedus
3445 715 3585 769 inire

2014 801 2200 856 vellet.
2250 804 2538 858 Helionem
2584 803 2756 873 igitur
2799 803 2998 858 ducem
3049 805 3245 858 illustri
3291 806 3581 875 prard‘ttutn

2016 891 2303 961 dignitate,
2335 896 2401 949 ad
2450 911 2636 964 pacem
2684 912 2808 951 cum
2845 897 3026 952 Persis
3066 898 3368 952 faciendam
3414 903 3587 955 misit.

2016 985 2195 1054 Atque
2225 988 2271 1040 is
2302 999 2592 1057 postquam
2624 990 2678 1043 in
2710 990 3154 1058 Mesopotamiam
3191 997 3454 1059 pervenit,
3491 994 3584 1046 ubi

2017 1078 2247 1133 Romani
2305 1081 2509 1134 fossam
2565 1082 2756 1147 altam,
2803 1098 2924 1151 qum
2973 1084 3232 1151 praesidio
3283 1085 3364 1138 eis
3417 1096 3584 1148 esset,

2018 1168 2311 1233 duxerant,
2346 1170 2727 1233 Maximinum,
2761 1172 2937 1224 virum
2974 1173 3321 1241 praeclarum,
3357 1181 3412 1226 et
3441 1176 3588 1242 ejus-

2017 1260 2141 1313 dum
2171 1273 2295 1314 cum
2324 1260 2638 1317 Ardaburio
2665 1264 2968 1333 dignitatis.
3000 1265 3093 1333 qui
3126 1267 3191 1318 de
3219 1280 3351 1333 pace
3379 1273 3585 1335 ageret,

2018 1352 2084 1405 ad
2141 1351 2363 1440 Persam
2411 1353 2631 1423 legavit.
2680 1355 3011 1410 Maximinus
3054 1356 3197 1425 apud
3239 1372 3419 1427 regem
3459 1372 3515 1410 se
3555 1372 3586 1411 a

2018 1444 2289 1509 ducibus,
2335 1460 2447 1499 non
2500 1447 2567 1501 ab
2621 1446 2957 1515 imperatore
3006 1447 3126 1516 ipso
3185 1448 3410 1501 missum
3465 1462 3591 1500 esse

2017 1537 2156 1591 dixit
2184 1555 2197 1591 :
2232 1539 2383 1591 illum
2413 1540 2557 1592 enim
2588 1538 2790 1591 bellum
2820 1542 2921 1592 hoc
2954 1540 3198 1605 nescire;
3231 1548 3395 1608 atque
3419 1541 3582 1593 etiam

2019 1639 2076 1685 ut
2098 1630 2149 1683 id
2178 1631 2411 1684 maxime
2439 1631 2629 1695 sciret,
2657 1631 2809 1699 parvi
2843 1626 3021 1684 tamen
3052 1631 3256 1685 facere.
3285 1634 3454 1686 Porro
3480 1632 3587 1686 Va-

2020 1737 2151 1775 rane
2186 1723 2513 1791 legatiom-m
2545 1738 2664 1777 eam
2704 1724 3030 1792 recipiente.
3063 1704 3209 1794 quod
3242 1724 3383 1779 fame
3418 1726 3591 1779 maxi-

2019 1824 2105 1862 ma
2163 1813 2441 1865 exercitus
2505 1815 2624 1880 ejus
2683 1824 3053 1879 premeretur.
3108 1816 3200 1884 qui
3258 1817 3399 1885 apud
3460 1832 3588 1869 eum

2022 1902 2364 1959 lmmortales
2393 1906 2467 1974 (i)
2498 1915 2764 1958 voeantur
2796 1906 3007 1969 (decem
3038 1908 3269 1961 millium
3300 1925 3589 1962 numerum

2023 1994 2095 2056 ii,
2153 1995 2852 2049 delectorunradmodum
2918 2006 2974 2050 et
3033 1999 3255 2051 fortium
3302 2001 3588 2062 virorum,

2020 2088 2321 2156 complent)
2366 2104 2494 2141 eum
2541 2089 2771 2144 adiere:
2803 2100 2859 2144 et
2896 2106 2964 2145 ne
3001 2092 3155 2159 prius
3191 2108 3375 2159 pacem
3417 2093 3593 2146 susci-

2022 2188 2196 2250 peret,
2246 2197 2408 2250 quam
2447 2182 2710 2250 impetum
2752 2182 2806 2236 in
2840 2182 3116 2238 Romanos
3162 2201 3348 2254 parum
3397 2196 3591 2240 cautos

2021 2274 2122 2341 ipsi
2162 2274 2441 2337 fecissent,
2479 2275 2839 2329 admonuere.
2882 2276 3095 2341 Quibus
3138 2294 3233 2333 rex
3270 2280 3587 2346 obsecutus,

2021 2375 2298 2421 oratorem
2330 2368 2554 2437 quidem
2590 2368 2644 2422 in
2684 2368 2872 2422 abdito
2907 2369 3028 2424 loro
3061 2372 3305 2426 clausum
3341 2388 3591 2427 asserva-

2020 2460 2100 2513 vit
2145 2458 2570 2517 :lmtnortales'
2603 2470 2787 2514 autem
2856 2462 2982 2515 illos
3038 2463 3269 2518 insidias
3328 2464 3594 2520 Romanis

2020 2560 2237 2607 struere
2261 2552 2447 2621 jussit.
2483 2552 2585 2617 Qui
2635 2553 2883 2607 bifariam
2926 2554 3111 2620 divisi,
3151 2556 3205 2609 in
3251 2558 3431 2611 medio
3472 2574 3598 2626 par-

2024 2650 2131 2694 tem
2177 2641 2474 2711 quamdam
2525 2643 2754 2695 tiomani
2803 2646 3077 2699 exercitus
3125 2662 3232 2700 non
3270 2647 3592 2712 minimam,

2021 2734 2450 2787 circumventam
2506 2732 2838 2787 concludere
2888 2734 3205 2790 voluerunt.
3250 2737 3479 2792 Romani
3524 2738 3592 2793 ad

2024 2830 2260 2876 turmam
2308 2816 2549 2877 hostiUm
2595 2840 2736 2890 eam,
2778 2841 2940 2894 quam
2993 2835 3416 2896 conspexerant,
3460 2845 3593 2884 con-

2024 2918 2169 2970 versi
2201 2917 2541 2971 ferebantur.
2576 2918 2830 2974 Nondum
2871 2920 3015 2972 enim
3051 2920 3299 2982 alteram,
3334 2938 3456 2992 qua:
3489 2923 3591 2978 de-

2022 3021 2247 3080 repente
2306 3020 2680 3079 procurrerat,
2730 3013 3009 3067 videbant.
3067 3013 3129 3066 Et
3172 3016 3282 3082 jam
3336 3015 3481 3070 inter
3529 3032 3590 3072 se

2024 3105 2170 3155 acies
2219 3103 2661 3165 concurrebant,
2718 3118 2842 3156 cum
2899 3103 2991 3156 Dei
3040 3106 3424 3173 providentia,
3471 3108 3593 3161 alite

2024 3191 2393 3248 Romanorum
2433 3195 2604 3261 c0piaa
2634 3209 2700 3246 ex
2733 3195 2872 3247 colle
2901 3195 3157 3264 quopiam
3194 3198 3595 3265 prospicientes

2020 3298 2345 3352 apparuere,
2399 3284 2655 3353 Procopii
2718 3284 2874 3339 ducis
2926 3287 3078 3355 signa
3129 3297 3445 3356 sequentes,
3498 3291 3591 3357 qui

2020 3376 2168 3428 cives
2209 3390 2343 3429 suos
2392 3375 2447 3429 in
2483 3375 2782 3431 discrimen
2832 3379 3112 3447 conjectos
3157 3378 3370 3444 videns,
3404 3392 3596 3437 contra

2018 3465 2214 3521 Persas
2264 3466 2441 3535 duxit,
2490 3483 2693 3537 eosque
2745 3484 2774 3522 a
2825 3477 2977 3539 tergo
3030 3486 3318 3542 aggressus
3368 3481 3471 3528 est.
3514 3474 3595 3529 Ita

2018 3557 2247 3625 factum,
2280 3568 2348 3613 .ut
2395 3559 2491 3629 qui
2542 3560 2706 3629 paulo
2757 3572 2881 3616 ante
2935 3563 3266 3633 intercipere
3318 3563 3598 3621 Romanos

2020 3651 2328 3717 voluerint,
2369 3652 2481 3722 “ipsi
2533 3652 2602 3706 ab
2655 3652 2765 3708 illis
2809 3653 2923 3707 sint
2978 3655 3355 3712 circumventi.
3406 3656 3595 3712 Nostri

2018 3745 2277 3799 omnibus
2315 3745 2423 3800 illis
2462 3744 2682 3809 occisis,
2718 3746 2784 3801 ad
2826 3763 2922 3801 eos
2961 3748 3085 3803 inde
3129 3749 3223 3818 qui
3265 3764 3330 3803 ex
3372 3749 3594 3804 insidiis

2018 3835 2336 3910 prodibant,
2383 3838 2660 3903 conversi,
2714 3838 2906 3893 itidem
2956 3839 3080 3894 illos
3131 3856 3351 3910 quoque
3391 3842 3597 3913 jaculis

2016 3926 2394 3997 confecerunt.
2456 3929 2536 3984 Ad
2594 3929 2742 3984 hunc
2796 3930 2964 4000 igitur
3022 3932 3242 3986 modum
3297 3934 3388 4002 qui
3442 3936 3595 4003 apud
3651 3984 3657 3989 .

2018 4018 2214 4073 Persas
2261 4027 2391 4072 sunt
2437 4019 2803 4084 lnnnortales,
2848 4022 3032 4075 subito
3087 4026 3345 4078 mortales
3395 4040 3595 4079 omnes

2018 4128 2139 4167 esse
2170 4113 2437 4181 comperti
2487 4122 2635 4177 sunt,
2674 4113 2792 4183 ipso
2824 4129 2853 4167 a
2891 4114 3076 4169 Persis
3111 4130 3304 4184 ptruas
3339 4128 3598 4172 sumente

2020 4203 2277 4270 Christo,
2329 4215 2618 4274 propterea
2672 4205 2820 4275 quod
2868 4204 3139 4274 plurimos
3181 4206 3298 4277 ejus
3346 4208 3601 4263 cultores

2022 4295 2222 4365 insigni
2271 4296 2471 4365 pietate
2524 4298 3114 4365 praestantesyacerba
3159 4308 3334 4352 morte
3387 4299 3591 4352 multa-

2019 4388 2153 4442 rint.
2180 4388 2491 4459 483.1{ex
2526 4399 2706 4442 autem
2740 4391 3028 4444 Persarum
3060 4390 3214 4444 clade
3244 4405 3307 4443 ea
3338 4401 3591 4460 accepta,

2020 4478 2161 4531 nihil
2189 4494 2247 4532 se
2278 4494 2465 4532 carum
2506 4494 2687 4532 rerum
2723 4480 2864 4533 scire
2907 4480 3244 4544 assimilavit,
3274 4488 3329 4533 et
3364 4492 3591 4535 oratore

1608 4567 1703 4621 ἐπὶ
1729 4568 1786 4621 δὲ
1838 4568 1916 4639 τῷ
1949 4557 1994 4611 Ῑ)
2021 4584 2052 4624 e
2094 4570 2341 4623 custodia
2388 4570 2612 4634 emisso,
2648 4571 2978 4639 legationem
3013 4572 3218 4640 recepit
3252 4589 3264 4624 :
3295 4586 3483 4641 pacem
3527 4586 3594 4627 se

2021 4676 2132 4716 non
2164 4671 2224 4715 ut
2247 4660 2512 4717 Romanis
2540 4663 2962 4733 gratiﬁcaretur,
2987 4665 3081 4719 sed
3104 4661 3304 4719 oratori
3331 4665 3430 4735 ipsi
3462 4680 3596 4735 pru-

340 4757 526 4811 dentia
575 4770 768 4809 omnes
821 4754 1111 4809 excellenti
1165 4755 1435 4808 honorem
1482 4769 1608 4809 eum
1652 4755 1905 4822 haberet,
1967 4757 2255 4828 complecti
2314 4767 2565 4814 testatus.
2613 4758 2787 4814 Porro
2856 4760 3057 4815 bellum
3107 4762 3402 4825 Persicum,
3444 4763 3591 4830 quod

339 4849 557 4903 initium
587 4855 809 4917 propter
837 4847 1252 4917 persecutiones
1279 4847 1544 4901 adversus
1567 4846 1912 4904 Christianos
1951 4862 2124 4907 motas
2150 4853 2407 4923 sumpsit,
2444 4852 2607 4907 ﬁnem
2642 4862 2753 4906 tum
2785 4855 2994 4909 habuit.
3055 4852 3190 4908 Cum
3219 4853 3337 4923 ipso
3398 4863 3594 4908 autem

338 4941 479 4995 bello
509 4940 824 5010 persecutio
853 4954 1070 5010 quoque
1104 4939 1443 5008 conquievit.

408 5127 485 5196 (Ι)
537 5124 849 5196 Ἀθάνατοι,
892 5123 997 5178 hoc
1040 5133 1151 5190 est,
1208 5125 1564 5183 immortales.
1612 5126 1898 5181 lectissimi

338 5193 522 5252 decies
570 5193 716 5265 mille
760 5193 1049 5265 Persarum
1090 5197 1252 5265 ,viri,
1302 5213 1442 5265 quos
1490 5198 1699 5253 Xerxes
1752 5197 1895 5250 Darii

339 5267 551 5321 habuit.
607 5263 717 5317 Hos
766 5265 869 5318 sub
912 5263 1220 5320 Theodosio
1268 5263 1612 5322 Ardaburius
1660 5267 1901 5321 concidit

338 5346 501 5406 atque
547 5333 829 5406 exstinxit.
864 5333 1068 5402 (Suid.)
1110 5366 1178 5377 ——
1212 5337 1456 5391 Proximi
1517 5339 1707 5391 ibant.
1735 5351 1901 5405 ,quos

338 5403 520 5463 Persa:
548 5403 886 5460 Immortales
913 5414 1130 5473 vocant,
1162 5408 1228 5461 ad
1264 5408 1453 5463 decem
1485 5408 1674 5466 millia,
1708 5403 1901 5485 guttus

2010 5128 2305 5198 opulentia:
2359 5129 2600 5185 barbara:
2659 5145 2767 5184 non
2814 5128 2952 5182 alios
3007 5126 3181 5199 magis
3229 5126 3579 5184 honestabat.

2009 5200 2091 5252 Illi
2139 5215 2335 5255 aureos
2389 5211 2645 5268 torques,
2681 5200 2756 5253 illi
2813 5209 3018 5252 vestem
3070 5215 3206 5253 auro
3261 5200 3573 5253 distinctam

2009 5269 2315 5334 habebant,
2374 5277 2784 5339 manicatasque
2848 5271 3063 5325 tunicas
3121 5272 3354 5339 gemmis
3409 5269 3578 5325 etiam

2009 5341 2322 5395 adornatas.
2363 5339 2448 5412 (ρ.
2493 5339 2765 5410 Curtius.)
