4036 6576
410 444 546 510 1127

976 557 1205 614 CAPUT
1248 555 1410 611 XXII.

409 674 484 729 De
513 677 705 729 :lcacio
736 674 1005 730 Amideusi
1033 673 1295 740 cpismpo,
1329 679 1383 721 ut
1419 671 1460 722 is
1494 685 1557 722 ex
1591 669 1760 721 sacris
1792 665 1970 740 Eccle-

480 750 570 800 sia:
599 750 735 799 vasis
762 746 990 797 nummis
1029 735 1218 809 factis,
1240 742 1522 793 Persarum
1564 740 1795 807 captivos
1831 735 1971 788 redi-

482 834 649 876 mens.
698 818 913 868 domum
966 828 1050 865 eos
1099 811 1357 863 remiserit
1399 826 1418 863 :
1466 825 1585 879 qua:
1636 824 1719 861 res
1768 819 1973 875 magna:

479 889 656 940 Persis
688 886 786 954 [ait
821 881 1187 936 admirationi.

480 1068 614 1121 Erat
644 1074 827 1119 autem
874 1063 927 1117 in
963 1062 1186 1116 civitate
1217 1060 1490 1113 Amidensi
1520 1059 1811 1128 episcopus
1842 1058 1974 1111 Aca-

410 1162 529 1214 cius
569 1159 807 1222 nomine,
830 1171 992 1227 quem
1022 1163 1133 1208 tum
1161 1154 1369 1208 facinus
1396 1152 1684 1223 pulchrutn
1711 1152 1974 1206 illustrio-

412 1268 527 1306 rem
569 1249 828 1305 omnibus
869 1256 1032 1315 atque
1080 1245 1367 1300 clariorem
1411 1243 1672 1298 reddidit.
1705 1241 1840 1298 Cum
1885 1254 1969 1297 et-

410 1342 557 1396 enim
593 1339 869 1394 exercitus
900 1338 1181 1392 Romanus
1208 1336 1453 1390 Azazena
1485 1334 1709 1405 regione
1738 1343 1969 1398 vastata,

408 1450 571 1503 supra
624 1443 834 1501 septem
887 1429 1054 1483 millia
1097 1428 1385 1481 Persarum
1432 1427 1728 1494 cepissent,
1767 1441 1971 1495 eosque

411 1526 563 1579 nullo
588 1523 752 1578 modo
779 1523 957 1575 Persa:
986 1519 1257 1573 redimere
1289 1517 1510 1579 vellent.
1536 1526 1701 1587 atque
1727 1516 1804 1569 illi
1832 1516 1971 1570 {ante

408 1615 666 1684 paulatim
715 1612 897 1667 amicti
939 1610 1253 1671 interirent,
1288 1622 1463 1678 eaque
1511 1623 1600 1663 res
1632 1622 1740 1662 non
1777 1622 1970 1678 parum

406 1706 670 1759 molestia:
718 1703 828 1772 regi
881 1700 1143 1764 afferret;
1192 1699 1424 1754 Aeacius
1469 1714 1533 1753 ea
1584 1699 1823 1768 cognita,
1862 1715 1969 1753 non

407 1795 479 1848 ita
515 1792 1039 1864 praetermittendam
1073 1792 1312 1855 censuit,
1340 1792 1435 1845 sed
1467 1791 1561 1860 qui
1606 1791 1709 1845 sub
1734 1807 1800 1846 co
1825 1801 1967 1857 erat,

1625 434 2042 500 NICEPHORI
2082 430 2423 496 CALLlSTI

1998 553 2050 611 Δ

3514 431 3657 496 1128

2658 549 2699 600 ις
2712 548 2900 603 ΕΦΔΛ.
2943 544 3069 602 KB'.

2073 664 2214 729 Περὶ
2267 661 2545 715 Ἀκακίου
2612 661 2715 714 τοῦ
2766 660 3105 713 ἐπισκόπου
3149 657 3407 727 Ἀμίδης,
3464 659 3547 726 ὡς
3576 662 3653 714 τὰ

2144 732 2269 800 ιερὰ
2300 731 2411 798 τῆς
2462 732 2835 796 Ἔκκλησίιις
2895 731 2982 794 εις
3031 730 3216 800 κέρμα
3249 732 3465 800 κόψας,
3499 735 3654 795 τοὺς

2148 798 2397 871 Περσῶν
2448 799 2865 869 αἰχμαλώτους
2926 798 3275 871 πριάμενος,
3327 799 3654 871 ἀπέλυσεν

2144 868 2383 927 aliud?
2413 868 2558 938 ὅπερ
2593 872 2772 939 ἔργον
2799 873 2886 936 εις
2918 869 3115 938 θαῦμα
3139 874 3294 938 μένα
3326 868 3470 936 τοὺς
3499 873 3651 940 lup.
3732 926 3735 929 ν

2288 941 2493 1011 ἤγαγε.

2144 1053 2252 1108 Ἦν
2282 1055 2338 1108 δέ
2368 1072 2451 1119 τις
2488 1056 2547 1107 ὲν
2591 1054 2783 1126 ’Λμίδῃ
2813 1057 2878 1125 τῇ
2922 1055 3073 1108 πόλει
3121 1055 3423 1118 ἐπίσκοπος
3479 1056 3652 1108 Ἀκά-

2074 1150 2190 1212 κέος
2223 1148 2395 1218 ὄνομα
2428 1163 2441 1176 ·
2479 1148 2537 1200 δν
2571 1147 2877 1216 τηνικαῦτα
2916 1146 3115 1216 πρᾶξις
3173 1147 3355 1218 ἀγαθὴ
3406 1164 3651 1218 περιφαο

2075 1242 2327 1309 νὲστερον
2362 1242 2475 1301 τοῖς
2509 1242 2644 1292 πᾶσι
2679 1239 2878 1307 μᾶλλον
2928 1240 3104 1292 ἐποίει
3159 1240 3256 1293 καὶ
3290 1239 3647 1310 περιϐόητον.

2147 960 2264 1007 σας

2084 1333 2237 1385 Ἐπεὶ
2266 1333 2418 1402 γὰρδ
2448 1333 2557 1384 τῶν
2600 1331 2891 1400 Ῥωμαίων
2937 1331 3169 1398 στρατὸς
3200 1330 3301 1400 τὴν
3340 1331 3649 1400 ’ᾼζαζηνὴν

2072 1424 2469 1494 πορθήσαντες,
2508 1426 2605 1477 καὶ
2651 1423 2795 1491 ὑπὲρ
2825 1423 3269 1491 ἑπτακισχιλίους
3300 1423 3527 1492 Περσῶν
3559 1421 3652 1475 (1'.-

2069 1514 2397 1587 χμαλὼτους
2432 1516 2742 1586 συσχόντες,
2777 1517 2897 1569 κατ’
2932 1515 3121 1568 οὐδένα
3171 1516 3369 1585 τρόπον
3398 1517 3655 1569 ἀντιδιδό-

2073 1625 2160 1661 ναι
2199 1607 2276 1678 τῷ
2313 1608 2493 1677 Ιιὲρση
2528 1605 2785 1677 ᾑροῦντο,
2847 1605 2991 1676 λιμῷ
3015 1605 3061 1660 δ’
3125 1606 3464 1676 ἑξετρίόοντο
3518 1605 3654 1659 κατ’

2071 1701 2251 1768 ὀλίγον
2297 1698 2738 1769 διαφθειρόμενοι
2774 1697 2956 1770 (τοῦτο
3005 1698 3062 1751 δὲ
3118 1698 3179 1750 οὐ
3246 1697 3466 1768 μέτριον
3507 1699 3649 1751 ὲνίει

2070 1791 2147 1859 τῷ
2189 1788 2398 1859 βασιλεῖ
2428 1787 2651 1856 Περσῶν
2683 1787 2871 1858 ἄχθος)
2900 1804 2915 1819 ·
2948 1789 2976 1839 ό
3024 1788 3275 1849 Ἀκάκιος
3304 1788 3478 1841 ταῦτα
3507 1790 3649 1841 ἀνα-

406 1886 557 1938 elcro
586 1894 779 1937 coacto
807 1901 822 1939 :
860 1902 879 1935 ι
912 1882 1078 1947 Deus,
1111 1883 1309 1950 inquit,
1340 1894 1549 1946 noster,
1583 1883 1753 1947 ﬁlioli,
1787 1899 1963 1953 neque

2072 1881 2279 1952 μαθὼν,
2303 1881 2365 1933 οὐ
2408 1880 2725 1950 παρέδρσμε
2764 1880 2832 1931 τὰ
2892 1881 3181 1948 γενόμενα,
3221 1880 3358 1934 ἀλλὰ
3408 1882 3502 1935 τὸν
3551 1882 3647 1933 ὑπ’

407 1976 576 2028 discis
620 1974 850 2044 indiget,
884 1989 1061 2043 neque
1102 1974 1297 2043 pocula
1342 1982 1515 2027 curat.
1550 1973 1787 2042 Egestati
1822 1976 1968 2027 enim

409 2068 635 2121 minime
679 2066 973 2129 obnoxius,
1008 2082 1114 2121 non
1141 2066 1275 2131 edit,
1302 2081 1482 2134 neque
1510 2065 1668 2120 bibit.
1698 2064 1835 2120 Cum
1867 2066 1968 2135 igi-

409 2169 497 2212 tur
523 2160 689 2214 multa
720 2160 833 2215 sint
860 2161 1111 2216 ecclesia:
1136 2161 1255 2231 ejus
1278 2161 1523 2224 donaria,
1551 2176 1719 2216 aurea
1746 2161 1968 2231 quidem

406 2250 668 2322 plurima,
711 2252 881 2306 multa
929 2252 1097 2306 etiam
1140 2261 1427 2323 argentea,
1467 2267 1591 2322 qua:
1634 2251 1970 2322 benignitate

402 2351 463 2398 et
492 2342 826 2400 liberalitate
867 2358 1063 2400 eorum
1096 2345 1191 2415 qui
1226 2360 1286 2400 se
1326 2344 1394 2399 ad
1438 2360 1557 2400 eam
1594 2346 1966 2409 contulerunt,

404 2432 639 2501 paravit,
693 2432 955 2489 utendum
998 2434 1081 2489 eis
1122 2448 1323 2489 censeo
1370 2434 1440 2489 ad
1487 2435 1682 2491 Persas
1722 2435 1969 2506 captivos

405 2520 785 2583 redimendos.
812 2532 867 2578 et
896 2522 1180 2579 famelicos
1205 2522 1431 2580 alendos
1458 2525 1559 2595 (ι).
1596 2544 1614 2578 ι
1652 2526 1777 2580 Haec
1804 2536 1967 2596 atque

403 2612 511 2667 alia
544 2613 695 2668 hisce
723 2614 925 2669 similia
962 2616 1203 2681 locutus,
1234 2616 1416 2671 statim
1448 2616 1635 2672 divina
1668 2617 1760 2671 illa
1800 2618 1969 2673 dona-

404 2704 486 2759 ria
513 2705 791 2773 conﬂavit,
818 2719 984 2776 atque
1021 2722 1088 2763 ex
1123 2709 1204 2763 eis
1244 2708 1662 2764 aestimationem
1700 2711 1966 2766 militibus

401 2811 523 2865 qua:
548 2797 631 2853 eis
659 2798 774 2852 visa
805 2797 1006 2863 fuerat,
1040 2800 1326 2869 persolvit,
1358 2809 1413 2854 et
1440 2803 1681 2871 captivos
1710 2804 1917 2871 recepit
1949 2818 1964 2857 :

402 2888 602 2943 deinde
625 2890 900 2946 alimentis
922 2906 1020 2946 eos
1043 2892 1262 2947 abunde
1289 2891 1549 2958 refectos,
1575 2894 1773 2948 viatico
1800 2896 1963 2949 etiam

401 2992 748 3050 prosecutus,
780 2982 847 3035 ad
881 2997 1066 3052 regem
1111 2997 1269 3037 suum
1312 2984 1486 3039 misit.
1516 2984 1572 3038 ld
1603 2985 1846 3055 episcopi
1889 2986 1967 3039 fa-

402 3083 573 3138 ctum,
604 3073 902 3143 plurimum
936 3074 1224 3129 Persarum
1260 3089 1444 3144 regem
1475 3075 1542 3129 ad
1569 3076 1967 3130 consternatio-

402 3181 528 3219 nem
569 3164 795 3236 adegit:
830 3164 998 3236 484
1034 3165 1179 3234 quod
1229 3163 1490 3220 Romanis
1529 3174 1823 3235 utrumque
1860 3167 1964 3221 hoc

280 3264 301 3285 ‘
400 3259 589 3312 studio
612 3266 778 3323 esset,
812 3265 870 3311 ut
901 3256 1065 3312 simul
1090 3265 1146 3311 et
1175 3256 1318 3311 bello
1341 3267 1398 3312 et
1424 3257 1727 3313 benefactis
1750 3260 1963 3330 egregie

401 3352 706 3404 vincerent.
739 3350 953 3404 Dicitur
982 3364 1135 3415 vero,
1175 3349 1397 3405 Persam
1422 3352 1588 3406 etiam
1626 3351 1958 3407 desiderium

400 3443 613 3511 cepisse
667 3441 765 3496 viri
814 3442 933 3512 ejus
986 3439 1247 3507 videndi,
1286 3450 1343 3495 ut
1384 3442 1503 3513 ejus
1556 3452 1612 3497 et
1665 3451 1961 3512 conspectu

386 3532 701 3613 frueretur.
724 3540 781 3588 et
808 3532 1083 3603 colloquio
1109 3533 1451 3602 dignaretur.
1486 3533 1651 3602 quue
1679 3535 1760 3590 sic
1787 3535 1965 3604 impe-

402 3625 603 3679 ratoris
637 3624 932 3680 Theodosii
962 3624 1117 3696 jussu
1151 3625 1355 3679 factum
1381 3639 1524 3691 esse,
1558 3625 1698 3681 fama
1725 3627 1960 3683 obtinet.

403 3716 704 3773 Victoriam
746 3717 887 3774 hanc
929 3727 1133 3773 tantam
1174 3727 1464 3789 postquam
1495 3719 1636 3775 Deus
1664 3723 1960 3785 concessit,

402 3812 718 3879 quicunque
751 3824 817 3863 eo
843 3817 1087 3880 tempore
1124 3809 1436 3866 eruditione
1467 3811 1765 3881 pollebant,
1794 3813 1962 3869 libros

304 3914 355 3981 ἧ
404 3903 458 3957 in
512 3901 731 3957 laudem
798 3902 1147 3971 imperatoris
1213 3902 1432 3971 publice
1492 3904 1960 3974 conscripserunt.

401 3995 563 4065 eique
596 3994 951 4049 obtulerunt:
985 3994 1077 4048 alii
1113 3993 1357 4064 quidem,
1391 4004 1452 4050 ut
1489 3996 1814 4065 eloquentia;
1854 3997 1962 4051 vim

404 4103 566 4156 quam
615 4085 777 4156 longo
826 4085 1174 4155 collegissent
1226 4093 1505 4155 tempore,
1548 4088 1901 4142 ostenderent
1943 4105 1959 4143 :

402 4178 493 4232 alii
533 4188 749 4243 autem,
788 4187 848 4232 ut
894 4193 953 4232 se
1001 4178 1056 4231 in
1104 4176 1352 4231 notitiam
1398 4178 1544 4233 illius
1583 4178 1958 4246 insinuarent,

403 4282 569 4339 atque
597 4269 689 4322 alii
718 4269 847 4323 item
872 4284 1093 4323 causam
1120 4270 1281 4324 aliam
1308 4269 1729 4339 praetendentes.
1754 4270 1958 4326 Eadem

406 4374 571 4428 porro
615 4359 691 4411 illi
723 4357 945 4413 virtutis
978 4369 1300 4415 ornamenta
1337 4360 1666 4417 testimoniis
1704 4364 1818 4415 suis
1861 4362 1959 4415 itu-

2072 1973 2222 2043 αὐτῷ
2248 1974 2580 2041 ταττόμενον
2622 1972 2906 2043 ἀθροίσας,
2948 1991 2966 2024 ι
3040 1971 3100 2026 '0
3152 1973 3308 2036 Θεὸς,
3363 1968 3408 2027 ὧ
3451 1976 3644 2035 τέκνα,

2070 2068 2255 2135 φησὶν,
2287 2070 2314 2120 ό
2338 2067 2605 2136 ἡμέτερος
2630 2064 2754 2117 abte
2785 2064 2990 2118 δίσκων
3017 2066 3073 2118 ἐν
3129 2068 3290 2136 χρείᾳ
3318 2068 3485 2131 ἐστὶν,
3519 2064 3645 2120 ἀλλ’

2070 2161 2189 2213 οῦδὲ
2220 2160 2496 2231 ποτηρίων
2528 2159 2674 2227 αὐτῷ
2710 2159 2932 2227 φροντίς
2974 2174 2988 2189 ⁸
3022 2159 3334 2229 ἀπροσδεὴς
3378 2154 3488 2231 γὰρ
3539 2162 3644 2225 ὢν,

2068 2251 2182 2303 οὔτ’
2206 2249 2399 2311 ἐσθίει,
2436 2250 2531 2303 καὶ⁸
2562 2250 2663 2319 τῆς
2696 2250 2874 2320 ὑγρᾶς
2906 2250 3194 2321 ἐλεύθερός
3248 2253 3366 2306 ἐστι
3401 2253 3640 2315 πόσεως.

2074 2348 2290 2402 Πολλῶν
2347 2349 2532 2403 τοίνυν
2559 2350 2873 2420 προσόντων
2904 2348 3208 2420 κειμηλίων
3233 2352 3300 2420 τῇ
3341 2349 3645 2417 Ἐκκλησία

2069 2440 2261 2507 αὐτοῦ,
2294 2440 2496 2511 χρυσοῦ
2531 2440 2633 2511 μὲν
2671 2442 2925 2505 πλεῖστα,
2958 2441 3129 2496 πολλὰ
3157 2441 3214 2494 δὲ
3247 2442 3343 2494 καί⁹
3390 2440 3641 2510 ἀργύρου

2069 2533 2436 2602 πεποιημένα,
2458 2531 2494 2587 ἃ
2520 2532 2584 2604 δὴ
2612 2533 2707 2586 καὶ
2735 2534 3003 2603 ἐκτήσατο
3048 2532 3233 2603 εὐνοία
3288 2532 3386 2585 καὶ
3429 2547 3645 2599 προσαο

2068 2624 2221 2691 γωγῇ
2249 2619 2360 2676 τῶν
2389 2622 2779 2694 προσηκόντων
2820 2619 2994 2690 αὐτῷ,
3023 2619 3224 2692 χρῆναι
3268 2620 3474 2690 νομίζω
3515 2619 3646 2672 τού-

2067 2730 2178 2777 τοις
2197 2713 2323 2776 τοὺς
2356 2710 2738 2783 αἰχμαλώτους
2776 2711 3004 2781 Περσῶν
3032 2710 3261 2782 ῥύεσθαι
3295 2710 3389 2765 καὶ
3423 2709 3640 2780 διατρέ-

2067 2820 2188 2871 φειν
2256 2803 2578 2866 πεινῶντας.
2624 2802 2856 2858 ιΤαῦτα
2927 2803 2994 2873 δὴ
3045 2803 3310 2869 ἐπειπὼν,
3358 2803 3451 2855 καὶ
3499 2800 3641 2871 πρὸς

2066 2891 2290 2956 τούτους
2349 2893 2489 2948 ἄλλα
2543 2910 2602 2947 τε
2656 2894 3040 2965 παραπλήσια,
3079 2896 3284 2981 χωνείᾳ.
3330 2895 3429 2963 μὲν
3474 2892 3641 2954 εὐθὺς

2066 2984 2237 3038 ἐδίδου
2267 2983 2336 3037 τὰ
2362 2984 2480 3039 θεῖα
2503 2986 2689 3039 ἐκεῖνα
2717 2986 2980 3057 κειμήλια
3015 3005 3028 3020 ·
3066 2987 3127 3051 ἐξ
3149 2987 3369 3040 ἐκείνων
3387 2986 3443 3038 δὲ
3468 2986 3643 3054 τιμή-

2067 3092 2209 3144 ματα
2244 3076 2461 3130 ὲοικότα
2487 3079 2601 3141 τοῖς
2634 3077 3001 3145 στρατιώταις
3058 3078 3329 3149 προσῆγε,
3365 3078 3459 3131 καὶ
3507 3078 3640 3139 τοὺς

2065 3165 2443 3237 αίχμαλὼτους
2458 3166 2787 3236 ἑλάμσανεν.
2812 3169 3043 3222 Ἔπειτα
3069 3166 3379 3240 διατρέφων
3401 3167 3642 3235 ἀρκούν-

2065 3275 2193 3324 τως,
2222 3258 2456 3327 ὲφοδίοις
2484 3258 2755 3325 ἐδεξιοῦτο
2780 3273 2794 3289 ’
2828 3260 2926 3314 καὶ
2954 3261 3013 3325 ις
3067 3260 3158 3315 τὸν
3177 3262 3378 3313 οίκεῖον
3409 3258 3641 3328 βασιλέα

2064 3350 2308 3422 Γορὰνην
2369 3351 2723 3421 ἀπέπεμπεν.
2771 3350 2838 3405 Ἦ
2864 3351 2930 3421 δὴ
2962 3351 3163 3423 πρᾶξις
3187 3351 3282 3404 τοῦ
3334 3351 3639 3405 ἐπισκόπου

2065 3443 2418 3496 ὲπιπλεῖστον
2468 3443 2819 3512 εκπλαγῆναι
2839 3444 2929 3496 τὸν
2953 3444 3178 3513 Περσῶν
3208 3442 3434 3512 βασιλέα
3460 3442 3638 3496 ἐποίει

2061 3538 2257 3606 ὅτιπερ
2304 3535 2597 3607 ἀμφότερα
2663 3535 2961 3604 Ῥωμαίοις
3013 3534 3404 3597 ὲσπούδασται,
3447 3534 3527 3602 τῷ
3572 3550 3639 3585 τε

2064 3628 2309 3698 πολέμῳ.
2338 3625 2527 3696 καὶτῷ
2556 3620 2615 3679 εὖ
2672 3628 2849 3678 ποιεῖν
2886 3625 3231 3696 κατακράτος
3284 3624 3463 3693 νικᾷν.
3495 3624 3641 3677 Φασὶ

2061 3720 2118 3774 δι
2148 3722 2238 3774 καὶ
2263 3721 2337 3783 ὡς
2386 3721 2464 3781 είς
2516 3719 2814 3789 ἐπιθυμίαν
2843 3713 2979 3789 ἧκεν
3011 3721 3040 3772 ὁ
3100 3719 3316 3789 Πέρσης
3366 3717 3463 3771 καὶ
3509 3716 3638 3769 κατ’

2061 3808 2186 3878 δψιν
2204 3810 2441 3878 ἐντυχεῖν
2456 3808 2534 3878 τῷ
2553 3808 2730 3878 ἀνδρδ,
2757 3806 2900 3862 ὥστε
2917 3810 3009 3861 καὶ
3033 3807 3207 3870 εἴδους
3230 3807 3637 3869 ὲπαπολαῦσαι.

2065 3901 2157 3953 καὶ
2180 3900 2395 3969 ὁμιλίας
2454 3898 2773 3970 ἀξιωθῆναι.
2834 3899 2944 3954 Καί
2982 3915 3048 3967 γε
3098 3897 3258 3952 τοῦτο
3311 3898 3469 3964 λόγος
3517 3897 3639 3967 ἔχει

2063 3991 2316 4060 γενέσθαι
2349 3989 2616 4059 βασιλέως
2667 3989 3097 4058 προστάξαντος.
3134 3989 3401 4057 Τοιαύτης
3427 3988 3485 4041 δὲ
3532 3990 3639 4054 τῆς

2063 4085 2126 4135 ὲκ
2147 4082 2283 4136 Θεοῦ
2313 4083 2469 4152 νίκης
2510 4082 2997 4152 πρυτανευθείσης,
3029 4081 3145 4134 ὅσοι
3201 4081 3503 4152 τηνικαῦτα
3547 4080 3640 4133 λόο

2064 4191 2183 4241 γοις
2206 4173 2515 4238 ἀνθοῦντες,
2545 4173 2781 4243 δημοσίᾳ
2806 4175 2933 4237 τοὺς
2960 4173 3302 4244 αίνετηρίους
3326 4174 3435 4226 τῶν
3456 4174 3640 4240 λόγων

2066 4266 2279 4336 βασιλεῖ
2307 4266 2547 4335 ἔγραφον
2600 4265 2887 4337 παριόντες
2920 4280 2935 4294 ·
2969 4267 2998 4318 ό
3053 4265 3153 4335 μὲν
3204 4267 3271 4334 ἢν
3319 4268 3383 4318 ὲκ
3435 4266 3639 4320 πολλοῦ

2067 4358 2441 4427 συναθροίσειε
2476 4357 2655 4426 λόγων
2702 4357 2937 4427 δύναμιν
2985 4357 3442 4426 ἐπιδεδειγμένος,
3492 4358 3523 4410 δ
3577 4359 3640 4412 δὲ

406 4449 645 4520 peratori
702 4449 1045 4513 tribuerunt,
1102 4466 1224 4521 quae
1281 4460 1337 4505 et
1389 4466 1491 4505 nos
1548 4451 1617 4506 de
1673 4466 1740 4507 eo
1796 4467 1960 4522 supra

2069 4454 2343 4523 γνώριμος
2371 4453 2562 4521 ἐκείνῳ
2606 4451 2948 4522 καταστῆναι
2982 4452 3327 4522 βουλόμενος,
3351 4456 3444 4506 καὶ
3472 4453 3641 4514 ἄλλος

406 4541 975 4602 commemoravimus.
1004 4557 1070 4596 ex
1104 4542 1356 4611 plurimis
1400 4559 1570 4612 pauca
1608 4542 1799 4598 saltem
1839 4544 1964 4599 bre-

2069 4544 2234 4612 ἄλλην
2266 4542 2706 4613 προϐαλλόμενος
2755 4543 2856 4614 τὴν
2891 4545 3092 4598 αἰτίαν.
3148 4544 3360 4598 Ἐκεῖνα
3415 4545 3471 4598 δὲ
3521 4546 3640 4600 τῶν

407 4635 550 4686 vttcr
586 4631 1038 4701 perstringentes.
1085 4633 1200 4688 Non
1251 4632 1425 4688 solum
1475 4644 1657 4688 autem
1707 4635 1830 4700 hoc,
1869 4636 1961 4707 qui

2069 4634 2247 4687 καλῶν
2297 4634 2786 4705 προσεμαρτύρουν
2832 4633 2912 4705 τῷ
2964 4635 3192 4704 βασιλεῖ,
3238 4635 3273 4689 ἃ
3330 4638 3426 4691 καὶ
3471 4639 3640 4707 ἡμεῖς

410 4718 462 4769 in
508 4726 627 4770 arte
671 4717 887 4771 dicendi
929 4718 1169 4773 studium
1218 4731 1513 4790 posuerant
1550 4722 1749 4789 fecere,
1785 4725 1877 4778 sed
1909 4734 1965 4779 ct

409 4807 525 4876 ipsa
578 4806 817 4878 Augusta
870 4808 1219 4878 imperatoris
1261 4811 1482 4881 conjux,
1530 4813 1752 4868 heroico
1802 4829 1964 4868 versu

407 4906 661 4967 poemata
709 4897 904 4952 marito
937 4908 994 4955 et
1029 4900 1265 4971 principi
1312 4916 1414 4956 suo
1454 4905 1784 4971 composuit.
1834 4903 1965 4958 Erat

405 4987 551 5040 enim
581 4985 839 5056 prazclara
864 4988 1179 5055 admodum,
1206 4999 1262 5045 et
1294 4990 1476 5046 docta.
1508 4991 1963 5063 Quandoquidem
1991 4989 1996 4995 ’

408 5093 539 5134 vero
571 5078 691 5148 ejus
725 5080 985 5146 memini,
1030 5092 1330 5153 opportune
1367 5085 1472 5140 hoc
1506 5085 1628 5141 loco
1674 5101 1760 5141 me
1797 5101 1966 5156 expo-

406 5172 643 5226 siturum
689 5179 845 5241 puto,
882 5188 1003 5243 quae
1048 5188 1135 5237 ea,
1177 5184 1232 5230 et
1283 5175 1426 5231 unde
1477 5176 1642 5231 fuerit
1684 5197 1698 5233 :
1736 5190 1791 5233 et
1825 5195 1967 5249 quo-

410 5262 573 5317 modo
620 5278 728 5332 pra:
775 5262 901 5318 aliis
945 5279 1066 5328 qua:
1112 5264 1166 5318 in
1214 5267 1656 5321 communionem
1704 5268 1963 5322 connubii

410 5354 759 5421 imperatoris
788 5354 1084 5411 Theodosii
1119 5358 1352 5422 veniret,
1389 5357 1597 5414 delecta
1628 5358 1718 5413 sit.
1753 5357 1859 5413 Res
1889 5361 1969 5415 sic

411 5441 599 5496 habet.

476 5615 553 5685 (l)
596 5617 650 5671 Si
691 5620 1200 5698 necessitasﬂl'uerit
1227 5623 1279 5677 in
1321 5626 1692 5694 redemptione
1727 5631 1971 5698 captivo-

410 5703 559 5746 rum,
606 5699 734 5743 tunc
768 5698 825 5743 et
858 5692 1227 5768 venditionem
1260 5692 1753 5751 sacratissimorum
1795 5692 1971 5768 atque

443 5773 727 5834 reanornm
785 5774 1034 5836 vasorum
1070 5764 1170 5836 Δτοι
1233 5768 1495 5836 vestium,
1539 5764 1971 5836 ca'tcrorutmine

424 5831 752 5883 ionariorum
784 5846 904 5899 qua:
945 5833 1009 5885 ad
1052 5832 1285 5887 divinam
1322 5834 1637 5904 religionem
1669 5853 1801 5891 nece
1835 5831 1970 5892 saria

2064 4724 2236 4792 ἀθρόα
2273 4725 2706 4795 περιειλήφαμεν
2741 4725 2970 4793 ἄνωθεν,
2989 4727 3146 4794 ὀλίγα
3168 4729 3232 4780 ὲκ
3255 4729 3397 4781 πάνυ
3424 4730 3641 4782 πολλῶν

2068 4815 2347 4884 συντόμως
2379 4815 2763 4880 διεξελθόντες.
2797 4817 2871 4868 Οὐ
2898 4820 3058 4885 μόνον
3087 4817 3144 4869 δὲ
3176 4818 3225 4869 oi.
3276 4820 3404 4884 περὶ
3437 4817 3639 4884 λόγους

2064 4905 2440 4974 ὲσχολακότες.
2472 4907 2609 4959 ἀλλὰ
2638 4908 2733 4960 καὶ
2780 4907 2918 4978 αὐτὴ
2944 4909 2977 4977 ή
3012 4906 3224 4976 βασιλὶς
3261 4908 3357 4961 καὶ
3416 4910 3638 4977 γαμετὴ

2065 4997 2158 5049 τοῦ
2181 4998 2510 5066 κρατοῦντος
2534 4999 2589 5049 ὲν
2615 5000 2839 5068 ἠρωῖκῷ
2890 5001 3073 5071 μέτρῳ
3108 5000 3390 5067 ποιήματα
3414 5000 3492 5069 τῷ
3544 5004 3642 5055 ἁν-

2065 5089 2151 5158 δρὶ
2185 5090 2280 5141 καὶ
2302 5089 2512 5158 βασιλεῖ
2541 5092 2798 5161 ἔγραφεν.
2838 5087 2944 5144 ἾΙν
2977 5094 3087 5161 γὰρ
3132 5091 3274 5160 μάλα
3323 5093 3633 5161 ἑλλόγιμος.

2081 5182 2230 5235 Ἐπεὶ
2253 5183 2309 5234 δὲ
2345 5182 2547 5251 ταύτης
2577 5184 2881 5253 ἐμνήσθην,
2912 5186 2991 5246 είς
3027 5185 3220 5253 καιρὸν
3252 5186 3319 5238 ἂν
3368 5184 3512 5237 δοκῶ
3543 5201 3637 5252 μοι

2066 5273 2372 5337 διεξελθεῖν,
2415 5271 2498 5332 τίς
2531 5288 2589 5324 τε
2619 5267 2688 5341 ἦν
2728 5271 2890 5342 αῦτη.
2923 5273 3020 5325 καὶ
3054 5272 3193 5337 ὅθεν,
3229 5271 3323 5324 καὶ
3363 5273 3513 5335 ὅπως
3551 5273 3634 5340 τῷ

2072 5365 2280 5433 βασιλεῖ
2312 5365 2577 5433 Θεοδοσίῳ
2638 5366 2716 5427 είς
2756 5365 3038 5418 κοινωνίαν
3088 5364 3263 5431 γάμου
3308 5363 3415 5416 τῶν
3456 5363 3636 5418 ἄλλων

2071 5458 2281 5525 ἐκρίθη.
2325 5456 2475 5525 Ἔχει
2503 5457 2560 5508 δὲ
2588 5456 2750 5510 οὕτω.

2072 5641 2198 5686 snnt
2220 5672 2234 5691 ,
2267 5641 2321 5684 et
2358 5633 2715 5701 bypothecam
2753 5643 2807 5689 et
2835 5635 3243 5705 pignorationes
3279 5638 3392 5692 ﬁeri
3428 5651 3635 5691 conce-

2073 5705 2276 5756 diutius.
2312 5708 2575 5765 Quoniam
2612 5721 2719 5756 non
2749 5707 3048 5759 absurdum
3079 5720 3182 5772 est,
3216 5711 3426 5761 animas
3456 5707 3637 5761 homi-

2074 5789 2202 5848 nunt
2233 5780 2654 5848 qttzbuscumguc
2686 5778 2829 5827 Vasis
2862 5779 2941 5828 Vt'l
2980 5779 3315 5832 Vestintentts
3345 5778 3632 5848 (praeferri.

2076 5842 2135 5894 L.
2173 5848 2469 5897 sanemus.
2514 5846 2573 5898 Ω.
2612 5847 2682 5897 Ue
2710 5862 2865 5899 sacro
2900 5858 3024 5901 anet
3082 5849 3289 5902 laedes.
