4036 6554
501 384 636 454 1131

1723 387 2144 451 NICEPIIORI
2177 387 2518 450 CALLlS’l‘l

3624 384 3645 446 ι
3664 377 3768 448 132

496 507 604 576 cipi
639 501 887 573 apprime
925 500 1147 566 cltarus,
1189 499 1340 555 domi
1387 515 1452 554 ex
1499 500 1736 571 podagra
1782 502 2051 558 decumbe

2191 503 2250 556 '0
2283 505 2338 556 δὲ
2360 506 2428 557 τὰ
2452 504 2580 573 περὶ
2607 503 2777 556 αὑτοῦ
2805 501 3036 569 ἀγνοῶν,
3073 502 3149 566 ὦς
3180 519 3230 556 τι
3264 503 3423 573 τέρας
3457 499 3613 567 αὖθις
3680 505 3764 574 τῷ

495 599 612 661 bat,
645 595 817 650 misit.
856 592 1022 665 486
1067 593 1329 648 Paulinus
1373 604 1579 656 autem,
1613 594 1757 663 quod
1816 595 1884 648 de
1929 597 2072 649 malo

495 692 698 746 facttrm
749 688 948 748 fuerat,
990 687 1270 756 ignorans,
1310 700 1377 738 eo
1422 685 1651 753 perinde
1693 695 1860 754 atque
1903 686 2071 740 mira-

495 782 622 838 culo
671 781 931 848 quopiam
993 777 1379 847 imperatorem
1438 786 1761 829 muneratus
1813 786 1916 833 est.
1966 777 2066 844 Qui

496 885 785 946 postquam
825 869 961 925 illud
995 869 1237 939 agnovit,
1271 869 1558 938 conjugem
1608 869 1966 936 explorando.
2002 872 2068 924 de

403 1002 416 1008 ι
492 983 592 1031 eo,
643 981 711 1020 an
769 964 902 1019 illud
954 963 1131 1032 ipsum
1184 971 1352 1026 esset,
1403 963 1634 1014 salutem
1681 977 1836 1016 suam
1887 963 2068 1018 verbis

492 1060 862 1131 praetendens,
915 1063 1268 1126 percontatus
1303 1066 1404 1109 est.
1457 1055 1701 1108 Eudocia
1733 1071 1882 1119 vero,
1920 1055 2065 1124 quod

491 1151 850 1222 imperatoris
897 1149 1191 1204 consilium
1245 1145 1680 1216 expiorandique
1726 1148 2063 1200 voluntatem

491 1263 597 1300 non
633 1244 982 1312 intelligeret,
1011 1257 1135 1295 cum
1165 1255 1286 1294 esse
1319 1249 1593 1307 negasset.
1627 1238 1759 1292 illud
1789 1254 1849 1293 se
1881 1239 2065 1293 liben-

488 1351 572 1395 ter
599 1339 904 1393 comedisse
940 1335 1100 1389 dixit.
1143 1335 1259 1399 Qua
1296 1348 1354 1387 re
1385 1349 1508 1387 cum
1541 1331 1594 1385 in
1628 1348 1848 1401 gravem
1879 1333 2062 1402 suspi-

487 1433 702 1486 cionem
761 1430 905 1498 apud
973 1429 1360 1497 imperatorem
1428 1425 1748 1486 incidisset.
1803 1425 2064 1478 Paulinus

485 1525 707 1594 quidem
748 1522 932 1577 statim
972 1523 1025 1574 in
1060 1518 1464 1589 Cappadociam
1500 1520 1794 1588 relegatus,
1840 1518 2062 1588 capitali

485 1618 754 1687 supplicio
787 1627 869 1670 est
903 1614 1159 1668 allectus.
1195 1613 1315 1680 ljzsa
1343 1623 1524 1665 autem
1554 1627 1616 1665 ea
1651 1612 1717 1666 de
1750 1627 1915 1666 causa
1954 1611 2060 1664 im-

485 1725 677 1766 menso
728 1718 980 1776 correpta
1027 1706 1241 1771 dolore,
1285 1715 1470 1759 votum
1522 1704 1636 1758 Deo
1681 1711 2058 1772 nuncupatum

485 1804 672 1866 solvit,
697 1812 752 1855 et
783 1801 930 1854 illico
958 1797 1335 1869 Hierosolyma
1358 1797 1657 1851 concessit.
1688 1795 2060 1862 Dispositione

379 1874 384 1879 ’
485 1896 672 1949 divina
718 1894 770 1946 id
827 1892 1074 1962 profecto
1118 1890 1345 1955 factum,
1387 1899 1445 1942 ut
1490 1889 1563 1942 ibi
1601 1888 1869 1957 quidquid
1912 1896 2064 1941 esset

485 1989 690 2042 bonum
724 1996 889 2055 atque
927 1985 1081 2048 utile,
1117 1983 1426 2051 perliceret.
1459 1978 1602 2046 Quid
1645 1994 1883 2049 namque
1923 1994 2062 2048 opus

482 2092 566 2134 est
601 2078 966 2134 admiratione
1014 2076 1174 2146 digna
1224 2074 1409 2128 dicere
1447 2088 1637 2142 opera.
1670 2088 1792 2141 quae
1832 2087 1900 2126 eo
1939 2071 2060 2126 loco

482 2175 538 2228 in
583 2173 760 2228 sacris
791 2169 1032 2240 templis,
1067 2167 1576 2235 monaclmrumque
1618 2165 1934 2227 domiciliis,
1976 2176 2061 2218 at-

479 2282 586 2336 que
619 2262 762 2334 apud
797 2260 1114 2317 sacerdotes
1145 2270 1204 2315 et
1241 2245 1533 2330 pauperes',
1564 2259 1630 2312 de
1665 2259 1867 2328 quibus
1897 2258 2060 2327 paulo

482 2365 604 2427 post
647 2355 904 2415 referam,
945 2351 1193 2422 peregit?
1246 2351 1424 2434 Unum
1478 2349 1612 2404 illud
1667 2351 1717 2402 in
1768 2352 2058 2417 praesentia

483 2445 750 2498 memoria
799 2442 1024 2512 dignum
1075 2444 1141 2495 de
1185 2455 1248 2494 ea
1293 2449 1349 2494 et
1397 2435 1687 2494 Pulcheria
1737 2438 2056 2493 recensebo.

477 2537 636 2604 Quod
677 2551 914 2606 namque
949 2544 1147 2590 natura
1179 2542 1404 2604 apertus
1437 2543 1492 2587 et
1529 2531 1762 2602 simplex
1798 2527 2058 2587 Theodo-

477 2633 594 2687 sius
640 2639 822 2695 esset,
865 2638 920 2684 et
971 2628 1226 2683 omnibus
1275 2627 1514 2696 benigne
1560 2625 1743 2680 facere
1791 2633 2054 2694 cuperet,

476 2739 619 2794 saepe
659 2723 822 2779 etiam
857 2721 1081 2785 litteris,
1118 2720 1322 2790 quibus
1365 2719 1586 2774 minime
1629 2720 1895 2788 Oportuit,
1930 2733 2058 2772 seno

477 2819 648 2872 tentia
675 2833 867 2872 earum
898 2831 1007 2870 non
1037 2822 1347 2884 perspecta,
1379 2813 1729 2882 subscripsit.
1762 2811 1895 2878 Quae
1926 2827 2056 2866 vero

474 2910 524 2965 ei
559 2910 803 2965 divinius
845 2908 1004 2978 quasi
1039 2906 1218 2962 fidelis
1257 2916 1444 2961 custos
1473 2906 1599 2959 data
1629 2914 1768 2967 erat.
1801 2906 1853 2959 in
1886 2905 2054 2960 rebus

475 3000 735 3056 omnibus
772 2999 1084 3070 magniﬁca,
1121 2997 1426 3063 moderata,
1462 3005 1519 3050 et
1556 2996 1780 3066 sapiens
1824 2995 2056 3050 Pulche-

476 3095 556 3149 ria
601 3098 867 3164 Augusta,
903 3092 955 3146 id
1000 3092 1180 3161 ipsum
1220 3105 1465 3160 quoque,
1497 3104 1707 3144 morem
1753 3089 2051 3144 absurdum

2179 594 2390 662 βασιλεί
2440 593 2612 661 δῶρον
2666 593 2962 663 προσῆγεν.
3035 593 3095 647 ’0
3127 593 3171 645 δ’
3224 594 3519 661 ἀναγνοὺς,
3570 595 3762 646 ὁποῖον

2173 685 2305 754 δῆτα
2333 685 2392 738 τὸ
2421 685 2612 754 μῆλον,
2645 687 2842 752 πεῖραν
2881 684 3127 752 προσῆγε
3160 686 3288 754 περὶ
3319 685 3513 737 τούτου
3543 688 3608 754 τῇ
3663 703 3763 752 γυ-

2172 777 2364 839 ναικὶ,
2424 778 2522 846 τὴν
2594 776 2864 846 σφετέραν
2935 777 3212 846 σωτηρίαν
3280 778 3755 847 προόεὸλημένος.

2185 868 2430 936 Ἐκείνης
2459 867 2516 920 δὲ
2545 867 2620 936 τῷ
2650 869 2864 934 ἀγνοεῖν
2894 865 2994 937 τὴν
3042 869 3242 938 πεῖραν
3291 867 3756 936 διαςιευδομένης,

2173 964 2264 1014 καὶ
2295 962 2372 1024 ὼς
2397 961 2478 1012 ὅτι
2530 960 2698 1028 ἡδέως
2729 959 2874 1029 μάλα
2903 959 3068 1028 φάγοι
3103 959 3236 1013 αὐτὸ
3284 961 3636 1028 ἀνειπούσης,
3674 964 3754 1017 είς

2172 1052 2430 1104 ὑπόνοιαν
2461 1051 2665 1104 ἄτοπον
2697 1049 2891 1120 ἧγειρε
2921 1050 3012 1101 τὸν
3039 1049 3367 1119 κρατοῦντα.
3405 1052 3513 1104 Καὶ
3546 1052 3752 1103 αὐτίκα

2174 1144 2439 1203 Παυλῖνος
2471 1145 2571 1212 μὲν
2598 1143 2879 1213 ἐξόριστος
2910 1143 2967 1193 ἐν
3003 1141 3371 1212 Καππαδοκίᾳ
3429 1144 3749 1213 γενόμενος,

2168 1237 2446 1308 κεφαλικῇ
2491 1240 2732 1309 τιμωρίᾳ
2798 1238 3056 1306 ὑπήγετο.
3131 1237 3344 1306 Ἐκείνη
3406 1238 3461 1291 δὲ
3521 1240 3754 1308 ἀμέτρῳ

2165 1331 2252 1383 διὰ
2283 1329 2459 1384 ταῦτα
2509 1329 2776 1400 ληφθεῖσα
2801 1332 2866 1400 τῇ
2886 1330 3055 1400 λύπῃ,
3083 1330 3152 1382 τὰ
3179 1330 3535 1400 ὑπεσχημένα
3576 1333 3752 1399 ἑπλή·

2170 1436 2263 1485 ρου
2286 1419 2404 1488 Θεῷ
2445 1421 2582 1472 ’καὶ
2638 1419 2838 1480 αὐτίκα
2893 1419 3160 1472 διέϐαινεν
3206 1421 3286 1482 είς
3363 1421 3753 1489 Ἱεροσόλυμα.

2165 1510 2300 1564 Θεοῦ
2331 1511 2388 1564 δὲ
2414 1507 2481 1582 ἧν
2525 1512 2636 1578 ἄρα
2674 1513 2980 1582 οίκονομία,
3019 1513 3085 1564 i'v'
3139 1516 3257 1566 ἐκεῖ
3308 1515 3602 1583 γενομένη,
3638 1517 3758 1576 πεῖν

2164 1606 2218 1658 εί
2243 1623 2294 1659 τι
2322 1607 2559 1676 χρηστὸν
2601 1603 2988 1675 διαπράξηται.
3021 1605 3088 1660 Τί
3143 1609 3250 1676 γὰρ
3283 1607 3391 1677 χρὴ
3440 1611 3537 1661 καὶ
3562 1608 3755 1674 λέγειν

2163 1701 2263 1754 ὅσα
2298 1701 2416 1753 ἐκεῖ
2438 1699 2718 1769 θαύματος
2740 1699 2871 1764 ἀξια
2897 1699 3198 1752 διετέλεσεν
3245 1700 3380 1768 ἔργα
3403 1700 3462 1750 ἐν
3493 1718 3553 1751 τε
3583 1701 3758 1763 θείοις

2170 1795 2318 1856 ναοῖς
2346 1794 2440 1846 καὶ
2480 1791 2735 1860 μοναχῶν
2783 1793 3172 1858 καταγωγίοις,
3231 1792 3329 1844 καὶ
3363 1791 3591 1860 ἱερεῦσι,
3652 1803 3756 1845 και

2168 1886 2366 1952 πένησι
2395 1900 2410 1948 ;
2444 1885 2572 1950 περὶ
2624 1878 2700 1936 ὦν
2752 1882 2952 1952 μικρὸν
2999 1881 3224 1950 ὕστερον
3264 1882 3539 1947 διεξέλθω,
3586 1883 3759 1937 τοῦτο

2169 1977 2330 2046 μόνον
2361 1976 2420 2029 τό
2448 1993 2510 2043 γε
2544 1975 2641 2029 νῦν
2665 1975 2786 2044 ἔχον
2823 1975 2951 2045 περὶ
2982 1975 3153 2046 αὐτῆς
3197 1981 3422 2046 μνήμης
3476 1977 3535 2028 ὃν
3593 1976 3759 2041 ἄξιον

2163 2073 2230 2140 τῇ
2261 2070 2474 2140 ίστορίᾳ
2506 2069 2935 2137 διηγησάμενος.
2999 2067 3228 2131 ’Δπλοῠς
3275 2070 3386 2138 γὰρ
3447 2068 3613 2137 φύσει
3671 2069 3758 2121 ὣν

2165 2161 2471 2231 Θεοδόσιος,
2512 2163 2605 2215 καὶ
2633 2161 2841 2225 πάντας
2893 2163 3206 2230 εὐεργετεῖν
3263 2160 3754 2231 προθυμούμενος,

2165 2255 2428 2318 πολλάκις
2462 2257 2559 2308 καὶ
2616 2249 2698 2317 οἷς
2761 2255 2864 2308 οὐκ
2917 2255 3109 2324 ὲχρῆν,
3165 2255 3240 2322 μὴ
3292 2255 3361 2306 τὰ
3417 2254 3753 2325 γραφόμενα

2162 2349 2669 2417 διασκεπτόμενος,
2727 2335 3182 2418 καθυπέγραφεν.
3237 2349 3302 2400 Ὃ
3346 2347 3412 2418 δὴ
3467 2352 3501 2418 ἡ
3559 2351 3752 2404 πάντα

2161 2443 2368 2512 κοσμία
2396 2443 2489 2494 καὶ
2521 2443 2760 2512 σώφρων
2818 2441 2914 2494 καὶ
2945 2441 3085 2512 σοφὴ
3117 2443 3368 2512 οίκουρδς
3417 2443 3554 2514 πρὸς
3603 2444 3748 2496 Θεοῦ

2159 2535 2420 2603 δεδομένη
2453 2533 2756 2604 ΙΙουλχερία
2776 2534 2810 2604 ἡ
2835 2532 3069 2604 βασιλὶς,
3102 2534 3196 2586 καὶ
3227 2533 3376 2587 τοῦτ’
3395 2535 3748 2604 ἑπηνὼρθου,

2159 2629 2220 2681 τὸ
2255 2629 2352 2697 τῆς
2389 2629 2642 2697 πράξεως
2678 2628 2882 2680 ἄτοπον
2907 2625 3287 2698 διελέγχουσα.
3330 2631 3442 2683 Καὶ
3489 2631 3554 2700 δὴ
3590 2634 3748 2698 πρᾶ-

2161 2737 2246 2773 σιν
2273 2719 2348 2782 ὡς
2414 2719 2508 2774 ἀπ’
2578 2719 2746 2772 αὑτοῦ
2803 2708 2940 2789 πρὸς
2997 2720 3098 2791 τὴν
3151 2720 3390 2790 ἀδελφὴν
3450 2725 3549 2790 τῆς
3603 2723 3750 2786 ιδίας

2158 2811 2419 2879 γυναικὸς
2447 2810 2776 2881 σχεδιάσασα
2799 2811 3086 2877 Εὺδοκίας,
3110 2812 3359 2884 προσῆγε
3383 2813 3462 2883 τῷ
3488 2814 3705 2884 βασιλεῖ
3723 2831 3743 2846 ν

2157 2907 2186 2958 ὁ
2211 2905 2266 2957 δὲ
2296 2905 2395 2975 τὴν
2424 2905 2534 2956 τῶν
2559 2906 2969 2975 γεγραμμένων
2997 2905 3230 2975 δύναμιν
3259 2907 3334 2978 μὴ
3361 2908 3538 2970 εἰδὼς,
3571 2911 3748 2974 εὐθὺς

2158 2995 2580 3064 καθυπέγραφε.
2643 2995 2724 3067 Τῇ
2781 2996 2830 3051 δ’
2900 2997 3030 3067 ἑξῆς
3085 2998 3274 3070 ἡμέρᾳ
3336 2998 3436 3069 τὴν
3489 3002 3749 3070 γαμετὴν

2157 3089 2391 3142 ὲκάλειδ
2417 3087 2674 3157 βασιλεύς
2701 3105 2720 3121 ⁸
2771 3089 3081 3159 Πουλχερία
3110 3089 3169 3142 δὲ
3225 3091 3302 3161 μὴ
3344 3091 3532 3144 δοῦναι
3593 3095 3747 3163 μάλα

474 3204 798 3260 coarguens,
833 3191 1096 3243 correxit.
1128 3186 1503 3258 Syngrapham
1551 3187 1699 3241 enim
1744 3186 1890 3240 inter
1925 3201 2052 3242 eum

2161 3182 2402 3249 σφοδρῶς
2429 3180 2738 3244 διετείνετο,
2767 3181 2859 3234 τὸν
2888 3183 2987 3251 τῆς
3012 3183 3273 3254 πράσεως
3335 3183 3549 3255 χάρτην
3603 3201 3748 3254 προ-

465 3293 532 3337 et
560 3283 794 3351 seipsam
827 3281 1062 3334 vendita?
1099 3279 1350 3350 conjugis
1379 3279 1500 3350 ejus
1537 3279 1736 3348 raptim
1771 3279 2050 3348 composi-

477 3384 586 3428 tam
633 3374 686 3428 ei
729 3375 1039 3443 proposuit,
1069 3387 1300 3441 eamque
1347 3371 1439 3426 ille
1479 3372 1770 3440 scriptura
1806 3371 1916 3425 vim
1954 3386 2051 3426 nec

470 3465 678 3530 sciens,
722 3464 1014 3519 confestim
1063 3479 1258 3518 manus
1298 3479 1410 3517 sua:
1453 3462 1806 3516 adnotatione
1847 3460 2050 3516 confir-

474 3556 664 3611 mavit.
709 3554 982 3610 Postridie
1014 3555 1137 3625 ejus
1169 3553 1279 3608 diei
1311 3554 1617 3623 imperator
1654 3552 1943 3622 conjugem
1979 3550 2048 3605 ad

467 3665 534 3704 se
558 3651 798 3712 vocavit,
824 3665 987 3718 quam
1013 3647 1297 3702 Pulcheria
1329 3663 1386 3700 se
1409 3647 1460 3700 ei
1489 3645 1852 3707 reddituram,
1881 3644 2050 3713 pluri-

2158 3273 2466 3344 ϐαλλομένη
2495 3276 2936 3346 ἀπαράγραπτον
2974 3278 3254 3347 μάρτυρα.
3283 3278 3440 3332 Οὕτω
3471 3282 3612 3350 σοφή
3658 3299 3744 3341 τις

2155 3360 2226 3436 ἦν
2251 3368 2344 3420 καὶ
2369 3369 2558 3420 ἀστεία
2586 3368 2730 3436 μάλα
2759 3385 2774 3398 σ
2804 3369 3178 3423 κὰντεῦθεντὺ
3207 3372 3494 3440 ἀνειμένον
3525 3373 3738 3425 ἐκείνου

2155 3460 2423 3528 τεχνικῶς
2449 3460 2798 3527 διελέγξασα,
2834 3463 3075 3531 μετρίως
3121 3463 3182 3515 τὸ
3207 3465 3265 3516 ὲν
3298 3467 3420 3526 ταῖς
3454 3465 3732 3526 τοιαύταις

2155 3554 2396 3620 γραφαῖς
2421 3553 2832 3623 ἀπερίσκεπτον
2860 3554 3237 3626 διωρθώσατο.
3277 3558 3386 3610 Καὶ
3442 3558 3576 3629 περὶ
3637 3560 3733 3626 μὲν

2152 3645 2357 3698 τούτων
2407 3645 2604 3708 οὕτως.

476 3763 626 3805 mum
677 3748 932 3815 negavit,
982 3745 1280 3817 emptionis
1316 3743 1597 3810 libellum,
1633 3755 1693 3798 ut
1747 3751 1939 3798 testem
1981 3742 2074 3812 qui
2118 3745 2365 3799 accusari
2414 3755 2510 3800 aut
2557 3745 2710 3817 rejici
2755 3762 2863 3801 non
2915 3757 3122 3816 posset,
3155 3748 3516 3817 prmtendcns.
3561 3749 3739 3802 Tanta

465 3846 565 3900 illa
593 3845 895 3915 prudentia
947 3854 1112 3914 atque
1167 3841 1471 3898 festivitate
1505 3841 1630 3896 fuit.
1686 3840 1865 3910 Atque
1907 3841 1999 3896 illa
2035 3841 2421 3912 negligentiam
2465 3843 2584 3916 ejus
2638 3853 2756 3898 arte
2797 3845 3033 3915 quadam
3071 3861 3326 3916 arguens,
3355 3847 3738 3902 moderatione

473 3942 610 3995 mira
663 3941 1026 4012 improvidam
1083 3941 1393 3995 litterarum
1446 3937 1914 4008 subscriptionem
1972 3941 2054 3992 sic
2088 3938 2144 3992 in
2174 3955 2241 3994 eo
2266 3940 2601 3995 emendavit.
2632 3939 2707 3995 De
2734 3941 2820 3996 his
2851 3944 3138 3997 hactenus.

919 4060 1085 4132 437
1127 4059 1352 4116 CAPUT
1391 4058 1584 4115 xxrv.

471 4179 548 4230 De
584 4178 743 4229 Anici
773 4175 1094 4246 patriarcha:
1129 4175 1420 4246 episcopali
1455 4177 1942 4231 administratione.
1975 4176 2045 4230 Et

537 4250 674 4316 quod
708 4249 750 4300 is
785 4247 1018 4298 urbanus
1050 4246 1332 4298 admodum
1363 4257 1410 4298 et
1448 4246 1668 4314 facetus,
1705 4263 1798 4300 nec
1837 4264 1942 4300 non
1983 4251 2036 4299 in

541 4319 869 4386 imponendis
903 4331 1079 4369 rerum
1109 4317 1405 4369 nominibus
1439 4327 1622 4369 acutus
1651 4321 1810 4386 luerit

537 4433 750 4487 Atticus
791 4441 974 4487 autem
1019 4431 1315 4502 episcopus
1361 4433 2040 4502 Constantitmpolitanus.

2727 4059 2987 4116 ΚΕΦΑΛ.
3038 4059 3165 4115 KA'.

2153 4175 2291 4243 Περὶ
2324 4175 2434 4241 τῆς
2462 4176 2570 4230 τοῦ
2597 4177 3284 4246 πατριάρχουςΑττικοῦ
3333 4178 3698 4246 διοικήσεως
3723 4202 3738 4215 ο

2221 4239 2319 4297 imi
2480 4239 2724 4310 ἀστεῖοςῖ
2762 4239 2930 4314 Min
2964 4239 3063 4314 ἦν,
3103 4249 3199 4300 καί
3263 4250 3394 4316 περὶ
3451 4239 3558 4316 τάς
3615 4239 3742 4306 τῶν

2221 4316 2530 4384 ὀνομάτων
2561 4316 2760 4382 θέσεις
2795 4319 3162 4384 φιλόκαλος.

2246 4432 2306 4486 Ὀ
2364 4433 2420 4484 δὲ
2476 4431 2578 4501 τῆς
2636 4435 3053 4488 Κωνσταντίνου
3114 4437 3414 4499 ἐπίσκοπος
3477 4439 3738 4502 Ἀττικὲς

469 4537 531 4580 ut
562 4525 804 4580 Ecclesia
840 4525 1180 4578 incrementa
1221 4539 1318 4578 sua
1353 4534 1599 4594 caperet.
1641 4525 1876 4579 mirilicc
1912 4541 2044 4594 cpe-

2161 4525 2476 4594 θαυμασίως
2509 4526 2578 4578 τὰ
2624 4529 2766 4580 κατά
2807 4528 2904 4598 τὴν
2941 4530 3276 4598 Ἐκκλησίαν
3326 4535 3502 4585 ποιεῖν
3550 4537 3740 4588 ἐπεδε-

467 4634 586 4672 ram
621 4616 792 4672 dedit.
847 4615 1076 4669 Summa
1120 4617 1266 4669 enim
1312 4618 1601 4686 prudentia
1642 4633 1762 4673 eam
1813 4619 2049 4673 admini-

465 4722 679 4774 Strans,
743 4709 1004 4761 continua
1057 4709 1306 4761 doctrina
1363 4710 1628 4776 pupulum
1688 4711 1753 4762 ad
1805 4712 2072 4764 stmlium'

465 4802 688 4856 virtutis
721 4801 1006 4856 excitavit.
1038 4799 1106 4853 Et
1135 4799 1202 4852 ad
1235 4800 1676 4854 miscricordiam
1729 4815 1895 4869 atque
1936 4802 2048 4854 lar-

463 4896 731 4965 gitionem
764 4901 877 4946 tam
911 4891 1172 4960 proclivis
1223 4891 1346 4956 fuit,
1383 4902 1440 4944 ut
1486 4907 1592 4944 non
1632 4891 1796 4944 modo
1836 4892 1918 4945 eis
1951 4891 2044 4959 qui

465 4993 520 5044 in
553 4987 814 5058 parmciis
855 4987 975 5057 ejus
1003 4995 1180 5046 erant,
1217 4985 1406 5052 egenis
1436 4985 1836 5053 providendum
1879 4985 2048 5039 duce-

465 5090 572 5144 ret,
622 5079 718 5134 sed
773 5078 942 5133 etiam
996 5076 1199 5132 vicinis
1259 5075 1739 5144 Constantinopoli
1790 5075 2044 5130 ccclesiis

467 5173 758 5241 pecuniam
818 5170 1044 5222 multam
1102 5168 1170 5222 ad
1229 5183 1537 5237 pauperum
1599 5168 2040 5222 consolationem

465 5261 732 5315 mitteret.
796 5260 972 5314 Porro
1028 5274 1095 5313 ex
1147 5273 1253 5312 una
1301 5259 1424 5326 ejus
1468 5259 1722 5328 epistola,
1769 5275 1932 5328 quam
1976 5261 2041 5312 ad

462 5350 793 5419 Calliopium
849 5351 1231 5421 presbyterum
1296 5351 1532 5406 Nicaeam
1605 5352 1794 5418 dedit,
1859 5352 2043 5406 missis

465 5444 628 5498 simul
665 5445 926 5499 trecentis
953 5445 1160 5510 aureis,
1191 5446 1370 5514 qualis
1393 5461 1456 5500 ca
1485 5461 1546 5500 re
1571 5446 1656 5499 vir
1689 5446 1876 5511 fuerit,
1907 5445 2041 5500 satis

461 5537 693 5608 patebit.
721 5536 791 5589 Ea
826 5537 905 5590 sic
938 5537 1104 5591 habet
1138 5555 1150 5591 :
1190 5557 1206 5584 ι
1244 5537 1514 5608 Calliopio
1549 5539 1874 5609 presbytero
1903 5539 2045 5593 Atti.

461 5646 559 5683 cus
587 5630 639 5682 in
665 5627 893 5682 Demino
921 5631 1176 5684 salutem.
1201 5631 1395 5684 Decies
1422 5630 1570 5685 mille
1603 5630 1657 5684 in
1697 5631 1828 5685 urbe
1861 5641 2042 5687 vestra

458 5735 661 5798 egenos
690 5720 906 5790 piorum
962 5722 1459 5776 commiseratione
1501 5722 1750 5793 indigere
1786 5725 2036 5794 cognovi.

463 5815 654 5868 Decios
693 5811 840 5866 mille
869 5812 997 5866 dum
1038 5813 1184 5880 dico,
1223 5815 1634 5870 multitudinem
1689 5816 1885 5882 ipsam,
1925 5833 2034 5870 non

2151 4619 2269 4680 δον,
2305 4620 2506 4688 ἀρίστῃ
2542 4619 2642 4688 μὲν
2673 4624 2938 4690 φρονήσει
2968 4625 3060 4675 ἐπὶ
3098 4627 3196 4692 τὴν
3225 4627 3428 4694 ταύτης
3453 4627 3740 4692 διοίκησιν

2151 4709 2456 4780 χρώμενος’
2504 4711 2582 4779 τῷ
2607 4711 2661 4764 δὲ
2695 4717 2916 4782 συνεχεῖ
2943 4715 3038 4782 τῆς
3070 4717 3420 4778 διδασκαλίας
3473 4719 3565 4770 τὸν
3600 4721 3739 4772 λαιν

2151 4803 2232 4862 είς
2261 4803 2362 4870 τὴν
2395 4803 2492 4872 τῆς
2543 4804 2748 4872 ἀρετῆς
2787 4806 3094 4876 μετάληψιν
3136 4811 3528 4878 προετρέπετο.
3567 4813 3737 4864 Οὕτω

2147 4892 2204 4946 δὲ
2237 4889 2350 4962 εἶχε
2383 4896 2694 4964 προχείρως
2712 4899 2791 4959 τίς
2825 4898 2996 4962 ἔλεον,
3029 4900 3124 4952 καὶ
3151 4903 3230 4961 είς
3264 4903 3551 4970 μετάδοσιν
3586 4904 3736 4958 Evot-

2151 5001 2250 5053 μος
2273 4981 2362 5054 ἦν,
2388 4985 2463 5049 ὡς
2499 4990 2658 5057 μήτοι
2687 5005 2750 5056 γε
2785 4989 2893 5041 τῶν
2929 4994 2986 5044 ἐν
3047 4995 3171 5056 ταῖς
3203 4996 3526 5064 παροικίαις
3557 4998 3735 5050 αὑτοῦ

2149 5079 2504 5146 προνοεῖσθαι
2535 5083 2773 5151 πτωχῶν
2793 5121 2809 5144 ,
2836 5083 2972 5136 ἀλλὰ
3009 5087 3103 5137 καὶ
3132 5088 3248 5146 ταῖς
3284 5089 3734 5156 ἀγχιθυρούσαις

2147 5173 2213 5240 τῇ
2249 5173 2666 5225 Κωνσταντίνου
2703 5175 2926 5229 πόλεσιν
2967 5178 3126 5230 ἱκανὰ
3155 5179 3418 5248 χρήματα
3448 5181 3728 5249 πέμπειν,

2146 5266 2226 5328 είς
2263 5267 2623 5335 παραμυθίαν
2665 5269 2782 5322 τῶν
2837 5273 2956 5324 ἐκεῖ
3002 5272 3298 5341 δεομένων.
3351 5273 3446 5326 Ἐκ
3479 5275 3537 5326 δὲ
3579 5278 3720 5340 μιᾶς

2144 5360 2339 5413 τούτου
2382 5361 2676 5432 ἐπιστολῆς
2701 5399 2715 5424 ,
2753 5361 2835 5432 ἠν
2891 5362 3209 5434 Καλλιοπίῳ
3244 5365 3603 5436 πρεσὸυτέρῳ
3641 5369 3733 5430 είς

2145 5453 2386 5505 Νίκαιαν
2442 5454 2682 5516 ἔστελλε,
2739 5457 3090 5523 τριακοσίους
3142 5459 3433 5526 χρυσίνους
3479 5477 3730 5513 συναπο-

2148 5544 2388 5607 στείλας,
2427 5547 2751 5616 καταφανὴς
2779 5549 2965 5610 ὁποῖος
3013 5544 3078 5617 ἧν
3107 5551 3202 5602 καὶ
3241 5557 3369 5619 περὶ
3422 5550 3596 5603 ταῦτα
3627 5568 3731 5619 γε-

2145 5637 2396 5706 νήσεται.
2439 5637 2596 5690 Ἔστι
2635 5638 2692 5690 δὲ
2725 5638 2862 5707 αὕτη
2890 5655 2904 5670 ο
2941 5657 2960 5690 ι
3010 5641 3326 5711 Καλλιοπίῳ
3355 5643 3728 5714 πρεσὸυτέρῳ

2157 5727 2404 5790 Ἀττικὸς
2440 5729 2498 5780 ἐν
2530 5730 2726 5799 Κυρίῳ
2758 5733 2992 5799 χαίρειν.
3029 5731 3280 5800 Ἐμαθον
3313 5735 3542 5804 μυρίους
3574 5736 3634 5786 ὲν
3654 5741 3723 5804 τῇ

2146 5817 2298 5871 πόλει
2333 5821 2636 5884 πεινῶντας
2687 5823 2892 5875 δεῖσθαι
2948 5824 3043 5878 τοῦ
3090 5827 3241 5877 παρὰ
3290 5829 3397 5881 τῶν
3427 5829 3725 5880 εὐσεϐούν-
