3962 6622
277 492 416 559 “33

1158 499 1755 561 ECCLESIASTICIE
1792 499 2176 559 HISTORIA;
2217 501 2369 567 UB.
2411 502 2563 562 XIV.

3397 506 3532 572 1134

271 634 386 670 των
438 615 628 670 ἐλέου*
667 619 899 691 μυρίους
958 619 1015 674 δὲ
1077 620 1224 688 λέγω
1275 622 1335 674 τὸ
1386 621 1635 693 πλῆθος,
1667 624 1727 677 οὐ
1764 624 1854 676 τὸν

1977 630 2174 676 :ertum
2212 636 2517 690 pauperum
2551 635 2840 675 numerum
2878 623 3130 678 ostendo.
3168 623 3533 697 Quandoqui-

270 709 479 781 ἀκριϐῆ
526 710 707 783 δηλῶν
774 713 1034 786 ἀριθμόν.
1084 715 1241 768 Ἐπεὶ
1290 717 1476 770 τοίνυν
1532 717 1695 780 αὐτὸς
1754 717 1852 787 μὲν

273 802 386 873 ἔχω
413 803 914 879 ’λαϐὼψάριθμδν
972 808 1129 879 παρά
1182 807 1278 862 τοῦ
1336 808 1553 879 δαψιλεῖ
1596 813 1664 880 τῇ
1705 809 1856 884 χειρὶ

271 892 510 957 διδόντος
533 897 648 957 τοῖς
675 897 1029 968 οἰκοινομοῦσι
1062 898 1269 962 καλῶς,
1302 901 1678 968 συμϐαίνειδέ
1702 917 1856 963 τινας

274 985 604 1055 ἀπορεῖσθαι
633 986 983 1058 δοκιμασίας,
1020 991 1185 1060 χάριν
1214 991 1325 1044 τῶν
1350 993 1585 1063 ἐχόντων
1617 994 1740 1063 μὲν,
1781 993 1856 1064 μὴ

279 1079 630 1150 παρεχόντων
654 1078 711 1133 δέ
735 1081 967 1148 τούτοις,
998 1084 1200 1151 λαϐὼν,
1236 1077 1283 1139 ὦ
1313 1086 1442 1155 φίλη
1482 1104 1577 1156 μοι
1613 1072 1855 1157 κεφαλὴ,

273 1174 408 1236 τοὺς
470 1175 820 1242 τριακοσίους
881 1176 1111 1235 τούτους
1164 1179 1500 1248 χρυσίνους,
1571 1177 1853 1233 ἀνάλωσιν

274 1266 429 1328 ὅπως
481 1265 548 1320 ἂν
583 1265 862 1338 θελήσοις.
911 1268 1164 1343 Βουλήσῃ
1215 1270 1272 1321 δέ
1321 1287 1426 1322 που
1477 1270 1695 1333 πάντως
1747 1272 1862 1333 τοῖς

278 1360 706 1428 αἰσχυνομένοις
737 1362 838 1430 τὴν
869 1362 1112 1428 αἴτησιν,
1147 1362 1262 1416 ἀλλ’
1293 1362 1415 1432 οὐχὶ
1446 1365 1564 1427 τοῖς
1595 1361 1862 1434 ἐμπόριον

279 1451 371 1504 διὰ
406 1452 523 1521 βίου
558 1454 658 1524 τὴν
684 1454 933 1526 γαστέρα
978 1457 1392 1528 προτεθεικόσι.
1440 1457 1631 1522 Διδοὺς
1658 1457 1863 1524 τοίνυν,

285 1544 422 1611 μηδὲ
456 1545 762 1615 θρησκείαν
801 1547 999 1623 λογίσῃ
1047 1548 1195 1603 κατὰ
1235 1549 1397 1604 τοῦτο
1420 1550 1480 1603 τὸ
1513 1551 1706 1622 μέρος
1741 1549 1863 1614 ἑνὸς

288 1637 386 1688 καὶ
424 1639 592 1707 μόνου
623 1640 922 1709 γενόμενος
945 1682 960 1707 ,
996 1641 1090 1694 τοῦ
1122 1643 1346 1712 τρέφειν
1376 1643 1503 1706 τοὺς
1535 1642 1866 1709 πεινῶντας,

285 1727 424 1782 ἀλλὰ
488 1730 564 1799 μὴ
624 1730 970 1796 λογιστεύειν
1016 1734 1147 1798 τοὺς
1209 1733 1303 1788 τὸν
1350 1736 1623 1807 ἡμέτερον
1663 1736 1866 1806 τρόπον

289 1820 651 1891 φρονοῦντας.
695 1842 714 1875 ι
749 1824 873 1877 Τῶν
906 1825 1006 1895 μὲν
1058 1825 1155 1879 οὖν
1203 1827 1480 1896 δεομένων
1525 1827 1624 1883 καὶ
1649 1825 1869 1899 πόρῤω-

1957 713 2084 769 dem
2118 730 2248 768 vero
2281 724 2496 770 certum
2528 714 2777 783 pecuniae
2825 729 3120 770 numerum
3149 718 3200 772 ei
3245 729 3534 790 acceptum

1959 805 2099 869 fero,
2135 806 2230 876 qui
2263 807 2575 877 perliberali
2610 822 2773 861 manu
2804 806 2911 860 rite
2939 823 3057 861 eam
3084 809 3539 878 dispensantibus

1957 898 2149 960 donat.
2177 909 2234 953 et
2265 900 2517 953 nonnulli
2547 899 2819 970 indigent,
2842 900 3312 969 explorandorum
3338 919 3534 959 eorum

1958 992 2157 1059 gratia,
2194 991 2291 1060 qui
2322 990 2528 1045 habent
2559 991 2806 1062 quidem,
2843 991 2942 1046 sed
2973 992 3084 1046 illis
3127 1009 3237 1047 non
3267 994 3421 1059 dant,
3450 1012 3536 1050 ac-

1960 1082 2140 1150 ceptis
2163 1097 2192 1134 a
2227 1097 2335 1145 me,
2362 1098 2396 1135 o
2422 1083 2654 1137 cbarum
2688 1084 2823 1138 tnibi
2850 1094 3037 1154 caput,
3069 1087 3331 1141 trecentis
3360 1090 3543 1142 aureis

1962 1172 2110 1239 istis,
2144 1184 2204 1229 ut
2236 1175 2390 1231 voles
2435 1192 2534 1230 eos
2572 1178 2846 1246 erpende.
2878 1178 3046 1233 Voles
3088 1189 3273 1234 autem
3311 1180 3396 1235 eis
3427 1196 3548 1234 ma.

1963 1268 2131 1330 xime,
2167 1271 2261 1336 qui
2293 1268 2611 1324 mendicare
2642 1271 2982 1326 erubescunt
3016 1290 3029 1325 :
3061 1287 3173 1326 non
3211 1272 3338 1337 illis,
3366 1273 3459 1342 qui
3491 1273 3545 1328 in

1926 1360 2075 1413 .vita
2099 1370 2349 1414 ventrem
2400 1360 2467 1414 ad
2507 1360 2970 1417 nundinationem
3019 1373 3358 1433 proponunt.
3403 1364 3544 1421 Cum

1967 1451 2139 1522 igitur
2170 1453 2460 1521 pecuniam
2503 1454 2777 1525 largieris,
2813 1456 3098 1526 religionis
3143 1459 3245 1513 bac
3289 1458 3343 1512 in
3392 1470 3549 1529 parte

1967 1543 2240 1597 rationem
2287 1558 2397 1598 non
2448 1544 2679 1600 habebis
2726 1563 2741 1598 :
2792 1547 2899 1602 hoc
2939 1563 3109 1602 unum
3159 1557 3439 1619 spectans,
3489 1564 3551 1605 ut

1968 1635 2281 1705 indigentes
2310 1636 2425 1692 alas
2448 1676 2462 1700 ,
2501 1651 2682 1707 neque
2722 1652 2821 1694 eos
2863 1625 3129 1710 praeferas
3167 1641 3264 1710 qui
3298 1643 3549 1698 moribus

1967 1730 2177 1783 nostris
2207 1730 2419 1783 vivunt.
2453 1749 2472 1781 ι
2515 1730 2826 1800 Pauperum
2858 1747 2991 1788 sane
3023 1734 3188 1789 etiam
3216 1734 3309 1803 qui
3335 1734 3554 1806 longius

1970 1818 2250 1887 abessent,
2273 1821 2349 1876 ita
2383 1837 2569 1875 curam
2597 1821 2814 1879 Atticus
2835 1824 3028 1894 gessit.
3056 1824 3390 1882 Verum-ille
3417 1843 3556 1897 quo-

288 1912 383 1965 θεν
414 1912 589 1967 δντων
636 1913 780 1969 οὕτω
815 1916 1098 1987 φροντίδος
1121 1915 1269 1990 εἶχεν
1295 1921 1323 1972 6
1352 1917 1628 1983 Ἀττικός⁶
1660 1920 1723 1973 οὐ
1756 1919 1866 1990 μὴν

1977 1928 2081 1983 que
2151 1922 2212 1967 ut
2283 1913 2653 1984 quorumdam
2722 1917 3177 1985 superstitionem
3250 1922 3552 1983 minueret,

274 2005 349 2059 at
374 2005 515 2061 ἀλλὰ
544 2008 642 2060 καὶ
671 2007 772 2072 τάς
797 1977 966 2062 τινων
1007 1977 1443 2081 δεισιδαιμονίας
1491 1977 1623 2083 περὶ
1662 1977 1866 2067 πολλόῦ

1977 1977 2316 2076 magnopere
2354 2007 2587 2060 curavit.
2639 2007 2873 2063 Etcum
2926 2008 3174 2064 audisset
3224 2011 3551 2067 Sabbatium

291 2101 649 2156 ἀναστέλλειν
691 2102 955 2172 πρόνοιαν
1006 2106 1269 2159 ἐποιεῖτο.
1321 2106 1436 2159 Καὶ
1466 2104 1531 2173 δὴ
1562 2106 1870 2177 πυθόμενος

290 2194 603 2249 Σαϐϐάτιον
651 2198 902 2261 ἐκεῖνον,
956 2196 1017 2261 δς
1065 2198 1155 2251 διὰ
1209 2198 1271 2251 τδ
1324 2198 1623 2253 Ἰουδαϊκὸν
1674 2201 1870 2273 Πάσχα

258 2289 395 2358 ’τῆς
430 2287 542 2340 τῶν
582 2287 950 2344 Ναυατιανῶν
992 2276 1292 2361 ἐκκλησίας
1338 2293 1701 2364 άπορῤαγεὶς,
1733 2295 1871 2349 ἰδίαν

291 2382 668 2451 συνεστήσατο
716 2382 958 2453 ποίμνην
984 2424 999 2450 ,
1052 2383 1145 2437 τὸν
1189 2384 1306 2454 βίον
1360 2386 1421 2439 ἐν
1455 2384 1625 2455 Ῥόδῳ
1675 2386 1870 2439 άπολις-

293 2471 505 2525 πόνταο
544 2472 726 2524 ἐκεῖσε
756 2475 864 2544 γάρ
910 2471 1208 2542 ὑπερόριος
1244 2474 1542 2542 γενόμενος
1576 2472 1866 2528 ἐτελεύτα·

290 2563 394 2617 καὶ
425 2562 533 2616 ὑπὸ
559 2565 654 2617 τοῦ
688 2563 823 2617 ίδίου
858 2567 1205 2633 συστήματος
1235 2567 1451 2620 ἐκεῖθεν
1490 2566 1584 2622 τοῦ
1616 2567 1870 2639 σώματος

293 2656 828 2728 μετακομισθέντος,
891 2660 1022 2730 περὶ
1068 2659 1159 2714 τὸν
1220 2661 1433 2714 ἐκείνου
1481 2663 1655 2731 τάφον
1702 2664 1871 2734 εὐχὰς

288 2752 490 2818 ποιεῖν,
519 2752 615 2806 καὶ
649 2751 726 2815 ὡς
757 2753 902 2821 ἁγίῳ
930 2752 1095 2821 δῆθεν
1120 2754 1178 2807 τδ
1208 2753 1371 2819 σέϐας
1404 2755 1613 2821 νέμειν,
1653 2759 1871 2830 νύκτωρ

290 2841 453 2905 τινάς
483 2842 816 2907 ἀποστείλας
842 2886 858 2910 ,
894 2845 956 2898 τὸ
1004 2844 1313 2900 Σαϐϐατίου
1347 2846 1513 2916 σῶμα
1558 2849 1639 2912 είς
1681 2848 1873 2919 ἕτερον

289 2931 750 2989 τόπονηέθαπτεν.
779 2935 843 2988 Oi
876 2934 934 2988 δέ
962 2934 1094 3003 περὶ
1144 2936 1307 2990 αὐτὸν
1349 2935 1622 3002 ἐλθόντες,
1659 2940 1873 2992 καὶτὸν

290 3025 473 3095 τάφον
524 3024 924 3097 ὀρωρυγμένον
977 3028 1258 3099 εὑρόντες,
1302 3029 1401 3084 τοῦ
1449 3029 1639 3085 λοιποῦ
1691 3033 1874 3086 σέϐειν

289 3120 393 3173 καὶ
424 3117 850 3189 δεισιδαιμονεῖν
894 3122 1025 3191 περὶ
1064 3120 1171 3199 τδνί
1203 3121 1378 3191 τάφον
1418 3122 1708 3180 ἐπαύοντο.
1736 3126 1873 3179 Δίαν

289 3212 353 3267 δὲ
385 3214 481 3266 καὶ
509 3212 803 3282 φιλόκαλος
859 3212 1106 3282 ἐγεγόνει
1138 3215 1271 3285 περὶ
1317 3214 1419 3280 τὰς
1447 3216 1557 3271 τῶν
1586 3217 1874 3288 ὀνομάτων

290 3303 505 3369 θέσεις,
538 3305 818 3376 εὐστόχως
840 3304 1012 3370 αὐτάς
1041 3305 1338 3371 συντιθείς.
1358 3310 1497 3379 Περὶ
1519 3310 1631 3382 γάρ
1650 3311 1712 3364 τὸ
1732 3314 1873 3366 κατὰ

291 3395 392 3449 τὸν
438 3393 697 3462 Εὔξεινον
753 3397 953 3452 πόντον
1010 3399 1202 3455 στενὸν
1262 3399 1330 3454 οὐ
1383 3402 1576 3474 πόρρω
1635 3420 1738 3457 που
1777 3402 1874 3459 τοῦ

291 3488 547 3545 άνάπλου
593 3489 836 3545 ἐπίνειον
873 3486 964 3561 ἦν,
1006 3490 1036 3544 ὃ
1093 3493 1313 3564 ἀρχαῖοι
1341 3493 1538 3566 ἄνδρες
1569 3496 1875 3567 Φαρμακέα

291 3583 561 3638 ἐκάλουν.
600 3583 846 3649 Ἐκεῖνος
874 3585 921 3639 δ’
956 3584 1139 3639 ἐκεῖσε
1186 3588 1287 3650 τὰς
1320 3587 1574 3653 συνάξεις
1605 3589 1877 3661 ποιούμε-

289 3688 411 3736 νος,
450 3671 540 3726 ἴνα
584 3671 664 3744 μὴ
692 3671 965 3745 δυσφήμῳ
994 3674 1224 3749 ὀνόματι
1253 3675 1475 3730 καλοῖτο
1514 3680 1543 3731 6
1569 3679 1771 3749 χῶρος,
1797 3681 1879 3743 είς

289 3763 616 3834 Θεραπείαν
663 3765 940 3834 μετετίθει
993 3764 1096 3835 τὴν
1144 3766 1363 3836 κλῆσιν.
1408 3768 1519 3822 Καὶ
1551 3769 1880 3839 προάστειον

291 3855 345 3908 δ’
397 3855 592 3927 ἕτερον
649 3856 956 3929 ἀντιπέραν
1008 3858 1112 3927 τῆς
1167 3860 1587 3915 Κωνσταντίνου
1626 3860 1881 3933 κείμενον

295 3949 708 4022 ’Δργυρόπολιν
743 3951 1133 4022 μετωνόμαζε,
1176 3955 1395 4009 τοιᾶσδε
1443 3955 1622 4020 αἰτίας
1671 3958 1882 4028 ἡγησα-

301 4044 505 4113 μένης.
572 4043 928 4113 Χρυσόπολις
985 4045 1224 4100 ἐπίνειον
1275 4047 1507 4118 ἀρχαῖόν
1570 4051 1743 4103 ἐστιν.
1817 4051 1883 4103 '0

294 4137 486 4190 κεῖται
551 4135 653 4205 μὲν
700 4137 756 4189 ἐν
806 4137 949 4208 ἀρχῇ
1005 4138 1104 4191 τοῦ
1137 4138 1443 4209 Βοσπόρου,
1491 4141 1794 4214 ἀντιπέραν
1826 4142 1885 4197 δὲ

293 4230 404 4298 τῆς
443 4229 772 4294 Βυζαντίδος
824 4231 963 4284 ἐστί.
1022 4229 1232 4284 Τούτου
1275 4231 1335 4285 δὲ
1388 4231 1577 4287 πολλοὶ
1627 4234 1737 4289 τῶν
1785 4236 1886 4306 ἀρ-

296 4320 481 4390 χαίων
540 4318 839 4391 ἱστορικῶν
879 4320 1237 4392 μέμνηνται,
1277 4321 1469 4392 ὥσπερ
1533 4324 1795 4395 Στράϐων
1853 4327 1884 4378 6

297 4413 638 4485 γεωγράφος
658 4454 674 4479 ,
710 4413 979 4478 Νικόλαός
1025 4431 1086 4467 τε
1125 4417 1155 4469 ό
1188 4416 1551 4485 Δαμασκόθεν
1578 4458 1593 4481 ,
1624 4418 1722 4472 καὶ
1745 4421 1773 4471 ὁ
1814 4421 1886 4472 τά

299 4500 499 4577 Κιῖρου
532 4505 941 4578 συγγεγραφὼς
975 4508 1199 4577 ἄριστα,
1228 4510 1258 4561 6
1284 4506 1456 4572 πολὺς
1498 4510 1556 4562 ἐν
1584 4509 1764 4579 λόγων
1792 4511 1885 4565 δυ-

298 4601 495 4671 νάμει,
544 4600 642 4654 καὶ
690 4599 1059 4670 συγγραφικῷ
1084 4601 1402 4672 χαρακτῆρι
1437 4601 1755 4672 θαυμαστὸς
1784 4603 1885 4656 Ξε-

1972 2098 2151 2162 illum,
2174 2098 2269 2168 qui
2304 2109 2534 2169 prapter
2567 2099 2791 2156 Pascha:
2824 2101 2971 2157 diem
3004 2101 3238 2158 Judaico
3273 2119 3427 2160 more
3459 2121 3557 2162 ce-

1972 2189 2298 2246 lebrandum
2333 2205 2363 2242 a
2394 2190 2823 2247 Novatianorum
2865 2193 3101 2248 ecclesia
3136 2206 3463 2263 secesserat,
3495 2210 3555 2253 et

1971 2299 2193 2354 gregem
2229 2282 2335 2336 sibi
2382 2298 2545 2337 suum
2595 2292 2873 2354 coegerat,
2907 2283 3111 2351 Rhodi,
3159 2284 3252 2340 ubi
3294 2286 3553 2342 exsulare

1966 2375 2159 2443 jussus
2186 2375 2402 2438 fuerat,
2434 2376 2605 2430 vitam
2637 2375 2847 2432 [iniisse
2868 2413 2886 2441 ,
2921 2378 3328 2448 popularesque
3364 2379 3560 2454 factio-

1977 2468 2068 2523 nis
2092 2470 2237 2540 ejus.
2266 2483 2503 2539 corpore
2535 2469 2686 2525 illius
2713 2467 2841 2526 inde
2873 2472 3159 2536 translato,
3190 2474 3340 2528 circa
3377 2474 3561 2544 sepul-

1973 2575 2131 2615 crum
2180 2560 2303 2631 ejus
2365 2562 2721 2631 precationes
2766 2578 3050 2635 peragere,
3104 2573 3164 2620 et
3214 2566 3386 2621 veluti
3437 2566 3561 2621 viro

1973 2661 2167 2707 sancto
2219 2652 2588 2708 reverentiam
2643 2653 2972 2724 cultumque
3023 2666 3290 2725 praestare
3339 2666 3561 2713 :noctu

1974 2743 2301 2811 hominibus
2329 2745 2499 2801 certis
2530 2745 2734 2811 missis,
2764 2747 3004 2802 cadaver
3035 2748 3289 2804 Sabbatii
3334 2751 3563 2821 sepeliri

1976 2837 2034 2893 in
2063 2838 2184 2894 loco
2216 2839 2324 2894 alio
2363 2839 2596 2895 curavit.
2631 2839 2801 2913 488
2829 2842 3006 2898 Porro
3054 2851 3363 2900 sectatores
3411 2844 3563 2901 illius

1976 2929 2073 2984 ubi
2103 2930 2378 2984 tumulum
2399 2931 2661 2987 en‘ossum
2697 2942 3052 3002 repererunt,
3073 2936 3433 2993 cmremonias
3468 2953 3563 2993 su-

1975 3024 2474 3093 perstitionemque
2498 3039 2656 3079 suam
2683 3024 2752 3079 ad
2784 3027 3101 3095 sepulcrum
3140 3028 3262 3099 ejus
3294 3028 3562 3101 deinceps

1978 3114 2307 3173 omiserunt.
2360 3115 2429 3170 Et
2460 3117 2725 3185 quoniam
2770 3118 2826 3171 in
2873 3119 3163 3174 nominum
3212 3121 3560 3181 inventione.
3602 3121 3605 3125 ⁴

1977 3217 2104 3277 apte
2136 3207 2245 3264 illis
2277 3209 2445 3265 rebus
2479 3210 2613 3279 ipsis
2658 3210 3034 3280 imponendis,
3066 3213 3291 3284 elegans
3328 3223 3387 3270 et
3430 3214 3562 3271 felix

1903 3343 1948 3401 C
1978 3298 2108 3361 fuit,
2139 3300 2334 3355 navale
2366 3302 2515 3372 quod
2564 3303 2633 3356 ad
2681 3305 2966 3375 angustias
3004 3305 3204 3361 Euxini
3234 3308 3410 3378 ponti
3453 3326 3563 3364 non

1978 3389 2141 3459 longe
2189 3406 2223 3445 a
2257 3392 2494 3447 transitu
2528 3392 2727 3457 situm,
2757 3405 2975 3451 veteres
3006 3399 3334 3468 φαρμακέα,
3380 3400 3435 3455 id
3479 3410 3565 3456 est

1982 3485 2290 3538 veneﬁcum
2344 3486 2719 3555 appellarunt,
2762 3488 2911 3559 quod
2967 3490 3086 3560 ipse
3137 3491 3210 3546 ibi
3256 3503 3564 3549 conventus

1980 3582 2226 3645 cogeret,
2275 3590 2348 3629 ne
2396 3576 2555 3632 locus
2594 3578 2639 3633 is
2687 3579 2948 3636 infamem
2997 3583 3272 3639 obtineret
3322 3585 3564 3655 appella-

1982 3665 2213 3730 tionem,
2246 3668 2474 3723 nomine
2502 3679 2717 3725 mutato
2740 3670 3070 3741 θεραπείαν,
3098 3673 3203 3730 boc
3232 3683 3341 3740 est,
3372 3692 3563 3731 curam

1981 3774 2081 3815 seu
2116 3760 2450 3818 medicinam
2490 3763 2730 3819 vocavit.
2776 3763 2855 3819 Ex
2899 3764 3183 3823 suburbiis
3216 3770 3383 3845 etiam
3417 3771 3565 3825 Con-

1983 3854 2377 3925 stantinopolis
2408 3856 2581 3921 aliud,
2623 3860 3031 3930 Argyropolim,
3071 3878 3169 3931 per
3199 3864 3566 3920 mutationem

1985 3947 2226 4001 nominis
2273 3950 2344 4001 ob
2385 3965 2607 4005 causam
2637 3952 2908 4021 ejusmodi
2956 3956 3275 4024 appellavit.
3326 3957 3567 4029 Chryso-

1984 4038 2126 4109 polis
2153 4042 2378 4111 antiqua
2407 4042 2626 4096 navium
2653 4045 2818 4099 statio
2845 4054 2964 4108 est,
2996 4056 3187 4101 contra
3220 4047 3564 4119 Byzantium.

1984 4136 2044 4191 in
2098 4137 2326 4205 Bospori
2383 4137 2543 4193 initio
2598 4141 2796 4208 posita.
2847 4139 3001 4194 Multi
3042 4142 3161 4212 ejus
3207 4142 3561 4211 antiquorum

1987 4224 2378 4280 historicorum
2410 4227 2738 4292 meminere.
2775 4229 2940 4284 sicuti
2968 4228 3170 4285 Strabo
3196 4234 3566 4302 geograpbus.

1985 4313 2243 4372 Nicolaus
2304 4317 2715 4385 Damascenus,
2775 4333 2832 4376 et
2899 4323 2995 4392 qui
3064 4323 3188 4394 Cyri
3278 4325 3562 4386 historiam

1986 4408 2193 4478 optime
2218 4412 2571 4480 conscripsit,
2594 4416 2646 4467 vi
2672 4416 3005 4483 eloquentia».
3030 4430 3283 4485 magnus,
3310 4428 3365 4471 et
3391 4419 3566 4472 histo-

1988 4502 2299 4575 rieo-stylo
2342 4504 2702 4561 admirandus
2748 4505 3078 4577 XenOplion,
3127 4509 3184 4563 in
3236 4521 3390 4565 sexto
3436 4513 3565 4582 Cyri

1987 4592 2359 4662 expeditionis
2394 4609 2410 4646 :
2455 4595 2549 4646 sed
2591 4604 2647 4647 et
2680 4598 2733 4648 in
2777 4597 2956 4664 primo
2995 4594 3428 4663 liellanicorum,
3467 4617 3567 4654 seu

301 4694 491 4763 νοφῶν
512 4736 528 4760 ,
556 4695 612 4748 ἒν
645 4712 709 4748 τε
745 4696 812 4766 τῇ
842 4693 975 4764 ἕκτη
1003 4693 1113 4745 τῶν
1144 4693 1469 4748 ἀναϐάσεων
1505 4693 1714 4764 Κύρου’
1745 4696 1875 4749 άλλά

1988 4683 2193 4740 Graecae
2234 4682 2487 4741 Historiae
2514 4686 2678 4751 libro.
2710 4688 2805 4743 ubi
2843 4688 2912 4743 de
2936 4706 2998 4744 ea
3043 4691 3157 4745 base
3199 4708 3421 4762 quoque
3452 4712 3569 4747 mc-

306 4790 412 4845 καὶ
442 4792 500 4843 ἐν
532 4788 610 4858 τῷ
642 4787 846 4857 πρώτῳ
871 4787 985 4839 τῶν
1031 4785 1372 4856 Ἑλληνικῶν
1407 4789 1884 4858 συγγραμμάτων,

301 4886 372 4936 ὲν
398 4875 444 4950 ᾧ
476 4881 572 4935 καὶ
601 4880 729 4934 τάδε
762 4880 891 4947 περὶ
921 4879 1091 4932 αὐτοῦ
1129 4879 1339 4947 ἱστορεῖ
1360 4918 1376 4945 ,
1418 4879 1494 4942 ὡς
1539 4878 1889 4950 Ἀλκιϐιάδης

301 4973 527 5033 ἐκεῖνος
574 4968 646 5020 τά
682 4967 838 5037 τείχη
876 4965 1147 5037 περιελὼν
1180 4967 1604 5036 Χρυσοπόλεως,
1636 4967 1891 5021 δεκαδευ-

296 5065 503 5135 τήριον
543 5064 602 5114 ἐν
658 5061 802 5129 αὐτῇ
859 5060 1122 5112 καθίστα.
1177 5059 1339 5111 Ὅσοι
1377 5060 1486 5127 γὰρ
1529 5060 1765 5129 ἔμποροι
1824 5061 1888 5112 ἐκ

296 5158 520 5210 Πόντου
558 5153 879 5217 κατέπλεον,
912 5154 971 5204 έν
1000 5153 1138 5221 αὐτῇ
1182 5151 1283 5214 τὰς
1329 5152 1569 5214 δεκάτας
1621 5152 1888 5221 παρεῖχον

289 5250 423 5303 ⁸ιτῶν
454 5250 692 5319 φόρτων.
745 5245 804 5299 ὐ
859 5247 1041 5298 τοίνυν
1077 5243 1348 5306 Ἀττικὸς,
1408 5245 1498 5297 τὸν
1546 5244 1887 5312 καταντικρὺ

289 5342 716 5413 Χρυσοπόλεως
766 5340 931 5391 τόπον
968 5337 1094 5391 ἰδὼν
1130 5338 1188 5390 έν
1234 5337 1441 5407 εὐθέτῳ
1469 5337 1733 5407 κείμενον
1792 5337 1889 5390 καὶ

287 5435 510 5504 τέρψιν
553 5434 612 5486 ού
651 5434 885 5501 μετρίαν
935 5432 1272 5500 παρέχοντα,
1301 5431 1508 5499 χρῆναι
1539 5429 1642 5499 ἔφη
1679 5430 1772 5483 τὸν
1801 5432 1888 5481 τό·

285 5547 416 5583 πον
462 5526 654 5581 τοῦτον
699 5525 1096 5594 Ἀργυρόπολιν
1142 5521 1515 5591 ὀνομάζεσθαι
1544 5538 1557 5551 ο
1609 5522 1638 5574 ὂ
1688 5523 1887 5574 αὐτίκα

287 5621 517 5697 ρηθὶν,
547 5622 648 5690 τὴν
678 5617 996 5688 ἐπωνυμίαν
1034 5616 1208 5669 ἐδίδου
1250 5614 1330 5686 τῷ
1368 5614 1559 5686 χώρῳ.
1597 5616 1887 5682 Λεγόντων

277 5717 371 5769 δέ
415 5730 582 5769 τινων
630 5712 957 5783 ἀσύμφορον
997 5707 1140 5764 εἶναι
1182 5709 1560 5771 Ναυατιανοὺς
1603 5707 1755 5761 ἔνδον
1789 5710 1887 5777 τῆς

162 5866 173 5869 ,
279 5806 730 5864 Κωνσταντίνου
766 5805 1184 5875 ἐκκλησιάζειν,
1235 5801 1535 5870 ’Δγνοεῑτε,
1573 5800 1651 5863 ὡς
1680 5804 1882 5862 ἔοικεν,

269 5902 441 5968 ἔφη.
468 5899 569 5953 ὅσα
600 5900 733 5969 ἡμῖν
765 5897 964 5967 συνέϐη
995 5896 1189 5951 παθεῖν
1220 5896 1315 5948 ἐπὶ
1367 5894 1758 5948 Κωνσταντίου
1791 5895 1886 5945 καὶ

275 5993 633 6056 Οὓάλεντος.
671 5991 881 6055 Ἄλλως
914 6008 973 6046 τε
1023 5990 1079 6043 δὲ
1129 5989 1223 6043 καὶ
1277 5988 1561 6059 μάρτυρες
1593 5985 1741 6039 οὗτοι
1787 5987 1885 6055 τῆς

1954 4964 2177 5018 'tuerit.
2232 4964 2565 5033 Quicunque
2632 4966 2782 5019 enim

1993 4786 2190 4843 morat,
2231 4777 2380 4846 quod
2422 4778 2740 4834 Alcibiades
2772 4780 2864 4834 ille
2898 4796 3057 4835 muro
3082 4782 3405 4853 Chrysopoli
3440 4802 3565 4839 mu-

1991 4869 2130 4935 nita,
2162 4870 2504 4925 decimarum
2540 4870 2985 4944 accipiendarum
3021 4876 3209 4930 sedem
3248 4878 3320 4931 ibi
3359 4881 3567 4931 consti-

2854 4976 3193 5022 mercatores
3258 4984 3324 5023 ex
3390 4971 3567 5023 Ponto

1992 5057 2538 5124 prmternavigarent,
2577 5056 2823 5111 decimas
2865 5073 2933 5111 eo
2970 5057 3092 5112 loco
3122 5060 3387 5113 mercium
3421 5075 3562 5129 pra)»

1991 5142 2255 5198 buerunt.
2291 5145 2503 5201 Atticus
2552 5145 2721 5215 igitur
2752 5145 2935 5200 locum
2991 5161 3024 5201 e
3070 5150 3292 5217 regione
3330 5148 3568 5220 Chryso-

1990 5236 2139 5306 poli,
2204 5238 2493 5292 commode
2555 5253 2679 5292 cum
2738 5254 2847 5293 non
2913 5240 3176 5295 mediocri
3247 5244 3568 5299 ammnitate

1990 5331 2155 5385 situm
2193 5345 2448 5396 cernens,
2477 5330 2857 5401 Argyropolim
2905 5347 3030 5386 eum
3080 5334 3352 5388 nominari
3400 5351 3568 5406 opor-

1989 5430 2109 5477 tere
2147 5421 2319 5485 dixit,
2359 5422 2507 5492 quod
2538 5424 2767 5477 verbum
2801 5424 3009 5492 regioni
3040 5425 3224 5480 statim
3259 5441 3563 5496 cognomen

1990 5515 2212 5570 indidit.
2237 5515 2580 5582 Quibusdam
2608 5515 2948 5581 dicentibus,
2981 5518 3393 5575 incommodum
3417 5537 3566 5589 esse,

1988 5609 2135 5678 quod
2197 5607 2488 5663 Novatiani
2553 5609 2697 5664 intra
2761 5609 2955 5664 urbem
3026 5609 3565 5682 Constantinopolim

1989 5711 2296 5759 conventus
2354 5710 2579 5772 agerent
2632 5719 2646 5755 :
2697 5701 2957 5773 lgnorare
3002 5703 3302 5769 videmini,
3362 5706 3564 5776 inquit,

1989 5812 2111 5870 qua:
2155 5794 2261 5851 sub
2300 5795 2629 5851 Constantio
2678 5805 2736 5851 et
2776 5797 3006 5853 Valente
3051 5797 3298 5868 perpessi
3348 5813 3563 5853 sumus.

1992 5891 2263 5945 Praeterea
2294 5905 2429 5944 vero
2460 5899 2627 5945 testes
2671 5889 2747 5943 ibi
2783 5889 2946 5946 nobis
2988 5899 3120 5947 sunt
3151 5890 3278 5946 tidei
3310 5905 3563 5946 veraces.

1987 5982 2123 6038 Cum
2148 5984 2295 6039 enim
2322 5983 2647 6055 jamdudum
2680 5982 2749 6037 ab
2779 5981 3025 6038 Ecclesia
3061 5981 3352 6038 universali
3383 5996 3567 6038 seces-
