4036 6560
419 342 558 407 ητις)

1636 356 2057 417 NICEPHORI
2101 359 2449 419 CALLISTI

3549 357 3689 421 1140

419 450 814 531 TheOphilum,
850 465 904 520 in
948 465 1277 522 confusione
1311 478 1368 524 et
1407 471 1564 524 turba
1612 490 1639 526 a
1670 475 1872 529 Grrecae
1904 491 2003 530 su-

2124 478 2282 548 lpaxb
2331 478 2622 548 ἀκριϐείας
2664 476 3136 548 προτετιμηκότα.
3162 476 3230 530 Δί
3283 477 3392 547 γὰρ
3427 476 3491 543 δὴ
3530 478 3693 546 μέγι-

417 554 762 624 perstitionis
805 557 1076 614 studiosis
1123 561 1387 623 excitata,
1433 573 1682 619 exactam
1728 565 1793 620 ad
1831 567 1999 622 breve

419 655 640 716 tempus
674 649 1120 705 observationem
1159 653 1277 721 paci
1312 653 1721 723 posthabuisse.
1754 657 2001 713 Maxima:

419 737 568 790 enim
595 753 829 808 quicque
857 740 1028 796 urbes
1060 743 1252 812 pelago
1280 743 1542 802 ﬂuctibus
1579 749 1851 818 cxagitato
1879 767 2003 822 per-

422 831 654 895 similes,
712 848 777 886 ex
829 837 1104 891 sententia
1160 838 1403 902 civium,
1459 855 1570 894 non
1631 852 1738 896 tam
1785 859 2002 899 summa

422 923 604 992 legum
633 933 690 978 ct
720 928 1186 982 constitutionum
1217 931 1623 999 observatione,
1651 951 1813 1005 quam
1841 955 2006 1010 expe-

424 1013 721 1069 ditissimis
772 1018 1022 1072 consiliis
1081 1029 1244 1088 atque
1292 1022 1537 1092 judiciis,
1584 1026 1650 1078 ad
1703 1043 1889 1096 pacem
1949 1040 2006 1084 ct

426 1108 778 1161 concordiam
833 1110 1190 1175 facientibus,
1247 1116 1358 1184 rcgi
1407 1126 1574 1186 atque
1625 1119 2004 1176 administrari

427 1199 627 1252 solent.
663 1198 778 1264 Qua
818 1217 948 1256 vero
989 1206 1054 1258 ile
1083 1219 1246 1260 causa
1278 1207 1494 1263 litteras
1541 1211 1706 1265 hasce
1740 1213 2004 1272 scribam.

427 1291 640 1359 accipe.
692 1293 856 1346 Novit
897 1296 1160 1351 sanctitas
1199 1309 1311 1360 tua.
1369 1317 1430 1355 ac
1479 1305 1663 1371 potius
1716 1305 1826 1360 illis
1876 1307 2010 1376 ipsis

428 1383 607 1438 oculis
651 1385 920 1460 intuetur.
956 1390 1156 1458 quibus
1189 1392 1280 1460 qui
1328 1393 1381 1446 in
1431 1395 1638 1450 sanctis
1687 1409 1792 1457 est,
1850 1398 2009 1452 Pater

431 1484 622 1529 noster
651 1453 1020 1548 Thebphilus,
1072 1486 1380 1554 conspexit,
1412 1488 1592 1556 qualis
1626 1499 1682 1543 et
1713 1506 1877 1559 quam
1928 1491 2010 1544 in-

429 1583 566 1636 gens
596 1571 779 1632 turba,
816 1589 1065 1640 Inagnam
1096 1577 1235 1632 hanc
1267 1581 1533 1635 invaserit
1566 1582 1756 1638 urbem
1793 1605 1805 1638 :
1845 1597 2009 1656 atque

431 1670 493 1714 nt
518 1661 569 1714 in
599 1676 664 1716 ea
705 1666 949 1720 sanctior
984 1669 1120 1723 fides
1154 1681 1210 1725 et
1243 1673 1438 1747 pietas,
1473 1690 1543 1729 ne
1575 1675 1823 1731 funditus
1849 1694 2014 1732 erue-

430 1762 608 1814 retur.
644 1756 949 1824 periclitata
977 1761 1051 1815 sit
1077 1777 1088 1813 :
1115 1761 1254 1818 adeo
1272 1765 1434 1819 etiam
1462 1770 1775 1838 utpopulns
1805 1771 2010 1842 majore

431 1861 500 1901 ex
523 1859 682 1918 parte
710 1865 810 1921 per
845 1851 1137 1910 factionem
1186 1859 1416 1923 scissus,
1460 1874 1613 1917 extra
1647 1880 1837 1919 muros
1881 1883 2013 1924 con-
2045 1847 2084 1902 Β

432 1950 633 1996 ventus
665 1945 839 2012 egerit
879 1963 895 2000 :
937 1957 995 2001 et
1028 1949 1280 2020 plerique
1335 1956 1659 2010 sacerdotes
1699 1969 1755 2011 et
1792 1957 2013 2029 collega:

433 2032 614 2086 nostri
641 2035 908 2104 episcopi,
931 2054 960 2092 a
985 2051 1176 2094 mutua
1205 2044 1596 2099 communione
1619 2045 2011 2114 desciscentes,

436 2124 638 2179 bonam
668 2126 1066 2196 plantati—onem
1115 2132 1329 2188 Domini
1377 2135 1506 2191 Jesu
1545 2135 2013 2208 Christi,.parum

435 2217 597 2274 abest
623 2222 753 2290 quin
798 2223 1122 2290 evulserint,
1170 2229 1324 2298 pacis
1366 2231 1756 2287 commoditate
1805 2232 2017 2286 scilicet

444 2311 850 2381 aliquantulum
903 2316 1192 2377 distracta.
1247 2319 1506 2375 Sedenim
1545 2323 1721 2377 multo
1761 2338 1893 2378 sane
1931 2324 2014 2376 la-

437 2404 599 2470 bore,
644 2408 819 2461 multo
871 2409 1095 2472 sudore,
1129 2422 1186 2466 et
1215 2415 1478 2483 periculis
1528 2417 1719 2472 multis
1751 2417 2015 2485 despera-

437 2497 606 2553 tionis
636 2500 832 2568 plenis,
868 2503 1099 2571 plurima
1130 2515 1184 2559 et
1218 2507 1455 2562 maxima
1493 2524 1727 2580 quaeque
1769 2524 2018 2564 commu-

439 2592 594 2645 nium
643 2594 869 2649 Patrum
917 2609 1230 2652 nostrorum
1259 2609 1424 2670 atque
1453 2603 1620 2658 etiam
1661 2603 1882 2674 pietatis
1913 2614 2018 2658 tute

440 2685 699 2754 precibus
754 2701 810 2742 et
858 2692 1268 2761 conspiratione
1329 2697 1506 2764 30pm
1555 2705 1685 2750 sunt
1734 2697 1891 2751 mala.
1951 2697 2020 2751 Et

441 2779 605 2834 turba
650 2781 872 2849 quidem
910 2783 1000 2839 illa
1049 2787 1392 2857 conquievit,
1445 2790 1741 2844 concordia
1798 2806 1928 2844 vero
1964 2802 2019 2845 et

440 2885 634 2926 serena
667 2875 1038 2944 tranquillitas
1063 2878 1116 2932 in
1149 2879 1302 2934 orbis
1330 2879 1570 2937 universi
1599 2883 1848 2938 ecclesiis
1877 2883 2022 2938 obtio

438 2972 557 3016 net.
594 2961 728 3017 Cum
765 2980 896 3020 vero
926 2970 1178 3025 nonnulli
1213 2987 1412 3028 nomen
1441 2981 1653 3028 tantum
1684 2974 1827 3030 beati
1849 2974 2020 3029 Joan-

440 3055 531 3108 nis
560 3058 807 3128 mysticis
839 3059 1039 3117 tabulis
1066 3063 1299 3120 inscribi
1324 3065 1549 3132 vellent,
1580 3067 1779 3124 beatus
1802 3071 2020 3138 episco-

2104 589 2224 624 σται
2267 571 2378 623 τῶν
2413 570 2625 622 πόλεων
2672 571 3092 640 κυμαινομένης
3125 570 3405 639 θαλάσσης
3439 569 3693 639 κύμασιν

2102 663 2338 715 ἐοικυῖαι
2367 703 2380 724 ,
2430 663 2574 714 κατα
2624 661 2722 724 τάς
2763 660 2992 729 γνώμας
3050 660 3162 714 τῶν
3204 661 3512 731 οἰκητόρων
3544 699 3561 721 ,
3627 659 3692 711 οὐ

2101 756 2356 808 τοσοῦτον
2387 755 2577 821 νόμοις
2611 755 2707 806 καὶ
2741 754 3054 819 διατάξεσιν
3085 754 3338 824 ἀκριϐέσι
3390 754 3689 822 πεφύκασι

2105 849 2393 901 πείθεσθαι
2421 890 2436 911 ,
2493 849 2616 901 ὅσον
2647 849 2991 916 διακρίσεσιν
3024 848 3534 916 εύμεταχειρίστοις
3567 846 3694 914 βλε-

2105 944 2337 996 πούσαις
2369 941 2505 1010 πρὸς
2532 942 2763 1012 εἰρήνην
2801 940 2897 993 καὶ
2933 940 3267 1008 σύμπνοιαν.
3297 940 3463 992 Ὀτου
3495 939 3553 991 δὲ
3592 939 3696 1008 χά·

2109 1052 2194 1103 ριν
2239 1033 2507 1105 ἐκτίθημι
2536 1033 2706 1086 ταῦτα
2739 1034 2806 1085 τὰ
2836 1033 3168 1102 γράμματα,
3203 1029 3470 1098 μάνθανε.
3505 1032 3699 1096 Ἔγνω

2112 1147 2216 1182 που
2251 1131 2466 1187 πάντως
2501 1130 2533 1196 ἡ
2579 1128 2645 1198 σὴ
2674 1127 2913 1193 ὁσιότης.
2949 1129 3151 1195 μᾶλλον
3183 1127 3237 1178 δὲ
3285 1126 3547 1179 τεθέαται
3578 1127 3698 1186 ταῖς

2106 1221 2406 1289 ὀφθαλμοῖς
2436 1220 2668 1278 ἐκείνοις
2719 1214 2918 1287 οἷσπερ
2964 1214 3110 1270 οἶδεν
3145 1221 3174 1271 ὁ
3202 1219 3261 1269 ὲν
3291 1217 3470 1285 ἁγίοις
3501 1218 3700 1284 Πατὴρ

2109 1309 2266 1378 ἡμῶν
2296 1311 2322 1361 ὁ
2353 1308 2633 1376 Θεὸςιλος,
2663 1307 2750 1361 οἵα
2778 1309 2872 1360 καὶ
2895 1310 2997 1378 ὅση
3027 1306 3244 1377 ταραχὴ
3273 1306 3550 1360 κατέλαϐε
3595 1306 3700 1372 τὴν

2109 1401 2508 1472 Μεγαλόπολιν·
2539 1403 2636 1454 καὶ
2667 1402 2815 1463 ὅπως
2841 1403 2904 1453 ὲκ
2931 1401 3041 1454 τῶν
3085 1400 3305 1471 βάθρων
3337 1398 3521 1451 αὐτῶν
3550 1401 3704 1449 ἐκιν-

2108 1495 2368 1549 δύνευσεν
2423 1497 2456 1566 ή
2511 1494 2742 1565 εὐσεϐὴς
2795 1494 2979 1557 πίστις
3031 1493 3510 1567 κατασεισθῆναιο
3550 1490 3702 1541 ὣστε

2112 1590 2206 1643 καὶ
2231 1586 2392 1642 αύτδν
2412 1589 2504 1640 τὸν
2534 1586 2672 1638 λεὼν
2701 1586 2986 1658 τμηθέντα
3010 1585 3088 1656 τῷ
3119 1585 3329 1639 πλείονι
3367 1584 3552 1655 μέρει,
3585 1583 3703 1635 τῶν

2113 1681 2308 1751 τειχῶν
2360 1679 2516 1741 ὲκτὺς
2553 1679 3043 1748 συναθροίζεσθαι,
3096 1680 3193 1732 καὶ
3242 1679 3370 1741 τοὺς
3413 1677 3598 1745 ἱερέας
3634 1691 3703 1726 τε

2116 1776 2212 1826 καὶ
2238 1772 2680 1836 συνεπισκόπους
2711 1773 3103 1844 ἀπορραγῆναι
3135 1772 3233 1841 τῆς
3267 1770 3402 1840 πρὸς
3426 1769 3703 1836 ἀλλήλους

2115 1865 2425 1928 κοινωνίας,
2455 1865 2554 1935 τὴν
2584 1865 2797 1933 ἀγαθήν
2834 1865 3064 1934 φυτείαν
3096 1863 3193 1917 τοῦ
3240 1863 3520 1916 Δεσπότου
3555 1859 3700 1929 Χρι-

2117 1958 2268 2022 στοῦ,
2302 1958 2363 2010 τὸ
2405 1958 2504 2028 τῆς
2536 1959 2763 2027 εἰρήνης
2815 1957 2964 2024 λέγω
2991 1957 3183 2020 καλὸν,
3219 1955 3421 2026 μικροῦ
3453 1953 3700 2007 διασπά-

2117 2064 2340 2109 σαντας.
2377 2046 2584 2116 Διόπερ
2626 2047 2810 2117 πολλῷ
2843 2047 2946 2115 μὲν
2984 2049 3154 2117 πόνῳ,
3189 2045 3379 2116 πολλῷ
3409 2045 3465 2098 δὲ
3503 2042 3703 2114 ίδρὼτι

2117 2141 2214 2193 καὶ
2250 2139 2519 2202 κινδύνοις
2557 2142 2820 2208 γέμουσιν
2859 2138 3228 2208 ἀπογνώσεως
3284 2140 3352 2191 τὰ
3396 2137 3568 2191 πλείω
3601 2139 3706 2189 καὶ

2117 2229 2492 2300 προτιμότερα
2521 2270 2537 2294 ,
2575 2231 2913 2298 προσευχαῖς
2968 2244 3030 2281 τε
3081 2230 3178 2281 καὶ
3207 2227 3538 2298 συμπνοίαις
3585 2227 3705 2278 τῶν

2117 2319 2311 2373 κοινῶν
2347 2320 2606 2390 Πατέρων
2647 2320 2828 2389 ήμῶν,
2863 2319 2944 2371 ἔτι
2994 2335 3056 2386 γε
3094 2317 3200 2389 μὴν
3235 2316 3334 2372 καὶ
3378 2318 3476 2388 τῆς
3509 2317 3701 2369 θεοσε-

2119 2413 2293 2476 ϐείας,
2328 2413 2510 2483 ἐκείνη
2562 2413 2661 2482 μὲν
2702 2413 3084 2482 κατηυνάσθη·
3123 2412 3353 2480 ὁμόνοια
3379 2411 3558 2462 δὲκαὶ
3594 2427 3704 2476 γα-

2119 2505 2256 2573 λήνη
2280 2506 2500 2574 κατέχει
2531 2505 2628 2567 τὰς
2673 2504 2818 2559 κατὰ
2865 2505 2966 2576 τὴν
2997 2505 3325 2575 οἰκουμένην
3372 2503 3701 2573 ἐκκλησίας.

2131 2598 2356 2666 Ἐπειδὴ
2399 2598 2455 2650 δέ
2493 2615 2641 2660 τινες
2691 2597 2793 2668 τὴν
2846 2597 3231 2669 προσηγορίαν
3263 2597 3425 2667 μόνον
3458 2595 3554 2648 τοῦ
3591 2613 3704 2665 μα·-

2119 2689 2313 2758 καρίου
2341 2687 2596 2741 Ἰωάννου
2651 2691 2771 2752 ταῖς
2827 2692 3119 2759 μυστικαῖς
3175 2690 3384 2752 δέλτοις
3415 2688 3703 2757 γραφῆναι

2121 2781 2421 2852 ἠθέλησαν·
2460 2781 2602 2834 ὥστε
2636 2781 2730 2842 καὶ
2762 2782 2853 2836 τὸν
2911 2782 3184 2852 μακάριον
3217 2782 3516 2834 ἐπίσκοπον
3549 2779 3710 2832 Ἀλέο-

2123 2874 2370 2944 ξανδρον,
2405 2874 2499 2926 τὸν
2528 2874 2630 2945 τῆς
2679 2873 3025 2945 Ἀντιοχείας
3088 2876 3253 2944 φημὶ.
3299 2873 3600 2927 ἐπιστάντα
3630 2877 3703 2940 τῇ

2124 2963 2528 3031 Μεγαλοπόλει,
2562 2963 2736 3019 πολλὰ
2786 2963 3264 3035 θρασυστομῆσαι,
3302 2963 3474 3016 πολλὰ
3521 2962 3577 3014 δὲ
3609 2961 3708 3013 καὶ

2123 3056 2251 3118 τοὺς
2279 3054 2437 3118 λαοὺς
2461 3058 2751 3126 ἐπεγεῖραι
2787 3055 3032 3126 θελῆσαι·
3068 3054 3210 3108 ὥστε
3253 3055 3348 3107 καὶ
3397 3054 3472 3124 μὴ
3511 3051 3711 3122 βουλο-

442 3165 547 3219 pus
598 3151 937 3220 Alexander,
989 3156 1397 3213 Antiochenum
1457 3161 1621 3215 istum
1670 3162 1818 3228 dico,
1855 3161 2019 3233 492

2127 3148 2308 3217 μένων
2335 3148 2492 3217 ἡμῶν
2523 3150 2836 3217 ἀναγκάσαι
2870 3150 3149 3220 γραφῆναι
3179 3149 3240 3202 τὸ
3263 3147 3357 3201 τοῦ
3391 3161 3710 3218 μνημονευ-

441 3243 980 3316 Constantinopolim
1036 3251 1219 3314 venit,
1251 3260 1308 3305 et
1352 3252 1523 3306 multa
1562 3267 1656 3307 ore
1712 3252 2014 3309 confidenti

2126 3241 2310 3303 θέντος
2347 3241 2540 3312 ὄνομα.
2578 3241 2762 3312 ’Λπερ
2801 3243 2941 3312 μετὰ
2991 3240 3282 3311 ἀκριϐείας
3313 3241 3538 3308 ἁπάσης
3575 3237 3710 3305 ἐξη-

441 3337 615 3392 vcrba
671 3338 802 3393 fecit
855 3355 872 3392 :
917 3341 1389 3414 vehementerque
1444 3346 1687 3402 excitare
1750 3349 2017 3418 populum

445 3429 643 3496 voluit,
680 3439 740 3486 ut
777 3433 866 3486 Vel
901 3433 1059 3490 nobis
1091 3435 1306 3502 invitis,
1351 3440 1667 3494 necessario
1705 3440 1825 3511 ejus
1853 3457 2017 3510 quem

443 3521 708 3586 diximus,
755 3540 956 3580 nomen
989 3528 1060 3582 ita
1100 3527 1518 3585 inscriberetur.
1557 3531 1731 3598 Quam
1778 3549 1890 3588 rem
1930 3549 2022 3586 ac-

445 3626 636 3672 curate
667 3634 895 3688 prorsus
933 3622 1123 3690 pietati
1158 3632 1284 3688 ture,
1321 3622 1560 3680 ministri
1597 3626 1694 3681 Dei
1726 3626 2024 3698 religiosis-

446 3710 573 3765 simi
641 3711 887 3774 diaconi,
950 3714 1146 3770 Petrus
1202 3725 1261 3771 et
1308 3714 1568 3772 IEdesius
1622 3730 2017 3788 exposuerunt.

447 3805 720 3860 Praeteriit
781 3817 998 3876 tempus
1043 3809 1289 3879 longum,
1337 3823 1393 3865 et
1426 3825 1527 3866 nos
1583 3811 1917 3867 necessitate
1957 3828 2023 3867 ea

447 3911 577 3967 quae
621 3913 650 3952 a
691 3901 950 3969 pepulari
1003 3917 1187 3956 rerum
1229 3903 1711 3959 administratione
1741 3905 2022 3975 provenit,

448 3989 629 4057 premi
702 3990 1148 4060 incipiebamus.
1212 4009 1394 4062 neque
1466 4005 1650 4048 tamen
1719 3995 2024 4065 quidquam

448 4081 768 4138 schismatis
797 4093 853 4136 et
893 4083 1108 4137 dissidii
1158 4084 1424 4154 reliquias
1458 4087 1790 4141 curabamus
1843 4107 1855 4140 :
1902 4102 2028 4142 cum

446 4176 518 4230 ad
547 4191 652 4231 nos
682 4191 749 4230 ex
781 4173 1008 4231 Oriente
1045 4177 1137 4230 Dei
1168 4177 1530 4232 amantissimi
1565 4178 1860 4249 episcopus
1887 4182 2027 4234 Aca-

447 4271 571 4324 eius
607 4269 822 4324 litteras
867 4268 1042 4334 dedit,
1072 4269 1553 4342 religiosissimum
1585 4271 1886 4327 antistitem
1921 4272 2032 4325 An-

451 4361 674 4416 tiochia:
706 4360 1055 4415 Theodotum
1083 4378 1112 4415 a
1141 4362 1368 4431 populo,
1402 4370 1461 4416 ut
1489 4377 1691 4418 nomen
1720 4364 1949 4418 Joannis
1973 4366 2028 4419 in

451 4470 640 4510 sacras
676 4455 893 4511 tabulas
941 4455 1196 4519 referret,
1244 4467 1500 4512 coactum
1538 4473 1681 4522 esse,
1720 4469 1782 4512 ut
1813 4458 2032 4515 veniam

2121 3334 2364 3402 γήσαντό
2402 3351 2506 3386 που
2554 3334 2775 3394 πάντως
2813 3337 2880 3405 τῇ
2927 3337 2991 3402 σῇ
3025 3333 3308 3402 θεοσεϐείᾳ
3357 3333 3405 3383 οι
3438 3329 3532 3383 τοῦ
3563 3327 3707 3381 Θεοῦ

2122 3427 2298 3481 δοῦλοι
2347 3428 2730 3482 εύλαϐέστατοι
2762 3428 3000 3482 διάκονοι
3058 3429 3266 3497 Πέτρος
3297 3426 3394 3478 καὶ
3435 3424 3703 3483 Αίδέσιος.

2124 3522 2334 3589 Χρόνου
2366 3523 2422 3576 δὲ
2457 3522 2653 3575 πολλοῦ
2699 3522 3166 3593 παρεληλυθότος,
3204 3521 3297 3571 καὶ
3321 3519 3484 3590 ήμῶν
3512 3521 3707 3586 βιασα-

2129 3618 2308 3689 μένων
2343 3616 2442 3686 τὴν
2492 3618 2557 3668 ἐκ
2601 3616 2698 3686 τῆς
2726 3615 3103 3686 δημοκρατίας
3136 3613 3406 3682 ἀνάγκην,
3446 3612 3711 3665 καὶκατὰ

2129 3709 2299 3778 μηδὲν
2320 3706 2796 3777 ὲπιστρεφομένων
2830 3708 2965 3774 πρὸς
2985 3707 3045 3758 τὸ
3074 3706 3169 3759 τοῦ
3201 3705 3500 3775 σχίσματος
3519 3701 3700 3770 λείψα-

2128 3821 2241 3867 νον,
2289 3803 2570 3871 γέγραφεν
2617 3801 2751 3870 ήμῖν
2791 3801 2854 3851 ὲκ
2885 3799 2982 3869 τῆς
3023 3797 3200 3868 Ἕῴας
3227 3800 3255 3849 ὁ
3285 3795 3709 3864 θεοφιλέστατος

2131 3898 2429 3958 ἐπίσκοπος
2481 3884 2912 3959 Ἀκάκιος,·τδν
2958 3894 3353 3945 εύλαϐέστατον
3403 3890 3709 3942 ἐπίσκοπον

2130 3990 2228 4057 τῆς
2274 3987 2604 4057 Ἀντιοχείας
2664 3986 2920 4039 Θεόδοτον
2975 3982 3492 4052 συναναγκασθῆναι
3553 3982 3714 4049 παρὰ

2131 4085 2242 4134 τῶν
2271 4059 2468 4150 ’δήμων
2496 4080 2595 4151 τὴν
2628 4078 3006 4151 προσηγορίαν
3048 4078 3299 4131 Ἰωάννου
3332 4077 3541 4147 γράψαι
3565 4091 3579 4104 ⁸
3612 4076 3714 4126 καὶ

2133 4179 2314 4247 ᾐτεῖτο
2349 4175 2652 4242 συγγνώμη
2682 4174 2834 4241 ἡμᾶς
2872 4173 3178 4242 παρασχεῖν
3207 4169 3285 4238 τῷ
3324 4169 3429 4222 ὑπο
3462 4168 3715 4234 ἀνάγκης

2133 4270 2292 4322 τοῖτο
2325 4267 2712 4336 πεποιηκέναι’
2740 4266 2830 4318 ὅτε
2863 4266 3116 4332 γενναῖος
3145 4264 3357 4324 ἐκεῖνος
3392 4262 3502 4314 τῶν
3525 4278 3717 4329 γραμο

2137 4362 2326 4432 μάτων
2365 4359 2724 4429 διακομιστὴς
2757 4356 3132 4426 πρεσϐύτερος
3160 4353 3298 4423 ἔφθη
3334 4356 3716 4421 κατασπεῖραι

2135 4457 2230 4508 τἰν
2259 4453 2416 4522 λόγον
2446 4451 2526 4522 τῷ
2569 4451 2769 4521 πλήθει
2798 4448 2897 4518 τῆς
2936 4447 3361 4516 Μεγαλοπόλεως
3383 4485 3399 4509 ,
3434 4446 3536 4512 τῆς
3578 4445 3717 4498 ὑπο-

450 4549 533 4602 rei
567 4547 619 4602 ei
646 4563 811 4619 quam
842 4548 1173 4608 necessitate
1202 4548 1296 4603 ille
1313 4549 1837 4614 adductusfecissct,
1867 4551 2022 4607 dare~

2138 4545 2341 4608 θέσεως
2378 4544 2541 4614 χάριν
2581 4539 2648 4612 ἧς
2701 4541 2962 4608 ἀφίκετο·
3005 4541 3098 4592 τόν
3144 4557 3202 4592 τε
3251 4537 3373 4592 νοῦν
3426 4537 3536 4589 τῶν
3575 4540 3717 4606 πρ’ς

451 4657 600 4708 nius,
635 4652 848 4712 petens.
885 4643 954 4697 Et
990 4653 1102 4697 tum
1137 4643 1316 4698 bonus
1344 4643 1435 4698 ille
1464 4645 1557 4714 qui
1588 4645 1802 4701 litteras
1829 4647 1895 4700 ad
1932 4661 2035 4700 nos

452 4735 689 4804 pertulit
721 4734 1031 4806 presbyter,
1073 4750 1295 4790 causam
1328 4736 1598 4793 adventus
1628 4738 1714 4793 sui
1758 4737 2032 4803 indicans,

454 4841 574 4880 rem
625 4825 768 4880 hanc
821 4826 879 4879 in
918 4825 1113 4897 vulgus
1151 4841 1362 4897 magnae
1419 4825 1576 4880 urbis
1614 4826 1943 4896 propalavit.
1978 4837 2036 4880 et

455 4919 788 4974 sententiam
819 4918 958 4974 data:
989 4921 1056 4973 ad
1090 4937 1190 4974 nos
1228 4921 1474 4991 epistolae
1505 4921 1710 4991 populo
1741 4921 1981 4991 vulgavit
2019 4937 2032 4974 :

455 5013 597 5068 adeo
630 5023 690 5067 ut
725 5029 916 5082 parum
956 5013 1217 5076 abfuerit,
1255 5014 1386 5081 quin
1429 5015 1666 5067 tumultu
1707 5013 1884 5082 plebis
1917 5015 2039 5068 uni-

455 5123 632 5163 versae
671 5109 802 5164 urbs
845 5108 1056 5178 repleta
1103 5109 1196 5162 sit.
1241 5108 1318 5163 lbi
1370 5123 1502 5162 vero
1534 5124 1659 5178 ego,
1704 5108 1778 5161 ibi
1815 5108 2034 5162 demum

457 5202 842 5272 perturbatus,
875 5215 928 5256 et
964 5203 1032 5256 de
1062 5202 1230 5256 rebus
1269 5202 1524 5257 maximis
1554 5200 1853 5256 discrimen
1884 5216 2035 5254 sum-

460 5311 609 5348 mum
641 5297 875 5361 veritus,
904 5294 1213 5364 piissimum
1243 5294 1632 5363 imperatorem
1661 5293 1792 5356 adii,
1830 5302 2037 5347 etcum

458 5405 527 5442 eo
563 5391 630 5443 dc
677 5405 812 5458 pace
861 5397 919 5443 et
953 5387 1258 5456 tranquillo
1290 5401 1474 5440 rerum
1511 5394 1654 5440 statu
1702 5383 1810 5453 egi.
1861 5384 2040 5453 Atque

459 5482 552 5538 ille
589 5481 725 5535 nihil
772 5496 896 5535 esse
938 5480 1168 5549 periculi
1224 5487 1318 5531 aut
1363 5477 1696 5532 incommodi
1729 5476 2040 5545 respondit,

460 5574 506 5627 si
561 5572 811 5628 defuncti
857 5572 962 5626 viri
1025 5586 1252 5632 nomen,
1309 5568 1746 5638 tranquillitatis,
1800 5567 1951 5637 pacis
1985 5578 2042 5621 et

463 5668 653 5738 populi
703 5664 1017 5721 concordia:
1055 5664 1232 5735 gratia
1262 5661 1685 5716 inscriberetur.
1718 5660 1909 5728 Itaque
1939 5674 2042 5729 ego

461 5778 525 5817 ea
563 5776 621 5816 re
663 5773 980 5829 persuasus,
1013 5756 1314 5826 (quomodo
1352 5754 1501 5808 enim
1534 5750 1862 5806 necessitate
1905 5766 2045 5820 pra:-

465 5861 662 5907 vctttus
706 5849 759 5905 id
800 5864 911 5905 non
948 5846 1244 5915 facerem?)
1285 5860 1353 5899 ne
1389 5841 1672 5914 religionis
1714 5850 1912 5896 nostrae
1957 5857 2044 5896 res

2137 4639 2286 4706 ἡμᾶς
2334 4635 2686 4705 γραμμάτων
2734 4630 3143 4700 διεπόρθμευσε
3197 4632 3310 4691 τοῖς
3368 4629 3539 4691 λαοῖς,
3570 4629 3718 4680 ὥστε

2141 4728 2460 4796 συγχύσεως
2500 4722 2700 4794 μικροῦ
2749 4724 2862 4776 δεῖν
2912 4724 3004 4775 τὸν
3056 4723 3214 4792 δχλον
3254 4722 3433 4774 πάντα
3468 4720 3724 4790 ἀναπλη-

2141 4818 2354 4888 σθῆναι.
2381 4796 2517 4869 Τότε
2541 4817 2629 4887 δή,
2658 4815 2777 4867 τότε
2808 4813 3131 4884 θορυϐηθεὶς
3162 4813 3296 4882 ἐγὼ,
3326 4814 3424 4867 καὶ
3455 4813 3548 4865 τὸν
3571 4813 3721 4881 ὑπὲρ

2138 4911 2248 4964 τῶν
2287 4910 2562 4978 μεγίστων
2611 4907 2860 4960 κίνδυνον
2911 4906 3290 4970 ὑποπτεύσας.
3337 4909 3434 4960 καὶ⁸
3465 4901 3595 4976 περὶ
3623 4905 3722 4958 τὸν

2141 5003 2538 5055 εὐσεϐέστατον
2569 4999 2799 5070 βασιλέα
2829 4999 3147 5069 γενόμενος,
3179 5000 3312 5068 περὶ
3355 4998 3457 5068 τῆς
3491 4999 3724 5068 είρήνης

2141 5097 2238 5148 καὶ
2291 5095 2392 5162 τῆς
2426 5091 2754 5153 εὐσταθείας
2807 5091 3112 5160 ἐποιούμην
3170 5091 3260 5142 τὸν
3320 5089 3499 5156 λόγον.
3547 5089 3607 5142 Ὀ
3663 5089 3724 5142 δὲ

2142 5187 2477 5258 ἀπεκρίνατο
2535 5183 2704 5254 μηδὲν
2761 5178 2904 5236 εἶναι
2941 5182 3140 5253 βλάϐος
3178 5183 3417 5254 γράφειν
3442 5180 3726 5249 ἀπεληλυ-

2143 5284 2296 5345 θότος
2325 5280 2517 5350 ἀνδρὸς
2551 5278 2730 5347 ὄνομα
2776 5275 2920 5345 ὑπὲρ
2973 5276 3071 5343 τῆς
3121 5272 3445 5335 εὐσταθείας
3491 5272 3586 5324 καὶ
3618 5273 3727 5338 τῆς

2143 5376 2253 5430 τῶν
2282 5374 2428 5426 λαῶν
2462 5369 2721 5440 ὁμονοίας
2763 5385 2823 5421 τε
2852 5369 2948 5422 καὶ
2976 5368 3224 5438 εἰρήνης.
3257 5366 3370 5420 Καὶ
3399 5365 3581 5416 τοίνυν
3607 5363 3729 5429 ἐγὼ

2144 5469 2360 5529 τούτοις
2412 5462 2684 5526 πεισθεὶς,
2743 5460 2839 5513 καὶ
2895 5459 3012 5524 πῶς
3052 5460 3161 5529 γὰρ
3191 5459 3291 5510 οὐκ
3321 5456 3549 5524 ἔμελλον
3586 5471 3730 5524 προσ

2146 5561 2357 5629 φθάσας
2390 5556 2491 5626 τὴν
2520 5555 2812 5623 ἀνάγκην;
2845 5552 2987 5605 ὥστε
3039 5552 3116 5622 μὴ
3171 5551 3426 5619 γενέσθαι
3466 5548 3539 5601 τὰ
3587 5549 3728 5600 καθ’

2147 5655 2294 5723 ἡμᾶς
2325 5649 2654 5705 ἀκολουθίαν
2698 5648 2794 5701 τοῦ
2830 5647 3092 5717 πλήθους,
3125 5648 3266 5716 μήτε
3300 5643 3407 5715 μὴν
3437 5642 3734 5713 ἐθισθῆναι

2148 5753 2226 5811 εἰς
2253 5743 2634 5816 δημοκρατίαν
2666 5743 2766 5812 τὴν
2795 5740 2970 5795 πόλινο
3006 5740 3286 5809 γραφῆναι
3318 5734 3732 5808 παρεσκεύασα

2147 5839 2248 5910 τήν
2289 5836 2690 5908 προσηγορίαν·
2727 5834 2900 5898 οὐδὲν,
2932 5833 3008 5897 ὡς
3043 5829 3224 5903 οἶμαι,
3259 5831 3384 5885 οὔτε
3409 5831 3490 5894 είς
3522 5826 3734 5889 αὐτοὺς
