  <div class='ocr_page' id='page_1' title='image "/cluster/home/n/w/nwhite01/storage/ocr_20150623/146/hvd.32044019208347/579.png"; bbox 0 0 4036 6576; ppageno 0'>
   <div class='ocr_carea' id='block_1_1' title="bbox 437 414 577 476">
    <p class='ocr_par' dir='ltr' id='par_1_1' title="bbox 437 414 577 476">
     <span class='ocr_line' id='line_1_1' title="bbox 437 414 577 476; baseline -0.014 0"><span class='ocrx_word' id='word_1_1' title='bbox 437 414 577 476; x_wconf 77' lang='grc'><strong>1143</strong></span> 
     </span>
    </p>
   </div>
   <div class='ocr_carea' id='block_1_2' title="bbox 1648 406 2444 473">
    <p class='ocr_par' dir='ltr' id='par_1_2' title="bbox 1648 406 2444 473">
     <span class='ocr_line' id='line_1_2' title="bbox 1648 406 2444 473; baseline -0.009 -1"><span class='ocrx_word' id='word_1_2' title='bbox 1648 411 2069 473; x_wconf 74' lang='lat' dir='ltr'><strong>NICEPHORI</strong></span> <span class='ocrx_word' id='word_1_3' title='bbox 2104 406 2444 466; x_wconf 53' lang='grc' dir='ltr'><strong>ωηιξη</strong></span> 
     </span>
    </p>
   </div>
   <div class='ocr_carea' id='block_1_3' title="bbox 3542 399 3687 465">
    <p class='ocr_par' dir='ltr' id='par_1_3' title="bbox 3542 399 3687 465">
     <span class='ocr_line' id='line_1_3' title="bbox 3542 399 3687 465; baseline -0.014 0"><span class='ocrx_word' id='word_1_4' title='bbox 3542 399 3687 465; x_wconf 64' lang='lat' dir='ltr'><strong>il“</strong></span> 
     </span>
    </p>
   </div>
   <div class='ocr_carea' id='block_1_4' title="bbox 432 512 2010 596">
    <p class='ocr_par' dir='ltr' id='par_1_4' title="bbox 432 528 2010 596">
     <span class='ocr_line' id='line_1_4' title="bbox 432 528 2010 596; baseline -0.002 -15"><span class='ocrx_word' id='word_1_5' title='bbox 432 545 551 581; x_wconf 87' lang='lat' dir='ltr'><strong>ram</strong></span> <span class='ocrx_word' id='word_1_6' title='bbox 592 528 740 592; x_wconf 72' lang='lat' dir='ltr'><strong>date,</strong></span> <span class='ocrx_word' id='word_1_7' title='bbox 790 541 850 591; x_wconf 88' lang='lat' dir='ltr'><strong>ut</strong></span> <span class='ocrx_word' id='word_1_8' title='bbox 882 528 1146 596; x_wconf 75' lang='lat' dir='ltr'><strong>deinceps</strong></span> <span class='ocrx_word' id='word_1_9' title='bbox 1175 528 1244 583; x_wconf 85' lang='lat' dir='ltr'><strong>ad</strong></span> <span class='ocrx_word' id='word_1_10' title='bbox 1278 543 1379 582; x_wconf 88' lang='lat' dir='ltr'><strong>nos</strong></span> <span class='ocrx_word' id='word_1_11' title='bbox 1427 529 1744 593; x_wconf 84' lang='lat' dir='ltr'><strong>recurratis,</strong></span> <span class='ocrx_word' id='word_1_12' title='bbox 1787 534 2010 596; x_wconf 80' lang='lat' dir='ltr'><strong>propter</strong></span> 
     </span>
    </p>
   </div>
   <div class='ocr_carea' id='block_1_5' title="bbox 2112 512 3660 596">
    <p class='ocr_par' dir='ltr' id='par_1_5' title="bbox 2115 512 3660 588">
     <span class='ocr_line' id='line_1_5' title="bbox 2115 512 3660 588; baseline -0.005 -15"><span class='ocrx_word' id='word_1_13' title='bbox 2115 523 2206 575; x_wconf 91' lang='grc' dir='ltr'><strong>λον</strong></span> <span class='ocrx_word' id='word_1_14' title='bbox 2252 520 2530 588; x_wconf 76' lang='grc' dir='ltr'><strong>γενέσθαι.</strong></span> <span class='ocrx_word' id='word_1_15' title='bbox 2573 520 2635 571; x_wconf 78' lang='lat' dir='ltr'><strong>&quot;A</strong></span> <span class='ocrx_word' id='word_1_16' title='bbox 2669 517 2717 570; x_wconf 78' lang='grc' dir='ltr'><strong>δ’</strong></span> <span class='ocrx_word' id='word_1_17' title='bbox 2768 514 2863 570; x_wconf 81' lang='grc' dir='ltr'><strong>οὖν</strong></span> <span class='ocrx_word' id='word_1_18' title='bbox 2914 516 3249 584; x_wconf 64' lang='grc' dir='ltr'><strong>ἀντέγραφε,</strong></span> <span class='ocrx_word' id='word_1_19' title='bbox 3288 512 3501 576; x_wconf 75' lang='grc' dir='ltr'><strong>τούτοις</strong></span> <span class='ocrx_word' id='word_1_20' title='bbox 3552 513 3660 565; x_wconf 80' lang='grc' dir='ltr'><strong>διεί</strong></span> 
     </span>
    </p>
   </div>
   <div class='ocr_carea' id='block_1_6' title="bbox 433 617 1998 690">
    <p class='ocr_par' dir='ltr' id='par_1_6' title="bbox 433 617 1998 690">
     <span class='ocr_line' id='line_1_6' title="bbox 433 617 1998 690; baseline -0.002 -17"><span class='ocrx_word' id='word_1_21' title='bbox 433 635 668 679; x_wconf 85' lang='lat' dir='ltr'><strong>morum.</strong></span> <span class='ocrx_word' id='word_1_22' title='bbox 704 621 855 689; x_wconf 87' lang='lat' dir='ltr'><strong>quod</strong></span> <span class='ocrx_word' id='word_1_23' title='bbox 884 620 1097 690; x_wconf 71' lang='lat' dir='ltr'><strong>experti</strong></span> <span class='ocrx_word' id='word_1_24' title='bbox 1125 635 1337 685; x_wconf 86' lang='lat' dir='ltr'><strong>sumus,</strong></span> <span class='ocrx_word' id='word_1_25' title='bbox 1370 619 1689 678; x_wconf 84' lang='lat' dir='ltr'><strong>discrimen.</strong></span> <span class='ocrx_word' id='word_1_26' title='bbox 1723 617 1868 687; x_wconf 90' lang='lat' dir='ltr'><strong>apud</strong></span> <span class='ocrx_word' id='word_1_27' title='bbox 1894 632 1998 671; x_wconf 87' lang='lat' dir='ltr'><strong>nos</strong></span> 
     </span>
    </p>
   </div>
   <div class='ocr_carea' id='block_1_7' title="bbox 2105 616 2319 683">
    <p class='ocr_par' dir='ltr' id='par_1_7' title="bbox 2105 616 2319 683">
     <span class='ocr_line' id='line_1_7' title="bbox 2105 616 2319 683; baseline -0.005 -17"><span class='ocrx_word' id='word_1_28' title='bbox 2105 616 2281 683; x_wconf 89' lang='grc' dir='ltr'><strong>ληπτο</strong></span> <span class='ocrx_word' id='word_1_29' title='bbox 2302 629 2319 646; x_wconf 74' lang='grc' dir='ltr'><strong>ο</strong></span> 
     </span>
    </p>
   </div>
   <div class='ocr_carea' id='block_1_8' title="bbox 431 698 3689 785">
    <p class='ocr_par' dir='ltr' id='par_1_8' title="bbox 431 698 3689 785">
     <span class='ocr_line' id='line_1_8' title="bbox 431 698 3689 785; baseline -0.006 -16"><span class='ocrx_word' id='word_1_30' title='bbox 431 716 903 770; x_wconf 78' lang='lat' dir='ltr'><strong>vehementiorem</strong></span> <span class='ocrx_word' id='word_1_31' title='bbox 960 730 1123 785; x_wconf 89' lang='lat' dir='ltr'><strong>quam</strong></span> <span class='ocrx_word' id='word_1_32' title='bbox 1181 723 1340 771; x_wconf 84' lang='lat' dir='ltr'><strong>antea</strong></span> <span class='ocrx_word' id='word_1_33' title='bbox 1361 713 2003 784; x_wconf 78' lang='lat' dir='ltr'><strong>reperturicharitatem.</strong></span> <span class='ocrx_word' id='word_1_34' title='bbox 2041 730 2060 761; x_wconf 76' lang='grc' dir='ltr'><strong>ι</strong></span> <span class='ocrx_word' id='word_1_35' title='bbox 2125 708 2350 765; x_wconf 83' lang='lat' dir='ltr'><strong>Litteris</strong></span> <span class='ocrx_word' id='word_1_36' title='bbox 2397 704 2665 778; x_wconf 76' lang='lat' dir='ltr'><strong>ejusmodi</strong></span> <span class='ocrx_word' id='word_1_37' title='bbox 2717 702 2954 775; x_wconf 86' lang='lat' dir='ltr'><strong>Cyrillus</strong></span> <span class='ocrx_word' id='word_1_38' title='bbox 3010 700 3263 770; x_wconf 85' lang='lat' dir='ltr'><strong>receptis,</strong></span> <span class='ocrx_word' id='word_1_39' title='bbox 3310 698 3689 765; x_wconf 75' lang='lat' dir='ltr'><strong>maximopere</strong></span> 
     </span>
    </p>
   </div>
   <div class='ocr_carea' id='block_1_9' title="bbox 435 794 3572 882">
    <p class='ocr_par' dir='ltr' id='par_1_9' title="bbox 435 794 3572 882">
     <span class='ocr_line' id='line_1_9' title="bbox 435 794 3572 882; baseline -0.006 -16"><span class='ocrx_word' id='word_1_40' title='bbox 435 825 552 866; x_wconf 89' lang='lat' dir='ltr'><strong>rem</strong></span> <span class='ocrx_word' id='word_1_41' title='bbox 587 828 708 867; x_wconf 88' lang='lat' dir='ltr'><strong>eam</strong></span> <span class='ocrx_word' id='word_1_42' title='bbox 741 821 1027 869; x_wconf 82' lang='lat' dir='ltr'><strong>aversatus</strong></span> <span class='ocrx_word' id='word_1_43' title='bbox 1061 824 1165 879; x_wconf 87' lang='lat' dir='ltr'><strong>est,</strong></span> <span class='ocrx_word' id='word_1_44' title='bbox 1197 812 1357 869; x_wconf 85' lang='lat' dir='ltr'><strong>sicuti</strong></span> <span class='ocrx_word' id='word_1_45' title='bbox 1394 828 1459 868; x_wconf 82' lang='lat' dir='ltr'><strong>ex</strong></span> <span class='ocrx_word' id='word_1_46' title='bbox 1488 811 1693 867; x_wconf 82' lang='lat' dir='ltr'><strong>litteris</strong></span> <span class='ocrx_word' id='word_1_47' title='bbox 1754 809 1877 882; x_wconf 79' lang='lat' dir='ltr'><strong>ejus</strong></span> <span class='ocrx_word' id='word_1_48' title='bbox 1947 807 2082 864; x_wconf 85' lang='lat' dir='ltr'><strong>satis</strong></span> <span class='ocrx_word' id='word_1_49' title='bbox 2120 807 2315 877; x_wconf 81' lang='lat' dir='ltr'><strong>liquet.</strong></span> <span class='ocrx_word' id='word_1_50' title='bbox 2348 803 2483 859; x_wconf 88' lang='lat' dir='ltr'><strong>Nam</strong></span> <span class='ocrx_word' id='word_1_51' title='bbox 2507 816 2631 874; x_wconf 71' lang='lat' dir='ltr'><strong>quae</strong></span> <span class='ocrx_word' id='word_1_52' title='bbox 2659 799 2842 857; x_wconf 79' lang='lat' dir='ltr'><strong>Attico</strong></span> <span class='ocrx_word' id='word_1_53' title='bbox 2870 796 3175 866; x_wconf 77' lang='lat' dir='ltr'><strong>rescripsit,</strong></span> <span class='ocrx_word' id='word_1_54' title='bbox 3207 795 3288 851; x_wconf 88' lang='lat' dir='ltr'><strong>sic</strong></span> <span class='ocrx_word' id='word_1_55' title='bbox 3318 794 3525 850; x_wconf 82' lang='lat' dir='ltr'><strong>habent</strong></span> <span class='ocrx_word' id='word_1_56' title='bbox 3554 809 3572 847; x_wconf 83' lang='lat'><strong>:</strong></span> 
     </span>
    </p>
   </div>
   <div class='ocr_carea' id='block_1_10' title="bbox 975 1003 1457 1061">
    <p class='ocr_par' dir='ltr' id='par_1_10' title="bbox 975 1003 1457 1061">
     <span class='ocr_line' id='line_1_10' title="bbox 975 1003 1457 1061; baseline 0.002 -2"><span class='ocrx_word' id='word_1_57' title='bbox 975 1004 1204 1061; x_wconf 80' lang='lat' dir='ltr'><strong>CAPUT</strong></span> <span class='ocrx_word' id='word_1_58' title='bbox 1242 1003 1457 1060; x_wconf 77' lang='lat' dir='ltr'><strong>XXVII.</strong></span> 
     </span>
    </p>
   </div>
   <div class='ocr_carea' id='block_1_11' title="bbox 432 1113 2002 1187">
    <p class='ocr_par' dir='ltr' id='par_1_11' title="bbox 432 1113 2002 1187">
     <span class='ocr_line' id='line_1_11' title="bbox 432 1113 2002 1187; baseline 0 -18"><span class='ocrx_word' id='word_1_59' title='bbox 432 1113 680 1183; x_wconf 77' lang='lat' dir='ltr'><strong>Epistola</strong></span> <span class='ocrx_word' id='word_1_60' title='bbox 731 1121 1001 1173; x_wconf 73' lang='lat' dir='ltr'><strong>contraria</strong></span> <span class='ocrx_word' id='word_1_61' title='bbox 1025 1121 1194 1172; x_wconf 81' lang='lat' dir='ltr'><strong>sancti</strong></span> <span class='ocrx_word' id='word_1_62' title='bbox 1219 1118 1407 1187; x_wconf 78' lang='lat' dir='ltr'><strong>Cyrilli</strong></span> <span class='ocrx_word' id='word_1_63' title='bbox 1438 1118 1509 1174; x_wconf 84' lang='lat' dir='ltr'><strong>ad</strong></span> <span class='ocrx_word' id='word_1_64' title='bbox 1534 1117 1787 1179; x_wconf 67' lang='lat' dir='ltr'><strong>Atticum,</strong></span> <span class='ocrx_word' id='word_1_65' title='bbox 1816 1131 2002 1171; x_wconf 83' lang='lat' dir='ltr'><strong>nomen</strong></span> 
     </span>
    </p>
   </div>
   <div class='ocr_carea' id='block_1_12' title="bbox 740 1191 1693 1245">
    <p class='ocr_par' dir='ltr' id='par_1_12' title="bbox 740 1191 1693 1245">
     <span class='ocr_line' id='line_1_12' title="bbox 740 1191 1693 1245; baseline -0.003 0"><span class='ocrx_word' id='word_1_66' title='bbox 740 1191 970 1245; x_wconf 78' lang='lat' dir='ltr'><strong>Joannis</strong></span> <span class='ocrx_word' id='word_1_67' title='bbox 1005 1192 1283 1245; x_wconf 74' lang='lat' dir='ltr'><strong>admittere</strong></span> <span class='ocrx_word' id='word_1_68' title='bbox 1323 1191 1693 1245; x_wconf 71' lang='lat' dir='ltr'><strong>detractantis.</strong></span> 
     </span>
    </p>
   </div>
   <div class='ocr_carea' id='block_1_13' title="bbox 512 1375 2002 1447">
    <p class='ocr_par' dir='ltr' id='par_1_13' title="bbox 512 1375 2002 1447">
     <span class='ocr_line' id='line_1_13' title="bbox 512 1375 2002 1447; baseline 0 -20"><span class='ocrx_word' id='word_1_69' title='bbox 512 1394 534 1427; x_wconf 76' lang='grc' dir='ltr'><strong>ι</strong></span> <span class='ocrx_word' id='word_1_70' title='bbox 568 1375 750 1430; x_wconf 87' lang='lat' dir='ltr'><strong>Lectis</strong></span> <span class='ocrx_word' id='word_1_71' title='bbox 794 1392 917 1446; x_wconf 72' lang='lat' dir='ltr'><strong>quae</strong></span> <span class='ocrx_word' id='word_1_72' title='bbox 956 1390 985 1431; x_wconf 89' lang='lat' dir='ltr'><strong>a</strong></span> <span class='ocrx_word' id='word_1_73' title='bbox 1025 1376 1229 1447; x_wconf 84' lang='lat' dir='ltr'><strong>pietate</strong></span> <span class='ocrx_word' id='word_1_74' title='bbox 1261 1384 1353 1430; x_wconf 87' lang='lat' dir='ltr'><strong>tua</strong></span> <span class='ocrx_word' id='word_1_75' title='bbox 1403 1376 1470 1431; x_wconf 90' lang='lat' dir='ltr'><strong>ad</strong></span> <span class='ocrx_word' id='word_1_76' title='bbox 1511 1388 1599 1431; x_wconf 90' lang='lat' dir='ltr'><strong>me</strong></span> <span class='ocrx_word' id='word_1_77' title='bbox 1642 1375 1822 1430; x_wconf 67' lang='lat' dir='ltr'><strong>missas</strong></span> <span class='ocrx_word' id='word_1_78' title='bbox 1852 1382 2002 1437; x_wconf 87' lang='lat' dir='ltr'><strong>sunt.</strong></span> 
     </span>
    </p>
   </div>
   <div class='ocr_carea' id='block_1_14' title="bbox 433 1452 2005 1539">
    <p class='ocr_par' dir='ltr' id='par_1_14' title="bbox 433 1452 2005 1539">
     <span class='ocr_line' id='line_1_14' title="bbox 433 1452 2005 1539; baseline -0.001 -16"><span class='ocrx_word' id='word_1_79' title='bbox 433 1468 664 1536; x_wconf 86' lang='lat' dir='ltr'><strong>litteris,</strong></span> <span class='ocrx_word' id='word_1_80' title='bbox 696 1469 926 1525; x_wconf 77' lang='lat' dir='ltr'><strong>Joannis</strong></span> <span class='ocrx_word' id='word_1_81' title='bbox 956 1486 1157 1526; x_wconf 83' lang='lat' dir='ltr'><strong>nomen</strong></span> <span class='ocrx_word' id='word_1_82' title='bbox 1195 1471 1371 1526; x_wconf 86' lang='lat' dir='ltr'><strong>sacris</strong></span> <span class='ocrx_word' id='word_1_83' title='bbox 1400 1452 1728 1539; x_wconf 81' lang='lat' dir='ltr'><strong>inscriptum</strong></span> <span class='ocrx_word' id='word_1_84' title='bbox 1765 1481 1888 1523; x_wconf 88' lang='lat' dir='ltr'><strong>esse</strong></span> <span class='ocrx_word' id='word_1_85' title='bbox 1921 1477 2005 1522; x_wconf 85' lang='lat' dir='ltr'><strong>ta-</strong></span> 
     </span>
    </p>
   </div>
   <div class='ocr_carea' id='block_1_15' title="bbox 441 1560 2005 1634">
    <p class='ocr_par' dir='ltr' id='par_1_15' title="bbox 441 1560 2005 1634">
     <span class='ocr_line' id='line_1_15' title="bbox 441 1560 2005 1634; baseline -0.002 -18"><span class='ocrx_word' id='word_1_86' title='bbox 441 1561 590 1618; x_wconf 84' lang='lat' dir='ltr'><strong>bulis</strong></span> <span class='ocrx_word' id='word_1_87' title='bbox 625 1561 894 1618; x_wconf 81' lang='lat' dir='ltr'><strong>intellexi.</strong></span> <span class='ocrx_word' id='word_1_88' title='bbox 944 1560 1049 1619; x_wconf 87' lang='lat' dir='ltr'><strong>Ubi</strong></span> <span class='ocrx_word' id='word_1_89' title='bbox 1084 1579 1215 1618; x_wconf 87' lang='lat' dir='ltr'><strong>vero</strong></span> <span class='ocrx_word' id='word_1_90' title='bbox 1256 1578 1355 1619; x_wconf 86' lang='lat' dir='ltr'><strong>eos</strong></span> <span class='ocrx_word' id='word_1_91' title='bbox 1399 1563 1494 1634; x_wconf 89' lang='lat' dir='ltr'><strong>qui</strong></span> <span class='ocrx_word' id='word_1_92' title='bbox 1524 1562 1655 1617; x_wconf 87' lang='lat' dir='ltr'><strong>inde</strong></span> <span class='ocrx_word' id='word_1_93' title='bbox 1684 1560 1750 1616; x_wconf 89' lang='lat' dir='ltr'><strong>ad</strong></span> <span class='ocrx_word' id='word_1_94' title='bbox 1778 1575 1881 1615; x_wconf 89' lang='lat' dir='ltr'><strong>nos</strong></span> <span class='ocrx_word' id='word_1_95' title='bbox 1910 1573 2005 1613; x_wconf 86' lang='lat' dir='ltr'><strong>ve-</strong></span> 
     </span>
    </p>
   </div>
   <div class='ocr_carea' id='block_1_16' title="bbox 435 1654 2004 1725">
    <p class='ocr_par' dir='ltr' id='par_1_16' title="bbox 435 1654 2004 1725">
     <span class='ocr_line' id='line_1_16' title="bbox 435 1654 2004 1725; baseline -0.003 -17"><span class='ocrx_word' id='word_1_96' title='bbox 435 1668 595 1719; x_wconf 80' lang='lat' dir='ltr'><strong>nere,</strong></span> <span class='ocrx_word' id='word_1_97' title='bbox 625 1654 983 1725; x_wconf 79' lang='lat' dir='ltr'><strong>interrogavi,</strong></span> <span class='ocrx_word' id='word_1_98' title='bbox 1019 1670 1130 1709; x_wconf 89' lang='lat' dir='ltr'><strong>non</strong></span> <span class='ocrx_word' id='word_1_99' title='bbox 1167 1657 1221 1710; x_wconf 90' lang='lat' dir='ltr'><strong>in</strong></span> <span class='ocrx_word' id='word_1_100' title='bbox 1253 1655 1545 1719; x_wconf 88' lang='lat' dir='ltr'><strong>laicorum,</strong></span> <span class='ocrx_word' id='word_1_101' title='bbox 1585 1654 1683 1709; x_wconf 89' lang='lat' dir='ltr'><strong>sed</strong></span> <span class='ocrx_word' id='word_1_102' title='bbox 1713 1654 2004 1722; x_wconf 86' lang='lat' dir='ltr'><strong>episcopo-</strong></span> 
     </span>
    </p>
   </div>
   <div class='ocr_carea' id='block_1_17' title="bbox 436 1744 2002 1820">
    <p class='ocr_par' dir='ltr' id='par_1_17' title="bbox 436 1744 2002 1820">
     <span class='ocr_line' id='line_1_17' title="bbox 436 1744 2002 1820; baseline -0.002 -19"><span class='ocrx_word' id='word_1_103' title='bbox 436 1762 560 1801; x_wconf 87' lang='lat' dir='ltr'><strong>rum</strong></span> <span class='ocrx_word' id='word_1_104' title='bbox 597 1748 843 1820; x_wconf 81' lang='lat' dir='ltr'><strong>catalogo</strong></span> <span class='ocrx_word' id='word_1_105' title='bbox 874 1750 1170 1819; x_wconf 87' lang='lat' dir='ltr'><strong>ascriptum</strong></span> <span class='ocrx_word' id='word_1_106' title='bbox 1207 1764 1328 1805; x_wconf 89' lang='lat' dir='ltr'><strong>esse</strong></span> <span class='ocrx_word' id='word_1_107' title='bbox 1371 1748 1583 1804; x_wconf 82' lang='lat' dir='ltr'><strong>audivi.</strong></span> <span class='ocrx_word' id='word_1_108' title='bbox 1614 1749 1787 1803; x_wconf 89' lang='lat' dir='ltr'><strong>Porro</strong></span> <span class='ocrx_word' id='word_1_109' title='bbox 1826 1744 2002 1813; x_wconf 85' lang='lat' dir='ltr'><strong>dispi-</strong></span> 
     </span>
    </p>
   </div>
   <div class='ocr_carea' id='block_1_18' title="bbox 420 1835 1998 1909">
    <p class='ocr_par' dir='ltr' id='par_1_18' title="bbox 420 1835 1998 1909">
     <span class='ocr_line' id='line_1_18' title="bbox 420 1835 1998 1909; baseline 0.001 -21"><span class='ocrx_word' id='word_1_110' title='bbox 420 1835 603 1898; x_wconf 8' lang='lat' dir='ltr'><strong>gcienti</strong></span> <span class='ocrx_word' id='word_1_111' title='bbox 640 1836 801 1902; x_wconf 88' lang='lat' dir='ltr'><strong>mihi,</strong></span> <span class='ocrx_word' id='word_1_112' title='bbox 833 1846 995 1906; x_wconf 84' lang='lat' dir='ltr'><strong>atque</strong></span> <span class='ocrx_word' id='word_1_113' title='bbox 1022 1838 1073 1891; x_wconf 90' lang='lat' dir='ltr'><strong>in</strong></span> <span class='ocrx_word' id='word_1_114' title='bbox 1109 1838 1291 1893; x_wconf 83' lang='lat' dir='ltr'><strong>animo</strong></span> <span class='ocrx_word' id='word_1_115' title='bbox 1328 1840 1628 1909; x_wconf 84' lang='lat' dir='ltr'><strong>reputanti,</strong></span> <span class='ocrx_word' id='word_1_116' title='bbox 1664 1855 1734 1892; x_wconf 91' lang='lat' dir='ltr'><strong>an</strong></span> <span class='ocrx_word' id='word_1_117' title='bbox 1763 1838 1857 1908; x_wconf 90' lang='lat' dir='ltr'><strong>qui</strong></span> <span class='ocrx_word' id='word_1_118' title='bbox 1890 1835 1998 1890; x_wconf 79' lang='lat' dir='ltr'><strong>hoc</strong></span> 
     </span>
    </p>
   </div>
   <div class='ocr_carea' id='block_1_19' title="bbox 435 1924 2001 2001">
    <p class='ocr_par' dir='ltr' id='par_1_19' title="bbox 435 1924 2001 2001">
     <span class='ocr_line' id='line_1_19' title="bbox 435 1924 2001 2001; baseline 0.001 -21"><span class='ocrx_word' id='word_1_119' title='bbox 435 1924 641 1990; x_wconf 78' lang='lat' dir='ltr'><strong>fecere,</strong></span> <span class='ocrx_word' id='word_1_120' title='bbox 670 1926 1017 1981; x_wconf 59' lang='lat' dir='ltr'><strong>Nicanorqu</strong></span> <span class='ocrx_word' id='word_1_121' title='bbox 1055 1929 1279 1983; x_wconf 84' lang='lat' dir='ltr'><strong>Patrum</strong></span> <span class='ocrx_word' id='word_1_122' title='bbox 1311 1930 1537 1986; x_wconf 87' lang='lat' dir='ltr'><strong>decreta</strong></span> <span class='ocrx_word' id='word_1_123' title='bbox 1564 1940 1867 2001; x_wconf 84' lang='lat' dir='ltr'><strong>sequantur</strong></span> <span class='ocrx_word' id='word_1_124' title='bbox 1890 1971 1904 1993; x_wconf 91' lang='lat'><strong>,</strong></span> <span class='ocrx_word' id='word_1_125' title='bbox 1946 1937 2001 1982; x_wconf 91' lang='lat' dir='ltr'><strong>et</strong></span> 
     </span>
    </p>
   </div>
   <div class='ocr_carea' id='block_1_20' title="bbox 436 2020 1998 2095">
    <p class='ocr_par' dir='ltr' id='par_1_20' title="bbox 436 2020 1998 2095">
     <span class='ocr_line' id='line_1_20' title="bbox 436 2020 1998 2095; baseline 0.002 -22"><span class='ocrx_word' id='word_1_126' title='bbox 436 2020 837 2091; x_wconf 76' lang='lat' dir='ltr'><strong>aliquantulum</strong></span> <span class='ocrx_word' id='word_1_127' title='bbox 886 2024 1087 2077; x_wconf 84' lang='lat' dir='ltr'><strong>mentis</strong></span> <span class='ocrx_word' id='word_1_128' title='bbox 1122 2024 1426 2079; x_wconf 85' lang='lat' dir='ltr'><strong>luminibus</strong></span> <span class='ocrx_word' id='word_1_129' title='bbox 1461 2025 1516 2080; x_wconf 89' lang='lat' dir='ltr'><strong>in</strong></span> <span class='ocrx_word' id='word_1_130' title='bbox 1551 2038 1802 2095; x_wconf 86' lang='lat' dir='ltr'><strong>magnam</strong></span> <span class='ocrx_word' id='word_1_131' title='bbox 1850 2024 1998 2079; x_wconf 85' lang='lat' dir='ltr'><strong>illam</strong></span> 
     </span>
    </p>
   </div>
   <div class='ocr_carea' id='block_1_21' title="bbox 433 2112 1999 2183">
    <p class='ocr_par' dir='ltr' id='par_1_21' title="bbox 433 2112 1999 2183">
     <span class='ocr_line' id='line_1_21' title="bbox 433 2112 1999 2183; baseline 0.003 -17"><span class='ocrx_word' id='word_1_132' title='bbox 433 2112 704 2183; x_wconf 82' lang='lat' dir='ltr'><strong>synodum</strong></span> <span class='ocrx_word' id='word_1_133' title='bbox 728 2112 1059 2181; x_wconf 85' lang='lat' dir='ltr'><strong>intendenti,</strong></span> <span class='ocrx_word' id='word_1_134' title='bbox 1084 2116 1399 2171; x_wconf 89' lang='lat' dir='ltr'><strong>universum</strong></span> <span class='ocrx_word' id='word_1_135' title='bbox 1426 2126 1747 2173; x_wconf 90' lang='lat' dir='ltr'><strong>sanctorum</strong></span> <span class='ocrx_word' id='word_1_136' title='bbox 1780 2116 1999 2171; x_wconf 89' lang='lat' dir='ltr'><strong>illorum</strong></span> 
     </span>
    </p>
   </div>
   <div class='ocr_carea' id='block_1_22' title="bbox 436 2205 2003 2280">
    <p class='ocr_par' dir='ltr' id='par_1_22' title="bbox 436 2205 2003 2280">
     <span class='ocr_line' id='line_1_22' title="bbox 436 2205 2003 2280; baseline 0.003 -21"><span class='ocrx_word' id='word_1_137' title='bbox 436 2205 664 2262; x_wconf 86' lang='lat' dir='ltr'><strong>Patrum</strong></span> <span class='ocrx_word' id='word_1_138' title='bbox 717 2209 1033 2280; x_wconf 76' lang='lat' dir='ltr'><strong>collegium,</strong></span> <span class='ocrx_word' id='word_1_139' title='bbox 1079 2212 1406 2279; x_wconf 90' lang='lat' dir='ltr'><strong>quibusdam</strong></span> <span class='ocrx_word' id='word_1_140' title='bbox 1462 2213 1634 2267; x_wconf 82' lang='lat' dir='ltr'><strong>veluti</strong></span> <span class='ocrx_word' id='word_1_141' title='bbox 1690 2211 1869 2267; x_wconf 89' lang='lat' dir='ltr'><strong>oculis</strong></span> <span class='ocrx_word' id='word_1_142' title='bbox 1915 2227 2003 2264; x_wconf 85' lang='lat' dir='ltr'><strong>re-</strong></span> 
     </span>
    </p>
   </div>
   <div class='ocr_carea' id='block_1_23' title="bbox 435 2302 2001 2376">
    <p class='ocr_par' dir='ltr' id='par_1_23' title="bbox 435 2302 2001 2376">
     <span class='ocr_line' id='line_1_23' title="bbox 435 2302 2001 2376; baseline 0.003 -21"><span class='ocrx_word' id='word_1_143' title='bbox 435 2316 631 2368; x_wconf 88' lang='lat' dir='ltr'><strong>nuere,</strong></span> <span class='ocrx_word' id='word_1_144' title='bbox 662 2312 716 2358; x_wconf 90' lang='lat' dir='ltr'><strong>et</strong></span> <span class='ocrx_word' id='word_1_145' title='bbox 742 2302 956 2358; x_wconf 82' lang='lat' dir='ltr'><strong>viribus</strong></span> <span class='ocrx_word' id='word_1_146' title='bbox 985 2307 1264 2371; x_wconf 87' lang='lat' dir='ltr'><strong>omnibus,</strong></span> <span class='ocrx_word' id='word_1_147' title='bbox 1299 2306 1601 2376; x_wconf 88' lang='lat' dir='ltr'><strong>quominus</strong></span> <span class='ocrx_word' id='word_1_148' title='bbox 1630 2304 1699 2360; x_wconf 91' lang='lat' dir='ltr'><strong>ad</strong></span> <span class='ocrx_word' id='word_1_149' title='bbox 1733 2321 1848 2360; x_wconf 88' lang='lat' dir='ltr'><strong>rem</strong></span> <span class='ocrx_word' id='word_1_150' title='bbox 1880 2322 2001 2360; x_wconf 86' lang='lat' dir='ltr'><strong>eam</strong></span> 
     </span>
    </p>
   </div>
   <div class='ocr_carea' id='block_1_24' title="bbox 434 2395 2002 2465">
    <p class='ocr_par' dir='ltr' id='par_1_24' title="bbox 434 2395 2002 2465">
     <span class='ocr_line' id='line_1_24' title="bbox 434 2395 2002 2465; baseline 0.001 -14"><span class='ocrx_word' id='word_1_151' title='bbox 434 2395 901 2465; x_wconf 82' lang='lat' dir='ltr'><strong>comprobandam</strong></span> <span class='ocrx_word' id='word_1_152' title='bbox 989 2412 1318 2463; x_wconf 86' lang='lat' dir='ltr'><strong>accurram,</strong></span> <span class='ocrx_word' id='word_1_153' title='bbox 1379 2401 1652 2455; x_wconf 88' lang='lat' dir='ltr'><strong>obsistere</strong></span> <span class='ocrx_word' id='word_1_154' title='bbox 1720 2399 2002 2454; x_wconf 89' lang='lat' dir='ltr'><strong>videntur.</strong></span> 
     </span>
    </p>
   </div>
   <div class='ocr_carea' id='block_1_25' title="bbox 434 2489 1999 2562">
    <p class='ocr_par' dir='ltr' id='par_1_25' title="bbox 434 2489 1999 2562">
     <span class='ocr_line' id='line_1_25' title="bbox 434 2489 1999 2562; baseline 0.001 -17"><span class='ocrx_word' id='word_1_155' title='bbox 434 2489 726 2558; x_wconf 83' lang='lat' dir='ltr'><strong>Quomodo</strong></span> <span class='ocrx_word' id='word_1_156' title='bbox 755 2506 993 2562; x_wconf 86' lang='lat' dir='ltr'><strong>namque</strong></span> <span class='ocrx_word' id='word_1_157' title='bbox 1026 2492 1172 2547; x_wconf 89' lang='lat' dir='ltr'><strong>inter</strong></span> <span class='ocrx_word' id='word_1_158' title='bbox 1195 2492 1514 2549; x_wconf 87' lang='lat' dir='ltr'><strong>sacerdotes</strong></span> <span class='ocrx_word' id='word_1_159' title='bbox 1540 2494 1632 2549; x_wconf 90' lang='lat' dir='ltr'><strong>Dei</strong></span> <span class='ocrx_word' id='word_1_160' title='bbox 1659 2493 1999 2554; x_wconf 83' lang='lat' dir='ltr'><strong>cettSebitur.</strong></span> 
     </span>
    </p>
   </div>
   <div class='ocr_carea' id='block_1_26' title="bbox 432 2584 2004 2656">
    <p class='ocr_par' dir='ltr' id='par_1_26' title="bbox 432 2584 2004 2656">
     <span class='ocr_line' id='line_1_26' title="bbox 432 2584 2004 2656; baseline -0.001 -16"><span class='ocrx_word' id='word_1_161' title='bbox 432 2586 732 2641; x_wconf 86' lang='lat' dir='ltr'><strong>illorumve</strong></span> <span class='ocrx_word' id='word_1_162' title='bbox 766 2587 905 2642; x_wconf 86' lang='lat' dir='ltr'><strong>feret</strong></span> <span class='ocrx_word' id='word_1_163' title='bbox 952 2597 1182 2649; x_wconf 86' lang='lat' dir='ltr'><strong>sortem,</strong></span> <span class='ocrx_word' id='word_1_164' title='bbox 1216 2587 1304 2641; x_wconf 89' lang='lat' dir='ltr'><strong>cui</strong></span> <span class='ocrx_word' id='word_1_165' title='bbox 1352 2584 1717 2642; x_wconf 80' lang='lat' dir='ltr'><strong>sacerdotalis</strong></span> <span class='ocrx_word' id='word_1_166' title='bbox 1766 2586 2004 2656; x_wconf 80' lang='lat' dir='ltr'><strong>dignitas</strong></span> 
     </span>
    </p>
   </div>
   <div class='ocr_carea' id='block_1_27' title="bbox 433 2662 2006 2765">
    <p class='ocr_par' dir='ltr' id='par_1_27' title="bbox 433 2662 2006 2765">
     <span class='ocr_line' id='line_1_27' title="bbox 433 2662 2006 2765; baseline -0.002 -30"><span class='ocrx_word' id='word_1_167' title='bbox 433 2680 697 2749; x_wconf 85' lang='lat' dir='ltr'><strong>abrogata</strong></span> <span class='ocrx_word' id='word_1_168' title='bbox 731 2681 858 2765; x_wconf 69' lang='lat' dir='ltr'><strong>est?</strong></span> <span class='ocrx_word' id='word_1_169' title='bbox 881 2680 1170 2748; x_wconf 84' lang='lat' dir='ltr'><strong>Quomodo</strong></span> <span class='ocrx_word' id='word_1_170' title='bbox 1195 2696 1327 2736; x_wconf 89' lang='lat' dir='ltr'><strong>vero</strong></span> <span class='ocrx_word' id='word_1_171' title='bbox 1358 2680 1414 2734; x_wconf 92' lang='lat' dir='ltr'><strong>in</strong></span> <span class='ocrx_word' id='word_1_172' title='bbox 1443 2680 1693 2751; x_wconf 82' lang='lat' dir='ltr'><strong>catalogo</strong></span> <span class='ocrx_word' id='word_1_173' title='bbox 1719 2662 2006 2737; x_wconf 67' lang='lat' dir='ltr'><strong>sacrorum</strong></span> 
     </span>
    </p>
   </div>
   <div class='ocr_carea' id='block_1_28' title="bbox 434 2772 2005 2844">
    <p class='ocr_par' dir='ltr' id='par_1_28' title="bbox 434 2772 2005 2844">
     <span class='ocr_line' id='line_1_28' title="bbox 434 2772 2005 2844; baseline -0.001 -17"><span class='ocrx_word' id='word_1_174' title='bbox 434 2773 824 2835; x_wconf 86' lang='lat' dir='ltr'><strong>ministrorum</strong></span> <span class='ocrx_word' id='word_1_175' title='bbox 859 2773 988 2839; x_wconf 88' lang='lat' dir='ltr'><strong>erit,</strong></span> <span class='ocrx_word' id='word_1_176' title='bbox 1020 2775 1114 2844; x_wconf 89' lang='lat' dir='ltr'><strong>qui</strong></span> <span class='ocrx_word' id='word_1_177' title='bbox 1159 2773 1556 2829; x_wconf 82' lang='lat' dir='ltr'><strong>ecclesiasticis</strong></span> <span class='ocrx_word' id='word_1_178' title='bbox 1583 2772 1863 2829; x_wconf 73' lang='lat' dir='ltr'><strong>inmitibus</strong></span> <span class='ocrx_word' id='word_1_179' title='bbox 1888 2773 2005 2843; x_wconf 84' lang='lat' dir='ltr'><strong>eje-</strong></span> 
     </span>
    </p>
   </div>
   <div class='ocr_carea' id='block_1_29' title="bbox 436 2867 2006 2938">
    <p class='ocr_par' dir='ltr' id='par_1_29' title="bbox 436 2867 2006 2938">
     <span class='ocr_line' id='line_1_29' title="bbox 436 2867 2006 2938; baseline -0.004 -12"><span class='ocrx_word' id='word_1_180' title='bbox 436 2881 564 2926; x_wconf 87' lang='lat' dir='ltr'><strong>ctus</strong></span> <span class='ocrx_word' id='word_1_181' title='bbox 594 2868 715 2924; x_wconf 80' lang='lat' dir='ltr'><strong>est?</strong></span> <span class='ocrx_word' id='word_1_182' title='bbox 759 2869 869 2923; x_wconf 86' lang='lat' dir='ltr'><strong>Aut</strong></span> <span class='ocrx_word' id='word_1_183' title='bbox 906 2870 1051 2923; x_wconf 87' lang='lat' dir='ltr'><strong>enim</strong></span> <span class='ocrx_word' id='word_1_184' title='bbox 1101 2868 1446 2938; x_wconf 80' lang='lat' dir='ltr'><strong>professione</strong></span> <span class='ocrx_word' id='word_1_185' title='bbox 1496 2879 1682 2922; x_wconf 84' lang='lat' dir='ltr'><strong>nostra</strong></span> <span class='ocrx_word' id='word_1_186' title='bbox 1720 2867 2006 2936; x_wconf 82' lang='lat' dir='ltr'><strong>indignum</strong></span> 
     </span>
    </p>
   </div>
   <div class='ocr_carea' id='block_1_30' title="bbox 439 2960 2003 3031">
    <p class='ocr_par' dir='ltr' id='par_1_30' title="bbox 439 2960 2003 3031">
     <span class='ocr_line' id='line_1_30' title="bbox 439 2960 2003 3031; baseline -0.004 -12"><span class='ocrx_word' id='word_1_187' title='bbox 439 2973 547 3031; x_wconf 88' lang='lat' dir='ltr'><strong>est,</strong></span> <span class='ocrx_word' id='word_1_188' title='bbox 581 2971 642 3018; x_wconf 92' lang='lat' dir='ltr'><strong>ut</strong></span> <span class='ocrx_word' id='word_1_189' title='bbox 668 2962 965 3018; x_wconf 88' lang='lat' dir='ltr'><strong>sacerdotii</strong></span> <span class='ocrx_word' id='word_1_190' title='bbox 1002 2976 1204 3017; x_wconf 88' lang='lat' dir='ltr'><strong>nomen</strong></span> <span class='ocrx_word' id='word_1_191' title='bbox 1235 2960 1371 3016; x_wconf 85' lang='lat' dir='ltr'><strong>nihil</strong></span> <span class='ocrx_word' id='word_1_192' title='bbox 1408 2978 1552 3028; x_wconf 84' lang='lat' dir='ltr'><strong>esse,</strong></span> <span class='ocrx_word' id='word_1_193' title='bbox 1591 2972 1647 3017; x_wconf 86' lang='lat' dir='ltr'><strong>et</strong></span> <span class='ocrx_word' id='word_1_194' title='bbox 1682 2976 1799 3015; x_wconf 90' lang='lat' dir='ltr'><strong>rem</strong></span> <span class='ocrx_word' id='word_1_195' title='bbox 1835 2963 2003 3030; x_wconf 87' lang='lat' dir='ltr'><strong>ipsam</strong></span> 
     </span>
    </p>
   </div>
   <div class='ocr_carea' id='block_1_31' title="bbox 439 3052 2003 3125">
    <p class='ocr_par' dir='ltr' id='par_1_31' title="bbox 439 3052 2003 3125">
     <span class='ocr_line' id='line_1_31' title="bbox 439 3052 2003 3125; baseline -0.006 -10"><span class='ocrx_word' id='word_1_196' title='bbox 439 3071 790 3115; x_wconf 88' lang='lat' dir='ltr'><strong>communem</strong></span> <span class='ocrx_word' id='word_1_197' title='bbox 821 3055 1081 3113; x_wconf 75' lang='lat' dir='ltr'><strong>omnibus</strong></span> <span class='ocrx_word' id='word_1_198' title='bbox 1112 3071 1254 3120; x_wconf 90' lang='lat' dir='ltr'><strong>esse,</strong></span> <span class='ocrx_word' id='word_1_199' title='bbox 1287 3071 1407 3125; x_wconf 73' lang='lat' dir='ltr'><strong>quae</strong></span> <span class='ocrx_word' id='word_1_200' title='bbox 1432 3065 1614 3109; x_wconf 86' lang='lat' dir='ltr'><strong>tamen</strong></span> <span class='ocrx_word' id='word_1_201' title='bbox 1640 3054 1723 3109; x_wconf 90' lang='lat' dir='ltr'><strong>eis</strong></span> <span class='ocrx_word' id='word_1_202' title='bbox 1747 3053 1882 3108; x_wconf 80' lang='lat' dir='ltr'><strong>solis</strong></span> <span class='ocrx_word' id='word_1_203' title='bbox 1910 3052 2003 3123; x_wconf 89' lang='lat' dir='ltr'><strong>qui</strong></span> 
     </span>
    </p>
   </div>
   <div class='ocr_carea' id='block_1_32' title="bbox 441 3148 2008 3212">
    <p class='ocr_par' dir='ltr' id='par_1_32' title="bbox 441 3148 2008 3212">
     <span class='ocr_line' id='line_1_32' title="bbox 441 3148 2008 3212; baseline -0.007 -3"><span class='ocrx_word' id='word_1_204' title='bbox 441 3151 513 3210; x_wconf 80' lang='lat' dir='ltr'><strong>ad</strong></span> <span class='ocrx_word' id='word_1_205' title='bbox 541 3167 663 3207; x_wconf 90' lang='lat' dir='ltr'><strong>eam</strong></span> <span class='ocrx_word' id='word_1_206' title='bbox 706 3151 885 3212; x_wconf 89' lang='lat' dir='ltr'><strong>vocati</strong></span> <span class='ocrx_word' id='word_1_207' title='bbox 933 3160 1084 3210; x_wconf 85' lang='lat' dir='ltr'><strong>sunt,</strong></span> <span class='ocrx_word' id='word_1_208' title='bbox 1118 3157 1399 3205; x_wconf 82' lang='lat' dir='ltr'><strong>asservata</strong></span> <span class='ocrx_word' id='word_1_209' title='bbox 1446 3158 1552 3212; x_wconf 85' lang='lat' dir='ltr'><strong>est,</strong></span> <span class='ocrx_word' id='word_1_210' title='bbox 1585 3148 1836 3202; x_wconf 83' lang='lat' dir='ltr'><strong>dicamus</strong></span> <span class='ocrx_word' id='word_1_211' title='bbox 1865 3166 1876 3199; x_wconf 89' lang='lat'><strong>:</strong></span> <span class='ocrx_word' id='word_1_212' title='bbox 1912 3156 2008 3199; x_wconf 90' lang='lat' dir='ltr'><strong>aut</strong></span> 
     </span>
    </p>
   </div>
   <div class='ocr_carea' id='block_1_33' title="bbox 441 3240 2009 3319">
    <p class='ocr_par' dir='ltr' id='par_1_33' title="bbox 441 3240 2009 3319">
     <span class='ocr_line' id='line_1_33' title="bbox 441 3240 2009 3319; baseline -0.007 -16"><span class='ocrx_word' id='word_1_213' title='bbox 441 3249 487 3304; x_wconf 86' lang='lat' dir='ltr'><strong>si</strong></span> <span class='ocrx_word' id='word_1_214' title='bbox 521 3261 782 3319; x_wconf 81' lang='lat' dir='ltr'><strong>magnum</strong></span> <span class='ocrx_word' id='word_1_215' title='bbox 811 3245 1077 3317; x_wconf 88' lang='lat' dir='ltr'><strong>quiddam</strong></span> <span class='ocrx_word' id='word_1_216' title='bbox 1120 3255 1224 3304; x_wconf 83' lang='lat' dir='ltr'><strong>est.</strong></span> <span class='ocrx_word' id='word_1_217' title='bbox 1259 3243 1404 3315; x_wconf 90' lang='lat' dir='ltr'><strong>quod</strong></span> <span class='ocrx_word' id='word_1_218' title='bbox 1449 3241 1844 3297; x_wconf 86' lang='lat' dir='ltr'><strong>sacerdotalem</strong></span> <span class='ocrx_word' id='word_1_219' title='bbox 1881 3240 2009 3294; x_wconf 85' lang='lat' dir='ltr'><strong>fun-</strong></span> 
     </span>
    </p>
   </div>
   <div class='ocr_carea' id='block_1_34' title="bbox 442 3330 2011 3410">
    <p class='ocr_par' dir='ltr' id='par_1_34' title="bbox 442 3330 2011 3410">
     <span class='ocr_line' id='line_1_34' title="bbox 442 3330 2011 3410; baseline -0.008 -11"><span class='ocrx_word' id='word_1_220' title='bbox 442 3341 684 3401; x_wconf 82' lang='lat' dir='ltr'><strong>ctionem</strong></span> <span class='ocrx_word' id='word_1_221' title='bbox 704 3355 734 3394; x_wconf 92' lang='lat' dir='ltr'><strong>a</strong></span> <span class='ocrx_word' id='word_1_222' title='bbox 750 3337 939 3410; x_wconf 90' lang='lat' dir='ltr'><strong>populi</strong></span> <span class='ocrx_word' id='word_1_223' title='bbox 965 3337 1319 3393; x_wconf 88' lang='lat' dir='ltr'><strong>multitudine</strong></span> <span class='ocrx_word' id='word_1_224' title='bbox 1343 3336 1575 3402; x_wconf 88' lang='lat' dir='ltr'><strong>dirimit,</strong></span> <span class='ocrx_word' id='word_1_225' title='bbox 1595 3349 1705 3389; x_wconf 93' lang='lat' dir='ltr'><strong>non</strong></span> <span class='ocrx_word' id='word_1_226' title='bbox 1727 3330 2011 3388; x_wconf 85' lang='lat' dir='ltr'><strong>miscenda</strong></span> 
     </span>
    </p>
   </div>
   <div class='ocr_carea' id='block_1_35' title="bbox 439 3426 2014 3509">
    <p class='ocr_par' dir='ltr' id='par_1_35' title="bbox 439 3426 2014 3509">
     <span class='ocr_line' id='line_1_35' title="bbox 439 3426 2014 3509; baseline -0.006 -22"><span class='ocrx_word' id='word_1_227' title='bbox 439 3454 562 3509; x_wconf 71' lang='lat' dir='ltr'><strong>qua:</strong></span> <span class='ocrx_word' id='word_1_228' title='bbox 592 3434 810 3491; x_wconf 87' lang='lat' dir='ltr'><strong>misceri</strong></span> <span class='ocrx_word' id='word_1_229' title='bbox 844 3449 955 3489; x_wconf 87' lang='lat' dir='ltr'><strong>non</strong></span> <span class='ocrx_word' id='word_1_230' title='bbox 989 3442 1243 3504; x_wconf 88' lang='lat' dir='ltr'><strong>possunt.</strong></span> <span class='ocrx_word' id='word_1_231' title='bbox 1272 3430 1372 3486; x_wconf 91' lang='lat' dir='ltr'><strong>sed</strong></span> <span class='ocrx_word' id='word_1_232' title='bbox 1394 3443 1591 3486; x_wconf 89' lang='lat' dir='ltr'><strong>eorum</strong></span> <span class='ocrx_word' id='word_1_233' title='bbox 1618 3443 1742 3492; x_wconf 77' lang='lat' dir='ltr'><strong>qua:</strong></span> <span class='ocrx_word' id='word_1_234' title='bbox 1767 3426 2014 3481; x_wconf 78' lang='lat' dir='ltr'><strong>diximus</strong></span> 
     </span>
    </p>
   </div>
   <div class='ocr_carea' id='block_1_36' title="bbox 440 3520 2011 3601">
    <p class='ocr_par' dir='ltr' id='par_1_36' title="bbox 440 3520 2011 3601">
     <span class='ocr_line' id='line_1_36' title="bbox 440 3520 2011 3601; baseline -0.006 -20"><span class='ocrx_word' id='word_1_235' title='bbox 440 3528 677 3601; x_wconf 72' lang='lat' dir='ltr'><strong>quodvis</strong></span> <span class='ocrx_word' id='word_1_236' title='bbox 731 3528 789 3583; x_wconf 90' lang='lat' dir='ltr'><strong>in</strong></span> <span class='ocrx_word' id='word_1_237' title='bbox 836 3526 1030 3582; x_wconf 79' lang='lat' dir='ltr'><strong>ordine</strong></span> <span class='ocrx_word' id='word_1_238' title='bbox 1075 3542 1176 3580; x_wconf 91' lang='lat' dir='ltr'><strong>suo</strong></span> <span class='ocrx_word' id='word_1_239' title='bbox 1217 3521 1679 3587; x_wconf 88' lang='lat' dir='ltr'><strong>conservandum,</strong></span> <span class='ocrx_word' id='word_1_240' title='bbox 1714 3530 1767 3574; x_wconf 88' lang='lat' dir='ltr'><strong>et</strong></span> <span class='ocrx_word' id='word_1_241' title='bbox 1800 3520 2011 3573; x_wconf 87' lang='lat' dir='ltr'><strong>honore</strong></span> 
     </span>
    </p>
   </div>
   <div class='ocr_carea' id='block_1_37' title="bbox 440 3610 2015 3682">
    <p class='ocr_par' dir='ltr' id='par_1_37' title="bbox 440 3610 2015 3682">
     <span class='ocr_line' id='line_1_37' title="bbox 440 3610 2015 3682; baseline -0.011 0"><span class='ocrx_word' id='word_1_242' title='bbox 440 3626 631 3682; x_wconf 87' lang='lat' dir='ltr'><strong>debito</strong></span> <span class='ocrx_word' id='word_1_243' title='bbox 657 3618 1137 3678; x_wconf 87' lang='lat' dir='ltr'><strong>cohonestandum</strong></span> <span class='ocrx_word' id='word_1_244' title='bbox 1173 3614 1334 3671; x_wconf 89' lang='lat' dir='ltr'><strong>nobis</strong></span> <span class='ocrx_word' id='word_1_245' title='bbox 1360 3614 1488 3671; x_wconf 90' lang='lat' dir='ltr'><strong>erit.</strong></span> <span class='ocrx_word' id='word_1_246' title='bbox 1528 3610 1818 3680; x_wconf 87' lang='lat' dir='ltr'><strong>Quomodo</strong></span> <span class='ocrx_word' id='word_1_247' title='bbox 1844 3610 2015 3681; x_wconf 87' lang='lat' dir='ltr'><strong>igitur</strong></span> 
     </span>
    </p>
   </div>
   <div class='ocr_carea' id='block_1_38' title="bbox 443 3708 2014 3785">
    <p class='ocr_par' dir='ltr' id='par_1_38' title="bbox 443 3708 2014 3785">
     <span class='ocr_line' id='line_1_38' title="bbox 443 3708 2014 3785; baseline -0.012 -11"><span class='ocrx_word' id='word_1_248' title='bbox 443 3730 542 3774; x_wconf 87' lang='lat' dir='ltr'><strong>aut</strong></span> <span class='ocrx_word' id='word_1_249' title='bbox 591 3720 737 3771; x_wconf 86' lang='lat' dir='ltr'><strong>inter</strong></span> <span class='ocrx_word' id='word_1_250' title='bbox 766 3715 1060 3785; x_wconf 88' lang='lat' dir='ltr'><strong>episcopos</strong></span> <span class='ocrx_word' id='word_1_251' title='bbox 1091 3711 1264 3767; x_wconf 86' lang='lat' dir='ltr'><strong>laicus</strong></span> <span class='ocrx_word' id='word_1_252' title='bbox 1285 3750 1299 3774; x_wconf 90' lang='lat'><strong>,</strong></span> <span class='ocrx_word' id='word_1_253' title='bbox 1333 3720 1431 3764; x_wconf 89' lang='lat' dir='ltr'><strong>aut</strong></span> <span class='ocrx_word' id='word_1_254' title='bbox 1463 3708 1609 3762; x_wconf 88' lang='lat' dir='ltr'><strong>inter</strong></span> <span class='ocrx_word' id='word_1_255' title='bbox 1638 3718 1933 3776; x_wconf 85' lang='lat' dir='ltr'><strong>germanos</strong></span> <span class='ocrx_word' id='word_1_256' title='bbox 1958 3709 2014 3757; x_wconf 88' lang='lat' dir='ltr'><strong>et</strong></span> 
     </span>
    </p>
   </div>
   <div class='ocr_carea' id='block_1_39' title="bbox 440 3796 2016 3883">
    <p class='ocr_par' dir='ltr' id='par_1_39' title="bbox 440 3796 2016 3883">
     <span class='ocr_line' id='line_1_39' title="bbox 440 3796 2016 3883; baseline -0.011 -17"><span class='ocrx_word' id='word_1_257' title='bbox 440 3812 744 3883; x_wconf 61' lang='lat' dir='ltr'><strong>legitimos,</strong></span> <span class='ocrx_word' id='word_1_258' title='bbox 776 3808 872 3879; x_wconf 87' lang='lat' dir='ltr'><strong>qui</strong></span> <span class='ocrx_word' id='word_1_259' title='bbox 908 3804 1035 3862; x_wconf 88' lang='lat' dir='ltr'><strong>talis</strong></span> <span class='ocrx_word' id='word_1_260' title='bbox 1062 3820 1174 3860; x_wconf 89' lang='lat' dir='ltr'><strong>non</strong></span> <span class='ocrx_word' id='word_1_261' title='bbox 1219 3803 1311 3868; x_wconf 87' lang='lat' dir='ltr'><strong>sit,</strong></span> <span class='ocrx_word' id='word_1_262' title='bbox 1344 3798 1657 3861; x_wconf 86' lang='lat' dir='ltr'><strong>consistet?</strong></span> <span class='ocrx_word' id='word_1_263' title='bbox 1681 3796 1925 3859; x_wconf 85' lang='lat' dir='ltr'><strong>Honora,</strong></span> <span class='ocrx_word' id='word_1_264' title='bbox 1961 3806 2016 3850; x_wconf 84' lang='lat' dir='ltr'><strong>te</strong></span> 
     </span>
    </p>
   </div>
   <div class='ocr_carea' id='block_1_40' title="bbox 444 3890 2016 3973">
    <p class='ocr_par' dir='ltr' id='par_1_40' title="bbox 444 3890 2016 3973">
     <span class='ocr_line' id='line_1_40' title="bbox 444 3890 2016 3973; baseline -0.01 -14"><span class='ocrx_word' id='word_1_265' title='bbox 444 3908 663 3967; x_wconf 83' lang='lat' dir='ltr'><strong>hortor,</strong></span> <span class='ocrx_word' id='word_1_266' title='bbox 693 3917 790 3958; x_wconf 91' lang='lat' dir='ltr'><strong>eos</strong></span> <span class='ocrx_word' id='word_1_267' title='bbox 826 3901 921 3972; x_wconf 90' lang='lat' dir='ltr'><strong>qui</strong></span> <span class='ocrx_word' id='word_1_268' title='bbox 953 3911 1272 3973; x_wconf 87' lang='lat' dir='ltr'><strong>magnarum</strong></span> <span class='ocrx_word' id='word_1_269' title='bbox 1305 3906 1361 3951; x_wconf 80' lang='lat' dir='ltr'><strong>e‘.</strong></span> <span class='ocrx_word' id='word_1_270' title='bbox 1387 3890 1807 3971; x_wconf 85' lang='lat' dir='ltr'><strong>splendidarum</strong></span> <span class='ocrx_word' id='word_1_271' title='bbox 1837 3899 2016 3945; x_wconf 84' lang='lat' dir='ltr'><strong>recte-</strong></span> 
     </span>
    </p>
   </div>
   <div class='ocr_carea' id='block_1_41' title="bbox 442 3978 2016 4071">
    <p class='ocr_par' dir='ltr' id='par_1_41' title="bbox 442 3978 2016 4071">
     <span class='ocr_line' id='line_1_41' title="bbox 442 3978 2016 4071; baseline -0.01 -17"><span class='ocrx_word' id='word_1_272' title='bbox 442 4016 555 4071; x_wconf 85' lang='lat' dir='ltr'><strong>que</strong></span> <span class='ocrx_word' id='word_1_273' title='bbox 597 3978 849 4055; x_wconf 86' lang='lat' dir='ltr'><strong>actarum</strong></span> <span class='ocrx_word' id='word_1_274' title='bbox 893 4010 1082 4051; x_wconf 88' lang='lat' dir='ltr'><strong>rerum</strong></span> <span class='ocrx_word' id='word_1_275' title='bbox 1119 3992 1295 4046; x_wconf 85' lang='lat' dir='ltr'><strong>tulere</strong></span> <span class='ocrx_word' id='word_1_276' title='bbox 1341 3988 1745 4053; x_wconf 80' lang='lat' dir='ltr'><strong>testimonium,</strong></span> <span class='ocrx_word' id='word_1_277' title='bbox 1772 4001 1843 4042; x_wconf 90' lang='lat' dir='ltr'><strong>ne</strong></span> <span class='ocrx_word' id='word_1_278' title='bbox 1884 4000 2016 4040; x_wconf 89' lang='lat' dir='ltr'><strong>con-</strong></span> 
     </span>
    </p>
   </div>
   <div class='ocr_carea' id='block_1_42' title="bbox 443 4077 2018 4151">
    <p class='ocr_par' dir='ltr' id='par_1_42' title="bbox 443 4077 2018 4151">
     <span class='ocr_line' id='line_1_42' title="bbox 443 4077 2018 4151; baseline -0.009 -7"><span class='ocrx_word' id='word_1_279' title='bbox 443 4089 673 4145; x_wconf 87' lang='lat' dir='ltr'><strong>tumelia</strong></span> <span class='ocrx_word' id='word_1_280' title='bbox 718 4097 971 4151; x_wconf 85' lang='lat' dir='ltr'><strong>sanctum</strong></span> <span class='ocrx_word' id='word_1_281' title='bbox 1020 4088 1245 4143; x_wconf 86' lang='lat' dir='ltr'><strong>Patrum</strong></span> <span class='ocrx_word' id='word_1_282' title='bbox 1277 4083 1509 4141; x_wconf 88' lang='lat' dir='ltr'><strong>chorum</strong></span> <span class='ocrx_word' id='word_1_283' title='bbox 1552 4081 1780 4136; x_wconf 84' lang='lat' dir='ltr'><strong>allicias.</strong></span> <span class='ocrx_word' id='word_1_284' title='bbox 1824 4077 2018 4132; x_wconf 73' lang='lat' dir='ltr'><strong>Consi-</strong></span> 
     </span>
    </p>
   </div>
   <div class='ocr_carea' id='block_1_43' title="bbox 445 4175 2013 4252">
    <p class='ocr_par' dir='ltr' id='par_1_43' title="bbox 445 4175 2013 4252">
     <span class='ocr_line' id='line_1_43' title="bbox 445 4175 2013 4252; baseline -0.01 -13"><span class='ocrx_word' id='word_1_285' title='bbox 445 4183 582 4239; x_wconf 86' lang='lat' dir='ltr'><strong>dera</strong></span> <span class='ocrx_word' id='word_1_286' title='bbox 624 4197 723 4237; x_wconf 87' lang='lat' dir='ltr'><strong>eos</strong></span> <span class='ocrx_word' id='word_1_287' title='bbox 770 4182 865 4252; x_wconf 86' lang='lat' dir='ltr'><strong>qui</strong></span> <span class='ocrx_word' id='word_1_288' title='bbox 919 4180 1249 4251; x_wconf 56' lang='lat' dir='ltr'><strong>superstites</strong></span> <span class='ocrx_word' id='word_1_289' title='bbox 1280 4178 1462 4233; x_wconf 88' lang='lat' dir='ltr'><strong>adhuc</strong></span> <span class='ocrx_word' id='word_1_290' title='bbox 1510 4177 1563 4230; x_wconf 87' lang='lat' dir='ltr'><strong>in</strong></span> <span class='ocrx_word' id='word_1_291' title='bbox 1607 4175 1719 4230; x_wconf 86' lang='lat' dir='ltr'><strong>vita</strong></span> <span class='ocrx_word' id='word_1_292' title='bbox 1769 4178 2013 4236; x_wconf 85' lang='lat' dir='ltr'><strong>manent,</strong></span> 
     </span>
    </p>
   </div>
   <div class='ocr_carea' id='block_1_44' title="bbox 444 4264 2018 4349">
    <p class='ocr_par' dir='ltr' id='par_1_44' title="bbox 444 4264 2018 4349">
     <span class='ocr_line' id='line_1_44' title="bbox 444 4264 2018 4349; baseline -0.01 -14"><span class='ocrx_word' id='word_1_293' title='bbox 444 4276 727 4349; x_wconf 88' lang='lat' dir='ltr'><strong>quomodo</strong></span> <span class='ocrx_word' id='word_1_294' title='bbox 761 4290 877 4331; x_wconf 90' lang='lat' dir='ltr'><strong>rem</strong></span> <span class='ocrx_word' id='word_1_295' title='bbox 907 4275 1050 4331; x_wconf 87' lang='lat' dir='ltr'><strong>hanc</strong></span> <span class='ocrx_word' id='word_1_296' title='bbox 1074 4273 1412 4342; x_wconf 82' lang='lat' dir='ltr'><strong>acceperint.</strong></span> <span class='ocrx_word' id='word_1_297' title='bbox 1447 4270 1529 4329; x_wconf 72' lang='lat' dir='ltr'><strong>An</strong></span> <span class='ocrx_word' id='word_1_298' title='bbox 1564 4283 1675 4324; x_wconf 91' lang='lat' dir='ltr'><strong>non</strong></span> <span class='ocrx_word' id='word_1_299' title='bbox 1709 4266 1786 4320; x_wconf 91' lang='lat' dir='ltr'><strong>illi</strong></span> <span class='ocrx_word' id='word_1_300' title='bbox 1818 4264 2018 4321; x_wconf 88' lang='lat' dir='ltr'><strong>dolore</strong></span> 
     </span>
    </p>
   </div>
   <div class='ocr_carea' id='block_1_45' title="bbox 446 4358 2016 4441">
    <p class='ocr_par' dir='ltr' id='par_1_45' title="bbox 446 4358 2016 4441">
     <span class='ocr_line' id='line_1_45' title="bbox 446 4358 2016 4441; baseline -0.01 -12"><span class='ocrx_word' id='word_1_301' title='bbox 446 4387 509 4429; x_wconf 87' lang='lat' dir='ltr'><strong>se</strong></span> <span class='ocrx_word' id='word_1_302' title='bbox 539 4368 693 4427; x_wconf 89' lang='lat' dir='ltr'><strong>omni</strong></span> <span class='ocrx_word' id='word_1_303' title='bbox 742 4370 984 4441; x_wconf 84' lang='lat' dir='ltr'><strong>repletos</strong></span> <span class='ocrx_word' id='word_1_304' title='bbox 1017 4382 1141 4424; x_wconf 87' lang='lat' dir='ltr'><strong>esse</strong></span> <span class='ocrx_word' id='word_1_305' title='bbox 1193 4376 1346 4422; x_wconf 85' lang='lat' dir='ltr'><strong>recte</strong></span> <span class='ocrx_word' id='word_1_306' title='bbox 1394 4364 1605 4428; x_wconf 89' lang='lat' dir='ltr'><strong>dicant,</strong></span> <span class='ocrx_word' id='word_1_307' title='bbox 1648 4359 1811 4433; x_wconf 62' lang='lat'><strong>5.95</strong></span> <span class='ocrx_word' id='word_1_308' title='bbox 1855 4359 1902 4415; x_wconf 90' lang='lat' dir='ltr'><strong>si</strong></span> <span class='ocrx_word' id='word_1_309' title='bbox 1959 4358 2016 4414; x_wconf 87' lang='lat' dir='ltr'><strong>in</strong></span> 
     </span>
    </p>
   </div>
   <div class='ocr_carea' id='block_1_46' title="bbox 445 4456 2019 4532">
    <p class='ocr_par' dir='ltr' id='par_1_46' title="bbox 445 4456 2019 4532">
     <span class='ocr_line' id='line_1_46' title="bbox 445 4456 2019 4532; baseline -0.008 -12"><span class='ocrx_word' id='word_1_310' title='bbox 445 4464 712 4521; x_wconf 88' lang='lat' dir='ltr'><strong>eumdem</strong></span> <span class='ocrx_word' id='word_1_311' title='bbox 741 4477 866 4518; x_wconf 90' lang='lat' dir='ltr'><strong>cum</strong></span> <span class='ocrx_word' id='word_1_312' title='bbox 888 4462 973 4518; x_wconf 91' lang='lat' dir='ltr'><strong>eis</strong></span> <span class='ocrx_word' id='word_1_313' title='bbox 996 4461 1273 4522; x_wconf 86' lang='lat' dir='ltr'><strong>ordinem,</strong></span> <span class='ocrx_word' id='word_1_314' title='bbox 1299 4460 1345 4513; x_wconf 91' lang='lat' dir='ltr'><strong>is</strong></span> <span class='ocrx_word' id='word_1_315' title='bbox 1377 4458 1468 4513; x_wconf 90' lang='lat' dir='ltr'><strong>cui</strong></span> <span class='ocrx_word' id='word_1_316' title='bbox 1500 4457 1739 4532; x_wconf 72' lang='lat' dir='ltr'><strong>dignitas</strong></span> <span class='ocrx_word' id='word_1_317' title='bbox 1761 4456 2019 4522; x_wconf 84' lang='lat' dir='ltr'><strong>adempta</strong></span> 
     </span>
    </p>
   </div>
   <div class='ocr_carea' id='block_1_47' title="bbox 2680 983 3099 1043">
    <p class='ocr_par' dir='ltr' id='par_1_47' title="bbox 2680 983 3099 1043">
     <span class='ocr_line' id='line_1_47' title="bbox 2680 983 3099 1043; baseline -0.01 0"><span class='ocrx_word' id='word_1_318' title='bbox 2680 987 2929 1043; x_wconf 76' lang='grc' dir='ltr'><strong>ΚΕΦᾹΛ.</strong></span> <span class='ocrx_word' id='word_1_319' title='bbox 2969 983 3099 1040; x_wconf 83' lang='lat' dir='ltr'><strong>KZ&#39;.</strong></span> 
     </span>
    </p>
   </div>
   <div class='ocr_carea' id='block_1_48' title="bbox 2120 1093 3689 1169">
    <p class='ocr_par' dir='ltr' id='par_1_48' title="bbox 2120 1093 3689 1169">
     <span class='ocr_line' id='line_1_48' title="bbox 2120 1093 3689 1169; baseline -0.013 -5"><span class='ocrx_word' id='word_1_320' title='bbox 2120 1105 2563 1169; x_wconf 75' lang='grc' dir='ltr'><strong>Ἀντεπιστολή</strong></span> <span class='ocrx_word' id='word_1_321' title='bbox 2616 1103 2723 1157; x_wconf 80' lang='grc' dir='ltr'><strong>τοῦ</strong></span> <span class='ocrx_word' id='word_1_322' title='bbox 2768 1101 2942 1166; x_wconf 78' lang='grc' dir='ltr'><strong>ἁγίου</strong></span> <span class='ocrx_word' id='word_1_323' title='bbox 2998 1098 3306 1169; x_wconf 66' lang='grc' dir='ltr'><strong>Κυρὶλλον</strong></span> <span class='ocrx_word' id='word_1_324' title='bbox 3366 1093 3533 1169; x_wconf 38' lang='grc' dir='ltr'><strong>πρὸς-</strong></span> <span class='ocrx_word' id='word_1_325' title='bbox 3572 1093 3689 1169; x_wconf 70' lang='lat' dir='ltr'><strong>r_c‘_r</strong></span> 
     </span>
    </p>
   </div>
   <div class='ocr_carea' id='block_1_49' title="bbox 2179 1162 3686 1244">
    <p class='ocr_par' dir='ltr' id='par_1_49' title="bbox 2179 1162 3686 1244">
     <span class='ocr_line' id='line_1_49' title="bbox 2179 1162 3686 1244; baseline -0.013 -10"><span class='ocrx_word' id='word_1_326' title='bbox 2179 1178 2475 1242; x_wconf 77' lang='grc' dir='ltr'><strong>Ἀττικὸν,</strong></span> <span class='ocrx_word' id='word_1_327' title='bbox 2508 1162 2975 1244; x_wconf 55' lang='grc' dir='ltr'><strong>ἀπαγορεύουσα</strong></span> <span class='ocrx_word' id='word_1_328' title='bbox 3016 1162 3125 1225; x_wconf 46' lang='lat' dir='ltr'><strong>to}</strong></span> <span class='ocrx_word' id='word_1_329' title='bbox 3174 1166 3458 1231; x_wconf 72' lang='grc' dir='ltr'><strong>Ἰωάννην</strong></span> <span class='ocrx_word' id='word_1_330' title='bbox 3482 1162 3686 1217; x_wconf 63' lang='lat' dir='ltr'><strong>sicae-</strong></span> 
     </span>
    </p>
   </div>
   <div class='ocr_carea' id='block_1_50' title="bbox 2178 1248 2419 1314">
    <p class='ocr_par' dir='ltr' id='par_1_50' title="bbox 2178 1248 2419 1314">
     <span class='ocr_line' id='line_1_50' title="bbox 2178 1248 2419 1314; baseline -0.004 -11"><span class='ocrx_word' id='word_1_331' title='bbox 2178 1248 2419 1314; x_wconf 81' lang='grc' dir='ltr'><strong>ξασθαι.</strong></span> 
     </span>
    </p>
   </div>
   <div class='ocr_carea' id='block_1_51' title="bbox 2185 1346 3689 1429">
    <p class='ocr_par' dir='ltr' id='par_1_51' title="bbox 2185 1346 3689 1429">
     <span class='ocr_line' id='line_1_51' title="bbox 2185 1346 3689 1429; baseline -0.011 -16"><span class='ocrx_word' id='word_1_332' title='bbox 2185 1380 2204 1413; x_wconf 81' lang='grc' dir='ltr'><strong>ι</strong></span> <span class='ocrx_word' id='word_1_333' title='bbox 2254 1360 2380 1424; x_wconf 83' lang='grc' dir='ltr'><strong>Τοῖς</strong></span> <span class='ocrx_word' id='word_1_334' title='bbox 2429 1358 2584 1429; x_wconf 86' lang='grc' dir='ltr'><strong>παρά</strong></span> <span class='ocrx_word' id='word_1_335' title='bbox 2619 1358 2723 1426; x_wconf 77' lang='grc' dir='ltr'><strong>τῆς</strong></span> <span class='ocrx_word' id='word_1_336' title='bbox 2772 1357 2873 1424; x_wconf 78' lang='grc' dir='ltr'><strong>σῆς</strong></span> <span class='ocrx_word' id='word_1_337' title='bbox 2904 1352 3216 1423; x_wconf 81' lang='grc' dir='ltr'><strong>θεοφιλείας</strong></span> <span class='ocrx_word' id='word_1_338' title='bbox 3250 1346 3689 1418; x_wconf 71' lang='grc' dir='ltr'><strong>ἐπεσταλμένοις</strong></span> 
     </span>
    </p>
   </div>
   <div class='ocr_carea' id='block_1_52' title="bbox 2106 1446 3689 1523">
    <p class='ocr_par' dir='ltr' id='par_1_52' title="bbox 2106 1446 3689 1523">
     <span class='ocr_line' id='line_1_52' title="bbox 2106 1446 3689 1523; baseline -0.012 -15"><span class='ocrx_word' id='word_1_339' title='bbox 2106 1451 2368 1523; x_wconf 77' lang='grc' dir='ltr'><strong>ἐντυχὼν,</strong></span> <span class='ocrx_word' id='word_1_340' title='bbox 2390 1449 2768 1521; x_wconf 73' lang='grc' dir='ltr'><strong>ἐγγεγράφθαι</strong></span> <span class='ocrx_word' id='word_1_341' title='bbox 2804 1449 2903 1518; x_wconf 74' lang='grc' dir='ltr'><strong>μὲν</strong></span> <span class='ocrx_word' id='word_1_342' title='bbox 2947 1447 3050 1516; x_wconf 83' lang='grc' dir='ltr'><strong>τὴν</strong></span> <span class='ocrx_word' id='word_1_343' title='bbox 3101 1446 3351 1498; x_wconf 77' lang='grc' dir='ltr'><strong>Ἰωάννου</strong></span> <span class='ocrx_word' id='word_1_344' title='bbox 3402 1455 3689 1510; x_wconf 81' lang='grc' dir='ltr'><strong>προσηγο-</strong></span> 
     </span>
    </p>
   </div>
   <div class='ocr_carea' id='block_1_53' title="bbox 2112 1527 3689 1616">
    <p class='ocr_par' dir='ltr' id='par_1_53' title="bbox 2112 1527 3689 1616">
     <span class='ocr_line' id='line_1_53' title="bbox 2112 1527 3689 1616; baseline -0.011 -18"><span class='ocrx_word' id='word_1_345' title='bbox 2112 1544 2235 1616; x_wconf 79' lang='grc' dir='ltr'><strong>ρίαν</strong></span> <span class='ocrx_word' id='word_1_346' title='bbox 2262 1545 2320 1597; x_wconf 85' lang='grc' dir='ltr'><strong>ἐν</strong></span> <span class='ocrx_word' id='word_1_347' title='bbox 2353 1545 2475 1605; x_wconf 83' lang='grc' dir='ltr'><strong>ταῖς</strong></span> <span class='ocrx_word' id='word_1_348' title='bbox 2508 1543 2678 1611; x_wconf 82' lang='grc' dir='ltr'><strong>ἱεραῖς</strong></span> <span class='ocrx_word' id='word_1_349' title='bbox 2709 1538 3017 1608; x_wconf 82' lang='grc' dir='ltr'><strong>ἐμάνθανον</strong></span> <span class='ocrx_word' id='word_1_350' title='bbox 3040 1536 3244 1595; x_wconf 71' lang='grc' dir='ltr'><strong>δέλτοις</strong></span> <span class='ocrx_word' id='word_1_351' title='bbox 3265 1546 3281 1563; x_wconf 85' lang='grc'><strong><em>⁸</em></strong></span> <span class='ocrx_word' id='word_1_352' title='bbox 3318 1527 3689 1603; x_wconf 70' lang='grc' dir='ltr'><strong>ὲρωτήσαςδέ</strong></span> 
     </span>
    </p>
   </div>
   <div class='ocr_carea' id='block_1_54' title="bbox 2110 1620 3691 1703">
    <p class='ocr_par' dir='ltr' id='par_1_54' title="bbox 2110 1620 3691 1703">
     <span class='ocr_line' id='line_1_54' title="bbox 2110 1620 3691 1703; baseline -0.012 -14"><span class='ocrx_word' id='word_1_353' title='bbox 2110 1636 2238 1698; x_wconf 71' lang='grc' dir='ltr'><strong>τοὺς</strong></span> <span class='ocrx_word' id='word_1_354' title='bbox 2288 1632 2500 1687; x_wconf 77' lang='grc' dir='ltr'><strong>ἐκεῖθεν</strong></span> <span class='ocrx_word' id='word_1_355' title='bbox 2543 1633 2802 1703; x_wconf 77' lang='grc' dir='ltr'><strong>ἥκοντας,</strong></span> <span class='ocrx_word' id='word_1_356' title='bbox 2856 1628 3141 1696; x_wconf 75' lang='grc' dir='ltr'><strong>ἐπυθόμην</strong></span> <span class='ocrx_word' id='word_1_357' title='bbox 3185 1625 3287 1680; x_wconf 80' lang='grc' dir='ltr'><strong>οὐκ</strong></span> <span class='ocrx_word' id='word_1_358' title='bbox 3320 1625 3383 1676; x_wconf 79' lang='grc' dir='ltr'><strong>ἐν</strong></span> <span class='ocrx_word' id='word_1_359' title='bbox 3415 1623 3528 1685; x_wconf 88' lang='grc' dir='ltr'><strong>τοῖς</strong></span> <span class='ocrx_word' id='word_1_360' title='bbox 3570 1620 3691 1673; x_wconf 81' lang='grc' dir='ltr'><strong>τῶν</strong></span> 
     </span>
    </p>
   </div>
   <div class='ocr_carea' id='block_1_55' title="bbox 2108 1712 3691 1791">
    <p class='ocr_par' dir='ltr' id='par_1_55' title="bbox 2108 1712 3691 1791">
     <span class='ocr_line' id='line_1_55' title="bbox 2108 1712 3691 1791; baseline -0.011 -11"><span class='ocrx_word' id='word_1_361' title='bbox 2108 1725 2314 1780; x_wconf 79' lang='grc' dir='ltr'><strong>λαῖκῶν</strong></span> <span class='ocrx_word' id='word_1_362' title='bbox 2337 1723 2685 1791; x_wconf 84' lang='grc' dir='ltr'><strong>καταλόγοις,</strong></span> <span class='ocrx_word' id='word_1_363' title='bbox 2707 1722 2833 1777; x_wconf 64' lang='lat' dir='ltr'><strong>em</strong></span> <span class='ocrx_word' id='word_1_364' title='bbox 2854 1720 2970 1783; x_wconf 85' lang='grc' dir='ltr'><strong>τοῖς</strong></span> <span class='ocrx_word' id='word_1_365' title='bbox 2989 1718 3098 1772; x_wconf 81' lang='grc' dir='ltr'><strong>τῶν</strong></span> <span class='ocrx_word' id='word_1_366' title='bbox 3121 1717 3435 1772; x_wconf 81' lang='grc' dir='ltr'><strong>ἐπισκόπων</strong></span> <span class='ocrx_word' id='word_1_367' title='bbox 3463 1712 3691 1766; x_wconf 80' lang='grc' dir='ltr'><strong>ἐντετά-</strong></span> 
     </span>
    </p>
   </div>
   <div class='ocr_carea' id='block_1_56' title="bbox 2103 1802 3689 1886">
    <p class='ocr_par' dir='ltr' id='par_1_56' title="bbox 2103 1802 3689 1886">
     <span class='ocr_line' id='line_1_56' title="bbox 2103 1802 3689 1886; baseline -0.01 -16"><span class='ocrx_word' id='word_1_368' title='bbox 2103 1815 2234 1885; x_wconf 82' lang='grc' dir='ltr'><strong>χθαι</strong></span> <span class='ocrx_word' id='word_1_369' title='bbox 2266 1815 2462 1886; x_wconf 78' lang='grc' dir='ltr'><strong>αὐτήν.</strong></span> <span class='ocrx_word' id='word_1_370' title='bbox 2497 1812 2973 1882; x_wconf 83' lang='grc' dir='ltr'><strong>Διασκοπούμενος</strong></span> <span class='ocrx_word' id='word_1_371' title='bbox 3020 1810 3078 1863; x_wconf 65' lang='grc' dir='ltr'><strong>δὲ</strong></span> <span class='ocrx_word' id='word_1_372' title='bbox 3124 1809 3222 1861; x_wconf 67' lang='grc' dir='ltr'><strong>καὶ⁵</strong></span> <span class='ocrx_word' id='word_1_373' title='bbox 3266 1807 3391 1862; x_wconf 81' lang='grc' dir='ltr'><strong>κατ’</strong></span> <span class='ocrx_word' id='word_1_374' title='bbox 3440 1802 3689 1873; x_wconf 74' lang='grc' dir='ltr'><strong>ἐμαυτὸν</strong></span> 
     </span>
    </p>
   </div>
   <div class='ocr_carea' id='block_1_57' title="bbox 2102 1896 3689 1975">
    <p class='ocr_par' dir='ltr' id='par_1_57' title="bbox 2102 1896 3689 1975">
     <span class='ocr_line' id='line_1_57' title="bbox 2102 1896 3689 1975; baseline -0.01 -12"><span class='ocrx_word' id='word_1_375' title='bbox 2102 1909 2320 1974; x_wconf 73' lang='grc' dir='ltr'><strong>ἐννοῶν,</strong></span> <span class='ocrx_word' id='word_1_376' title='bbox 2349 1910 2396 1961; x_wconf 84' lang='grc' dir='ltr'><strong>εί</strong></span> <span class='ocrx_word' id='word_1_377' title='bbox 2427 1909 2549 1971; x_wconf 84' lang='grc' dir='ltr'><strong>ταῖς</strong></span> <span class='ocrx_word' id='word_1_378' title='bbox 2586 1904 2696 1959; x_wconf 68' lang='grc' dir='ltr'><strong>1τῶν</strong></span> <span class='ocrx_word' id='word_1_379' title='bbox 2734 1905 2997 1975; x_wconf 79' lang='grc' dir='ltr'><strong>Πατέρων</strong></span> <span class='ocrx_word' id='word_1_380' title='bbox 3044 1901 3154 1955; x_wconf 83' lang='grc' dir='ltr'><strong>τῶν</strong></span> <span class='ocrx_word' id='word_1_381' title='bbox 3201 1902 3261 1954; x_wconf 84' lang='grc' dir='ltr'><strong>ἐν</strong></span> <span class='ocrx_word' id='word_1_382' title='bbox 3310 1896 3520 1966; x_wconf 69' lang='grc' dir='ltr'><strong>Νικαίᾳ</strong></span> <span class='ocrx_word' id='word_1_383' title='bbox 3549 1898 3689 1948; x_wconf 79' lang='grc' dir='ltr'><strong>ἀκο-</strong></span> 
     </span>
    </p>
   </div>
   <div class='ocr_carea' id='block_1_58' title="bbox 2102 1987 3690 2066">
    <p class='ocr_par' dir='ltr' id='par_1_58' title="bbox 2102 1987 3690 2066">
     <span class='ocr_line' id='line_1_58' title="bbox 2102 1987 3690 2066; baseline -0.006 -13"><span class='ocrx_word' id='word_1_384' title='bbox 2102 2001 2358 2055; x_wconf 81' lang='grc' dir='ltr'><strong>λουθοῦσι</strong></span> <span class='ocrx_word' id='word_1_385' title='bbox 2382 2000 2565 2066; x_wconf 74' lang='grc' dir='ltr'><strong>δόξαις</strong></span> <span class='ocrx_word' id='word_1_386' title='bbox 2610 2002 2659 2052; x_wconf 75' lang='lat' dir='ltr'><strong>ot</strong></span> <span class='ocrx_word' id='word_1_387' title='bbox 2686 1998 2843 2052; x_wconf 82' lang='grc' dir='ltr'><strong>τοῦτο</strong></span> <span class='ocrx_word' id='word_1_388' title='bbox 2876 1995 3245 2065; x_wconf 77' lang='grc' dir='ltr'><strong>πεπραχότες,</strong></span> <span class='ocrx_word' id='word_1_389' title='bbox 3292 1991 3389 2045; x_wconf 72' lang='grc' dir='ltr'><strong>καὶ</strong></span> <span class='ocrx_word' id='word_1_390' title='bbox 3421 1987 3598 2058; x_wconf 69' lang='grc' dir='ltr'><strong>βραχύ</strong></span> <span class='ocrx_word' id='word_1_391' title='bbox 3629 2003 3690 2043; x_wconf 84' lang='grc' dir='ltr'><strong>τι</strong></span> 
     </span>
    </p>
   </div>
   <div class='ocr_carea' id='block_1_59' title="bbox 2102 2081 3690 2161">
    <p class='ocr_par' dir='ltr' id='par_1_59' title="bbox 2102 2081 3690 2161">
     <span class='ocr_line' id='line_1_59' title="bbox 2102 2081 3690 2161; baseline -0.009 -16"><span class='ocrx_word' id='word_1_392' title='bbox 2102 2094 2194 2147; x_wconf 79' lang='grc' dir='ltr'><strong>τὸν</strong></span> <span class='ocrx_word' id='word_1_393' title='bbox 2221 2095 2316 2161; x_wconf 80' lang='grc' dir='ltr'><strong>τῆς</strong></span> <span class='ocrx_word' id='word_1_394' title='bbox 2343 2093 2585 2153; x_wconf 74' lang='grc' dir='ltr'><strong>διανοίας</strong></span> <span class='ocrx_word' id='word_1_395' title='bbox 2606 2089 2885 2159; x_wconf 78' lang='grc' dir='ltr'><strong>ὀφθαλμὸν</strong></span> <span class='ocrx_word' id='word_1_396' title='bbox 2906 2089 3042 2157; x_wconf 81' lang='grc' dir='ltr'><strong>πρὸς</strong></span> <span class='ocrx_word' id='word_1_397' title='bbox 3068 2088 3166 2156; x_wconf 78' lang='grc' dir='ltr'><strong>τὴν</strong></span> <span class='ocrx_word' id='word_1_398' title='bbox 3192 2083 3440 2153; x_wconf 75' lang='grc' dir='ltr'><strong>μεγάλην</strong></span> <span class='ocrx_word' id='word_1_399' title='bbox 3463 2081 3690 2148; x_wconf 78' lang='grc' dir='ltr'><strong>ἐκείνην</strong></span> 
     </span>
    </p>
   </div>
   <div class='ocr_carea' id='block_1_60' title="bbox 2104 2170 3690 2247">
    <p class='ocr_par' dir='ltr' id='par_1_60' title="bbox 2104 2170 3690 2247">
     <span class='ocr_line' id='line_1_60' title="bbox 2104 2170 3690 2247; baseline -0.009 -12"><span class='ocrx_word' id='word_1_400' title='bbox 2104 2180 2391 2243; x_wconf 70' lang='grc' dir='ltr'><strong>ἀνατείνας</strong></span> <span class='ocrx_word' id='word_1_401' title='bbox 2442 2178 2688 2241; x_wconf 78' lang='grc' dir='ltr'><strong>σύνοδον,</strong></span> <span class='ocrx_word' id='word_1_402' title='bbox 2739 2177 2870 2245; x_wconf 74' lang='grc' dir='ltr'><strong>ὅλην</strong></span> <span class='ocrx_word' id='word_1_403' title='bbox 2900 2176 3011 2247; x_wconf 80' lang='grc' dir='ltr'><strong>ὁρῶ</strong></span> <span class='ocrx_word' id='word_1_404' title='bbox 3053 2176 3166 2227; x_wconf 82' lang='grc' dir='ltr'><strong>τῶν</strong></span> <span class='ocrx_word' id='word_1_405' title='bbox 3194 2175 3369 2240; x_wconf 80' lang='grc' dir='ltr'><strong>ἀγίων</strong></span> <span class='ocrx_word' id='word_1_406' title='bbox 3420 2170 3690 2238; x_wconf 77' lang='grc' dir='ltr'><strong>Πατέρων</strong></span> 
     </span>
    </p>
   </div>
   <div class='ocr_carea' id='block_1_61' title="bbox 2104 2263 3693 2344">
    <p class='ocr_par' dir='ltr' id='par_1_61' title="bbox 2104 2263 3693 2344">
     <span class='ocr_line' id='line_1_61' title="bbox 2104 2263 3693 2344; baseline -0.008 -18"><span class='ocrx_word' id='word_1_407' title='bbox 2104 2273 2330 2326; x_wconf 77' lang='grc' dir='ltr'><strong>ἐκείνων</strong></span> <span class='ocrx_word' id='word_1_408' title='bbox 2362 2272 2461 2344; x_wconf 76' lang='grc' dir='ltr'><strong>τὴν</strong></span> <span class='ocrx_word' id='word_1_409' title='bbox 2493 2273 2765 2342; x_wconf 76' lang='grc' dir='ltr'><strong>ὁμήγυριν</strong></span> <span class='ocrx_word' id='word_1_410' title='bbox 2796 2269 2991 2338; x_wconf 81' lang='grc' dir='ltr'><strong>ὥσπερ</strong></span> <span class='ocrx_word' id='word_1_411' title='bbox 3032 2268 3179 2320; x_wconf 69' lang='grc' dir='ltr'><strong>τισὶν</strong></span> <span class='ocrx_word' id='word_1_412' title='bbox 3207 2263 3512 2334; x_wconf 73' lang='grc' dir='ltr'><strong>ὀφθαλμοῖς</strong></span> <span class='ocrx_word' id='word_1_413' title='bbox 3554 2263 3693 2315; x_wconf 72' lang='grc' dir='ltr'><strong>ἀναι-</strong></span> 
     </span>
    </p>
   </div>
   <div class='ocr_carea' id='block_1_62' title="bbox 2105 2351 3689 2430">
    <p class='ocr_par' dir='ltr' id='par_1_62' title="bbox 2105 2351 3689 2430">
     <span class='ocr_line' id='line_1_62' title="bbox 2105 2351 3689 2430; baseline -0.011 -12"><span class='ocrx_word' id='word_1_414' title='bbox 2105 2365 2406 2430; x_wconf 80' lang='grc' dir='ltr'><strong>νεύουσαν,</strong></span> <span class='ocrx_word' id='word_1_415' title='bbox 2463 2365 2558 2417; x_wconf 81' lang='grc' dir='ltr'><strong>καὶ</strong></span> <span class='ocrx_word' id='word_1_416' title='bbox 2613 2363 2777 2415; x_wconf 71' lang='grc' dir='ltr'><strong>παντὶ</strong></span> <span class='ocrx_word' id='word_1_417' title='bbox 2828 2359 3006 2417; x_wconf 77' lang='grc' dir='ltr'><strong>σθένει</strong></span> <span class='ocrx_word' id='word_1_418' title='bbox 3069 2355 3483 2410; x_wconf 70' lang='grc' dir='ltr'><strong>διακωλύουσαν</strong></span> <span class='ocrx_word' id='word_1_419' title='bbox 3530 2351 3689 2420; x_wconf 67' lang='grc' dir='ltr'><strong>ἡμᾶς</strong></span> 
     </span>
    </p>
   </div>
   <div class='ocr_carea' id='block_1_63' title="bbox 2105 2436 3686 2529">
    <p class='ocr_par' dir='ltr' id='par_1_63' title="bbox 2105 2436 3686 2529">
     <span class='ocr_line' id='line_1_63' title="bbox 2105 2436 3686 2529; baseline -0.011 -17"><span class='ocrx_word' id='word_1_420' title='bbox 2105 2460 2319 2529; x_wconf 71' lang='grc' dir='ltr'><strong>τρέχειν</strong></span> <span class='ocrx_word' id='word_1_421' title='bbox 2346 2458 2429 2519; x_wconf 83' lang='grc' dir='ltr'><strong>είς</strong></span> <span class='ocrx_word' id='word_1_422' title='bbox 2452 2456 2549 2527; x_wconf 79' lang='grc' dir='ltr'><strong>τὴν</strong></span> <span class='ocrx_word' id='word_1_423' title='bbox 2578 2458 2672 2509; x_wconf 76' lang='grc' dir='ltr'><strong>ἐπὶ</strong></span> <span class='ocrx_word' id='word_1_424' title='bbox 2696 2454 2875 2523; x_wconf 83' lang='grc' dir='ltr'><strong>τούτῳ</strong></span> <span class='ocrx_word' id='word_1_425' title='bbox 2908 2436 3241 2505; x_wconf 80' lang='grc' dir='ltr'><strong>συναίνεσιν.</strong></span> <span class='ocrx_word' id='word_1_426' title='bbox 3275 2448 3402 2507; x_wconf 80' lang='grc' dir='ltr'><strong>Πῶς</strong></span> <span class='ocrx_word' id='word_1_427' title='bbox 3431 2445 3541 2514; x_wconf 76' lang='grc' dir='ltr'><strong>γὰρ</strong></span> <span class='ocrx_word' id='word_1_428' title='bbox 3565 2445 3686 2505; x_wconf 82' lang='grc' dir='ltr'><strong>τοῖς</strong></span> 
     </span>
    </p>
   </div>
   <div class='ocr_carea' id='block_1_64' title="bbox 2111 2536 3687 2620">
    <p class='ocr_par' dir='ltr' id='par_1_64' title="bbox 2111 2536 3687 2620">
     <span class='ocr_line' id='line_1_64' title="bbox 2111 2536 3687 2620; baseline -0.01 -17"><span class='ocrx_word' id='word_1_429' title='bbox 2111 2552 2318 2620; x_wconf 82' lang='grc' dir='ltr'><strong>ἱερεῦσι</strong></span> <span class='ocrx_word' id='word_1_430' title='bbox 2351 2548 2489 2602; x_wconf 82' lang='grc' dir='ltr'><strong>Θεοῦ</strong></span> <span class='ocrx_word' id='word_1_431' title='bbox 2523 2547 2928 2612; x_wconf 69' lang='grc' dir='ltr'><strong>ωντετάξεται,</strong></span> <span class='ocrx_word' id='word_1_432' title='bbox 2952 2543 3161 2600; x_wconf 73' lang='grc' dir='ltr'><strong>καὶτὸν</strong></span> <span class='ocrx_word' id='word_1_433' title='bbox 3190 2541 3416 2595; x_wconf 82' lang='grc' dir='ltr'><strong>ἐκείνων</strong></span> <span class='ocrx_word' id='word_1_434' title='bbox 3443 2536 3687 2606; x_wconf 74' lang='grc' dir='ltr'><strong>φυράσεε</strong></span> 
     </span>
    </p>
   </div>
   <div class='ocr_carea' id='block_1_65' title="bbox 2107 2626 3686 2711">
    <p class='ocr_par' dir='ltr' id='par_1_65' title="bbox 2107 2626 3686 2711">
     <span class='ocr_line' id='line_1_65' title="bbox 2107 2626 3686 2711; baseline -0.011 -17"><span class='ocrx_word' id='word_1_435' title='bbox 2107 2641 2332 2711; x_wconf 62' lang='grc' dir='ltr'><strong>κλῆρον,</strong></span> <span class='ocrx_word' id='word_1_436' title='bbox 2365 2643 2394 2693; x_wconf 91' lang='grc' dir='ltr'><strong>ό</strong></span> <span class='ocrx_word' id='word_1_437' title='bbox 2438 2639 2539 2707; x_wconf 83' lang='grc' dir='ltr'><strong>τῆς</strong></span> <span class='ocrx_word' id='word_1_438' title='bbox 2575 2639 2849 2710; x_wconf 81' lang='grc' dir='ltr'><strong>ίερατείας</strong></span> <span class='ocrx_word' id='word_1_439' title='bbox 2883 2633 3330 2703; x_wconf 54' lang='grc' dir='ltr'><strong>ἐκϐεϐλημένου</strong></span> <span class='ocrx_word' id='word_1_440' title='bbox 3368 2629 3491 2690; x_wconf 83' lang='grc' dir='ltr'><strong>Πῶς</strong></span> <span class='ocrx_word' id='word_1_441' title='bbox 3523 2626 3583 2679; x_wconf 74' lang='grc' dir='ltr'><strong>δέ</strong></span> <span class='ocrx_word' id='word_1_442' title='bbox 3623 2627 3686 2677; x_wconf 78' lang='grc' dir='ltr'><strong>ἐν</strong></span> 
     </span>
    </p>
   </div>
   <div class='ocr_carea' id='block_1_66' title="bbox 2109 2717 3685 2801">
    <p class='ocr_par' dir='ltr' id='par_1_66' title="bbox 2109 2717 3685 2801">
     <span class='ocr_line' id='line_1_66' title="bbox 2109 2717 3685 2801; baseline -0.013 -14"><span class='ocrx_word' id='word_1_443' title='bbox 2109 2732 2433 2801; x_wconf 75' lang='grc' dir='ltr'><strong>καταλόγοις</strong></span> <span class='ocrx_word' id='word_1_444' title='bbox 2465 2732 2621 2786; x_wconf 78' lang='grc' dir='ltr'><strong>ἐσται</strong></span> <span class='ocrx_word' id='word_1_445' title='bbox 2646 2727 2980 2799; x_wconf 79' lang='grc' dir='ltr'><strong>λειτουργῶν</strong></span> <span class='ocrx_word' id='word_1_446' title='bbox 3002 2729 3032 2781; x_wconf 87' lang='grc' dir='ltr'><strong>ό</strong></span> <span class='ocrx_word' id='word_1_447' title='bbox 3061 2727 3171 2779; x_wconf 80' lang='grc' dir='ltr'><strong>τῶν</strong></span> <span class='ocrx_word' id='word_1_448' title='bbox 3200 2717 3685 2788; x_wconf 75' lang='grc' dir='ltr'><strong>ἐκκλησιαστικῶν</strong></span> 
     </span>
    </p>
   </div>
   <div class='ocr_carea' id='block_1_67' title="bbox 2110 2808 3689 2897">
    <p class='ocr_par' dir='ltr' id='par_1_67' title="bbox 2110 2808 3689 2897">
     <span class='ocr_line' id='line_1_67' title="bbox 2110 2808 3689 2897; baseline -0.011 -18"><span class='ocrx_word' id='word_1_449' title='bbox 2110 2824 2416 2897; x_wconf 79' lang='grc' dir='ltr'><strong>περιϐόλων</strong></span> <span class='ocrx_word' id='word_1_450' title='bbox 2446 2823 2552 2887; x_wconf 78' lang='grc' dir='ltr'><strong>ἔξω</strong></span> <span class='ocrx_word' id='word_1_451' title='bbox 2584 2821 2797 2886; x_wconf 76' lang='grc' dir='ltr'><strong>τεθείςς</strong></span> <span class='ocrx_word' id='word_1_452' title='bbox 2848 2817 3073 2883; x_wconf 80' lang='grc' dir='ltr'><strong>ἀνάξιον</strong></span> <span class='ocrx_word' id='word_1_453' title='bbox 3118 2816 3232 2886; x_wconf 77' lang='grc' dir='ltr'><strong>γὰρ,</strong></span> <span class='ocrx_word' id='word_1_454' title='bbox 3261 2815 3408 2884; x_wconf 71' lang='grc' dir='ltr'><strong>ἡμᾶς</strong></span> <span class='ocrx_word' id='word_1_455' title='bbox 3438 2810 3475 2881; x_wconf 76' lang='grc' dir='ltr'>ἦ</span> <span class='ocrx_word' id='word_1_456' title='bbox 3516 2808 3689 2879; x_wconf 71' lang='grc' dir='ltr'><strong>μηδὲν</strong></span> 
     </span>
    </p>
   </div>
   <div class='ocr_carea' id='block_1_68' title="bbox 2108 2903 3685 2985">
    <p class='ocr_par' dir='ltr' id='par_1_68' title="bbox 2108 2903 3685 2985">
     <span class='ocr_line' id='line_1_68' title="bbox 2108 2903 3685 2985; baseline -0.011 -14"><span class='ocrx_word' id='word_1_457' title='bbox 2108 2912 2250 2973; x_wconf 74' lang='grc' dir='ltr'><strong>εἶναι</strong></span> <span class='ocrx_word' id='word_1_458' title='bbox 2269 2917 2452 2985; x_wconf 82' lang='grc' dir='ltr'><strong>λέγειν</strong></span> <span class='ocrx_word' id='word_1_459' title='bbox 2497 2916 2559 2970; x_wconf 84' lang='grc' dir='ltr'><strong>τὸ</strong></span> <span class='ocrx_word' id='word_1_460' title='bbox 2605 2916 2703 2982; x_wconf 79' lang='grc' dir='ltr'><strong>τῆς</strong></span> <span class='ocrx_word' id='word_1_461' title='bbox 2755 2912 3025 2981; x_wconf 81' lang='grc' dir='ltr'><strong>ίερατείας</strong></span> <span class='ocrx_word' id='word_1_462' title='bbox 3063 2909 3256 2979; x_wconf 74' lang='grc' dir='ltr'><strong>ὅνομα,</strong></span> <span class='ocrx_word' id='word_1_463' title='bbox 3298 2908 3394 2959; x_wconf 78' lang='grc' dir='ltr'><strong>καὶ</strong></span> <span class='ocrx_word' id='word_1_464' title='bbox 3445 2903 3685 2973; x_wconf 78' lang='grc' dir='ltr'><strong>πρᾶγμα</strong></span> 
     </span>
    </p>
   </div>
   <div class='ocr_carea' id='block_1_69' title="bbox 2108 2998 3689 3075">
    <p class='ocr_par' dir='ltr' id='par_1_69' title="bbox 2108 2998 3689 3075">
     <span class='ocr_line' id='line_1_69' title="bbox 2108 2998 3689 3075; baseline -0.01 -11"><span class='ocrx_word' id='word_1_465' title='bbox 2108 3010 2286 3064; x_wconf 77' lang='grc' dir='ltr'><strong>κοινὸν</strong></span> <span class='ocrx_word' id='word_1_466' title='bbox 2319 3007 2463 3063; x_wconf 75' lang='grc' dir='ltr'><strong>εἶναι</strong></span> <span class='ocrx_word' id='word_1_467' title='bbox 2514 3009 2650 3061; x_wconf 74' lang='grc' dir='ltr'><strong>πᾶσι</strong></span> <span class='ocrx_word' id='word_1_468' title='bbox 2694 3007 2761 3060; x_wconf 75' lang='grc' dir='ltr'><strong>τὸ</strong></span> <span class='ocrx_word' id='word_1_469' title='bbox 2804 3007 2989 3075; x_wconf 73' lang='grc' dir='ltr'><strong>μόνοις</strong></span> <span class='ocrx_word' id='word_1_470' title='bbox 3020 3004 3397 3073; x_wconf 66' lang='grc' dir='ltr'><strong>τετηρημένον</strong></span> <span class='ocrx_word' id='word_1_471' title='bbox 3429 3000 3545 3059; x_wconf 87' lang='grc' dir='ltr'><strong>τοῖς</strong></span> <span class='ocrx_word' id='word_1_472' title='bbox 3601 2998 3689 3057; x_wconf 76' lang='grc' dir='ltr'><strong>εἰς</strong></span> 
     </span>
    </p>
   </div>
   <div class='ocr_carea' id='block_1_70' title="bbox 2108 3088 3690 3170">
    <p class='ocr_par' dir='ltr' id='par_1_70' title="bbox 2108 3088 3690 3170">
     <span class='ocr_line' id='line_1_70' title="bbox 2108 3088 3690 3170; baseline -0.011 -15"><span class='ocrx_word' id='word_1_473' title='bbox 2108 3101 2268 3155; x_wconf 80' lang='grc' dir='ltr'><strong>τοῦτο</strong></span> <span class='ocrx_word' id='word_1_474' title='bbox 2315 3100 2713 3170; x_wconf 77' lang='grc' dir='ltr'><strong>καλουμένοιςο</strong></span> <span class='ocrx_word' id='word_1_475' title='bbox 2767 3099 2801 3170; x_wconf 74' lang='grc' dir='ltr'>ἦ</span> <span class='ocrx_word' id='word_1_476' title='bbox 2856 3100 2907 3151; x_wconf 80' lang='grc' dir='ltr'><strong>εί</strong></span> <span class='ocrx_word' id='word_1_477' title='bbox 2948 3096 3089 3151; x_wconf 80' lang='grc' dir='ltr'><strong>πολύ</strong></span> <span class='ocrx_word' id='word_1_478' title='bbox 3140 3112 3195 3147; x_wconf 87' lang='grc' dir='ltr'><strong>τι</strong></span> <span class='ocrx_word' id='word_1_479' title='bbox 3246 3094 3307 3146; x_wconf 74' lang='grc' dir='ltr'><strong>τὸ</strong></span> <span class='ocrx_word' id='word_1_480' title='bbox 3356 3088 3690 3158; x_wconf 79' lang='grc' dir='ltr'><strong>διατειχίζον</strong></span> 
     </span>
    </p>
   </div>
   <div class='ocr_carea' id='block_1_71' title="bbox 2036 3179 3688 3260">
    <p class='ocr_par' dir='ltr' id='par_1_71' title="bbox 2036 3179 3688 3260">
     <span class='ocr_line' id='line_1_71' title="bbox 2036 3179 3688 3260; baseline -0.012 -14"><span class='ocrx_word' id='word_1_481' title='bbox 2036 3199 2081 3259; x_wconf 74' lang='grc' dir='ltr'><strong>ς</strong></span> <span class='ocrx_word' id='word_1_482' title='bbox 2112 3193 2261 3245; x_wconf 78' lang='grc' dir='ltr'><strong>ἐστὶν</strong></span> <span class='ocrx_word' id='word_1_483' title='bbox 2288 3190 2591 3260; x_wconf 72' lang='grc' dir='ltr'><strong>ἱερωσύνην</strong></span> <span class='ocrx_word' id='word_1_484' title='bbox 2618 3188 2713 3242; x_wconf 76' lang='grc' dir='ltr'><strong>καὶ</strong></span> <span class='ocrx_word' id='word_1_485' title='bbox 2746 3187 2892 3249; x_wconf 75' lang='grc' dir='ltr'><strong>λαὸν,</strong></span> <span class='ocrx_word' id='word_1_486' title='bbox 2933 3186 3006 3255; x_wconf 68' lang='grc' dir='ltr'><strong>μὴ</strong></span> <span class='ocrx_word' id='word_1_487' title='bbox 3041 3184 3293 3255; x_wconf 80' lang='grc' dir='ltr'><strong>μιγνύειν</strong></span> <span class='ocrx_word' id='word_1_488' title='bbox 3330 3182 3400 3235; x_wconf 73' lang='grc' dir='ltr'><strong>τὰ</strong></span> <span class='ocrx_word' id='word_1_489' title='bbox 3430 3179 3645 3248; x_wconf 79' lang='grc' dir='ltr'><strong>ἄμικτα</strong></span> <span class='ocrx_word' id='word_1_490' title='bbox 3668 3213 3688 3239; x_wconf 84' lang='grc'><strong>,</strong></span> 
     </span>
    </p>
   </div>
   <div class='ocr_carea' id='block_1_72' title="bbox 2112 3270 3690 3354">
    <p class='ocr_par' dir='ltr' id='par_1_72' title="bbox 2112 3270 3690 3354">
     <span class='ocr_line' id='line_1_72' title="bbox 2112 3270 3690 3354; baseline -0.011 -18"><span class='ocrx_word' id='word_1_491' title='bbox 2112 3285 2303 3354; x_wconf 83' lang='grc' dir='ltr'><strong>τηρεῖν</strong></span> <span class='ocrx_word' id='word_1_492' title='bbox 2331 3283 2388 3335; x_wconf 73' lang='grc' dir='ltr'><strong>δέ</strong></span> <span class='ocrx_word' id='word_1_493' title='bbox 2443 3284 2500 3334; x_wconf 75' lang='grc' dir='ltr'><strong>ἐν</strong></span> <span class='ocrx_word' id='word_1_494' title='bbox 2547 3283 2610 3350; x_wconf 76' lang='grc' dir='ltr'><strong>τῇ</strong></span> <span class='ocrx_word' id='word_1_495' title='bbox 2662 3280 2841 3350; x_wconf 67' lang='grc' dir='ltr'><strong>οἰκείᾳ</strong></span> <span class='ocrx_word' id='word_1_496' title='bbox 2871 3278 3024 3343; x_wconf 80' lang='grc' dir='ltr'><strong>τάξει</strong></span> <span class='ocrx_word' id='word_1_497' title='bbox 3056 3276 3171 3331; x_wconf 74' lang='grc' dir='ltr'><strong>τῶν</strong></span> <span class='ocrx_word' id='word_1_498' title='bbox 3215 3272 3526 3343; x_wconf 71' lang='grc' dir='ltr'><strong>εἰρημένων</strong></span> <span class='ocrx_word' id='word_1_499' title='bbox 3550 3270 3690 3323; x_wconf 73' lang='grc' dir='ltr'><strong>ἐκα-</strong></span> 
     </span>
    </p>
   </div>
   <div class='ocr_carea' id='block_1_73' title="bbox 2114 3362 3689 3445">
    <p class='ocr_par' dir='ltr' id='par_1_73' title="bbox 2114 3362 3689 3445">
     <span class='ocr_line' id='line_1_73' title="bbox 2114 3362 3689 3445; baseline -0.012 -15"><span class='ocrx_word' id='word_1_500' title='bbox 2114 3392 2274 3440; x_wconf 85' lang='grc' dir='ltr'><strong>στον,</strong></span> <span class='ocrx_word' id='word_1_501' title='bbox 2308 3374 2528 3445; x_wconf 75' lang='grc' dir='ltr'><strong>καὶτῆς</strong></span> <span class='ocrx_word' id='word_1_502' title='bbox 2562 3373 2714 3442; x_wconf 86' lang='grc' dir='ltr'><strong>αύτῷ</strong></span> <span class='ocrx_word' id='word_1_503' title='bbox 2748 3370 3071 3443; x_wconf 73' lang='grc' dir='ltr'><strong>πρεπούσης</strong></span> <span class='ocrx_word' id='word_1_504' title='bbox 3115 3366 3283 3435; x_wconf 79' lang='grc' dir='ltr'><strong>τιμῆς</strong></span> <span class='ocrx_word' id='word_1_505' title='bbox 3316 3362 3522 3431; x_wconf 73' lang='grc' dir='ltr'><strong>ἀξιοῦν.</strong></span> <span class='ocrx_word' id='word_1_506' title='bbox 3562 3362 3689 3423; x_wconf 82' lang='grc' dir='ltr'><strong>Πῶς</strong></span> 
     </span>
    </p>
   </div>
   <div class='ocr_carea' id='block_1_74' title="bbox 2113 3454 3686 3532">
    <p class='ocr_par' dir='ltr' id='par_1_74' title="bbox 2113 3454 3686 3532">
     <span class='ocr_line' id='line_1_74' title="bbox 2113 3454 3686 3532; baseline -0.005 -10"><span class='ocrx_word' id='word_1_507' title='bbox 2113 3466 2211 3523; x_wconf 80' lang='grc' dir='ltr'><strong>οὖν</strong></span> <span class='ocrx_word' id='word_1_508' title='bbox 2233 3469 2290 3522; x_wconf 82' lang='grc' dir='ltr'><strong>ἐν</strong></span> <span class='ocrx_word' id='word_1_509' title='bbox 2315 3466 2642 3529; x_wconf 82' lang='grc' dir='ltr'><strong>ἐπισκόποις</strong></span> <span class='ocrx_word' id='word_1_510' title='bbox 2671 3465 2936 3525; x_wconf 56' lang='lat' dir='ltr'><strong>enim,</strong></span> <span class='ocrx_word' id='word_1_511' title='bbox 2985 3463 3019 3532; x_wconf 82' lang='grc' dir='ltr'>ἦ</span> <span class='ocrx_word' id='word_1_512' title='bbox 3068 3460 3187 3525; x_wconf 82' lang='grc' dir='ltr'><strong>πῶς</strong></span> <span class='ocrx_word' id='word_1_513' title='bbox 3214 3462 3273 3512; x_wconf 81' lang='grc' dir='ltr'><strong>ἐν</strong></span> <span class='ocrx_word' id='word_1_514' title='bbox 3304 3459 3415 3519; x_wconf 72' lang='grc' dir='ltr'><strong>τοῖς</strong></span> <span class='ocrx_word' id='word_1_515' title='bbox 3442 3454 3686 3525; x_wconf 77' lang='grc' dir='ltr'><strong>γνησίοις</strong></span> 
     </span>
    </p>
   </div>
   <div class='ocr_carea' id='block_1_75' title="bbox 2112 3546 3689 3633">
    <p class='ocr_par' dir='ltr' id='par_1_75' title="bbox 2112 3546 3689 3633">
     <span class='ocr_line' id='line_1_75' title="bbox 2112 3546 3689 3633; baseline -0.012 -18"><span class='ocrx_word' id='word_1_516' title='bbox 2112 3565 2143 3615; x_wconf 84' lang='grc' dir='ltr'>ὁ</span> <span class='ocrx_word' id='word_1_517' title='bbox 2184 3561 2258 3633; x_wconf 76' lang='grc' dir='ltr'><strong>μὴ</strong></span> <span class='ocrx_word' id='word_1_518' title='bbox 2289 3558 2534 3622; x_wconf 76' lang='grc' dir='ltr'><strong>τοιοῦτος</strong></span> <span class='ocrx_word' id='word_1_519' title='bbox 2554 3557 2851 3627; x_wconf 72' lang='grc' dir='ltr'><strong>ἀναφανεὶς</strong></span> <span class='ocrx_word' id='word_1_520' title='bbox 2874 3574 2888 3620; x_wconf 87' lang='lat'><strong>;</strong></span> <span class='ocrx_word' id='word_1_521' title='bbox 2913 3556 3179 3625; x_wconf 77' lang='grc' dir='ltr'><strong>Τίμησον,</strong></span> <span class='ocrx_word' id='word_1_522' title='bbox 3210 3548 3538 3621; x_wconf 78' lang='grc' dir='ltr'><strong>παρακαλῶ,</strong></span> <span class='ocrx_word' id='word_1_523' title='bbox 3557 3546 3689 3608; x_wconf 70' lang='grc' dir='ltr'><strong>τοὺς</strong></span> 
     </span>
    </p>
   </div>
   <div class='ocr_carea' id='block_1_76' title="bbox 2115 3643 3691 3721">
    <p class='ocr_par' dir='ltr' id='par_1_76' title="bbox 2115 3643 3691 3721">
     <span class='ocr_line' id='line_1_76' title="bbox 2115 3643 3691 3721; baseline -0.01 -15"><span class='ocrx_word' id='word_1_524' title='bbox 2115 3654 2208 3706; x_wconf 64' lang='grc' dir='ltr'><strong>ἐπὶ</strong></span> <span class='ocrx_word' id='word_1_525' title='bbox 2236 3653 2511 3721; x_wconf 84' lang='grc' dir='ltr'><strong>λαμπροῖς</strong></span> <span class='ocrx_word' id='word_1_526' title='bbox 2549 3651 2640 3703; x_wconf 75' lang='grc' dir='ltr'><strong>καὶ</strong></span> <span class='ocrx_word' id='word_1_527' title='bbox 2678 3649 2938 3719; x_wconf 75' lang='grc' dir='ltr'><strong>μεγάλοις</strong></span> <span class='ocrx_word' id='word_1_528' title='bbox 2966 3648 3083 3709; x_wconf 79' lang='grc' dir='ltr'><strong>τοῖς</strong></span> <span class='ocrx_word' id='word_1_529' title='bbox 3114 3643 3510 3714; x_wconf 68' lang='grc' dir='ltr'><strong>κατορθώμασι</strong></span> <span class='ocrx_word' id='word_1_530' title='bbox 3544 3654 3691 3707; x_wconf 73' lang='grc' dir='ltr'><strong>μαρ-</strong></span> 
     </span>
    </p>
   </div>
   <div class='ocr_carea' id='block_1_77' title="bbox 2113 3728 3693 3813">
    <p class='ocr_par' dir='ltr' id='par_1_77' title="bbox 2113 3728 3693 3813">
     <span class='ocr_line' id='line_1_77' title="bbox 2113 3728 3693 3813; baseline -0.012 -17"><span class='ocrx_word' id='word_1_531' title='bbox 2113 3742 2470 3813; x_wconf 81' lang='grc' dir='ltr'><strong>τυρηθέντας.</strong></span> <span class='ocrx_word' id='word_1_532' title='bbox 2502 3742 2597 3811; x_wconf 78' lang='grc' dir='ltr'><strong>Μὴ</strong></span> <span class='ocrx_word' id='word_1_533' title='bbox 2643 3739 2874 3810; x_wconf 73' lang='grc' dir='ltr'><strong>ὑϐρίσῃς</strong></span> <span class='ocrx_word' id='word_1_534' title='bbox 2925 3737 3015 3791; x_wconf 74' lang='grc' dir='ltr'><strong>τὸν</strong></span> <span class='ocrx_word' id='word_1_535' title='bbox 3069 3737 3226 3803; x_wconf 75' lang='grc' dir='ltr'><strong>ἆγιον</strong></span> <span class='ocrx_word' id='word_1_536' title='bbox 3281 3732 3393 3785; x_wconf 78' lang='grc' dir='ltr'><strong>τῶν</strong></span> <span class='ocrx_word' id='word_1_537' title='bbox 3424 3728 3693 3795; x_wconf 83' lang='grc' dir='ltr'><strong>Πατέρων</strong></span> 
     </span>
    </p>
   </div>
   <div class='ocr_carea' id='block_1_78' title="bbox 2115 3814 3688 3907">
    <p class='ocr_par' dir='ltr' id='par_1_78' title="bbox 2115 3814 3688 3907">
     <span class='ocr_line' id='line_1_78' title="bbox 2115 3814 3688 3907; baseline -0.003 -21"><span class='ocrx_word' id='word_1_538' title='bbox 2115 3836 2297 3907; x_wconf 77' lang='grc' dir='ltr'><strong>χορόν.</strong></span> <span class='ocrx_word' id='word_1_539' title='bbox 2346 3834 2544 3888; x_wconf 80' lang='grc' dir='ltr'><strong>Ἐννόει</strong></span> <span class='ocrx_word' id='word_1_540' title='bbox 2594 3814 2869 3900; x_wconf 81' lang='grc' dir='ltr'><strong>παρόντας</strong></span> <span class='ocrx_word' id='word_1_541' title='bbox 2919 3831 3007 3884; x_wconf 72' lang='grc' dir='ltr'><strong>ἔτι</strong></span> <span class='ocrx_word' id='word_1_542' title='bbox 3050 3829 3148 3883; x_wconf 77' lang='grc' dir='ltr'><strong>καὶ</strong></span> <span class='ocrx_word' id='word_1_543' title='bbox 3178 3821 3688 3891; x_wconf 69' lang='grc' dir='ltr'><strong>συνδιαιτωμένωςς</strong></span> 
     </span>
    </p>
   </div>
   <div class='ocr_carea' id='block_1_79' title="bbox 2116 3912 3688 3997">
    <p class='ocr_par' dir='ltr' id='par_1_79' title="bbox 2116 3912 3688 3997">
     <span class='ocr_line' id='line_1_79' title="bbox 2116 3912 3688 3997; baseline -0.011 -15"><span class='ocrx_word' id='word_1_544' title='bbox 2116 3931 2233 3990; x_wconf 82' lang='grc' dir='ltr'><strong>πῶς</strong></span> <span class='ocrx_word' id='word_1_545' title='bbox 2264 3927 2331 3981; x_wconf 81' lang='grc' dir='ltr'><strong>ἂν</strong></span> <span class='ocrx_word' id='word_1_546' title='bbox 2358 3929 2453 3992; x_wconf 64' lang='grc' dir='ltr'><strong>ἐπὶ</strong></span> <span class='ocrx_word' id='word_1_547' title='bbox 2477 3927 2557 3997; x_wconf 80' lang='grc' dir='ltr'><strong>τῷ</strong></span> <span class='ocrx_word' id='word_1_548' title='bbox 2593 3926 2841 3994; x_wconf 73' lang='grc' dir='ltr'><strong>γεγονότι</strong></span> <span class='ocrx_word' id='word_1_549' title='bbox 2873 3922 3215 3991; x_wconf 73' lang='grc' dir='ltr'><strong>διετέθησαν.</strong></span> <span class='ocrx_word' id='word_1_550' title='bbox 3248 3917 3375 3986; x_wconf 75' lang='lat' dir='ltr'><strong>&#39;Ap’</strong></span> <span class='ocrx_word' id='word_1_551' title='bbox 3399 3914 3519 3984; x_wconf 73' lang='grc' dir='ltr'><strong>οὐχὶ</strong></span> <span class='ocrx_word' id='word_1_552' title='bbox 3571 3912 3688 3964; x_wconf 59' lang='lat' dir='ltr'><strong>nd-</strong></span> 
     </span>
    </p>
   </div>
   <div class='ocr_carea' id='block_1_80' title="bbox 2118 4004 3691 4089">
    <p class='ocr_par' dir='ltr' id='par_1_80' title="bbox 2118 4004 3691 4089">
     <span class='ocr_line' id='line_1_80' title="bbox 2118 4004 3691 4089; baseline -0.014 -13"><span class='ocrx_word' id='word_1_553' title='bbox 2118 4037 2218 4089; x_wconf 90' lang='grc' dir='ltr'><strong>σης</strong></span> <span class='ocrx_word' id='word_1_554' title='bbox 2238 4017 2661 4087; x_wconf 75' lang='grc' dir='ltr'><strong>ἀναπεπλῆσθαι</strong></span> <span class='ocrx_word' id='word_1_555' title='bbox 2689 4016 2866 4085; x_wconf 86' lang='grc' dir='ltr'><strong>λύπης</strong></span> <span class='ocrx_word' id='word_1_556' title='bbox 2898 4011 3055 4067; x_wconf 82' lang='grc' dir='ltr'><strong>εἶπον</strong></span> <span class='ocrx_word' id='word_1_557' title='bbox 3088 4013 3155 4066; x_wconf 81' lang='grc' dir='ltr'><strong>ἂν</strong></span> <span class='ocrx_word' id='word_1_558' title='bbox 3183 4009 3432 4071; x_wconf 64' lang='grc' dir='ltr'><strong>εἰκότως,</strong></span> <span class='ocrx_word' id='word_1_559' title='bbox 3460 4007 3546 4067; x_wconf 81' lang='grc' dir='ltr'><strong>είς</strong></span> <span class='ocrx_word' id='word_1_560' title='bbox 3584 4004 3691 4073; x_wconf 73' lang='grc' dir='ltr'><strong>τὴν</strong></span> 
     </span>
    </p>
   </div>
   <div class='ocr_carea' id='block_1_81' title="bbox 2119 4097 3689 4179">
    <p class='ocr_par' dir='ltr' id='par_1_81' title="bbox 2119 4097 3689 4179">
     <span class='ocr_line' id='line_1_81' title="bbox 2119 4097 3689 4179; baseline -0.011 -16"><span class='ocrx_word' id='word_1_561' title='bbox 2119 4111 2242 4179; x_wconf 84' lang='grc' dir='ltr'><strong>ῐσην</strong></span> <span class='ocrx_word' id='word_1_562' title='bbox 2284 4110 2471 4170; x_wconf 83' lang='grc' dir='ltr'><strong>αὐτοῖς</strong></span> <span class='ocrx_word' id='word_1_563' title='bbox 2502 4108 2659 4173; x_wconf 76' lang='grc' dir='ltr'><strong>τάξιν</strong></span> <span class='ocrx_word' id='word_1_564' title='bbox 2687 4106 3082 4175; x_wconf 72' lang='grc' dir='ltr'><strong>είσφερομένου</strong></span> <span class='ocrx_word' id='word_1_565' title='bbox 3116 4101 3211 4155; x_wconf 81' lang='grc' dir='ltr'><strong>τοῦ</strong></span> <span class='ocrx_word' id='word_1_566' title='bbox 3257 4097 3689 4170; x_wconf 71' lang='grc' dir='ltr'><strong>καθηρημὲνου;</strong></span> 
     </span>
    </p>
   </div>
   <div class='ocr_carea' id='block_1_82' title="bbox 2130 4188 3693 4273">
    <p class='ocr_par' dir='ltr' id='par_1_82' title="bbox 2130 4188 3693 4273">
     <span class='ocr_line' id='line_1_82' title="bbox 2130 4188 3693 4273; baseline -0.012 -14"><span class='ocrx_word' id='word_1_567' title='bbox 2130 4203 2271 4261; x_wconf 79' lang='grc' dir='ltr'><strong>Ἀλλ’</strong></span> <span class='ocrx_word' id='word_1_568' title='bbox 2322 4200 2477 4273; x_wconf 74' lang='grc' dir='ltr'><strong>οἶμαι</strong></span> <span class='ocrx_word' id='word_1_569' title='bbox 2534 4201 2629 4255; x_wconf 83' lang='grc' dir='ltr'><strong>καὶ</strong></span> <span class='ocrx_word' id='word_1_570' title='bbox 2678 4199 2849 4269; x_wconf 78' lang='grc' dir='ltr'><strong>αὐτὴν</strong></span> <span class='ocrx_word' id='word_1_571' title='bbox 2882 4196 3043 4251; x_wconf 80' lang='grc' dir='ltr'><strong>τοῦτο</strong></span> <span class='ocrx_word' id='word_1_572' title='bbox 3096 4192 3388 4248; x_wconf 85' lang='grc' dir='ltr'><strong>πεπεῖσθαι</strong></span> <span class='ocrx_word' id='word_1_573' title='bbox 3433 4191 3536 4258; x_wconf 75' lang='grc' dir='ltr'><strong>τὴν</strong></span> <span class='ocrx_word' id='word_1_574' title='bbox 3586 4188 3693 4258; x_wconf 72' lang='grc' dir='ltr'><strong>σὴν</strong></span> 
     </span>
    </p>
   </div>
   <div class='ocr_carea' id='block_1_83' title="bbox 2118 4282 3696 4362">
    <p class='ocr_par' dir='ltr' id='par_1_83' title="bbox 2118 4282 3696 4362">
     <span class='ocr_line' id='line_1_83' title="bbox 2118 4282 3696 4362; baseline -0.013 -11"><span class='ocrx_word' id='word_1_575' title='bbox 2118 4295 2454 4352; x_wconf 77' lang='grc' dir='ltr'><strong>θεοσέὃειαν.</strong></span> <span class='ocrx_word' id='word_1_576' title='bbox 2503 4293 2596 4351; x_wconf 73' lang='grc' dir='ltr'><strong>Διὸ</strong></span> <span class='ocrx_word' id='word_1_577' title='bbox 2646 4292 2712 4362; x_wconf 78' lang='grc' dir='ltr'><strong>δὴ</strong></span> <span class='ocrx_word' id='word_1_578' title='bbox 2741 4291 2934 4345; x_wconf 66' lang='grc' dir='ltr'><strong>σϐέσον</strong></span> <span class='ocrx_word' id='word_1_579' title='bbox 2962 4289 3148 4351; x_wconf 82' lang='grc' dir='ltr'><strong>αὐτοῖς</strong></span> <span class='ocrx_word' id='word_1_580' title='bbox 3193 4303 3254 4340; x_wconf 82' lang='grc' dir='ltr'><strong>τε</strong></span> <span class='ocrx_word' id='word_1_581' title='bbox 3285 4285 3382 4338; x_wconf 76' lang='grc' dir='ltr'><strong>καὶ</strong></span> <span class='ocrx_word' id='word_1_582' title='bbox 3409 4284 3545 4354; x_wconf 74' lang='grc' dir='ltr'><strong>ἡμῖν</strong></span> <span class='ocrx_word' id='word_1_583' title='bbox 3586 4282 3696 4351; x_wconf 80' lang='grc' dir='ltr'><strong>τῆς</strong></span> 
     </span>
    </p>
   </div>
   <div class='ocr_carea' id='block_1_84' title="bbox 2117 4374 3693 4458">
    <p class='ocr_par' dir='ltr' id='par_1_84' title="bbox 2117 4374 3693 4458">
     <span class='ocr_line' id='line_1_84' title="bbox 2117 4374 3693 4458; baseline -0.01 -15"><span class='ocrx_word' id='word_1_584' title='bbox 2117 4388 2311 4456; x_wconf 77' lang='grc' dir='ltr'><strong>ἀηδίας</strong></span> <span class='ocrx_word' id='word_1_585' title='bbox 2331 4385 2432 4458; x_wconf 81' lang='grc' dir='ltr'><strong>τὴν</strong></span> <span class='ocrx_word' id='word_1_586' title='bbox 2456 4389 2754 4455; x_wconf 75' lang='grc' dir='ltr'><strong>πρόφασιν.</strong></span> <span class='ocrx_word' id='word_1_587' title='bbox 2779 4380 2956 4437; x_wconf 79' lang='grc' dir='ltr'><strong>Λῦσον</strong></span> <span class='ocrx_word' id='word_1_588' title='bbox 2980 4382 3077 4450; x_wconf 80' lang='grc' dir='ltr'><strong>τῆς</strong></span> <span class='ocrx_word' id='word_1_589' title='bbox 3100 4379 3356 4434; x_wconf 76' lang='grc' dir='ltr'><strong>ἁπάντων</strong></span> <span class='ocrx_word' id='word_1_590' title='bbox 3380 4374 3693 4446; x_wconf 76' lang='grc' dir='ltr'><strong>κατηφείας</strong></span> 
     </span>
    </p>
   </div>
   <div class='ocr_carea' id='block_1_85' title="bbox 2117 4463 3691 4549">
    <p class='ocr_par' dir='ltr' id='par_1_85' title="bbox 2117 4463 3691 4549">
     <span class='ocr_line' id='line_1_85' title="bbox 2117 4463 3691 4549; baseline -0.009 -18"><span class='ocrx_word' id='word_1_591' title='bbox 2117 4477 2219 4549; x_wconf 81' lang='grc' dir='ltr'><strong>τὴν</strong></span> <span class='ocrx_word' id='word_1_592' title='bbox 2271 4477 2550 4531; x_wconf 80' lang='grc' dir='ltr'><strong>ὑπόθεσιν.</strong></span> <span class='ocrx_word' id='word_1_593' title='bbox 2601 4473 2676 4525; x_wconf 80' lang='grc' dir='ltr'><strong>Τὸ</strong></span> <span class='ocrx_word' id='word_1_594' title='bbox 2740 4471 2842 4541; x_wconf 68' lang='grc' dir='ltr'><strong>μιν</strong></span> <span class='ocrx_word' id='word_1_595' title='bbox 2894 4471 3004 4539; x_wconf 85' lang='grc' dir='ltr'><strong>γὰρ</strong></span> <span class='ocrx_word' id='word_1_596' title='bbox 3064 4464 3563 4539; x_wconf 78' lang='grc' dir='ltr'><strong>εὐμεταχειρίστως</strong></span> <span class='ocrx_word' id='word_1_597' title='bbox 3618 4463 3691 4517; x_wconf 83' lang='grc' dir='ltr'><strong>τά</strong></span> 
     </span>
    </p>
   </div>
   <div class='ocr_carea' id='block_1_86' title="bbox 445 4546 2010 4638">
    <p class='ocr_par' dir='ltr' id='par_1_86' title="bbox 445 4553 2010 4624">
     <span class='ocr_line' id='line_1_86' title="bbox 445 4553 2010 4624; baseline -0.009 -10"><span class='ocrx_word' id='word_1_598' title='bbox 445 4568 533 4614; x_wconf 85' lang='lat' dir='ltr'><strong>est</strong></span> <span class='ocrx_word' id='word_1_599' title='bbox 567 4557 885 4611; x_wconf 76' lang='lat' dir='ltr'><strong>referatur?</strong></span> <span class='ocrx_word' id='word_1_600' title='bbox 920 4555 1121 4613; x_wconf 79' lang='lat' dir='ltr'><strong>Verum</strong></span> <span class='ocrx_word' id='word_1_601' title='bbox 1166 4553 1221 4610; x_wconf 88' lang='lat' dir='ltr'><strong>id</strong></span> <span class='ocrx_word' id='word_1_602' title='bbox 1253 4553 1442 4624; x_wconf 88' lang='lat' dir='ltr'><strong>pietati</strong></span> <span class='ocrx_word' id='word_1_603' title='bbox 1473 4565 1698 4623; x_wconf 85' lang='lat' dir='ltr'><strong>quoque</strong></span> <span class='ocrx_word' id='word_1_604' title='bbox 1737 4558 1845 4607; x_wconf 79' lang='lat' dir='ltr'><strong>tuae</strong></span> <span class='ocrx_word' id='word_1_605' title='bbox 1882 4560 2010 4616; x_wconf 86' lang='lat' dir='ltr'><strong>per-</strong></span> 
     </span>
    </p>
   </div>
   <div class='ocr_carea' id='block_1_87' title="bbox 2112 4546 3687 4638">
    <p class='ocr_par' dir='ltr' id='par_1_87' title="bbox 2122 4546 3687 4638">
     <span class='ocr_line' id='line_1_87' title="bbox 2122 4546 3687 4638; baseline -0.012 -15"><span class='ocrx_word' id='word_1_606' title='bbox 2122 4546 2587 4638; x_wconf 74' lang='grc' dir='ltr'><strong>καρεμπίπτοντα</strong></span> <span class='ocrx_word' id='word_1_607' title='bbox 2608 4563 2832 4617; x_wconf 72' lang='grc' dir='ltr'><strong>διοικεῖν</strong></span> <span class='ocrx_word' id='word_1_608' title='bbox 2856 4561 3023 4615; x_wconf 77' lang='grc' dir='ltr'><strong>καλὸν</strong></span> <span class='ocrx_word' id='word_1_609' title='bbox 3045 4559 3109 4614; x_wconf 80' lang='grc' dir='ltr'><strong>ἂν</strong></span> <span class='ocrx_word' id='word_1_610' title='bbox 3134 4560 3346 4625; x_wconf 82' lang='grc' dir='ltr'><strong>εῖπθιμι</strong></span> <span class='ocrx_word' id='word_1_611' title='bbox 3376 4557 3473 4609; x_wconf 72' lang='grc' dir='ltr'><strong>καὶ</strong></span> <span class='ocrx_word' id='word_1_612' title='bbox 3501 4554 3687 4622; x_wconf 74' lang='grc' dir='ltr'><strong>σοφόνο</strong></span> 
     </span>
    </p>
   </div>
   <div class='ocr_carea' id='block_1_88' title="bbox 445 4638 2017 4717">
    <p class='ocr_par' dir='ltr' id='par_1_88' title="bbox 445 4638 2017 4717">
     <span class='ocr_line' id='line_1_88' title="bbox 445 4638 2017 4717; baseline -0.006 -14"><span class='ocrx_word' id='word_1_613' title='bbox 445 4663 673 4704; x_wconf 89' lang='lat' dir='ltr'><strong>suasum</strong></span> <span class='ocrx_word' id='word_1_614' title='bbox 718 4662 843 4703; x_wconf 81' lang='lat' dir='ltr'><strong>esse</strong></span> <span class='ocrx_word' id='word_1_615' title='bbox 891 4656 1044 4717; x_wconf 90' lang='lat' dir='ltr'><strong>puto.</strong></span> <span class='ocrx_word' id='word_1_616' title='bbox 1082 4645 1451 4711; x_wconf 83' lang='lat' dir='ltr'><strong>Quamobrem</strong></span> <span class='ocrx_word' id='word_1_617' title='bbox 1496 4652 1554 4699; x_wconf 87' lang='lat' dir='ltr'><strong>et</strong></span> <span class='ocrx_word' id='word_1_618' title='bbox 1605 4642 1715 4715; x_wconf 87' lang='lat' dir='ltr'><strong>illis</strong></span> <span class='ocrx_word' id='word_1_619' title='bbox 1755 4653 1809 4697; x_wconf 88' lang='lat' dir='ltr'><strong>et</strong></span> <span class='ocrx_word' id='word_1_620' title='bbox 1854 4638 2017 4696; x_wconf 90' lang='lat' dir='ltr'><strong>nobis</strong></span> 
     </span>
    </p>
   </div>
   <div class='ocr_carea' id='block_1_89' title="bbox 444 4732 2019 4799">
    <p class='ocr_par' dir='ltr' id='par_1_89' title="bbox 444 4732 2019 4799">
     <span class='ocr_line' id='line_1_89' title="bbox 444 4732 2019 4799; baseline -0.006 -2"><span class='ocrx_word' id='word_1_621' title='bbox 444 4740 706 4797; x_wconf 60' lang='lat' dir='ltr'><strong>maeroris</strong></span> <span class='ocrx_word' id='word_1_622' title='bbox 762 4739 922 4795; x_wconf 86' lang='lat' dir='ltr'><strong>abole</strong></span> <span class='ocrx_word' id='word_1_623' title='bbox 966 4754 1210 4793; x_wconf 88' lang='lat' dir='ltr'><strong>causam.</strong></span> <span class='ocrx_word' id='word_1_624' title='bbox 1262 4737 1421 4793; x_wconf 81' lang='lat' dir='ltr'><strong>Tolle</strong></span> <span class='ocrx_word' id='word_1_625' title='bbox 1475 4735 1726 4799; x_wconf 85' lang='lat' dir='ltr'><strong>omnium</strong></span> <span class='ocrx_word' id='word_1_626' title='bbox 1774 4732 2019 4789; x_wconf 69' lang='lat' dir='ltr'><strong>tristitia:</strong></span> 
     </span>
    </p>
   </div>
   <div class='ocr_carea' id='block_1_90' title="bbox 445 4828 2018 4899">
    <p class='ocr_par' dir='ltr' id='par_1_90' title="bbox 445 4828 2018 4899">
     <span class='ocr_line' id='line_1_90' title="bbox 445 4828 2018 4899; baseline -0.006 -8"><span class='ocrx_word' id='word_1_627' title='bbox 445 4837 824 4891; x_wconf 78' lang='lat' dir='ltr'><strong>occasionem.</strong></span> <span class='ocrx_word' id='word_1_628' title='bbox 848 4831 985 4887; x_wconf 87' lang='lat' dir='ltr'><strong>Nam</strong></span> <span class='ocrx_word' id='word_1_629' title='bbox 1018 4830 1180 4885; x_wconf 84' lang='lat' dir='ltr'><strong>facile</strong></span> <span class='ocrx_word' id='word_1_630' title='bbox 1203 4840 1260 4886; x_wconf 91' lang='lat' dir='ltr'><strong>et</strong></span> <span class='ocrx_word' id='word_1_631' title='bbox 1278 4828 1533 4899; x_wconf 79' lang='lat' dir='ltr'><strong>expedite</strong></span> <span class='ocrx_word' id='word_1_632' title='bbox 1567 4843 1633 4884; x_wconf 90' lang='lat' dir='ltr'><strong>ea</strong></span> <span class='ocrx_word' id='word_1_633' title='bbox 1662 4842 1786 4898; x_wconf 70' lang='lat' dir='ltr'><strong>quae</strong></span> <span class='ocrx_word' id='word_1_634' title='bbox 1816 4834 2018 4895; x_wconf 82' lang='lat' dir='ltr'><strong>praeter</strong></span> 
     </span>
    </p>
   </div>
   <div class='ocr_carea' id='block_1_91' title="bbox 449 4920 2012 4997">
    <p class='ocr_par' dir='ltr' id='par_1_91' title="bbox 449 4920 2012 4997">
     <span class='ocr_line' id='line_1_91' title="bbox 449 4920 2012 4997; baseline -0.005 -16"><span class='ocrx_word' id='word_1_635' title='bbox 449 4926 770 4997; x_wconf 88' lang='lat' dir='ltr'><strong>opinionem</strong></span> <span class='ocrx_word' id='word_1_636' title='bbox 825 4924 1110 4985; x_wconf 86' lang='lat' dir='ltr'><strong>accidunt.</strong></span> <span class='ocrx_word' id='word_1_637' title='bbox 1146 4922 1442 4993; x_wconf 89' lang='lat' dir='ltr'><strong>disponere</strong></span> <span class='ocrx_word' id='word_1_638' title='bbox 1494 4933 1551 4976; x_wconf 91' lang='lat' dir='ltr'><strong>et</strong></span> <span class='ocrx_word' id='word_1_639' title='bbox 1601 4920 2012 4989; x_wconf 83' lang='lat' dir='ltr'><strong>administrare,</strong></span> 
     </span>
    </p>
   </div>
   <div class='ocr_carea' id='block_1_92' title="bbox 450 5008 2015 5089">
    <p class='ocr_par' dir='ltr' id='par_1_92' title="bbox 450 5008 2015 5089">
     <span class='ocr_line' id='line_1_92' title="bbox 450 5008 2015 5089; baseline -0.008 -13"><span class='ocrx_word' id='word_1_640' title='bbox 450 5020 583 5077; x_wconf 84' lang='lat' dir='ltr'><strong>boni</strong></span> <span class='ocrx_word' id='word_1_641' title='bbox 612 5030 669 5075; x_wconf 90' lang='lat' dir='ltr'><strong>et</strong></span> <span class='ocrx_word' id='word_1_642' title='bbox 698 5018 969 5089; x_wconf 84' lang='lat' dir='ltr'><strong>sapientis</strong></span> <span class='ocrx_word' id='word_1_643' title='bbox 1002 5031 1125 5072; x_wconf 87' lang='lat' dir='ltr'><strong>esse</strong></span> <span class='ocrx_word' id='word_1_644' title='bbox 1160 5016 1394 5081; x_wconf 70' lang='lat' dir='ltr'><strong>dixerim</strong></span> <span class='ocrx_word' id='word_1_645' title='bbox 1432 5034 1446 5070; x_wconf 90' lang='lat'><strong>:</strong></span> <span class='ocrx_word' id='word_1_646' title='bbox 1495 5015 1591 5071; x_wconf 81' lang='lat' dir='ltr'><strong>sed</strong></span> <span class='ocrx_word' id='word_1_647' title='bbox 1624 5024 1739 5071; x_wconf 91' lang='lat' dir='ltr'><strong>tum</strong></span> <span class='ocrx_word' id='word_1_648' title='bbox 1771 5008 2015 5076; x_wconf 87' lang='lat' dir='ltr'><strong>demum,</strong></span> 
     </span>
    </p>
   </div>
   <div class='ocr_carea' id='block_1_93' title="bbox 448 5103 2020 5174">
    <p class='ocr_par' dir='ltr' id='par_1_93' title="bbox 448 5103 2020 5174">
     <span class='ocr_line' id='line_1_93' title="bbox 448 5103 2020 5174; baseline -0.006 -6"><span class='ocrx_word' id='word_1_649' title='bbox 448 5129 575 5169; x_wconf 89' lang='lat' dir='ltr'><strong>cum</strong></span> <span class='ocrx_word' id='word_1_650' title='bbox 606 5111 743 5167; x_wconf 90' lang='lat' dir='ltr'><strong>nihil</strong></span> <span class='ocrx_word' id='word_1_651' title='bbox 776 5111 1099 5166; x_wconf 86' lang='lat' dir='ltr'><strong>detrimenti</strong></span> <span class='ocrx_word' id='word_1_652' title='bbox 1136 5108 1349 5165; x_wconf 70' lang='lat' dir='ltr'><strong>aderat.</strong></span> <span class='ocrx_word' id='word_1_653' title='bbox 1395 5109 1519 5164; x_wconf 87' lang='lat' dir='ltr'><strong>Non</strong></span> <span class='ocrx_word' id='word_1_654' title='bbox 1558 5108 1730 5174; x_wconf 89' lang='lat' dir='ltr'><strong>enim,</strong></span> <span class='ocrx_word' id='word_1_655' title='bbox 1767 5103 2020 5174; x_wconf 84' lang='lat' dir='ltr'><strong>quamvis</strong></span> 
     </span>
    </p>
   </div>
   <div class='ocr_carea' id='block_1_94' title="bbox 447 5195 2019 5277">
    <p class='ocr_par' dir='ltr' id='par_1_94' title="bbox 447 5195 2019 5277">
     <span class='ocr_line' id='line_1_94' title="bbox 447 5195 2019 5277; baseline -0.007 -18"><span class='ocrx_word' id='word_1_656' title='bbox 447 5222 671 5277; x_wconf 83' lang='lat' dir='ltr'><strong>gregem</strong></span> <span class='ocrx_word' id='word_1_657' title='bbox 719 5203 927 5258; x_wconf 85' lang='lat' dir='ltr'><strong>Christi</strong></span> <span class='ocrx_word' id='word_1_658' title='bbox 963 5217 1284 5273; x_wconf 71' lang='lat' dir='ltr'><strong>propagare,</strong></span> <span class='ocrx_word' id='word_1_659' title='bbox 1318 5201 1867 5270; x_wconf 86' lang='lat' dir='ltr'><strong>frequentioremque</strong></span> <span class='ocrx_word' id='word_1_660' title='bbox 1904 5195 2019 5257; x_wconf 75' lang='lat' dir='ltr'><strong>elli-</strong></span> 
     </span>
    </p>
   </div>
   <div class='ocr_carea' id='block_1_95' title="bbox 449 5291 2019 5363">
    <p class='ocr_par' dir='ltr' id='par_1_95' title="bbox 449 5291 2019 5363">
     <span class='ocr_line' id='line_1_95' title="bbox 449 5291 2019 5363; baseline -0.008 -9"><span class='ocrx_word' id='word_1_661' title='bbox 449 5314 578 5355; x_wconf 85' lang='lat' dir='ltr'><strong>cere</strong></span> <span class='ocrx_word' id='word_1_662' title='bbox 622 5297 968 5363; x_wconf 85' lang='lat' dir='ltr'><strong>studeamus,</strong></span> <span class='ocrx_word' id='word_1_663' title='bbox 1011 5296 1267 5353; x_wconf 74' lang='lat' dir='ltr'><strong>exaruiua</strong></span> <span class='ocrx_word' id='word_1_664' title='bbox 1313 5295 1628 5356; x_wconf 70' lang='lat' dir='ltr'><strong>lueresium,</strong></span> <span class='ocrx_word' id='word_1_665' title='bbox 1683 5291 1729 5351; x_wconf 90' lang='lat' dir='ltr'><strong>si</strong></span> <span class='ocrx_word' id='word_1_666' title='bbox 1771 5302 2019 5344; x_wconf 89' lang='lat' dir='ltr'><strong>errorem</strong></span> 
     </span>
    </p>
   </div>
   <div class='ocr_carea' id='block_1_96' title="bbox 449 5384 2020 5460">
    <p class='ocr_par' dir='ltr' id='par_1_96' title="bbox 449 5384 2020 5460">
     <span class='ocr_line' id='line_1_96' title="bbox 449 5384 2020 5460; baseline -0.006 -15"><span class='ocrx_word' id='word_1_667' title='bbox 449 5406 611 5445; x_wconf 86' lang='lat' dir='ltr'><strong>suum</strong></span> <span class='ocrx_word' id='word_1_668' title='bbox 655 5406 765 5444; x_wconf 90' lang='lat' dir='ltr'><strong>non</strong></span> <span class='ocrx_word' id='word_1_669' title='bbox 814 5389 1133 5460; x_wconf 81' lang='lat' dir='ltr'><strong>repudient,</strong></span> <span class='ocrx_word' id='word_1_670' title='bbox 1174 5389 1493 5458; x_wconf 77' lang='lat' dir='ltr'><strong>recipimus.</strong></span> <span class='ocrx_word' id='word_1_671' title='bbox 1526 5386 1593 5440; x_wconf 87' lang='lat' dir='ltr'><strong>Et</strong></span> <span class='ocrx_word' id='word_1_672' title='bbox 1629 5384 1859 5455; x_wconf 89' lang='lat' dir='ltr'><strong>proinde</strong></span> <span class='ocrx_word' id='word_1_673' title='bbox 1908 5395 2020 5439; x_wconf 87' lang='lat' dir='ltr'><strong>non</strong></span> 
     </span>
    </p>
   </div>
   <div class='ocr_carea' id='block_1_97' title="bbox 451 5473 2018 5551">
    <p class='ocr_par' dir='ltr' id='par_1_97' title="bbox 451 5473 2018 5551">
     <span class='ocr_line' id='line_1_97' title="bbox 451 5473 2018 5551; baseline -0.006 -17"><span class='ocrx_word' id='word_1_674' title='bbox 451 5479 681 5534; x_wconf 83' lang='lat' dir='ltr'><strong>otnnino</strong></span> <span class='ocrx_word' id='word_1_675' title='bbox 729 5490 984 5551; x_wconf 87' lang='lat' dir='ltr'><strong>prompta</strong></span> <span class='ocrx_word' id='word_1_676' title='bbox 1036 5479 1279 5551; x_wconf 89' lang='lat' dir='ltr'><strong>quadam</strong></span> <span class='ocrx_word' id='word_1_677' title='bbox 1335 5476 1749 5546; x_wconf 85' lang='lat' dir='ltr'><strong>dispensatione</strong></span> <span class='ocrx_word' id='word_1_678' title='bbox 1802 5473 2018 5527; x_wconf 87' lang='lat' dir='ltr'><strong>facilem</strong></span> 
     </span>
    </p>
   </div>
   <div class='ocr_carea' id='block_1_98' title="bbox 450 5568 2021 5651">
    <p class='ocr_par' dir='ltr' id='par_1_98' title="bbox 450 5568 2021 5651">
     <span class='ocr_line' id='line_1_98' title="bbox 450 5568 2021 5651; baseline -0.007 -20"><span class='ocrx_word' id='word_1_679' title='bbox 450 5569 685 5651; x_wconf 74' lang='lat' dir='ltr'><strong>cumeis</strong></span> <span class='ocrx_word' id='word_1_680' title='bbox 709 5575 1001 5646; x_wconf 87' lang='lat' dir='ltr'><strong>complecti</strong></span> <span class='ocrx_word' id='word_1_681' title='bbox 1037 5589 1226 5644; x_wconf 85' lang='lat' dir='ltr'><strong>pacem</strong></span> <span class='ocrx_word' id='word_1_682' title='bbox 1261 5571 1550 5634; x_wconf 84' lang='lat' dir='ltr'><strong>debemus,</strong></span> <span class='ocrx_word' id='word_1_683' title='bbox 1586 5568 1856 5623; x_wconf 78' lang='lat' dir='ltr'><strong>adversus</strong></span> <span class='ocrx_word' id='word_1_684' title='bbox 1880 5580 2021 5635; x_wconf 82' lang='lat' dir='ltr'><strong>quos</strong></span> 
     </span>
    </p>
   </div>
   <div class='ocr_carea' id='block_1_99' title="bbox 450 5650 2022 5737">
    <p class='ocr_par' dir='ltr' id='par_1_99' title="bbox 450 5650 2022 5737">
     <span class='ocr_line' id='line_1_99' title="bbox 450 5650 2022 5737; baseline -0.006 -17"><span class='ocrx_word' id='word_1_685' title='bbox 450 5650 701 5737; x_wconf 75' lang='lat' dir='ltr'><strong>pugnare</strong></span> <span class='ocrx_word' id='word_1_686' title='bbox 726 5677 969 5737; x_wconf 58' lang='lat' dir='ltr'><strong>praestet.</strong></span> <span class='ocrx_word' id='word_1_687' title='bbox 996 5664 1436 5736; x_wconf 86' lang='lat' dir='ltr'><strong>Dispensationis</strong></span> <span class='ocrx_word' id='word_1_688' title='bbox 1463 5678 1597 5717; x_wconf 87' lang='lat' dir='ltr'><strong>sane</strong></span> <span class='ocrx_word' id='word_1_689' title='bbox 1622 5660 1858 5714; x_wconf 81' lang='lat' dir='ltr'><strong>laudata:</strong></span> <span class='ocrx_word' id='word_1_690' title='bbox 1879 5674 2022 5727; x_wconf 89' lang='lat' dir='ltr'><strong>opus</strong></span> 
     </span>
    </p>
   </div>
   <div class='ocr_carea' id='block_1_100' title="bbox 449 5745 2022 5831">
    <p class='ocr_par' dir='ltr' id='par_1_100' title="bbox 449 5745 2022 5831">
     <span class='ocr_line' id='line_1_100' title="bbox 449 5745 2022 5831; baseline -0.005 -18"><span class='ocrx_word' id='word_1_691' title='bbox 449 5760 640 5825; x_wconf 87' lang='lat' dir='ltr'><strong>fuerit,</strong></span> <span class='ocrx_word' id='word_1_692' title='bbox 662 5745 720 5815; x_wconf 38' lang='lat' dir='ltr'><strong>“si</strong></span> <span class='ocrx_word' id='word_1_693' title='bbox 754 5759 1089 5831; x_wconf 87' lang='lat' dir='ltr'><strong>quandoque</strong></span> <span class='ocrx_word' id='word_1_694' title='bbox 1111 5760 1183 5812; x_wconf 90' lang='lat' dir='ltr'><strong>ita</strong></span> <span class='ocrx_word' id='word_1_695' title='bbox 1216 5775 1246 5812; x_wconf 88' lang='lat' dir='ltr'><strong>a</strong></span> <span class='ocrx_word' id='word_1_696' title='bbox 1274 5757 1456 5811; x_wconf 87' lang='lat' dir='ltr'><strong>debita</strong></span> <span class='ocrx_word' id='word_1_697' title='bbox 1485 5756 1698 5810; x_wconf 85' lang='lat' dir='ltr'><strong>ratione</strong></span> <span class='ocrx_word' id='word_1_698' title='bbox 1724 5752 2022 5805; x_wconf 80' lang='lat' dir='ltr'><strong>deﬂectere</strong></span> 
     </span>
    </p>
   </div>
   <div class='ocr_carea' id='block_1_101' title="bbox 453 5841 2024 5917">
    <p class='ocr_par' dir='ltr' id='par_1_101' title="bbox 453 5841 2024 5917">
     <span class='ocr_line' id='line_1_101' title="bbox 453 5841 2024 5917; baseline -0.011 -5"><span class='ocrx_word' id='word_1_699' title='bbox 453 5852 764 5917; x_wconf 68' lang='lat' dir='ltr'><strong>videamur.</strong></span> <span class='ocrx_word' id='word_1_700' title='bbox 802 5862 863 5907; x_wconf 92' lang='lat' dir='ltr'><strong>ut</strong></span> <span class='ocrx_word' id='word_1_701' title='bbox 904 5850 959 5906; x_wconf 93' lang='lat' dir='ltr'><strong>iu</strong></span> <span class='ocrx_word' id='word_1_702' title='bbox 1010 5848 1181 5906; x_wconf 85' lang='lat' dir='ltr'><strong>rebus</strong></span> <span class='ocrx_word' id='word_1_703' title='bbox 1219 5847 1449 5904; x_wconf 86' lang='lat' dir='ltr'><strong>utilibus</strong></span> <span class='ocrx_word' id='word_1_704' title='bbox 1480 5855 1536 5901; x_wconf 87' lang='lat' dir='ltr'><strong>et</strong></span> <span class='ocrx_word' id='word_1_705' title='bbox 1581 5842 1888 5902; x_wconf 85' lang='lat' dir='ltr'><strong>commodis</strong></span> <span class='ocrx_word' id='word_1_706' title='bbox 1931 5841 2024 5897; x_wconf 87' lang='lat' dir='ltr'><strong>de-</strong></span> 
     </span>
    </p>
   </div>
   <div class='ocr_carea' id='block_1_102' title="bbox 2119 4645 3694 4724">
    <p class='ocr_par' dir='ltr' id='par_1_102' title="bbox 2119 4645 3694 4724">
     <span class='ocr_line' id='line_1_102' title="bbox 2119 4645 3694 4724; baseline -0.009 -13"><span class='ocrx_word' id='word_1_707' title='bbox 2119 4660 2241 4712; x_wconf 84' lang='grc' dir='ltr'><strong>τότε</strong></span> <span class='ocrx_word' id='word_1_708' title='bbox 2277 4657 2324 4711; x_wconf 83' lang='grc' dir='ltr'><strong>δ’</strong></span> <span class='ocrx_word' id='word_1_709' title='bbox 2344 4657 2498 4710; x_wconf 75' lang='grc' dir='ltr'><strong>ἐσται</strong></span> <span class='ocrx_word' id='word_1_710' title='bbox 2529 4655 2718 4724; x_wconf 78' lang='grc' dir='ltr'><strong>σοφὸν,</strong></span> <span class='ocrx_word' id='word_1_711' title='bbox 2748 4656 2816 4707; x_wconf 82' lang='grc' dir='ltr'><strong>ἂν</strong></span> <span class='ocrx_word' id='word_1_712' title='bbox 2847 4653 2922 4723; x_wconf 79' lang='grc' dir='ltr'><strong>μή</strong></span> <span class='ocrx_word' id='word_1_713' title='bbox 2953 4669 3007 4705; x_wconf 86' lang='grc' dir='ltr'><strong>τι</strong></span> <span class='ocrx_word' id='word_1_714' title='bbox 3038 4650 3235 4719; x_wconf 78' lang='grc' dir='ltr'><strong>βλάδος</strong></span> <span class='ocrx_word' id='word_1_715' title='bbox 3264 4649 3497 4717; x_wconf 71' lang='grc' dir='ltr'><strong>εἰσφέρῃ</strong></span> <span class='ocrx_word' id='word_1_716' title='bbox 3518 4662 3534 4677; x_wconf 75' lang='grc'><strong>’</strong></span> <span class='ocrx_word' id='word_1_717' title='bbox 3567 4645 3694 4699; x_wconf 78' lang='grc' dir='ltr'><strong>οὑδέ</strong></span> 
     </span>
    </p>
   </div>
   <div class='ocr_carea' id='block_1_103' title="bbox 2120 4738 3705 4820">
    <p class='ocr_par' dir='ltr' id='par_1_103' title="bbox 2120 4738 3705 4820">
     <span class='ocr_line' id='line_1_103' title="bbox 2120 4738 3705 4820; baseline -0.009 -18"><span class='ocrx_word' id='word_1_718' title='bbox 2120 4748 2230 4820; x_wconf 88' lang='grc' dir='ltr'><strong>γάρ</strong></span> <span class='ocrx_word' id='word_1_719' title='bbox 2262 4747 2563 4818; x_wconf 76' lang='grc' dir='ltr'><strong>ἐπειδήπερ</strong></span> <span class='ocrx_word' id='word_1_720' title='bbox 2606 4743 2830 4815; x_wconf 79' lang='grc' dir='ltr'><strong>μείζονα</strong></span> <span class='ocrx_word' id='word_1_721' title='bbox 2874 4743 2973 4813; x_wconf 72' lang='grc' dir='ltr'><strong>τὴν</strong></span> <span class='ocrx_word' id='word_1_722' title='bbox 3005 4740 3242 4811; x_wconf 79' lang='grc' dir='ltr'><strong>Χριστοῦ</strong></span> <span class='ocrx_word' id='word_1_723' title='bbox 3290 4741 3531 4807; x_wconf 81' lang='grc' dir='ltr'><strong>ποίμνην</strong></span> <span class='ocrx_word' id='word_1_724' title='bbox 3553 4738 3705 4811; x_wconf 25' lang='grc' dir='ltr'><strong>ἀπο-υ</strong></span> 
     </span>
    </p>
   </div>
   <div class='ocr_carea' id='block_1_104' title="bbox 2118 4828 3695 4909">
    <p class='ocr_par' dir='ltr' id='par_1_104' title="bbox 2118 4828 3695 4909">
     <span class='ocr_line' id='line_1_104' title="bbox 2118 4828 3695 4909; baseline -0.01 -16"><span class='ocrx_word' id='word_1_725' title='bbox 2118 4834 2425 4909; x_wconf 81' lang='grc' dir='ltr'><strong>τελοῦμεν,</strong></span> <span class='ocrx_word' id='word_1_726' title='bbox 2476 4838 2603 4898; x_wconf 76' lang='grc' dir='ltr'><strong>τοὺς</strong></span> <span class='ocrx_word' id='word_1_727' title='bbox 2674 4836 2735 4889; x_wconf 74' lang='grc' dir='ltr'><strong>ιν</strong></span> <span class='ocrx_word' id='word_1_728' title='bbox 2787 4836 2910 4894; x_wconf 84' lang='grc' dir='ltr'><strong>ταῖς</strong></span> <span class='ocrx_word' id='word_1_729' title='bbox 2969 4833 3217 4903; x_wconf 81' lang='grc' dir='ltr'><strong>αἱρέσεσι</strong></span> <span class='ocrx_word' id='word_1_730' title='bbox 3284 4828 3695 4896; x_wconf 74' lang='grc' dir='ltr'><strong>προσλαϐόντες</strong></span> 
     </span>
    </p>
   </div>
   <div class='ocr_carea' id='block_1_105' title="bbox 2121 4920 3696 5002">
    <p class='ocr_par' dir='ltr' id='par_1_105' title="bbox 2121 4920 3696 5002">
     <span class='ocr_line' id='line_1_105' title="bbox 2121 4920 3696 5002; baseline -0.011 -15"><span class='ocrx_word' id='word_1_731' title='bbox 2121 4932 2345 5002; x_wconf 79' lang='grc' dir='ltr'><strong>ἐσμοὺς,</strong></span> <span class='ocrx_word' id='word_1_732' title='bbox 2379 4930 2471 4983; x_wconf 79' lang='grc' dir='ltr'><strong>καὶ</strong></span> <span class='ocrx_word' id='word_1_733' title='bbox 2523 4929 2574 4982; x_wconf 81' lang='grc' dir='ltr'><strong>εί</strong></span> <span class='ocrx_word' id='word_1_734' title='bbox 2623 4928 2723 4997; x_wconf 82' lang='grc' dir='ltr'><strong>τῆς</strong></span> <span class='ocrx_word' id='word_1_735' title='bbox 2754 4928 2962 4989; x_wconf 78' lang='grc' dir='ltr'><strong>οἰκείας</strong></span> <span class='ocrx_word' id='word_1_736' title='bbox 3010 4925 3087 4994; x_wconf 81' lang='grc' dir='ltr'><strong>μὴ</strong></span> <span class='ocrx_word' id='word_1_737' title='bbox 3127 4921 3415 4993; x_wconf 78' lang='grc' dir='ltr'><strong>μεταθιῖεν</strong></span> <span class='ocrx_word' id='word_1_738' title='bbox 3452 4920 3696 4987; x_wconf 78' lang='grc' dir='ltr'><strong>πλάνης,</strong></span> 
     </span>
    </p>
   </div>
   <div class='ocr_carea' id='block_1_106' title="bbox 2119 5012 3702 5091">
    <p class='ocr_par' dir='ltr' id='par_1_106' title="bbox 2119 5012 3702 5091">
     <span class='ocr_line' id='line_1_106' title="bbox 2119 5012 3702 5091; baseline -0.009 -15"><span class='ocrx_word' id='word_1_739' title='bbox 2119 5021 2210 5078; x_wconf 81' lang='grc' dir='ltr'><strong>διὰ</strong></span> <span class='ocrx_word' id='word_1_740' title='bbox 2233 5020 2399 5075; x_wconf 80' lang='grc' dir='ltr'><strong>τοῦτο</strong></span> <span class='ocrx_word' id='word_1_741' title='bbox 2415 5019 2520 5091; x_wconf 79' lang='grc' dir='ltr'><strong>χρὴ</strong></span> <span class='ocrx_word' id='word_1_742' title='bbox 2552 5018 2768 5080; x_wconf 79' lang='grc' dir='ltr'><strong>πάντως</strong></span> <span class='ocrx_word' id='word_1_743' title='bbox 2793 5017 3143 5085; x_wconf 74' lang='grc' dir='ltr'><strong>οἰκονομικήν</strong></span> <span class='ocrx_word' id='word_1_744' title='bbox 3168 5031 3290 5068; x_wconf 88' lang='grc' dir='ltr'><strong>τινα</strong></span> <span class='ocrx_word' id='word_1_745' title='bbox 3315 5013 3408 5066; x_wconf 85' lang='grc' dir='ltr'><strong>καὶ</strong></span> <span class='ocrx_word' id='word_1_746' title='bbox 3430 5014 3536 5065; x_wconf 87' lang='grc' dir='ltr'><strong>ἀπε</strong></span> <span class='ocrx_word' id='word_1_747' title='bbox 3546 5012 3702 5081; x_wconf 77' lang='grc' dir='ltr'><strong>ριέρ-</strong></span> 
     </span>
    </p>
   </div>
   <div class='ocr_carea' id='block_1_107' title="bbox 2122 5105 3693 5182">
    <p class='ocr_par' dir='ltr' id='par_1_107' title="bbox 2122 5105 3693 5182">
     <span class='ocr_line' id='line_1_107' title="bbox 2122 5105 3693 5182; baseline -0.01 -14"><span class='ocrx_word' id='word_1_748' title='bbox 2122 5131 2326 5181; x_wconf 86' lang='grc' dir='ltr'><strong>γαστον</strong></span> <span class='ocrx_word' id='word_1_749' title='bbox 2355 5114 2577 5182; x_wconf 75' lang='grc' dir='ltr'><strong>εἰρήνην</strong></span> <span class='ocrx_word' id='word_1_750' title='bbox 2608 5107 2976 5175; x_wconf 77' lang='grc' dir='ltr'><strong>ἀσπάζεσθαι,</strong></span> <span class='ocrx_word' id='word_1_751' title='bbox 3002 5109 3135 5177; x_wconf 66' lang='grc' dir='ltr'><strong>πρὸς</strong></span> <span class='ocrx_word' id='word_1_752' title='bbox 3160 5107 3252 5171; x_wconf 78' lang='grc' dir='ltr'><strong>οὓς</strong></span> <span class='ocrx_word' id='word_1_753' title='bbox 3280 5111 3395 5160; x_wconf 72' lang='grc' dir='ltr'><strong>ἐστι</strong></span> <span class='ocrx_word' id='word_1_754' title='bbox 3420 5105 3693 5176; x_wconf 80' lang='grc' dir='ltr'><strong>κρείττων</strong></span> 
     </span>
    </p>
   </div>
   <div class='ocr_carea' id='block_1_108' title="bbox 2122 5198 3691 5277">
    <p class='ocr_par' dir='ltr' id='par_1_108' title="bbox 2122 5198 3691 5277">
     <span class='ocr_line' id='line_1_108' title="bbox 2122 5198 3691 5277; baseline -0.01 -16"><span class='ocrx_word' id='word_1_755' title='bbox 2122 5209 2160 5276; x_wconf 79' lang='grc' dir='ltr'>ἡ</span> <span class='ocrx_word' id='word_1_756' title='bbox 2196 5208 2368 5277; x_wconf 80' lang='grc' dir='ltr'><strong>μάχη.</strong></span> <span class='ocrx_word' id='word_1_757' title='bbox 2402 5206 2601 5275; x_wconf 80' lang='grc' dir='ltr'><strong>Ἔργον</strong></span> <span class='ocrx_word' id='word_1_758' title='bbox 2643 5202 2701 5257; x_wconf 67' lang='grc' dir='ltr'><strong>δὲ</strong></span> <span class='ocrx_word' id='word_1_759' title='bbox 2739 5204 2906 5264; x_wconf 78' lang='grc' dir='ltr'><strong>ὅντως</strong></span> <span class='ocrx_word' id='word_1_760' title='bbox 2933 5202 3246 5270; x_wconf 76' lang='grc' dir='ltr'><strong>οἰκονομίας</strong></span> <span class='ocrx_word' id='word_1_761' title='bbox 3275 5200 3392 5251; x_wconf 69' lang='grc' dir='ltr'><strong>ἐστὶ</strong></span> <span class='ocrx_word' id='word_1_762' title='bbox 3422 5198 3483 5250; x_wconf 78' lang='grc' dir='ltr'><strong>τὸ</strong></span> <span class='ocrx_word' id='word_1_763' title='bbox 3510 5198 3691 5249; x_wconf 77' lang='grc' dir='ltr'><strong>δοκεῖν</strong></span> 
     </span>
    </p>
   </div>
   <div class='ocr_carea' id='block_1_109' title="bbox 2123 5287 3690 5366">
    <p class='ocr_par' dir='ltr' id='par_1_109' title="bbox 2123 5287 3690 5366">
     <span class='ocr_line' id='line_1_109' title="bbox 2123 5287 3690 5366; baseline -0.009 -13"><span class='ocrx_word' id='word_1_764' title='bbox 2123 5300 2234 5361; x_wconf 76' lang='grc' dir='ltr'><strong>ἐσθ’</strong></span> <span class='ocrx_word' id='word_1_765' title='bbox 2268 5301 2356 5352; x_wconf 74' lang='grc' dir='ltr'><strong>ὅτε</strong></span> <span class='ocrx_word' id='word_1_766' title='bbox 2381 5296 2556 5366; x_wconf 83' lang='grc' dir='ltr'><strong>βραχύ</strong></span> <span class='ocrx_word' id='word_1_767' title='bbox 2586 5312 2639 5347; x_wconf 88' lang='grc' dir='ltr'><strong>τι</strong></span> <span class='ocrx_word' id='word_1_768' title='bbox 2675 5294 2780 5347; x_wconf 81' lang='grc' dir='ltr'><strong>ποῦ</strong></span> <span class='ocrx_word' id='word_1_769' title='bbox 2811 5295 3114 5363; x_wconf 81' lang='grc' dir='ltr'><strong>πρέποντος</strong></span> <span class='ocrx_word' id='word_1_770' title='bbox 3154 5289 3468 5354; x_wconf 76' lang='grc' dir='ltr'><strong>ἐξίστασθαι</strong></span> <span class='ocrx_word' id='word_1_771' title='bbox 3500 5287 3690 5355; x_wconf 82' lang='grc' dir='ltr'><strong>λόγου,</strong></span> 
     </span>
    </p>
   </div>
   <div class='ocr_carea' id='block_1_110' title="bbox 2126 5377 3697 5460">
    <p class='ocr_par' dir='ltr' id='par_1_110' title="bbox 2126 5377 3697 5460">
     <span class='ocr_line' id='line_1_110' title="bbox 2126 5377 3697 5460; baseline -0.009 -18"><span class='ocrx_word' id='word_1_772' title='bbox 2126 5389 2265 5460; x_wconf 82' lang='grc' dir='ltr'><strong>μετά</strong></span> <span class='ocrx_word' id='word_1_773' title='bbox 2305 5386 2401 5439; x_wconf 81' lang='grc' dir='ltr'><strong>τοῦ</strong></span> <span class='ocrx_word' id='word_1_774' title='bbox 2430 5387 2529 5454; x_wconf 80' lang='grc' dir='ltr'><strong>τὴν</strong></span> <span class='ocrx_word' id='word_1_775' title='bbox 2575 5387 2633 5438; x_wconf 81' lang='grc' dir='ltr'><strong>ἐν</strong></span> <span class='ocrx_word' id='word_1_776' title='bbox 2678 5386 2792 5446; x_wconf 88' lang='grc' dir='ltr'><strong>τοῖς</strong></span> <span class='ocrx_word' id='word_1_777' title='bbox 2828 5383 3124 5454; x_wconf 80' lang='grc' dir='ltr'><strong>χρησίμοις</strong></span> <span class='ocrx_word' id='word_1_778' title='bbox 3174 5378 3563 5451; x_wconf 83' lang='grc' dir='ltr'><strong>παραιτεῖσθαι</strong></span> <span class='ocrx_word' id='word_1_779' title='bbox 3593 5377 3697 5448; x_wconf 74' lang='grc' dir='ltr'><strong>ζη-</strong></span> 
     </span>
    </p>
   </div>
   <div class='ocr_carea' id='block_1_111' title="bbox 2126 5469 3699 5550">
    <p class='ocr_par' dir='ltr' id='par_1_111' title="bbox 2126 5469 3699 5550">
     <span class='ocr_line' id='line_1_111' title="bbox 2126 5469 3699 5550; baseline -0.006 -19"><span class='ocrx_word' id='word_1_780' title='bbox 2126 5481 2278 5550; x_wconf 86' lang='grc' dir='ltr'><strong>μίαν.</strong></span> <span class='ocrx_word' id='word_1_781' title='bbox 2313 5476 2470 5530; x_wconf 74' lang='grc' dir='ltr'><strong>Ούτω</strong></span> <span class='ocrx_word' id='word_1_782' title='bbox 2505 5477 2598 5528; x_wconf 79' lang='grc' dir='ltr'><strong>καὶ</strong></span> <span class='ocrx_word' id='word_1_783' title='bbox 2626 5476 2654 5528; x_wconf 86' lang='grc' dir='ltr'>ὀ</span> <span class='ocrx_word' id='word_1_784' title='bbox 2687 5475 2959 5545; x_wconf 81' lang='grc' dir='ltr'><strong>μακάριος</strong></span> <span class='ocrx_word' id='word_1_785' title='bbox 2991 5473 3205 5534; x_wconf 82' lang='grc' dir='ltr'><strong>Παῦλος</strong></span> <span class='ocrx_word' id='word_1_786' title='bbox 3231 5473 3343 5534; x_wconf 88' lang='grc' dir='ltr'><strong>τοῖς</strong></span> <span class='ocrx_word' id='word_1_787' title='bbox 3378 5472 3550 5523; x_wconf 78' lang='grc' dir='ltr'><strong>πᾶσιν</strong></span> <span class='ocrx_word' id='word_1_788' title='bbox 3578 5469 3699 5537; x_wconf 80' lang='grc' dir='ltr'><strong>ἐγι-</strong></span> 
     </span>
    </p>
   </div>
   <div class='ocr_carea' id='block_1_112' title="bbox 2123 5560 3693 5638">
    <p class='ocr_par' dir='ltr' id='par_1_112' title="bbox 2123 5560 3693 5638">
     <span class='ocr_line' id='line_1_112' title="bbox 2123 5560 3693 5638; baseline -0.008 -15"><span class='ocrx_word' id='word_1_789' title='bbox 2123 5588 2245 5624; x_wconf 85' lang='grc' dir='ltr'><strong>νετο</strong></span> <span class='ocrx_word' id='word_1_790' title='bbox 2267 5569 2446 5622; x_wconf 83' lang='grc' dir='ltr'><strong>πάντα</strong></span> <span class='ocrx_word' id='word_1_791' title='bbox 2468 5583 2483 5598; x_wconf 85' lang='grc'><strong><em>⁸</em></strong></span> <span class='ocrx_word' id='word_1_792' title='bbox 2506 5569 2605 5637; x_wconf 82' lang='grc' dir='ltr'><strong>οὐχ</strong></span> <span class='ocrx_word' id='word_1_793' title='bbox 2627 5567 2717 5620; x_wconf 86' lang='grc' dir='ltr'><strong>ἵνα</strong></span> <span class='ocrx_word' id='word_1_794' title='bbox 2738 5566 2973 5638; x_wconf 81' lang='grc' dir='ltr'><strong>κερδάνῃ</strong></span> <span class='ocrx_word' id='word_1_795' title='bbox 3006 5567 3105 5636; x_wconf 79' lang='grc' dir='ltr'><strong>μέν</strong></span> <span class='ocrx_word' id='word_1_796' title='bbox 3132 5580 3184 5617; x_wconf 87' lang='grc' dir='ltr'><strong>τι</strong></span> <span class='ocrx_word' id='word_1_797' title='bbox 3209 5563 3406 5633; x_wconf 66' lang='grc' dir='ltr'><strong>βραχὺ,</strong></span> <span class='ocrx_word' id='word_1_798' title='bbox 3432 5560 3693 5632; x_wconf 72' lang='grc' dir='ltr'><strong>ζημιωθῇ</strong></span> 
     </span>
    </p>
   </div>
   <div class='ocr_carea' id='block_1_113' title="bbox 2123 5647 3698 5729">
    <p class='ocr_par' dir='ltr' id='par_1_113' title="bbox 2123 5647 3698 5729">
     <span class='ocr_line' id='line_1_113' title="bbox 2123 5647 3698 5729; baseline -0.006 -16"><span class='ocrx_word' id='word_1_799' title='bbox 2123 5660 2180 5712; x_wconf 78' lang='grc' dir='ltr'><strong>δὲ</strong></span> <span class='ocrx_word' id='word_1_800' title='bbox 2210 5660 2395 5729; x_wconf 79' lang='grc' dir='ltr'><strong>μέρος,</strong></span> <span class='ocrx_word' id='word_1_801' title='bbox 2430 5656 2548 5709; x_wconf 77' lang='grc' dir='ltr'><strong>ἀλλ’</strong></span> <span class='ocrx_word' id='word_1_802' title='bbox 2584 5659 2669 5709; x_wconf 90' lang='grc' dir='ltr'><strong>ῖνα</strong></span> <span class='ocrx_word' id='word_1_803' title='bbox 2702 5647 2908 5719; x_wconf 84' lang='grc' dir='ltr'><strong>πάντας</strong></span> <span class='ocrx_word' id='word_1_804' title='bbox 2934 5655 3194 5727; x_wconf 74' lang='grc' dir='ltr'><strong>κερδήσῃ.</strong></span> <span class='ocrx_word' id='word_1_805' title='bbox 3233 5654 3465 5722; x_wconf 81' lang='grc' dir='ltr'><strong>ἰδωμεν</strong></span> <span class='ocrx_word' id='word_1_806' title='bbox 3510 5653 3698 5705; x_wconf 79' lang='grc' dir='ltr'><strong>τοίνυν</strong></span> 
     </span>
    </p>
   </div>
   <div class='ocr_carea' id='block_1_114' title="bbox 2123 5742 3695 5818">
    <p class='ocr_par' dir='ltr' id='par_1_114' title="bbox 2123 5742 3695 5818">
     <span class='ocr_line' id='line_1_114' title="bbox 2123 5742 3695 5818; baseline -0.005 -15"><span class='ocrx_word' id='word_1_807' title='bbox 2123 5752 2215 5803; x_wconf 78' lang='grc' dir='ltr'><strong>διὰ</strong></span> <span class='ocrx_word' id='word_1_808' title='bbox 2241 5749 2443 5818; x_wconf 79' lang='grc' dir='ltr'><strong>ταύτης</strong></span> <span class='ocrx_word' id='word_1_809' title='bbox 2472 5748 2570 5817; x_wconf 84' lang='grc' dir='ltr'><strong>τῆς</strong></span> <span class='ocrx_word' id='word_1_810' title='bbox 2599 5746 2825 5815; x_wconf 70' lang='grc' dir='ltr'><strong>ἐρεύνης</strong></span> <span class='ocrx_word' id='word_1_811' title='bbox 2851 5748 2951 5816; x_wconf 81' lang='grc' dir='ltr'><strong>τῆς</strong></span> <span class='ocrx_word' id='word_1_812' title='bbox 2984 5749 3040 5799; x_wconf 79' lang='grc' dir='ltr'><strong>ἐν</strong></span> <span class='ocrx_word' id='word_1_813' title='bbox 3068 5751 3181 5809; x_wconf 69' lang='grc' dir='ltr'><strong>τοῖς</strong></span> <span class='ocrx_word' id='word_1_814' title='bbox 3212 5746 3502 5811; x_wconf 75' lang='grc' dir='ltr'><strong>πράγμασι</strong></span> <span class='ocrx_word' id='word_1_815' title='bbox 3538 5742 3695 5811; x_wconf 79' lang='grc' dir='ltr'><strong>βαδί-</strong></span> 
     </span>
    </p>
   </div>
   <div class='ocr_carea' id='block_1_115' title="bbox 2125 5832 3692 5909">
    <p class='ocr_par' dir='ltr' id='par_1_115' title="bbox 2125 5832 3692 5909">
     <span class='ocr_line' id='line_1_115' title="bbox 2125 5832 3692 5909; baseline -0.006 -14"><span class='ocrx_word' id='word_1_816' title='bbox 2125 5841 2333 5905; x_wconf 79' lang='grc' dir='ltr'><strong>ζοντες,</strong></span> <span class='ocrx_word' id='word_1_817' title='bbox 2366 5842 2414 5891; x_wconf 90' lang='grc' dir='ltr'><strong>εἰ</strong></span> <span class='ocrx_word' id='word_1_818' title='bbox 2443 5837 2519 5909; x_wconf 74' lang='grc' dir='ltr'><strong>μὴ</strong></span> <span class='ocrx_word' id='word_1_819' title='bbox 2550 5840 2730 5891; x_wconf 85' lang='grc' dir='ltr'><strong>πλεῖον</strong></span> <span class='ocrx_word' id='word_1_820' title='bbox 2751 5839 2872 5908; x_wconf 72' lang='grc' dir='ltr'><strong>ἔχει</strong></span> <span class='ocrx_word' id='word_1_821' title='bbox 2901 5841 2959 5890; x_wconf 78' lang='grc' dir='ltr'><strong>τὸ</strong></span> <span class='ocrx_word' id='word_1_822' title='bbox 2995 5836 3188 5906; x_wconf 69' lang='grc' dir='ltr'><strong>βλάϐος</strong></span> <span class='ocrx_word' id='word_1_823' title='bbox 3222 5838 3256 5907; x_wconf 81' lang='grc' dir='ltr'><strong>ἠ</strong></span> <span class='ocrx_word' id='word_1_824' title='bbox 3282 5834 3542 5897; x_wconf 70' lang='grc' dir='ltr'><strong>ὑπόθεσις</strong></span> <span class='ocrx_word' id='word_1_825' title='bbox 3578 5832 3692 5887; x_wconf 83' lang='grc' dir='ltr'><strong>τῶν</strong></span> 
     </span>
    </p>
   </div>
  </div>
