4036 6560
289 409 426 477 1135

1218 362 1835 476 ΕΕΕΙΑΕΒΙΑΒΤῘΕΚΕ.
1867 416 2258 478 ΗΙδΤΟΒΙίΕ
2298 418 2441 479 LIB.
2486 419 2647 479 XIV.

3409 409 3549 475 1146

285 527 561 593 δοξάντων
608 525 752 583 εἶναι
802 532 1079 601 χρηστῶν.
1129 531 1398 595 Τοσοῦτος
1433 533 1535 604 ήδη
1581 531 1866 589 διιππεύει

1978 538 2296 592 tritnentum
2348 537 2653 590 evitemus.
2691 532 2783 587 Sic
2814 541 2869 587 et
2900 531 3095 586 beatus
3121 530 3326 586 Pauius
3363 529 3546 585 omni-

288 623 482 693 χρόνος
528 624 627 693 τῆς
660 624 757 695 σῆς
804 623 1118 688 θεοσεϐείας
1155 625 1451 698 διεπούσης
1491 629 1584 681 τὸν
1634 627 1860 699 θρόνον·

288 714 385 766 καὶ
414 712 594 776 οὐδείς
621 716 773 767 ἐστιν
797 716 827 768 ό
854 715 1187 783 συνάγεσθαι
1222 717 1682 788 παραιτούμενος.
1724 719 1869 773 Ἀλλ’

287 806 335 858 εί
369 805 465 858 καί
517 806 622 860 πού
675 824 827 870 τινες
879 809 1006 878 περὶ
1056 810 1156 880 τὴν
1204 811 1380 879 ἀρχὴν
1432 811 1867 882 φιλονεικότερον

287 895 630 967 πράττοντες
653 898 881 964 ἑαυτοὺς
901 900 1261 973 ἀπεμέριζον,
1288 904 1383 957 καὶ
1404 896 1550 958 οὗτοι
1576 905 1866 975 κέκληνται

287 991 378 1045 διὰ
410 992 512 1062 τὴν
543 993 637 1047 τοῦ
665 992 922 1066 Σωτῆρος
961 998 1119 1067 ἡμῶν
1150 998 1302 1068 ἰσχύν
1329 1016 1386 1051 τε
1417 1001 1510 1052 καὶ
1535 1001 1716 1068 χάριν.
1744 998 1866 1052 Τῶν

288 1085 345 1136 δὲ
376 1087 435 1138 ἐν
465 1084 608 1139 τέλει
644 1088 723 1151 τίς
756 1091 783 1141 6
814 1088 887 1159 μὴ
909 1093 1008 1161 τῆς
1035 1093 1132 1159 σῆς
1160 1091 1444 1153 εὐλαϐείας
1476 1091 1864 1162 ἁκροώμενος;

289 1178 372 1241 τίς
404 1178 460 1231 δὲ
489 1182 517 1233 6
546 1179 754 1251 ταύτης
800 1184 962 1236 ἕνεκα
997 1185 1098 1254 τῆς
1129 1186 1312 1249 αἰτίας
1358 1186 1464 1251 ἔξω
1497 1187 1866 1257 μεμενηκὼς;

290 1268 407 1324 Ούκ
432 1272 584 1325 ἐστιν
602 1273 798 1339 οὐδείς.
836 1277 926 1347 Μὴ
958 1277 1066 1347 γὰρ
1099 1276 1214 1347 δοίη
1249 1281 1276 1332 6
1306 1278 1457 1340 Θεός.
1485 1278 1618 1331 Τίνα
1646 1295 1870 1349 τοιγαρ-

292 1362 389 1414 οῦν
442 1363 771 1430 ἀνασώζων,
823 1368 855 1436 ἢ
893 1369 977 1432 είς
1013 1370 1075 1422 τὸ
1117 1370 1447 1438 συνάγεσθαι
1493 1371 1701 1431 καλῶν.
1738 1372 1868 1442 ὃλην

291 1455 398 1520 ἔξω
452 1457 566 1521 θεὶς
612 1460 723 1513 τῶν
772 1462 872 1531 τῆς
933 1462 1261 1534 Ἐκκλησίας
1318 1465 1642 1536 περιϐόλων,
1677 1467 1779 1538 τήν
1809 1485 1867 1520 τε

291 1550 593 1618 Αἴγυπτον,
627 1553 723 1608 καὶ
766 1556 1237 1631 Λύγουσταλικὴν.
1282 1560 1375 1613 καὶ¹
1423 1560 1737 1630 Ἀρκαδίαν,
1774 1562 1869 1613 καὶ

291 1645 557 1715 Θηϐαΐδα,
588 1649 679 1702 καὶ
706 1649 936 1722 Λιϐύην,
965 1653 1059 1704 καὶ
1091 1652 1446 1718 Πεντάπολιν,
1474 1656 1567 1709 καὶ
1596 1657 1863 1721 τοσαύτας

303 1736 633 1808 Ἑκκλησίας
681 1740 910 1807 λυπεῖς;
956 1742 1045 1796 ἵνα
1077 1744 1284 1814 μηδένα
1315 1746 1620 1818 κερδάνῃς’
1657 1750 1869 1812 πάντας

289 1828 398 1897 γὰρ
430 1830 798 1901 προεκέρδανε
833 1833 933 1886 τοῦ¹
975 1835 1229 1905 Σωτῆρος
1266 1838 1310 1908 ti}
1344 1837 1522 1908 χάρις.
1572 1838 1681 1893 Καὶ
1737 1840 1870 1892 ἀνα-

288 1921 484 1991 τίθημι
516 1922 606 1975 τὸν
634 1925 728 1978 ἐπὶ
752 1924 928 1998 τούτῳ
959 1927 1121 1981 πόνον
1156 1932 1268 1993 τοῖς
1300 1931 1400 2001 τῆς
1427 1929 1526 2001 σῆς
1556 1930 1866 1996 θεοσεϐείας

285 2015 608 2084 διδάγμασι.
641 2018 734 2088 Μὴ
767 2016 951 2074 τοίνυν
995 2023 1294 2094 κατηγόρει
1338 2023 1538 2079 σαυτοῦ
1580 2027 1704 2087 τοὺς
1759 2028 1866 2079 ἀπὸ

287 2106 601 2172 φιλονείκου
640 2109 865 2181 γνώμης
899 2112 1363 2181 μεμερισμένους,
1400 2113 1496 2167 καὶ
1532 2110 1607 2185 μὴ
1632 2116 1867 2167 καταδε-

286 2201 555 2270 χομὲνους
592 2203 719 2255 ποτὲ
750 2204 813 2255 τὸ
847 2203 935 2256 ἐπ’
967 2206 1160 2276 ἐκείνῳ
1177 2205 1399 2260 ,δίκαιον
1427 2209 1623 2277 κρῖμα.
1661 2208 1729 2261 ’Ἡ
1758 2211 1867 2280 γὰρ

260 2295 366 2385 ,είς
390 2294 649 2387 τοσοῦτον
675 2296 964 2361 νυστάζειν
996 2298 1146 2368 ἡμᾶς
1174 2298 1479 2368 ὑπείληφεν
1505 2302 1537 2372 η
1579 2301 1645 2371 σὴ
1684 2301 1868 2354 θεοσέ-

287 2384 437 2452 ϐεια,
474 2378 614 2440 ὥστε
642 2386 717 2458 μὴ
750 2378 1048 2461 πειρᾶσθαι
1082 2390 1377 2462 μανθάνειν
1409 2391 1869 2463 ἐσπουδασμένως

286 2480 387 2542 τὰς
416 2496 476 2532 τε
512 2478 612 2542 σὰς
637 2481 1048 2551 εὐδοκιμήσεις,
1096 2484 1188 2535 καὶ
1218 2485 1369 2545 ὅπως
1406 2484 1474 2538 τὰ
1494 2484 1590 2538 τοῦ
1612 2485 1869 2557 Σωτῆρος

289 2573 721 2641 χειραγωγεὶται
786 2573 1050 2641 ποίμνια·
1107 2580 1211 2642 μία
1268 2577 1446 2646 γὰρὴ
1506 2574 1616 2629 τῶν
1681 2578 1868 2648 ίερέων

291 2665 541 2734 φροντὶς,
580 2668 672 2718 καὶ
717 2666 766 2719 εί
797 2666 1039 2731 τοπικῶς
1090 2666 1424 2740 διῃρήμεοα.
1474 2670 1614 2721 Ἀλλ’
1671 2669 1755 2722 tu
1792 2672 1866 2740 μὴ

289 2756 511 2827 δοκοίην
551 2757 642 2810 ἐπὶ
676 2758 852 2829 τούτῳ
885 2758 1250 2813 διατείνεσθαι
1296 2760 1439 2823 λίαν,
1488 2762 1583 2813 καὶ
1616 2762 1728 2824 τοῖς
1761 2762 1869 2813 άπὸ

290 2849 394 2920 τῆς
423 2850 523 2920 σῆς
570 2851 860 2915 εὐλαϐείας
904 2854 1120 2923 φρονεῖν
1165 2854 1405 2915 ἐναντία,
1444 2854 1688 2906 ἔστωσαν
1722 2872 1867 2917 τινες

290 2940 463 3009 ὀλίγοι
496 2941 691 3012 κομιδῇ
737 2942 1214 3006 διαστασιάζοντες
1256 2943 1336 2997 ἔτι
1400 2944 1624 3013 καὶτῆς
1657 2946 1864 2999 ἐκείνου

293 3037 496 3099 κακίας
540 3036 1081 3106 προκινδυνεύοντες.
1132 3037 1402 3090 Τοσαῦται
1460 3036 1517 3091 δὲ
1573 3038 1707 3109 παρ’
1735 3040 1869 3109 ἡμῖν

292 3130 605 3198 ἐκκλησίαι.
635 3130 717 3184 δτι
748 3131 852 3201 χρὴ
878 3131 947 3183 τὰ
970 3131 1058 3184 ἐπ’
1084 3130 1276 3200 ἐκείνῳ
1305 3129 1605 3198 δεδογμένα
1642 3134 1867 3201 κρατεῖν
1896 3138 1901 3145 “

1976 633 2083 686 bus
2110 630 2292 685 factus
2333 639 2418 684 est
2464 627 2671 689 oninia.
2702 641 2811 680 non
2861 635 2920 678 ut
2970 625 3232 693 exiguum
3280 622 3542 692 quiddam

1979 723 2356 789 lucrifaceret,
2387 730 2593 791 partem
2627 728 2813 773 autem
2841 715 3151 786 quampiam
3188 714 3388 769 damno
3432 713 3548 767 atii-

1980 823 2156 882 ceret,
2207 815 2303 870 sed
2352 822 2412 868 ut
2443 828 2637 867 omnes
2672 811 3005 864 lucraretur.
3044 797 3339 863 Videamus
3389 820 3545 874 ergo,

1980 902 2250 982 ejusmodi
2282 922 2468 962 rerum
2515 904 2927 972 investigationi
2958 901 3303 958 insistentes.
3338 911 3406 950 an
3437 912 3543 949 non

1979 1004 2107 1074 plus
2174 1001 2303 1057 huic
2352 1016 2530 1055 causae
2572 999 2705 1053 insit
2753 995 2903 1060 mali,
2942 1005 3106 1062 quant
3150 988 3242 1045 illa
3289 988 3549 1043 videatur

1989 1097 2197 1151 habere
2246 1093 2397 1148 boni.
2429 1092 2534 1146 Tot
2579 1091 2690 1161 jam
2746 1086 3064 1159 praeteriere
3117 1083 3267 1145 anni,
3317 1096 3383 1135 ex
3437 1095 3548 1150 quo

1986 1191 2163 1260 pietas
2197 1199 2285 1242 tua
2316 1186 2575 1240 thronum
2603 1197 2762 1238 suum
2794 1179 2971 1236 tenuit
2999 1194 3013 1238 :
3045 1190 3222 1247 neque
3254 1174 3549 1246 quisquam

1979 1293 2088 1351 est,
2146 1282 2239 1353 qui
2287 1287 2595 1337 conventus
2643 1278 2698 1332 in
2739 1272 2986 1330 Ecclesia
3033 1280 3157 1326 tuus
3200 1270 3359 1333 vitet,
3413 1268 3546 1337 quin

1982 1376 2212 1433 etiamsi
2246 1375 2314 1430 ab
2353 1372 2516 1427 initio
2548 1368 2800 1424 nonnulli
2830 1365 3141 1421 diss‘idendi
3183 1374 3369 1417 amore
3402 1360 3552 1430 seip-

1980 1489 2072 1528 sos
2104 1471 2173 1525 ab
2206 1470 2317 1525 illis
2349 1472 2735 1539 segregarunt.
2783 1473 2964 1517 tamen
3009 1469 3064 1514 et
3112 1456 3193 1511 illi
3223 1469 3322 1526 per
3348 1454 3457 1507 vim
3493 1462 3551 1505 et

1975 1563 2210 1635 gratiam
2262 1559 2469 1617 Christi
2525 1556 2767 1613 revocati
2813 1561 2960 1609 sunt.
3015 1551 3091 1605 Ex
3136 1546 3549 1613 magistratibus

1975 1672 2109 1712 vero
2136 1655 2262 1725 quis
2301 1670 2411 1709 non
2438 1650 2665 1722 pietatis
2697 1656 2802 1702 tua:
2829 1645 2993 1699 dictis
3022 1640 3253 1695 audiens
3274 1637 3401 1691 est?
3424 1636 3549 1706 quis

1973 1753 2045 1805 ob
2097 1749 2243 1805 hanc
2288 1749 2462 1817 ipsam
2506 1758 2728 1799 causam
2776 1748 2880 1803 est,
2915 1738 3013 1806 qui
3056 1746 3210 1790 extra
3257 1731 3547 1786 ecclesiam

1975 1843 2244 1899 maneat?
2271 1842 2446 1897 Nemo
2493 1836 2740 1909 profecto
2781 1840 2891 1887 est.
2942 1829 3060 1885 Non
3104 1827 3251 1882 enim
3306 1825 3411 1879 hoc
3456 1823 3551 1876 det

1974 1940 2139 1993 Deus.
2169 1935 2361 2003 Itaque
2411 1942 2706 2001 quemnam
2740 1922 2809 1979 ad
2838 1923 3073 1978 salutem
3123 1918 3413 1975 revocans.
3454 1920 3550 1967 aut

1973 2031 2039 2086 ad
2076 2027 2360 2100 legitimos
2396 2023 2451 2078 in
2490 2020 2723 2076 ecclesia
2758 2024 3064 2072 conventus
3089 2010 3382 2072 reducens,
3414 2008 3548 2075 quin

1971 2098 2197 2178 onmem
2213 2118 2396 2191 potius
2417 2113 2664 2173 ecclesia:
2689 2109 2962 2165 moenibus
2979 2106 3206 2174 eiiciens
3224 2098 3549 2171 Egyptutn,

1972 2214 2253 2287 regionem
2280 2213 2445 2266 etiam
2480 2205 2856 2277 Augustalem,
2889 2204 2945 2253 et
2979 2194 3296 2255 Arcadiam.
3321 2200 3376 2245 et
3404 2189 3550 2243 Tlte-

1975 2281 2196 2371 llaiden,
2227 2316 2283 2359 et
2326 2302 2575 2372 Libyam,
2616 2304 2672 2352 et
2698 2290 3040 2361 Pentapolim
3071 2295 3127 2342 et
3164 2292 3244 2339 tot
3282 2281 3548 2337 ecclesias

1973 2403 2166 2458 dolore
2221 2394 2430 2453 adicis?
2482 2409 2592 2449 non
2652 2397 2713 2443 ut
2767 2396 3104 2457 quemquam
3162 2374 3483 2431 lucrifacias
3530 2388 3545 2424 :

1973 2509 2167 2549 omnes
2216 2504 2455 2558 namque
2502 2480 2786 2542 lucrifecit
2836 2476 3007 2545 gratia
3054 2469 3392 2528 Servaturis.
3440 2466 3550 2520 Re-

1972 2590 2133 2645 mitto
2169 2597 2223 2641 te
2256 2584 2359 2639 hac
2404 2583 2462 2637 in
2505 2595 2565 2634 re
2611 2576 2677 2631 ad
2728 2576 2904 2643 ipsam
2942 2566 3164 2640 pietatis
3204 2576 3311 2620 tum
3341 2560 3549 2615 doctri-

1973 2701 2120 2739 nam.
2168 2678 2249 2736 Ne
2297 2677 2466 2747 igitur
2515 2679 2708 2725 contra
2756 2679 2808 2721 te
2852 2667 3032 2734 ipsum
3080 2656 3335 2716 celebres
3379 2664 3547 2723 atque

1973 2774 2219 2833 illustres
2261 2788 2359 2829 cos
2404 2769 2499 2839 qui
2531 2762 2861 2822 adversandi
2908 2757 3095 2814 studio
3141 2754 3195 2809 in
3223 2748 3405 2824 partes
3437 2748 3546 2803 dis-

1973 2885 2217 2935 cessere,
2254 2882 2439 2937 neque
2506 2873 2749 2931 unquam
2776 2858 2984 2928 justum
3031 2851 3100 2905 de
3146 2848 3351 2917 seipsis
3391 2842 3545 2915 judi-

1973 2969 2122 3021 cium
2151 2960 2453 3029 accipiunt.
2492 2956 2574 3010 An
2618 2954 2691 3005 ita
2736 2947 3037 3003 connivere
3083 2953 3139 2995 et
3185 2954 3402 2995 cessare
3444 2951 3546 2990 nos

1971 3062 2147 3132 pietas
2180 3067 2271 3111 tua
2312 3049 2652 3121 suspicatur,
2694 3052 2756 3097 ut
2805 3055 2915 3094 non
2966 3037 3262 3106 diligenter
3303 3031 3376 3085 de
3403 3042 3546 3098 praea-

1973 3126 2123 3209 clara
2147 3151 2292 3206 fama
2324 3155 2443 3208 tua,
2470 3150 2527 3195 et
2552 3137 2835 3211 quomodo
2877 3126 3194 3186 Servatoris
3225 3136 3418 3194 greges
3454 3137 3547 3173 rev-

291 3222 786 3295 διισχυριζόμεναι.
833 3222 989 3277 Τίσιν
1017 3223 1112 3277 οὖν
1142 3225 1245 3303 τὴν
1272 3225 1457 3293 ψῆφον
1490 3223 1865 3294 άπονέμεσθαι

1978 3255 2172 3320 gantur
2224 3252 2390 3310 atque
2436 3232 2906 3291 mauuducantur,
2961 3211 3551 3289 ittquit'anlt157m

291 3317 544 3382 δίκαιον;
595 3315 762 3379 Τίνας
812 3317 870 3370 δὲ
924 3316 1322 3387 εὐφραίνεσθαι
1381 3316 1584 3387 μᾶλλον
1643 3318 1868 3386 ἀρέσκει

294 3412 416 3483 Θεῷ
436 3429 453 3479 ;
477 3410 603 3474 τοὺς
624 3411 815 3482 ἐκείνῳ
839 3411 1278 3480 συνηγοροῦντας
1296 3411 1520 3464 τοιαῦτα
1539 3410 1869 3479 πεπραχότι,

295 3502 329 3571 ἢ
360 3503 489 3563 τοὺς
513 3502 604 3552 ἐπὶ
634 3500 802 3570 τιμῆς
839 3501 1148 3566 ἐγνωκότας
1171 3541 1186 3564 ,
1240 3490 1283 3566 ᾧ
1334 3499 1394 3552 τὸ
1439 3500 1628 3552 λυπεῖν
1662 3498 1871 3568 λελόγι-

299 3612 422 3648 σται
447 3593 579 3663 παρ’
604 3593 787 3660 ούδὲνς
819 3593 881 3646 El
905 3592 1087 3647 τοίνυν
1110 3595 1170 3647 τδ
1196 3590 1471 3659 σώζεσθαι
1495 3594 1595 3662 τὴν
1620 3594 1874 3663 ὁμόνοιαν

295 3686 408 3742 τῶν
429 3685 733 3756 ἐκκλησιῶν
763 3674 864 3747 οὐκ
897 3685 1372 3755 εὐκαταφρόνητον
1404 3685 1681 3753 φαίνεται,
1713 3682 1874 3739 λῦσον

301 3782 361 3834 τὸ
390 3783 596 3851 τέμνον
618 3780 847 3850 ταύτην,
900 3778 1210 3849 παρακαλῶ
1232 3793 1247 3809 ο
1285 3778 1414 3849 βάλε
1461 3779 1561 3848 τὴν
1596 3779 1877 3848 μάχαιραν

298 3875 381 3943 είς
410 3875 512 3946 τὴν
543 3874 720 3945 θήκην
755 3872 946 3944 αὐτῆς.
985 3873 1262 3927 Κέλευσον
1294 3870 1389 3924 τοῦ
1422 3872 1733 3940 καταλόγου
1764 3872 1875 3924 τῶν

300 3971 622 4023 ἐπισκόπων
662 3965 1016 4038 ἐξαιρεθῆναι
1046 3965 1145 4037 τὴν
1192 3966 1441 4020 Ἰωάννου
1473 3966 1872 4037 προσηγορίαν.

300 4062 363 4115 ΕΞ
388 4061 498 4129 γὰρ
531 4059 684 4113 οὐδὲν
726 4055 872 4114 εἶναι
915 4058 1075 4113 τοῦτο
1119 4058 1473 4129 λογιούμεθα,
1522 4059 1598 4130 μὴ
1635 4059 1876 4112 λυπείτω

299 4155 394 4206 τὸν
426 4153 540 4206 τῶν
578 4153 896 4206 ἀποστόλων
935 4138 1095 4224 χορὸν
1130 4154 1159 4206 6
1201 4152 1468 4226 προδότης
1519 4152 1705 4216 αὐτοῖς
1744 4166 1876 4219 συγ-

302 4245 803 4314 καταταττόμενος.
836 4246 1248 4318 Είσφερομένης
1280 4246 1336 4301 δὲ
1360 4246 1462 4316 τῆς
1504 4245 1674 4300 Ἰούδα
1701 4263 1877 4315 προσ-

303 4342 558 4413 ηγορίας,
592 4341 696 4394 ποῦ
730 4341 918 4394 λοιπὸν
957 4342 1089 4413 ἡμῖν
1123 4343 1150 4393 ὀ
1194 4340 1443 4404 Ματθίας
1498 4357 1562 4408 γε
1592 4340 1875 4405 κείσεται;

305 4436 368 4489 Εί
406 4437 592 4487 τοίνυν
617 4434 790 4496 οὐδεὶς
813 4434 907 4487 τὸν
941 4433 1190 4488 Ματθίαν
1217 4433 1464 4489 ἐκϐαλὼν
1494 4432 1761 4504 ἔγγραφοι
1784 4434 1877 4485 τὸν

318 4528 520 4581 Ἰούδκν
560 4527 636 4597 τῷ
659 4524 767 4579 τῶν
794 4527 1107 4581 ἀποστόλων
1137 4525 1306 4598 χορῷ,
1342 4524 1554 4596 μενέτω
1585 4524 1680 4579 καὶ
1713 4525 1877 4588 σωζέο

1974 3308 2093 3396 iJna
2133 3308 2372 3402 namque
2407 3329 2546 3390 haec,
2576 3320 2794 3379 etiamsi
2831 3319 3081 3373 locorum
3125 3308 3575 3378 intercapedine’

1977 3429 2240 3502 disiuncti
2283 3397 2443 3485 eiut,
2494 3419 2886 3488 episcoporum
2933 3414 3021 3462 est
3067 3418 3222 3459 cura.
3284 3397 3547 3452 Sedenim

1977 3539 2044 3577 ne
2063 3486 2132 3575 in
2168 3519 2272 3573 hoc
2313 3486 2587 3585 prolixior
2611 3520 2756 3572 esse,
2788 3512 2845 3557 et
2885 3497 3077 3569 pietati
3125 3506 3235 3550 tua:
3265 3486 3548 3546 contraria

1975 3612 2183 3669 sentire
2216 3579 2408 3660 videar
2434 3619 2447 3657 :
2474 3612 2594 3654 esto
2620 3607 2680 3650 ut
2713 3591 2875 3664 pauci
2904 3586 3199 3644 admodum
3231 3579 3549 3638 sint‘adhuc

1976 3698 2248 3761 seditiosi.
2297 3696 2389 3767 qui
2440 3711 2498 3748 se
2553 3705 2652 3762 pro
2697 3687 2844 3743 illius
2894 3676 3234 3751 malignitate
3298 3671 3548 3744 periculo

1974 3798 2260 3864 exponunt
2291 3807 2304 3842 :
2341 3786 2484 3855 apud
2515 3798 2615 3837 nos
2642 3789 2825 3835 autem
2858 3786 2939 3830 tot
2971 3767 3397 3829 suut‘ecclesiae,
3424 3776 3549 3834 qum

1976 3857 2063 3942 de-
2091 3886 2301 3941 Joanne
2344 3880 2568 3934 decreta
2616 3874 2872 3927 obtinere
2906 3866 3133 3922 debere
3173 3857 3541 3915 contendunt.

1977 3984 2190 4051 Quibus
2234 3976 2404 4049 igitur
2449 3967 2737 4038 suffragari
2791 3972 3008 4032 a'qutnn
3038 3956 3161 4013 est?
3206 3952 3444 4021 Quinam
3489 3957 3551 4003 ut

1978 4043 2282 4135 laetentur,—
2304 4068 2415 4123 Deo
2444 4062 2707 4133 placitum
2735 4055 2856 4111 est?
2880 4051 3040 4107 llline
3084 4046 3179 4118 qui
3208 4043 3410 4101 Joanni
3449 4057 3553 4109 pa-

1979 4134 2347 4226 trocinantur.
2380 4161 2697 4225 cumqtanta
2742 4140 3119 4215 designaverit
3146 4156 3160 4193 :
3192 4150 3263 4193 an
3296 4134 3391 4205 qui
3426 4148 3548 4203 pte-

1978 4272 2104 4313 natn
2161 4246 2372 4308 homini
2402 4246 2737 4312 iirrogarunr
2777 4237 2829 4291 ei
2884 4233 2981 4303 qui
3027 4244 3153 4286 cum
3186 4228 3322 4282 alios
3354 4225 3546 4279 dolore

1982 4345 2246 4406 alliceret,
2298 4350 2399 4411 pro
2449 4335 2627 4390 nihiru
2659 4329 2856 4385 duxit?
2886 4322 3045 4392 Quod
3091 4320 3141 4376 si
3188 4316 3547 4373 concordiam

1979 4437 2342 4496 ecclesiarum
2395 4436 2747 4489 coiiservare,
2803 4419 3029 4473 minime
3079 4411 3548 4469 contemnendum

1979 4534 2226 4594 videtur,
2259 4525 2412 4582 solve
2462 4523 2514 4575 id
2568 4532 2722 4588 rogo,
2758 4514 2906 4585 quod
2958 4524 3079 4565 eam
3134 4505 3367 4561 scindit.
3395 4502 3551 4555 Mitte

296 4602 442 4684 ’σθω,
501 4618 832 4691 παρακαλῶ,
881 4619 1023 4688 μετὰ
1069 4618 1164 4671 τὸν
1221 4620 1320 4689 τῆς
1359 4618 1607 4688 ἀοιδίμου
1654 4617 1873 4686 μνήμης

1986 4624 2227 4695 gladium
2275 4618 2330 4673 in
2377 4614 2634 4685 vaginam
2670 4620 2845 4663 suam.
2888 4603 3031 4661 Jube
3060 4618 3127 4657 ex
3165 4600 3553 4669 episcoporum

306 4715 615 4782 Νεκτὰριον
671 4712 926 4783 δεύτερος
972 4714 1001 4765 ό
1032 4711 1128 4765 τοῦ
1179 4714 1541 4781 πανευφήμου
1582 4709 1877 4782 ’Δρσακίσυ

310 4807 553 4878 βαθμός*
604 4807 692 4861 ἴνα
729 4808 804 4877 μή
853 4823 907 4859 τι
963 4805 1055 4876 βίᾳ
1096 4803 1487 4874 παρεισαχθὲν,
1544 4803 1720 4876 ἐξώσῃ
1781 4800 1878 4857 τοῦ

312 4900 588 4971 μακαρίου
622 4900 720 4969 τὴν
757 4899 1004 4969 μνήμην.
1040 4895 1179 4951 Ἀλλ’
1199 4895 1376 4967 ὀλίγοι
1404 4896 1568 4966 τυχὸν
1590 4897 1683 4950 ἐπὶ
1707 4895 1883 4964 τούτῳ

307 4988 760 5064 δυσχεραίνουσι⁶
812 4990 960 5044 δίδου
1013 5006 1105 5061 μοι
1140 4992 1281 5060 μετὰ
1319 4989 1637 5066 παρρησίας
1681 4990 1880 5044 εἰπεῖν.

311 5086 527 5148 Πάντας
561 5084 659 5157 μὲν
677 5082 954 5155 εὐχόμεθα
986 5082 1255 5146 σώζεσθαι
1276 5097 1292 5113 ο
1319 5085 1369 5134 εί
1392 5082 1451 5134 δέ
1480 5097 1569 5145 τις
1593 5080 1654 5145 ἐξ
1675 5079 1882 5144 οἰκείας

310 5179 553 5248 ἀμαθίας
589 5177 909 5251 χωρίζεται,
954 5175 1188 5241 καὶτοῖς
1223 5176 1326 5246 τῆς
1371 5174 1701 5245 Ἐκκλησίας
1733 5177 1884 5229 ἀντι-

311 5273 481 5325 τείνει
537 5272 790 5341 θεσμοῖς.
835 5270 921 5331 τίς
961 5268 1213 5339 ήτούτου
1259 5266 1471 5339 ζημίας
1520 5264 1595 5322 Ἶι
1629 5269 1736 5339 γὰρ
1765 5268 1885 5337 ούχὶ

314 5365 407 5417 καὶ
439 5363 605 5428 αὐτὸς
630 5366 658 5416 6
682 5362 874 5433 Σωτὴρ
917 5363 1187 5417 διδάσκων
1216 5363 1363 5433 ἡμᾶς
1408 5362 1470 5413 τὸ
1503 5362 1749 5416 τοιοῦτον
1790 5363 1907 5416 καὶα

314 5454 483 5507 τύπον
520 5455 577 5508 ἐν
607 5453 742 5507 πᾶσι
773 5453 969 5519 τιθεὶς,
1002 5453 1182 5506 ἐλάλει
1228 5452 1326 5521 μέν
1357 5453 1471 5515 τοῖς
1499 5450 1786 5521 προσιοῦσι
1815 5452 1885 5506 τὰ

316 5534 671 5627 συμφέροντα
689 5562 705 5578 ·
731 5543 1090 5607 ἀπειθοῦντας
1119 5543 1177 5597 δὲ
1214 5542 1309 5596 καὶ
1337 5541 1703 5606 ἀνανεύοντας
1728 5541 1885 5612 ἠφίει

315 5636 688 5709 χωρίζεσθαι;
717 5636 815 5691 καὶ
846 5634 1102 5690 τοσοῦτον
1137 5636 1460 5705 ἀφειστήκει
1491 5632 1586 5687 τοῦ
1612 5633 1884 5687 ποιεῖσθαί

316 5747 441 5784 τινα
468 5730 578 5782 τῶν
605 5729 869 5783 τοιούτων
905 5728 1086 5798 λόγον,
1119 5729 1195 5790 ὡς
1244 5731 1337 5781 καὶ
1385 5726 1524 5798 πρὸς
1572 5726 1771 5791 αὐτοὺς
1802 5726 1884 5779 εί-

319 5827 440 5879 πεῖν
481 5823 609 5886 τοὺς
663 5822 1055 5892 μαθητὰς,Μὴ
1104 5820 1204 5875 καὶ
1254 5820 1428 5889 ὑμεῖς
1480 5820 1681 5874 θέλετε
1730 5818 1885 5874 ὑπό·

323 5932 476 5987 τειν;
501 5917 616 5981 τοῖς
644 5911 742 5990 μὲν
771 5898 1051 5973 εύπειθέσι
1084 5915 1287 5981 πολλήν
1310 5932 1429 5970 τινα
1449 5913 1665 5969 δίκαιον
1691 5913 1887 5968 ἀπονέ-

1966 4713 2406 4772 'nmnenclatura
2435 4704 2666 4762 Joannis
2699 4714 2898 4757 nomen
2933 4695 3122 4751 eximi.
3158 4692 3290 4746 Nam
3322 4690 3368 4744 si
3398 4687 3552 4759 parvi

1986 4806 2039 4861 id
2074 4804 2309 4859 facimus
2345 4809 2400 4855 et
2447 4797 2709 4856 dicimus,
2746 4806 2858 4846 non
2887 4786 3083 4843 afferat
3122 4784 3371 4838 dolorem
3420 4791 3556 4846 apo-

1990 4899 2267 4954 stolorum
2299 4894 2472 4948 choro
2494 4888 2665 4945 Judas
2694 4884 2963 4955 proditor,
2989 4880 3041 4934 in
3065 4877 3259 4934 eodem
3288 4891 3415 4929 cum
3445 4873 3556 4935 illis

1992 4990 2186 5045 ordine
2217 4997 2458 5041 census:
2489 4980 2642 5036 ludas
2675 4986 2861 5031 autem
2889 4973 3110 5026 nomine
3141 4969 3194 5022 in
3223 4980 3417 5021 eorum
3447 4976 3555 5023 ιιιιο

1987 5090 2207 5139 merum
2256 5079 2455 5141 relato,
2510 5086 2621 5145 quo
2671 5068 2875 5124 deinde
2905 5067 3029 5120 loco
3081 5061 3339 5114 Matthias
3394 5056 3556 5111 nobis

1988 5170 2273 5248 ponetur?
2323 5169 2459 5225 Cum
2508 5166 2678 5235 igitur
2714 5175 2877 5215 nemo
2929 5153 3155 5212 Mattlria
3195 5153 3373 5223 eiecto
3420 5165 3556 5219 apo.

1988 5269 2257 5324 stolorum
2294 5256 2690 5317 choro-ludam
2727 5248 3068 5319 ascripserit,
3102 5253 3322 5298 maneat
3361 5252 3415 5296 et
3441 5256 3557 5296 ser-

1988 5370 2169 5420 vetur,
2199 5356 2412 5414 hortor.
2451 5358 2576 5420 post
2622 5344 2860 5400 cciebris
2897 5337 3183 5393 memoria:
3208 5334 3552 5397 Nectar-ium,

1988 5449 2266 5507 secundus
2296 5439 2665 5499 laudatissimi
2695 5435 2906 5493 Arsacii
2940 5432 3165 5504 gradus,
3191 5441 3261 5483 ne
3287 5427 3420 5498 quid
3459 5441 3557 5495 per

1986 5544 2096 5599 vim
2132 5554 2418 5611 perperam
2458 5546 2509 5591 et
2563 5533 2851 5603 iﬂegitime
2884 5528 3197 5583 inductum.
3232 5522 3557 5577 memoriam

1987 5635 2133 5692 beati
2164 5635 2273 5687 viri
2318 5629 2599 5701 exploda},
2635 5624 2743 5680 Sed
2776 5623 2933 5692 pauci
2982 5619 3216 5673 fumasse
3258 5617 3366 5670 hoc
3412 5627 3556 5681 aegre

1990 5729 2196 5783 ferunt.
2252 5721 2514 5778 Permitte
2545 5730 2730 5773 autent
2779 5715 2915 5768 mihi
2951 5723 3014 5767 ut
3056 5711 3233 5766 libere
3278 5724 3402 5778 quae
3434 5702 3567 5760 volo

1989 5820 2193 5874 dicam.
2254 5816 2459 5871 Omnes
2526 5810 2785 5881 equidem
2834 5806 3017 5863 salvos
3067 5804 3189 5859 ﬁeri
3230 5811 3436 5870 optem.
3493 5796 3552 5851 Si

1990 5916 2115 5985 quis
2154 5928 2284 5968 vero
2331 5906 2611 5981 imperitia
2658 5919 2757 5962 sua
2808 5901 2877 5958 ab
2923 5897 3167 5961 Ecclesia
3212 5893 3447 5959 secedit,
3500 5898 3559 5948 et
