4036 6548
401 366 537 434 illi

1620 365 2050 429 NICEPHORI
2091 368 2436 429 CALLISTI

3513 364 3669 429 1H8

397 479 548 535 ilius
597 475 1097 533 constitutionibus
1147 476 1482 548 refragatur,
1529 493 1651 550 qua:
1700 482 1977 550 ejusmodi

2086 481 2285 551 μεσθαι
2312 480 2444 551 παρ’
2473 478 2630 548 ἡμῶν
2659 478 2754 550 τὴν
2780 477 3041 547 φροντίδα
3063 493 3079 508 ο
3114 477 3140 532 δ
3170 475 3226 530 δὲ
3257 475 3534 547 δυομεκὴς
3564 476 3665 531 καὶ

398 570 644 627 hominis
674 578 763 626 est
788 569 1042 641 jactura?
1070 571 1150 624 An
1176 587 1287 626 non
1315 572 1430 641 ipse
1459 587 1680 643 quoque
1708 573 1973 629 Servator

397 680 522 730 nos,
557 663 794 734 i'dipsum
825 664 1057 729 docens,
1092 673 1149 719 et
1187 664 1418 719 formam
1453 665 1511 720 in
1556 666 1818 721 omnibus
1846 681 1974 735 pro-

400 771 633 826 ponens,
676 756 1055 812 conducibilia
1085 756 1307 826 quidem
1338 756 1403 810 ad
1428 772 1524 811 eos
1573 758 1668 827 qui
1714 773 1839 812 eum
1875 773 1973 813 ac-

398 861 687 905 cesserunt
733 849 954 905 locutus
985 859 1092 911 est,
1125 849 1509 905 inobedientes
1546 860 1730 905 autem
1779 848 1851 904 et
1889 866 1975 905 re—

399 949 640 996 nuentes
670 940 962 996 discedere
993 940 1288 1010 permisit?
1336 939 1515 1009 Atque
1559 950 1774 994 tantum
1816 940 1972 995 abest

401 1041 463 1087 ut
495 1033 735 1104 aliquam
766 1034 960 1089 talium
993 1034 1277 1089 hominum
1309 1036 1575 1088 rationem
1603 1031 1878 1096 habuerit,
1914 1041 1973 1086 ut

398 1125 569 1179 etiam
602 1126 668 1180 ad
708 1125 862 1195 ipsos
899 1125 1104 1182 dixerit
1135 1125 1436 1197 discipulos
1469 1144 1483 1181 ι
1516 1128 1600 1180 Αη
1626 1134 1677 1180 ει
1712 1142 1801 1180 vos
1829 1125 1975 1180 abire

399 1219 562 1275 vultis
588 1220 651 1274 ίῖ
700 1219 1156 1290 Obsequentibus
1186 1235 1320 1275 sane
1363 1220 1591 1274 multam
1621 1233 1723 1273 nos
1755 1217 1971 1288 impen-

401 1310 535 1365 dere
597 1318 785 1367 cura‘m
840 1326 1060 1380 aequum
1113 1318 1219 1366 est.
1274 1309 1635 1364 Adversarius
1685 1318 1870 1363 autem
1918 1316 1975 1362 et

402 1400 734 1458 inobediens
764 1402 1212 1457 malevolentiam
1256 1400 1373 1470 ipse
1397 1416 1553 1456 suam
1584 1410 1825 1462 accuset.
1861 1417 1977 1454 me-

400 1493 640 1548 dicinatn
691 1495 824 1550 odio
870 1495 1103 1551 habens.
1168 1494 1372 1550 Audiet
1437 1493 1530 1549 ille
1569 1509 1702 1549 vero
1762 1495 1973 1561 justum

394 1586 665 1657 jndicem,
700 1587 975 1644 dicentem
1006 1606 1020 1641 :
1052 1586 1492 1656 Quandoquidem
1527 1586 1728 1641 locutus
1759 1602 1897 1665 sum,
1926 1593 1976 1639 et

402 1695 508 1733 non
562 1680 858 1736 obedivistis
885 1695 905 1735 .'
954 1690 1003 1735 et
1048 1682 1258 1736 extendi
1302 1697 1590 1747 sermones,
1643 1687 1693 1734 et
1736 1680 1977 1734 animum

402 1789 509 1826 non
551 1774 851 1829 advenistis
875 1776 920 1840 ’,
970 1783 1027 1830 et
1077 1790 1203 1844 quae
1256 1786 1586 1845 sequuntur.
1645 1774 1809 1846 497
1865 1774 1975 1829 Nos

406 1868 656 1936 quidem,
703 1868 799 1938 qui
846 1869 1133 1931 docemus,
1184 1868 1518 1938 quibusnam
1565 1867 1733 1922 rebus
1772 1867 1978 1937 aliquis

401 1957 622 2012 laudem
671 1958 777 2014 sibi
809 1958 953 2028 apud
989 1960 1157 2014 Deum
1193 1968 1370 2030 paret,
1400 1958 1648 2014 studiose
1679 1958 1978 2013 admodum

403 2050 459 2105 id
494 2050 677 2107 facere
710 2060 876 2120 atque
912 2051 1205 2107 instituere
1241 2054 1421 2118 decet,
1449 2061 1619 2123 atque
1658 2069 1783 2109 cum
1808 2052 1979 2107 Paulo

358 2156 365 2162 '
402 2141 796 2197 resistentibus
836 2141 1075 2198 dicere:
1138 2142 1491 2198 Obsecremus
1540 2160 1635 2213 per
1687 2141 1976 2209 Christum,

401 2233 824 2290 reconciliamini
874 2236 980 2290 Deo
1011 2239 1053 2301 ³,
1099 2236 1489 2294 inohedientes
1532 2253 1663 2294 vero
1714 2236 1979 2308 potestati

404 2329 502 2383 Dei
548 2330 964 2396 commendare,
1014 2330 1151 2386 illud
1208 2339 1597 2402 usurpantes:
1654 2328 1979 2386 Curavimus

402 2419 751 2492 Babylonem,
780 2421 872 2477 sed
915 2431 1109 2477 sanata
1143 2438 1248 2476 non
1280 2430 1399 2477 est:
1435 2421 1800 2493 relinquamus
1838 2436 1979 2485 eam,

403 2517 659 2587 quoniam
696 2516 934 2587 pervenit
961 2518 1018 2571 in
1051 2516 1237 2571 caelum
1270 2515 1534 2587 judicium
1562 2517 1676 2589 ejus
1703 2515 1748 2574 ⁸.
1772 2515 1982 2572 Conse-

405 2626 586 2680 quens
634 2613 806 2685 igitur
841 2628 952 2669 non
989 2622 1096 2680 est,
1132 2622 1363 2686 propter
1406 2612 1673 2669 adversos
1715 2626 1985 2684 quorum-

406 2707 533 2763 dam
596 2720 908 2772 sermones,
967 2706 1244 2777 siquidem
1305 2721 1536 2777 prorsus
1593 2706 1765 2776 aliqui
1825 2718 1981 2776 sunt,

404 2798 665 2854 funditus
724 2799 1043 2855 sanctiones
1114 2800 1524 2856 ecclesiasticas
1589 2800 1867 2865 convelli,
1924 2807 1983 2855 ut

405 2889 586 2946 laicus
616 2890 952 2946 sacerdotali
993 2889 1263 2962 dignitate
1295 2890 1642 2947 enitentibus
1690 2906 1986 2947 accensea-

407 2993 522 3050 tur,
583 2993 641 3040 et
697 2984 966 3040 honorem
1020 2984 1279 3041 eumdem
1337 2994 1738 3057 consequatur.
1793 2983 1985 3056 Neque

406 3077 558 3131 enim
603 3076 713 3131 hoc
744 3091 1097 3132 communem
1144 3077 1296 3131 orbis
1340 3076 1586 3132 universi
1636 3089 1855 3145 pacem,
1886 3074 1982 3130 sed

2078 572 2315 643 ἀνήκοος
2361 572 2460 641 τὴν
2492 568 2660 624 αὑτοῦ
2696 571 2988 623 κακόνοιαν
3038 571 3371 632 αἰτιάσαιτο,
3419 571 3664 638 μισήσας

2078 663 2143 717 τὸ
2181 649 2609 729 θεραπεύεσθαι.
2653 664 2973 718 ’Δκούσεται
3006 663 3063 716 δὲ
3112 663 3266 731 παρᾶ
3308 662 3405 716 τοῦ
3436 663 3659 717 δικαίου

2082 757 2299 829 κριτοῦ,
2341 756 2586 820 Ἐπειδὴ
2613 756 2906 822 ἐλάλουν,
2944 757 3044 811 καὶ
3078 758 3192 825 οὐχ
3224 758 3625 820 ὑπηκούσατε
3648 773 3662 788 ·

2080 850 2177 903 καί
2216 848 2487 914 ἐξέτεινα
2523 851 2770 918 λόγους,
2804 850 2901 905 καὶ
2936 852 3009 904 οὺ
3039 851 3427 919 προσείχετε,
3464 854 3562 905 καὶ
3593 854 3665 904 τὶ

2080 942 2292 1005 τούτοις
2321 941 2472 1010 ἑξῆς.
2513 943 2682 1012 Ἡμῖν
2714 942 2817 1013 μὲν
2844 942 2954 1011 γὰρ
2983 944 3097 1005 τοῖς
3123 942 3439 997 διδάσκουσι
3478 944 3551 997 τὰ
3573 944 3666 1011 ἐφ’

2079 1030 2162 1099 οἷς
2192 1035 2259 1090 ἄν
2291 1052 2373 1100 τις
2410 1036 2729 1106 εὐδοκιμοίη
2771 1036 2924 1105 παρὰ
2953 1034 3093 1104 Θεῷ,
3130 1037 3227 1088 καὶ
3254 1036 3377 1089 λίαν
3397 1037 3669 1090 ἐσπουδα-

2083 1128 2297 1198 σμένως
2346 1128 2691 1197 εἰσηγεῖσθαι
2739 1128 2979 1199 πρέπει·
3014 1129 3110 1181 καὶ
3143 1130 3259 1191 τοῖς
3300 1129 3670 1182 ἀντιτείνουσι

2082 1220 2268 1289 λέγειν
2301 1219 2442 1290 μετά
2467 1220 2563 1272 τοῦ
2596 1219 2810 1273 Παύλου
2832 1235 2847 1250 ο
2880 1219 3141 1288 Δεόμεθα
3186 1218 3340 1287 ὑπὲρ
3380 1218 3672 1287 Χριστοῦς

2087 1312 2511 1382 καταλλάγητε
2539 1310 2622 1378 τῷ
2653 1310 2798 1377 Θεῷ,
2827 1312 2954 1374 τοὺς
2993 1311 3049 1364 δὲ
3080 1310 3445 1375 ἀπειθοῦντας
3474 1310 3670 1366 λοιπὸν

2082 1405 2400 1461 ἀνατιθέναι
2423 1408 2490 1476 τῇ
2513 1405 2608 1458 τοῦ
2638 1404 2776 1458 Θεοῦ
2798 1404 3030 1475 δυνάμει
3074 1404 3326 1471 λέγοντες
3349 1420 3364 1435 ⁸
3403 1404 3673 1473 Vanam}-

2083 1514 2282 1567 σαμεν
2315 1497 2434 1565 τὴν
2463 1496 2815 1562 Βαϐυλῶνα,
2856 1495 2956 1549 καί
2986 1497 3098 1549 οὐκ
3121 1494 3279 1562 ιάθη.
3325 1496 3669 1564 Ἐγκατελί-

2084 1607 2280 1661 napu-
2303 1590 2503 1659 αὐτὴν
2549 1591 2638 1643 ὅτι
2678 1588 2926 1658 ἤγγικεν
2969 1591 3058 1655 εις
3088 1589 3354 1657 οὐρανὸν
3385 1589 3452 1642 τὸ
3483 1588 3677 1658 κρῖμα

2084 1681 2299 1752 αὐτῆς.
2334 1683 2451 1736 Οὐκ
2490 1682 2786 1735 ἀκόλουθον
2814 1680 3109 1751 τοιγαροῦν
3142 1681 3230 1734 διὰ
3253 1682 3355 1743 τάς
3381 1698 3550 1737 τινων
3570 1682 3674 1733 ἀν-

2084 1771 2335 1840 τιλογίας
2357 1772 2519 1843 εἰπερ
2557 1772 2702 1835 τινὲς
2747 1770 2887 1835 ὅλως
2914 1770 3078 1833 εἰσιν,
3115 1772 3181 1824 ὲκ
3217 1771 3435 1842 βάθρων
3472 1771 3673 1843 ὥσπερ

2082 1862 2477 1918 κατασείεσθαι
2508 1864 2635 1928 τοὺς
2658 1863 2759 1931 τῆς
2806 1862 3136 1935 Ἐκκλησίας
3166 1863 3431 1931 θεσμοὺς,
3470 1863 3670 1917 λαῑκοῦ

2084 1956 2521 2025 συνταττομένου
2550 1956 2668 2018 τοῖς
2703 1955 2763 2007 ὲν
2795 1955 3043 2025 ἱερατείᾳ
3086 1952 3443 2026 διαπρέψασι,
3471 1955 3568 2007 καὶ
3608 1955 3672 2005 ὲν

2082 2053 2184 2125 (etp
2234 2054 2421 2121 μέτρῳ
2458 2043 2627 2121 τιμῆς
2675 2048 3073 2112 είσδαίνοντος.
3108 2047 3202 2118 Μὴ
3252 2047 3363 2118 γὰρ
3409 2047 3675 2117 δήτοῦτο

2082 2145 2418 2200 καλείτωσαν
2457 2144 2846 2219 οίκουμενικήν
2875 2159 3022 2206 τινες
3061 2143 3315 2212 εἰρήνην,
3345 2142 3483 2195 ἀλλὰ
3523 2144 3673 2212 μᾶλον

2081 2238 2174 2292 λον
2202 2238 2544 2309 κατατομήν.
2600 2220 2745 2306 Ἐγὼ
2776 2235 2886 2308 γὰρ
2937 2237 3060 2291 τότε
3103 2238 3249 2307 φημὶ
3290 2236 3674 2304 κρατύνεσθαι

2083 2333 2146 2384 τὸ
2175 2331 2278 2402 τῆς
2308 2331 2532 2402 εἰρήνης
2562 2329 2736 2401 δνομα
2787 2330 2882 2384 καὶ
2927 2331 3188 2400 πρᾶγμα.
3241 2329 3370 2383 ὅταν
3422 2327 3507 2397 μὴ
3547 2331 3691 2392 ταῖς,

2082 2424 2192 2479 τῶν
2264 2425 2439 2494 ἁγίων
2493 2423 2745 2494 γνώμαις
2806 2421 3283 2492 ἀντιταττὼμεθα,
3345 2422 3489 2492 μήτε
3554 2425 3674 2484 τοῖς

2084 2515 2312 2571 ἐκείνων
2352 2515 2814 2587 ἀντιπράττωμεν
2844 2516 3014 2586 ὅροις.
3047 2515 3111 2568 Εἰ
3150 2514 3259 2583 γὰρ
3294 2514 3349 2566 εἰ
3367 2530 3521 2576 τινας
3559 2513 3674 2565 τῶν

2084 2613 2232 2666 κατὰ
2264 2609 2367 2681 τὴν
2420 2609 2565 2680 ὲῲαν
2602 2609 3027 2664 εὐλαϐεστάτων
3074 2605 3324 2675 ἀδελφῶν
3376 2606 3476 2659 καὶ
3536 2621 3681 2658 συν--

2086 2704 2407 2759 επισκόπων
2436 2706 2466 2759 ὁ
2517 2703 2793 2774 μακάριος
2857 2701 3230 2775 Ἀλέξανδρος,
3278 2698 3674 2768 θρασύστομος

2086 2797 2165 2854 ὣν
2194 2799 2385 2864 ὅντως,
2437 2796 2581 2851 κατά
2609 2798 2708 2867 τῆς
2751 2795 2853 2866 σῆς
2896 2794 3210 2856 θεοσεϐείας
3253 2792 3463 2862 φωνὴν,
3501 2807 3678 2859 πεφε-

2086 2894 2305 2959 νάκικε,
2348 2892 2444 2947 καὶ
2489 2891 2849 2958 συναρπάσας
2897 2883 3044 2942 εἷλεν
3092 2890 3171 2950 είς
3227 2887 3326 2956 τὴν
3365 2887 3459 2938 ἐπὶ
3492 2883 3675 2949 τούτῳ

2087 2985 2423 3050 συναίνεσιν,
2445 2984 2509 3038 οὐ
2531 2983 2621 3037 διὰ
2652 2981 2810 3036 τοῦτο
2832 2982 3056 3044 πάντως
3080 2981 3176 3034 καὶ
3204 2981 3430 3050 κρατεῖν
3460 2977 3676 3046 ὀφείλει

2085 3078 2149 3131 τδ
2179 3077 2419 3147 νόσημα,
2466 3075 2563 3129 καὶ
2606 3078 2730 3136 ταῖς
2782 3074 3042 3128 ἁπάντων
3091 3070 3542 3127 καταὸόσκεσθαι
3568 3068 3678 3137 eu-

409 3169 783 3224 concisionem
828 3169 1014 3239 potius
1061 3170 1289 3241 quidam
1327 3179 1551 3225 vocent.
1602 3169 1716 3238 Ego
1756 3167 1981 3238 quidem

2086 3172 2233 3243 χαῖς,
2261 3170 2399 3225 ἀλλά
2431 3169 2635 3241 μᾶλλον
2664 3164 2754 3222 οἷά
2782 3184 2869 3231 τις
2897 3167 3051 3237 λήμη
3075 3164 3168 3218 τὸν
3194 3164 3294 3233 τῆς
3337 3159 3687 3229 Ἐκκλησίας.

408 3267 528 3313 tum
579 3259 802 3315 demum
854 3260 1106 3317 obtinere
1140 3260 1348 3317 debere
1397 3271 1454 3316 et
1499 3276 1703 3317 nomen
1758 3270 1816 3316 et
1865 3274 1982 3315 rem

408 3351 588 3421 ipsam
644 3353 797 3422 pacis
853 3368 1078 3423 censeo,
1144 3370 1269 3409 cum
1322 3364 1641 3409 sanctorum
1688 3355 1984 3411 sententiis

408 3461 524 3502 non
554 3446 942 3515 adversemur,
975 3465 1157 3521 neque
1184 3451 1408 3506 illorum
1442 3451 1687 3507 decretis
1714 3466 1987 3522 repugne-

411 3557 558 3596 mus.
587 3541 745 3609 Quod
780 3545 824 3598 si
856 3544 1006 3599 enim
1047 3544 1246 3601 beatus
1285 3544 1621 3610 Alexander,
1651 3544 1987 3601 confldentis

411 3650 643 3706 prorsus
670 3637 784 3691 oris
815 3637 921 3703 vir,
947 3637 1104 3707 juxta
1139 3638 1365 3707 pietatis
1399 3648 1507 3693 tua!
1550 3638 1741 3704 verba,
1773 3638 1989 3708 aliquos

413 3743 484 3782 ex
540 3728 973 3799 religiosissimis
1036 3729 1301 3785 fratribus
1362 3740 1419 3786 et
1490 3729 1717 3801 collegis
1778 3731 1988 3785 nostris

414 3819 792 3875 Orientalibus
820 3821 1102 3891 episcopis
1150 3822 1300 3876 inani
1353 3822 1632 3878 dictorum
1668 3824 1793 3878 fuco
1825 3824 1990 3879 dece-

416 3914 519 3983 pit,
548 3923 606 3968 et
649 3914 717 3968 ad
764 3914 931 3985 hujus
977 3915 1058 3970 rei
1094 3915 1608 3984 comprobationem
1640 3927 1827 3987 raptos
1865 3932 1992 3987 per-

417 4006 611 4067 traxit.
635 4021 747 4061 non
780 4016 1072 4078 propterea
1096 4008 1323 4064 morbus
1348 4009 1440 4064 hic
1463 4024 1691 4079 prorsus
1713 4009 1988 4071 obtinere,

412 4106 473 4154 et.
509 4101 726 4156 animas
763 4102 1012 4156 omnium
1060 4101 1387 4172 depascere,
1435 4102 1531 4157 sed
1575 4101 1762 4172 petius
1817 4101 1990 4155 veluti

415 4193 667 4262 quaedam
721 4192 1018 4263 lippitudo,
1049 4194 1310 4249 Ecclesiae
1361 4193 1582 4249 oculum
1630 4192 1922 4261 infestans,
1960 4208 1991 4247 a

416 4285 580 4339 vobis
613 4284 903 4357 repurgari
939 4285 1125 4341 debet.
1176 4285 1246 4341 Ut
1280 4285 1371 4338 illa
1402 4300 1626 4339 rursum
1677 4284 1887 4341 directe
1922 4284 1990 4339 ad

416 4375 643 4430 Patrum
676 4376 899 4431 decreta
948 4377 1268 4447 respiciens,
1311 4377 1509 4432 merito
1555 4392 1585 4431 a
1641 4376 1862 4433 Christo
1889 4394 1992 4432 au-

2086 3262 2372 3334 δφθαλμδν
2408 3260 2790 3333 παραλύουσα,
2822 3259 2959 3331 παρ’
2987 3257 3145 3328 ὑμῶν
3196 3255 3639 3324 ἐκκαθαίρισθαι
3661 3270 3675 3284 ·

2087 3357 2177 3411 ῐνα
2200 3356 2267 3425 δὴ
2306 3355 2471 3410 πάλιν
2501 3354 2679 3425 ὀρθῶς
2714 3354 2852 3425 πρὸς
2886 3350 3015 3416 τοὺς
3068 3351 3172 3404 τῶν
3204 3350 3469 3418 Πατέρων
3516 3347 3676 3416 ὅρους

2087 3450 2478 3508 ἀποϐλέπουσα
2530 3448 2757 3511 δικαίως
2824 3445 3001 3517 ἀκούῃ
3064 3444 3196 3515 περὶ
3268 3438 3547 3512 Χριστοῦ·
3609 3441 3674 3491 οι

2088 3542 2388 3613 ὀφθαλμοί
2428 3558 2547 3598 σου
2575 3539 2946 3610 περιστεραί.
2987 3536 3259 3604 Δέδεγμαι
3293 3532 3389 3587 οὖν
3431 3532 3674 3602 γράμμα

2088 3638 2249 3707 κάγὼ
2294 3636 2450 3708 παρὰ
2513 3635 2608 3689 τοῦ
2660 3632 3037 3704 εὐγηροτάτου
3092 3631 3192 3685 καὶ
3242 3623 3674 3697 θεοφιλεστάτου

2100 3732 2395 3787 ’Δκακίουο
2428 3729 2561 3783 ἔνθα
2610 3719 2702 3782 τὸν
2752 3725 3155 3779 εὐλαϐέστατον
3197 3720 3298 3790 τῆς
3336 3716 3677 3787 Ἀντιοχείας

2090 3823 2392 3876 ἐπίσκοπον
2441 3816 2792 3892 ἠναγκάσθαι
2849 3816 3004 3902 παρά
3052 3828 3216 3867 τινων
3273 3808 3705 3902 διισχυρίζεται.

2090 3916 2190 3983 τὴν
2246 3912 2501 3983 Ἰωάννου
2540 3912 2767 3982 μνήμην
2826 3905 3179 3962 ἑπιτελέσαιο
3234 3905 3330 3958 καὶ
3374 3901 3693 3956 δάκνεσθαι,

2094 4007 2196 4078 μὲν
2233 4008 2327 4060 ἐπὶ
2367 4007 2545 4076 τούτῳ
2594 4004 2827 4075 σφόδρα,
2853 4003 3008 4056 λύσιν
3044 4001 3102 4053 δέ
3132 4017 3257 4055 τινα
3288 3998 3399 4055 τῶν
3437 3996 3503 4048 ὲκ
3536 4010 3687 4064 προ..

2096 4102 2318 4164 πετείας
2356 4099 2623 4171 εὕρασθαι
2675 4097 2984 4170 ζητοῦντα·
3024 4097 3123 4149 καὶ
3178 4096 3495 4165 γράμματα
3541 4093 3680 4158 περὶ

2092 4193 2285 4245 τούτου
2321 4189 2658 4262 κομίσασθαι
2711 4188 3039 4259 βουλόμενον
3088 4185 3242 4255 παρά
3270 4200 3329 4236 τε
3383 4182 3542 4254 ήμῶν
3575 4184 3681 4236 καὶ

2094 4285 2195 4354 τῆς
2230 4286 2330 4353 σῆς
2366 4280 2703 4344 θεοσεϐείας,
2736 4277 2927 4348 σαφῶς
2958 4276 3371 4347 διαγορεύοντα,
3414 4273 3494 4342 μὴ
3538 4289 3678 4323 συν-

2096 4376 2410 4446 απάγεσθαί
2438 4392 2571 4443 τισι,
2608 4374 2745 4445 μηδὲ
2793 4374 2964 4426 εἴκειν
3011 4373 3127 4432 τοίς
3162 4368 3393 4423 τοιαῦτα
3436 4364 3683 4435 συμϐου-

418 4466 536 4521 diat
581 4485 595 4522 :
650 4467 807 4521 Oculi
860 4469 939 4521 tui
984 4468 1259 4524 columba.
1316 4470 1516 4539 Accepi
1562 4479 1619 4524 et
1657 4487 1760 4543 ego
1815 4487 1844 4524 a
1896 4471 1981 4526 Dei

2096 4470 2371 4524 λεύουσιν.
2420 4467 2566 4522 Ἀλλ’
2606 4467 2658 4520 el
2690 4467 2826 4537 πρὸς
2867 4464 3168 4534 θεραπείαν
3212 4460 3549 4530 κεκλημένοι
3581 4458 3683 4527 (δὶ-

422 4560 828 4624 amantissimo,
867 4560 962 4630 qui
1013 4564 1077 4615 ad
1120 4572 1423 4617 extremam
1476 4562 1712 4618 feliciter
1742 4565 1981 4629 pervenit

2100 4560 2195 4612 δου
2260 4559 2367 4630 γάρ
2420 4573 2515 4629 μοι
2551 4532 2750 4626 λέγειν
2801 4532 2946 4626 μετά
3008 4554 3325 4624 παρρησίας
3386 4554 3684 4604 πονέσαντι

421 4662 791 4716 senectutem,
831 4653 1035 4707 Acario
1079 4654 1316 4718 litteras,
1351 4656 1408 4711 in
1450 4658 1656 4726 quibus
1695 4658 1981 4729 religiosis

2101 4650 2201 4721 τὴν
2246 4650 2473 4723 ψυχήν),
2522 4649 2858 4720 τραυμάτων
2895 4647 3186 4717 προσθήκη
3227 4646 3304 4715 μὴ
3358 4640 3682 4713 γενώμεθα,

421 4746 628 4802 simum
677 4745 994 4801 Antiochia:
1038 4748 1345 4802 antistitem
1389 4749 1442 4803 vi
1493 4759 1750 4805 coactum
1792 4766 1822 4804 a
1872 4752 1981 4820 qui-

2102 4743 2191 4795 ἵνα
2220 4742 2314 4795 καὶ
2341 4742 2404 4794 τὸ
2430 4737 2571 4794 εἶναι
2602 4740 3075 4811 παρακολούθημα
3104 4738 3202 4807 τῆς
3231 4736 3440 4808 ἑτέρων
3472 4750 3687 4804 προπε-

423 4838 656 4893 busdatn
705 4854 855 4902 esse,
882 4847 944 4894 ut
994 4840 1226 4895 Joannis
1278 4847 1599 4896 memoriam
1645 4843 1981 4904 celebraret.

2101 4834 2256 4898 τείας
2285 4834 2687 4905 ἀποφύγωμεν.
2719 4833 2998 4907 Θαυμάζῳ
3048 4831 3107 4884 δὲ
3154 4831 3396 4887 κάκεῖνο.
3432 4830 3507 4893 εἰ,
3558 4844 3688 4879 τοτε

422 4940 743 4987 asseverat:
771 4942 939 5000 atque
970 4932 1103 4986 illud
1140 4943 1405 5002 prmterea
1438 4944 1628 5004 aperte
1655 4951 1981 4990 commemo-

2101 4929 2258 4993 οὗτος
2303 4928 2379 4981 ῶν
2413 4930 2492 4993 είς
2542 4927 2872 4995 πολυλογίαν
2901 4929 2930 4980 ὁ
2978 4923 3382 4999 μνημονευθεὶς
3422 4923 3686 4988 Ἀλέξαν-

424 5036 533 5089 rat,
576 5027 737 5082 valde
776 5042 905 5081 eum
958 5028 1140 5082 virum
1185 5043 1249 5082 ea
1295 5028 1351 5082 in
1388 5044 1448 5084 re
1498 5029 1691 5085 dolore
1739 5030 1981 5086 affecturi

2103 5022 2250 5093 δρος,
2285 5022 2382 5075 καὶ
2431 5022 2621 5092 χρόνον
2653 5022 2716 5074 οὐ
2759 5022 2961 5092 μικρὸν
2993 5019 3281 5089 διατρίψας
3331 5019 3538 5079 ἐκεῖσε,
3584 5015 3692 5085 οῦκ

424 5119 619 5183 fuisse,
652 5119 911 5189 viamque
942 5134 1050 5189 qua
1080 5135 1111 5174 a
1136 5128 1247 5174 tam
1278 5120 1565 5190 praefracta
1592 5122 1822 5177 audacia
1853 5122 1981 5177 libe-

2103 5114 2254 5179 ὂπως
2282 5114 2508 5185 ἰσχύσας
2534 5111 2829 5168 ἀναπεῖσαί
2860 5130 3015 5177 τινας
3043 5113 3185 5183 πρὸς
3203 5110 3367 5165 τοῦτο
3399 5110 3689 5180 φαίνεται·

424 5224 647 5266 raretur
695 5211 983 5283 quaesiisse
1029 5230 1047 5269 :
1097 5222 1157 5268 et
1205 5212 1418 5267 litteras
1468 5214 1568 5268 hac
1626 5213 1695 5268 de
1750 5226 1915 5268 causa
1966 5228 1981 5267 ι

2103 5204 2186 5271 εἷς
2234 5207 2293 5260 δὲ
2327 5209 2681 5277 γραμμάτων
2716 5205 3380 5279 διακομιστὴςτοσοῦτον
3438 5204 3686 5274 ἴσχυσεν,

423 5303 589 5358 nobis
614 5312 672 5358 et
699 5306 905 5373 pietate
935 5314 1050 5373 tua,
1093 5320 1163 5360 ne
1202 5304 1369 5359 simul
1410 5320 1538 5360 eum
1571 5305 1906 5375 quibusdam
1941 5304 1981 5360 it

2104 5305 2183 5368 ῶς
2221 5302 2604 5373 τεθρύλληται,
2653 5300 2798 5355 ὥστε
2831 5302 3007 5372 δῆμον
3032 5299 3236 5371 ἀνάψαι
3266 5298 3560 5362 τοσοῦτον,
3589 5298 3690 5351 καὶ

427 5401 682 5455 eumdem
744 5417 994 5457 errorem
1051 5403 1375 5474 duceretur,
1444 5418 1584 5457 neve
1654 5402 1976 5474 ejuscemod

2108 5398 2567 5468 κατηυνασμένην
2612 5397 2870 5450 ὑπόθεσιν
2923 5394 3102 5466 χρόνῳ
3160 5393 3362 5464 μακρῷ
3410 5393 3689 5461 διεγεῖραι

425 5493 660 5549 consilia
707 5494 1052 5566 agitantibus
1099 5473 1345 5562 ce‘deret,
1395 5473 1697 5566 impetrare
1730 5496 1974 5553 voluisse

2092 5493 2294 5556 πάλιν,
2340 5493 2480 5563 ὅπερ
2532 5491 2651 5544 ἐστὶ
2687 5487 2970 5552 παντελῶς
3009 5486 3294 5541 ἀπίθανον.
3347 5485 3493 5538 Ἀλλ’
3541 5486 3689 5538 ἔστω

424 5589 498 5643 At
550 5602 676 5651 nos,
728 5591 823 5657 qui
870 5588 941 5645 ad
990 5604 1182 5645 curam
1219 5597 1276 5645 et
1309 5589 1642 5645 medicinam
1687 5588 1981 5646 faciendam

2109 5585 2398 5642 καὶτοῦτο
2453 5584 2546 5636 καὶ
2606 5582 2950 5636 πιστευέσθω
2996 5580 3314 5650 γενόμενον.
3368 5578 3515 5631 Ἀλλ’
3565 5574 3687 5629 οἶδα

426 5680 610 5738 vocati
638 5694 829 5737 sumus
852 5680 943 5753 (da
971 5683 1120 5740 enim
1147 5683 1253 5739 hoc
1279 5682 1440 5749 mibi,
1470 5691 1530 5737 ut
1561 5697 1663 5753 pro
1692 5681 1864 5738 animi
1891 5699 1975 5738 me

2108 5681 2208 5752 τὴν
2235 5679 2334 5749 σὴν
2362 5677 2676 5732 θεοσέϐειαν
2703 5673 3098 5748 ἀριστεύουσαν
3120 5674 3177 5725 ἐν
3204 5672 3407 5740 λύγοις.
3437 5670 3697 5741 Διδάξειί

505 5859 522 5892 ⁸
553 5854 709 5915 Joan.
738 5874 813 5925 νι,
835 5858 922 5916 68.
998 5863 1018 5893 ²
1040 5860 1242 5917 larem.
1279 5875 1437 5924 xxxv,
1480 5861 1559 5915 Ιοί.
1641 5861 1661 5892 ⁸
1689 5857 1732 5913 ll
1764 5859 1891 5914 Cor.
1918 5875 1971 5923 v,

2085 5902 2097 5915 .
2180 5858 2429 5922 ‘Jeretn,
2485 5855 2632 5921 Lt,9.
