  <div class='ocr_page' id='page_1' title='image "/cluster/home/n/w/nwhite01/storage/ocr_20150623/146/hvd.32044019208347/582.png"; bbox 0 0 4036 6566; ppageno 0'>
   <div class='ocr_carea' id='block_1_1' title="bbox 276 368 420 434">
    <p class='ocr_par' dir='ltr' id='par_1_1' title="bbox 276 368 420 434">
     <span class='ocr_line' id='line_1_1' title="bbox 276 368 420 434; baseline -0.021 0"><span class='ocrx_word' id='word_1_1' title='bbox 276 368 420 434; x_wconf 73' lang='grc' dir='ltr'>ιιι]</span> 
     </span>
    </p>
   </div>
   <div class='ocr_carea' id='block_1_2' title="bbox 1206 351 2614 462">
    <p class='ocr_par' dir='ltr' id='par_1_2' title="bbox 1206 351 2614 462">
     <span class='ocr_line' id='line_1_2' title="bbox 1206 351 2614 462; baseline 0.016 -21"><span class='ocrx_word' id='word_1_2' title='bbox 1206 380 1813 450; x_wconf 63' lang='grc' dir='ltr'><strong>ΕΟΕιΕΒΙΑδΤΙΟᾸΕ</strong></span> <span class='ocrx_word' id='word_1_3' title='bbox 1845 351 2237 454; x_wconf 56' lang='grc' dir='ltr'><strong>ῘΙΙΞΤΟΒῘΪΕ</strong></span> <span class='ocrx_word' id='word_1_4' title='bbox 2278 396 2422 460; x_wconf 77' lang='lat' dir='ltr'><strong>LIB.</strong></span> <span class='ocrx_word' id='word_1_5' title='bbox 2458 400 2614 462; x_wconf 77' lang='lat' dir='ltr'><strong>XIV.</strong></span> 
     </span>
    </p>
   </div>
   <div class='ocr_carea' id='block_1_3' title="bbox 3405 404 3544 468">
    <p class='ocr_par' dir='ltr' id='par_1_3' title="bbox 3405 404 3544 468">
     <span class='ocr_line' id='line_1_3' title="bbox 3405 404 3544 468; baseline -0.007 0"><span class='ocrx_word' id='word_1_6' title='bbox 3405 404 3544 468; x_wconf 74' lang='lat'><strong>1159</strong></span> 
     </span>
    </p>
   </div>
   <div class='ocr_carea' id='block_1_4' title="bbox 274 487 1858 588">
    <p class='ocr_par' dir='ltr' id='par_1_4' title="bbox 274 487 1858 588">
     <span class='ocr_line' id='line_1_4' title="bbox 274 487 1858 588; baseline 0.013 -49"><span class='ocrx_word' id='word_1_7' title='bbox 274 487 503 588; x_wconf 50' lang='grc' dir='ltr'>πάΪτως</span> <span class='ocrx_word' id='word_1_8' title='bbox 530 491 602 544; x_wconf 77' lang='grc' dir='ltr'>τὰ</span> <span class='ocrx_word' id='word_1_9' title='bbox 625 491 817 548; x_wconf 76' lang='grc' dir='ltr'>δέοντα</span> <span class='ocrx_word' id='word_1_10' title='bbox 848 497 977 561; x_wconf 80' lang='grc' dir='ltr'>τοὺς</span> <span class='ocrx_word' id='word_1_11' title='bbox 1021 498 1521 571; x_wconf 71' lang='grc' dir='ltr'>τεθορυϐημένους.</span> <span class='ocrx_word' id='word_1_12' title='bbox 1551 504 1739 574; x_wconf 83' lang='grc' dir='ltr'><strong>Ἔχεις</strong></span> <span class='ocrx_word' id='word_1_13' title='bbox 1767 506 1858 577; x_wconf 85' lang='grc' dir='ltr'>ἀρ-</span> 
     </span>
    </p>
   </div>
   <div class='ocr_carea' id='block_1_5' title="bbox 1959 487 3541 588">
    <p class='ocr_par' dir='ltr' id='par_1_5' title="bbox 1968 507 3541 588">
     <span class='ocr_line' id='line_1_5' title="bbox 1968 507 3541 588; baseline 0.008 -24"><span class='ocrx_word' id='word_1_14' title='bbox 1968 507 2183 576; x_wconf 83' lang='lat' dir='ltr'><strong>dolore,</strong></span> <span class='ocrx_word' id='word_1_15' title='bbox 2216 513 2394 570; x_wconf 78' lang='lat' dir='ltr'><strong>libere</strong></span> <span class='ocrx_word' id='word_1_16' title='bbox 2427 516 2617 572; x_wconf 85' lang='lat' dir='ltr'><strong>dicere</strong></span> <span class='ocrx_word' id='word_1_17' title='bbox 2650 516 2904 588; x_wconf 86' lang='lat' dir='ltr'><strong>possim),</strong></span> <span class='ocrx_word' id='word_1_18' title='bbox 2945 534 3016 575; x_wconf 91' lang='lat' dir='ltr'><strong>ne</strong></span> <span class='ocrx_word' id='word_1_19' title='bbox 3063 519 3312 576; x_wconf 86' lang='lat' dir='ltr'><strong>accessio</strong></span> <span class='ocrx_word' id='word_1_20' title='bbox 3343 522 3541 577; x_wconf 87' lang='lat' dir='ltr'><strong>vulne-</strong></span> 
     </span>
    </p>
   </div>
   <div class='ocr_carea' id='block_1_6' title="bbox 273 581 1858 667">
    <p class='ocr_par' dir='ltr' id='par_1_6' title="bbox 273 581 1858 667">
     <span class='ocr_line' id='line_1_6' title="bbox 273 581 1858 667; baseline 0.011 -32"><span class='ocrx_word' id='word_1_21' title='bbox 273 581 487 637; x_wconf 81' lang='grc' dir='ltr'>κοῦσαν</span> <span class='ocrx_word' id='word_1_22' title='bbox 519 585 632 638; x_wconf 82' lang='grc' dir='ltr'>τῶν</span> <span class='ocrx_word' id='word_1_23' title='bbox 669 587 832 658; x_wconf 79' lang='grc' dir='ltr'>ἱερῶν</span> <span class='ocrx_word' id='word_1_24' title='bbox 861 592 1243 662; x_wconf 79' lang='grc' dir='ltr'><strong>κηρυγμάτων</strong></span> <span class='ocrx_word' id='word_1_25' title='bbox 1269 599 1369 663; x_wconf 79' lang='grc' dir='ltr'><strong>τὴν</strong></span> <span class='ocrx_word' id='word_1_26' title='bbox 1395 596 1578 667; x_wconf 85' lang='grc' dir='ltr'>χάριν.</span> <span class='ocrx_word' id='word_1_27' title='bbox 1613 599 1858 664; x_wconf 82' lang='grc' dir='ltr'>Πείσεις,</span> 
     </span>
    </p>
   </div>
   <div class='ocr_carea' id='block_1_7' title="bbox 272 671 1860 765">
    <p class='ocr_par' dir='ltr' id='par_1_7' title="bbox 272 671 1860 765">
     <span class='ocr_line' id='line_1_7' title="bbox 272 671 1860 765; baseline 0.012 -38"><span class='ocrx_word' id='word_1_28' title='bbox 272 671 399 728; x_wconf 78' lang='grc' dir='ltr'>οἶδα</span> <span class='ocrx_word' id='word_1_29' title='bbox 423 713 439 736; x_wconf 89' lang='grc'><strong>.</strong></span> <span class='ocrx_word' id='word_1_30' title='bbox 496 677 595 732; x_wconf 81' lang='grc' dir='ltr'>καὶ</span> <span class='ocrx_word' id='word_1_31' title='bbox 642 678 771 743; x_wconf 79' lang='grc' dir='ltr'>τοὺς</span> <span class='ocrx_word' id='word_1_32' title='bbox 835 681 1266 748; x_wconf 82' lang='grc' dir='ltr'>εύσεόεστάτους</span> <span class='ocrx_word' id='word_1_33' title='bbox 1319 686 1584 756; x_wconf 75' lang='grc' dir='ltr'><strong>βασιλεῖς,</strong></span> <span class='ocrx_word' id='word_1_34' title='bbox 1635 691 1860 765; x_wconf 72' lang='grc' dir='ltr'>ἀγαπᾷν</span> 
     </span>
    </p>
   </div>
   <div class='ocr_carea' id='block_1_8' title="bbox 275 768 1860 855">
    <p class='ocr_par' dir='ltr' id='par_1_8' title="bbox 275 768 1860 855">
     <span class='ocr_line' id='line_1_8' title="bbox 275 768 1860 855; baseline 0.011 -35"><span class='ocrx_word' id='word_1_35' title='bbox 275 768 533 839; x_wconf 77' lang='grc' dir='ltr'><strong>συνήθως</strong></span> <span class='ocrx_word' id='word_1_36' title='bbox 573 771 636 824; x_wconf 77' lang='grc' dir='ltr'>τὸ</span> <span class='ocrx_word' id='word_1_37' title='bbox 664 775 777 836; x_wconf 77' lang='grc' dir='ltr'>τοῖς</span> <span class='ocrx_word' id='word_1_38' title='bbox 804 776 999 831; x_wconf 84' lang='grc' dir='ltr'><strong>κανόσι</strong></span> <span class='ocrx_word' id='word_1_39' title='bbox 1022 777 1237 833; x_wconf 79' lang='grc' dir='ltr'><strong>δοκοῦν.</strong></span> <span class='ocrx_word' id='word_1_40' title='bbox 1266 781 1529 846; x_wconf 75' lang='grc' dir='ltr'><strong>Εὐσεσεῐς</strong></span> <span class='ocrx_word' id='word_1_41' title='bbox 1562 784 1672 855; x_wconf 81' lang='grc' dir='ltr'>γὰρ</span> <span class='ocrx_word' id='word_1_42' title='bbox 1705 785 1860 850; x_wconf 75' lang='grc' dir='ltr'>ὄντες</span> 
     </span>
    </p>
   </div>
   <div class='ocr_carea' id='block_1_9' title="bbox 272 863 1861 946">
    <p class='ocr_par' dir='ltr' id='par_1_9' title="bbox 272 863 1861 946">
     <span class='ocr_line' id='line_1_9' title="bbox 272 863 1861 946; baseline 0.011 -32"><span class='ocrx_word' id='word_1_43' title='bbox 272 863 377 915; x_wconf 81' lang='grc' dir='ltr'><strong>καὶ</strong></span> <span class='ocrx_word' id='word_1_44' title='bbox 404 863 767 934; x_wconf 81' lang='grc' dir='ltr'>φιλόχριστοι,</span> <span class='ocrx_word' id='word_1_45' title='bbox 800 867 1029 939; x_wconf 76' lang='grc' dir='ltr'><strong>θεσμοῖς</strong></span> <span class='ocrx_word' id='word_1_46' title='bbox 1058 871 1214 937; x_wconf 86' lang='grc' dir='ltr'>ίδίοις</span> <span class='ocrx_word' id='word_1_47' title='bbox 1249 874 1610 946; x_wconf 78' lang='grc' dir='ltr'>ἐπιτρέψουσι</span> <span class='ocrx_word' id='word_1_48' title='bbox 1638 877 1861 932; x_wconf 83' lang='grc' dir='ltr'>διοικεῖ-</span> 
     </span>
    </p>
   </div>
   <div class='ocr_carea' id='block_1_10' title="bbox 277 955 1861 1043">
    <p class='ocr_par' dir='ltr' id='par_1_10' title="bbox 277 955 1861 1043">
     <span class='ocr_line' id='line_1_10' title="bbox 277 955 1861 1043; baseline 0.012 -37"><span class='ocrx_word' id='word_1_49' title='bbox 277 955 406 1008; x_wconf 85' lang='grc' dir='ltr'>σθαι</span> <span class='ocrx_word' id='word_1_50' title='bbox 428 956 529 1018; x_wconf 81' lang='grc' dir='ltr'><strong>τάς</strong></span> <span class='ocrx_word' id='word_1_51' title='bbox 553 957 875 1026; x_wconf 79' lang='grc' dir='ltr'><strong>ἐκκλησίας.</strong></span> <span class='ocrx_word' id='word_1_52' title='bbox 909 962 1006 1017; x_wconf 78' lang='grc' dir='ltr'>καὶ</span> <span class='ocrx_word' id='word_1_53' title='bbox 1029 963 1132 1033; x_wconf 86' lang='grc' dir='ltr'>τῆς</span> <span class='ocrx_word' id='word_1_54' title='bbox 1163 967 1430 1039; x_wconf 81' lang='grc' dir='ltr'><strong>πατρῴας</strong></span> <span class='ocrx_word' id='word_1_55' title='bbox 1455 968 1657 1039; x_wconf 84' lang='grc' dir='ltr'>ἀρετῆς</span> <span class='ocrx_word' id='word_1_56' title='bbox 1685 972 1861 1043; x_wconf 79' lang='grc' dir='ltr'>ὑπάρ-</span> 
     </span>
    </p>
   </div>
   <div class='ocr_carea' id='block_1_11' title="bbox 274 1046 1861 1133">
    <p class='ocr_par' dir='ltr' id='par_1_11' title="bbox 274 1046 1861 1133">
     <span class='ocr_line' id='line_1_11' title="bbox 274 1046 1861 1133; baseline 0.012 -37"><span class='ocrx_word' id='word_1_57' title='bbox 274 1061 472 1114; x_wconf 78' lang='grc' dir='ltr'>χοντες</span> <span class='ocrx_word' id='word_1_58' title='bbox 504 1046 770 1115; x_wconf 77' lang='grc' dir='ltr'>ζηλωταὶ.</span> <span class='ocrx_word' id='word_1_59' title='bbox 810 1052 879 1106; x_wconf 81' lang='grc' dir='ltr'>τὰ</span> <span class='ocrx_word' id='word_1_60' title='bbox 928 1053 1156 1109; x_wconf 86' lang='grc' dir='ltr'>ἐκείνων</span> <span class='ocrx_word' id='word_1_61' title='bbox 1208 1059 1695 1133; x_wconf 44' lang='grc' dir='ltr'>μιμήσονταιηΜὴ</span> <span class='ocrx_word' id='word_1_62' title='bbox 1730 1080 1861 1115; x_wconf 85' lang='grc' dir='ltr'>τατ-</span> 
     </span>
    </p>
   </div>
   <div class='ocr_carea' id='block_1_12' title="bbox 270 1126 1859 1224">
    <p class='ocr_par' dir='ltr' id='par_1_12' title="bbox 270 1126 1859 1224">
     <span class='ocr_line' id='line_1_12' title="bbox 270 1126 1859 1224; baseline 0.013 -36"><span class='ocrx_word' id='word_1_63' title='bbox 270 1138 457 1192; x_wconf 81' lang='grc' dir='ltr'>τέσθω</span> <span class='ocrx_word' id='word_1_64' title='bbox 512 1141 805 1211; x_wconf 81' lang='grc' dir='ltr'>τοιγαροῦν</span> <span class='ocrx_word' id='word_1_65' title='bbox 857 1147 885 1198; x_wconf 84' lang='grc' dir='ltr'><strong>δ</strong></span> <span class='ocrx_word' id='word_1_66' title='bbox 937 1126 1350 1219; x_wconf 79' lang='grc' dir='ltr'>ἐκδεδλημένος</span> <span class='ocrx_word' id='word_1_67' title='bbox 1402 1126 1859 1224; x_wconf 29' lang='grc' dir='ltr'>Ἰεχονίαςτμετὰ</span> 
     </span>
    </p>
   </div>
   <div class='ocr_carea' id='block_1_13' title="bbox 270 1232 1860 1317">
    <p class='ocr_par' dir='ltr' id='par_1_13' title="bbox 270 1232 1860 1317">
     <span class='ocr_line' id='line_1_13' title="bbox 270 1232 1860 1317; baseline 0.013 -35"><span class='ocrx_word' id='word_1_68' title='bbox 270 1232 445 1286; x_wconf 80' lang='grc' dir='ltr'>Δαυῖδ</span> <span class='ocrx_word' id='word_1_69' title='bbox 470 1250 531 1286; x_wconf 88' lang='grc' dir='ltr'>τε</span> <span class='ocrx_word' id='word_1_70' title='bbox 563 1235 657 1288; x_wconf 79' lang='grc' dir='ltr'>καὶ</span> <span class='ocrx_word' id='word_1_71' title='bbox 684 1237 944 1309; x_wconf 84' lang='grc' dir='ltr'>Σαμουὴλ</span> <span class='ocrx_word' id='word_1_72' title='bbox 968 1241 1077 1294; x_wconf 85' lang='grc' dir='ltr'><strong>τῶν</strong></span> <span class='ocrx_word' id='word_1_73' title='bbox 1102 1244 1404 1315; x_wconf 79' lang='grc' dir='ltr'>προφητῶν</span> <span class='ocrx_word' id='word_1_74' title='bbox 1421 1259 1438 1277; x_wconf 87' lang='grc'><strong>·</strong></span> <span class='ocrx_word' id='word_1_75' title='bbox 1467 1247 1604 1317; x_wconf 69' lang='grc' dir='ltr'>μηδὲ</span> <span class='ocrx_word' id='word_1_76' title='bbox 1630 1248 1685 1301; x_wconf 68' lang='lat' dir='ltr'><strong>et</strong></span> <span class='ocrx_word' id='word_1_77' title='bbox 1715 1266 1860 1303; x_wconf 87' lang='grc' dir='ltr'>τισιν</span> 
     </span>
    </p>
   </div>
   <div class='ocr_carea' id='block_1_14' title="bbox 269 1322 1862 1406">
    <p class='ocr_par' dir='ltr' id='par_1_14' title="bbox 269 1322 1862 1406">
     <span class='ocr_line' id='line_1_14' title="bbox 269 1322 1862 1406; baseline 0.013 -32"><span class='ocrx_word' id='word_1_78' title='bbox 269 1322 484 1388; x_wconf 82' lang='grc' dir='ltr'>ἀδίκως</span> <span class='ocrx_word' id='word_1_79' title='bbox 515 1325 660 1394; x_wconf 74' lang='grc' dir='ltr'>ἔδοξε</span> <span class='ocrx_word' id='word_1_80' title='bbox 694 1330 757 1383; x_wconf 80' lang='grc' dir='ltr'>τὸ</span> <span class='ocrx_word' id='word_1_81' title='bbox 788 1331 1039 1398; x_wconf 79' lang='grc' dir='ltr'>Εὐδοξίου</span> <span class='ocrx_word' id='word_1_82' title='bbox 1069 1333 1323 1406; x_wconf 73' lang='grc' dir='ltr'>λείψανον</span> <span class='ocrx_word' id='word_1_83' title='bbox 1362 1338 1420 1390; x_wconf 79' lang='grc' dir='ltr'><strong>ἐν</strong></span> <span class='ocrx_word' id='word_1_84' title='bbox 1446 1339 1629 1404; x_wconf 79' lang='grc' dir='ltr'>αὐτοῖς</span> <span class='ocrx_word' id='word_1_85' title='bbox 1659 1341 1862 1396; x_wconf 86' lang='grc' dir='ltr'>ἀποτε-</span> 
     </span>
    </p>
   </div>
   <div class='ocr_carea' id='block_1_15' title="bbox 274 1416 1860 1506">
    <p class='ocr_par' dir='ltr' id='par_1_15' title="bbox 274 1416 1860 1506">
     <span class='ocr_line' id='line_1_15' title="bbox 274 1416 1860 1506; baseline 0.013 -38"><span class='ocrx_word' id='word_1_86' title='bbox 274 1416 499 1472; x_wconf 72' lang='grc' dir='ltr'>θεῖσθαι</span> <span class='ocrx_word' id='word_1_87' title='bbox 533 1421 748 1486; x_wconf 85' lang='grc' dir='ltr'>τόποις,</span> <span class='ocrx_word' id='word_1_88' title='bbox 773 1423 861 1479; x_wconf 78' lang='grc' dir='ltr'>διὰ</span> <span class='ocrx_word' id='word_1_89' title='bbox 891 1425 1054 1481; x_wconf 88' lang='grc' dir='ltr'>τοῦτο</span> <span class='ocrx_word' id='word_1_90' title='bbox 1092 1431 1192 1483; x_wconf 78' lang='grc' dir='ltr'><strong>καὶ</strong></span> <span class='ocrx_word' id='word_1_91' title='bbox 1229 1432 1395 1501; x_wconf 74' lang='grc' dir='ltr'>ἡμεῖς</span> <span class='ocrx_word' id='word_1_92' title='bbox 1421 1433 1513 1486; x_wconf 82' lang='grc' dir='ltr'><strong>τὸν</strong></span> <span class='ocrx_word' id='word_1_93' title='bbox 1541 1432 1758 1506; x_wconf 76' lang='grc' dir='ltr'>ἀνίερον</span> <span class='ocrx_word' id='word_1_94' title='bbox 1784 1434 1860 1499; x_wconf 85' lang='grc' dir='ltr'><strong>ὡς</strong></span> 
     </span>
    </p>
   </div>
   <div class='ocr_carea' id='block_1_16' title="bbox 273 1506 1863 1596">
    <p class='ocr_par' dir='ltr' id='par_1_16' title="bbox 273 1506 1863 1596">
     <span class='ocr_line' id='line_1_16' title="bbox 273 1506 1863 1596; baseline 0.013 -35"><span class='ocrx_word' id='word_1_95' title='bbox 273 1509 429 1579; x_wconf 74' lang='grc' dir='ltr'>ἱερὸν</span> <span class='ocrx_word' id='word_1_96' title='bbox 473 1513 842 1585; x_wconf 81' lang='grc' dir='ltr'>είσφέρωμεν.</span> <span class='ocrx_word' id='word_1_97' title='bbox 901 1519 1102 1590; x_wconf 76' lang='grc' dir='ltr'>Ἐχρῆν</span> <span class='ocrx_word' id='word_1_98' title='bbox 1149 1521 1260 1594; x_wconf 82' lang='grc' dir='ltr'><strong>γὰρ</strong></span> <span class='ocrx_word' id='word_1_99' title='bbox 1309 1523 1484 1594; x_wconf 78' lang='grc' dir='ltr'>δήπου</span> <span class='ocrx_word' id='word_1_100' title='bbox 1531 1526 1732 1596; x_wconf 78' lang='grc' dir='ltr'>μᾶλλον</span> <span class='ocrx_word' id='word_1_101' title='bbox 1760 1506 1863 1582; x_wconf 48' lang='grc' dir='ltr'><strong>κάξ·</strong></span> 
     </span>
    </p>
   </div>
   <div class='ocr_carea' id='block_1_17' title="bbox 270 1605 1862 1688">
    <p class='ocr_par' dir='ltr' id='par_1_17' title="bbox 270 1605 1862 1688">
     <span class='ocr_line' id='line_1_17' title="bbox 270 1605 1862 1688; baseline 0.013 -33"><span class='ocrx_word' id='word_1_102' title='bbox 270 1605 426 1657; x_wconf 81' lang='grc' dir='ltr'>κεῖνο</span> <span class='ocrx_word' id='word_1_103' title='bbox 452 1605 747 1676; x_wconf 83' lang='grc' dir='ltr'>διόρθωσιν</span> <span class='ocrx_word' id='word_1_104' title='bbox 777 1611 1162 1681; x_wconf 80' lang='grc' dir='ltr'>ἐπιζητείσθαι</span> <span class='ocrx_word' id='word_1_105' title='bbox 1192 1616 1325 1686; x_wconf 84' lang='grc' dir='ltr'>παρ’</span> <span class='ocrx_word' id='word_1_106' title='bbox 1355 1617 1539 1688; x_wconf 75' lang='grc' dir='ltr'>ἡμῶν,</span> <span class='ocrx_word' id='word_1_107' title='bbox 1568 1619 1671 1673; x_wconf 83' lang='grc' dir='ltr'>οὐκ</span> <span class='ocrx_word' id='word_1_108' title='bbox 1695 1620 1862 1676; x_wconf 77' lang='grc' dir='ltr'>αὐτὸν</span> 
     </span>
    </p>
   </div>
   <div class='ocr_carea' id='block_1_18' title="bbox 279 1695 1862 1784">
    <p class='ocr_par' dir='ltr' id='par_1_18' title="bbox 279 1695 1862 1784">
     <span class='ocr_line' id='line_1_18' title="bbox 279 1695 1862 1784; baseline 0.013 -37"><span class='ocrx_word' id='word_1_109' title='bbox 279 1695 629 1766; x_wconf 74' lang='grc' dir='ltr'>μορφοῦσθαι</span> <span class='ocrx_word' id='word_1_110' title='bbox 677 1700 747 1754; x_wconf 79' lang='grc' dir='ltr'>τὰ</span> <span class='ocrx_word' id='word_1_111' title='bbox 781 1701 1035 1775; x_wconf 80' lang='grc' dir='ltr'>δεύτερα.</span> <span class='ocrx_word' id='word_1_112' title='bbox 1089 1706 1203 1761; x_wconf 78' lang='grc' dir='ltr'><strong>Καὶ</strong></span> <span class='ocrx_word' id='word_1_113' title='bbox 1228 1708 1408 1763; x_wconf 84' lang='grc' dir='ltr'>ταῦτά</span> <span class='ocrx_word' id='word_1_114' title='bbox 1441 1727 1624 1783; x_wconf 82' lang='grc' dir='ltr'>φαμεν</span> <span class='ocrx_word' id='word_1_115' title='bbox 1658 1712 1756 1784; x_wconf 81' lang='grc' dir='ltr'>οὐχ</span> <span class='ocrx_word' id='word_1_116' title='bbox 1783 1712 1862 1778; x_wconf 83' lang='grc' dir='ltr'><strong>ὡς</strong></span> 
     </span>
    </p>
   </div>
   <div class='ocr_carea' id='block_1_19' title="bbox 271 1790 1860 1876">
    <p class='ocr_par' dir='ltr' id='par_1_19' title="bbox 271 1790 1860 1876">
     <span class='ocr_line' id='line_1_19' title="bbox 271 1790 1860 1876; baseline 0.013 -37"><span class='ocrx_word' id='word_1_117' title='bbox 271 1790 714 1857; x_wconf 75' lang='grc' dir='ltr'>ἐπεμϐαίνοντες</span> <span class='ocrx_word' id='word_1_118' title='bbox 736 1793 817 1865; x_wconf 85' lang='grc' dir='ltr'>τῷ</span> <span class='ocrx_word' id='word_1_119' title='bbox 846 1798 1089 1869; x_wconf 76' lang='grc' dir='ltr'><strong>κειμένῳ</strong></span> <span class='ocrx_word' id='word_1_120' title='bbox 1106 1816 1122 1832; x_wconf 75' lang='grc' dir='ltr'><strong><em>ο</em></strong></span> <span class='ocrx_word' id='word_1_121' title='bbox 1158 1801 1233 1871; x_wconf 84' lang='grc' dir='ltr'>μὴ</span> <span class='ocrx_word' id='word_1_122' title='bbox 1260 1802 1372 1874; x_wconf 83' lang='grc' dir='ltr'>γὰρ</span> <span class='ocrx_word' id='word_1_123' title='bbox 1390 1804 1509 1876; x_wconf 85' lang='grc' dir='ltr'>δοίη</span> <span class='ocrx_word' id='word_1_124' title='bbox 1533 1804 1667 1870; x_wconf 85' lang='grc' dir='ltr'>Θεός</span> <span class='ocrx_word' id='word_1_125' title='bbox 1688 1822 1703 1837; x_wconf 87' lang='grc'><strong>·</strong></span> <span class='ocrx_word' id='word_1_126' title='bbox 1734 1805 1860 1863; x_wconf 67' lang='grc' dir='ltr'>οὐδὲ</span> 
     </span>
    </p>
   </div>
   <div class='ocr_carea' id='block_1_20' title="bbox 270 1885 1854 1968">
    <p class='ocr_par' dir='ltr' id='par_1_20' title="bbox 270 1885 1854 1968">
     <span class='ocr_line' id='line_1_20' title="bbox 270 1885 1854 1968; baseline 0.013 -33"><span class='ocrx_word' id='word_1_127' title='bbox 270 1885 665 1957; x_wconf 78' lang='grc' dir='ltr'>ἐπιχαίροντες</span> <span class='ocrx_word' id='word_1_128' title='bbox 692 1887 770 1953; x_wconf 84' lang='grc' dir='ltr'>ὡς</span> <span class='ocrx_word' id='word_1_129' title='bbox 809 1891 1125 1962; x_wconf 83' lang='grc' dir='ltr'>γέγραπται</span> <span class='ocrx_word' id='word_1_130' title='bbox 1150 1897 1266 1959; x_wconf 78' lang='grc' dir='ltr'>τοῖς</span> <span class='ocrx_word' id='word_1_131' title='bbox 1300 1897 1608 1968; x_wconf 78' lang='grc' dir='ltr'>ἀλλοτρίοις</span> <span class='ocrx_word' id='word_1_132' title='bbox 1635 1906 1854 1968; x_wconf 84' lang='grc' dir='ltr'>κακοῖς·</span> 
     </span>
    </p>
   </div>
   <div class='ocr_carea' id='block_1_21' title="bbox 269 1973 1860 2067">
    <p class='ocr_par' dir='ltr' id='par_1_21' title="bbox 269 1973 1860 2067">
     <span class='ocr_line' id='line_1_21' title="bbox 269 1973 1860 2067; baseline 0.012 -36"><span class='ocrx_word' id='word_1_133' title='bbox 269 1979 335 2032; x_wconf 87' lang='grc' dir='ltr'><strong>ού</strong></span> <span class='ocrx_word' id='word_1_134' title='bbox 364 1980 480 2052; x_wconf 82' lang='grc' dir='ltr'><strong>γὰρ</strong></span> <span class='ocrx_word' id='word_1_135' title='bbox 508 1973 670 2047; x_wconf 77' lang='grc' dir='ltr'>οὗτος</span> <span class='ocrx_word' id='word_1_136' title='bbox 718 1985 1070 2057; x_wconf 83' lang='grc' dir='ltr'>Χριστιανῶν</span> <span class='ocrx_word' id='word_1_137' title='bbox 1115 1989 1318 2055; x_wconf 84' lang='grc' dir='ltr'>σκοπός</span> <span class='ocrx_word' id='word_1_138' title='bbox 1340 2007 1357 2024; x_wconf 76' lang='grc' dir='ltr'><strong>ο</strong></span> <span class='ocrx_word' id='word_1_139' title='bbox 1414 1992 1553 2048; x_wconf 81' lang='grc' dir='ltr'>ἀλλὰ</span> <span class='ocrx_word' id='word_1_140' title='bbox 1588 1995 1690 2065; x_wconf 82' lang='grc' dir='ltr'>τῆς</span> <span class='ocrx_word' id='word_1_141' title='bbox 1717 1997 1860 2067; x_wconf 71' lang='grc' dir='ltr'>πρὸς</span> 
     </span>
    </p>
   </div>
   <div class='ocr_carea' id='block_1_22' title="bbox 269 2073 1902 2163">
    <p class='ocr_par' dir='ltr' id='par_1_22' title="bbox 269 2073 1902 2163">
     <span class='ocr_line' id='line_1_22' title="bbox 269 2073 1902 2163; baseline 0.011 -35"><span class='ocrx_word' id='word_1_142' title='bbox 269 2073 568 2146; x_wconf 76' lang='grc' dir='ltr'>ἄνθρωπον</span> <span class='ocrx_word' id='word_1_143' title='bbox 617 2079 989 2149; x_wconf 84' lang='grc' dir='ltr'>συμπαθείας,</span> <span class='ocrx_word' id='word_1_144' title='bbox 1019 2082 1082 2136; x_wconf 84' lang='grc' dir='ltr'>τὸ</span> <span class='ocrx_word' id='word_1_145' title='bbox 1117 2087 1186 2156; x_wconf 77' lang='grc' dir='ltr'><strong>τῇ</strong></span> <span class='ocrx_word' id='word_1_146' title='bbox 1221 2085 1527 2158; x_wconf 74' lang='grc' dir='ltr'>Ἐκκλησία</span> <span class='ocrx_word' id='word_1_147' title='bbox 1575 2090 1859 2163; x_wconf 72' lang='grc' dir='ltr'>συμφέρον</span> <span class='ocrx_word' id='word_1_148' title='bbox 1898 2142 1902 2146; x_wconf 89' lang='grc'>.</span> 
     </span>
    </p>
   </div>
   <div class='ocr_carea' id='block_1_23' title="bbox 268 2170 1859 2256">
    <p class='ocr_par' dir='ltr' id='par_1_23' title="bbox 268 2170 1859 2256">
     <span class='ocr_line' id='line_1_23' title="bbox 268 2170 1859 2256; baseline 0.014 -37"><span class='ocrx_word' id='word_1_149' title='bbox 268 2170 638 2238; x_wconf 87' lang='grc' dir='ltr'>πράττοντες,</span> <span class='ocrx_word' id='word_1_150' title='bbox 684 2174 919 2230; x_wconf 76' lang='grc' dir='ltr'>καὶτῶν</span> <span class='ocrx_word' id='word_1_151' title='bbox 963 2177 1177 2249; x_wconf 81' lang='grc' dir='ltr'>ταύτης</span> <span class='ocrx_word' id='word_1_152' title='bbox 1208 2182 1452 2236; x_wconf 83' lang='grc' dir='ltr'>κανόνων</span> <span class='ocrx_word' id='word_1_153' title='bbox 1482 2183 1639 2239; x_wconf 77' lang='grc' dir='ltr'>ούδέν</span> <span class='ocrx_word' id='word_1_154' title='bbox 1689 2186 1859 2256; x_wconf 74' lang='grc' dir='ltr'>ἡγού-</span> 
     </span>
    </p>
   </div>
   <div class='ocr_carea' id='block_1_24' title="bbox 271 2265 1861 2345">
    <p class='ocr_par' dir='ltr' id='par_1_24' title="bbox 271 2265 1861 2345">
     <span class='ocr_line' id='line_1_24' title="bbox 271 2265 1861 2345; baseline 0.012 -31"><span class='ocrx_word' id='word_1_155' title='bbox 271 2278 435 2330; x_wconf 87' lang='grc' dir='ltr'>μενοι</span> <span class='ocrx_word' id='word_1_156' title='bbox 477 2265 899 2338; x_wconf 78' lang='grc' dir='ltr'>προτιμότερον.</span> <span class='ocrx_word' id='word_1_157' title='bbox 931 2270 994 2323; x_wconf 84' lang='lat' dir='ltr'><strong>El</strong></span> <span class='ocrx_word' id='word_1_158' title='bbox 1030 2270 1131 2341; x_wconf 74' lang='grc' dir='ltr'><strong>μὶν</strong></span> <span class='ocrx_word' id='word_1_159' title='bbox 1166 2269 1295 2341; x_wconf 80' lang='grc' dir='ltr'>ἐξῆν</span> <span class='ocrx_word' id='word_1_160' title='bbox 1322 2273 1478 2328; x_wconf 71' lang='grc' dir='ltr'>οὐδὲν</span> <span class='ocrx_word' id='word_1_161' title='bbox 1507 2275 1610 2345; x_wconf 74' lang='grc' dir='ltr'>μὲν</span> <span class='ocrx_word' id='word_1_162' title='bbox 1644 2276 1861 2340; x_wconf 82' lang='grc' dir='ltr'>τούτοις</span> 
     </span>
    </p>
   </div>
   <div class='ocr_carea' id='block_1_25' title="bbox 267 2351 1863 2442">
    <p class='ocr_par' dir='ltr' id='par_1_25' title="bbox 267 2351 1863 2442">
     <span class='ocr_line' id='line_1_25' title="bbox 267 2351 1863 2442; baseline 0.014 -38"><span class='ocrx_word' id='word_1_163' title='bbox 267 2351 646 2424; x_wconf 78' lang='grc' dir='ltr'>λυμήνασθαι,</span> <span class='ocrx_word' id='word_1_164' title='bbox 677 2361 1049 2416; x_wconf 82' lang='grc' dir='ltr'>κατατάττειν</span> <span class='ocrx_word' id='word_1_165' title='bbox 1066 2362 1123 2416; x_wconf 83' lang='grc' dir='ltr'><strong>δέ</strong></span> <span class='ocrx_word' id='word_1_166' title='bbox 1141 2364 1200 2417; x_wconf 82' lang='grc' dir='ltr'>ἐν</span> <span class='ocrx_word' id='word_1_167' title='bbox 1227 2364 1551 2431; x_wconf 79' lang='grc' dir='ltr'>ἐπισκόποις</span> <span class='ocrx_word' id='word_1_168' title='bbox 1571 2368 1668 2423; x_wconf 85' lang='grc' dir='ltr'><strong>τδν</strong></span> <span class='ocrx_word' id='word_1_169' title='bbox 1687 2370 1863 2442; x_wconf 79' lang='grc' dir='ltr'>καθῃ-</span> 
     </span>
    </p>
   </div>
   <div class='ocr_carea' id='block_1_26' title="bbox 275 2445 1859 2529">
    <p class='ocr_par' dir='ltr' id='par_1_26' title="bbox 275 2445 1859 2529">
     <span class='ocr_line' id='line_1_26' title="bbox 275 2445 1859 2529; baseline 0.011 -29"><span class='ocrx_word' id='word_1_170' title='bbox 275 2448 525 2518; x_wconf 73' lang='grc' dir='ltr'>ρημένον</span> <span class='ocrx_word' id='word_1_171' title='bbox 548 2466 565 2482; x_wconf 79' lang='grc' dir='ltr'><strong>ο</strong></span> <span class='ocrx_word' id='word_1_172' title='bbox 602 2445 672 2523; x_wconf 78' lang='grc' dir='ltr'><strong>ἦν</strong></span> <span class='ocrx_word' id='word_1_173' title='bbox 714 2449 782 2506; x_wconf 76' lang='grc' dir='ltr'><strong>ἂν</strong></span> <span class='ocrx_word' id='word_1_174' title='bbox 813 2454 1040 2520; x_wconf 72' lang='grc' dir='ltr'>εἰκότως</span> <span class='ocrx_word' id='word_1_175' title='bbox 1066 2459 1265 2524; x_wconf 78' lang='grc' dir='ltr'>εἰπεῖν,</span> <span class='ocrx_word' id='word_1_176' title='bbox 1309 2460 1541 2529; x_wconf 79' lang='grc' dir='ltr'>ἀγρίους</span> <span class='ocrx_word' id='word_1_177' title='bbox 1572 2462 1732 2524; x_wconf 72' lang='grc' dir='ltr'>τινας</span> <span class='ocrx_word' id='word_1_178' title='bbox 1760 2465 1859 2518; x_wconf 77' lang='grc' dir='ltr'><strong>καὶ</strong></span> 
     </span>
    </p>
   </div>
   <div class='ocr_carea' id='block_1_27' title="bbox 270 2540 1857 2628">
    <p class='ocr_par' dir='ltr' id='par_1_27' title="bbox 270 2540 1857 2628">
     <span class='ocr_line' id='line_1_27' title="bbox 270 2540 1857 2628; baseline 0.013 -36"><span class='ocrx_word' id='word_1_179' title='bbox 270 2540 594 2612; x_wconf 81' lang='grc' dir='ltr'>ἀνημέρους</span> <span class='ocrx_word' id='word_1_180' title='bbox 614 2544 739 2609; x_wconf 78' lang='grc' dir='ltr'>τοὺς</span> <span class='ocrx_word' id='word_1_181' title='bbox 755 2545 914 2601; x_wconf 88' lang='grc' dir='ltr'>τοῦτο</span> <span class='ocrx_word' id='word_1_182' title='bbox 931 2548 1187 2617; x_wconf 81' lang='grc' dir='ltr'>γενέσθαι</span> <span class='ocrx_word' id='word_1_183' title='bbox 1211 2551 1616 2619; x_wconf 83' lang='grc' dir='ltr'>διακωλύοντας</span> <span class='ocrx_word' id='word_1_184' title='bbox 1629 2571 1645 2587; x_wconf 86' lang='grc'><strong>·</strong></span> <span class='ocrx_word' id='word_1_185' title='bbox 1666 2556 1857 2628; x_wconf 80' lang='grc' dir='ltr'>ἐπειδὴ</span> 
     </span>
    </p>
   </div>
   <div class='ocr_carea' id='block_1_28' title="bbox 267 2633 1860 2723">
    <p class='ocr_par' dir='ltr' id='par_1_28' title="bbox 267 2633 1860 2723">
     <span class='ocr_line' id='line_1_28' title="bbox 267 2633 1860 2723; baseline 0.011 -36"><span class='ocrx_word' id='word_1_186' title='bbox 267 2633 325 2686; x_wconf 88' lang='grc' dir='ltr'><strong>δέ</strong></span> <span class='ocrx_word' id='word_1_187' title='bbox 354 2634 579 2707; x_wconf 80' lang='grc' dir='ltr'><strong>ἀνάγκη</strong></span> <span class='ocrx_word' id='word_1_188' title='bbox 613 2641 944 2708; x_wconf 82' lang='grc' dir='ltr'>κρατοῦντος</span> <span class='ocrx_word' id='word_1_189' title='bbox 1000 2641 1119 2707; x_wconf 74' lang='grc' dir='ltr'>ἐνὸς</span> <span class='ocrx_word' id='word_1_190' title='bbox 1168 2643 1268 2715; x_wconf 71' lang='grc' dir='ltr'>τὴν</span> <span class='ocrx_word' id='word_1_191' title='bbox 1314 2645 1410 2700; x_wconf 89' lang='grc' dir='ltr'><strong>τοῦ</strong></span> <span class='ocrx_word' id='word_1_192' title='bbox 1456 2646 1648 2719; x_wconf 83' lang='grc' dir='ltr'>ἑτέρου</span> <span class='ocrx_word' id='word_1_193' title='bbox 1676 2667 1860 2723; x_wconf 88' lang='grc' dir='ltr'>παρα-</span> 
     </span>
    </p>
   </div>
   <div class='ocr_carea' id='block_1_29' title="bbox 264 2725 1858 2811">
    <p class='ocr_par' dir='ltr' id='par_1_29' title="bbox 264 2725 1858 2811">
     <span class='ocr_line' id='line_1_29' title="bbox 264 2725 1858 2811; baseline 0.013 -34"><span class='ocrx_word' id='word_1_194' title='bbox 264 2725 500 2782; x_wconf 79' lang='grc' dir='ltr'>λύεσθαι</span> <span class='ocrx_word' id='word_1_195' title='bbox 547 2727 820 2802; x_wconf 84' lang='grc' dir='ltr'>δύναμιν,</span> <span class='ocrx_word' id='word_1_196' title='bbox 889 2733 1206 2794; x_wconf 83' lang='grc' dir='ltr'>νικάτωσαν</span> <span class='ocrx_word' id='word_1_197' title='bbox 1255 2737 1307 2790; x_wconf 77' lang='lat' dir='ltr'><strong>oi</strong></span> <span class='ocrx_word' id='word_1_198' title='bbox 1362 2738 1465 2808; x_wconf 84' lang='grc' dir='ltr'>τῆς</span> <span class='ocrx_word' id='word_1_199' title='bbox 1525 2739 1858 2811; x_wconf 82' lang='grc' dir='ltr'>Ἐκκλησίας</span> 
     </span>
    </p>
   </div>
   <div class='ocr_carea' id='block_1_30' title="bbox 267 2823 1856 2904">
    <p class='ocr_par' dir='ltr' id='par_1_30' title="bbox 267 2823 1856 2904">
     <span class='ocr_line' id='line_1_30' title="bbox 267 2823 1856 2904; baseline 0.011 -31"><span class='ocrx_word' id='word_1_200' title='bbox 267 2823 493 2893; x_wconf 81' lang='grc' dir='ltr'>θεσμοὶ,</span> <span class='ocrx_word' id='word_1_201' title='bbox 524 2825 619 2879; x_wconf 75' lang='grc' dir='ltr'>καὶ</span> <span class='ocrx_word' id='word_1_202' title='bbox 648 2827 1010 2900; x_wconf 81' lang='grc' dir='ltr'>ἀποχωρείτω</span> <span class='ocrx_word' id='word_1_203' title='bbox 1039 2830 1150 2884; x_wconf 86' lang='grc' dir='ltr'>τῶν</span> <span class='ocrx_word' id='word_1_204' title='bbox 1186 2831 1484 2902; x_wconf 86' lang='grc' dir='ltr'>ίερατικῶν</span> <span class='ocrx_word' id='word_1_205' title='bbox 1532 2835 1856 2904; x_wconf 78' lang='grc' dir='ltr'>καταλόγων</span> 
     </span>
    </p>
   </div>
   <div class='ocr_carea' id='block_1_31' title="bbox 266 2906 1855 3000">
    <p class='ocr_par' dir='ltr' id='par_1_31' title="bbox 266 2906 1855 3000">
     <span class='ocr_line' id='line_1_31' title="bbox 266 2906 1855 3000; baseline 0.008 -31"><span class='ocrx_word' id='word_1_206' title='bbox 266 2918 294 2969; x_wconf 85' lang='grc' dir='ltr'><strong>ὁ</strong></span> <span class='ocrx_word' id='word_1_207' title='bbox 319 2917 400 2987; x_wconf 75' lang='grc' dir='ltr'>μὴ</span> <span class='ocrx_word' id='word_1_208' title='bbox 434 2919 775 2989; x_wconf 88' lang='grc' dir='ltr'>λειτουργός.</span> <span class='ocrx_word' id='word_1_209' title='bbox 802 2921 976 2975; x_wconf 87' lang='grc' dir='ltr'>Τοῦτο</span> <span class='ocrx_word' id='word_1_210' title='bbox 1006 2926 1115 2995; x_wconf 87' lang='grc' dir='ltr'><strong>γὰρ</strong></span> <span class='ocrx_word' id='word_1_211' title='bbox 1146 2925 1413 2979; x_wconf 81' lang='grc' dir='ltr'>συνάπτει</span> <span class='ocrx_word' id='word_1_212' title='bbox 1452 2906 1591 2998; x_wconf 77' lang='grc' dir='ltr'>πρὸς</span> <span class='ocrx_word' id='word_1_213' title='bbox 1627 2929 1855 3000; x_wconf 81' lang='grc' dir='ltr'>είρήνην</span> 
     </span>
    </p>
   </div>
   <div class='ocr_carea' id='block_1_32' title="bbox 268 3011 1857 3092">
    <p class='ocr_par' dir='ltr' id='par_1_32' title="bbox 268 3011 1857 3092">
     <span class='ocr_line' id='line_1_32' title="bbox 268 3011 1857 3092; baseline 0.009 -31"><span class='ocrx_word' id='word_1_214' title='bbox 268 3011 372 3073; x_wconf 83' lang='grc' dir='ltr'><strong>τάς</strong></span> <span class='ocrx_word' id='word_1_215' title='bbox 403 3011 738 3083; x_wconf 80' lang='grc' dir='ltr'>ἐκκλησίαςο</span> <span class='ocrx_word' id='word_1_216' title='bbox 772 3014 932 3069; x_wconf 85' lang='grc' dir='ltr'>τοῦτο</span> <span class='ocrx_word' id='word_1_217' title='bbox 962 3017 1148 3071; x_wconf 85' lang='grc' dir='ltr'>πᾶσαν</span> <span class='ocrx_word' id='word_1_218' title='bbox 1182 3020 1318 3089; x_wconf 78' lang='grc' dir='ltr'>ἡμῖν</span> <span class='ocrx_word' id='word_1_219' title='bbox 1356 3020 1663 3091; x_wconf 78' lang='grc' dir='ltr'>ὀμοψυχίαν</span> <span class='ocrx_word' id='word_1_220' title='bbox 1691 3022 1857 3092; x_wconf 84' lang='grc' dir='ltr'>ἀνερ-</span> 
     </span>
    </p>
   </div>
   <div class='ocr_carea' id='block_1_33' title="bbox 267 3102 1857 3181">
    <p class='ocr_par' dir='ltr' id='par_1_33' title="bbox 267 3102 1857 3181">
     <span class='ocr_line' id='line_1_33' title="bbox 267 3102 1857 3181; baseline 0.008 -26"><span class='ocrx_word' id='word_1_221' title='bbox 267 3102 529 3170; x_wconf 84' lang='grc' dir='ltr'>γάσαιτο.</span> <span class='ocrx_word' id='word_1_222' title='bbox 558 3105 714 3160; x_wconf 89' lang='grc' dir='ltr'>Δίδου</span> <span class='ocrx_word' id='word_1_223' title='bbox 739 3107 1035 3180; x_wconf 77' lang='grc' dir='ltr'>τοιγαροῦν</span> <span class='ocrx_word' id='word_1_224' title='bbox 1065 3110 1197 3179; x_wconf 76' lang='grc' dir='ltr'>ημῖν</span> <span class='ocrx_word' id='word_1_225' title='bbox 1222 3112 1282 3164; x_wconf 88' lang='grc' dir='ltr'>τὸ</span> <span class='ocrx_word' id='word_1_226' title='bbox 1317 3110 1652 3181; x_wconf 82' lang='grc' dir='ltr'>συνάγεσθαι</span> <span class='ocrx_word' id='word_1_227' title='bbox 1685 3113 1857 3168; x_wconf 84' lang='grc' dir='ltr'>καθα-</span> 
     </span>
    </p>
   </div>
   <div class='ocr_carea' id='block_1_34' title="bbox 1964 604 3546 683">
    <p class='ocr_par' dir='ltr' id='par_1_34' title="bbox 1964 604 3546 683">
     <span class='ocr_line' id='line_1_34' title="bbox 1964 604 3546 683; baseline 0.007 -25"><span class='ocrx_word' id='word_1_228' title='bbox 1964 620 2088 660; x_wconf 91' lang='lat' dir='ltr'><strong>rum</strong></span> <span class='ocrx_word' id='word_1_229' title='bbox 2125 604 2350 673; x_wconf 80' lang='lat' dir='ltr'><strong>ﬁamus,</strong></span> <span class='ocrx_word' id='word_1_230' title='bbox 2384 609 2482 665; x_wconf 87' lang='lat' dir='ltr'><strong>sed</strong></span> <span class='ocrx_word' id='word_1_231' title='bbox 2530 609 2719 679; x_wconf 78' lang='lat' dir='ltr'><strong>potius</strong></span> <span class='ocrx_word' id='word_1_232' title='bbox 2768 611 3087 680; x_wconf 84' lang='lat' dir='ltr'><strong>opinionem</strong></span> <span class='ocrx_word' id='word_1_233' title='bbox 3136 627 3282 675; x_wconf 90' lang='lat' dir='ltr'><strong>eam,</strong></span> <span class='ocrx_word' id='word_1_234' title='bbox 3318 627 3427 683; x_wconf 89' lang='lat' dir='ltr'><strong>qua</strong></span> <span class='ocrx_word' id='word_1_235' title='bbox 3465 622 3546 670; x_wconf 85' lang='lat' dir='ltr'><strong>te-</strong></span> 
     </span>
    </p>
   </div>
   <div class='ocr_carea' id='block_1_35' title="bbox 1962 700 3538 777">
    <p class='ocr_par' dir='ltr' id='par_1_35' title="bbox 1962 700 3538 777">
     <span class='ocr_line' id='line_1_35' title="bbox 1962 700 3538 777; baseline 0.005 -24"><span class='ocrx_word' id='word_1_236' title='bbox 1962 700 2274 756; x_wconf 87' lang='lat' dir='ltr'><strong>meritatem</strong></span> <span class='ocrx_word' id='word_1_237' title='bbox 2316 703 2555 758; x_wconf 90' lang='lat' dir='ltr'><strong>aliorum</strong></span> <span class='ocrx_word' id='word_1_238' title='bbox 2603 704 2784 759; x_wconf 88' lang='lat' dir='ltr'><strong>secuti</strong></span> <span class='ocrx_word' id='word_1_239' title='bbox 2834 718 2959 760; x_wconf 83' lang='lat' dir='ltr'><strong>esse</strong></span> <span class='ocrx_word' id='word_1_240' title='bbox 3011 704 3188 761; x_wconf 89' lang='lat' dir='ltr'><strong>videri</strong></span> <span class='ocrx_word' id='word_1_241' title='bbox 3237 708 3538 777; x_wconf 87' lang='lat' dir='ltr'><strong>possimus,</strong></span> 
     </span>
    </p>
   </div>
   <div class='ocr_carea' id='block_1_36' title="bbox 1960 792 3540 870">
    <p class='ocr_par' dir='ltr' id='par_1_36' title="bbox 1960 792 3540 870">
     <span class='ocr_line' id='line_1_36' title="bbox 1960 792 3540 870; baseline 0.003 -22"><span class='ocrx_word' id='word_1_242' title='bbox 1960 794 2262 864; x_wconf 71' lang='lat' dir='ltr'><strong>fugiamus.</strong></span> <span class='ocrx_word' id='word_1_243' title='bbox 2318 795 2491 867; x_wconf 64' lang='grc'><strong>498</strong></span> <span class='ocrx_word' id='word_1_244' title='bbox 2543 799 2796 853; x_wconf 83' lang='lat' dir='ltr'><strong>Demiror</strong></span> <span class='ocrx_word' id='word_1_245' title='bbox 2846 813 2982 853; x_wconf 86' lang='lat' dir='ltr'><strong>vero</strong></span> <span class='ocrx_word' id='word_1_246' title='bbox 3027 798 3134 855; x_wconf 90' lang='lat' dir='ltr'><strong>hoc</strong></span> <span class='ocrx_word' id='word_1_247' title='bbox 3190 792 3435 870; x_wconf 76' lang='lat' dir='ltr'><strong>quoque,</strong></span> <span class='ocrx_word' id='word_1_248' title='bbox 3491 801 3540 854; x_wconf 87' lang='lat' dir='ltr'><strong>si</strong></span> 
     </span>
    </p>
   </div>
   <div class='ocr_carea' id='block_1_37' title="bbox 1963 883 3542 956">
    <p class='ocr_par' dir='ltr' id='par_1_37' title="bbox 1963 883 3542 956">
     <span class='ocr_line' id='line_1_37' title="bbox 1963 883 3542 956; baseline 0.003 -18"><span class='ocrx_word' id='word_1_249' title='bbox 1963 883 2297 950; x_wconf 78' lang='lat' dir='ltr'><strong>Alexander,</strong></span> <span class='ocrx_word' id='word_1_250' title='bbox 2351 902 2515 956; x_wconf 86' lang='lat' dir='ltr'><strong>quem</strong></span> <span class='ocrx_word' id='word_1_251' title='bbox 2572 888 2861 954; x_wconf 81' lang='lat' dir='ltr'><strong>diximus,</strong></span> <span class='ocrx_word' id='word_1_252' title='bbox 2936 898 3048 943; x_wconf 89' lang='lat' dir='ltr'><strong>tam</strong></span> <span class='ocrx_word' id='word_1_253' title='bbox 3107 889 3173 943; x_wconf 87' lang='lat' dir='ltr'><strong>ad</strong></span> <span class='ocrx_word' id='word_1_254' title='bbox 3241 889 3542 945; x_wconf 83' lang='lat' dir='ltr'><strong>dicendum</strong></span> 
     </span>
    </p>
   </div>
   <div class='ocr_carea' id='block_1_38' title="bbox 1961 973 3632 1051">
    <p class='ocr_par' dir='ltr' id='par_1_38' title="bbox 1961 973 3632 1051">
     <span class='ocr_line' id='line_1_38' title="bbox 1961 973 3632 1051; baseline 0.002 -19"><span class='ocrx_word' id='word_1_255' title='bbox 1961 990 2256 1049; x_wconf 87' lang='lat' dir='ltr'><strong>promptus</strong></span> <span class='ocrx_word' id='word_1_256' title='bbox 2289 990 2346 1035; x_wconf 90' lang='lat' dir='ltr'><strong>et</strong></span> <span class='ocrx_word' id='word_1_257' title='bbox 2384 981 2662 1050; x_wconf 86' lang='lat' dir='ltr'><strong>copiosus,</strong></span> <span class='ocrx_word' id='word_1_258' title='bbox 2696 991 2753 1037; x_wconf 90' lang='lat' dir='ltr'><strong>et</strong></span> <span class='ocrx_word' id='word_1_259' title='bbox 2806 980 2900 1050; x_wconf 82' lang='lat' dir='ltr'><strong>qui</strong></span> <span class='ocrx_word' id='word_1_260' title='bbox 2931 973 3056 1036; x_wconf 11' lang='lat' dir='ltr'><strong>non.</strong></span> <span class='ocrx_word' id='word_1_261' title='bbox 3086 995 3260 1051; x_wconf 85' lang='lat' dir='ltr'><strong>parvo</strong></span> <span class='ocrx_word' id='word_1_262' title='bbox 3292 991 3544 1050; x_wconf 87' lang='lat' dir='ltr'><strong>tempore</strong></span> <span class='ocrx_word' id='word_1_263' title='bbox 3623 986 3632 995; x_wconf 85' lang='lat'><em>’</em></span> 
     </span>
    </p>
   </div>
   <div class='ocr_carea' id='block_1_39' title="bbox 1963 1070 3540 1144">
    <p class='ocr_par' dir='ltr' id='par_1_39' title="bbox 1963 1070 3540 1144">
     <span class='ocr_line' id='line_1_39' title="bbox 1963 1070 3540 1144; baseline 0.001 -19"><span class='ocrx_word' id='word_1_264' title='bbox 1963 1070 2252 1127; x_wconf 79' lang='lat' dir='ltr'><strong>vobiscum</strong></span> <span class='ocrx_word' id='word_1_265' title='bbox 2286 1072 2451 1128; x_wconf 89' lang='lat' dir='ltr'><strong>isthic</strong></span> <span class='ocrx_word' id='word_1_266' title='bbox 2483 1082 2736 1129; x_wconf 87' lang='lat' dir='ltr'><strong>versatus</strong></span> <span class='ocrx_word' id='word_1_267' title='bbox 2780 1074 2876 1138; x_wconf 88' lang='lat' dir='ltr'><strong>sit,</strong></span> <span class='ocrx_word' id='word_1_268' title='bbox 2902 1073 3124 1144; x_wconf 83' lang='lat' dir='ltr'><strong>aliquos</strong></span> <span class='ocrx_word' id='word_1_269' title='bbox 3146 1073 3217 1128; x_wconf 85' lang='lat' dir='ltr'><strong>ad</strong></span> <span class='ocrx_word' id='word_1_270' title='bbox 3249 1073 3394 1128; x_wconf 87' lang='lat' dir='ltr'><strong>hanc</strong></span> <span class='ocrx_word' id='word_1_271' title='bbox 3424 1087 3540 1127; x_wconf 89' lang='lat' dir='ltr'><strong>rem</strong></span> 
     </span>
    </p>
   </div>
   <div class='ocr_carea' id='block_1_40' title="bbox 1962 1163 3539 1236">
    <p class='ocr_par' dir='ltr' id='par_1_40' title="bbox 1962 1163 3539 1236">
     <span class='ocr_line' id='line_1_40' title="bbox 1962 1163 3539 1236; baseline -0.002 -18"><span class='ocrx_word' id='word_1_272' title='bbox 1962 1163 2225 1220; x_wconf 82' lang='lat' dir='ltr'><strong>suasione</strong></span> <span class='ocrx_word' id='word_1_273' title='bbox 2287 1180 2384 1220; x_wconf 88' lang='lat' dir='ltr'><strong>sua</strong></span> <span class='ocrx_word' id='word_1_274' title='bbox 2436 1165 2717 1222; x_wconf 84' lang='lat' dir='ltr'><strong>adducere</strong></span> <span class='ocrx_word' id='word_1_275' title='bbox 2777 1181 2890 1220; x_wconf 90' lang='lat' dir='ltr'><strong>non</strong></span> <span class='ocrx_word' id='word_1_276' title='bbox 2946 1164 3196 1236; x_wconf 88' lang='lat' dir='ltr'><strong>potuisse</strong></span> <span class='ocrx_word' id='word_1_277' title='bbox 3243 1165 3399 1219; x_wconf 89' lang='lat' dir='ltr'><strong>visus</strong></span> <span class='ocrx_word' id='word_1_278' title='bbox 3432 1173 3539 1228; x_wconf 84' lang='lat' dir='ltr'><strong>est,</strong></span> 
     </span>
    </p>
   </div>
   <div class='ocr_carea' id='block_1_41' title="bbox 1963 1256 3544 1326">
    <p class='ocr_par' dir='ltr' id='par_1_41' title="bbox 1963 1256 3544 1326">
     <span class='ocr_line' id='line_1_41' title="bbox 1963 1256 3544 1326; baseline -0.001 -16"><span class='ocrx_word' id='word_1_279' title='bbox 1963 1271 2128 1326; x_wconf 88' lang='lat' dir='ltr'><strong>quam</strong></span> <span class='ocrx_word' id='word_1_280' title='bbox 2168 1259 2495 1314; x_wconf 83' lang='lat' dir='ltr'><strong>tabellarius</strong></span> <span class='ocrx_word' id='word_1_281' title='bbox 2548 1273 2692 1313; x_wconf 90' lang='lat' dir='ltr'><strong>unus</strong></span> <span class='ocrx_word' id='word_1_282' title='bbox 2724 1258 2942 1313; x_wconf 76' lang='lat' dir='ltr'><strong>edicere</strong></span> <span class='ocrx_word' id='word_1_283' title='bbox 2976 1264 3217 1324; x_wconf 83' lang='lat' dir='ltr'><strong>tantum,</strong></span> <span class='ocrx_word' id='word_1_284' title='bbox 3246 1256 3411 1312; x_wconf 88' lang='lat' dir='ltr'><strong>sicuti</strong></span> <span class='ocrx_word' id='word_1_285' title='bbox 3445 1272 3544 1310; x_wconf 86' lang='lat' dir='ltr'><strong>rn-</strong></span> 
     </span>
    </p>
   </div>
   <div class='ocr_carea' id='block_1_42' title="bbox 1964 1349 3541 1421">
    <p class='ocr_par' dir='ltr' id='par_1_42' title="bbox 1964 1349 3541 1421">
     <span class='ocr_line' id='line_1_42' title="bbox 1964 1349 3541 1421; baseline 0.001 -20"><span class='ocrx_word' id='word_1_286' title='bbox 1964 1350 2215 1405; x_wconf 88' lang='lat' dir='ltr'><strong>morihus</strong></span> <span class='ocrx_word' id='word_1_287' title='bbox 2250 1350 2451 1417; x_wconf 78' lang='lat' dir='ltr'><strong>fertur,</strong></span> <span class='ocrx_word' id='word_1_288' title='bbox 2504 1352 2709 1421; x_wconf 86' lang='lat' dir='ltr'><strong>potuit,</strong></span> <span class='ocrx_word' id='word_1_289' title='bbox 2743 1359 2803 1404; x_wconf 92' lang='lat' dir='ltr'><strong>ut</strong></span> <span class='ocrx_word' id='word_1_290' title='bbox 2853 1350 3116 1420; x_wconf 85' lang='lat' dir='ltr'><strong>populum</strong></span> <span class='ocrx_word' id='word_1_291' title='bbox 3148 1349 3541 1414; x_wconf 85' lang='lat' dir='ltr'><strong>commoverit,</strong></span> 
     </span>
    </p>
   </div>
   <div class='ocr_carea' id='block_1_43' title="bbox 1962 1440 3543 1514">
    <p class='ocr_par' dir='ltr' id='par_1_43' title="bbox 1962 1440 3543 1514">
     <span class='ocr_line' id='line_1_43' title="bbox 1962 1440 3543 1514; baseline -0.004 -13"><span class='ocrx_word' id='word_1_292' title='bbox 1962 1459 2302 1514; x_wconf 82' lang='lat' dir='ltr'><strong>causamque</strong></span> <span class='ocrx_word' id='word_1_293' title='bbox 2357 1452 2609 1513; x_wconf 90' lang='lat' dir='ltr'><strong>tempore</strong></span> <span class='ocrx_word' id='word_1_294' title='bbox 2654 1443 2903 1514; x_wconf 79' lang='lat' dir='ltr'><strong>longiore</strong></span> <span class='ocrx_word' id='word_1_295' title='bbox 2941 1441 3177 1512; x_wconf 80' lang='lat' dir='ltr'><strong>sopitarn</strong></span> <span class='ocrx_word' id='word_1_296' title='bbox 3207 1440 3393 1496; x_wconf 89' lang='lat' dir='ltr'><strong>denuo</strong></span> <span class='ocrx_word' id='word_1_297' title='bbox 3444 1456 3543 1495; x_wconf 81' lang='lat' dir='ltr'><strong>ex-</strong></span> 
     </span>
    </p>
   </div>
   <div class='ocr_carea' id='block_1_44' title="bbox 1962 1533 3545 1605">
    <p class='ocr_par' dir='ltr' id='par_1_44' title="bbox 1962 1533 3545 1605">
     <span class='ocr_line' id='line_1_44' title="bbox 1962 1533 3545 1605; baseline -0.004 -13"><span class='ocrx_word' id='word_1_298' title='bbox 1962 1538 2174 1593; x_wconf 91' lang='lat' dir='ltr'><strong>citarit.</strong></span> <span class='ocrx_word' id='word_1_299' title='bbox 2213 1536 2370 1605; x_wconf 84' lang='lat' dir='ltr'><strong>Quod</strong></span> <span class='ocrx_word' id='word_1_300' title='bbox 2428 1537 2661 1592; x_wconf 85' lang='lat' dir='ltr'><strong>omnino</strong></span> <span class='ocrx_word' id='word_1_301' title='bbox 2707 1545 2795 1592; x_wconf 87' lang='lat' dir='ltr'><strong>est</strong></span> <span class='ocrx_word' id='word_1_302' title='bbox 2838 1534 3194 1591; x_wconf 82' lang='lat' dir='ltr'><strong>incredibile.</strong></span> <span class='ocrx_word' id='word_1_303' title='bbox 3223 1534 3429 1591; x_wconf 75' lang='lat' dir='ltr'><strong>Verum</strong></span> <span class='ocrx_word' id='word_1_304' title='bbox 3470 1533 3545 1587; x_wconf 92' lang='lat' dir='ltr'><strong>sit</strong></span> 
     </span>
    </p>
   </div>
   <div class='ocr_carea' id='block_1_45' title="bbox 1964 1622 3543 1700">
    <p class='ocr_par' dir='ltr' id='par_1_45' title="bbox 1964 1622 3543 1700">
     <span class='ocr_line' id='line_1_45' title="bbox 1964 1622 3543 1700; baseline -0.004 -18"><span class='ocrx_word' id='word_1_305' title='bbox 1964 1627 2072 1684; x_wconf 90' lang='lat' dir='ltr'><strong>hoc</strong></span> <span class='ocrx_word' id='word_1_306' title='bbox 2102 1641 2347 1700; x_wconf 90' lang='lat' dir='ltr'><strong>quoque,</strong></span> <span class='ocrx_word' id='word_1_307' title='bbox 2378 1638 2433 1683; x_wconf 90' lang='lat' dir='ltr'><strong>et</strong></span> <span class='ocrx_word' id='word_1_308' title='bbox 2463 1627 2538 1682; x_wconf 91' lang='lat' dir='ltr'><strong>ita</strong></span> <span class='ocrx_word' id='word_1_309' title='bbox 2566 1626 2774 1682; x_wconf 79' lang='lat' dir='ltr'><strong>factum</strong></span> <span class='ocrx_word' id='word_1_310' title='bbox 2802 1640 2926 1681; x_wconf 85' lang='lat' dir='ltr'><strong>esse</strong></span> <span class='ocrx_word' id='word_1_311' title='bbox 2959 1626 3247 1680; x_wconf 86' lang='lat' dir='ltr'><strong>credatur.</strong></span> <span class='ocrx_word' id='word_1_312' title='bbox 3281 1623 3387 1679; x_wconf 89' lang='lat' dir='ltr'><strong>Sed</strong></span> <span class='ocrx_word' id='word_1_313' title='bbox 3411 1622 3543 1677; x_wconf 91' lang='lat' dir='ltr'><strong>novi</strong></span> 
     </span>
    </p>
   </div>
   <div class='ocr_carea' id='block_1_46' title="bbox 1964 1716 3541 1791">
    <p class='ocr_par' dir='ltr' id='par_1_46' title="bbox 1964 1716 3541 1791">
     <span class='ocr_line' id='line_1_46' title="bbox 1964 1716 3541 1791; baseline -0.004 -16"><span class='ocrx_word' id='word_1_314' title='bbox 1964 1721 2229 1790; x_wconf 85' lang='lat' dir='ltr'><strong>pietatem</strong></span> <span class='ocrx_word' id='word_1_315' title='bbox 2295 1731 2447 1776; x_wconf 89' lang='lat' dir='ltr'><strong>tuam</strong></span> <span class='ocrx_word' id='word_1_316' title='bbox 2508 1721 2836 1791; x_wconf 81' lang='lat' dir='ltr'><strong>praeclaram</strong></span> <span class='ocrx_word' id='word_1_317' title='bbox 2901 1719 2959 1772; x_wconf 92' lang='lat' dir='ltr'><strong>in</strong></span> <span class='ocrx_word' id='word_1_318' title='bbox 3021 1716 3340 1788; x_wconf 89' lang='lat' dir='ltr'><strong>eloquentia</strong></span> <span class='ocrx_word' id='word_1_319' title='bbox 3395 1729 3541 1770; x_wconf 86' lang='lat' dir='ltr'><strong>esse.</strong></span> 
     </span>
    </p>
   </div>
   <div class='ocr_carea' id='block_1_47' title="bbox 1963 1806 3541 1883">
    <p class='ocr_par' dir='ltr' id='par_1_47' title="bbox 1963 1806 3541 1883">
     <span class='ocr_line' id='line_1_47' title="bbox 1963 1806 3541 1883; baseline -0.004 -16"><span class='ocrx_word' id='word_1_320' title='bbox 1963 1811 2198 1868; x_wconf 89' lang='lat' dir='ltr'><strong>Docebit</strong></span> <span class='ocrx_word' id='word_1_321' title='bbox 2244 1828 2309 1868; x_wconf 90' lang='lat' dir='ltr'><strong>ea</strong></span> <span class='ocrx_word' id='word_1_322' title='bbox 2362 1827 2615 1883; x_wconf 75' lang='lat' dir='ltr'><strong>prorsus,</strong></span> <span class='ocrx_word' id='word_1_323' title='bbox 2647 1828 2773 1883; x_wconf 86' lang='lat' dir='ltr'><strong>quae</strong></span> <span class='ocrx_word' id='word_1_324' title='bbox 2807 1826 2962 1881; x_wconf 80' lang='lat' dir='ltr'><strong>opus</strong></span> <span class='ocrx_word' id='word_1_325' title='bbox 3010 1817 3117 1876; x_wconf 89' lang='lat' dir='ltr'><strong>est,</strong></span> <span class='ocrx_word' id='word_1_326' title='bbox 3162 1808 3420 1863; x_wconf 84' lang='lat' dir='ltr'><strong>homines</strong></span> <span class='ocrx_word' id='word_1_327' title='bbox 3473 1806 3541 1860; x_wconf 85' lang='lat' dir='ltr'><strong>ad</strong></span> 
     </span>
    </p>
   </div>
   <div class='ocr_carea' id='block_1_48' title="bbox 1961 1898 3542 1962">
    <p class='ocr_par' dir='ltr' id='par_1_48' title="bbox 1961 1898 3542 1962">
     <span class='ocr_line' id='line_1_48' title="bbox 1961 1898 3542 1962; baseline -0.004 -3"><span class='ocrx_word' id='word_1_328' title='bbox 1961 1903 2264 1960; x_wconf 86' lang='lat' dir='ltr'><strong>tumultum</strong></span> <span class='ocrx_word' id='word_1_329' title='bbox 2292 1905 2586 1960; x_wconf 73' lang='lat' dir='ltr'><strong>excitatos.</strong></span> <span class='ocrx_word' id='word_1_330' title='bbox 2622 1904 2863 1962; x_wconf 86' lang='lat' dir='ltr'><strong>Uberem</strong></span> <span class='ocrx_word' id='word_1_331' title='bbox 2895 1902 3072 1959; x_wconf 86' lang='lat' dir='ltr'><strong>babes</strong></span> <span class='ocrx_word' id='word_1_332' title='bbox 3110 1916 3399 1956; x_wconf 84' lang='lat' dir='ltr'><strong>sacrarum</strong></span> <span class='ocrx_word' id='word_1_333' title='bbox 3435 1898 3542 1952; x_wconf 79' lang='lat' dir='ltr'><strong>do-</strong></span> 
     </span>
    </p>
   </div>
   <div class='ocr_carea' id='block_1_49' title="bbox 1961 1992 3545 2068">
    <p class='ocr_par' dir='ltr' id='par_1_49' title="bbox 1961 1992 3545 2068">
     <span class='ocr_line' id='line_1_49' title="bbox 1961 1992 3545 2068; baseline -0.005 -14"><span class='ocrx_word' id='word_1_334' title='bbox 1961 1998 2273 2054; x_wconf 80' lang='lat' dir='ltr'><strong>ctrinarum</strong></span> <span class='ocrx_word' id='word_1_335' title='bbox 2326 1998 2586 2068; x_wconf 74' lang='lat' dir='ltr'><strong>gratiam.</strong></span> <span class='ocrx_word' id='word_1_336' title='bbox 2638 1996 3031 2061; x_wconf 83' lang='lat' dir='ltr'><strong>Persuadebis,</strong></span> <span class='ocrx_word' id='word_1_337' title='bbox 3083 1995 3225 2058; x_wconf 89' lang='lat' dir='ltr'><strong>scio,</strong></span> <span class='ocrx_word' id='word_1_338' title='bbox 3279 1992 3545 2063; x_wconf 86' lang='lat' dir='ltr'><strong>piissimis</strong></span> 
     </span>
    </p>
   </div>
   <div class='ocr_carea' id='block_1_50' title="bbox 1960 2088 3547 2167">
    <p class='ocr_par' dir='ltr' id='par_1_50' title="bbox 1960 2088 3547 2167">
     <span class='ocr_line' id='line_1_50' title="bbox 1960 2088 3547 2167; baseline -0.006 -16"><span class='ocrx_word' id='word_1_339' title='bbox 1960 2097 2129 2151; x_wconf 89' lang='lat' dir='ltr'><strong>etiam</strong></span> <span class='ocrx_word' id='word_1_340' title='bbox 2166 2095 2537 2167; x_wconf 83' lang='lat' dir='ltr'><strong>principibus,</strong></span> <span class='ocrx_word' id='word_1_341' title='bbox 2584 2105 2647 2149; x_wconf 90' lang='lat' dir='ltr'><strong>ut</strong></span> <span class='ocrx_word' id='word_1_342' title='bbox 2689 2108 2847 2149; x_wconf 86' lang='lat' dir='ltr'><strong>more</strong></span> <span class='ocrx_word' id='word_1_343' title='bbox 2880 2107 2985 2148; x_wconf 84' lang='lat' dir='ltr'><strong>suo</strong></span> <span class='ocrx_word' id='word_1_344' title='bbox 3021 2091 3079 2147; x_wconf 90' lang='lat' dir='ltr'><strong>in</strong></span> <span class='ocrx_word' id='word_1_345' title='bbox 3122 2104 3402 2147; x_wconf 90' lang='lat' dir='ltr'><strong>canonum</strong></span> <span class='ocrx_word' id='word_1_346' title='bbox 3447 2088 3547 2142; x_wconf 89' lang='lat' dir='ltr'><strong>de-</strong></span> 
     </span>
    </p>
   </div>
   <div class='ocr_carea' id='block_1_51' title="bbox 1963 2182 3544 2259">
    <p class='ocr_par' dir='ltr' id='par_1_51' title="bbox 1963 2182 3544 2259">
     <span class='ocr_line' id='line_1_51' title="bbox 1963 2182 3544 2259; baseline -0.007 -15"><span class='ocrx_word' id='word_1_347' title='bbox 1963 2189 2133 2244; x_wconf 86' lang='lat' dir='ltr'><strong>cretis</strong></span> <span class='ocrx_word' id='word_1_348' title='bbox 2162 2189 2546 2259; x_wconf 86' lang='lat' dir='ltr'><strong>acquiescant.</strong></span> <span class='ocrx_word' id='word_1_349' title='bbox 2578 2187 2739 2254; x_wconf 85' lang='lat' dir='ltr'><strong>Quod</strong></span> <span class='ocrx_word' id='word_1_350' title='bbox 2780 2186 2931 2241; x_wconf 89' lang='lat' dir='ltr'><strong>enim</strong></span> <span class='ocrx_word' id='word_1_351' title='bbox 2967 2198 3114 2240; x_wconf 67' lang='lat' dir='ltr'><strong>verae</strong></span> <span class='ocrx_word' id='word_1_352' title='bbox 3155 2182 3380 2251; x_wconf 86' lang='lat' dir='ltr'><strong>pietatis</strong></span> <span class='ocrx_word' id='word_1_353' title='bbox 3424 2190 3544 2234; x_wconf 89' lang='lat' dir='ltr'><strong>stu-</strong></span> 
     </span>
    </p>
   </div>
   <div class='ocr_carea' id='block_1_52' title="bbox 1962 2271 3547 2338">
    <p class='ocr_par' dir='ltr' id='par_1_52' title="bbox 1962 2271 3547 2338">
     <span class='ocr_line' id='line_1_52' title="bbox 1962 2271 3547 2338; baseline -0.006 -3"><span class='ocrx_word' id='word_1_354' title='bbox 1962 2278 2107 2335; x_wconf 85' lang='lat' dir='ltr'><strong>diosi</strong></span> <span class='ocrx_word' id='word_1_355' title='bbox 2156 2288 2215 2336; x_wconf 91' lang='lat' dir='ltr'><strong>et</strong></span> <span class='ocrx_word' id='word_1_356' title='bbox 2259 2276 2463 2335; x_wconf 80' lang='lat' dir='ltr'><strong>Christi</strong></span> <span class='ocrx_word' id='word_1_357' title='bbox 2515 2286 2768 2332; x_wconf 84' lang='lat' dir='ltr'><strong>amantes</strong></span> <span class='ocrx_word' id='word_1_358' title='bbox 2821 2285 2989 2338; x_wconf 87' lang='lat' dir='ltr'><strong>sunt,</strong></span> <span class='ocrx_word' id='word_1_359' title='bbox 3042 2271 3547 2329; x_wconf 85' lang='lat' dir='ltr'><strong>constitutionibus</strong></span> 
     </span>
    </p>
   </div>
   <div class='ocr_carea' id='block_1_53' title="bbox 1962 2369 3547 2440">
    <p class='ocr_par' dir='ltr' id='par_1_53' title="bbox 1962 2369 3547 2440">
     <span class='ocr_line' id='line_1_53' title="bbox 1962 2369 3547 2440; baseline -0.008 -9"><span class='ocrx_word' id='word_1_360' title='bbox 1962 2375 2083 2431; x_wconf 86' lang='lat' dir='ltr'><strong>suis</strong></span> <span class='ocrx_word' id='word_1_361' title='bbox 2106 2372 2375 2429; x_wconf 85' lang='lat' dir='ltr'><strong>ecclesias</strong></span> <span class='ocrx_word' id='word_1_362' title='bbox 2399 2371 2784 2427; x_wconf 85' lang='lat' dir='ltr'><strong>administrari</strong></span> <span class='ocrx_word' id='word_1_363' title='bbox 2818 2369 3166 2440; x_wconf 87' lang='lat' dir='ltr'><strong>permittent.</strong></span> <span class='ocrx_word' id='word_1_364' title='bbox 3192 2376 3547 2437; x_wconf 77' lang='lat' dir='ltr'><strong>paterna-que</strong></span> 
     </span>
    </p>
   </div>
   <div class='ocr_carea' id='block_1_54' title="bbox 1959 2457 3545 2534">
    <p class='ocr_par' dir='ltr' id='par_1_54' title="bbox 1959 2457 3545 2534">
     <span class='ocr_line' id='line_1_54' title="bbox 1959 2457 3545 2534; baseline -0.005 -15"><span class='ocrx_word' id='word_1_365' title='bbox 1959 2465 2190 2522; x_wconf 82' lang='lat' dir='ltr'><strong>virtutis</strong></span> <span class='ocrx_word' id='word_1_366' title='bbox 2229 2464 2587 2521; x_wconf 66' lang='lat' dir='ltr'><strong>aemulatores</strong></span> <span class='ocrx_word' id='word_1_367' title='bbox 2620 2463 2899 2534; x_wconf 85' lang='lat' dir='ltr'><strong>majorum</strong></span> <span class='ocrx_word' id='word_1_368' title='bbox 2934 2460 3190 2531; x_wconf 84' lang='lat' dir='ltr'><strong>exempla</strong></span> <span class='ocrx_word' id='word_1_369' title='bbox 3239 2457 3545 2514; x_wconf 81' lang='lat' dir='ltr'><strong>imitabun-</strong></span> 
     </span>
    </p>
   </div>
   <div class='ocr_carea' id='block_1_55' title="bbox 1961 2544 3547 2629">
    <p class='ocr_par' dir='ltr' id='par_1_55' title="bbox 1961 2544 3547 2629">
     <span class='ocr_line' id='line_1_55' title="bbox 1961 2544 3547 2629; baseline -0.008 -14"><span class='ocrx_word' id='word_1_370' title='bbox 1961 2569 2076 2615; x_wconf 91' lang='lat' dir='ltr'><strong>tur.</strong></span> <span class='ocrx_word' id='word_1_371' title='bbox 2108 2559 2191 2615; x_wconf 87' lang='lat' dir='ltr'><strong>Ne</strong></span> <span class='ocrx_word' id='word_1_372' title='bbox 2232 2544 2406 2629; x_wconf 73' lang='lat' dir='ltr'><strong>igitur</strong></span> <span class='ocrx_word' id='word_1_373' title='bbox 2449 2557 2749 2614; x_wconf 85' lang='lat' dir='ltr'><strong>Jechonias</strong></span> <span class='ocrx_word' id='word_1_374' title='bbox 2798 2556 3045 2628; x_wconf 73' lang='lat' dir='ltr'><strong>reiectus</strong></span> <span class='ocrx_word' id='word_1_375' title='bbox 3090 2568 3219 2609; x_wconf 90' lang='lat' dir='ltr'><strong>cum</strong></span> <span class='ocrx_word' id='word_1_376' title='bbox 3253 2549 3462 2607; x_wconf 88' lang='lat' dir='ltr'><strong>Davide</strong></span> <span class='ocrx_word' id='word_1_377' title='bbox 3488 2557 3547 2604; x_wconf 84' lang='lat' dir='ltr'><strong>et</strong></span> 
     </span>
    </p>
   </div>
   <div class='ocr_carea' id='block_1_56' title="bbox 1961 2642 3543 2721">
    <p class='ocr_par' dir='ltr' id='par_1_56' title="bbox 1961 2642 3543 2721">
     <span class='ocr_line' id='line_1_56' title="bbox 1961 2642 3543 2721; baseline -0.009 -13"><span class='ocrx_word' id='word_1_378' title='bbox 1961 2652 2220 2709; x_wconf 86' lang='lat' dir='ltr'><strong>Samuele</strong></span> <span class='ocrx_word' id='word_1_379' title='bbox 2246 2651 2534 2721; x_wconf 86' lang='lat' dir='ltr'><strong>prophetis</strong></span> <span class='ocrx_word' id='word_1_380' title='bbox 2555 2657 2857 2706; x_wconf 85' lang='lat' dir='ltr'><strong>censeatur</strong></span> <span class='ocrx_word' id='word_1_381' title='bbox 2882 2667 2899 2702; x_wconf 90' lang='lat'><strong>:</strong></span> <span class='ocrx_word' id='word_1_382' title='bbox 2927 2659 3111 2716; x_wconf 88' lang='lat' dir='ltr'><strong>neque</strong></span> <span class='ocrx_word' id='word_1_383' title='bbox 3133 2646 3179 2699; x_wconf 85' lang='lat' dir='ltr'><strong>si</strong></span> <span class='ocrx_word' id='word_1_384' title='bbox 3204 2642 3543 2714; x_wconf 82' lang='lat' dir='ltr'><strong>quibusdam</strong></span> 
     </span>
    </p>
   </div>
   <div class='ocr_carea' id='block_1_57' title="bbox 1959 2738 3543 2818">
    <p class='ocr_par' dir='ltr' id='par_1_57' title="bbox 1959 2738 3543 2818">
     <span class='ocr_line' id='line_1_57' title="bbox 1959 2738 3543 2818; baseline -0.009 -15"><span class='ocrx_word' id='word_1_385' title='bbox 1959 2746 2150 2818; x_wconf 89' lang='lat' dir='ltr'><strong>inique</strong></span> <span class='ocrx_word' id='word_1_386' title='bbox 2196 2744 2461 2818; x_wconf 84' lang='lat' dir='ltr'><strong>placitum</strong></span> <span class='ocrx_word' id='word_1_387' title='bbox 2507 2753 2615 2807; x_wconf 86' lang='lat' dir='ltr'><strong>est,</strong></span> <span class='ocrx_word' id='word_1_388' title='bbox 2662 2752 2723 2797; x_wconf 89' lang='lat' dir='ltr'><strong>ut</strong></span> <span class='ocrx_word' id='word_1_389' title='bbox 2752 2740 2993 2797; x_wconf 79' lang='lat' dir='ltr'><strong>Eudoxii</strong></span> <span class='ocrx_word' id='word_1_390' title='bbox 3034 2738 3302 2809; x_wconf 86' lang='lat' dir='ltr'><strong>reliquias</strong></span> <span class='ocrx_word' id='word_1_391' title='bbox 3333 2751 3402 2791; x_wconf 91' lang='lat' dir='ltr'><strong>eo</strong></span> <span class='ocrx_word' id='word_1_392' title='bbox 3431 2748 3543 2805; x_wconf 85' lang='lat' dir='ltr'><strong>quo</strong></span> 
     </span>
    </p>
   </div>
   <div class='ocr_carea' id='block_1_58' title="bbox 1956 2836 3541 2910">
    <p class='ocr_par' dir='ltr' id='par_1_58' title="bbox 1956 2836 3541 2910">
     <span class='ocr_line' id='line_1_58' title="bbox 1956 2836 3541 2910; baseline -0.009 -15"><span class='ocrx_word' id='word_1_393' title='bbox 1956 2839 2260 2910; x_wconf 88' lang='lat' dir='ltr'><strong>scripsistis</strong></span> <span class='ocrx_word' id='word_1_394' title='bbox 2288 2844 2636 2908; x_wconf 84' lang='lat' dir='ltr'><strong>reponerent</strong></span> <span class='ocrx_word' id='word_1_395' title='bbox 2668 2836 2819 2899; x_wconf 86' lang='lat' dir='ltr'><strong>loco,</strong></span> <span class='ocrx_word' id='word_1_396' title='bbox 2854 2841 3152 2905; x_wconf 85' lang='lat' dir='ltr'><strong>propterea</strong></span> <span class='ocrx_word' id='word_1_397' title='bbox 3180 2844 3283 2885; x_wconf 90' lang='lat' dir='ltr'><strong>nos</strong></span> <span class='ocrx_word' id='word_1_398' title='bbox 3315 2840 3541 2899; x_wconf 88' lang='lat' dir='ltr'><strong>quoque</strong></span> 
     </span>
    </p>
   </div>
   <div class='ocr_carea' id='block_1_59' title="bbox 1957 2920 3543 3005">
    <p class='ocr_par' dir='ltr' id='par_1_59' title="bbox 1957 2920 3543 3005">
     <span class='ocr_line' id='line_1_59' title="bbox 1957 2920 3543 3005; baseline -0.008 -17"><span class='ocrx_word' id='word_1_399' title='bbox 1957 2933 2258 3005; x_wconf 80' lang='lat' dir='ltr'><strong>profanum</strong></span> <span class='ocrx_word' id='word_1_400' title='bbox 2308 2940 2371 2989; x_wconf 92' lang='lat' dir='ltr'><strong>ut</strong></span> <span class='ocrx_word' id='word_1_401' title='bbox 2416 2945 2640 2987; x_wconf 86' lang='lat' dir='ltr'><strong>sacrum</strong></span> <span class='ocrx_word' id='word_1_402' title='bbox 2670 2929 2728 2985; x_wconf 92' lang='lat' dir='ltr'><strong>in</strong></span> <span class='ocrx_word' id='word_1_403' title='bbox 2766 2928 2956 2984; x_wconf 87' lang='lat' dir='ltr'><strong>album</strong></span> <span class='ocrx_word' id='word_1_404' title='bbox 2995 2927 3330 2982; x_wconf 79' lang='lat' dir='ltr'><strong>referamus.</strong></span> <span class='ocrx_word' id='word_1_405' title='bbox 3362 2920 3543 2991; x_wconf 52' lang='lat' dir='ltr'><strong>Oper.</strong></span> 
     </span>
    </p>
   </div>
   <div class='ocr_carea' id='block_1_60' title="bbox 1959 3012 3539 3096">
    <p class='ocr_par' dir='ltr' id='par_1_60' title="bbox 1959 3012 3539 3096">
     <span class='ocr_line' id='line_1_60' title="bbox 1959 3012 3539 3096; baseline -0.01 -15"><span class='ocrx_word' id='word_1_406' title='bbox 1959 3026 2068 3082; x_wconf 90' lang='lat' dir='ltr'><strong>tuit</strong></span> <span class='ocrx_word' id='word_1_407' title='bbox 2113 3040 2353 3096; x_wconf 84' lang='lat' dir='ltr'><strong>namque</strong></span> <span class='ocrx_word' id='word_1_408' title='bbox 2379 3040 2410 3080; x_wconf 90' lang='lat' dir='ltr'><strong>a</strong></span> <span class='ocrx_word' id='word_1_409' title='bbox 2451 3024 2616 3079; x_wconf 84' lang='lat' dir='ltr'><strong>nobis</strong></span> <span class='ocrx_word' id='word_1_410' title='bbox 2651 3037 2742 3078; x_wconf 86' lang='lat' dir='ltr'><strong>res</strong></span> <span class='ocrx_word' id='word_1_411' title='bbox 2770 3020 2920 3076; x_wconf 89' lang='lat' dir='ltr'><strong>illius</strong></span> <span class='ocrx_word' id='word_1_412' title='bbox 2965 3017 3193 3089; x_wconf 79' lang='lat' dir='ltr'><strong>corrigi,</strong></span> <span class='ocrx_word' id='word_1_413' title='bbox 3241 3030 3353 3070; x_wconf 89' lang='lat' dir='ltr'><strong>non</strong></span> <span class='ocrx_word' id='word_1_414' title='bbox 3383 3012 3539 3067; x_wconf 78' lang='lat' dir='ltr'><strong>illum</strong></span> 
     </span>
    </p>
   </div>
   <div class='ocr_carea' id='block_1_61' title="bbox 1957 3109 3540 3188">
    <p class='ocr_par' dir='ltr' id='par_1_61' title="bbox 1957 3109 3540 3188">
     <span class='ocr_line' id='line_1_61' title="bbox 1957 3109 3540 3188; baseline -0.012 -14"><span class='ocrx_word' id='word_1_415' title='bbox 1957 3118 2126 3174; x_wconf 87' lang='lat' dir='ltr'><strong>nobis</strong></span> <span class='ocrx_word' id='word_1_416' title='bbox 2174 3116 2562 3188; x_wconf 73' lang='lat' dir='ltr'><strong>pra-scribere,</strong></span> <span class='ocrx_word' id='word_1_417' title='bbox 2616 3127 2675 3171; x_wconf 87' lang='lat' dir='ltr'><strong>et</strong></span> <span class='ocrx_word' id='word_1_418' title='bbox 2719 3129 2844 3183; x_wconf 62' lang='lat' dir='ltr'><strong>qua</strong></span> <span class='ocrx_word' id='word_1_419' title='bbox 2887 3122 3015 3181; x_wconf 91' lang='lat' dir='ltr'><strong>post</strong></span> <span class='ocrx_word' id='word_1_420' title='bbox 3056 3125 3182 3164; x_wconf 89' lang='lat' dir='ltr'><strong>eum</strong></span> <span class='ocrx_word' id='word_1_421' title='bbox 3232 3115 3355 3162; x_wconf 88' lang='lat' dir='ltr'><strong>acta</strong></span> <span class='ocrx_word' id='word_1_422' title='bbox 3404 3109 3540 3157; x_wconf 87' lang='lat' dir='ltr'><strong>sunt</strong></span> 
     </span>
    </p>
   </div>
   <div class='ocr_carea' id='block_1_62' title="bbox 270 3195 1858 3280">
    <p class='ocr_par' dir='ltr' id='par_1_62' title="bbox 270 3195 1852 3271">
     <span class='ocr_line' id='line_1_62' title="bbox 270 3195 1852 3271; baseline 0.008 -23"><span class='ocrx_word' id='word_1_423' title='bbox 270 3195 386 3266; x_wconf 85' lang='grc' dir='ltr'><strong>ρῶς</strong></span> <span class='ocrx_word' id='word_1_424' title='bbox 445 3196 583 3266; x_wconf 78' lang='grc' dir='ltr'>μετά</span> <span class='ocrx_word' id='word_1_425' title='bbox 639 3198 742 3268; x_wconf 83' lang='grc' dir='ltr'>τῆς</span> <span class='ocrx_word' id='word_1_426' title='bbox 793 3200 896 3271; x_wconf 82' lang='grc' dir='ltr'><strong>σῆς</strong></span> <span class='ocrx_word' id='word_1_427' title='bbox 949 3201 1282 3267; x_wconf 71' lang='grc' dir='ltr'>θεοσεϐείας,</span> <span class='ocrx_word' id='word_1_428' title='bbox 1333 3204 1456 3267; x_wconf 77' lang='grc' dir='ltr'>ἐνδς</span> <span class='ocrx_word' id='word_1_429' title='bbox 1511 3204 1610 3258; x_wconf 71' lang='grc' dir='ltr'>καὶ</span> <span class='ocrx_word' id='word_1_430' title='bbox 1661 3206 1852 3262; x_wconf 82' lang='grc' dir='ltr'>τούτου</span> 
     </span>
    </p>
   </div>
   <div class='ocr_carea' id='block_1_63' title="bbox 1959 3195 3536 3280">
    <p class='ocr_par' dir='ltr' id='par_1_63' title="bbox 1959 3196 3536 3280">
     <span class='ocr_line' id='line_1_63' title="bbox 1959 3196 3536 3280; baseline -0.011 -12"><span class='ocrx_word' id='word_1_431' title='bbox 1959 3213 2329 3269; x_wconf 89' lang='lat' dir='ltr'><strong>constituere.</strong></span> <span class='ocrx_word' id='word_1_432' title='bbox 2356 3214 2534 3280; x_wconf 78' lang='lat' dir='ltr'><strong>Atque</strong></span> <span class='ocrx_word' id='word_1_433' title='bbox 2572 3211 2688 3266; x_wconf 69' lang='lat' dir='ltr'><strong>haec</strong></span> <span class='ocrx_word' id='word_1_434' title='bbox 2715 3208 2980 3272; x_wconf 88' lang='lat' dir='ltr'><strong>dicimus,</strong></span> <span class='ocrx_word' id='word_1_435' title='bbox 3011 3219 3123 3259; x_wconf 90' lang='lat' dir='ltr'><strong>non</strong></span> <span class='ocrx_word' id='word_1_436' title='bbox 3155 3200 3303 3273; x_wconf 91' lang='lat' dir='ltr'><strong>quod</strong></span> <span class='ocrx_word' id='word_1_437' title='bbox 3325 3196 3536 3271; x_wconf 85' lang='lat' dir='ltr'><strong>jacenti</strong></span> 
     </span>
    </p>
   </div>
   <div class='ocr_carea' id='block_1_64' title="bbox 267 3292 1851 3370">
    <p class='ocr_par' dir='ltr' id='par_1_64' title="bbox 267 3292 1851 3370">
     <span class='ocr_line' id='line_1_64' title="bbox 267 3292 1851 3370; baseline 0.008 -27"><span class='ocrx_word' id='word_1_438' title='bbox 267 3292 721 3362; x_wconf 83' lang='grc' dir='ltr'>τελευτήσαντος,</span> <span class='ocrx_word' id='word_1_439' title='bbox 776 3295 989 3366; x_wconf 82' lang='grc' dir='ltr'>ἀμείνω</span> <span class='ocrx_word' id='word_1_440' title='bbox 1023 3298 1346 3368; x_wconf 83' lang='grc' dir='ltr'>ποιούμενος</span> <span class='ocrx_word' id='word_1_441' title='bbox 1391 3298 1493 3366; x_wconf 75' lang='grc' dir='ltr'>τὴν</span> <span class='ocrx_word' id='word_1_442' title='bbox 1540 3299 1676 3370; x_wconf 82' lang='grc' dir='ltr'>πρὸς</span> <span class='ocrx_word' id='word_1_443' title='bbox 1723 3303 1851 3364; x_wconf 84' lang='grc' dir='ltr'>τοὺς</span> 
     </span>
    </p>
   </div>
   <div class='ocr_carea' id='block_1_65' title="bbox 267 3382 1855 3465">
    <p class='ocr_par' dir='ltr' id='par_1_65' title="bbox 267 3382 1855 3465">
     <span class='ocr_line' id='line_1_65' title="bbox 267 3382 1855 3465; baseline 0.006 -29"><span class='ocrx_word' id='word_1_444' title='bbox 267 3382 352 3437; x_wconf 81' lang='grc' dir='ltr'><strong>ἐτι</strong></span> <span class='ocrx_word' id='word_1_445' title='bbox 385 3385 600 3451; x_wconf 78' lang='grc' dir='ltr'>ζῶντας</span> <span class='ocrx_word' id='word_1_446' title='bbox 623 3387 926 3459; x_wconf 81' lang='grc' dir='ltr'>ἀγάπησιν,</span> <span class='ocrx_word' id='word_1_447' title='bbox 976 3389 1180 3461; x_wconf 79' lang='grc' dir='ltr'>μᾶλλον</span> <span class='ocrx_word' id='word_1_448' title='bbox 1218 3392 1276 3446; x_wconf 66' lang='grc' dir='ltr'>δὲ</span> <span class='ocrx_word' id='word_1_449' title='bbox 1308 3391 1440 3456; x_wconf 80' lang='grc' dir='ltr'>τοὺς</span> <span class='ocrx_word' id='word_1_450' title='bbox 1480 3392 1585 3461; x_wconf 83' lang='grc' dir='ltr'>τῆς</span> <span class='ocrx_word' id='word_1_451' title='bbox 1619 3393 1855 3465; x_wconf 81' lang='grc' dir='ltr'>Ἐκκλη-</span> 
     </span>
    </p>
   </div>
   <div class='ocr_carea' id='block_1_66' title="bbox 267 3478 753 3549">
    <p class='ocr_par' dir='ltr' id='par_1_66' title="bbox 267 3478 753 3549">
     <span class='ocr_line' id='line_1_66' title="bbox 267 3478 753 3549; baseline 0.006 -19"><span class='ocrx_word' id='word_1_452' title='bbox 267 3478 393 3542; x_wconf 90' lang='grc' dir='ltr'>σίας</span> <span class='ocrx_word' id='word_1_453' title='bbox 420 3479 683 3549; x_wconf 84' lang='grc' dir='ltr'>θεσμούς.</span> <span class='ocrx_word' id='word_1_454' title='bbox 732 3498 753 3533; x_wconf 81' lang='grc' dir='ltr'><strong>ι</strong></span> 
     </span>
    </p>
   </div>
   <div class='ocr_carea' id='block_1_67' title="bbox 1959 3286 3537 3359">
    <p class='ocr_par' dir='ltr' id='par_1_67' title="bbox 1959 3286 3537 3359">
     <span class='ocr_line' id='line_1_67' title="bbox 1959 3286 3537 3359; baseline -0.011 -1"><span class='ocrx_word' id='word_1_455' title='bbox 1959 3312 2018 3359; x_wconf 87' lang='lat' dir='ltr'><strong>et</strong></span> <span class='ocrx_word' id='word_1_456' title='bbox 2065 3314 2290 3358; x_wconf 90' lang='lat' dir='ltr'><strong>mortuo</strong></span> <span class='ocrx_word' id='word_1_457' title='bbox 2345 3301 2426 3356; x_wconf 91' lang='lat' dir='ltr'><strong>illi</strong></span> <span class='ocrx_word' id='word_1_458' title='bbox 2483 3300 2821 3356; x_wconf 87' lang='lat' dir='ltr'><strong>insultemus</strong></span> <span class='ocrx_word' id='word_1_459' title='bbox 2864 3313 2879 3351; x_wconf 90' lang='lat'><strong>:</strong></span> <span class='ocrx_word' id='word_1_460' title='bbox 2931 3309 3046 3350; x_wconf 87' lang='lat' dir='ltr'><strong>non</strong></span> <span class='ocrx_word' id='word_1_461' title='bbox 3084 3293 3233 3348; x_wconf 88' lang='lat' dir='ltr'><strong>enim</strong></span> <span class='ocrx_word' id='word_1_462' title='bbox 3284 3290 3392 3344; x_wconf 90' lang='lat' dir='ltr'><strong>hoc</strong></span> <span class='ocrx_word' id='word_1_463' title='bbox 3440 3286 3537 3341; x_wconf 91' lang='lat' dir='ltr'><strong>det</strong></span> 
     </span>
    </p>
   </div>
   <div class='ocr_carea' id='block_1_68' title="bbox 1960 3385 3534 3464">
    <p class='ocr_par' dir='ltr' id='par_1_68' title="bbox 1960 3385 3534 3464">
     <span class='ocr_line' id='line_1_68' title="bbox 1960 3385 3534 3464; baseline -0.012 -12"><span class='ocrx_word' id='word_1_464' title='bbox 1960 3397 2156 3452; x_wconf 85' lang='lat' dir='ltr'><strong>Deus:</strong></span> <span class='ocrx_word' id='word_1_465' title='bbox 2197 3409 2383 3464; x_wconf 89' lang='lat' dir='ltr'><strong>neque</strong></span> <span class='ocrx_word' id='word_1_466' title='bbox 2421 3392 2569 3463; x_wconf 87' lang='lat' dir='ltr'><strong>quod</strong></span> <span class='ocrx_word' id='word_1_467' title='bbox 2626 3391 2848 3454; x_wconf 87' lang='lat' dir='ltr'><strong>alienis,</strong></span> <span class='ocrx_word' id='word_1_468' title='bbox 2899 3387 3065 3443; x_wconf 89' lang='lat' dir='ltr'><strong>sicuti</strong></span> <span class='ocrx_word' id='word_1_469' title='bbox 3101 3385 3373 3454; x_wconf 88' lang='lat' dir='ltr'><strong>scriptum</strong></span> <span class='ocrx_word' id='word_1_470' title='bbox 3426 3388 3534 3442; x_wconf 87' lang='lat' dir='ltr'><strong>est.</strong></span> 
     </span>
    </p>
   </div>
   <div class='ocr_carea' id='block_1_69' title="bbox 1962 3477 3537 3545">
    <p class='ocr_par' dir='ltr' id='par_1_69' title="bbox 1962 3477 3537 3545">
     <span class='ocr_line' id='line_1_69' title="bbox 1962 3477 3537 3545; baseline -0.011 -1"><span class='ocrx_word' id='word_1_471' title='bbox 1962 3496 2217 3545; x_wconf 63' lang='lat' dir='ltr'><strong>Iatemur</strong></span> <span class='ocrx_word' id='word_1_472' title='bbox 2267 3486 2430 3541; x_wconf 90' lang='lat' dir='ltr'><strong>malis</strong></span> <span class='ocrx_word' id='word_1_473' title='bbox 2460 3503 2485 3541; x_wconf 40' lang='grc' dir='ltr'><strong>ιθ</strong></span> <span class='ocrx_word' id='word_1_474' title='bbox 2506 3499 2619 3540; x_wconf 88' lang='lat' dir='ltr'><strong>non</strong></span> <span class='ocrx_word' id='word_1_475' title='bbox 2653 3483 2807 3539; x_wconf 89' lang='lat' dir='ltr'><strong>enim</strong></span> <span class='ocrx_word' id='word_1_476' title='bbox 2841 3482 2949 3537; x_wconf 90' lang='lat' dir='ltr'><strong>hoc</strong></span> <span class='ocrx_word' id='word_1_477' title='bbox 2971 3477 3419 3536; x_wconf 84' lang='lat' dir='ltr'><strong>Christianorum</strong></span> <span class='ocrx_word' id='word_1_478' title='bbox 3449 3481 3537 3528; x_wconf 87' lang='lat' dir='ltr'><strong>est</strong></span> 
     </span>
    </p>
   </div>
   <div class='ocr_carea' id='block_1_70' title="bbox 265 3572 3536 3661">
    <p class='ocr_par' dir='ltr' id='par_1_70' title="bbox 265 3572 3536 3661">
     <span class='ocr_line' id='line_1_70' title="bbox 265 3572 3536 3661; baseline -0.001 -33"><span class='ocrx_word' id='word_1_479' title='bbox 265 3574 574 3631; x_wconf 88' lang='lat' dir='ltr'><strong>consilium</strong></span> <span class='ocrx_word' id='word_1_480' title='bbox 667 3588 727 3634; x_wconf 90' lang='lat' dir='ltr'><strong>et</strong></span> <span class='ocrx_word' id='word_1_481' title='bbox 796 3580 1155 3648; x_wconf 90' lang='lat' dir='ltr'><strong>institutum;</strong></span> <span class='ocrx_word' id='word_1_482' title='bbox 1234 3580 1331 3637; x_wconf 89' lang='lat' dir='ltr'><strong>sed</strong></span> <span class='ocrx_word' id='word_1_483' title='bbox 1379 3580 1437 3637; x_wconf 88' lang='lat' dir='ltr'><strong>id</strong></span> <span class='ocrx_word' id='word_1_484' title='bbox 1514 3582 1663 3651; x_wconf 85' lang='lat' dir='ltr'><strong>quod</strong></span> <span class='ocrx_word' id='word_1_485' title='bbox 1716 3584 1931 3641; x_wconf 86' lang='lat' dir='ltr'><strong>homini</strong></span> <span class='ocrx_word' id='word_1_486' title='bbox 1971 3585 2356 3649; x_wconf 88' lang='lat' dir='ltr'><strong>condolemus,</strong></span> <span class='ocrx_word' id='word_1_487' title='bbox 2401 3582 2493 3661; x_wconf 85' lang='lat' dir='ltr'><strong>ad</strong></span> <span class='ocrx_word' id='word_1_488' title='bbox 2524 3579 2819 3636; x_wconf 89' lang='lat' dir='ltr'><strong>utilitatem</strong></span> <span class='ocrx_word' id='word_1_489' title='bbox 2864 3576 3124 3634; x_wconf 83' lang='lat' dir='ltr'><strong>Ecclesia:</strong></span> <span class='ocrx_word' id='word_1_490' title='bbox 3171 3572 3536 3637; x_wconf 76' lang='lat' dir='ltr'><strong>conferimus.</strong></span> 
     </span>
    </p>
   </div>
   <div class='ocr_carea' id='block_1_71' title="bbox 264 3673 2670 3752">
    <p class='ocr_par' dir='ltr' id='par_1_71' title="bbox 264 3673 2670 3752">
     <span class='ocr_line' id='line_1_71' title="bbox 264 3673 2670 3752; baseline 0.002 -26"><span class='ocrx_word' id='word_1_491' title='bbox 264 3673 584 3730; x_wconf 87' lang='lat' dir='ltr'><strong>canonibus</strong></span> <span class='ocrx_word' id='word_1_492' title='bbox 612 3675 766 3732; x_wconf 86' lang='lat' dir='ltr'><strong>illius</strong></span> <span class='ocrx_word' id='word_1_493' title='bbox 802 3678 945 3734; x_wconf 88' lang='lat' dir='ltr'><strong>nihil</strong></span> <span class='ocrx_word' id='word_1_494' title='bbox 978 3678 1351 3750; x_wconf 82' lang='lat' dir='ltr'><strong>praestabilius</strong></span> <span class='ocrx_word' id='word_1_495' title='bbox 1393 3693 1522 3735; x_wconf 87' lang='lat' dir='ltr'><strong>esse</strong></span> <span class='ocrx_word' id='word_1_496' title='bbox 1589 3680 1880 3738; x_wconf 86' lang='lat' dir='ltr'><strong>ducentes.</strong></span> <span class='ocrx_word' id='word_1_497' title='bbox 1922 3682 1979 3739; x_wconf 89' lang='lat' dir='ltr'><strong>Si</strong></span> <span class='ocrx_word' id='word_1_498' title='bbox 2030 3696 2271 3752; x_wconf 86' lang='lat' dir='ltr'><strong>namque</strong></span> <span class='ocrx_word' id='word_1_499' title='bbox 2322 3680 2449 3735; x_wconf 87' lang='lat' dir='ltr'><strong>illos</strong></span> <span class='ocrx_word' id='word_1_500' title='bbox 2487 3687 2670 3735; x_wconf 85' lang='lat' dir='ltr'><strong>sartos</strong></span> 
     </span>
    </p>
   </div>
   <div class='ocr_carea' id='block_1_72' title="bbox 2752 3678 3539 3737">
    <p class='ocr_par' dir='ltr' id='par_1_72' title="bbox 2752 3678 3539 3737">
     <span class='ocr_line' id='line_1_72' title="bbox 2752 3678 3539 3737; baseline -0.013 -5"><span class='ocrx_word' id='word_1_501' title='bbox 2752 3683 2931 3732; x_wconf 82' lang='lat' dir='ltr'><strong>tectos</strong></span> <span class='ocrx_word' id='word_1_502' title='bbox 2974 3685 3330 3734; x_wconf 84' lang='lat' dir='ltr'><strong>conservare,</strong></span> <span class='ocrx_word' id='word_1_503' title='bbox 3370 3678 3539 3737; x_wconf 84' lang='lat' dir='ltr'><strong>atque</strong></span> 
     </span>
    </p>
   </div>
   <div class='ocr_carea' id='block_1_73' title="bbox 264 3761 3540 3845">
    <p class='ocr_par' dir='ltr' id='par_1_73' title="bbox 264 3761 3540 3845">
     <span class='ocr_line' id='line_1_73' title="bbox 264 3761 3540 3845; baseline -0.002 -25"><span class='ocrx_word' id='word_1_504' title='bbox 264 3777 692 3826; x_wconf 73' lang='lat' dir='ltr'><strong>exauctoratum</strong></span> <span class='ocrx_word' id='word_1_505' title='bbox 763 3771 910 3828; x_wconf 91' lang='lat' dir='ltr'><strong>inter</strong></span> <span class='ocrx_word' id='word_1_506' title='bbox 981 3773 1273 3844; x_wconf 88' lang='lat' dir='ltr'><strong>episcopos</strong></span> <span class='ocrx_word' id='word_1_507' title='bbox 1334 3787 1568 3829; x_wconf 91' lang='lat' dir='ltr'><strong>censere</strong></span> <span class='ocrx_word' id='word_1_508' title='bbox 1625 3773 1845 3840; x_wconf 90' lang='lat' dir='ltr'><strong>liceret.</strong></span> <span class='ocrx_word' id='word_1_509' title='bbox 1883 3766 2036 3832; x_wconf 88' lang='lat' dir='ltr'><strong>recte</strong></span> <span class='ocrx_word' id='word_1_510' title='bbox 2103 3774 2379 3845; x_wconf 80' lang='lat' dir='ltr'><strong>profecto,</strong></span> <span class='ocrx_word' id='word_1_511' title='bbox 2454 3773 2553 3843; x_wconf 90' lang='lat' dir='ltr'><strong>qui</strong></span> <span class='ocrx_word' id='word_1_512' title='bbox 2600 3771 2655 3827; x_wconf 91' lang='lat' dir='ltr'><strong>id</strong></span> <span class='ocrx_word' id='word_1_513' title='bbox 2716 3769 3020 3840; x_wconf 85' lang='lat' dir='ltr'><strong>quominus</strong></span> <span class='ocrx_word' id='word_1_514' title='bbox 3089 3766 3247 3821; x_wconf 78' lang='lat' dir='ltr'><strong>ﬂeret</strong></span> <span class='ocrx_word' id='word_1_515' title='bbox 3307 3761 3540 3832; x_wconf 85' lang='lat' dir='ltr'><strong>impedi-</strong></span> 
     </span>
    </p>
   </div>
   <div class='ocr_carea' id='block_1_74' title="bbox 266 3863 3539 3940">
    <p class='ocr_par' dir='ltr' id='par_1_74' title="bbox 266 3863 3539 3940">
     <span class='ocr_line' id='line_1_74' title="bbox 266 3863 3539 3940; baseline -0.001 -25"><span class='ocrx_word' id='word_1_516' title='bbox 266 3871 416 3927; x_wconf 89' lang='lat' dir='ltr'><strong>rent,</strong></span> <span class='ocrx_word' id='word_1_517' title='bbox 473 3863 577 3919; x_wconf 78' lang='lat' dir='ltr'><strong>feri</strong></span> <span class='ocrx_word' id='word_1_518' title='bbox 617 3872 785 3935; x_wconf 91' lang='lat' dir='ltr'><strong>atque</strong></span> <span class='ocrx_word' id='word_1_519' title='bbox 831 3866 1074 3924; x_wconf 87' lang='lat' dir='ltr'><strong>immites</strong></span> <span class='ocrx_word' id='word_1_520' title='bbox 1114 3870 1456 3924; x_wconf 88' lang='lat' dir='ltr'><strong>dicerentur.</strong></span> <span class='ocrx_word' id='word_1_521' title='bbox 1515 3867 1976 3940; x_wconf 87' lang='lat' dir='ltr'><strong>Quandoquidem</strong></span> <span class='ocrx_word' id='word_1_522' title='bbox 2042 3886 2179 3926; x_wconf 88' lang='lat' dir='ltr'><strong>vero</strong></span> <span class='ocrx_word' id='word_1_523' title='bbox 2241 3870 2420 3926; x_wconf 84' lang='lat' dir='ltr'><strong>altero</strong></span> <span class='ocrx_word' id='word_1_524' title='bbox 2478 3869 2791 3934; x_wconf 84' lang='lat' dir='ltr'><strong>obtinente,</strong></span> <span class='ocrx_word' id='word_1_525' title='bbox 2823 3868 3061 3924; x_wconf 84' lang='lat' dir='ltr'><strong>alterum</strong></span> <span class='ocrx_word' id='word_1_526' title='bbox 3092 3864 3398 3921; x_wconf 85' lang='lat' dir='ltr'><strong>consistere</strong></span> <span class='ocrx_word' id='word_1_527' title='bbox 3426 3871 3539 3912; x_wconf 88' lang='lat' dir='ltr'><strong>non</strong></span> 
     </span>
    </p>
   </div>
   <div class='ocr_carea' id='block_1_75' title="bbox 267 3961 3532 4034">
    <p class='ocr_par' dir='ltr' id='par_1_75' title="bbox 267 3961 3532 4034">
     <span class='ocr_line' id='line_1_75' title="bbox 267 3961 3532 4034; baseline -0.001 -23"><span class='ocrx_word' id='word_1_528' title='bbox 267 3971 434 4026; x_wconf 85' lang='lat' dir='ltr'><strong>posse</strong></span> <span class='ocrx_word' id='word_1_529' title='bbox 465 3973 695 4014; x_wconf 87' lang='lat' dir='ltr'><strong>necesse</strong></span> <span class='ocrx_word' id='word_1_530' title='bbox 724 3962 818 4024; x_wconf 90' lang='lat' dir='ltr'><strong>sit,</strong></span> <span class='ocrx_word' id='word_1_531' title='bbox 846 3964 1161 4018; x_wconf 89' lang='lat' dir='ltr'><strong>sanctiones</strong></span> <span class='ocrx_word' id='word_1_532' title='bbox 1188 3964 1452 4019; x_wconf 65' lang='lat' dir='ltr'><strong>Ecclesia</strong></span> <span class='ocrx_word' id='word_1_533' title='bbox 1488 3963 1716 4018; x_wconf 89' lang='lat' dir='ltr'><strong>vincant</strong></span> <span class='ocrx_word' id='word_1_534' title='bbox 1751 3978 1766 4017; x_wconf 91' lang='lat'><strong>:</strong></span> <span class='ocrx_word' id='word_1_535' title='bbox 1794 3972 1851 4019; x_wconf 91' lang='lat' dir='ltr'><strong>et</strong></span> <span class='ocrx_word' id='word_1_536' title='bbox 1887 3978 1955 4020; x_wconf 77' lang='lat' dir='ltr'><strong>ex</strong></span> <span class='ocrx_word' id='word_1_537' title='bbox 2026 3979 2187 4021; x_wconf 91' lang='lat' dir='ltr'><strong>sacro</strong></span> <span class='ocrx_word' id='word_1_538' title='bbox 2253 3963 2525 4033; x_wconf 78' lang='lat' dir='ltr'><strong>catalogo,</strong></span> <span class='ocrx_word' id='word_1_539' title='bbox 2554 3963 2649 4034; x_wconf 92' lang='lat' dir='ltr'><strong>qui</strong></span> <span class='ocrx_word' id='word_1_540' title='bbox 2678 3978 2962 4019; x_wconf 83' lang='lat' dir='ltr'><strong>sacrorum</strong></span> <span class='ocrx_word' id='word_1_541' title='bbox 2996 3961 3255 4016; x_wconf 89' lang='lat' dir='ltr'><strong>minister</strong></span> <span class='ocrx_word' id='word_1_542' title='bbox 3281 3971 3392 4011; x_wconf 88' lang='lat' dir='ltr'><strong>non</strong></span> <span class='ocrx_word' id='word_1_543' title='bbox 3424 3961 3532 4017; x_wconf 88' lang='lat' dir='ltr'><strong>est,</strong></span> 
     </span>
    </p>
   </div>
   <div class='ocr_carea' id='block_1_76' title="bbox 263 4052 3534 4129">
    <p class='ocr_par' dir='ltr' id='par_1_76' title="bbox 263 4052 3534 4129">
     <span class='ocr_line' id='line_1_76' title="bbox 263 4052 3534 4129; baseline -0 -26"><span class='ocrx_word' id='word_1_544' title='bbox 263 4063 579 4107; x_wconf 82' lang='lat' dir='ltr'><strong>moveatur.</strong></span> <span class='ocrx_word' id='word_1_545' title='bbox 622 4052 738 4109; x_wconf 85' lang='lat' dir='ltr'><strong>Hoc</strong></span> <span class='ocrx_word' id='word_1_546' title='bbox 775 4054 926 4109; x_wconf 89' lang='lat' dir='ltr'><strong>enim</strong></span> <span class='ocrx_word' id='word_1_547' title='bbox 976 4057 1239 4112; x_wconf 87' lang='lat' dir='ltr'><strong>ecclesias</strong></span> <span class='ocrx_word' id='word_1_548' title='bbox 1302 4057 1371 4112; x_wconf 90' lang='lat' dir='ltr'><strong>ad</strong></span> <span class='ocrx_word' id='word_1_549' title='bbox 1413 4072 1606 4129; x_wconf 87' lang='lat' dir='ltr'><strong>pacem</strong></span> <span class='ocrx_word' id='word_1_550' title='bbox 1651 4057 1978 4113; x_wconf 88' lang='lat' dir='ltr'><strong>servandam</strong></span> <span class='ocrx_word' id='word_1_551' title='bbox 2039 4057 2366 4129; x_wconf 73' lang='lat' dir='ltr'><strong>coniungit:</strong></span> <span class='ocrx_word' id='word_1_552' title='bbox 2428 4057 2537 4112; x_wconf 84' lang='lat' dir='ltr'><strong>hoc</strong></span> <span class='ocrx_word' id='word_1_553' title='bbox 2599 4055 2910 4112; x_wconf 87' lang='lat' dir='ltr'><strong>animorum</strong></span> <span class='ocrx_word' id='word_1_554' title='bbox 2940 4066 3275 4111; x_wconf 89' lang='lat' dir='ltr'><strong>consensum</strong></span> <span class='ocrx_word' id='word_1_555' title='bbox 3310 4062 3534 4105; x_wconf 91' lang='lat' dir='ltr'><strong>omnem</strong></span> 
     </span>
    </p>
   </div>
   <div class='ocr_carea' id='block_1_77' title="bbox 264 4146 3537 4225">
    <p class='ocr_par' dir='ltr' id='par_1_77' title="bbox 264 4146 3537 4225">
     <span class='ocr_line' id='line_1_77' title="bbox 264 4146 3537 4225; baseline -0.002 -24"><span class='ocrx_word' id='word_1_556' title='bbox 264 4146 502 4218; x_wconf 83' lang='lat' dir='ltr'><strong>perlicit.</strong></span> <span class='ocrx_word' id='word_1_557' title='bbox 542 4149 734 4219; x_wconf 80' lang='lat' dir='ltr'><strong>itaque</strong></span> <span class='ocrx_word' id='word_1_558' title='bbox 773 4151 909 4209; x_wconf 90' lang='lat' dir='ltr'><strong>illud</strong></span> <span class='ocrx_word' id='word_1_559' title='bbox 950 4153 1115 4207; x_wconf 89' lang='lat' dir='ltr'><strong>nobis</strong></span> <span class='ocrx_word' id='word_1_560' title='bbox 1141 4151 1296 4218; x_wconf 90' lang='lat' dir='ltr'><strong>dato,</strong></span> <span class='ocrx_word' id='word_1_561' title='bbox 1362 4162 1426 4207; x_wconf 90' lang='lat' dir='ltr'><strong>ut</strong></span> <span class='ocrx_word' id='word_1_562' title='bbox 1484 4168 1626 4224; x_wconf 89' lang='lat' dir='ltr'><strong>pure</strong></span> <span class='ocrx_word' id='word_1_563' title='bbox 1685 4167 1788 4207; x_wconf 91' lang='lat' dir='ltr'><strong>nos</strong></span> <span class='ocrx_word' id='word_1_564' title='bbox 1852 4162 2163 4209; x_wconf 86' lang='lat' dir='ltr'><strong>conventus</strong></span> <span class='ocrx_word' id='word_1_565' title='bbox 2205 4167 2390 4225; x_wconf 74' lang='lat' dir='ltr'><strong>agere,</strong></span> <span class='ocrx_word' id='word_1_566' title='bbox 2446 4161 2503 4206; x_wconf 91' lang='lat' dir='ltr'><strong>et</strong></span> <span class='ocrx_word' id='word_1_567' title='bbox 2549 4150 2965 4206; x_wconf 89' lang='lat' dir='ltr'><strong>communicare</strong></span> <span class='ocrx_word' id='word_1_568' title='bbox 3007 4161 3134 4203; x_wconf 86' lang='lat' dir='ltr'><strong>cum</strong></span> <span class='ocrx_word' id='word_1_569' title='bbox 3184 4146 3394 4216; x_wconf 83' lang='lat' dir='ltr'><strong>pietate</strong></span> <span class='ocrx_word' id='word_1_570' title='bbox 3440 4152 3537 4195; x_wconf 86' lang='lat' dir='ltr'><strong>tua</strong></span> 
     </span>
    </p>
   </div>
   <div class='ocr_carea' id='block_1_78' title="bbox 263 4236 3533 4320">
    <p class='ocr_par' dir='ltr' id='par_1_78' title="bbox 263 4236 3533 4320">
     <span class='ocr_line' id='line_1_78' title="bbox 263 4236 3533 4320; baseline -0.004 -20"><span class='ocrx_word' id='word_1_571' title='bbox 263 4245 591 4312; x_wconf 80' lang='lat' dir='ltr'><strong>possimus:</strong></span> <span class='ocrx_word' id='word_1_572' title='bbox 622 4245 791 4319; x_wconf 67' lang='grc'><strong>499</strong></span> <span class='ocrx_word' id='word_1_573' title='bbox 832 4256 1002 4317; x_wconf 91' lang='lat' dir='ltr'><strong>atque</strong></span> <span class='ocrx_word' id='word_1_574' title='bbox 1052 4256 1111 4302; x_wconf 92' lang='lat' dir='ltr'><strong>tu</strong></span> <span class='ocrx_word' id='word_1_575' title='bbox 1183 4247 1375 4313; x_wconf 90' lang='lat' dir='ltr'><strong>unius,</strong></span> <span class='ocrx_word' id='word_1_576' title='bbox 1445 4248 1680 4320; x_wconf 83' lang='lat' dir='ltr'><strong>ejusque</strong></span> <span class='ocrx_word' id='word_1_577' title='bbox 1749 4247 2025 4314; x_wconf 80' lang='lat' dir='ltr'><strong>defuncti,</strong></span> <span class='ocrx_word' id='word_1_578' title='bbox 2071 4261 2343 4311; x_wconf 85' lang='lat' dir='ltr'><strong>amorem,</strong></span> <span class='ocrx_word' id='word_1_579' title='bbox 2389 4254 2513 4318; x_wconf 89' lang='lat' dir='ltr'><strong>post</strong></span> <span class='ocrx_word' id='word_1_580' title='bbox 2554 4260 2747 4301; x_wconf 90' lang='lat' dir='ltr'><strong>eorum</strong></span> <span class='ocrx_word' id='word_1_581' title='bbox 2803 4244 2898 4315; x_wconf 90' lang='lat' dir='ltr'><strong>qui</strong></span> <span class='ocrx_word' id='word_1_582' title='bbox 2944 4242 3128 4298; x_wconf 89' lang='lat' dir='ltr'><strong>adhuc</strong></span> <span class='ocrx_word' id='word_1_583' title='bbox 3205 4239 3401 4293; x_wconf 84' lang='lat' dir='ltr'><strong>vivunt</strong></span> <span class='ocrx_word' id='word_1_584' title='bbox 3445 4236 3533 4289; x_wconf 88' lang='lat' dir='ltr'><strong>di-</strong></span> 
     </span>
    </p>
   </div>
   <div class='ocr_carea' id='block_1_79' title="bbox 262 4338 2162 4412">
    <p class='ocr_par' dir='ltr' id='par_1_79' title="bbox 262 4338 2162 4412">
     <span class='ocr_line' id='line_1_79' title="bbox 262 4338 2162 4412; baseline -0.001 -17"><span class='ocrx_word' id='word_1_585' title='bbox 262 4338 590 4407; x_wconf 82' lang='lat' dir='ltr'><strong>lectionem,</strong></span> <span class='ocrx_word' id='word_1_586' title='bbox 638 4356 703 4397; x_wconf 88' lang='lat' dir='ltr'><strong>ac</strong></span> <span class='ocrx_word' id='word_1_587' title='bbox 754 4343 941 4411; x_wconf 89' lang='lat' dir='ltr'><strong>potius</strong></span> <span class='ocrx_word' id='word_1_588' title='bbox 995 4350 1120 4412; x_wconf 90' lang='lat' dir='ltr'><strong>post</strong></span> <span class='ocrx_word' id='word_1_589' title='bbox 1170 4339 1428 4398; x_wconf 65' lang='lat' dir='ltr'><strong>Ecclesia</strong></span> <span class='ocrx_word' id='word_1_590' title='bbox 1477 4343 1796 4398; x_wconf 88' lang='lat' dir='ltr'><strong>sanctiones</strong></span> <span class='ocrx_word' id='word_1_591' title='bbox 1823 4380 1841 4406; x_wconf 94' lang='lat'><strong>,</strong></span> <span class='ocrx_word' id='word_1_592' title='bbox 1878 4342 2111 4398; x_wconf 85' lang='lat' dir='ltr'><strong>habeas.</strong></span> <span class='ocrx_word' id='word_1_593' title='bbox 2144 4360 2162 4393; x_wconf 79' lang='grc' dir='ltr'><strong>ι</strong></span> 
     </span>
    </p>
   </div>
   <div class='ocr_carea' id='block_1_80' title="bbox 750 4487 1273 4544">
    <p class='ocr_par' dir='ltr' id='par_1_80' title="bbox 750 4487 1273 4544">
     <span class='ocr_line' id='line_1_80' title="bbox 750 4487 1273 4544; baseline 0.002 -2"><span class='ocrx_word' id='word_1_594' title='bbox 750 4488 757 4495; x_wconf 69' lang='grc'><strong><em>’</em></strong></span> <span class='ocrx_word' id='word_1_595' title='bbox 834 4487 1081 4544; x_wconf 77' lang='grc' dir='ltr'><strong>ΚΕΦΑΛ.</strong></span> <span class='ocrx_word' id='word_1_596' title='bbox 1139 4488 1273 4543; x_wconf 84' lang='grc' dir='ltr'><strong>ΚΗ’.</strong></span> 
     </span>
    </p>
   </div>
   <div class='ocr_carea' id='block_1_81' title="bbox 2480 4482 2995 4542">
    <p class='ocr_par' dir='ltr' id='par_1_81' title="bbox 2480 4482 2995 4542">
     <span class='ocr_line' id='line_1_81' title="bbox 2480 4482 2995 4542; baseline -0.006 0"><span class='ocrx_word' id='word_1_597' title='bbox 2480 4486 2706 4542; x_wconf 79' lang='lat' dir='ltr'>CAPUT</span> <span class='ocrx_word' id='word_1_598' title='bbox 2754 4482 2995 4540; x_wconf 80' lang='lat' dir='ltr'><strong>XXVIII.</strong></span> 
     </span>
    </p>
   </div>
   <div class='ocr_carea' id='block_1_82' title="bbox 273 4594 1858 4673">
    <p class='ocr_par' dir='ltr' id='par_1_82' title="bbox 273 4599 1848 4673">
     <span class='ocr_line' id='line_1_82' title="bbox 273 4599 1848 4673; baseline -0.004 -14"><span class='ocrx_word' id='word_1_599' title='bbox 273 4604 385 4673; x_wconf 62' lang='grc' dir='ltr'><strong>ὨςΔ</strong></span> <span class='ocrx_word' id='word_1_600' title='bbox 430 4605 467 4673; x_wconf 12' lang='grc' dir='ltr'>ὁ,</span> <span class='ocrx_word' id='word_1_601' title='bbox 516 4599 677 4668; x_wconf 78' lang='grc' dir='ltr'>θεῖος</span> <span class='ocrx_word' id='word_1_602' title='bbox 731 4600 1032 4668; x_wconf 71' lang='grc' dir='ltr'>Κύριλλος</span> <span class='ocrx_word' id='word_1_603' title='bbox 1087 4600 1355 4673; x_wconf 65' lang='grc' dir='ltr'>ὀπτασίᾳ</span> <span class='ocrx_word' id='word_1_604' title='bbox 1415 4600 1684 4673; x_wconf 72' lang='grc' dir='ltr'>θειοτέρα</span> <span class='ocrx_word' id='word_1_605' title='bbox 1733 4600 1848 4673; x_wconf 53' lang='lat' dir='ltr'><strong>{hac</strong></span> 
     </span>
    </p>
   </div>
   <div class='ocr_carea' id='block_1_83' title="bbox 1959 4594 3534 4673">
    <p class='ocr_par' dir='ltr' id='par_1_83' title="bbox 1959 4594 3534 4673">
     <span class='ocr_line' id='line_1_83' title="bbox 1959 4594 3534 4673; baseline -0.009 -11"><span class='ocrx_word' id='word_1_606' title='bbox 1959 4605 2019 4662; x_wconf 91' lang='lat' dir='ltr'><strong>Ut</strong></span> <span class='ocrx_word' id='word_1_607' title='bbox 2050 4604 2203 4659; x_wconf 77' lang='lat' dir='ltr'><strong>divus</strong></span> <span class='ocrx_word' id='word_1_608' title='bbox 2237 4600 2475 4673; x_wconf 80' lang='lat' dir='ltr'><strong>Cyrillus</strong></span> <span class='ocrx_word' id='word_1_609' title='bbox 2500 4617 2595 4671; x_wconf 88' lang='lat' dir='ltr'><strong>per</strong></span> <span class='ocrx_word' id='word_1_610' title='bbox 2618 4601 2873 4653; x_wconf 81' lang='lat' dir='ltr'><strong>visionem</strong></span> <span class='ocrx_word' id='word_1_611' title='bbox 2893 4600 3130 4653; x_wconf 85' lang='lat' dir='ltr'><strong>divinam</strong></span> <span class='ocrx_word' id='word_1_612' title='bbox 3155 4612 3346 4673; x_wconf 67' lang='lat' dir='ltr'><strong>nomen</strong></span> <span class='ocrx_word' id='word_1_613' title='bbox 3362 4594 3534 4673; x_wconf 51' lang='lat' dir='ltr'><strong>loqu:</strong></span> 
     </span>
    </p>
   </div>
   <div class='ocr_carea' id='block_1_84' title="bbox 336 4670 1848 4752">
    <p class='ocr_par' dir='ltr' id='par_1_84' title="bbox 336 4670 1848 4752">
     <span class='ocr_line' id='line_1_84' title="bbox 336 4670 1848 4752; baseline -0.003 -24"><span class='ocrx_word' id='word_1_614' title='bbox 336 4671 630 4752; x_wconf 57' lang='grc' dir='ltr'>Ἰωάνιίοι)</span> <span class='ocrx_word' id='word_1_615' title='bbox 658 4674 1075 4752; x_wconf 37' lang='grc' dir='ltr'>προολητοριίαν</span> <span class='ocrx_word' id='word_1_616' title='bbox 1118 4670 1370 4752; x_wconf 59' lang='grc' dir='ltr'>ἐδέξατο</span> <span class='ocrx_word' id='word_1_617' title='bbox 1397 4687 1431 4752; x_wconf 69' lang='lat'><strong>‘_</strong></span> <span class='ocrx_word' id='word_1_618' title='bbox 1445 4671 1545 4752; x_wconf 59' lang='grc' dir='ltr'>καὶ</span> <span class='ocrx_word' id='word_1_619' title='bbox 1597 4671 1678 4752; x_wconf 75' lang='grc' dir='ltr'>ὡς</span> <span class='ocrx_word' id='word_1_620' title='bbox 1729 4671 1848 4724; x_wconf 81' lang='grc' dir='ltr'>διέ-</span> 
     </span>
    </p>
   </div>
   <div class='ocr_carea' id='block_1_85' title="bbox 333 4740 1851 4826">
    <p class='ocr_par' dir='ltr' id='par_1_85' title="bbox 333 4740 1851 4826">
     <span class='ocr_line' id='line_1_85' title="bbox 333 4740 1851 4826; baseline -0.003 -27"><span class='ocrx_word' id='word_1_621' title='bbox 333 4749 498 4826; x_wconf 62' lang='lat' dir='ltr'><strong>lytra</strong></span> <span class='ocrx_word' id='word_1_622' title='bbox 523 4741 623 4796; x_wconf 82' lang='grc' dir='ltr'>διὰ</span> <span class='ocrx_word' id='word_1_623' title='bbox 652 4740 764 4811; x_wconf 81' lang='grc' dir='ltr'>τῆς</span> <span class='ocrx_word' id='word_1_624' title='bbox 796 4742 1092 4797; x_wconf 78' lang='grc' dir='ltr'>Θεοτόκου</span> <span class='ocrx_word' id='word_1_625' title='bbox 1143 4742 1210 4796; x_wconf 85' lang='grc' dir='ltr'>τὸ</span> <span class='ocrx_word' id='word_1_626' title='bbox 1238 4740 1472 4811; x_wconf 80' lang='grc' dir='ltr'>μεταξὺ</span> <span class='ocrx_word' id='word_1_627' title='bbox 1522 4742 1851 4811; x_wconf 70' lang='grc' dir='ltr'>γενόμενοι·</span> 
     </span>
    </p>
   </div>
   <div class='ocr_carea' id='block_1_86' title="bbox 332 4829 538 4885">
    <p class='ocr_par' dir='ltr' id='par_1_86' title="bbox 332 4829 538 4885">
     <span class='ocr_line' id='line_1_86' title="bbox 332 4829 538 4885; baseline -0.005 -17"><span class='ocrx_word' id='word_1_628' title='bbox 332 4829 538 4885; x_wconf 77' lang='grc' dir='ltr'>μίσος.</span> 
     </span>
    </p>
   </div>
   <div class='ocr_carea' id='block_1_87' title="bbox 346 4924 1849 5000">
    <p class='ocr_par' dir='ltr' id='par_1_87' title="bbox 346 4924 1849 5000">
     <span class='ocr_line' id='line_1_87' title="bbox 346 4924 1849 5000; baseline -0.003 -17"><span class='ocrx_word' id='word_1_629' title='bbox 346 4932 408 4983; x_wconf 87' lang='grc' dir='ltr'>Ὀ</span> <span class='ocrx_word' id='word_1_630' title='bbox 441 4929 545 5000; x_wconf 78' lang='grc' dir='ltr'><strong>μὲν</strong></span> <span class='ocrx_word' id='word_1_631' title='bbox 597 4926 692 4981; x_wconf 82' lang='grc' dir='ltr'><strong>οῦν</strong></span> <span class='ocrx_word' id='word_1_632' title='bbox 747 4926 1021 4998; x_wconf 80' lang='grc' dir='ltr'>Κύριλλος</span> <span class='ocrx_word' id='word_1_633' title='bbox 1080 4925 1311 4981; x_wconf 86' lang='grc' dir='ltr'>τοιαῦτα</span> <span class='ocrx_word' id='word_1_634' title='bbox 1363 4925 1508 4980; x_wconf 84' lang='grc' dir='ltr'><strong>κατά</strong></span> <span class='ocrx_word' id='word_1_635' title='bbox 1540 4925 1636 4980; x_wconf 85' lang='grc' dir='ltr'><strong>τοῦ</strong></span> <span class='ocrx_word' id='word_1_636' title='bbox 1700 4924 1849 4996; x_wconf 75' lang='grc' dir='ltr'>ίεροῦ</span> 
     </span>
    </p>
   </div>
   <div class='ocr_carea' id='block_1_88' title="bbox 263 5016 1853 5094">
    <p class='ocr_par' dir='ltr' id='par_1_88' title="bbox 263 5016 1853 5094">
     <span class='ocr_line' id='line_1_88' title="bbox 263 5016 1853 5094; baseline -0.004 -18"><span class='ocrx_word' id='word_1_637' title='bbox 263 5020 662 5094; x_wconf 80' lang='grc' dir='ltr'>Χρυσοστόμου</span> <span class='ocrx_word' id='word_1_638' title='bbox 712 5019 923 5090; x_wconf 65' lang='grc' dir='ltr'>ἔγραφε</span> <span class='ocrx_word' id='word_1_639' title='bbox 974 5019 1071 5073; x_wconf 74' lang='grc' dir='ltr'>καὶ</span> <span class='ocrx_word' id='word_1_640' title='bbox 1108 5018 1367 5089; x_wconf 79' lang='grc' dir='ltr'>ἐφρόνει,</span> <span class='ocrx_word' id='word_1_641' title='bbox 1402 5016 1675 5087; x_wconf 81' lang='grc' dir='ltr'>προλήψει</span> <span class='ocrx_word' id='word_1_642' title='bbox 1728 5017 1853 5070; x_wconf 80' lang='grc' dir='ltr'>δουο</span> 
     </span>
    </p>
   </div>
   <div class='ocr_carea' id='block_1_89' title="bbox 262 5109 1851 5187">
    <p class='ocr_par' dir='ltr' id='par_1_89' title="bbox 262 5109 1851 5187">
     <span class='ocr_line' id='line_1_89' title="bbox 262 5109 1851 5187; baseline -0.007 -15"><span class='ocrx_word' id='word_1_643' title='bbox 262 5117 464 5181; x_wconf 87' lang='grc' dir='ltr'>λεύων,</span> <span class='ocrx_word' id='word_1_644' title='bbox 500 5117 569 5187; x_wconf 69' lang='grc' dir='ltr'><strong>ἣν</strong></span> <span class='ocrx_word' id='word_1_645' title='bbox 601 5118 667 5170; x_wconf 86' lang='grc' dir='ltr'><strong>ἐκ</strong></span> <span class='ocrx_word' id='word_1_646' title='bbox 718 5113 917 5168; x_wconf 90' lang='grc' dir='ltr'>πολλοῦ</span> <span class='ocrx_word' id='word_1_647' title='bbox 953 5112 1081 5184; x_wconf 73' lang='grc' dir='ltr'>ἔσχε</span> <span class='ocrx_word' id='word_1_648' title='bbox 1110 5112 1189 5184; x_wconf 83' lang='grc' dir='ltr'><strong>τῷ</strong></span> <span class='ocrx_word' id='word_1_649' title='bbox 1247 5111 1380 5183; x_wconf 85' lang='grc' dir='ltr'>θείῳ</span> <span class='ocrx_word' id='word_1_650' title='bbox 1409 5110 1577 5165; x_wconf 79' lang='grc' dir='ltr'>αὐτοῦ</span> <span class='ocrx_word' id='word_1_651' title='bbox 1600 5109 1851 5183; x_wconf 85' lang='grc' dir='ltr'>Θεοφίλῳ</span> 
     </span>
    </p>
   </div>
   <div class='ocr_carea' id='block_1_90' title="bbox 262 5202 1853 5282">
    <p class='ocr_par' dir='ltr' id='par_1_90' title="bbox 262 5202 1853 5282">
     <span class='ocr_line' id='line_1_90' title="bbox 262 5202 1853 5282; baseline -0.006 -15"><span class='ocrx_word' id='word_1_652' title='bbox 262 5213 544 5282; x_wconf 74' lang='grc' dir='ltr'>ἑπόμενος</span> <span class='ocrx_word' id='word_1_653' title='bbox 566 5226 584 5242; x_wconf 75' lang='grc' dir='ltr'><strong><em>ο</em></strong></span> <span class='ocrx_word' id='word_1_654' title='bbox 627 5209 749 5262; x_wconf 78' lang='grc' dir='ltr'>ἐπεὶ</span> <span class='ocrx_word' id='word_1_655' title='bbox 779 5207 837 5262; x_wconf 87' lang='grc' dir='ltr'><strong>δέ</strong></span> <span class='ocrx_word' id='word_1_656' title='bbox 861 5206 1027 5279; x_wconf 78' lang='grc' dir='ltr'>ζῆλος</span> <span class='ocrx_word' id='word_1_657' title='bbox 1045 5202 1114 5278; x_wconf 79' lang='grc' dir='ltr'><strong>ἦν</strong></span> <span class='ocrx_word' id='word_1_658' title='bbox 1136 5206 1200 5260; x_wconf 80' lang='grc' dir='ltr'>τὸ</span> <span class='ocrx_word' id='word_1_659' title='bbox 1235 5205 1639 5278; x_wconf 87' lang='grc' dir='ltr'>πραττόμενον,</span> <span class='ocrx_word' id='word_1_660' title='bbox 1671 5206 1720 5257; x_wconf 82' lang='grc' dir='ltr'><strong>εί</strong></span> <span class='ocrx_word' id='word_1_661' title='bbox 1750 5205 1853 5259; x_wconf 78' lang='grc' dir='ltr'>καὶ</span> 
     </span>
    </p>
   </div>
   <div class='ocr_carea' id='block_1_91' title="bbox 268 5297 1851 5379">
    <p class='ocr_par' dir='ltr' id='par_1_91' title="bbox 268 5297 1851 5379">
     <span class='ocr_line' id='line_1_91' title="bbox 268 5297 1851 5379; baseline -0.008 -18"><span class='ocrx_word' id='word_1_662' title='bbox 268 5306 348 5379; x_wconf 81' lang='grc' dir='ltr'>μὴ</span> <span class='ocrx_word' id='word_1_663' title='bbox 376 5303 502 5379; x_wconf 60' lang='grc' dir='ltr'>κατ’</span> <span class='ocrx_word' id='word_1_664' title='bbox 546 5304 845 5372; x_wconf 82' lang='grc' dir='ltr'>ἐπίγνωσιν</span> <span class='ocrx_word' id='word_1_665' title='bbox 880 5300 1040 5366; x_wconf 83' lang='grc' dir='ltr'>τέως,</span> <span class='ocrx_word' id='word_1_666' title='bbox 1074 5301 1135 5353; x_wconf 76' lang='grc' dir='ltr'>οὐ</span> <span class='ocrx_word' id='word_1_667' title='bbox 1191 5298 1388 5369; x_wconf 86' lang='grc' dir='ltr'>φθόνος</span> <span class='ocrx_word' id='word_1_668' title='bbox 1424 5298 1535 5352; x_wconf 82' lang='grc' dir='ltr'>οὐδ’</span> <span class='ocrx_word' id='word_1_669' title='bbox 1594 5297 1851 5361; x_wconf 74' lang='grc' dir='ltr'>ἔνστασις</span> 
     </span>
    </p>
   </div>
   <div class='ocr_carea' id='block_1_92' title="bbox 261 5391 1855 5469">
    <p class='ocr_par' dir='ltr' id='par_1_92' title="bbox 261 5391 1855 5469">
     <span class='ocr_line' id='line_1_92' title="bbox 261 5391 1855 5469; baseline -0.007 -13"><span class='ocrx_word' id='word_1_670' title='bbox 261 5398 554 5469; x_wconf 76' lang='grc' dir='ltr'>διαϐολικὴ</span> <span class='ocrx_word' id='word_1_671' title='bbox 582 5397 644 5451; x_wconf 78' lang='grc' dir='ltr'><strong>τδ</strong></span> <span class='ocrx_word' id='word_1_672' title='bbox 694 5397 1032 5467; x_wconf 85' lang='grc' dir='ltr'>μαχόμενον,</span> <span class='ocrx_word' id='word_1_673' title='bbox 1062 5394 1124 5447; x_wconf 86' lang='grc' dir='ltr'><strong>ού</strong></span> <span class='ocrx_word' id='word_1_674' title='bbox 1157 5393 1270 5447; x_wconf 82' lang='grc' dir='ltr'><strong>δεῖν</strong></span> <span class='ocrx_word' id='word_1_675' title='bbox 1301 5392 1501 5464; x_wconf 79' lang='grc' dir='ltr'>ἐκρίθη</span> <span class='ocrx_word' id='word_1_676' title='bbox 1549 5391 1709 5459; x_wconf 82' lang='grc' dir='ltr'>Θεοῦ,</span> <span class='ocrx_word' id='word_1_677' title='bbox 1763 5408 1855 5446; x_wconf 84' lang='grc' dir='ltr'>το-</span> 
     </span>
    </p>
   </div>
   <div class='ocr_carea' id='block_1_93' title="bbox 267 5482 1855 5559">
    <p class='ocr_par' dir='ltr' id='par_1_93' title="bbox 267 5482 1855 5559">
     <span class='ocr_line' id='line_1_93' title="bbox 267 5482 1855 5559; baseline -0.006 -14"><span class='ocrx_word' id='word_1_678' title='bbox 267 5491 465 5546; x_wconf 88' lang='grc' dir='ltr'>σοῦτον</span> <span class='ocrx_word' id='word_1_679' title='bbox 494 5488 643 5559; x_wconf 85' lang='grc' dir='ltr'>λόγῳ</span> <span class='ocrx_word' id='word_1_680' title='bbox 668 5487 764 5541; x_wconf 75' lang='grc' dir='ltr'><strong>καὶ</strong></span> <span class='ocrx_word' id='word_1_681' title='bbox 788 5487 960 5558; x_wconf 74' lang='grc' dir='ltr'>ἀρετῇ</span> <span class='ocrx_word' id='word_1_682' title='bbox 990 5485 1323 5555; x_wconf 81' lang='grc' dir='ltr'>διαφέροντα</span> <span class='ocrx_word' id='word_1_683' title='bbox 1362 5484 1423 5537; x_wconf 87' lang='grc' dir='ltr'><strong>ἐν</strong></span> <span class='ocrx_word' id='word_1_684' title='bbox 1446 5482 1628 5555; x_wconf 84' lang='grc' dir='ltr'>τούτῳ</span> <span class='ocrx_word' id='word_1_685' title='bbox 1656 5483 1722 5553; x_wconf 77' lang='grc' dir='ltr'>δὴ</span> <span class='ocrx_word' id='word_1_686' title='bbox 1755 5482 1855 5553; x_wconf 86' lang='grc' dir='ltr'>μό-</span> 
     </span>
    </p>
   </div>
   <div class='ocr_carea' id='block_1_94' title="bbox 264 5577 1851 5653">
    <p class='ocr_par' dir='ltr' id='par_1_94' title="bbox 264 5577 1851 5653">
     <span class='ocr_line' id='line_1_94' title="bbox 264 5577 1851 5653; baseline -0.005 -15"><span class='ocrx_word' id='word_1_687' title='bbox 264 5603 358 5640; x_wconf 83' lang='grc' dir='ltr'><strong>νον</strong></span> <span class='ocrx_word' id='word_1_688' title='bbox 390 5583 641 5649; x_wconf 81' lang='grc' dir='ltr'>σκάζειν,</span> <span class='ocrx_word' id='word_1_689' title='bbox 685 5581 782 5636; x_wconf 74' lang='grc' dir='ltr'>καὶ</span> <span class='ocrx_word' id='word_1_690' title='bbox 824 5582 902 5653; x_wconf 83' lang='grc' dir='ltr'>μὴ</span> <span class='ocrx_word' id='word_1_691' title='bbox 948 5582 1011 5635; x_wconf 80' lang='grc' dir='ltr'>τὸ</span> <span class='ocrx_word' id='word_1_692' title='bbox 1044 5581 1219 5650; x_wconf 85' lang='grc' dir='ltr'>ἀκρον</span> <span class='ocrx_word' id='word_1_693' title='bbox 1251 5577 1479 5650; x_wconf 82' lang='grc' dir='ltr'>φθάνειν</span> <span class='ocrx_word' id='word_1_694' title='bbox 1505 5580 1607 5647; x_wconf 69' lang='grc' dir='ltr'>τῆς</span> <span class='ocrx_word' id='word_1_695' title='bbox 1642 5577 1851 5632; x_wconf 83' lang='grc' dir='ltr'>τελειό-</span> 
     </span>
    </p>
   </div>
   <div class='ocr_carea' id='block_1_95' title="bbox 264 5669 1854 5750">
    <p class='ocr_par' dir='ltr' id='par_1_95' title="bbox 264 5669 1854 5750">
     <span class='ocr_line' id='line_1_95' title="bbox 264 5669 1854 5750; baseline -0.006 -18"><span class='ocrx_word' id='word_1_696' title='bbox 264 5693 458 5750; x_wconf 81' lang='grc' dir='ltr'>τητος·</span> <span class='ocrx_word' id='word_1_697' title='bbox 491 5676 774 5746; x_wconf 80' lang='grc' dir='ltr'>ἄνθρωποι</span> <span class='ocrx_word' id='word_1_698' title='bbox 824 5674 933 5744; x_wconf 76' lang='grc' dir='ltr'><strong>γάρ</strong></span> <span class='ocrx_word' id='word_1_699' title='bbox 965 5669 1132 5746; x_wconf 78' lang='grc' dir='ltr'>ἦσαν,</span> <span class='ocrx_word' id='word_1_700' title='bbox 1161 5671 1260 5726; x_wconf 77' lang='grc' dir='ltr'><strong>καὶ</strong></span> <span class='ocrx_word' id='word_1_701' title='bbox 1312 5669 1683 5742; x_wconf 81' lang='grc' dir='ltr'>ἀνθρωπίνοις</span> <span class='ocrx_word' id='word_1_702' title='bbox 1718 5669 1854 5723; x_wconf 80' lang='grc' dir='ltr'>ύπέ-</span> 
     </span>
    </p>
   </div>
   <div class='ocr_carea' id='block_1_96' title="bbox 270 5750 1851 5833">
    <p class='ocr_par' dir='ltr' id='par_1_96' title="bbox 270 5750 1851 5833">
     <span class='ocr_line' id='line_1_96' title="bbox 270 5750 1851 5833; baseline -0.005 -10"><span class='ocrx_word' id='word_1_703' title='bbox 270 5786 452 5823; x_wconf 88' lang='grc' dir='ltr'>κειντο</span> <span class='ocrx_word' id='word_1_704' title='bbox 488 5768 712 5822; x_wconf 84' lang='grc' dir='ltr'>πάθεσι.</span> <span class='ocrx_word' id='word_1_705' title='bbox 740 5765 842 5821; x_wconf 80' lang='grc' dir='ltr'>Διά</span> <span class='ocrx_word' id='word_1_706' title='bbox 873 5783 960 5819; x_wconf 88' lang='grc' dir='ltr'><strong>τοι</strong></span> <span class='ocrx_word' id='word_1_707' title='bbox 1010 5763 1174 5818; x_wconf 89' lang='grc' dir='ltr'>τοῦτο</span> <span class='ocrx_word' id='word_1_708' title='bbox 1221 5764 1317 5817; x_wconf 79' lang='grc' dir='ltr'><strong>καὶ</strong></span> <span class='ocrx_word' id='word_1_709' title='bbox 1363 5762 1545 5833; x_wconf 84' lang='grc' dir='ltr'>χρόνῳ</span> <span class='ocrx_word' id='word_1_710' title='bbox 1599 5750 1851 5831; x_wconf 76' lang='grc' dir='ltr'>ὕστερον,</span> 
     </span>
    </p>
   </div>
   <div class='ocr_carea' id='block_1_97' title="bbox 270 5853 1853 5922">
    <p class='ocr_par' dir='ltr' id='par_1_97' title="bbox 270 5853 1853 5922">
     <span class='ocr_line' id='line_1_97' title="bbox 270 5853 1853 5922; baseline -0.008 -4"><span class='ocrx_word' id='word_1_711' title='bbox 270 5864 485 5919; x_wconf 85' lang='grc' dir='ltr'>πολλῶν</span> <span class='ocrx_word' id='word_1_712' title='bbox 502 5861 601 5917; x_wconf 56' lang='grc' dir='ltr'><strong>καί⁵</strong></span> <span class='ocrx_word' id='word_1_713' title='bbox 624 5859 801 5916; x_wconf 76' lang='grc' dir='ltr'>ἄλλων</span> <span class='ocrx_word' id='word_1_714' title='bbox 827 5856 1286 5922; x_wconf 84' lang='grc' dir='ltr'>συνελαυνόντων,</span> <span class='ocrx_word' id='word_1_715' title='bbox 1306 5854 1382 5910; x_wconf 82' lang='grc' dir='ltr'><strong>τῶ</strong></span> <span class='ocrx_word' id='word_1_716' title='bbox 1408 5853 1631 5922; x_wconf 78' lang='grc' dir='ltr'>μεγάλῳ</span> <span class='ocrx_word' id='word_1_717' title='bbox 1655 5854 1853 5922; x_wconf 79' lang='grc' dir='ltr'>ἐκείνῳ</span> 
     </span>
    </p>
   </div>
   <div class='ocr_carea' id='block_1_98' title="bbox 2026 4664 3536 4741">
    <p class='ocr_par' dir='ltr' id='par_1_98' title="bbox 2026 4664 3536 4741">
     <span class='ocr_line' id='line_1_98' title="bbox 2026 4664 3536 4741; baseline -0.007 -12"><span class='ocrx_word' id='word_1_718' title='bbox 2026 4677 2107 4729; x_wconf 81' lang='lat' dir='ltr'><strong>nis</strong></span> <span class='ocrx_word' id='word_1_719' title='bbox 2152 4664 2436 4741; x_wconf 63' lang='lat' dir='ltr'><strong>susciperit</strong></span> <span class='ocrx_word' id='word_1_720' title='bbox 2481 4664 2510 4723; x_wconf 70' lang='grc' dir='ltr'><strong>ε’</strong></span> <span class='ocrx_word' id='word_1_721' title='bbox 2543 4680 2954 4741; x_wconf 73' lang='lat' dir='ltr'><strong>conceptumque</strong></span> <span class='ocrx_word' id='word_1_722' title='bbox 2993 4676 3155 4722; x_wconf 87' lang='lat' dir='ltr'><strong>antea</strong></span> <span class='ocrx_word' id='word_1_723' title='bbox 3194 4669 3395 4730; x_wconf 84' lang='lat' dir='ltr'><strong>odium,</strong></span> <span class='ocrx_word' id='word_1_724' title='bbox 3438 4664 3536 4720; x_wconf 88' lang='lat' dir='ltr'><strong>Dei</strong></span> 
     </span>
    </p>
   </div>
   <div class='ocr_carea' id='block_1_99' title="bbox 2027 4741 3137 4806">
    <p class='ocr_par' dir='ltr' id='par_1_99' title="bbox 2027 4741 3137 4806">
     <span class='ocr_line' id='line_1_99' title="bbox 2027 4741 3137 4806; baseline -0.008 -5"><span class='ocrx_word' id='word_1_725' title='bbox 2027 4744 2307 4802; x_wconf 78' lang='lat' dir='ltr'><strong>Genitricis</strong></span> <span class='ocrx_word' id='word_1_726' title='bbox 2340 4743 2735 4806; x_wconf 76' lang='lat' dir='ltr'><strong>intercessione,</strong></span> <span class='ocrx_word' id='word_1_727' title='bbox 2776 4742 2823 4795; x_wconf 86' lang='lat' dir='ltr'><strong>ei</strong></span> <span class='ocrx_word' id='word_1_728' title='bbox 2847 4741 3137 4795; x_wconf 83' lang='lat' dir='ltr'><strong>remiserit.</strong></span> 
     </span>
    </p>
   </div>
   <div class='ocr_carea' id='block_1_100' title="bbox 2024 4921 3537 4997">
    <p class='ocr_par' dir='ltr' id='par_1_100' title="bbox 2024 4921 3537 4997">
     <span class='ocr_line' id='line_1_100' title="bbox 2024 4921 3537 4997; baseline -0.005 -16"><span class='ocrx_word' id='word_1_729' title='bbox 2024 4925 2153 4982; x_wconf 71' lang='lat' dir='ltr'><strong>Haec</strong></span> <span class='ocrx_word' id='word_1_730' title='bbox 2193 4924 2421 4996; x_wconf 85' lang='lat' dir='ltr'><strong>quidem</strong></span> <span class='ocrx_word' id='word_1_731' title='bbox 2470 4924 2716 4997; x_wconf 79' lang='lat' dir='ltr'><strong>Cyrillus</strong></span> <span class='ocrx_word' id='word_1_732' title='bbox 2750 4923 2819 4979; x_wconf 91' lang='lat' dir='ltr'><strong>de</strong></span> <span class='ocrx_word' id='word_1_733' title='bbox 2860 4937 3024 4979; x_wconf 90' lang='lat' dir='ltr'><strong>sacro</strong></span> <span class='ocrx_word' id='word_1_734' title='bbox 3054 4921 3452 4994; x_wconf 77' lang='lat' dir='ltr'><strong>Chrysostomo</strong></span> <span class='ocrx_word' id='word_1_735' title='bbox 3480 4930 3537 4975; x_wconf 91' lang='lat' dir='ltr'><strong>ct</strong></span> 
     </span>
    </p>
   </div>
   <div class='ocr_carea' id='block_1_101' title="bbox 1953 5012 3534 5089">
    <p class='ocr_par' dir='ltr' id='par_1_101' title="bbox 1953 5012 3534 5089">
     <span class='ocr_line' id='line_1_101' title="bbox 1953 5012 3534 5089; baseline -0.004 -16"><span class='ocrx_word' id='word_1_736' title='bbox 1953 5015 2181 5089; x_wconf 87' lang='lat' dir='ltr'><strong>scripsit</strong></span> <span class='ocrx_word' id='word_1_737' title='bbox 2211 5026 2270 5073; x_wconf 92' lang='lat' dir='ltr'><strong>et</strong></span> <span class='ocrx_word' id='word_1_738' title='bbox 2298 5017 2498 5082; x_wconf 87' lang='lat' dir='ltr'><strong>sensit,</strong></span> <span class='ocrx_word' id='word_1_739' title='bbox 2532 5022 2883 5085; x_wconf 61' lang='lat' dir='ltr'><strong>praesumpta:</strong></span> <span class='ocrx_word' id='word_1_740' title='bbox 2914 5013 3167 5084; x_wconf 89' lang='lat' dir='ltr'><strong>opinioni</strong></span> <span class='ocrx_word' id='word_1_741' title='bbox 3198 5012 3534 5075; x_wconf 86' lang='lat' dir='ltr'><strong>inserviens,</strong></span> 
     </span>
    </p>
   </div>
   <div class='ocr_carea' id='block_1_102' title="bbox 1954 5104 3537 5182">
    <p class='ocr_par' dir='ltr' id='par_1_102' title="bbox 1954 5104 3537 5182">
     <span class='ocr_line' id='line_1_102' title="bbox 1954 5104 3537 5182; baseline -0.006 -15"><span class='ocrx_word' id='word_1_742' title='bbox 1954 5127 2120 5182; x_wconf 90' lang='lat' dir='ltr'><strong>quam</strong></span> <span class='ocrx_word' id='word_1_743' title='bbox 2150 5110 2358 5166; x_wconf 90' lang='lat' dir='ltr'><strong>dudum</strong></span> <span class='ocrx_word' id='word_1_744' title='bbox 2390 5117 2652 5179; x_wconf 89' lang='lat' dir='ltr'><strong>patruum</strong></span> <span class='ocrx_word' id='word_1_745' title='bbox 2683 5121 2845 5162; x_wconf 89' lang='lat' dir='ltr'><strong>suum</strong></span> <span class='ocrx_word' id='word_1_746' title='bbox 2888 5104 3263 5176; x_wconf 90' lang='lat' dir='ltr'><strong>Theophilum</strong></span> <span class='ocrx_word' id='word_1_747' title='bbox 3308 5112 3537 5160; x_wconf 85' lang='lat' dir='ltr'><strong>secutus</strong></span> 
     </span>
    </p>
   </div>
   <div class='ocr_carea' id='block_1_103' title="bbox 1952 5197 3529 5275">
    <p class='ocr_par' dir='ltr' id='par_1_103' title="bbox 1952 5197 3529 5275">
     <span class='ocr_line' id='line_1_103' title="bbox 1952 5197 3529 5275; baseline -0.006 -14"><span class='ocrx_word' id='word_1_748' title='bbox 1952 5213 2309 5275; x_wconf 87' lang='lat' dir='ltr'><strong>conceperat.</strong></span> <span class='ocrx_word' id='word_1_749' title='bbox 2355 5200 2630 5268; x_wconf 89' lang='lat' dir='ltr'><strong>Quoniam</strong></span> <span class='ocrx_word' id='word_1_750' title='bbox 2675 5214 2811 5255; x_wconf 82' lang='lat' dir='ltr'><strong>vero</strong></span> <span class='ocrx_word' id='word_1_751' title='bbox 2843 5197 3136 5254; x_wconf 87' lang='lat' dir='ltr'><strong>dissidium</strong></span> <span class='ocrx_word' id='word_1_752' title='bbox 3164 5197 3271 5257; x_wconf 83' lang='lat' dir='ltr'><strong>hoc</strong></span> <span class='ocrx_word' id='word_1_753' title='bbox 3301 5199 3529 5267; x_wconf 90' lang='lat' dir='ltr'><strong>quidem</strong></span> 
     </span>
    </p>
   </div>
   <div class='ocr_carea' id='block_1_104' title="bbox 1952 5289 3534 5365">
    <p class='ocr_par' dir='ltr' id='par_1_104' title="bbox 1952 5289 3534 5365">
     <span class='ocr_line' id='line_1_104' title="bbox 1952 5289 3534 5365; baseline -0.008 -9"><span class='ocrx_word' id='word_1_754' title='bbox 1952 5314 2023 5356; x_wconf 79' lang='lat' dir='ltr'><strong>ex</strong></span> <span class='ocrx_word' id='word_1_755' title='bbox 2045 5296 2423 5361; x_wconf 78' lang='lat' dir='ltr'><strong>:emulalione,</strong></span> <span class='ocrx_word' id='word_1_756' title='bbox 2451 5293 2706 5365; x_wconf 86' lang='lat' dir='ltr'><strong>quamvis</strong></span> <span class='ocrx_word' id='word_1_757' title='bbox 2732 5308 2845 5347; x_wconf 91' lang='lat' dir='ltr'><strong>non</strong></span> <span class='ocrx_word' id='word_1_758' title='bbox 2876 5292 3186 5348; x_wconf 86' lang='lat' dir='ltr'><strong>secundum</strong></span> <span class='ocrx_word' id='word_1_759' title='bbox 3218 5289 3534 5356; x_wconf 87' lang='lat' dir='ltr'><strong>scientiam,</strong></span> 
     </span>
    </p>
   </div>
   <div class='ocr_carea' id='block_1_105' title="bbox 1953 5382 3540 5456">
    <p class='ocr_par' dir='ltr' id='par_1_105' title="bbox 1953 5382 3540 5456">
     <span class='ocr_line' id='line_1_105' title="bbox 1953 5382 3540 5456; baseline -0.007 -9"><span class='ocrx_word' id='word_1_760' title='bbox 1953 5406 2069 5447; x_wconf 89' lang='lat' dir='ltr'><strong>non</strong></span> <span class='ocrx_word' id='word_1_761' title='bbox 2122 5396 2310 5445; x_wconf 88' lang='lat' dir='ltr'><strong>autem</strong></span> <span class='ocrx_word' id='word_1_762' title='bbox 2356 5402 2423 5443; x_wconf 81' lang='lat' dir='ltr'><strong>ex</strong></span> <span class='ocrx_word' id='word_1_763' title='bbox 2472 5386 2707 5452; x_wconf 82' lang='lat' dir='ltr'><strong>invidia,</strong></span> <span class='ocrx_word' id='word_1_764' title='bbox 2754 5400 2937 5456; x_wconf 91' lang='lat' dir='ltr'><strong>neque</strong></span> <span class='ocrx_word' id='word_1_765' title='bbox 2973 5382 3254 5439; x_wconf 88' lang='lat' dir='ltr'><strong>diabolica</strong></span> <span class='ocrx_word' id='word_1_766' title='bbox 3304 5390 3540 5437; x_wconf 85' lang='lat' dir='ltr'><strong>conten-</strong></span> 
     </span>
    </p>
   </div>
   <div class='ocr_carea' id='block_1_106' title="bbox 1955 5475 3537 5552">
    <p class='ocr_par' dir='ltr' id='par_1_106' title="bbox 1955 5475 3537 5552">
     <span class='ocr_line' id='line_1_106' title="bbox 1955 5475 3537 5552; baseline -0.007 -12"><span class='ocrx_word' id='word_1_767' title='bbox 1955 5486 2106 5540; x_wconf 92' lang='lat' dir='ltr'><strong>tione</strong></span> <span class='ocrx_word' id='word_1_768' title='bbox 2136 5481 2407 5547; x_wconf 86' lang='lat' dir='ltr'><strong>manavit,</strong></span> <span class='ocrx_word' id='word_1_769' title='bbox 2436 5496 2548 5535; x_wconf 89' lang='lat' dir='ltr'><strong>non</strong></span> <span class='ocrx_word' id='word_1_770' title='bbox 2585 5488 2850 5552; x_wconf 73' lang='lat' dir='ltr'><strong>oportere</strong></span> <span class='ocrx_word' id='word_1_771' title='bbox 2883 5480 3063 5532; x_wconf 90' lang='lat' dir='ltr'><strong>virum</strong></span> <span class='ocrx_word' id='word_1_772' title='bbox 3105 5486 3164 5532; x_wconf 93' lang='lat' dir='ltr'><strong>et</strong></span> <span class='ocrx_word' id='word_1_773' title='bbox 3190 5475 3444 5532; x_wconf 91' lang='lat' dir='ltr'><strong>doctrina</strong></span> <span class='ocrx_word' id='word_1_774' title='bbox 3478 5484 3537 5530; x_wconf 93' lang='lat' dir='ltr'><strong>et</strong></span> 
     </span>
    </p>
   </div>
   <div class='ocr_carea' id='block_1_107' title="bbox 1955 5568 3541 5647">
    <p class='ocr_par' dir='ltr' id='par_1_107' title="bbox 1955 5568 3541 5647">
     <span class='ocr_line' id='line_1_107' title="bbox 1955 5568 3541 5647; baseline -0.006 -16"><span class='ocrx_word' id='word_1_775' title='bbox 1955 5576 2165 5631; x_wconf 89' lang='lat' dir='ltr'><strong>virtute</strong></span> <span class='ocrx_word' id='word_1_776' title='bbox 2186 5583 2570 5647; x_wconf 77' lang='lat' dir='ltr'><strong>praestantem,</strong></span> <span class='ocrx_word' id='word_1_777' title='bbox 2598 5573 2702 5628; x_wconf 89' lang='lat' dir='ltr'><strong>hac</strong></span> <span class='ocrx_word' id='word_1_778' title='bbox 2725 5587 2833 5627; x_wconf 89' lang='lat' dir='ltr'><strong>una</strong></span> <span class='ocrx_word' id='word_1_779' title='bbox 2860 5571 2916 5626; x_wconf 91' lang='lat' dir='ltr'><strong>in</strong></span> <span class='ocrx_word' id='word_1_780' title='bbox 2948 5586 3010 5626; x_wconf 90' lang='lat' dir='ltr'><strong>re</strong></span> <span class='ocrx_word' id='word_1_781' title='bbox 3033 5568 3375 5635; x_wconf 89' lang='lat' dir='ltr'><strong>claudicare,</strong></span> <span class='ocrx_word' id='word_1_782' title='bbox 3397 5582 3541 5637; x_wconf 87' lang='lat' dir='ltr'><strong>quo-</strong></span> 
     </span>
    </p>
   </div>
   <div class='ocr_carea' id='block_1_108' title="bbox 1956 5660 3535 5737">
    <p class='ocr_par' dir='ltr' id='par_1_108' title="bbox 1956 5660 3535 5737">
     <span class='ocr_line' id='line_1_108' title="bbox 1956 5660 3535 5737; baseline -0.005 -14"><span class='ocrx_word' id='word_1_783' title='bbox 1956 5667 2141 5723; x_wconf 88' lang='lat' dir='ltr'><strong>minus</strong></span> <span class='ocrx_word' id='word_1_784' title='bbox 2174 5666 2242 5721; x_wconf 91' lang='lat' dir='ltr'><strong>ad</strong></span> <span class='ocrx_word' id='word_1_785' title='bbox 2274 5681 2549 5723; x_wconf 89' lang='lat' dir='ltr'><strong>summam</strong></span> <span class='ocrx_word' id='word_1_786' title='bbox 2597 5663 2997 5737; x_wconf 80' lang='lat' dir='ltr'><strong>perfectionem</strong></span> <span class='ocrx_word' id='word_1_787' title='bbox 3045 5661 3388 5733; x_wconf 86' lang='lat' dir='ltr'><strong>perveniret,</strong></span> <span class='ocrx_word' id='word_1_788' title='bbox 3419 5660 3535 5715; x_wconf 88' lang='lat' dir='ltr'><strong>Deo</strong></span> 
     </span>
    </p>
   </div>
   <div class='ocr_carea' id='block_1_109' title="bbox 1953 5751 3536 5819">
    <p class='ocr_par' dir='ltr' id='par_1_109' title="bbox 1953 5751 3536 5819">
     <span class='ocr_line' id='line_1_109' title="bbox 1953 5751 3536 5819; baseline -0.006 -4"><span class='ocrx_word' id='word_1_789' title='bbox 1953 5760 2137 5815; x_wconf 86' lang='lat' dir='ltr'><strong>visum</strong></span> <span class='ocrx_word' id='word_1_790' title='bbox 2173 5768 2280 5816; x_wconf 88' lang='lat' dir='ltr'><strong>est.</strong></span> <span class='ocrx_word' id='word_1_791' title='bbox 2330 5758 2597 5814; x_wconf 78' lang='lat' dir='ltr'><strong>Homines</strong></span> <span class='ocrx_word' id='word_1_792' title='bbox 2644 5756 2795 5813; x_wconf 90' lang='lat' dir='ltr'><strong>enim</strong></span> <span class='ocrx_word' id='word_1_793' title='bbox 2838 5755 2916 5811; x_wconf 91' lang='lat' dir='ltr'><strong>illi</strong></span> <span class='ocrx_word' id='word_1_794' title='bbox 2963 5763 3147 5819; x_wconf 88' lang='lat' dir='ltr'><strong>erant,</strong></span> <span class='ocrx_word' id='word_1_795' title='bbox 3178 5762 3237 5807; x_wconf 92' lang='lat' dir='ltr'><strong>et</strong></span> <span class='ocrx_word' id='word_1_796' title='bbox 3274 5751 3536 5807; x_wconf 86' lang='lat' dir='ltr'><strong>humanis</strong></span> 
     </span>
    </p>
   </div>
   <div class='ocr_carea' id='block_1_110' title="bbox 1958 5845 3528 5921">
    <p class='ocr_par' dir='ltr' id='par_1_110' title="bbox 1958 5845 3528 5921">
     <span class='ocr_line' id='line_1_110' title="bbox 1958 5845 3528 5921; baseline -0.008 -12"><span class='ocrx_word' id='word_1_797' title='bbox 1958 5851 2349 5909; x_wconf 72' lang='lat' dir='ltr'><strong>aliectionibus</strong></span> <span class='ocrx_word' id='word_1_798' title='bbox 2389 5849 2635 5907; x_wconf 77' lang='lat' dir='ltr'><strong>obnoxii.</strong></span> <span class='ocrx_word' id='word_1_799' title='bbox 2677 5847 3027 5921; x_wconf 75' lang='lat' dir='ltr'><strong>Quaprbpter</strong></span> <span class='ocrx_word' id='word_1_800' title='bbox 3068 5845 3352 5917; x_wconf 81' lang='lat' dir='ltr'><strong>aliquanto</strong></span> <span class='ocrx_word' id='word_1_801' title='bbox 3386 5852 3528 5913; x_wconf 84' lang='lat' dir='ltr'><strong>post,</strong></span> 
     </span>
    </p>
   </div>
  </div>
