4036 6560
466 379 596 446 1151

1651 378 1656 392 ’
1681 379 2102 440 NICEPHORI
2143 378 2486 438 CALLISTI

3577 388 3595 445 1
3613 384 3714 449 1‘59

457 491 700 562 Cyrillus
746 505 873 546 cum
927 505 1126 560 magno
1171 491 1266 545 illo
1319 491 1464 552 viro.
1511 491 1674 547 etiam
1737 502 1864 560 post
1916 492 2035 562 ejus

2141 491 2236 544 καὶ
2263 491 2403 556 μετά
2427 489 2664 541 θάνατον
2695 489 3018 544 σπένδεται’
3047 493 3139 547 καὶ
3169 495 3404 564 μάλιστα
3444 495 3718 566 Ἰσιδὼρου

460 590 726 647 mortem,
758 582 811 636 in
839 583 1074 653 gratiam
1109 583 1298 647 rediit,
1325 599 1690 653 erroremque
1721 599 1885 637 suum
1909 598 2036 639 cum

458 675 652 731 multis
699 674 824 730 aliis
874 675 1314 739 concitantibus,
1367 687 1482 732 tum
1535 677 1775 730 maxime
1827 676 2039 732 Isidoro

458 767 737 823 Pelusiota
793 783 944 822 nunc
993 769 1428 837 reprehensione
1465 784 1613 823 nunc
1655 753 2039 826 admonitione

457 873 586 912 eum
613 860 964 926 cohortante,
993 860 1177 914 divina
1200 861 1364 914 etiam
1394 874 1451 916 et
1474 862 1772 916 arcaniore
1799 863 2034 932 quadam

459 951 804 1005 revelatione
862 952 1197 1014 accedente,
1248 955 1511 1008 correxit.
1547 954 1748 1010 Videre
1796 971 2036 1023 namque

458 1044 612 1100 visus
643 1055 749 1109 est,
776 1047 1018 1114 seipsum
1057 1045 1234 1102 sacris
1262 1046 1479 1102 aedibus
1509 1049 1800 1116 expulsum
1835 1064 1957 1104 esse
2005 1066 2036 1105 a

458 1135 698 1198 Joanne,
733 1135 1000 1190 comitatu
1040 1146 1096 1190 et
1145 1136 1365 1202 divino,
1407 1140 1500 1207 qui
1549 1140 1694 1195 circa
1735 1155 1860 1195 eum
1893 1149 2034 1206 erat,

459 1227 724 1281 satellitio
764 1228 1004 1283 maxime
1055 1227 1196 1284 freto
1231 1249 1245 1285 :
1277 1241 1334 1286 et
1385 1239 1616 1285 matrem
1665 1232 1887 1287 Domini
1935 1249 2036 1302 pro

457 1319 580 1388 ipso
644 1325 1034 1390 deprecantem
1094 1322 1390 1389 Joannem,
1447 1334 1615 1394 atque
1678 1339 1803 1378 cum
1859 1326 2036 1380 multa

456 1413 625 1466 etiam
680 1413 785 1467 alia
822 1423 939 1468 tum
997 1413 1134 1468 illud
1188 1415 1466 1484 praecipue
1512 1416 1660 1485 quod
1709 1431 1812 1485 pro
1860 1415 2037 1486 ipsius

460 1505 634 1573 gloria
666 1506 970 1576 plurimum
1008 1507 1099 1562 ille
1129 1507 1450 1572 decertarit,
1483 1508 1648 1564 sicuti
1675 1508 1912 1572 dicetur,
1953 1525 2036 1562 re-

457 1600 749 1659 ferentem.
803 1609 864 1654 ut
909 1601 966 1654 in
1008 1615 1166 1656 sacra
1197 1603 1401 1671 templa
1435 1603 1806 1674 reciperetur,
1848 1617 2030 1656 orare.

458 1691 612 1746 lianc
639 1693 912 1748 visionem
942 1710 1069 1750 cum
1095 1696 1258 1752 divus
1283 1695 1524 1767 Cyrillus
1549 1695 1953 1766 cogitabundus
1979 1697 2035 1751 in

457 1786 648 1841 animo
671 1802 861 1842 secum
884 1790 1158 1855 volveret,
1201 1806 1262 1844 se
1293 1791 1472 1860 ipsum
1503 1792 1653 1862 quod
1689 1794 1743 1845 in
1774 1800 2030 1846 sanctum

454 1882 641 1934 virum
687 1880 940 1938 invectus
971 1894 1139 1947 esset,
1191 1885 1476 1940 damnavit
1518 1903 1532 1939 :
1577 1897 1634 1940 et
1675 1885 1879 1940 deinde
1912 1886 2033 1954 ipse

455 1989 680 2044 quoque
715 1991 772 2030 re
807 1979 1055 2046 cognita,
1077 1978 1339 2033 Ecclesiae
1355 1977 1732 2050 Chrysostomi
1757 1978 2034 2041 addictus,

453 2069 636 2122 virum
669 2085 795 2124 eum
845 2072 1156 2126 admiratus
1203 2081 1313 2137 est,
1360 2073 1629 2142 valdeque
1681 2087 1833 2135 eum,
1884 2072 2033 2140 quod

456 2170 652 2214 contra
706 2162 859 2216 illum
915 2164 1250 2232 imprudens
1283 2180 1512 2235 prorsus
1561 2165 1812 2220 irritatus
1845 2165 2032 2228 fuerit,

455 2254 736 2323 paenituit.
778 2255 1018 2309 Proinde
1047 2258 1326 2312 diversum
1369 2259 1599 2311 omnino
1629 2274 1658 2310 a
1691 2257 1876 2325 priore
1903 2271 2035 2310 con-

455 2347 586 2400 silio
636 2347 870 2413 faciens,
923 2351 1196 2415 synodum
1251 2351 1650 2420 provincialem
1710 2350 1922 2418 coegit,
1977 2358 2036 2404 et

454 2439 688 2495 Joannis
719 2456 920 2495 nomen
947 2442 1112 2497 simul
1148 2452 1201 2497 et
1232 2444 1350 2512 ipse
1385 2453 1442 2499 et
1478 2444 1678 2514 reliqui
1712 2459 2032 2514 magnarum

457 2534 673 2588 sedium
708 2535 1006 2600 antistites,
1029 2537 1082 2590 in
1124 2552 1283 2592 sacro
1304 2537 1431 2592 albo
1482 2547 1916 2608 proposuerunt.
1952 2537 2035 2592 llli

455 2640 592 2680 vero
648 2627 832 2682 minus
881 2643 1010 2684 vere
1059 2629 1249 2684 dicere
1299 2629 1586 2693 videntur,
1634 2631 1728 2700 qui
1767 2629 2035 2700 Cyrillum

453 2718 633 2774 libros
687 2721 824 2776 alios
880 2722 1064 2791 magni
1122 2724 1304 2778 Patris
1350 2725 1661 2780 abolevisse
1711 2724 2033 2793 perhibent.

451 2813 591 2870 Nam
622 2814 666 2869 si
697 2829 806 2884 qua
836 2817 1046 2886 scripta
1078 2816 1200 2887 ejus
1228 2816 1498 2872 abolenda
1539 2825 1721 2880 erant,
1761 2816 1878 2870 haec
1912 2831 2036 2885 qua:

453 2906 636 2962 adhuc
665 2918 908 2972 exstant,
947 2909 1096 2978 quod
1134 2909 1428 2964 consilium
1459 2908 1888 2978 institutumque
1911 2909 2034 2978 ejus

452 2996 512 3051 in
537 2998 618 3051 eis
653 2999 889 3053 maxime
920 3015 1248 3070 expressum
1281 3009 1391 3064 est,
1419 3000 1627 3056 abolita
1656 3000 2030 3070 oportuisset:

453 3091 560 3145 nisi
613 3091 760 3146 Deus
814 3093 1074 3148 utilitatis
1122 3093 1410 3148 hominum
1462 3109 1652 3150 curam
1694 3109 1917 3164 gerens,
1967 3107 2032 3147 ea

2138 580 2234 634 τοῦ
2273 581 2681 648 Πηλουσιὼτου,
2718 584 2791 651 πῆ
2847 585 2946 652 μὲν
2975 586 3205 656 ἐλέγχῳ,
3242 589 3318 658 πῆ
3349 589 3407 642 δέ
3439 595 3535 643 καὶ
3567 609 3718 660 παρ-

2139 673 2347 726 αινέσει
2397 675 2707 744 χρωμένου,
2757 676 3100 748 διορθώσεως
3144 677 3394 744 ἀξιοῦται
3437 682 3560 753 θείᾳ
3610 683 3720 734 τινὶ

2140 769 2234 821 καὶ
2288 768 2678 840 μυστικωτὲρᾳ
2725 769 3093 840 ἀποκαλύψει.
3145 773 3357 826 Ἐδόκει
3412 776 3526 845 γὰρ
3586 777 3720 846 ὁρᾷν

2140 861 2333 913 ἑαυτὸν
2375 859 2477 928 μὲν
2507 859 2615 912 τῶν
2679 860 2842 928 ἱερῶν
2869 860 3244 930 ἐξωθούμενον
3298 864 3406 918 ὑπὸ
3438 866 3714 929 Ἰωάννου,

2143 952 2460 1023 παρρησίας
2526 953 2793 1022 μεγίστης
2861 954 3168 1022 ἠξιωμένου
3228 957 3296 1026 τῇ
3357 957 3489 1026 περὶ
3552 959 3718 1012 αὐτὸν

2140 1046 2333 1112 πομπῇ
2383 1044 2478 1095 καὶ
2511 1043 2631 1113 θείᾳ
2657 1043 2982 1115 δορυφορίᾳ,
3012 1046 3111 1113 τὴν
3138 1045 3196 1097 δέ
3222 1045 3318 1098 τού
3370 1047 3582 1116 Κυρίου
3613 1063 3716 1118 μη-

2138 1135 2273 1205 τέρα
2301 1135 2443 1204 ὑπὲρ
2491 1135 2660 1189 αὑτοῦ
2709 1138 2800 1189 τὸν
2841 1135 3096 1206 Ἰωάννην
3153 1135 3565 1203 ἀντιϐολοῦσαν,
3628 1140 3718 1191 καὶ

2138 1227 2401 1292 ἀξιοῦσαν
2451 1231 2563 1290 τοῖς
2595 1230 2760 1299 ίεροῖς
2791 1229 3116 1298 ἀνακτόροις
3169 1229 3588 1299 παραδεχθῆναι
3623 1233 3720 1284 αῖ.-

2136 1321 2250 1386 τὸν,
2283 1319 2458 1374 πολλά
2496 1322 2597 1390 μὲν
2631 1321 2727 1374 καὶ
2772 1321 2908 1376 ἄλλα
2959 1321 3438 1392 προϐαλλομένην,
3483 1323 3622 1392 «pb;
3664 1322 3718 1375 δὲ
3807 1373 3810 1375 .

2137 1415 2234 1467 καὶ
2268 1415 2345 1478 ὡς
2383 1415 2614 1468 πλεῖστα
2642 1416 2784 1484 ὑπὲρ
2814 1416 2914 1481 τῆς
2957 1415 3131 1484 αὐτῆς
3158 1415 3319 1483 δόξης
3367 1415 3718 1484 ἀγωνισάμε-

2139 1525 2248 1572 νον,
2296 1507 2373 1569 ὠς
2407 1506 2709 1571 λελέξεται.
2743 1500 2847 1560 Ὧν
2878 1508 2936 1560 ἐν
2960 1507 3197 1577 ιμεθέξει
3237 1507 3532 1576 γενόμενος
3559 1510 3588 1560 ό
3628 1508 3718 1559 Εε-

2140 1603 2366 1664 σπέσιος
2415 1599 2708 1671 Κύριλλος,
2765 1601 2860 1654 καὶ
2901 1599 3256 1670 ἀναπολήσας
3284 1599 3460 1654 ταῦτα
3491 1602 3605 1662 τοῖς
3635 1602 3722 1652 λο-

2137 1696 2384 1764 γισμοῖς,
2425 1694 2676 1760 κατέγνω
2711 1694 2814 1765 μὲν
2843 1693 3044 1748 ἑαυτοῦ
3071 1694 3172 1761 τῆς
3197 1693 3296 1746 ἐπὶ
3330 1694 3408 1762 τῷ
3432 1693 3579 1763 ἀγίῳ
3621 1710 3722 1745 κα-

2136 1787 2419 1858 ταδρομῆς
2439 1805 2455 1819 ·
2483 1786 2579 1840 κα)⁵
2608 1786 2899 1840 τουλοιποῦ
2927 1789 3108 1850 συνεὶς
3139 1787 3236 1840 καὶ
3263 1788 3450 1850 αὐτὸς,
3484 1788 3548 1855 τῇ
3575 1789 3719 1838 κατὰ

2135 1881 2228 1934 τὸν
2279 1879 2673 1950 Χρυσόστομον
2715 1880 3018 1950 Ἐκκλησία
3072 1879 3430 1949 προσέκειτο,
3478 1879 3576 1930 καὶ
3624 1877 3720 1930 διὰ

2138 1974 2420 2044 θαύματος
2449 1975 2688 2028 ἐποιεῖτο
2715 1973 2807 2027 τδν
2833 1973 3025 2046 ἄνδρα,
3072 1972 3254 2042 πολλῷ
3285 1971 3574 2042 χρώμενος
3617 1987 3721 2039 μσς

2135 2067 2400 2137 ταμέ),ῳ,
2458 2061 2540 2128 οἷς
2612 2065 2734 2118 κατ’
2795 2063 3009 2117 ἐκείνου
3069 2063 3403 2133 τοπαράπαν
3461 2062 3724 2132 ἠρέθιστο

2136 2158 2372 2226 ἀγνοῶν.
2406 2157 2574 2212 Ὅθεν
2624 2157 2938 2228 ἀντίρροπα
2991 2155 3160 2227 δρῶν,
3222 2155 3447 2209 σύνοδον
3492 2154 3724 2224 ἥθροιζε

2136 2254 2402 2320 τοπικήν·
2436 2252 2535 2305 καὶ
2565 2253 2680 2314 τοῖς
2711 2253 2879 2320 ἱεροῖς
2912 2249 3118 2312 δέλτοις
3167 2248 3268 2317 τὴν
3313 2247 3560 2303 Ἰωάννου
3585 2246 3725 2317 κλῆ-

2139 2365 2226 2400 σιν
2251 2345 2349 2400 καὶ
2405 2343 2564 2407 οὗτος
2591 2345 2689 2397 καὶ
2747 2345 2798 2396 oi
2839 2342 3021 2396 λοιποὶ
3048 2341 3161 2394 τῶν
3207 2339 3464 2408 μεγάλων
3509 2339 3722 2409 θρόνων

2136 2441 2461 2510 ἐνέγραφον.
2488 2435 2565 2489 Ού
2601 2453 2696 2506 μοι
2723 2435 2782 2488 δὲ
2809 2433 3065 2488 δοκοῦσιν
3092 2435 3274 2504 ἀληθῆ
3299 2433 3486 2501 λέγειν
3505 2433 3560 2484 οἵ
3581 2449 3721 2501 φασι

2138 2533 2236 2588 καὶ
2269 2533 2486 2602 βίϐλους
2513 2531 2683 2593 ἄλλας
2715 2529 2992 2599 Κύριλλον
3037 2528 3304 2599 ἀφανίσαι
3347 2526 3442 2580 τοῦ
3474 2526 3720 2597 μεγάλου

2137 2625 2375 2696 Πατρός.
2403 2625 2465 2677 El
2501 2625 2610 2694 γὰρ
2641 2623 2938 2692 ἀφανίζειν
2967 2621 3076 2675 ἔδει
3106 2622 3207 2682 τὰς
3240 2621 3362 2675 νυνὶ
3393 2619 3720 2686 σωζομένας

2139 2720 2278 2791 πρὸς
2312 2719 2375 2772 τὸ
2410 2717 2836 2789 σκοπιμώτατον
2880 2715 3078 2785 ἐκείνῳ
3115 2715 3322 2787 ἐχρῆν
3377 2714 3426 2766 εί
3481 2712 3559 2783 μή
3615 2727 3724 2765 που

2135 2813 2270 2876 Θεὸς
2294 2812 2393 2882 τῆς
2416 2812 2526 2866 τῶν
2551 2809 2862 2882 ἀνθρώπων
2898 2809 3172 2878 ὠφελείας
3199 2807 3520 2878 κηδόμενος,
3548 2805 3722 2866 αὑτὰς

2135 2904 2457 2960 διεσώσατο.
2516 2903 2692 2958 Τοῦτο
2746 2904 2848 2974 μὲν
2909 2898 3004 2957 οὖν
3049 2904 3107 2955 ἐν
3145 2900 3455 2970 ἀποκρύφῳ
3504 2899 3722 2967 ἱστορία

2136 2997 2315 3070 εὑρὼν
2346 2999 2564 3069 Νικήτα
2598 2997 2898 3066 φιλοσόφου
2932 2995 3029 3049 τοῦ
3062 2994 3158 3048 καὶ
3183 2992 3371 3056 Δαυῖδ,
3399 2992 3494 3046 καὶ
3517 2990 3724 3054 ἄλλων,

2137 3097 2230 3146 καὶ
2259 3092 2424 3156 αὐτὸς
2444 3092 2557 3146 δεῖν
2588 3092 2762 3160 ἐγνων
2812 3093 2879 3161 τῇ
2909 3088 3162 3160 παρούσῃ
3209 3088 3427 3156 ίστορίᾳ
3455 3084 3686 3150 ἐντάξαι
3708 3099 3722 3112 ⁸

455 3183 621 3254 500
669 3195 1084 3248 conservasset.
1142 3186 1260 3240 Hoc
1309 3202 1435 3241 cum
1484 3187 1541 3241 in
1576 3201 1778 3241 arcana
1825 3186 2034 3241 Niceten

2141 3186 2214 3250 ὡς
2252 3186 2318 3243 ἂν
2349 3187 2424 3258 μή
2464 3204 2572 3241 τινι
2620 3184 2990 3254 ἀμφιϐάλλειν
3016 3183 3250 3252 γένοιτο,
3286 3179 3405 3244 πῶς
3434 3180 3485 3233 οί
3526 3179 3728 3232 τοσοῦ-

454 3275 796 3346 philoSOphi,
831 3279 924 3346 qui
969 3286 1026 3332 et
1074 3278 1248 3332 David
1305 3279 1490 3334 dictus
1535 3288 1640 3342 est,
1687 3277 1941 3342 historia.
1978 3286 2038 3333 et

455 3369 601 3435 apud
640 3367 778 3421 alios
810 3368 944 3422 item
976 3369 1307 3436 invenerim,
1343 3372 1497 3441 operi
1542 3372 1672 3426 huic
1724 3386 1851 3426 meo
1894 3373 2039 3426 inse-

456 3461 695 3514 rendum
742 3475 866 3517 esse
914 3477 1136 3532 quoque
1187 3463 1364 3520 duxi:
1409 3481 1478 3520 ne
1518 3467 1608 3520 cui
1653 3464 1938 3535 ambigere
1978 3465 2036 3517 in

456 3565 698 3610 mentem
728 3557 936 3623 veniat,
971 3558 1252 3627 quomodo
1291 3567 1441 3612 tanta
1493 3557 1816 3622 luminaria,
1850 3557 2038 3612 inimi-

457 3653 614 3706 citias
647 3660 871 3707 mutuas
900 3653 1242 3716 exercentis,
1271 3652 1436 3706 ambo
1469 3651 1539 3706 ad
1594 3667 1866 3708 summam
1903 3668 2034 3706 sau-

2139 3297 2224 3334 τοι
2255 3279 2547 3349 φωστῆρες
2580 3279 2648 3334 δι’
2692 3279 2892 3349 ἔχθρας
2921 3277 3177 3346 ἀλλήλοις
3231 3276 3426 3337 ἰόντες,
3476 3273 3726 3340 ἁγιωσύ-

2141 3387 2237 3440 νης
2262 3371 2357 3423 καὶ
2402 3369 2570 3440 ἄμφω
2603 3371 2682 3432 είς
2726 3369 2898 3440 ἄκρον
2929 3364 3087 3439 ἧκον,
3121 3368 3217 3422 καὶ
3244 3367 3343 3434 τῆς
3387 3363 3724 3432 Ἐκκλησίας

2141 3462 2383 3532 θεμέλιοι
2414 3463 2817 3533 ἐχρημάτισαν,
2854 3461 3119 3532 μηδαμῶς
3142 3461 3204 3514 τδ
3229 3461 3326 3530 τῆς
3349 3458 3557 3530 ἔχθρας
3581 3459 3720 3526 μέγα

2139 3557 2238 3626 τὴν
2269 3557 2582 3627 κρατοῦσαν
2613 3557 2773 3622 δόξαν
2806 3555 3159 3628 λυμήνασθαι
3189 3552 3544 3624 δυνηθείσης.
3565 3550 3723 3604 una

2142 3653 2273 3722 περὶ
2302 3651 2402 3710 μὲν
2434 3653 2652 3705 τούτων
2683 3651 2880 3716 οὕτως.

461 3747 710 3802 ctitatem
773 3747 1154 3817 pervenerint,
1226 3757 1283 3802 et
1355 3747 1616 3803 Ecclesiae
1677 3747 1949 3803 columnae
2013 3748 2370 3813 exstiterint,
2443 3747 2754 3804 inimicitiis
2823 3748 3144 3820 hujusmodi
3216 3746 3428 3804 nullum
3502 3745 3722 3800 illorum

460 3843 653 3914 gloriae
725 3843 1119 3900 detrimentum
1191 3845 1574 3902 aﬂ‘ercntibus.
1641 3845 1718 3901 De
1784 3846 1872 3900 his
1936 3847 2227 3902 hactenus.

1023 4002 1247 4061 CAPUT
1282 4004 1473 4060 XXIX.

461 4116 590 4173 Post
638 4119 872 4174 Atticum
923 4121 991 4174 ad
1037 4119 1214 4174 sedent
1261 4122 1610 4190 episcopalem
1665 4117 1896 4174 Sisinius
1959 4132 2036 4172 est

535 4203 760 4261 evectus.
791 4189 1286 4261 PhilippttsiSidites
1322 4193 1369 4244 ei
1400 4189 1738 4261 postpositus.
1773 4190 1958 4254 Qualis
1991 4192 2034 4243 is

535 4259 815 4328 Philippus
847 4259 1028 4328 fuerit.
1068 4260 1138 4314 Ut
1171 4259 1406 4314 Proclus
1431 4260 1809 4332 Cyzicenorum
1841 4263 2038 4325 episco-

530 4347 630 4401 pus
653 4332 952 4401 ordinatus,
989 4341 1038 4383 et
1079 4332 1292 4384 tandem
1343 4348 1446 4384 non
1487 4341 1754 4400 receptus,
1797 4333 2038 4400 privatus

530 4400 834 4470 otiosusque
862 4400 1326 4471 Constantinopoli
1357 4404 1540 4472 egerit.

533 4514 720 4570 Attico
748 4525 956 4580 autem,
975 4517 1440 4586 quemadmodum
1466 4516 1733 4582 diximus,
1753 4515 2036 4579 defuncto,

465 4607 671 4678 ingens
700 4606 769 4660 de
797 4607 1033 4676 legendo
1063 4619 1229 4678 atque
1261 4609 1573 4663 ordinando
1607 4610 1868 4678 episc0po
1909 4623 2043 4661 con-

465 4701 642 4756 tentio
693 4702 950 4755 exstitit:
1004 4704 1151 4770 quod
1221 4703 1606 4773 unusquisque
1652 4710 1820 4773 prout
1871 4701 2038 4756 alicui

461 4797 694 4858 faveret,
732 4796 784 4850 ei
827 4795 1088 4850 thronum
1141 4796 1413 4851 committi
1458 4797 1739 4865 cupiebat.
1795 4795 2040 4850 Proinde

463 4887 796 4958 quibusdam
839 4887 1130 4958 Philippus
1182 4888 1470 4960 presbyter
1509 4888 1576 4941 ad
1607 4903 1821 4943 sacram
1854 4889 2038 4941 sedem

461 4981 786 5036 evehendus
839 4997 962 5036 esse
1002 4980 1342 5036 videbatur:
1381 4981 1632 5034 ttOnnu|1i
1674 4979 1932 5035 Proclum
1963 4979 2040 5044 ei,

461 5076 846 5139 CthaOSlOﬂtl
882 5075 1246 5145 discipulum,
1272 5077 1662 5146 praeferebant.
1697 5076 1828 5130 Erat
1853 5085 2038 5129 autem

461 5179 518 5222 ct
547 5171 593 5223 is
627 5168 938 5239 presbyter.
967 5169 1351 5224 Communiter
1375 5185 1507 5223 vero
1540 5183 1734 5223 omnes
1769 5157 2037 5222 Sisiniutn

462 5261 726 5316 idoneum
785 5262 1024 5317 maxime
1074 5273 1434 5317 censuerunt.
1483 5262 1586 5328 Qui
1646 5261 1765 5331 ipse
1817 5276 2039 5330 quoque

460 5353 768 5422 presbyteri
817 5353 1086 5423 dignitate
1131 5353 1400 5417 enitebat,
1434 5368 1543 5406 non
1579 5352 1838 5422 equidem
1888 5351 2036 5406 Con.

462 5445 845 5513 stantinOpoli,
888 5444 987 5499 sed
1030 5446 1083 5499 in
1118 5444 1439 5500 suburbano
1470 5444 1593 5513 ejus
1624 5445 1768 5511 vico,
1799 5443 1888 5498 cui
1938 5459 2042 5498 no-

463 5550 591 5588 men
641 5545 726 5589 est
765 5536 893 5591 Olea
924 5538 1031 5606 (1),
1066 5538 1162 5607 qui
1190 5554 1259 5592 ex
1291 5537 1526 5592 adverso
1562 5537 1686 5592 urbi
1710 5538 1851 5592 situs
1900 5547 1986 5591 est
2020 5554 2033 5590 :

2733 4001 2983 4056 ΚΕΦΛΛ.
3025 4001 3152 4056 ΚΘ.

2156 4115 2254 4179 Ὠς
2276 4118 2426 4182 μετὰ
2464 4117 2735 4173 Ἀττικὸν
2788 4119 3060 4183 Σισίνιος
3101 4119 3184 4183 είς
3233 4117 3341 4171 τὸν
3369 4119 3597 4184 θρόνον
3623 4119 3728 4172 dr-

2216 4185 2406 4251 ήχθη’
2447 4187 2734 4254 παρώφθη
2791 4183 2859 4238 δὲ
2914 4188 3272 4249 Φίλιπποςό
3321 4183 3590 4254 Σιδίτης,
3623 4189 3724 4242 καί

2217 4254 2342 4320 οἶος
2369 4254 2468 4326 ἦν.
2502 4259 2627 4310 Ἔτι
2662 4256 2730 4309 δὲ
2764 4256 2859 4308 καί
2885 4258 2963 4322 ὡς
2994 4259 3268 4324 Πρόκλος
3315 4257 3572 4317 Κυζίκου
3602 4277 3724 4325 κει-

2211 4328 2564 4396 ροτονηθείς
2598 4331 2696 4380 καί
2723 4327 2808 4395 μὴ
2833 4327 3094 4397 δεχθεὶς,
3129 4328 3425 4395 σχολαῖος
3459 4329 3536 4397 τῇ
3565 4333 3730 4385 Κων-

2213 4398 2543 4452 σταντίνου
2565 4398 2799 4467 διῆγεν.

2229 4513 2482 4568 ’Δττικοῦ
2511 4515 2556 4568 δ’
2583 4515 2658 4578 ὡς
2695 4513 2914 4586 εἴρηται
2949 4517 3008 4570 τὸ
3042 4515 3196 4588 βιοῦν
3248 4517 3727 4586 ἐκμετρησαντος,

2145 4609 2316 4680 πολλή
2369 4627 2454 4672 τις
2506 4609 2790 4678 ἐρεσχελία
2850 4609 2983 4680 περὶ
3039 4611 3379 4680 χειροτονίας
3417 4610 3729 4662 ἐπισκόπου

2143 4701 2392 4770 ἐγένετοο
2430 4702 2660 4764 ἕκαστος
2698 4701 2805 4773 γὰρ
2834 4695 2879 4768 ᾧ
2910 4701 3252 4772 προσπαθῶν
3277 4697 3366 4773 ἦν,
3405 4701 3500 4754 τὸν
3531 4701 3729 4772 θρόνον

2144 4795 2538 4866 ἀπεχαρίςετο.
2571 4794 2699 4858 Τοῖς
2733 4795 2834 4864 μὲν
2861 4796 2972 4866 γὰρ
3001 4795 3270 4850 Φίλιππον
3295 4797 3388 4848 τὸν
3418 4796 3730 4866 πρεσϐύτε-

2147 4906 2239 4958 ρον
2275 4889 2451 4942 ἐδόκει
2479 4890 2574 4943 ἐπ)⁵
2599 4890 2699 4960 τὴν
2736 4889 2888 4960 ἱερὰν
2916 4889 3194 4960 καθέδραν
3242 4891 3494 4958 ἀνάγειν,
3524 4892 3642 4943 τισὶ
3673 4890 3731 4942 δέ

2145 4981 2388 5052 Πρόκλος
2439 4981 2574 5053 ὁτῷ
2605 4983 2986 5054 Χρυσοστόμῳ
3048 4981 3414 5053 μαθητευθεὶς
3474 4982 3732 5052 ἐκρίνετο

2143 5075 2565 5146 προτιμότερος.
2599 5075 2983 5147 Πρεσϐύτερος
3012 5075 3070 5129 δὲ
3106 5077 3200 5130 καὶ
3229 5069 3388 5140 οὗτος
3423 5075 3731 5144 ἐτύγχανεν

2141 5169 2239 5224 ὧν.
2276 5171 2446 5241 Κοινῇ
2475 5171 2532 5224 δὲ
2562 5172 2727 5224 πᾶσιν
2751 5170 2928 5224 ἐδόκει
2955 5171 3190 5234 Σισίνιος
3215 5167 3358 5224 εῖναι
3386 5171 3734 5240 ἁρμοδιώτε-

2144 5281 2257 5334 ρος.
2287 5263 2668 5336 Πρεσὸυτέρου
2700 5265 2756 5318 δὲ
2789 5267 2884 5319 καὶ
2913 5256 3073 5327 οὗτος
3104 5265 3233 5337 ἀξία
3257 5265 3586 5334 διέπρεπεν,
3626 5264 3730 5316 οὐκ

2141 5358 2200 5412 ἐν
2232 5360 2296 5427 τῇ
2330 5357 2772 5420 Κωνσταντίνου,
2810 5358 2930 5410 ἀλλ’
2983 5359 3040 5412 ἐν
3069 5377 3176 5413 τινι
3205 5363 3316 5412 τῶν
3347 5359 3521 5428 αὐτῆς
3555 5375 3731 5426 προα-

2144 5449 2365 5514 στείων,
2423 5445 2468 5519 ᾧ
2503 5449 2691 5504 Ἐλαία
2738 5445 2806 5520 ἦν
2835 5450 3036 5522 ὄνομα,
3081 5450 3509 5521 κεκληρωμένος
3533 5467 3548 5481 ·
3587 5451 3731 5518 ὅπερ

2139 5540 2374 5611 ἀντικρὺ
2413 5539 2515 5609 μὲν
2571 5543 2748 5594 κεῖται
2799 5542 2901 5611 τῆς
2929 5542 3180 5605 πόλεως·
3220 5541 3511 5611 πάνδημον
3543 5541 3600 5593 δὲ
3649 5541 3730 5611 τῷ

463 5644 575 5697 quo
603 5629 656 5681 in
693 5630 817 5684 loco
845 5631 977 5686 urbs
1005 5632 1121 5701 ipsa
1137 5648 1262 5688 cum
1294 5631 1508 5686 civibus
1540 5632 1799 5686 omnibus
1831 5631 2034 5686 festum

2141 5629 2304 5700 χώρῳ
2353 5631 2549 5702 ἑορτὴν
2607 5633 2790 5684 ἐκεῖσε
2840 5634 2872 5701 ἡ
2925 5633 3080 5696 πόλις
3130 5632 3208 5703 τῷ
3266 5632 3488 5702 Σωτῆρι
3549 5627 3726 5700 ἀνῆγε

465 5720 614 5776 diem
647 5719 927 5776 Servatori
957 5721 1201 5791 Christo,
1239 5738 1352 5794 quo
1390 5723 1447 5778 in
1484 5723 1688 5779 ctelum
1718 5735 2035 5794 assumptus

2141 5725 2367 5796 Χριστῷ
2390 5741 2406 5757 ο
2442 5723 2686 5796 ὁπηνίκα
2716 5726 3074 5798 ἀναληφθεὶς,
3107 5726 3481 5796 παλίνδρομος
3504 5725 3584 5794 τῷ
3617 5725 3727 5778 Πα-

547 5860 630 5926 (ί)
683 5859 911 5928 Ἐλαία,
965 5858 1134 5929 Olca,
1184 5861 1505 5918 suburbana
1559 5862 2066 5934 Constantinopolis
2105 5863 2275 5933 regio.
