  <div class='ocr_page' id='page_1' title='image "/cluster/home/n/w/nwhite01/storage/ocr_20150623/146/hvd.32044019208347/584.png"; bbox 0 0 4036 6556; ppageno 0'>
   <div class='ocr_carea' id='block_1_1' title="bbox 313 422 452 486">
    <p class='ocr_par' dir='ltr' id='par_1_1' title="bbox 313 422 452 486">
     <span class='ocr_line' id='line_1_1' title="bbox 313 422 452 486; baseline -0.022 0"><span class='ocrx_word' id='word_1_1' title='bbox 313 422 452 486; x_wconf 72' lang='grc' dir='ltr'><strong>11ἴ.3</strong></span> 
     </span>
    </p>
   </div>
   <div class='ocr_carea' id='block_1_2' title="bbox 1236 417 2653 487">
    <p class='ocr_par' dir='ltr' id='par_1_2' title="bbox 1236 417 2653 487">
     <span class='ocr_line' id='line_1_2' title="bbox 1236 417 2653 487; baseline 0.003 -6"><span class='ocrx_word' id='word_1_2' title='bbox 1236 418 1842 485; x_wconf 64' lang='grc' dir='ltr'><strong>ΕΟΟΙιΕΞΙΑὸΤΙΟᾸΞ</strong></span> <span class='ocrx_word' id='word_1_3' title='bbox 1882 417 2268 483; x_wconf 64' lang='grc' dir='ltr'><strong>ΠΙδΤιΠῖΙΕ</strong></span> <span class='ocrx_word' id='word_1_4' title='bbox 2311 425 2458 487; x_wconf 84' lang='lat' dir='ltr'><strong>LIB.</strong></span> <span class='ocrx_word' id='word_1_5' title='bbox 2496 422 2653 487; x_wconf 82' lang='lat' dir='ltr'><strong>XIV.</strong></span> 
     </span>
    </p>
   </div>
   <div class='ocr_carea' id='block_1_3' title="bbox 3440 425 3576 492">
    <p class='ocr_par' dir='ltr' id='par_1_3' title="bbox 3440 425 3576 492">
     <span class='ocr_line' id='line_1_3' title="bbox 3440 425 3576 492; baseline 0.029 -4"><span class='ocrx_word' id='word_1_6' title='bbox 3440 425 3576 492; x_wconf 70' lang='grc'><strong>1154</strong></span> 
     </span>
    </p>
   </div>
   <div class='ocr_carea' id='block_1_4' title="bbox 300 492 1874 606">
    <p class='ocr_par' dir='ltr' id='par_1_4' title="bbox 300 492 1874 606">
     <span class='ocr_line' id='line_1_4' title="bbox 300 492 1874 606; baseline 0.001 -21"><span class='ocrx_word' id='word_1_7' title='bbox 300 552 388 601; x_wconf 78' lang='grc' dir='ltr'><strong>τρι</strong></span> <span class='ocrx_word' id='word_1_8' title='bbox 419 530 545 606; x_wconf 52' lang='grc' dir='ltr'>ἧκε.</span> <span class='ocrx_word' id='word_1_9' title='bbox 578 530 667 602; x_wconf 76' lang='grc' dir='ltr'><strong>Τῷ</strong></span> <span class='ocrx_word' id='word_1_10' title='bbox 696 533 752 585; x_wconf 79' lang='grc' dir='ltr'>δὲ</span> <span class='ocrx_word' id='word_1_11' title='bbox 780 531 962 601; x_wconf 83' lang='grc' dir='ltr'>πολλῷ</span> <span class='ocrx_word' id='word_1_12' title='bbox 994 492 1192 602; x_wconf 73' lang='grc' dir='ltr'>πλήθει</span> <span class='ocrx_word' id='word_1_13' title='bbox 1221 533 1316 585; x_wconf 80' lang='grc' dir='ltr'><strong>καὶ</strong></span> <span class='ocrx_word' id='word_1_14' title='bbox 1344 532 1709 603; x_wconf 67' lang='grc' dir='ltr'><strong>διαφερόντως</strong></span> <span class='ocrx_word' id='word_1_15' title='bbox 1745 533 1874 601; x_wconf 69' lang='grc' dir='ltr'>μάλα</span> 
     </span>
    </p>
   </div>
   <div class='ocr_carea' id='block_1_5' title="bbox 1978 492 3576 606">
    <p class='ocr_par' dir='ltr' id='par_1_5' title="bbox 1995 531 3576 604">
     <span class='ocr_line' id='line_1_5' title="bbox 1995 531 3576 604; baseline 0.001 -19"><span class='ocrx_word' id='word_1_16' title='bbox 1995 532 2060 586; x_wconf 88' lang='lat' dir='ltr'><strong>ad</strong></span> <span class='ocrx_word' id='word_1_17' title='bbox 2122 533 2340 588; x_wconf 84' lang='lat' dir='ltr'><strong>Patrem</strong></span> <span class='ocrx_word' id='word_1_18' title='bbox 2412 532 2663 597; x_wconf 90' lang='lat' dir='ltr'><strong>revertit,</strong></span> <span class='ocrx_word' id='word_1_19' title='bbox 2722 531 2985 588; x_wconf 84' lang='lat' dir='ltr'><strong>celebrat.</strong></span> <span class='ocrx_word' id='word_1_20' title='bbox 3048 533 3258 604; x_wconf 78' lang='lat' dir='ltr'><strong>Populo</strong></span> <span class='ocrx_word' id='word_1_21' title='bbox 3311 536 3576 589; x_wconf 80' lang='lat' dir='ltr'><strong>universo</strong></span> 
     </span>
    </p>
   </div>
   <div class='ocr_carea' id='block_1_6' title="bbox 298 619 1883 695">
    <p class='ocr_par' dir='ltr' id='par_1_6' title="bbox 298 619 1883 695">
     <span class='ocr_line' id='line_1_6' title="bbox 298 619 1883 695; baseline -0.001 -19"><span class='ocrx_word' id='word_1_22' title='bbox 298 626 707 695; x_wconf 68' lang='grc' dir='ltr'><strong>κεχαρισμένος</strong></span> <span class='ocrx_word' id='word_1_23' title='bbox 738 619 807 694; x_wconf 81' lang='grc' dir='ltr'>ἦν</span> <span class='ocrx_word' id='word_1_24' title='bbox 838 626 867 677; x_wconf 87' lang='grc' dir='ltr'><strong>ὁ</strong></span> <span class='ocrx_word' id='word_1_25' title='bbox 911 623 1149 687; x_wconf 82' lang='grc' dir='ltr'>Σισινιος</span> <span class='ocrx_word' id='word_1_26' title='bbox 1172 640 1184 654; x_wconf 87' lang='grc'><strong>·</strong></span> <span class='ocrx_word' id='word_1_27' title='bbox 1233 625 1427 695; x_wconf 84' lang='grc' dir='ltr'><strong>ὅτιπερ</strong></span> <span class='ocrx_word' id='word_1_28' title='bbox 1460 622 1578 694; x_wconf 76' lang='grc' dir='ltr'><strong>ἅμα</strong></span> <span class='ocrx_word' id='word_1_29' title='bbox 1607 641 1667 676; x_wconf 86' lang='grc' dir='ltr'><strong>τε</strong></span> <span class='ocrx_word' id='word_1_30' title='bbox 1722 640 1883 693; x_wconf 76' lang='grc' dir='ltr'>περιο</span> 
     </span>
    </p>
   </div>
   <div class='ocr_carea' id='block_1_7' title="bbox 298 711 1885 789">
    <p class='ocr_par' dir='ltr' id='par_1_7' title="bbox 298 711 1885 789">
     <span class='ocr_line' id='line_1_7' title="bbox 298 711 1885 789; baseline 0 -19"><span class='ocrx_word' id='word_1_31' title='bbox 298 719 494 787; x_wconf 68' lang='grc' dir='ltr'>ϐοητος</span> <span class='ocrx_word' id='word_1_32' title='bbox 545 720 603 771; x_wconf 85' lang='grc' dir='ltr'><strong>ἐν</strong></span> <span class='ocrx_word' id='word_1_33' title='bbox 650 720 821 789; x_wconf 77' lang='grc' dir='ltr'>ἁρετῇ</span> <span class='ocrx_word' id='word_1_34' title='bbox 856 711 947 787; x_wconf 76' lang='grc' dir='ltr'>ἦν,</span> <span class='ocrx_word' id='word_1_35' title='bbox 980 717 1075 770; x_wconf 72' lang='grc' dir='ltr'>καὶ</span> <span class='ocrx_word' id='word_1_36' title='bbox 1116 715 1333 789; x_wconf 37' lang='grc' dir='ltr'>,πολλὴν</span> <span class='ocrx_word' id='word_1_37' title='bbox 1359 717 1442 770; x_wconf 83' lang='grc' dir='ltr'><strong>ὅτι</strong></span> <span class='ocrx_word' id='word_1_38' title='bbox 1484 718 1595 769; x_wconf 87' lang='grc' dir='ltr'><strong>τῶν</strong></span> <span class='ocrx_word' id='word_1_39' title='bbox 1648 718 1885 788; x_wconf 81' lang='grc' dir='ltr'>πτωχῶν</span> 
     </span>
    </p>
   </div>
   <div class='ocr_carea' id='block_1_8' title="bbox 297 803 1893 883">
    <p class='ocr_par' dir='ltr' id='par_1_8' title="bbox 297 803 1893 883">
     <span class='ocr_line' id='line_1_8' title="bbox 297 803 1893 883; baseline 0 -20"><span class='ocrx_word' id='word_1_40' title='bbox 297 814 565 883; x_wconf 77' lang='grc' dir='ltr'>πρόνοιαν</span> <span class='ocrx_word' id='word_1_41' title='bbox 593 811 687 864; x_wconf 70' lang='grc' dir='ltr'><strong>καὶ</strong></span> <span class='ocrx_word' id='word_1_42' title='bbox 719 811 860 882; x_wconf 78' lang='grc' dir='ltr'>ὑπὲρ</span> <span class='ocrx_word' id='word_1_43' title='bbox 891 810 1124 878; x_wconf 83' lang='grc' dir='ltr'>δύναμιν</span> <span class='ocrx_word' id='word_1_44' title='bbox 1150 811 1407 863; x_wconf 84' lang='grc' dir='ltr'>ἐποιεῖτο.</span> <span class='ocrx_word' id='word_1_45' title='bbox 1442 811 1637 864; x_wconf 82' lang='grc' dir='ltr'>Ἔνθεν</span> <span class='ocrx_word' id='word_1_46' title='bbox 1659 828 1743 863; x_wconf 87' lang='grc' dir='ltr'><strong>τοι</strong></span> <span class='ocrx_word' id='word_1_47' title='bbox 1787 803 1893 864; x_wconf 60' lang='grc' dir='ltr'><strong>και</strong></span> 
     </span>
    </p>
   </div>
   <div class='ocr_carea' id='block_1_9' title="bbox 294 903 1884 975">
    <p class='ocr_par' dir='ltr' id='par_1_9' title="bbox 294 903 1884 975">
     <span class='ocr_line' id='line_1_9' title="bbox 294 903 1884 975; baseline 0.001 -19"><span class='ocrx_word' id='word_1_48' title='bbox 294 906 392 957; x_wconf 73' lang='grc' dir='ltr'>τοῦ</span> <span class='ocrx_word' id='word_1_49' title='bbox 428 904 565 958; x_wconf 81' lang='grc' dir='ltr'>λαοῦ</span> <span class='ocrx_word' id='word_1_50' title='bbox 624 904 960 975; x_wconf 74' lang='grc' dir='ltr'>βιασαμένου</span> <span class='ocrx_word' id='word_1_51' title='bbox 1016 904 1115 957; x_wconf 75' lang='grc' dir='ltr'><strong>καὶ</strong></span> <span class='ocrx_word' id='word_1_52' title='bbox 1167 904 1586 973; x_wconf 86' lang='grc' dir='ltr'>ἐκνικήσαντος,</span> <span class='ocrx_word' id='word_1_53' title='bbox 1647 903 1884 968; x_wconf 80' lang='grc' dir='ltr'>Σισίνιος</span> 
     </span>
    </p>
   </div>
   <div class='ocr_carea' id='block_1_10' title="bbox 295 988 1885 1066">
    <p class='ocr_par' dir='ltr' id='par_1_10' title="bbox 295 988 1885 1066">
     <span class='ocr_line' id='line_1_10' title="bbox 295 988 1885 1066; baseline -0.001 -18"><span class='ocrx_word' id='word_1_54' title='bbox 295 997 391 1049; x_wconf 75' lang='grc' dir='ltr'><strong>ἐπὶ</strong></span> <span class='ocrx_word' id='word_1_55' title='bbox 426 999 516 1049; x_wconf 69' lang='grc' dir='ltr'>τὸν</span> <span class='ocrx_word' id='word_1_56' title='bbox 545 997 736 1065; x_wconf 81' lang='grc' dir='ltr'>θρόνον</span> <span class='ocrx_word' id='word_1_57' title='bbox 762 995 1051 1048; x_wconf 81' lang='grc' dir='ltr'>ἀνέϐαινεν</span> <span class='ocrx_word' id='word_1_58' title='bbox 1074 1011 1091 1028; x_wconf 78' lang='grc' dir='ltr'><strong><em>ο</em></strong></span> <span class='ocrx_word' id='word_1_59' title='bbox 1122 996 1210 1064; x_wconf 81' lang='grc' dir='ltr'><strong>ἐφ’</strong></span> <span class='ocrx_word' id='word_1_60' title='bbox 1246 988 1291 1063; x_wconf 82' lang='grc' dir='ltr'><strong>ᾧ</strong></span> <span class='ocrx_word' id='word_1_61' title='bbox 1319 995 1636 1065; x_wconf 79' lang='grc' dir='ltr'><strong>χαλεπήνας</strong></span> <span class='ocrx_word' id='word_1_62' title='bbox 1664 998 1691 1048; x_wconf 85' lang='grc' dir='ltr'>ὁ</span> <span class='ocrx_word' id='word_1_63' title='bbox 1717 1013 1885 1066; x_wconf 86' lang='grc' dir='ltr'>πρεσ-</span> 
     </span>
    </p>
   </div>
   <div class='ocr_carea' id='block_1_11' title="bbox 296 1088 1883 1160">
    <p class='ocr_par' dir='ltr' id='par_1_11' title="bbox 296 1088 1883 1160">
     <span class='ocr_line' id='line_1_11' title="bbox 296 1088 1883 1160; baseline 0 -19"><span class='ocrx_word' id='word_1_64' title='bbox 296 1091 532 1160; x_wconf 75' lang='grc' dir='ltr'>ϐύτερος</span> <span class='ocrx_word' id='word_1_65' title='bbox 571 1089 842 1151; x_wconf 75' lang='grc' dir='ltr'>Φίλιππος</span> <span class='ocrx_word' id='word_1_66' title='bbox 873 1090 958 1142; x_wconf 89' lang='grc' dir='ltr'>ὅτι</span> <span class='ocrx_word' id='word_1_67' title='bbox 987 1089 1157 1142; x_wconf 80' lang='grc' dir='ltr'>αὐτοῦ</span> <span class='ocrx_word' id='word_1_68' title='bbox 1194 1088 1524 1159; x_wconf 79' lang='grc' dir='ltr'><strong>προεκρίθη,</strong></span> <span class='ocrx_word' id='word_1_69' title='bbox 1580 1088 1754 1142; x_wconf 83' lang='grc' dir='ltr'>πολλὰ</span> <span class='ocrx_word' id='word_1_70' title='bbox 1783 1089 1883 1154; x_wconf 81' lang='grc' dir='ltr'>τῆς</span> 
     </span>
    </p>
   </div>
   <div class='ocr_carea' id='block_1_12' title="bbox 295 1181 1879 1254">
    <p class='ocr_par' dir='ltr' id='par_1_12' title="bbox 295 1181 1879 1254">
     <span class='ocr_line' id='line_1_12' title="bbox 295 1181 1879 1254; baseline 0.002 -19"><span class='ocrx_word' id='word_1_71' title='bbox 295 1183 642 1252; x_wconf 77' lang='grc' dir='ltr'>χειροτονίας</span> <span class='ocrx_word' id='word_1_72' title='bbox 687 1183 901 1235; x_wconf 80' lang='grc' dir='ltr'>ἐκείνου</span> <span class='ocrx_word' id='word_1_73' title='bbox 948 1181 1266 1252; x_wconf 79' lang='grc' dir='ltr'><strong>καθήπτετο</strong></span> <span class='ocrx_word' id='word_1_74' title='bbox 1315 1186 1373 1235; x_wconf 83' lang='grc' dir='ltr'>ὲν</span> <span class='ocrx_word' id='word_1_75' title='bbox 1416 1185 1483 1254; x_wconf 80' lang='grc' dir='ltr'>τῇ</span> <span class='ocrx_word' id='word_1_76' title='bbox 1524 1182 1659 1254; x_wconf 81' lang='grc' dir='ltr'>παρ’</span> <span class='ocrx_word' id='word_1_77' title='bbox 1711 1184 1879 1238; x_wconf 76' lang='grc' dir='ltr'>αὑτοῦ</span> 
     </span>
    </p>
   </div>
   <div class='ocr_carea' id='block_1_13' title="bbox 295 1275 1882 1347">
    <p class='ocr_par' dir='ltr' id='par_1_13' title="bbox 295 1275 1882 1347">
     <span class='ocr_line' id='line_1_13' title="bbox 295 1275 1882 1347; baseline 0.003 -22"><span class='ocrx_word' id='word_1_78' title='bbox 295 1275 692 1345; x_wconf 74' lang='grc' dir='ltr'>συγγραφεῖσῃ</span> <span class='ocrx_word' id='word_1_79' title='bbox 751 1277 1118 1344; x_wconf 79' lang='grc' dir='ltr'>Χριστιανικῇ</span> <span class='ocrx_word' id='word_1_80' title='bbox 1180 1275 1415 1345; x_wconf 71' lang='grc' dir='ltr'>ἱστορίᾳ.</span> <span class='ocrx_word' id='word_1_81' title='bbox 1454 1275 1526 1329; x_wconf 83' lang='grc' dir='ltr'>Οὐ</span> <span class='ocrx_word' id='word_1_82' title='bbox 1567 1276 1732 1345; x_wconf 86' lang='grc' dir='ltr'>μόνον</span> <span class='ocrx_word' id='word_1_83' title='bbox 1775 1277 1882 1347; x_wconf 85' lang='grc' dir='ltr'><strong>γὰρ</strong></span> 
     </span>
    </p>
   </div>
   <div class='ocr_carea' id='block_1_14' title="bbox 293 1368 1881 1442">
    <p class='ocr_par' dir='ltr' id='par_1_14' title="bbox 293 1368 1881 1442">
     <span class='ocr_line' id='line_1_14' title="bbox 293 1368 1881 1442; baseline 0.003 -23"><span class='ocrx_word' id='word_1_84' title='bbox 293 1370 512 1421; x_wconf 84' lang='grc' dir='ltr'>ἐκεῖνον</span> <span class='ocrx_word' id='word_1_85' title='bbox 559 1368 843 1429; x_wconf 67' lang='grc' dir='ltr'>διέϐαλεν,</span> <span class='ocrx_word' id='word_1_86' title='bbox 891 1368 1030 1421; x_wconf 74' lang='grc' dir='ltr'>ἀλλὰ</span> <span class='ocrx_word' id='word_1_87' title='bbox 1074 1369 1172 1422; x_wconf 69' lang='grc' dir='ltr'><strong>καὶ</strong></span> <span class='ocrx_word' id='word_1_88' title='bbox 1221 1370 1349 1430; x_wconf 77' lang='grc' dir='ltr'>τοὺς</span> <span class='ocrx_word' id='word_1_89' title='bbox 1389 1372 1881 1442; x_wconf 71' lang='grc' dir='ltr'>χειροτονήσαντας</span> 
     </span>
    </p>
   </div>
   <div class='ocr_carea' id='block_1_15' title="bbox 293 1460 1880 1535">
    <p class='ocr_par' dir='ltr' id='par_1_15' title="bbox 293 1460 1880 1535">
     <span class='ocr_line' id='line_1_15' title="bbox 293 1460 1880 1535; baseline 0.003 -23"><span class='ocrx_word' id='word_1_90' title='bbox 293 1463 392 1514; x_wconf 65' lang='grc' dir='ltr'><strong>καὶ</strong></span> <span class='ocrx_word' id='word_1_91' title='bbox 455 1461 549 1513; x_wconf 74' lang='grc' dir='ltr'>τὸν</span> <span class='ocrx_word' id='word_1_92' title='bbox 579 1461 793 1530; x_wconf 79' lang='grc' dir='ltr'>δῆμονο</span> <span class='ocrx_word' id='word_1_93' title='bbox 853 1462 949 1513; x_wconf 68' lang='grc' dir='ltr'><strong>καὶ</strong></span> <span class='ocrx_word' id='word_1_94' title='bbox 996 1460 1142 1514; x_wconf 79' lang='grc' dir='ltr'>οὕτω</span> <span class='ocrx_word' id='word_1_95' title='bbox 1192 1461 1566 1531; x_wconf 75' lang='grc' dir='ltr'><strong>κατέδραμεν,</strong></span> <span class='ocrx_word' id='word_1_96' title='bbox 1618 1464 1695 1525; x_wconf 81' lang='grc' dir='ltr'>ὡς</span> <span class='ocrx_word' id='word_1_97' title='bbox 1752 1463 1880 1535; x_wconf 80' lang='grc' dir='ltr'>μηδ’</span> 
     </span>
    </p>
   </div>
   <div class='ocr_carea' id='block_1_16' title="bbox 292 1548 1876 1624">
    <p class='ocr_par' dir='ltr' id='par_1_16' title="bbox 292 1548 1876 1624">
     <span class='ocr_line' id='line_1_16' title="bbox 292 1548 1876 1624; baseline 0.003 -22"><span class='ocrx_word' id='word_1_98' title='bbox 292 1548 523 1603; x_wconf 77' lang='grc' dir='ltr'>ἑλέσθαι</span> <span class='ocrx_word' id='word_1_99' title='bbox 582 1550 708 1602; x_wconf 77' lang='grc' dir='ltr'>τινὰ</span> <span class='ocrx_word' id='word_1_100' title='bbox 764 1549 835 1602; x_wconf 75' lang='grc' dir='ltr'><strong>τά</strong></span> <span class='ocrx_word' id='word_1_101' title='bbox 889 1550 1158 1620; x_wconf 68' lang='grc' dir='ltr'>εἰρημένα</span> <span class='ocrx_word' id='word_1_102' title='bbox 1219 1552 1551 1624; x_wconf 71' lang='grc' dir='ltr'><strong>συγγραφῆς</strong></span> <span class='ocrx_word' id='word_1_103' title='bbox 1600 1553 1876 1619; x_wconf 56' lang='lat' dir='ltr'><strong>ditamur</strong></span> 
     </span>
    </p>
   </div>
   <div class='ocr_carea' id='block_1_17' title="bbox 290 1642 1879 1716">
    <p class='ocr_par' dir='ltr' id='par_1_17' title="bbox 290 1642 1879 1716">
     <span class='ocr_line' id='line_1_17' title="bbox 290 1642 1879 1716; baseline 0.004 -23"><span class='ocrx_word' id='word_1_104' title='bbox 290 1642 419 1694; x_wconf 84' lang='grc' dir='ltr'>ἐπεί</span> <span class='ocrx_word' id='word_1_105' title='bbox 454 1642 537 1694; x_wconf 87' lang='grc' dir='ltr'><strong>τοί</strong></span> <span class='ocrx_word' id='word_1_106' title='bbox 572 1657 636 1706; x_wconf 87' lang='grc' dir='ltr'><strong>γε</strong></span> <span class='ocrx_word' id='word_1_107' title='bbox 687 1642 800 1695; x_wconf 72' lang='grc' dir='ltr'>οὔδ’</span> <span class='ocrx_word' id='word_1_108' title='bbox 854 1643 1052 1713; x_wconf 84' lang='grc' dir='ltr'>ἐκείνῳ</span> <span class='ocrx_word' id='word_1_109' title='bbox 1088 1660 1172 1707; x_wconf 87' lang='grc' dir='ltr'><strong>τις</strong></span> <span class='ocrx_word' id='word_1_110' title='bbox 1208 1644 1470 1713; x_wconf 80' lang='grc' dir='ltr'><strong>συγγνοίη</strong></span> <span class='ocrx_word' id='word_1_111' title='bbox 1514 1646 1618 1713; x_wconf 85' lang='grc' dir='ltr'>τ’ἧς</span> <span class='ocrx_word' id='word_1_112' title='bbox 1674 1648 1879 1716; x_wconf 80' lang='grc' dir='ltr'>προπε-</span> 
     </span>
    </p>
   </div>
   <div class='ocr_carea' id='block_1_18' title="bbox 289 1734 1877 1806">
    <p class='ocr_par' dir='ltr' id='par_1_18' title="bbox 289 1734 1877 1806">
     <span class='ocr_line' id='line_1_18' title="bbox 289 1734 1877 1806; baseline 0.005 -22"><span class='ocrx_word' id='word_1_113' title='bbox 289 1735 472 1796; x_wconf 82' lang='grc' dir='ltr'>τεῐας,</span> <span class='ocrx_word' id='word_1_114' title='bbox 501 1734 729 1787; x_wconf 83' lang='grc' dir='ltr'>τοιαῦτα</span> <span class='ocrx_word' id='word_1_115' title='bbox 765 1734 975 1803; x_wconf 68' lang='grc' dir='ltr'>γράψαι</span> <span class='ocrx_word' id='word_1_116' title='bbox 1004 1738 1383 1806; x_wconf 80' lang='grc' dir='ltr'>ἀνασχομένῳ.</span> <span class='ocrx_word' id='word_1_117' title='bbox 1422 1738 1575 1791; x_wconf 80' lang='grc' dir='ltr'>Ἐπεὶ</span> <span class='ocrx_word' id='word_1_118' title='bbox 1602 1738 1660 1791; x_wconf 82' lang='grc' dir='ltr'>δὲ</span> <span class='ocrx_word' id='word_1_119' title='bbox 1689 1740 1877 1793; x_wconf 80' lang='grc' dir='ltr'>τούτου</span> 
     </span>
    </p>
   </div>
   <div class='ocr_carea' id='block_1_19' title="bbox 290 1816 1873 1898">
    <p class='ocr_par' dir='ltr' id='par_1_19' title="bbox 290 1816 1873 1898">
     <span class='ocr_line' id='line_1_19' title="bbox 290 1816 1873 1898; baseline 0.004 -21"><span class='ocrx_word' id='word_1_120' title='bbox 290 1824 602 1894; x_wconf 76' lang='grc' dir='ltr'>ἐμνήσθην,</span> <span class='ocrx_word' id='word_1_121' title='bbox 639 1816 827 1894; x_wconf 77' lang='grc' dir='ltr'>μικρᾶ</span> <span class='ocrx_word' id='word_1_122' title='bbox 846 1826 942 1878; x_wconf 75' lang='grc' dir='ltr'><strong>καὶ</strong></span> <span class='ocrx_word' id='word_1_123' title='bbox 977 1827 1105 1898; x_wconf 73' lang='grc' dir='ltr'>περὶ</span> <span class='ocrx_word' id='word_1_124' title='bbox 1140 1828 1309 1881; x_wconf 79' lang='grc' dir='ltr'>αὐτοῦ</span> <span class='ocrx_word' id='word_1_125' title='bbox 1340 1828 1617 1882; x_wconf 78' lang='grc' dir='ltr'>διαλαόείν</span> <span class='ocrx_word' id='word_1_126' title='bbox 1640 1830 1873 1886; x_wconf 76' lang='grc' dir='ltr'>δίκαιον.</span> 
     </span>
    </p>
   </div>
   <div class='ocr_carea' id='block_1_20' title="bbox 1992 625 3559 697">
    <p class='ocr_par' dir='ltr' id='par_1_20' title="bbox 1992 625 3559 697">
     <span class='ocr_line' id='line_1_20' title="bbox 1992 625 3559 697; baseline 0.002 -18"><span class='ocrx_word' id='word_1_127' title='bbox 1992 627 2193 680; x_wconf 84' lang='lat' dir='ltr'><strong>charos</strong></span> <span class='ocrx_word' id='word_1_128' title='bbox 2227 627 2498 696; x_wconf 72' lang='lat' dir='ltr'><strong>praecipue.</strong></span> <span class='ocrx_word' id='word_1_129' title='bbox 2528 626 2768 682; x_wconf 87' lang='lat' dir='ltr'><strong>Sisinius</strong></span> <span class='ocrx_word' id='word_1_130' title='bbox 2801 625 2924 690; x_wconf 79' lang='lat' dir='ltr'><strong>fuit,</strong></span> <span class='ocrx_word' id='word_1_131' title='bbox 2967 642 3092 681; x_wconf 90' lang='lat' dir='ltr'><strong>cum</strong></span> <span class='ocrx_word' id='word_1_132' title='bbox 3137 638 3366 697; x_wconf 88' lang='lat' dir='ltr'><strong>propter</strong></span> <span class='ocrx_word' id='word_1_133' title='bbox 3400 630 3559 683; x_wconf 87' lang='lat' dir='ltr'><strong>virtu-</strong></span> 
     </span>
    </p>
   </div>
   <div class='ocr_carea' id='block_1_21' title="bbox 1993 706 3570 791">
    <p class='ocr_par' dir='ltr' id='par_1_21' title="bbox 1993 706 3570 791">
     <span class='ocr_line' id='line_1_21' title="bbox 1993 706 3570 791; baseline 0.001 -18"><span class='ocrx_word' id='word_1_134' title='bbox 1993 718 2065 773; x_wconf 89' lang='lat' dir='ltr'><strong>tis</strong></span> <span class='ocrx_word' id='word_1_135' title='bbox 2094 706 2424 784; x_wconf 74' lang='lat' dir='ltr'><strong>claritatem,</strong></span> <span class='ocrx_word' id='word_1_136' title='bbox 2464 728 2577 775; x_wconf 89' lang='lat' dir='ltr'><strong>tum</strong></span> <span class='ocrx_word' id='word_1_137' title='bbox 2614 720 2686 773; x_wconf 90' lang='lat' dir='ltr'><strong>ob</strong></span> <span class='ocrx_word' id='word_1_138' title='bbox 2723 719 2982 775; x_wconf 77' lang='lat' dir='ltr'><strong>eximiam</strong></span> <span class='ocrx_word' id='word_1_139' title='bbox 3003 721 3056 774; x_wconf 92' lang='lat' dir='ltr'><strong>in</strong></span> <span class='ocrx_word' id='word_1_140' title='bbox 3089 736 3382 790; x_wconf 86' lang='lat' dir='ltr'><strong>pauperes.</strong></span> <span class='ocrx_word' id='word_1_141' title='bbox 3403 737 3570 791; x_wconf 85' lang='lat' dir='ltr'><strong>supra</strong></span> 
     </span>
    </p>
   </div>
   <div class='ocr_carea' id='block_1_22' title="bbox 1990 810 3571 883">
    <p class='ocr_par' dir='ltr' id='par_1_22' title="bbox 1990 810 3571 883">
     <span class='ocr_line' id='line_1_22' title="bbox 1990 810 3571 883; baseline 0.003 -20"><span class='ocrx_word' id='word_1_142' title='bbox 1990 813 2140 865; x_wconf 89' lang='lat' dir='ltr'><strong>vires</strong></span> <span class='ocrx_word' id='word_1_143' title='bbox 2175 812 2340 867; x_wconf 90' lang='lat' dir='ltr'><strong>etiam</strong></span> <span class='ocrx_word' id='word_1_144' title='bbox 2377 812 2515 883; x_wconf 85' lang='lat' dir='ltr'><strong>ejus.</strong></span> <span class='ocrx_word' id='word_1_145' title='bbox 2550 810 3156 882; x_wconf 47' lang='lat' dir='ltr'><strong>curamsQuapmpter</strong></span> <span class='ocrx_word' id='word_1_146' title='bbox 3199 813 3358 883; x_wconf 83' lang='lat' dir='ltr'><strong>plebs</strong></span> <span class='ocrx_word' id='word_1_147' title='bbox 3400 816 3451 866; x_wconf 88' lang='lat' dir='ltr'><strong>vi</strong></span> <span class='ocrx_word' id='word_1_148' title='bbox 3490 813 3571 867; x_wconf 62' lang='lat' dir='ltr'><strong>et‘o</strong></span> 
     </span>
    </p>
   </div>
   <div class='ocr_carea' id='block_1_23' title="bbox 1989 905 3567 975">
    <p class='ocr_par' dir='ltr' id='par_1_23' title="bbox 1989 905 3567 975">
     <span class='ocr_line' id='line_1_23' title="bbox 1989 905 3567 975; baseline 0.001 -16"><span class='ocrx_word' id='word_1_149' title='bbox 1989 906 2121 959; x_wconf 77' lang='lat' dir='ltr'><strong>fecit</strong></span> <span class='ocrx_word' id='word_1_150' title='bbox 2157 915 2320 975; x_wconf 71' lang='lat' dir='ltr'><strong>atque</strong></span> <span class='ocrx_word' id='word_1_151' title='bbox 2350 906 2541 972; x_wconf 78' lang='lat' dir='ltr'><strong>evicit,</strong></span> <span class='ocrx_word' id='word_1_152' title='bbox 2598 914 2657 958; x_wconf 86' lang='grc' dir='ltr'><strong>ιιι</strong></span> <span class='ocrx_word' id='word_1_153' title='bbox 2691 905 2736 960; x_wconf 97' lang='lat' dir='ltr'><strong>is</strong></span> <span class='ocrx_word' id='word_1_154' title='bbox 2773 906 2827 961; x_wconf 91' lang='lat' dir='ltr'><strong>in</strong></span> <span class='ocrx_word' id='word_1_155' title='bbox 2874 906 3137 962; x_wconf 91' lang='lat' dir='ltr'><strong>thronum</strong></span> <span class='ocrx_word' id='word_1_156' title='bbox 3190 907 3262 961; x_wconf 89' lang='lat' dir='ltr'><strong>sit</strong></span> <span class='ocrx_word' id='word_1_157' title='bbox 3296 908 3567 961; x_wconf 71' lang='lat' dir='ltr'><strong>sublatus.</strong></span> 
     </span>
    </p>
   </div>
   <div class='ocr_carea' id='block_1_24' title="bbox 1988 996 3568 1069">
    <p class='ocr_par' dir='ltr' id='par_1_24' title="bbox 1988 996 3568 1069">
     <span class='ocr_line' id='line_1_24' title="bbox 1988 996 3568 1069; baseline 0.001 -20"><span class='ocrx_word' id='word_1_158' title='bbox 1988 997 2105 1064; x_wconf 85' lang='lat' dir='ltr'><strong>Qua</strong></span> <span class='ocrx_word' id='word_1_159' title='bbox 2159 1014 2215 1051; x_wconf 89' lang='lat' dir='ltr'><strong>re</strong></span> <span class='ocrx_word' id='word_1_160' title='bbox 2271 996 2518 1052; x_wconf 72' lang='lat' dir='ltr'><strong>offensus</strong></span> <span class='ocrx_word' id='word_1_161' title='bbox 2578 997 2867 1066; x_wconf 77' lang='lat' dir='ltr'><strong>Philippus</strong></span> <span class='ocrx_word' id='word_1_162' title='bbox 2917 998 3225 1069; x_wconf 88' lang='lat' dir='ltr'><strong>presbyter,</strong></span> <span class='ocrx_word' id='word_1_163' title='bbox 3279 999 3423 1068; x_wconf 87' lang='lat' dir='ltr'><strong>quod</strong></span> <span class='ocrx_word' id='word_1_164' title='bbox 3476 1000 3568 1053; x_wconf 87' lang='lat' dir='ltr'><strong>ille</strong></span> 
     </span>
    </p>
   </div>
   <div class='ocr_carea' id='block_1_25' title="bbox 1988 1091 3572 1161">
    <p class='ocr_par' dir='ltr' id='par_1_25' title="bbox 1988 1091 3572 1161">
     <span class='ocr_line' id='line_1_25' title="bbox 1988 1091 3572 1161; baseline -0.001 -15"><span class='ocrx_word' id='word_1_165' title='bbox 1988 1091 2207 1146; x_wconf 89' lang='lat' dir='ltr'><strong>scilicet</strong></span> <span class='ocrx_word' id='word_1_166' title='bbox 2250 1092 2353 1146; x_wconf 83' lang='lat' dir='ltr'><strong>sibi</strong></span> <span class='ocrx_word' id='word_1_167' title='bbox 2406 1093 2661 1161; x_wconf 84' lang='lat' dir='ltr'><strong>praelatus</strong></span> <span class='ocrx_word' id='word_1_168' title='bbox 2695 1103 2860 1149; x_wconf 83' lang='lat' dir='ltr'><strong>esset.</strong></span> <span class='ocrx_word' id='word_1_169' title='bbox 2894 1091 3225 1145; x_wconf 85' lang='lat' dir='ltr'><strong>electionem</strong></span> <span class='ocrx_word' id='word_1_170' title='bbox 3260 1098 3312 1144; x_wconf 90' lang='lat' dir='ltr'><strong>et</strong></span> <span class='ocrx_word' id='word_1_171' title='bbox 3348 1091 3572 1144; x_wconf 71' lang='lat' dir='ltr'><strong>ordina-</strong></span> 
     </span>
    </p>
   </div>
   <div class='ocr_carea' id='block_1_26' title="bbox 1990 1183 3571 1254">
    <p class='ocr_par' dir='ltr' id='par_1_26' title="bbox 1990 1183 3571 1254">
     <span class='ocr_line' id='line_1_26' title="bbox 1990 1183 3571 1254; baseline -0.002 -16"><span class='ocrx_word' id='word_1_172' title='bbox 1990 1184 2197 1239; x_wconf 84' lang='lat' dir='ltr'><strong>tionem</strong></span> <span class='ocrx_word' id='word_1_173' title='bbox 2239 1185 2357 1254; x_wconf 87' lang='lat' dir='ltr'><strong>cjus</strong></span> <span class='ocrx_word' id='word_1_174' title='bbox 2403 1184 2703 1253; x_wconf 87' lang='lat' dir='ltr'><strong>pluritnttm</strong></span> <span class='ocrx_word' id='word_1_175' title='bbox 2747 1183 3125 1252; x_wconf 83' lang='lat' dir='ltr'><strong>reprehendit,</strong></span> <span class='ocrx_word' id='word_1_176' title='bbox 3161 1184 3214 1237; x_wconf 90' lang='lat' dir='ltr'><strong>in</strong></span> <span class='ocrx_word' id='word_1_177' title='bbox 3248 1199 3311 1237; x_wconf 85' lang='lat' dir='ltr'><strong>ea</strong></span> <span class='ocrx_word' id='word_1_178' title='bbox 3353 1199 3474 1252; x_wconf 77' lang='lat' dir='ltr'><strong>qna‘</strong></span> <span class='ocrx_word' id='word_1_179' title='bbox 3501 1184 3571 1236; x_wconf 89' lang='lat' dir='ltr'><strong>ab</strong></span> 
     </span>
    </p>
   </div>
   <div class='ocr_carea' id='block_1_27' title="bbox 1989 1275 3571 1346">
    <p class='ocr_par' dir='ltr' id='par_1_27' title="bbox 1989 1275 3571 1346">
     <span class='ocr_line' id='line_1_27' title="bbox 1989 1275 3571 1346; baseline 0 -17"><span class='ocrx_word' id='word_1_180' title='bbox 1989 1276 2109 1346; x_wconf 86' lang='lat' dir='ltr'><strong>ipso</strong></span> <span class='ocrx_word' id='word_1_181' title='bbox 2143 1277 2458 1343; x_wconf 86' lang='lat' dir='ltr'><strong>conscripta</strong></span> <span class='ocrx_word' id='word_1_182' title='bbox 2516 1285 2599 1328; x_wconf 88' lang='lat' dir='ltr'><strong>est</strong></span> <span class='ocrx_word' id='word_1_183' title='bbox 2631 1275 2949 1329; x_wconf 87' lang='lat' dir='ltr'><strong>Christiana</strong></span> <span class='ocrx_word' id='word_1_184' title='bbox 2988 1275 3245 1330; x_wconf 84' lang='lat' dir='ltr'><strong>historia.</strong></span> <span class='ocrx_word' id='word_1_185' title='bbox 3274 1276 3392 1332; x_wconf 80' lang='lat' dir='ltr'><strong>Non</strong></span> <span class='ocrx_word' id='word_1_186' title='bbox 3436 1277 3571 1329; x_wconf 75' lang='lat' dir='ltr'><strong>Sisi—</strong></span> 
     </span>
    </p>
   </div>
   <div class='ocr_carea' id='block_1_28' title="bbox 1986 1369 3570 1443">
    <p class='ocr_par' dir='ltr' id='par_1_28' title="bbox 1986 1369 3570 1443">
     <span class='ocr_line' id='line_1_28' title="bbox 1986 1369 3570 1443; baseline -0.002 -20"><span class='ocrx_word' id='word_1_187' title='bbox 1986 1369 2140 1423; x_wconf 91' lang='lat' dir='ltr'><strong>nium</strong></span> <span class='ocrx_word' id='word_1_188' title='bbox 2196 1384 2331 1422; x_wconf 87' lang='lat' dir='ltr'><strong>veru</strong></span> <span class='ocrx_word' id='word_1_189' title='bbox 2367 1378 2604 1433; x_wconf 87' lang='lat' dir='ltr'><strong>tantum,</strong></span> <span class='ocrx_word' id='word_1_190' title='bbox 2643 1369 2738 1423; x_wconf 80' lang='lat' dir='ltr'><strong>sed</strong></span> <span class='ocrx_word' id='word_1_191' title='bbox 2781 1378 2837 1423; x_wconf 92' lang='lat' dir='ltr'><strong>et</strong></span> <span class='ocrx_word' id='word_1_192' title='bbox 2882 1377 3303 1425; x_wconf 87' lang='lat' dir='ltr'><strong>consecratores</strong></span> <span class='ocrx_word' id='word_1_193' title='bbox 3337 1369 3486 1443; x_wconf 87' lang='lat' dir='ltr'><strong>ipsos</strong></span> <span class='ocrx_word' id='word_1_194' title='bbox 3514 1378 3570 1420; x_wconf 89' lang='lat' dir='ltr'><strong>et</strong></span> 
     </span>
    </p>
   </div>
   <div class='ocr_carea' id='block_1_29' title="bbox 1987 1461 3568 1537">
    <p class='ocr_par' dir='ltr' id='par_1_29' title="bbox 1987 1461 3568 1537">
     <span class='ocr_line' id='line_1_29' title="bbox 1987 1461 3568 1537; baseline 0.003 -24"><span class='ocrx_word' id='word_1_195' title='bbox 1987 1461 2252 1529; x_wconf 87' lang='lat' dir='ltr'><strong>populum</strong></span> <span class='ocrx_word' id='word_1_196' title='bbox 2290 1461 2634 1537; x_wconf 71' lang='lat' dir='ltr'><strong>calgmniose</strong></span> <span class='ocrx_word' id='word_1_197' title='bbox 2672 1463 2998 1530; x_wconf 79' lang='lat' dir='ltr'><strong>perstrinxit</strong></span> <span class='ocrx_word' id='word_1_198' title='bbox 3035 1481 3049 1516; x_wconf 90' lang='lat'>:</span> <span class='ocrx_word' id='word_1_199' title='bbox 3085 1472 3249 1533; x_wconf 89' lang='lat' dir='ltr'><strong>atque</strong></span> <span class='ocrx_word' id='word_1_200' title='bbox 3282 1463 3332 1516; x_wconf 91' lang='lat' dir='ltr'><strong>in</strong></span> <span class='ocrx_word' id='word_1_201' title='bbox 3365 1479 3460 1516; x_wconf 88' lang='lat' dir='ltr'><strong>eos</strong></span> <span class='ocrx_word' id='word_1_202' title='bbox 3492 1462 3568 1517; x_wconf 87' lang='lat' dir='ltr'><strong>ita</strong></span> 
     </span>
    </p>
   </div>
   <div class='ocr_carea' id='block_1_30' title="bbox 1986 1550 3568 1621">
    <p class='ocr_par' dir='ltr' id='par_1_30' title="bbox 1986 1550 3568 1621">
     <span class='ocr_line' id='line_1_30' title="bbox 1986 1550 3568 1621; baseline 0.004 -18"><span class='ocrx_word' id='word_1_203' title='bbox 1986 1550 2240 1606; x_wconf 87' lang='lat' dir='ltr'><strong>invectus</strong></span> <span class='ocrx_word' id='word_1_204' title='bbox 2291 1561 2398 1613; x_wconf 89' lang='lat' dir='ltr'><strong>est.</strong></span> <span class='ocrx_word' id='word_1_205' title='bbox 2431 1561 2491 1606; x_wconf 91' lang='lat' dir='ltr'><strong>ut</strong></span> <span class='ocrx_word' id='word_1_206' title='bbox 2536 1568 2657 1621; x_wconf 78' lang='lat' dir='ltr'><strong>qua:</strong></span> <span class='ocrx_word' id='word_1_207' title='bbox 2709 1554 2799 1608; x_wconf 88' lang='lat' dir='ltr'><strong>ille</strong></span> <span class='ocrx_word' id='word_1_208' title='bbox 2847 1555 3076 1617; x_wconf 71' lang='lat' dir='ltr'><strong>dixerit,</strong></span> <span class='ocrx_word' id='word_1_209' title='bbox 3115 1570 3281 1608; x_wconf 89' lang='lat' dir='ltr'><strong>nemo</strong></span> <span class='ocrx_word' id='word_1_210' title='bbox 3332 1555 3568 1609; x_wconf 85' lang='lat' dir='ltr'><strong>historia</strong></span> 
     </span>
    </p>
   </div>
   <div class='ocr_carea' id='block_1_31' title="bbox 1983 1640 3565 1716">
    <p class='ocr_par' dir='ltr' id='par_1_31' title="bbox 1983 1640 3565 1716">
     <span class='ocr_line' id='line_1_31' title="bbox 1983 1640 3565 1716; baseline 0.002 -19"><span class='ocrx_word' id='word_1_211' title='bbox 1983 1640 2149 1713; x_wconf 80' lang='lat' dir='ltr'><strong>digna</strong></span> <span class='ocrx_word' id='word_1_212' title='bbox 2181 1643 2392 1713; x_wconf 80' lang='lat' dir='ltr'><strong>iudicet</strong></span> <span class='ocrx_word' id='word_1_213' title='bbox 2426 1662 2440 1699; x_wconf 93' lang='lat'><strong>:</strong></span> <span class='ocrx_word' id='word_1_214' title='bbox 2480 1662 2659 1715; x_wconf 78' lang='lat' dir='ltr'><strong>neque</strong></span> <span class='ocrx_word' id='word_1_215' title='bbox 2709 1645 2982 1716; x_wconf 89' lang='lat' dir='ltr'><strong>quispiam</strong></span> <span class='ocrx_word' id='word_1_216' title='bbox 3015 1646 3065 1700; x_wconf 93' lang='lat' dir='ltr'><strong>ei</strong></span> <span class='ocrx_word' id='word_1_217' title='bbox 3114 1658 3224 1702; x_wconf 87' lang='lat' dir='ltr'><strong>tam</strong></span> <span class='ocrx_word' id='word_1_218' title='bbox 3259 1648 3565 1702; x_wconf 59' lang='lat' dir='ltr'><strong>temerariae</strong></span> 
     </span>
    </p>
   </div>
   <div class='ocr_carea' id='block_1_32' title="bbox 1983 1738 3564 1808">
    <p class='ocr_par' dir='ltr' id='par_1_32' title="bbox 1983 1738 3564 1808">
     <span class='ocr_line' id='line_1_32' title="bbox 1983 1738 3564 1808; baseline -0.001 -14"><span class='ocrx_word' id='word_1_219' title='bbox 1983 1738 2251 1800; x_wconf 72' lang='lat' dir='ltr'><strong>audacim,</strong></span> <span class='ocrx_word' id='word_1_220' title='bbox 2305 1739 2398 1808; x_wconf 89' lang='lat' dir='ltr'><strong>qui</strong></span> <span class='ocrx_word' id='word_1_221' title='bbox 2462 1740 2707 1794; x_wconf 80' lang='lat' dir='ltr'><strong>scribere</strong></span> <span class='ocrx_word' id='word_1_222' title='bbox 2761 1741 2888 1794; x_wconf 85' lang='lat' dir='ltr'><strong>talia</strong></span> <span class='ocrx_word' id='word_1_223' title='bbox 2945 1741 3298 1803; x_wconf 87' lang='lat' dir='ltr'><strong>sustinuerit,</strong></span> <span class='ocrx_word' id='word_1_224' title='bbox 3344 1743 3564 1795; x_wconf 84' lang='lat' dir='ltr'><strong>veniam</strong></span> 
     </span>
    </p>
   </div>
   <div class='ocr_carea' id='block_1_33' title="bbox 1983 1830 3561 1904">
    <p class='ocr_par' dir='ltr' id='par_1_33' title="bbox 1983 1830 3561 1904">
     <span class='ocr_line' id='line_1_33' title="bbox 1983 1830 3561 1904; baseline 0.002 -19"><span class='ocrx_word' id='word_1_225' title='bbox 1983 1836 2265 1885; x_wconf 71' lang='lat' dir='ltr'><strong>concedat.</strong></span> <span class='ocrx_word' id='word_1_226' title='bbox 2306 1830 2461 1902; x_wconf 75' lang='lat'><strong>501</strong></span> <span class='ocrx_word' id='word_1_227' title='bbox 2518 1834 2579 1886; x_wconf 77' lang='lat' dir='ltr'><strong>Et</strong></span> <span class='ocrx_word' id='word_1_228' title='bbox 2616 1834 2743 1903; x_wconf 83' lang='lat' dir='ltr'><strong>quia</strong></span> <span class='ocrx_word' id='word_1_229' title='bbox 2781 1836 2902 1904; x_wconf 84' lang='lat' dir='ltr'><strong>ejus</strong></span> <span class='ocrx_word' id='word_1_230' title='bbox 2936 1835 3273 1890; x_wconf 87' lang='lat' dir='ltr'><strong>mentionem</strong></span> <span class='ocrx_word' id='word_1_231' title='bbox 3308 1836 3561 1901; x_wconf 78' lang='lat' dir='ltr'><strong>fecimus,</strong></span> 
     </span>
    </p>
   </div>
   <div class='ocr_carea' id='block_1_34' title="bbox 288 1915 1874 1999">
    <p class='ocr_par' dir='ltr' id='par_1_34' title="bbox 288 1915 1874 1996">
     <span class='ocr_line' id='line_1_34' title="bbox 288 1915 1874 1996; baseline 0.004 -26"><span class='ocrx_word' id='word_1_232' title='bbox 288 1919 565 1980; x_wconf 66' lang='grc' dir='ltr'>Φίλιππος</span> <span class='ocrx_word' id='word_1_233' title='bbox 612 1915 766 1980; x_wconf 77' lang='grc' dir='ltr'>οὗτος</span> <span class='ocrx_word' id='word_1_234' title='bbox 806 1920 870 1975; x_wconf 81' lang='grc' dir='ltr'><strong>ἐκ</strong></span> <span class='ocrx_word' id='word_1_235' title='bbox 915 1920 1077 1990; x_wconf 78' lang='grc' dir='ltr'>Σίδης</span> <span class='ocrx_word' id='word_1_236' title='bbox 1118 1920 1217 1990; x_wconf 82' lang='grc' dir='ltr'>μὲν</span> <span class='ocrx_word' id='word_1_237' title='bbox 1261 1922 1359 1991; x_wconf 76' lang='grc' dir='ltr'>τῆς</span> <span class='ocrx_word' id='word_1_238' title='bbox 1397 1922 1724 1992; x_wconf 78' lang='grc' dir='ltr'>Παμφυλίας</span> <span class='ocrx_word' id='word_1_239' title='bbox 1769 1925 1874 1996; x_wconf 83' lang='grc' dir='ltr'><strong>ὼρ-</strong></span> 
     </span>
    </p>
   </div>
   <div class='ocr_carea' id='block_1_35' title="bbox 1978 1915 3564 1999">
    <p class='ocr_par' dir='ltr' id='par_1_35' title="bbox 1981 1915 3564 1999">
     <span class='ocr_line' id='line_1_35' title="bbox 1981 1915 3564 1999; baseline 0.004 -22"><span class='ocrx_word' id='word_1_240' title='bbox 1981 1937 2199 1993; x_wconf 61' lang='grc' dir='ltr'>ααιιιιυιη</span> <span class='ocrx_word' id='word_1_241' title='bbox 2236 1934 2320 1978; x_wconf 88' lang='lat' dir='ltr'><strong>est</strong></span> <span class='ocrx_word' id='word_1_242' title='bbox 2372 1934 2429 1978; x_wconf 92' lang='lat' dir='ltr'><strong>ut</strong></span> <span class='ocrx_word' id='word_1_243' title='bbox 2476 1940 2648 1994; x_wconf 87' lang='lat' dir='ltr'><strong>pauca</strong></span> <span class='ocrx_word' id='word_1_244' title='bbox 2699 1929 2765 1980; x_wconf 77' lang='lat' dir='ltr'><strong>de</strong></span> <span class='ocrx_word' id='word_1_245' title='bbox 2830 1942 2896 1980; x_wconf 89' lang='lat' dir='ltr'><strong>eo</strong></span> <span class='ocrx_word' id='word_1_246' title='bbox 2953 1927 3224 1983; x_wconf 90' lang='lat' dir='ltr'><strong>dicamus.</strong></span> <span class='ocrx_word' id='word_1_247' title='bbox 3276 1915 3564 1999; x_wconf 66' lang='lat' dir='ltr'><strong>Pliilippus</strong></span> 
     </span>
    </p>
   </div>
   <div class='ocr_carea' id='block_1_36' title="bbox 294 2008 1878 2087">
    <p class='ocr_par' dir='ltr' id='par_1_36' title="bbox 294 2008 1878 2087">
     <span class='ocr_line' id='line_1_36' title="bbox 294 2008 1878 2087; baseline 0.003 -24"><span class='ocrx_word' id='word_1_248' title='bbox 294 2013 463 2082; x_wconf 83' lang='grc' dir='ltr'>μᾶτο,</span> <span class='ocrx_word' id='word_1_249' title='bbox 499 2011 626 2064; x_wconf 81' lang='grc' dir='ltr'>ὅθεν</span> <span class='ocrx_word' id='word_1_250' title='bbox 659 2011 756 2064; x_wconf 79' lang='grc' dir='ltr'>καὶ</span> <span class='ocrx_word' id='word_1_251' title='bbox 780 2012 808 2063; x_wconf 85' lang='grc' dir='ltr'><strong>ό</strong></span> <span class='ocrx_word' id='word_1_252' title='bbox 832 2011 1099 2082; x_wconf 71' lang='grc' dir='ltr'>σοφιστὴς</span> <span class='ocrx_word' id='word_1_253' title='bbox 1127 2014 1373 2083; x_wconf 76' lang='grc' dir='ltr'>Τρωϊλος</span> <span class='ocrx_word' id='word_1_254' title='bbox 1404 2008 1491 2087; x_wconf 81' lang='grc' dir='ltr'>ἦν,</span> <span class='ocrx_word' id='word_1_255' title='bbox 1525 2009 1590 2068; x_wconf 76' lang='grc' dir='ltr'>οὗ</span> <span class='ocrx_word' id='word_1_256' title='bbox 1624 2015 1718 2067; x_wconf 73' lang='lat' dir='ltr'><strong>acati.</strong></span> <span class='ocrx_word' id='word_1_257' title='bbox 1746 2032 1878 2083; x_wconf 85' lang='grc' dir='ltr'>συγ-</span> 
     </span>
    </p>
   </div>
   <div class='ocr_carea' id='block_1_37' title="bbox 287 2101 1879 2172">
    <p class='ocr_par' dir='ltr' id='par_1_37' title="bbox 287 2101 1879 2172">
     <span class='ocr_line' id='line_1_37' title="bbox 287 2101 1879 2172; baseline 0.004 -18"><span class='ocrx_word' id='word_1_258' title='bbox 287 2104 429 2172; x_wconf 84' lang='grc' dir='ltr'>γενῆ</span> <span class='ocrx_word' id='word_1_259' title='bbox 461 2103 659 2157; x_wconf 69' lang='grc' dir='ltr'>ἑαυτὸν</span> <span class='ocrx_word' id='word_1_260' title='bbox 692 2101 838 2155; x_wconf 76' lang='grc' dir='ltr'>εἶναι</span> <span class='ocrx_word' id='word_1_261' title='bbox 881 2103 1037 2169; x_wconf 73' lang='grc' dir='ltr'>ἔλεγε</span> <span class='ocrx_word' id='word_1_262' title='bbox 1060 2120 1073 2134; x_wconf 75' lang='grc'><strong><em>⁸</em></strong></span> <span class='ocrx_word' id='word_1_263' title='bbox 1108 2105 1366 2168; x_wconf 80' lang='grc' dir='ltr'>διάκονος</span> <span class='ocrx_word' id='word_1_264' title='bbox 1409 2105 1465 2158; x_wconf 82' lang='grc' dir='ltr'>δὲ</span> <span class='ocrx_word' id='word_1_265' title='bbox 1499 2103 1599 2172; x_wconf 83' lang='grc' dir='ltr'>ὢν,</span> <span class='ocrx_word' id='word_1_266' title='bbox 1631 2107 1879 2160; x_wconf 74' lang='grc' dir='ltr'>ταπολλὰ</span> 
     </span>
    </p>
   </div>
   <div class='ocr_carea' id='block_1_38' title="bbox 288 2197 1879 2283">
    <p class='ocr_par' dir='ltr' id='par_1_38' title="bbox 288 2197 1879 2283">
     <span class='ocr_line' id='line_1_38' title="bbox 288 2197 1879 2283; baseline 0.001 -33"><span class='ocrx_word' id='word_1_267' title='bbox 288 2197 372 2269; x_wconf 81' lang='grc' dir='ltr'>τῷ</span> <span class='ocrx_word' id='word_1_268' title='bbox 402 2200 629 2268; x_wconf 84' lang='grc' dir='ltr'>μεγάλῳ</span> <span class='ocrx_word' id='word_1_269' title='bbox 671 2197 894 2269; x_wconf 78' lang='grc' dir='ltr'>Ἰωάννῃ</span> <span class='ocrx_word' id='word_1_270' title='bbox 955 2199 1250 2283; x_wconf 45' lang='grc' dir='ltr'>συνῆνξτὴν</span> <span class='ocrx_word' id='word_1_271' title='bbox 1293 2200 1715 2254; x_wconf 79' lang='grc' dir='ltr'>Κωνσταντίνου</span> <span class='ocrx_word' id='word_1_272' title='bbox 1753 2204 1879 2253; x_wconf 81' lang='grc' dir='ltr'>ἐπι-</span> 
     </span>
    </p>
   </div>
   <div class='ocr_carea' id='block_1_39' title="bbox 292 2290 1879 2360">
    <p class='ocr_par' dir='ltr' id='par_1_39' title="bbox 292 2290 1879 2360">
     <span class='ocr_line' id='line_1_39' title="bbox 292 2290 1879 2360; baseline 0.002 -18"><span class='ocrx_word' id='word_1_273' title='bbox 292 2293 647 2360; x_wconf 74' lang='grc' dir='ltr'>τροπεύοντι.</span> <span class='ocrx_word' id='word_1_274' title='bbox 679 2291 813 2360; x_wconf 78' lang='grc' dir='ltr'>Περὶ</span> <span class='ocrx_word' id='word_1_275' title='bbox 843 2290 899 2343; x_wconf 81' lang='grc' dir='ltr'>δὲ</span> <span class='ocrx_word' id='word_1_276' title='bbox 946 2290 1145 2359; x_wconf 87' lang='grc' dir='ltr'>λόγους</span> <span class='ocrx_word' id='word_1_277' title='bbox 1177 2292 1377 2353; x_wconf 88' lang='grc' dir='ltr'>πονῶν,</span> <span class='ocrx_word' id='word_1_278' title='bbox 1418 2292 1591 2346; x_wconf 85' lang='grc' dir='ltr'>πολλὰ</span> <span class='ocrx_word' id='word_1_279' title='bbox 1613 2296 1711 2347; x_wconf 71' lang='grc' dir='ltr'><strong>καὶ</strong></span> <span class='ocrx_word' id='word_1_280' title='bbox 1742 2310 1879 2347; x_wconf 83' lang='grc' dir='ltr'>παν-</span> 
     </span>
    </p>
   </div>
   <div class='ocr_carea' id='block_1_40' title="bbox 291 2376 1878 2456">
    <p class='ocr_par' dir='ltr' id='par_1_40' title="bbox 291 2376 1878 2456">
     <span class='ocr_line' id='line_1_40' title="bbox 291 2376 1878 2456; baseline 0.001 -19"><span class='ocrx_word' id='word_1_281' title='bbox 291 2388 419 2437; x_wconf 85' lang='grc' dir='ltr'>τοῖα</span> <span class='ocrx_word' id='word_1_282' title='bbox 468 2385 654 2453; x_wconf 78' lang='grc' dir='ltr'>βιδλία</span> <span class='ocrx_word' id='word_1_283' title='bbox 709 2376 846 2453; x_wconf 80' lang='grc' dir='ltr'><strong>περῖ</strong></span> <span class='ocrx_word' id='word_1_284' title='bbox 894 2385 1061 2438; x_wconf 80' lang='grc' dir='ltr'>αὑτὸν</span> <span class='ocrx_word' id='word_1_285' title='bbox 1090 2384 1338 2456; x_wconf 73' lang='grc' dir='ltr'>ἥθροιζε.</span> <span class='ocrx_word' id='word_1_286' title='bbox 1368 2385 1475 2438; x_wconf 80' lang='grc' dir='ltr'>Τὸν</span> <span class='ocrx_word' id='word_1_287' title='bbox 1530 2386 1576 2438; x_wconf 74' lang='grc' dir='ltr'>δ’</span> <span class='ocrx_word' id='word_1_288' title='bbox 1625 2386 1878 2440; x_wconf 74' lang='grc' dir='ltr'>Ἀσιανὶν</span> 
     </span>
    </p>
   </div>
   <div class='ocr_carea' id='block_1_41' title="bbox 292 2476 1878 2549">
    <p class='ocr_par' dir='ltr' id='par_1_41' title="bbox 292 2476 1878 2549">
     <span class='ocr_line' id='line_1_41' title="bbox 292 2476 1878 2549; baseline -0.001 -17"><span class='ocrx_word' id='word_1_289' title='bbox 292 2478 632 2549; x_wconf 76' lang='grc' dir='ltr'>χαρακτῆρα</span> <span class='ocrx_word' id='word_1_290' title='bbox 657 2477 930 2547; x_wconf 78' lang='grc' dir='ltr'>ζηλώσας,</span> <span class='ocrx_word' id='word_1_291' title='bbox 966 2476 1140 2530; x_wconf 76' lang='grc' dir='ltr'>πολλὰ</span> <span class='ocrx_word' id='word_1_292' title='bbox 1174 2479 1507 2548; x_wconf 81' lang='grc' dir='ltr'>συνέγραφε.</span> <span class='ocrx_word' id='word_1_293' title='bbox 1534 2477 1615 2531; x_wconf 81' lang='grc' dir='ltr'><strong>Τὸ</strong></span> <span class='ocrx_word' id='word_1_294' title='bbox 1650 2480 1703 2532; x_wconf 74' lang='grc' dir='ltr'>δὲ</span> <span class='ocrx_word' id='word_1_295' title='bbox 1743 2480 1878 2533; x_wconf 86' lang='grc' dir='ltr'>Ἰου-</span> 
     </span>
    </p>
   </div>
   <div class='ocr_carea' id='block_1_42' title="bbox 291 2570 1877 2642">
    <p class='ocr_par' dir='ltr' id='par_1_42' title="bbox 291 2570 1877 2642">
     <span class='ocr_line' id='line_1_42' title="bbox 291 2570 1877 2642; baseline -0.003 -16"><span class='ocrx_word' id='word_1_296' title='bbox 291 2570 485 2626; x_wconf 80' lang='grc' dir='ltr'>λιανοῦ</span> <span class='ocrx_word' id='word_1_297' title='bbox 517 2575 662 2626; x_wconf 66' lang='grc' dir='ltr'>κατὰ</span> <span class='ocrx_word' id='word_1_298' title='bbox 704 2573 817 2625; x_wconf 80' lang='grc' dir='ltr'><strong>τῶν</strong></span> <span class='ocrx_word' id='word_1_299' title='bbox 853 2572 1018 2641; x_wconf 85' lang='grc' dir='ltr'>ἱερῶν</span> <span class='ocrx_word' id='word_1_300' title='bbox 1050 2571 1274 2642; x_wconf 75' lang='grc' dir='ltr'>βιϐλίων</span> <span class='ocrx_word' id='word_1_301' title='bbox 1317 2571 1714 2635; x_wconf 75' lang='grc' dir='ltr'>ἁνασκευάζων</span> <span class='ocrx_word' id='word_1_302' title='bbox 1739 2576 1877 2636; x_wconf 76' lang='grc' dir='ltr'>σύγ·-</span> 
     </span>
    </p>
   </div>
   <div class='ocr_carea' id='block_1_43' title="bbox 291 2662 1877 2735">
    <p class='ocr_par' dir='ltr' id='par_1_43' title="bbox 291 2662 1877 2735">
     <span class='ocr_line' id='line_1_43' title="bbox 291 2662 1877 2735; baseline -0.003 -18"><span class='ocrx_word' id='word_1_303' title='bbox 291 2681 555 2735; x_wconf 86' lang='grc' dir='ltr'>γραμμα,</span> <span class='ocrx_word' id='word_1_304' title='bbox 615 2664 870 2734; x_wconf 70' lang='grc' dir='ltr'>λαμπρὸν</span> <span class='ocrx_word' id='word_1_305' title='bbox 921 2663 1176 2728; x_wconf 78' lang='grc' dir='ltr'>ἐξεδίδου.</span> <span class='ocrx_word' id='word_1_306' title='bbox 1234 2664 1344 2717; x_wconf 76' lang='grc' dir='ltr'><strong>Καὶ</strong></span> <span class='ocrx_word' id='word_1_307' title='bbox 1381 2662 1510 2716; x_wconf 81' lang='grc' dir='ltr'>ἄλλο</span> <span class='ocrx_word' id='word_1_308' title='bbox 1546 2662 1603 2717; x_wconf 82' lang='grc' dir='ltr'>δὲ</span> <span class='ocrx_word' id='word_1_309' title='bbox 1645 2664 1877 2714; x_wconf 82' lang='grc' dir='ltr'>πυκτίον</span> 
     </span>
    </p>
   </div>
   <div class='ocr_carea' id='block_1_44' title="bbox 295 2736 1871 2827">
    <p class='ocr_par' dir='ltr' id='par_1_44' title="bbox 295 2736 1871 2827">
     <span class='ocr_line' id='line_1_44' title="bbox 295 2736 1871 2827; baseline -0.003 -16"><span class='ocrx_word' id='word_1_310' title='bbox 295 2756 669 2827; x_wconf 80' lang='grc' dir='ltr'>συντεταχὼς,</span> <span class='ocrx_word' id='word_1_311' title='bbox 723 2757 1161 2825; x_wconf 74' lang='grc' dir='ltr'>Χριστιανικὴν</span> <span class='ocrx_word' id='word_1_312' title='bbox 1217 2758 1497 2823; x_wconf 76' lang='grc' dir='ltr'><strong>ἱστορίαν</strong></span> <span class='ocrx_word' id='word_1_313' title='bbox 1545 2736 1871 2825; x_wconf 67' lang='grc' dir='ltr'>ὠνόμασεν*</span> 
     </span>
    </p>
   </div>
   <div class='ocr_carea' id='block_1_45' title="bbox 292 2842 1876 2920">
    <p class='ocr_par' dir='ltr' id='par_1_45' title="bbox 292 2842 1876 2920">
     <span class='ocr_line' id='line_1_45' title="bbox 292 2842 1876 2920; baseline -0.001 -19"><span class='ocrx_word' id='word_1_314' title='bbox 292 2851 363 2920; x_wconf 70' lang='grc' dir='ltr'>ἢν</span> <span class='ocrx_word' id='word_1_315' title='bbox 395 2851 475 2913; x_wconf 79' lang='grc' dir='ltr'><strong>εἰς</strong></span> <span class='ocrx_word' id='word_1_316' title='bbox 510 2849 569 2914; x_wconf 81' lang='grc' dir='ltr'><strong>ἒξ</strong></span> <span class='ocrx_word' id='word_1_317' title='bbox 616 2852 710 2902; x_wconf 76' lang='grc' dir='ltr'><strong>καὶ</strong></span> <span class='ocrx_word' id='word_1_318' title='bbox 743 2850 1041 2917; x_wconf 82' lang='grc' dir='ltr'>τριάκοντα</span> <span class='ocrx_word' id='word_1_319' title='bbox 1088 2848 1250 2901; x_wconf 84' lang='grc' dir='ltr'>διεῖλε</span> <span class='ocrx_word' id='word_1_320' title='bbox 1282 2847 1487 2919; x_wconf 83' lang='grc' dir='ltr'>βιϐλία,</span> <span class='ocrx_word' id='word_1_321' title='bbox 1536 2842 1610 2900; x_wconf 81' lang='grc' dir='ltr'><strong>ῶν</strong></span> <span class='ocrx_word' id='word_1_322' title='bbox 1642 2849 1876 2900; x_wconf 64' lang='grc' dir='ltr'>ἕκαστον</span> 
     </span>
    </p>
   </div>
   <div class='ocr_carea' id='block_1_46' title="bbox 292 2939 1875 3013">
    <p class='ocr_par' dir='ltr' id='par_1_46' title="bbox 292 2939 1875 3013">
     <span class='ocr_line' id='line_1_46' title="bbox 292 2939 1875 3013; baseline -0.002 -19"><span class='ocrx_word' id='word_1_323' title='bbox 292 2946 499 3011; x_wconf 82' lang='grc' dir='ltr'>τόμους</span> <span class='ocrx_word' id='word_1_324' title='bbox 534 2944 782 3013; x_wconf 80' lang='grc' dir='ltr'>περιεῖχε</span> <span class='ocrx_word' id='word_1_325' title='bbox 823 2940 1055 3003; x_wconf 80' lang='grc' dir='ltr'>πολλοὺς</span> <span class='ocrx_word' id='word_1_326' title='bbox 1077 2956 1093 2971; x_wconf 74' lang='grc' dir='ltr'><strong>ο</strong></span> <span class='ocrx_word' id='word_1_327' title='bbox 1128 2941 1205 3004; x_wconf 86' lang='grc' dir='ltr'>ὡς</span> <span class='ocrx_word' id='word_1_328' title='bbox 1253 2939 1397 2996; x_wconf 66' lang='grc' dir='ltr'>εἶναι</span> <span class='ocrx_word' id='word_1_329' title='bbox 1429 2943 1640 3002; x_wconf 80' lang='grc' dir='ltr'>πάντας</span> <span class='ocrx_word' id='word_1_330' title='bbox 1671 2939 1875 3010; x_wconf 76' lang='grc' dir='ltr'>χιλίους</span> 
     </span>
    </p>
   </div>
   <div class='ocr_carea' id='block_1_47' title="bbox 294 3032 1873 3105">
    <p class='ocr_par' dir='ltr' id='par_1_47' title="bbox 294 3032 1873 3105">
     <span class='ocr_line' id='line_1_47' title="bbox 294 3032 1873 3105; baseline 0.001 -18"><span class='ocrx_word' id='word_1_331' title='bbox 294 3035 508 3105; x_wconf 80' lang='grc' dir='ltr'>σχεδόν.</span> <span class='ocrx_word' id='word_1_332' title='bbox 534 3036 627 3105; x_wconf 78' lang='grc' dir='ltr'>Τῷ</span> <span class='ocrx_word' id='word_1_333' title='bbox 657 3036 713 3087; x_wconf 78' lang='grc' dir='ltr'>δὲ</span> <span class='ocrx_word' id='word_1_334' title='bbox 743 3036 896 3105; x_wconf 83' lang='grc' dir='ltr'>τόμῳ</span> <span class='ocrx_word' id='word_1_335' title='bbox 925 3033 1100 3097; x_wconf 77' lang='grc' dir='ltr'>ἰσάζει</span> <span class='ocrx_word' id='word_1_336' title='bbox 1126 3034 1361 3087; x_wconf 78' lang='grc' dir='ltr'>ἑκάστου</span> <span class='ocrx_word' id='word_1_337' title='bbox 1389 3032 1558 3102; x_wconf 90' lang='grc' dir='ltr'>τόμου</span> <span class='ocrx_word' id='word_1_338' title='bbox 1592 3033 1873 3100; x_wconf 81' lang='grc' dir='ltr'>ὑπόθεσις.</span> 
     </span>
    </p>
   </div>
   <div class='ocr_carea' id='block_1_48' title="bbox 292 3124 1870 3197">
    <p class='ocr_par' dir='ltr' id='par_1_48' title="bbox 292 3124 1870 3197">
     <span class='ocr_line' id='line_1_48' title="bbox 292 3124 1870 3197; baseline -0.003 -16"><span class='ocrx_word' id='word_1_339' title='bbox 292 3127 509 3190; x_wconf 74' lang='grc' dir='ltr'>Πολλὰς</span> <span class='ocrx_word' id='word_1_340' title='bbox 540 3128 596 3180; x_wconf 81' lang='grc' dir='ltr'>δὲ</span> <span class='ocrx_word' id='word_1_341' title='bbox 628 3126 738 3179; x_wconf 82' lang='grc' dir='ltr'><strong>τῶν</strong></span> <span class='ocrx_word' id='word_1_342' title='bbox 785 3126 930 3179; x_wconf 82' lang='grc' dir='ltr'>ὑλῶν</span> <span class='ocrx_word' id='word_1_343' title='bbox 968 3124 1044 3196; x_wconf 78' lang='grc' dir='ltr'>τῷ</span> <span class='ocrx_word' id='word_1_344' title='bbox 1081 3125 1483 3197; x_wconf 85' lang='grc' dir='ltr'>συγγράμματι</span> <span class='ocrx_word' id='word_1_345' title='bbox 1528 3124 1870 3193; x_wconf 77' lang='grc' dir='ltr'>ἐπεισφέρει,</span> 
     </span>
    </p>
   </div>
   <div class='ocr_carea' id='block_1_49' title="bbox 289 3214 1875 3290">
    <p class='ocr_par' dir='ltr' id='par_1_49' title="bbox 289 3214 1875 3290">
     <span class='ocr_line' id='line_1_49' title="bbox 289 3214 1875 3290; baseline -0.001 -16"><span class='ocrx_word' id='word_1_346' title='bbox 289 3222 361 3274; x_wconf 77' lang='grc' dir='ltr'>δι’</span> <span class='ocrx_word' id='word_1_347' title='bbox 385 3214 463 3273; x_wconf 82' lang='grc' dir='ltr'>ὧν</span> <span class='ocrx_word' id='word_1_348' title='bbox 501 3219 774 3274; x_wconf 75' lang='grc' dir='ltr'>δεικνύειν</span> <span class='ocrx_word' id='word_1_349' title='bbox 804 3218 1059 3290; x_wconf 85' lang='grc' dir='ltr'>βούλεται</span> <span class='ocrx_word' id='word_1_350' title='bbox 1094 3220 1358 3289; x_wconf 74' lang='grc' dir='ltr'>ἔμπειρον</span> <span class='ocrx_word' id='word_1_351' title='bbox 1403 3219 1595 3273; x_wconf 76' lang='grc' dir='ltr'>ἑαυτὸν</span> <span class='ocrx_word' id='word_1_352' title='bbox 1618 3220 1728 3273; x_wconf 86' lang='grc' dir='ltr'><strong>τῶν</strong></span> <span class='ocrx_word' id='word_1_353' title='bbox 1755 3219 1875 3273; x_wconf 85' lang='grc' dir='ltr'><strong>Ἑλ-</strong></span> 
     </span>
    </p>
   </div>
   <div class='ocr_carea' id='block_1_50' title="bbox 290 3309 1867 3383">
    <p class='ocr_par' dir='ltr' id='par_1_50' title="bbox 290 3309 1867 3383">
     <span class='ocr_line' id='line_1_50' title="bbox 290 3309 1867 3383; baseline -0.004 -16"><span class='ocrx_word' id='word_1_354' title='bbox 290 3314 536 3383; x_wconf 84' lang='grc' dir='ltr'>ληνικῶν</span> <span class='ocrx_word' id='word_1_355' title='bbox 592 3312 977 3382; x_wconf 81' lang='grc' dir='ltr'>μαθημάτων·</span> <span class='ocrx_word' id='word_1_356' title='bbox 1031 3309 1255 3372; x_wconf 78' lang='grc' dir='ltr'>πυκνῶς</span> <span class='ocrx_word' id='word_1_357' title='bbox 1301 3311 1412 3380; x_wconf 82' lang='grc' dir='ltr'>γὰρ</span> <span class='ocrx_word' id='word_1_358' title='bbox 1444 3310 1867 3382; x_wconf 79' lang='grc' dir='ltr'>γεωμετρικῶν,</span> 
     </span>
    </p>
   </div>
   <div class='ocr_carea' id='block_1_51' title="bbox 294 3400 1871 3471">
    <p class='ocr_par' dir='ltr' id='par_1_51' title="bbox 294 3400 1871 3471">
     <span class='ocr_line' id='line_1_51' title="bbox 294 3400 1871 3471; baseline -0.001 -16"><span class='ocrx_word' id='word_1_359' title='bbox 294 3402 580 3466; x_wconf 77' lang='grc' dir='ltr'>μουσικῶν</span> <span class='ocrx_word' id='word_1_360' title='bbox 619 3416 681 3452; x_wconf 81' lang='grc' dir='ltr'><strong>τι</strong></span> <span class='ocrx_word' id='word_1_361' title='bbox 734 3404 830 3453; x_wconf 80' lang='grc' dir='ltr'>καὶ</span> <span class='ocrx_word' id='word_1_362' title='bbox 897 3400 1320 3469; x_wconf 84' lang='grc' dir='ltr'>άστρονομικῶν</span> <span class='ocrx_word' id='word_1_363' title='bbox 1377 3400 1759 3471; x_wconf 82' lang='grc' dir='ltr'>θεωρημάτων</span> <span class='ocrx_word' id='word_1_364' title='bbox 1812 3402 1871 3453; x_wconf 77' lang='grc' dir='ltr'><strong>ἐν</strong></span> 
     </span>
    </p>
   </div>
   <div class='ocr_carea' id='block_1_52' title="bbox 292 3492 1871 3566">
    <p class='ocr_par' dir='ltr' id='par_1_52' title="bbox 292 3492 1871 3566">
     <span class='ocr_line' id='line_1_52' title="bbox 292 3492 1871 3566; baseline 0 -19"><span class='ocrx_word' id='word_1_365' title='bbox 292 3497 454 3566; x_wconf 75' lang='grc' dir='ltr'>μνείᾳ</span> <span class='ocrx_word' id='word_1_366' title='bbox 479 3493 695 3561; x_wconf 81' lang='grc' dir='ltr'>γίνεται</span> <span class='ocrx_word' id='word_1_367' title='bbox 720 3508 734 3522; x_wconf 88' lang='grc'><strong>·</strong></span> <span class='ocrx_word' id='word_1_368' title='bbox 761 3494 946 3563; x_wconf 87' lang='grc' dir='ltr'>νήσων</span> <span class='ocrx_word' id='word_1_369' title='bbox 968 3508 1028 3544; x_wconf 87' lang='grc' dir='ltr'><strong>τε</strong></span> <span class='ocrx_word' id='word_1_370' title='bbox 1055 3492 1235 3556; x_wconf 68' lang='grc' dir='ltr'>θέσεις</span> <span class='ocrx_word' id='word_1_371' title='bbox 1268 3492 1559 3564; x_wconf 69' lang='grc' dir='ltr'>ἐκφράζει,</span> <span class='ocrx_word' id='word_1_372' title='bbox 1589 3495 1871 3564; x_wconf 80' lang='grc' dir='ltr'>καὶὸρέων</span> 
     </span>
    </p>
   </div>
   <div class='ocr_carea' id='block_1_53' title="bbox 287 3576 1878 3657">
    <p class='ocr_par' dir='ltr' id='par_1_53' title="bbox 287 3576 1878 3657">
     <span class='ocr_line' id='line_1_53' title="bbox 287 3576 1878 3657; baseline -0.001 -16"><span class='ocrx_word' id='word_1_373' title='bbox 287 3592 384 3642; x_wconf 70' lang='grc' dir='ltr'><strong>καὶ</strong></span> <span class='ocrx_word' id='word_1_374' title='bbox 416 3588 675 3656; x_wconf 75' lang='grc' dir='ltr'>δένδρων,</span> <span class='ocrx_word' id='word_1_375' title='bbox 716 3585 816 3639; x_wconf 73' lang='grc' dir='ltr'>καὶ</span> <span class='ocrx_word' id='word_1_376' title='bbox 848 3584 1053 3649; x_wconf 75' lang='grc' dir='ltr'>ἄλλων,</span> <span class='ocrx_word' id='word_1_377' title='bbox 1089 3585 1164 3653; x_wconf 80' lang='grc' dir='ltr'>μὴ</span> <span class='ocrx_word' id='word_1_378' title='bbox 1198 3586 1596 3655; x_wconf 79' lang='grc' dir='ltr'>προσηκόντων</span> <span class='ocrx_word' id='word_1_379' title='bbox 1621 3586 1699 3657; x_wconf 79' lang='grc' dir='ltr'>τῷ</span> <span class='ocrx_word' id='word_1_380' title='bbox 1729 3576 1878 3657; x_wconf 56' lang='grc' dir='ltr'>προίξ</span> 
     </span>
    </p>
   </div>
   <div class='ocr_carea' id='block_1_54' title="bbox 288 3675 1871 3750">
    <p class='ocr_par' dir='ltr' id='par_1_54' title="bbox 288 3675 1871 3750">
     <span class='ocr_line' id='line_1_54' title="bbox 288 3675 1871 3750; baseline -0.004 -14"><span class='ocrx_word' id='word_1_381' title='bbox 288 3680 535 3750; x_wconf 76' lang='grc' dir='ltr'>κειμένῳ</span> <span class='ocrx_word' id='word_1_382' title='bbox 559 3677 672 3732; x_wconf 77' lang='grc' dir='ltr'>σὀὖ</span> <span class='ocrx_word' id='word_1_383' title='bbox 704 3681 865 3748; x_wconf 78' lang='grc' dir='ltr'>χάριν</span> <span class='ocrx_word' id='word_1_384' title='bbox 889 3676 1116 3739; x_wconf 73' lang='grc' dir='ltr'>ἔκλυτος</span> <span class='ocrx_word' id='word_1_385' title='bbox 1148 3675 1300 3747; x_wconf 83' lang='grc' dir='ltr'><strong>αὐτῷ</strong></span> <span class='ocrx_word' id='word_1_386' title='bbox 1333 3677 1426 3729; x_wconf 60' lang='grc' dir='ltr'><strong>καὶ⁵</strong></span> <span class='ocrx_word' id='word_1_387' title='bbox 1469 3676 1648 3747; x_wconf 85' lang='grc' dir='ltr'>χαύνη</span> <span class='ocrx_word' id='word_1_388' title='bbox 1680 3679 1871 3749; x_wconf 79' lang='grc' dir='ltr'>πρόει-</span> 
     </span>
    </p>
   </div>
   <div class='ocr_carea' id='block_1_55' title="bbox 289 3769 1870 3844">
    <p class='ocr_par' dir='ltr' id='par_1_55' title="bbox 289 3769 1870 3844">
     <span class='ocr_line' id='line_1_55' title="bbox 289 3769 1870 3844; baseline -0.002 -16"><span class='ocrx_word' id='word_1_389' title='bbox 289 3792 380 3829; x_wconf 85' lang='grc' dir='ltr'><strong>σιν</strong></span> <span class='ocrx_word' id='word_1_390' title='bbox 425 3776 461 3844; x_wconf 80' lang='grc' dir='ltr'>ἡ</span> <span class='ocrx_word' id='word_1_391' title='bbox 494 3771 878 3843; x_wconf 74' lang='grc' dir='ltr'>πραγματεία.</span> <span class='ocrx_word' id='word_1_392' title='bbox 921 3772 1013 3823; x_wconf 70' lang='grc' dir='ltr'><strong>Διὸ</strong></span> <span class='ocrx_word' id='word_1_393' title='bbox 1049 3771 1144 3824; x_wconf 73' lang='grc' dir='ltr'>καὶ</span> <span class='ocrx_word' id='word_1_394' title='bbox 1193 3769 1431 3832; x_wconf 69' lang='grc' dir='ltr'>ἰδιώταις</span> <span class='ocrx_word' id='word_1_395' title='bbox 1468 3770 1568 3822; x_wconf 71' lang='grc' dir='ltr'>καὶ</span> <span class='ocrx_word' id='word_1_396' title='bbox 1616 3771 1870 3834; x_wconf 79' lang='grc' dir='ltr'>παιδείας</span> 
     </span>
    </p>
   </div>
   <div class='ocr_carea' id='block_1_56' title="bbox 291 3863 1870 3938">
    <p class='ocr_par' dir='ltr' id='par_1_56' title="bbox 291 3863 1870 3938">
     <span class='ocr_line' id='line_1_56' title="bbox 291 3863 1870 3938; baseline -0.001 -18"><span class='ocrx_word' id='word_1_397' title='bbox 291 3865 694 3938; x_wconf 67' lang='grc' dir='ltr'>μετεσχηκότιν</span> <span class='ocrx_word' id='word_1_398' title='bbox 716 3866 937 3934; x_wconf 73' lang='grc' dir='ltr'>ἀχρεῖον</span> <span class='ocrx_word' id='word_1_399' title='bbox 955 3863 1193 3917; x_wconf 76' lang='grc' dir='ltr'>καθίστα</span> <span class='ocrx_word' id='word_1_400' title='bbox 1209 3864 1271 3916; x_wconf 82' lang='grc' dir='ltr'>τὸ</span> <span class='ocrx_word' id='word_1_401' title='bbox 1293 3864 1658 3935; x_wconf 77' lang='grc' dir='ltr'>σύγγραμμα.</span> <span class='ocrx_word' id='word_1_402' title='bbox 1684 3865 1747 3918; x_wconf 82' lang='lat' dir='ltr'><strong>0i</strong></span> <span class='ocrx_word' id='word_1_403' title='bbox 1768 3864 1870 3934; x_wconf 79' lang='grc' dir='ltr'>μὲν</span> 
     </span>
    </p>
   </div>
   <div class='ocr_carea' id='block_1_57' title="bbox 288 3957 1865 4031">
    <p class='ocr_par' dir='ltr' id='par_1_57' title="bbox 288 3957 1865 4031">
     <span class='ocr_line' id='line_1_57' title="bbox 288 3957 1865 4031; baseline -0.001 -18"><span class='ocrx_word' id='word_1_404' title='bbox 288 3962 400 4031; x_wconf 84' lang='grc' dir='ltr'>γὰρ</span> <span class='ocrx_word' id='word_1_405' title='bbox 439 3960 652 4012; x_wconf 66' lang='grc' dir='ltr'>ἰδιῶται</span> <span class='ocrx_word' id='word_1_406' title='bbox 696 3959 760 4010; x_wconf 85' lang='grc' dir='ltr'>τὸ</span> <span class='ocrx_word' id='word_1_407' title='bbox 790 3957 1005 4028; x_wconf 73' lang='grc' dir='ltr'>κομψὸν</span> <span class='ocrx_word' id='word_1_408' title='bbox 1029 3957 1091 4009; x_wconf 88' lang='grc' dir='ltr'>οὐ</span> <span class='ocrx_word' id='word_1_409' title='bbox 1142 3957 1413 4028; x_wconf 84' lang='grc' dir='ltr'>συνορῶσι</span> <span class='ocrx_word' id='word_1_410' title='bbox 1444 3959 1543 4028; x_wconf 79' lang='grc' dir='ltr'>τῆς</span> <span class='ocrx_word' id='word_1_411' title='bbox 1572 3959 1826 4028; x_wconf 83' lang='grc' dir='ltr'>φράσεως</span> <span class='ocrx_word' id='word_1_412' title='bbox 1851 3974 1865 3989; x_wconf 76' lang='grc'><strong>⁸</strong></span> 
     </span>
    </p>
   </div>
   <div class='ocr_carea' id='block_1_58' title="bbox 239 4045 1870 4121">
    <p class='ocr_par' dir='ltr' id='par_1_58' title="bbox 239 4045 1870 4121">
     <span class='ocr_line' id='line_1_58' title="bbox 239 4045 1870 4121; baseline -0.001 -14"><span class='ocrx_word' id='word_1_413' title='bbox 239 4045 249 4057; x_wconf 66' lang='grc'><em>“</em></span> <span class='ocrx_word' id='word_1_414' title='bbox 285 4056 339 4108; x_wconf 74' lang='grc' dir='ltr'>οἱ</span> <span class='ocrx_word' id='word_1_415' title='bbox 378 4054 437 4107; x_wconf 75' lang='grc' dir='ltr'>δὲ</span> <span class='ocrx_word' id='word_1_416' title='bbox 483 4053 736 4114; x_wconf 76' lang='grc' dir='ltr'>παιδείας</span> <span class='ocrx_word' id='word_1_417' title='bbox 815 4052 1219 4121; x_wconf 67' lang='grc' dir='ltr'>μετεσχηκότες</span> <span class='ocrx_word' id='word_1_418' title='bbox 1280 4053 1342 4105; x_wconf 80' lang='grc' dir='ltr'><strong>τὸ</strong></span> <span class='ocrx_word' id='word_1_419' title='bbox 1385 4053 1738 4121; x_wconf 81' lang='grc' dir='ltr'>ταυτολογεϊν</span> <span class='ocrx_word' id='word_1_420' title='bbox 1773 4052 1870 4106; x_wconf 73' lang='grc' dir='ltr'>καὶ</span> 
     </span>
    </p>
   </div>
   <div class='ocr_carea' id='block_1_59' title="bbox 289 4143 1871 4216">
    <p class='ocr_par' dir='ltr' id='par_1_59' title="bbox 289 4143 1871 4216">
     <span class='ocr_line' id='line_1_59' title="bbox 289 4143 1871 4216; baseline -0.003 -14"><span class='ocrx_word' id='word_1_421' title='bbox 289 4151 502 4216; x_wconf 84' lang='grc' dir='ltr'>ἄκαιρα</span> <span class='ocrx_word' id='word_1_422' title='bbox 537 4146 883 4215; x_wconf 79' lang='grc' dir='ltr'>συγγράφειν</span> <span class='ocrx_word' id='word_1_423' title='bbox 902 4147 972 4215; x_wconf 29' lang='grc' dir='ltr'><strong>ὶέν</strong></span> <span class='ocrx_word' id='word_1_424' title='bbox 997 4145 1207 4214; x_wconf 76' lang='grc' dir='ltr'>μέμψει</span> <span class='ocrx_word' id='word_1_425' title='bbox 1231 4143 1498 4196; x_wconf 79' lang='grc' dir='ltr'>τίθενται.</span> <span class='ocrx_word' id='word_1_426' title='bbox 1545 4144 1710 4197; x_wconf 82' lang='grc' dir='ltr'>Ἀλλὰ</span> <span class='ocrx_word' id='word_1_427' title='bbox 1737 4146 1871 4216; x_wconf 77' lang='grc' dir='ltr'>περὶ</span> 
     </span>
    </p>
   </div>
   <div class='ocr_carea' id='block_1_60' title="bbox 293 4238 1866 4311">
    <p class='ocr_par' dir='ltr' id='par_1_60' title="bbox 293 4238 1866 4311">
     <span class='ocr_line' id='line_1_60' title="bbox 293 4238 1866 4311; baseline -0.001 -17"><span class='ocrx_word' id='word_1_428' title='bbox 293 4244 394 4311; x_wconf 78' lang='grc' dir='ltr'><strong>μὲν</strong></span> <span class='ocrx_word' id='word_1_429' title='bbox 428 4241 656 4293; x_wconf 76' lang='grc' dir='ltr'>ἐκείνων</span> <span class='ocrx_word' id='word_1_430' title='bbox 707 4240 785 4302; x_wconf 84' lang='grc' dir='ltr'><strong>ὡς</strong></span> <span class='ocrx_word' id='word_1_431' title='bbox 838 4238 1058 4308; x_wconf 78' lang='grc' dir='ltr'>ἑκάστῳ</span> <span class='ocrx_word' id='word_1_432' title='bbox 1108 4238 1371 4309; x_wconf 78' lang='grc' dir='ltr'>βούλησις</span> <span class='ocrx_word' id='word_1_433' title='bbox 1420 4238 1601 4304; x_wconf 77' lang='grc' dir='ltr'>ἔσται,</span> <span class='ocrx_word' id='word_1_434' title='bbox 1648 4242 1866 4310; x_wconf 84' lang='grc' dir='ltr'>κρινεῖ·</span> 
     </span>
    </p>
   </div>
   <div class='ocr_carea' id='block_1_61' title="bbox 289 4331 1867 4404">
    <p class='ocr_par' dir='ltr' id='par_1_61' title="bbox 289 4331 1867 4404">
     <span class='ocr_line' id='line_1_61' title="bbox 289 4331 1867 4404; baseline -0.022 -16"><span class='ocrx_word' id='word_1_435' title='bbox 289 4336 513 4404; x_wconf 80' lang='grc' dir='ltr'>σνγχὲει</span> <span class='ocrx_word' id='word_1_436' title='bbox 565 4333 623 4385; x_wconf 77' lang='grc' dir='ltr'>δὲ</span> <span class='ocrx_word' id='word_1_437' title='bbox 681 4333 810 4394; x_wconf 73' lang='grc' dir='ltr'>τοὺς</span> <span class='ocrx_word' id='word_1_438' title='bbox 862 4332 1088 4403; x_wconf 85' lang='grc' dir='ltr'>χρόνους</span> <span class='ocrx_word' id='word_1_439' title='bbox 1140 4331 1240 4402; x_wconf 82' lang='grc' dir='ltr'><strong>τῆς</strong></span> <span class='ocrx_word' id='word_1_440' title='bbox 1284 4331 1572 4401; x_wconf 57' lang='grc' dir='ltr'>ἱστορίας.</span> <span class='ocrx_word' id='word_1_441' title='bbox 1607 4332 1705 4403; x_wconf 69' lang='grc' dir='ltr'><strong>τῆς</strong></span> <span class='ocrx_word' id='word_1_442' title='bbox 1758 4331 1867 4403; x_wconf 66' lang='grc' dir='ltr'><strong>γὰρ</strong></span> 
     </span>
    </p>
   </div>
   <div class='ocr_carea' id='block_1_62' title="bbox 286 4422 1870 4493">
    <p class='ocr_par' dir='ltr' id='par_1_62' title="bbox 286 4422 1870 4493">
     <span class='ocr_line' id='line_1_62' title="bbox 286 4422 1870 4493; baseline -0.003 -14"><span class='ocrx_word' id='word_1_443' title='bbox 286 4426 573 4479; x_wconf 76' lang='grc' dir='ltr'>Θεοδοσίου</span> <span class='ocrx_word' id='word_1_444' title='bbox 613 4423 895 4492; x_wconf 76' lang='grc' dir='ltr'>βασιλείας</span> <span class='ocrx_word' id='word_1_445' title='bbox 950 4425 1029 4484; x_wconf 75' lang='grc' dir='ltr'><strong>εἰς</strong></span> <span class='ocrx_word' id='word_1_446' title='bbox 1070 4423 1296 4493; x_wconf 85' lang='grc' dir='ltr'>μνήμην</span> <span class='ocrx_word' id='word_1_447' title='bbox 1331 4423 1652 4493; x_wconf 86' lang='grc' dir='ltr'>γενόμενος,</span> <span class='ocrx_word' id='word_1_448' title='bbox 1711 4422 1870 4487; x_wconf 78' lang='grc' dir='ltr'>αὖθις</span> 
     </span>
    </p>
   </div>
   <div class='ocr_carea' id='block_1_63' title="bbox 286 4511 1872 4583">
    <p class='ocr_par' dir='ltr' id='par_1_63' title="bbox 286 4511 1872 4583">
     <span class='ocr_line' id='line_1_63' title="bbox 286 4511 1872 4583; baseline -0.003 -15"><span class='ocrx_word' id='word_1_449' title='bbox 286 4518 359 4571; x_wconf 77' lang='grc' dir='ltr'>τὰ</span> <span class='ocrx_word' id='word_1_450' title='bbox 386 4518 533 4569; x_wconf 74' lang='grc' dir='ltr'>κατὰ</span> <span class='ocrx_word' id='word_1_451' title='bbox 555 4514 643 4566; x_wconf 79' lang='grc' dir='ltr'><strong>τὸν</strong></span> <span class='ocrx_word' id='word_1_452' title='bbox 673 4512 842 4565; x_wconf 73' lang='grc' dir='ltr'>πολὺν</span> <span class='ocrx_word' id='word_1_453' title='bbox 863 4511 1184 4566; x_wconf 78' lang='grc' dir='ltr'>Ἀθανάσιον</span> <span class='ocrx_word' id='word_1_454' title='bbox 1217 4513 1399 4565; x_wconf 72' lang='grc' dir='ltr'>ὀπίσω</span> <span class='ocrx_word' id='word_1_455' title='bbox 1426 4512 1726 4582; x_wconf 88' lang='grc' dir='ltr'>γενόμενος</span> <span class='ocrx_word' id='word_1_456' title='bbox 1757 4512 1872 4583; x_wconf 89' lang='grc' dir='ltr'>διη-</span> 
     </span>
    </p>
   </div>
   <div class='ocr_carea' id='block_1_64' title="bbox 1982 2013 3563 2088">
    <p class='ocr_par' dir='ltr' id='par_1_64' title="bbox 1982 2013 3563 2088">
     <span class='ocr_line' id='line_1_64' title="bbox 1982 2013 3563 2088; baseline 0.004 -21"><span class='ocrx_word' id='word_1_457' title='bbox 1982 2014 2087 2067; x_wconf 88' lang='lat' dir='ltr'><strong>iste</strong></span> <span class='ocrx_word' id='word_1_458' title='bbox 2116 2013 2260 2070; x_wconf 69' lang='lat' dir='ltr'><strong>Sida:</strong></span> <span class='ocrx_word' id='word_1_459' title='bbox 2292 2016 2347 2067; x_wconf 86' lang='lat' dir='ltr'><strong>in</strong></span> <span class='ocrx_word' id='word_1_460' title='bbox 2391 2016 2712 2088; x_wconf 80' lang='lat' dir='ltr'><strong>Pamphylia</strong></span> <span class='ocrx_word' id='word_1_461' title='bbox 2745 2028 2905 2072; x_wconf 86' lang='lat' dir='ltr'><strong>ortus</strong></span> <span class='ocrx_word' id='word_1_462' title='bbox 2939 2029 3047 2083; x_wconf 89' lang='lat' dir='ltr'><strong>est,</strong></span> <span class='ocrx_word' id='word_1_463' title='bbox 3082 2021 3228 2076; x_wconf 90' lang='lat' dir='ltr'><strong>unde</strong></span> <span class='ocrx_word' id='word_1_464' title='bbox 3275 2021 3440 2077; x_wconf 90' lang='lat' dir='ltr'><strong>etiam</strong></span> <span class='ocrx_word' id='word_1_465' title='bbox 3470 2037 3563 2074; x_wconf 80' lang='lat' dir='ltr'><strong>so-</strong></span> 
     </span>
    </p>
   </div>
   <div class='ocr_carea' id='block_1_65' title="bbox 1982 2107 3560 2185">
    <p class='ocr_par' dir='ltr' id='par_1_65' title="bbox 1982 2107 3560 2185">
     <span class='ocr_line' id='line_1_65' title="bbox 1982 2107 3560 2185; baseline 0.004 -25"><span class='ocrx_word' id='word_1_466' title='bbox 1982 2107 2162 2175; x_wconf 84' lang='lat' dir='ltr'><strong>phista</strong></span> <span class='ocrx_word' id='word_1_467' title='bbox 2192 2107 2416 2163; x_wconf 86' lang='lat' dir='ltr'><strong>Troilus</strong></span> <span class='ocrx_word' id='word_1_468' title='bbox 2452 2126 2628 2178; x_wconf 76' lang='lat' dir='ltr'><strong>genus</strong></span> <span class='ocrx_word' id='word_1_469' title='bbox 2672 2110 2851 2175; x_wconf 68' lang='lat' dir='ltr'><strong>duxit,</strong></span> <span class='ocrx_word' id='word_1_470' title='bbox 2904 2113 3135 2185; x_wconf 87' lang='lat' dir='ltr'><strong>ejusque</strong></span> <span class='ocrx_word' id='word_1_471' title='bbox 3168 2113 3310 2168; x_wconf 89' lang='lat' dir='ltr'><strong>adeo</strong></span> <span class='ocrx_word' id='word_1_472' title='bbox 3350 2130 3560 2183; x_wconf 79' lang='lat' dir='ltr'><strong>cogna-</strong></span> 
     </span>
    </p>
   </div>
   <div class='ocr_carea' id='block_1_66' title="bbox 1982 2201 3560 2270">
    <p class='ocr_par' dir='ltr' id='par_1_66' title="bbox 1982 2201 3560 2270">
     <span class='ocr_line' id='line_1_66' title="bbox 1982 2201 3560 2270; baseline 0.006 -19"><span class='ocrx_word' id='word_1_473' title='bbox 1982 2209 2097 2251; x_wconf 87' lang='lat' dir='ltr'><strong>tum</strong></span> <span class='ocrx_word' id='word_1_474' title='bbox 2127 2215 2186 2254; x_wconf 88' lang='lat' dir='ltr'><strong>se</strong></span> <span class='ocrx_word' id='word_1_475' title='bbox 2218 2201 2508 2270; x_wconf 84' lang='lat' dir='ltr'><strong>Philippus</strong></span> <span class='ocrx_word' id='word_1_476' title='bbox 2548 2218 2669 2257; x_wconf 85' lang='lat' dir='ltr'><strong>esse</strong></span> <span class='ocrx_word' id='word_1_477' title='bbox 2715 2203 2875 2257; x_wconf 84' lang='lat' dir='ltr'><strong>dixit.</strong></span> <span class='ocrx_word' id='word_1_478' title='bbox 2915 2204 3191 2259; x_wconf 86' lang='lat' dir='ltr'><strong>Diaconus</strong></span> <span class='ocrx_word' id='word_1_479' title='bbox 3225 2222 3349 2259; x_wconf 90' lang='lat' dir='ltr'><strong>cum</strong></span> <span class='ocrx_word' id='word_1_480' title='bbox 3387 2214 3560 2261; x_wconf 83' lang='lat' dir='ltr'><strong>esset.</strong></span> 
     </span>
    </p>
   </div>
   <div class='ocr_carea' id='block_1_67' title="bbox 1979 2295 3562 2370">
    <p class='ocr_par' dir='ltr' id='par_1_67' title="bbox 1979 2295 3562 2370">
     <span class='ocr_line' id='line_1_67' title="bbox 1979 2295 3562 2370; baseline 0.007 -25"><span class='ocrx_word' id='word_1_481' title='bbox 1979 2308 2104 2346; x_wconf 89' lang='lat' dir='ltr'><strong>cum</strong></span> <span class='ocrx_word' id='word_1_482' title='bbox 2138 2309 2334 2364; x_wconf 82' lang='lat' dir='ltr'><strong>magno</strong></span> <span class='ocrx_word' id='word_1_483' title='bbox 2378 2295 2590 2351; x_wconf 80' lang='lat' dir='ltr'><strong>Joanne</strong></span> <span class='ocrx_word' id='word_1_484' title='bbox 2643 2297 3023 2367; x_wconf 85' lang='lat' dir='ltr'><strong>episc0patum</strong></span> <span class='ocrx_word' id='word_1_485' title='bbox 3074 2300 3562 2370; x_wconf 61' lang='lat' dir='ltr'><strong>Constantinopoli</strong></span> 
     </span>
    </p>
   </div>
   <div class='ocr_carea' id='block_1_68' title="bbox 1980 2388 3563 2456">
    <p class='ocr_par' dir='ltr' id='par_1_68' title="bbox 1980 2388 3563 2456">
     <span class='ocr_line' id='line_1_68' title="bbox 1980 2388 3563 2456; baseline 0.006 -18"><span class='ocrx_word' id='word_1_486' title='bbox 1980 2397 2242 2453; x_wconf 68' lang='lat' dir='ltr'><strong>gerente,</strong></span> <span class='ocrx_word' id='word_1_487' title='bbox 2303 2388 2537 2441; x_wconf 90' lang='lat' dir='ltr'><strong>multum</strong></span> <span class='ocrx_word' id='word_1_488' title='bbox 2588 2388 2712 2444; x_wconf 81' lang='lat' dir='ltr'><strong>fuit.</strong></span> <span class='ocrx_word' id='word_1_489' title='bbox 2761 2389 2921 2456; x_wconf 86' lang='lat' dir='ltr'><strong>Quod</strong></span> <span class='ocrx_word' id='word_1_490' title='bbox 2982 2408 3116 2447; x_wconf 81' lang='lat' dir='ltr'><strong>vero</strong></span> <span class='ocrx_word' id='word_1_491' title='bbox 3163 2393 3217 2447; x_wconf 91' lang='lat' dir='ltr'><strong>in</strong></span> <span class='ocrx_word' id='word_1_492' title='bbox 3262 2393 3563 2449; x_wconf 74' lang='lat' dir='ltr'><strong>scribendo</strong></span> 
     </span>
    </p>
   </div>
   <div class='ocr_carea' id='block_1_69' title="bbox 1980 2476 3562 2559">
    <p class='ocr_par' dir='ltr' id='par_1_69' title="bbox 1980 2476 3562 2559">
     <span class='ocr_line' id='line_1_69' title="bbox 1980 2476 3562 2559; baseline 0.008 -30"><span class='ocrx_word' id='word_1_493' title='bbox 1980 2476 2312 2559; x_wconf 65' lang='lat' dir='ltr'><strong>elaboraret,</strong></span> <span class='ocrx_word' id='word_1_494' title='bbox 2348 2480 2552 2534; x_wconf 88' lang='lat' dir='ltr'><strong>multos</strong></span> <span class='ocrx_word' id='word_1_495' title='bbox 2583 2492 2644 2535; x_wconf 91' lang='lat' dir='ltr'><strong>et</strong></span> <span class='ocrx_word' id='word_1_496' title='bbox 2671 2482 2860 2537; x_wconf 86' lang='lat' dir='ltr'><strong>varios</strong></span> <span class='ocrx_word' id='word_1_497' title='bbox 2903 2485 3125 2556; x_wconf 75' lang='lat' dir='ltr'><strong>collegit</strong></span> <span class='ocrx_word' id='word_1_498' title='bbox 3160 2484 3355 2540; x_wconf 87' lang='lat' dir='ltr'><strong>libros.</strong></span> <span class='ocrx_word' id='word_1_499' title='bbox 3395 2487 3562 2542; x_wconf 80' lang='lat' dir='ltr'><strong>Multa</strong></span> 
     </span>
    </p>
   </div>
   <div class='ocr_carea' id='block_1_70' title="bbox 1979 2570 3561 2649">
    <p class='ocr_par' dir='ltr' id='par_1_70' title="bbox 1979 2570 3561 2649">
     <span class='ocr_line' id='line_1_70' title="bbox 1979 2570 3561 2649; baseline 0.006 -25"><span class='ocrx_word' id='word_1_500' title='bbox 1979 2571 2167 2633; x_wconf 84' lang='lat' dir='ltr'><strong>etiam,</strong></span> <span class='ocrx_word' id='word_1_501' title='bbox 2199 2570 2464 2627; x_wconf 81' lang='lat' dir='ltr'><strong>Asianum</strong></span> <span class='ocrx_word' id='word_1_502' title='bbox 2496 2574 2764 2629; x_wconf 71' lang='lat' dir='ltr'><strong>aﬂectans</strong></span> <span class='ocrx_word' id='word_1_503' title='bbox 2801 2576 3020 2631; x_wconf 87' lang='lat' dir='ltr'><strong>dicendi</strong></span> <span class='ocrx_word' id='word_1_504' title='bbox 3045 2594 3236 2649; x_wconf 80' lang='lat' dir='ltr'><strong>genus,</strong></span> <span class='ocrx_word' id='word_1_505' title='bbox 3274 2581 3561 2649; x_wconf 85' lang='lat' dir='ltr'><strong>conscrip-</strong></span> 
     </span>
    </p>
   </div>
   <div class='ocr_carea' id='block_1_71' title="bbox 1980 2661 3559 2740">
    <p class='ocr_par' dir='ltr' id='par_1_71' title="bbox 1980 2661 3559 2740">
     <span class='ocr_line' id='line_1_71' title="bbox 1980 2661 3559 2740; baseline 0.009 -25"><span class='ocrx_word' id='word_1_506' title='bbox 1980 2661 2074 2717; x_wconf 84' lang='lat' dir='ltr'><strong>sit.</strong></span> <span class='ocrx_word' id='word_1_507' title='bbox 2123 2662 2274 2732; x_wconf 91' lang='lat' dir='ltr'><strong>Opus</strong></span> <span class='ocrx_word' id='word_1_508' title='bbox 2304 2679 2437 2718; x_wconf 84' lang='lat' dir='ltr'><strong>vero</strong></span> <span class='ocrx_word' id='word_1_509' title='bbox 2478 2667 2854 2736; x_wconf 76' lang='lat' dir='ltr'><strong>magniﬁcum,</strong></span> <span class='ocrx_word' id='word_1_510' title='bbox 2891 2670 2944 2723; x_wconf 87' lang='lat' dir='ltr'><strong>in</strong></span> <span class='ocrx_word' id='word_1_511' title='bbox 2979 2686 3089 2740; x_wconf 89' lang='lat' dir='ltr'><strong>quo</strong></span> <span class='ocrx_word' id='word_1_512' title='bbox 3123 2671 3325 2726; x_wconf 73' lang='lat' dir='ltr'><strong>Iuliani</strong></span> <span class='ocrx_word' id='word_1_513' title='bbox 3364 2683 3559 2729; x_wconf 76' lang='lat' dir='ltr'><strong>cetttra</strong></span> 
     </span>
    </p>
   </div>
   <div class='ocr_carea' id='block_1_72' title="bbox 1978 2754 3559 2833">
    <p class='ocr_par' dir='ltr' id='par_1_72' title="bbox 1978 2754 3559 2833">
     <span class='ocr_line' id='line_1_72' title="bbox 1978 2754 3559 2833; baseline 0.008 -27"><span class='ocrx_word' id='word_1_514' title='bbox 1978 2768 2132 2807; x_wconf 86' lang='lat' dir='ltr'><strong>sacra</strong></span> <span class='ocrx_word' id='word_1_515' title='bbox 2159 2754 2333 2808; x_wconf 86' lang='lat' dir='ltr'><strong>Biblia</strong></span> <span class='ocrx_word' id='word_1_516' title='bbox 2367 2756 2635 2826; x_wconf 86' lang='lat' dir='ltr'><strong>scriptum</strong></span> <span class='ocrx_word' id='word_1_517' title='bbox 2677 2761 2900 2825; x_wconf 81' lang='lat' dir='ltr'><strong>evertit,</strong></span> <span class='ocrx_word' id='word_1_518' title='bbox 2938 2763 3182 2832; x_wconf 87' lang='lat' dir='ltr'><strong>reliquit.</strong></span> <span class='ocrx_word' id='word_1_519' title='bbox 3225 2764 3387 2819; x_wconf 85' lang='lat' dir='ltr'><strong>Aliud</strong></span> <span class='ocrx_word' id='word_1_520' title='bbox 3417 2781 3559 2833; x_wconf 86' lang='lat' dir='ltr'><strong>quo-</strong></span> 
     </span>
    </p>
   </div>
   <div class='ocr_carea' id='block_1_73' title="bbox 1977 2845 3561 2918">
    <p class='ocr_par' dir='ltr' id='par_1_73' title="bbox 1977 2845 3561 2918">
     <span class='ocr_line' id='line_1_73' title="bbox 1977 2845 3561 2918; baseline 0.008 -20"><span class='ocrx_word' id='word_1_521' title='bbox 1977 2861 2085 2914; x_wconf 88' lang='lat' dir='ltr'><strong>que</strong></span> <span class='ocrx_word' id='word_1_522' title='bbox 2110 2845 2373 2900; x_wconf 77' lang='lat' dir='ltr'><strong>volumen</strong></span> <span class='ocrx_word' id='word_1_523' title='bbox 2418 2850 2751 2916; x_wconf 86' lang='lat' dir='ltr'><strong>composuit,</strong></span> <span class='ocrx_word' id='word_1_524' title='bbox 2798 2854 2945 2918; x_wconf 88' lang='lat' dir='ltr'><strong>quod</strong></span> <span class='ocrx_word' id='word_1_525' title='bbox 2981 2851 3337 2909; x_wconf 78' lang='lat' dir='ltr'><strong>Christianam</strong></span> <span class='ocrx_word' id='word_1_526' title='bbox 3378 2857 3561 2910; x_wconf 79' lang='lat' dir='ltr'><strong>Histo-</strong></span> 
     </span>
    </p>
   </div>
   <div class='ocr_carea' id='block_1_74' title="bbox 1978 2938 3555 3017">
    <p class='ocr_par' dir='ltr' id='par_1_74' title="bbox 1978 2938 3555 3017">
     <span class='ocr_line' id='line_1_74' title="bbox 1978 2938 3555 3017; baseline 0.008 -27"><span class='ocrx_word' id='word_1_527' title='bbox 1978 2938 2118 2992; x_wconf 84' lang='lat' dir='ltr'><strong>riam</strong></span> <span class='ocrx_word' id='word_1_528' title='bbox 2163 2939 2494 2993; x_wconf 83' lang='lat' dir='ltr'><strong>nominavit.</strong></span> <span class='ocrx_word' id='word_1_529' title='bbox 2536 2940 2595 2994; x_wconf 89' lang='lat' dir='ltr'><strong>lu</strong></span> <span class='ocrx_word' id='word_1_530' title='bbox 2641 2956 2710 2996; x_wconf 92' lang='lat' dir='ltr'><strong>eo</strong></span> <span class='ocrx_word' id='word_1_531' title='bbox 2758 2943 2979 3017; x_wconf 79' lang='lat' dir='ltr'><strong>triginta</strong></span> <span class='ocrx_word' id='word_1_532' title='bbox 3014 2955 3071 3000; x_wconf 91' lang='lat' dir='ltr'><strong>et</strong></span> <span class='ocrx_word' id='word_1_533' title='bbox 3107 2961 3204 3000; x_wconf 80' lang='lat' dir='ltr'><strong>sex</strong></span> <span class='ocrx_word' id='word_1_534' title='bbox 3239 2947 3364 3001; x_wconf 87' lang='lat' dir='ltr'><strong>libri</strong></span> <span class='ocrx_word' id='word_1_535' title='bbox 3401 2957 3555 3009; x_wconf 88' lang='lat' dir='ltr'><strong>sunt.</strong></span> 
     </span>
    </p>
   </div>
   <div class='ocr_carea' id='block_1_75' title="bbox 1976 3033 3557 3104">
    <p class='ocr_par' dir='ltr' id='par_1_75' title="bbox 1976 3033 3557 3104">
     <span class='ocr_line' id='line_1_75' title="bbox 1976 3033 3557 3104; baseline 0.008 -21"><span class='ocrx_word' id='word_1_536' title='bbox 1976 3044 2214 3100; x_wconf 91' lang='lat' dir='ltr'><strong>quorum</strong></span> <span class='ocrx_word' id='word_1_537' title='bbox 2265 3033 2501 3102; x_wconf 88' lang='lat' dir='ltr'><strong>quisque</strong></span> <span class='ocrx_word' id='word_1_538' title='bbox 2552 3041 2733 3089; x_wconf 90' lang='lat' dir='ltr'><strong>tomos</strong></span> <span class='ocrx_word' id='word_1_539' title='bbox 2781 3037 2968 3104; x_wconf 85' lang='lat' dir='ltr'><strong>plures</strong></span> <span class='ocrx_word' id='word_1_540' title='bbox 3022 3039 3188 3094; x_wconf 88' lang='lat' dir='ltr'><strong>habet</strong></span> <span class='ocrx_word' id='word_1_541' title='bbox 3232 3059 3245 3095; x_wconf 91' lang='lat'><strong>:</strong></span> <span class='ocrx_word' id='word_1_542' title='bbox 3302 3040 3438 3095; x_wconf 88' lang='lat' dir='ltr'><strong>adeo</strong></span> <span class='ocrx_word' id='word_1_543' title='bbox 3493 3051 3557 3096; x_wconf 86' lang='lat' dir='ltr'><strong>ut</strong></span> 
     </span>
    </p>
   </div>
   <div class='ocr_carea' id='block_1_76' title="bbox 1976 3123 3556 3208">
    <p class='ocr_par' dir='ltr' id='par_1_76' title="bbox 1976 3123 3556 3208">
     <span class='ocr_line' id='line_1_76' title="bbox 1976 3123 3556 3208; baseline 0.011 -33"><span class='ocrx_word' id='word_1_544' title='bbox 1976 3124 2170 3177; x_wconf 76' lang='lat' dir='ltr'><strong>omnes</strong></span> <span class='ocrx_word' id='word_1_545' title='bbox 2197 3123 2265 3177; x_wconf 87' lang='lat' dir='ltr'><strong>ad</strong></span> <span class='ocrx_word' id='word_1_546' title='bbox 2300 3125 2671 3180; x_wconf 87' lang='lat' dir='ltr'><strong>tnillenarium</strong></span> <span class='ocrx_word' id='word_1_547' title='bbox 2720 3126 2836 3184; x_wconf 79' lang='lat' dir='ltr'><strong>fere</strong></span> <span class='ocrx_word' id='word_1_548' title='bbox 2888 3147 3179 3186; x_wconf 89' lang='lat' dir='ltr'><strong>numerum</strong></span> <span class='ocrx_word' id='word_1_549' title='bbox 3217 3136 3556 3208; x_wconf 83' lang='lat' dir='ltr'><strong>pertingant,</strong></span> 
     </span>
    </p>
   </div>
   <div class='ocr_carea' id='block_1_77' title="bbox 1975 3216 3556 3295">
    <p class='ocr_par' dir='ltr' id='par_1_77' title="bbox 1975 3216 3556 3295">
     <span class='ocr_line' id='line_1_77' title="bbox 1975 3216 3556 3295; baseline 0.01 -24"><span class='ocrx_word' id='word_1_550' title='bbox 1975 3228 2034 3271; x_wconf 88' lang='lat' dir='ltr'><strong>et</strong></span> <span class='ocrx_word' id='word_1_551' title='bbox 2063 3216 2228 3271; x_wconf 85' lang='lat' dir='ltr'><strong>habet</strong></span> <span class='ocrx_word' id='word_1_552' title='bbox 2276 3232 2438 3271; x_wconf 89' lang='lat' dir='ltr'><strong>suum</strong></span> <span class='ocrx_word' id='word_1_553' title='bbox 2474 3227 2659 3274; x_wconf 90' lang='lat' dir='ltr'><strong>tomus</strong></span> <span class='ocrx_word' id='word_1_554' title='bbox 2689 3222 2926 3293; x_wconf 87' lang='lat' dir='ltr'><strong>quisque</strong></span> <span class='ocrx_word' id='word_1_555' title='bbox 2957 3238 3367 3295; x_wconf 71' lang='lat' dir='ltr'><strong>argumentum.</strong></span> <span class='ocrx_word' id='word_1_556' title='bbox 3411 3229 3556 3286; x_wconf 85' lang='lat' dir='ltr'><strong>Mul-</strong></span> 
     </span>
    </p>
   </div>
   <div class='ocr_carea' id='block_1_78' title="bbox 1979 3312 3557 3390">
    <p class='ocr_par' dir='ltr' id='par_1_78' title="bbox 1979 3312 3557 3390">
     <span class='ocr_line' id='line_1_78' title="bbox 1979 3312 3557 3390; baseline 0.011 -25"><span class='ocrx_word' id='word_1_557' title='bbox 1979 3320 2088 3365; x_wconf 86' lang='lat' dir='ltr'><strong>tam</strong></span> <span class='ocrx_word' id='word_1_558' title='bbox 2125 3325 2257 3365; x_wconf 85' lang='lat' dir='ltr'><strong>vero</strong></span> <span class='ocrx_word' id='word_1_559' title='bbox 2283 3312 2337 3365; x_wconf 91' lang='lat' dir='ltr'><strong>in</strong></span> <span class='ocrx_word' id='word_1_560' title='bbox 2365 3328 2506 3382; x_wconf 88' lang='lat' dir='ltr'><strong>opus</strong></span> <span class='ocrx_word' id='word_1_561' title='bbox 2539 3314 2594 3368; x_wconf 85' lang='lat' dir='ltr'><strong>id</strong></span> <span class='ocrx_word' id='word_1_562' title='bbox 2621 3318 2910 3371; x_wconf 85' lang='lat' dir='ltr'><strong>materiam</strong></span> <span class='ocrx_word' id='word_1_563' title='bbox 2942 3322 3241 3390; x_wconf 82' lang='lat' dir='ltr'><strong>congessit,</strong></span> <span class='ocrx_word' id='word_1_564' title='bbox 3274 3324 3557 3383; x_wconf 74' lang='lat' dir='ltr'><strong>declarare</strong></span> 
     </span>
    </p>
   </div>
   <div class='ocr_carea' id='block_1_79' title="bbox 1975 3401 3555 3485">
    <p class='ocr_par' dir='ltr' id='par_1_79' title="bbox 1975 3401 3555 3485">
     <span class='ocr_line' id='line_1_79' title="bbox 1975 3401 3555 3485; baseline 0.011 -29"><span class='ocrx_word' id='word_1_565' title='bbox 1975 3401 2193 3466; x_wconf 78' lang='lat' dir='ltr'><strong>volens,</strong></span> <span class='ocrx_word' id='word_1_566' title='bbox 2229 3417 2338 3456; x_wconf 91' lang='lat' dir='ltr'><strong>non</strong></span> <span class='ocrx_word' id='word_1_567' title='bbox 2390 3404 2711 3472; x_wconf 90' lang='lat' dir='ltr'><strong>imperitum</strong></span> <span class='ocrx_word' id='word_1_568' title='bbox 2768 3422 2826 3462; x_wconf 92' lang='lat' dir='ltr'><strong>se</strong></span> <span class='ocrx_word' id='word_1_569' title='bbox 2867 3407 3181 3466; x_wconf 69' lang='lat' dir='ltr'><strong>Graecarum</strong></span> <span class='ocrx_word' id='word_1_570' title='bbox 3229 3414 3555 3485; x_wconf 83' lang='lat' dir='ltr'><strong>disciplina-</strong></span> 
     </span>
    </p>
   </div>
   <div class='ocr_carea' id='block_1_80' title="bbox 1977 3493 3553 3575">
    <p class='ocr_par' dir='ltr' id='par_1_80' title="bbox 1977 3493 3553 3575">
     <span class='ocr_line' id='line_1_80' title="bbox 1977 3493 3553 3575; baseline 0.011 -30"><span class='ocrx_word' id='word_1_571' title='bbox 1977 3507 2098 3546; x_wconf 88' lang='lat' dir='ltr'><strong>rum</strong></span> <span class='ocrx_word' id='word_1_572' title='bbox 2165 3507 2309 3548; x_wconf 89' lang='lat' dir='ltr'><strong>esse.</strong></span> <span class='ocrx_word' id='word_1_573' title='bbox 2373 3493 2719 3565; x_wconf 84' lang='lat' dir='ltr'><strong>Frequenter</strong></span> <span class='ocrx_word' id='word_1_574' title='bbox 2783 3513 3023 3570; x_wconf 89' lang='lat' dir='ltr'><strong>namque</strong></span> <span class='ocrx_word' id='word_1_575' title='bbox 3069 3508 3553 3575; x_wconf 80' lang='lat' dir='ltr'><strong>geometricarum,</strong></span> 
     </span>
    </p>
   </div>
   <div class='ocr_carea' id='block_1_81' title="bbox 1975 3585 3555 3656">
    <p class='ocr_par' dir='ltr' id='par_1_81' title="bbox 1975 3585 3555 3656">
     <span class='ocr_line' id='line_1_81' title="bbox 1975 3585 3555 3656; baseline 0.011 -18"><span class='ocrx_word' id='word_1_576' title='bbox 1975 3585 2493 3650; x_wconf 84' lang='lat' dir='ltr'><strong>arithmeticarum.</strong></span> <span class='ocrx_word' id='word_1_577' title='bbox 2550 3591 2888 3647; x_wconf 89' lang='lat' dir='ltr'><strong>musicarum</strong></span> <span class='ocrx_word' id='word_1_578' title='bbox 2946 3603 3002 3647; x_wconf 88' lang='lat' dir='ltr'><strong>et</strong></span> <span class='ocrx_word' id='word_1_579' title='bbox 3053 3600 3555 3656; x_wconf 86' lang='lat' dir='ltr'><strong>astronomicarum</strong></span> 
     </span>
    </p>
   </div>
   <div class='ocr_carea' id='block_1_82' title="bbox 1974 3680 3556 3760">
    <p class='ocr_par' dir='ltr' id='par_1_82' title="bbox 1974 3680 3556 3760">
     <span class='ocr_line' id='line_1_82' title="bbox 1974 3680 3556 3760; baseline 0.013 -33"><span class='ocrx_word' id='word_1_580' title='bbox 1974 3680 2504 3734; x_wconf 81' lang='lat' dir='ltr'><strong>commentationum</strong></span> <span class='ocrx_word' id='word_1_581' title='bbox 2560 3684 2899 3739; x_wconf 86' lang='lat' dir='ltr'><strong>mentionem</strong></span> <span class='ocrx_word' id='word_1_582' title='bbox 2961 3687 3118 3742; x_wconf 85' lang='lat' dir='ltr'><strong>facit.</strong></span> <span class='ocrx_word' id='word_1_583' title='bbox 3190 3688 3556 3760; x_wconf 82' lang='lat' dir='ltr'><strong>Prosequitur</strong></span> 
     </span>
    </p>
   </div>
   <div class='ocr_carea' id='block_1_83' title="bbox 1974 3772 3555 3842">
    <p class='ocr_par' dir='ltr' id='par_1_83' title="bbox 1974 3772 3555 3842">
     <span class='ocr_line' id='line_1_83' title="bbox 1974 3772 3555 3842; baseline 0.013 -19"><span class='ocrx_word' id='word_1_584' title='bbox 1974 3784 2196 3840; x_wconf 88' lang='lat' dir='ltr'><strong>quoque</strong></span> <span class='ocrx_word' id='word_1_585' title='bbox 2228 3772 2536 3828; x_wconf 85' lang='lat' dir='ltr'><strong>insularum</strong></span> <span class='ocrx_word' id='word_1_586' title='bbox 2567 3775 2731 3841; x_wconf 88' lang='lat' dir='ltr'><strong>situs,</strong></span> <span class='ocrx_word' id='word_1_587' title='bbox 2767 3788 2824 3832; x_wconf 89' lang='lat' dir='ltr'><strong>et</strong></span> <span class='ocrx_word' id='word_1_588' title='bbox 2862 3780 3153 3835; x_wconf 82' lang='lat' dir='ltr'><strong>mentium.</strong></span> <span class='ocrx_word' id='word_1_589' title='bbox 3187 3783 3428 3839; x_wconf 79' lang='lat' dir='ltr'><strong>Arbores</strong></span> <span class='ocrx_word' id='word_1_590' title='bbox 3451 3786 3555 3842; x_wconf 88' lang='lat' dir='ltr'><strong>de-</strong></span> 
     </span>
    </p>
   </div>
   <div class='ocr_carea' id='block_1_84' title="bbox 1972 3866 3557 3943">
    <p class='ocr_par' dir='ltr' id='par_1_84' title="bbox 1972 3866 3557 3943">
     <span class='ocr_line' id='line_1_84' title="bbox 1972 3866 3557 3943; baseline 0.011 -24"><span class='ocrx_word' id='word_1_591' title='bbox 1972 3866 2188 3930; x_wconf 86' lang='lat' dir='ltr'><strong>scribit,</strong></span> <span class='ocrx_word' id='word_1_592' title='bbox 2232 3876 2287 3921; x_wconf 79' lang='lat' dir='ltr'><strong>et</strong></span> <span class='ocrx_word' id='word_1_593' title='bbox 2327 3866 2433 3922; x_wconf 87' lang='lat' dir='ltr'><strong>alia</strong></span> <span class='ocrx_word' id='word_1_594' title='bbox 2480 3868 2755 3937; x_wconf 64' lang='lat' dir='ltr'><strong>quadam,</strong></span> <span class='ocrx_word' id='word_1_595' title='bbox 2793 3870 2861 3925; x_wconf 85' lang='lat' dir='ltr'><strong>ad</strong></span> <span class='ocrx_word' id='word_1_596' title='bbox 2911 3882 3298 3943; x_wconf 81' lang='lat' dir='ltr'><strong>argumentum</strong></span> <span class='ocrx_word' id='word_1_597' title='bbox 3333 3880 3557 3937; x_wconf 88' lang='lat' dir='ltr'><strong>institu-</strong></span> 
     </span>
    </p>
   </div>
   <div class='ocr_carea' id='block_1_85' title="bbox 1973 3959 3555 4035">
    <p class='ocr_par' dir='ltr' id='par_1_85' title="bbox 1973 3959 3555 4035">
     <span class='ocr_line' id='line_1_85' title="bbox 1973 3959 3555 4035; baseline 0.011 -23"><span class='ocrx_word' id='word_1_598' title='bbox 1973 3968 2091 4013; x_wconf 88' lang='lat' dir='ltr'><strong>tum</strong></span> <span class='ocrx_word' id='word_1_599' title='bbox 2127 3959 2265 4014; x_wconf 88' lang='lat' dir='ltr'><strong>nihil</strong></span> <span class='ocrx_word' id='word_1_600' title='bbox 2301 3960 2657 4029; x_wconf 83' lang='lat' dir='ltr'><strong>pertinentia.</strong></span> <span class='ocrx_word' id='word_1_601' title='bbox 2698 3962 2934 4019; x_wconf 86' lang='lat' dir='ltr'><strong>Proinde</strong></span> <span class='ocrx_word' id='word_1_602' title='bbox 2984 3968 3299 4025; x_wconf 88' lang='lat' dir='ltr'><strong>lucubratio</strong></span> <span class='ocrx_word' id='word_1_603' title='bbox 3332 3988 3418 4035; x_wconf 85' lang='lat' dir='ltr'><strong>ea.</strong></span> <span class='ocrx_word' id='word_1_604' title='bbox 3457 3984 3555 4029; x_wconf 87' lang='lat' dir='ltr'><strong>nt-</strong></span> 
     </span>
    </p>
   </div>
   <div class='ocr_carea' id='block_1_86' title="bbox 1973 4050 3553 4126">
    <p class='ocr_par' dir='ltr' id='par_1_86' title="bbox 1973 4050 3553 4126">
     <span class='ocr_line' id='line_1_86' title="bbox 1973 4050 3553 4126; baseline 0.009 -20"><span class='ocrx_word' id='word_1_605' title='bbox 1973 4061 2102 4123; x_wconf 89' lang='lat' dir='ltr'><strong>pote</strong></span> <span class='ocrx_word' id='word_1_606' title='bbox 2152 4051 2218 4106; x_wconf 88' lang='lat' dir='ltr'><strong>ad</strong></span> <span class='ocrx_word' id='word_1_607' title='bbox 2270 4054 2699 4109; x_wconf 89' lang='lat' dir='ltr'><strong>ostentationem</strong></span> <span class='ocrx_word' id='word_1_608' title='bbox 2749 4060 3081 4126; x_wconf 79' lang='lat' dir='ltr'><strong>composita.</strong></span> <span class='ocrx_word' id='word_1_609' title='bbox 3126 4061 3247 4115; x_wconf 83' lang='lat' dir='ltr'><strong>laxa</strong></span> <span class='ocrx_word' id='word_1_610' title='bbox 3283 4050 3553 4122; x_wconf 37' lang='lat' dir='ltr'><strong>et—soluta</strong></span> 
     </span>
    </p>
   </div>
   <div class='ocr_carea' id='block_1_87' title="bbox 1972 4146 3553 4214">
    <p class='ocr_par' dir='ltr' id='par_1_87' title="bbox 1972 4146 3553 4214">
     <span class='ocr_line' id='line_1_87' title="bbox 1972 4146 3553 4214; baseline 0.008 -14"><span class='ocrx_word' id='word_1_611' title='bbox 1972 4154 2059 4200; x_wconf 88' lang='lat' dir='ltr'><strong>est</strong></span> <span class='ocrx_word' id='word_1_612' title='bbox 2089 4163 2102 4198; x_wconf 88' lang='lat'><strong>:</strong></span> <span class='ocrx_word' id='word_1_613' title='bbox 2140 4153 2199 4199; x_wconf 89' lang='lat' dir='ltr'><strong>et</strong></span> <span class='ocrx_word' id='word_1_614' title='bbox 2228 4155 2522 4214; x_wconf 86' lang='lat' dir='ltr'><strong>propterea</strong></span> <span class='ocrx_word' id='word_1_615' title='bbox 2557 4146 2803 4202; x_wconf 88' lang='lat' dir='ltr'><strong>indoctis</strong></span> <span class='ocrx_word' id='word_1_616' title='bbox 2837 4149 3002 4203; x_wconf 90' lang='lat' dir='ltr'><strong>simul</strong></span> <span class='ocrx_word' id='word_1_617' title='bbox 3040 4158 3096 4203; x_wconf 87' lang='lat' dir='ltr'><strong>et</strong></span> <span class='ocrx_word' id='word_1_618' title='bbox 3125 4151 3303 4208; x_wconf 89' lang='lat' dir='ltr'><strong>doctis</strong></span> <span class='ocrx_word' id='word_1_619' title='bbox 3339 4155 3553 4212; x_wconf 86' lang='lat' dir='ltr'><strong>inutilis</strong></span> 
     </span>
    </p>
   </div>
   <div class='ocr_carea' id='block_1_88' title="bbox 1974 4234 3551 4311">
    <p class='ocr_par' dir='ltr' id='par_1_88' title="bbox 1974 4234 3551 4311">
     <span class='ocr_line' id='line_1_88' title="bbox 1974 4234 3551 4311; baseline 0.009 -24"><span class='ocrx_word' id='word_1_620' title='bbox 1974 4249 2099 4290; x_wconf 83' lang='lat' dir='ltr'><strong>esse</strong></span> <span class='ocrx_word' id='word_1_621' title='bbox 2148 4235 2386 4289; x_wconf 87' lang='lat' dir='ltr'><strong>videtur.</strong></span> <span class='ocrx_word' id='word_1_622' title='bbox 2429 4234 2639 4291; x_wconf 80' lang='lat' dir='ltr'><strong>lmlocti</strong></span> <span class='ocrx_word' id='word_1_623' title='bbox 2677 4237 2826 4291; x_wconf 86' lang='lat' dir='ltr'><strong>enim</strong></span> <span class='ocrx_word' id='word_1_624' title='bbox 2873 4240 3003 4310; x_wconf 79' lang='lat' dir='ltr'><strong>styli</strong></span> <span class='ocrx_word' id='word_1_625' title='bbox 3052 4241 3379 4311; x_wconf 82' lang='lat' dir='ltr'><strong>elegantiam</strong></span> <span class='ocrx_word' id='word_1_626' title='bbox 3438 4261 3551 4302; x_wconf 89' lang='lat' dir='ltr'><strong>non</strong></span> 
     </span>
    </p>
   </div>
   <div class='ocr_carea' id='block_1_89' title="bbox 1974 4327 3552 4403">
    <p class='ocr_par' dir='ltr' id='par_1_89' title="bbox 1974 4327 3552 4403">
     <span class='ocr_line' id='line_1_89' title="bbox 1974 4327 3552 4403; baseline 0.004 -21"><span class='ocrx_word' id='word_1_627' title='bbox 1974 4327 2319 4398; x_wconf 87' lang='lat' dir='ltr'><strong>perspiciunt</strong></span> <span class='ocrx_word' id='word_1_628' title='bbox 2373 4345 2386 4380; x_wconf 88' lang='lat'><strong>:</strong></span> <span class='ocrx_word' id='word_1_629' title='bbox 2441 4328 2644 4403; x_wconf 82' lang='lat' dir='ltr'><strong>eruditi</strong></span> <span class='ocrx_word' id='word_1_630' title='bbox 2691 4340 2903 4395; x_wconf 80' lang='lat' dir='ltr'><strong>autem,</strong></span> <span class='ocrx_word' id='word_1_631' title='bbox 2950 4332 3202 4387; x_wconf 88' lang='lat' dir='ltr'><strong>eamdem</strong></span> <span class='ocrx_word' id='word_1_632' title='bbox 3256 4350 3372 4389; x_wconf 90' lang='lat' dir='ltr'><strong>rem</strong></span> <span class='ocrx_word' id='word_1_633' title='bbox 3425 4336 3552 4391; x_wconf 83' lang='lat' dir='ltr'><strong>aliis</strong></span> 
     </span>
    </p>
   </div>
   <div class='ocr_carea' id='block_1_90' title="bbox 1972 4421 3553 4498">
    <p class='ocr_par' dir='ltr' id='par_1_90' title="bbox 1972 4421 3553 4498">
     <span class='ocr_line' id='line_1_90' title="bbox 1972 4421 3553 4498; baseline 0.008 -26"><span class='ocrx_word' id='word_1_634' title='bbox 1972 4421 2158 4475; x_wconf 82' lang='lat' dir='ltr'><strong>verbis</strong></span> <span class='ocrx_word' id='word_1_635' title='bbox 2188 4422 2380 4488; x_wconf 79' lang='lat' dir='ltr'><strong>repeti,</strong></span> <span class='ocrx_word' id='word_1_636' title='bbox 2408 4430 2467 4477; x_wconf 90' lang='lat' dir='ltr'><strong>et</strong></span> <span class='ocrx_word' id='word_1_637' title='bbox 2506 4423 2678 4477; x_wconf 89' lang='lat' dir='ltr'><strong>multa</strong></span> <span class='ocrx_word' id='word_1_638' title='bbox 2714 4423 3107 4493; x_wconf 77' lang='lat' dir='ltr'><strong>intempestive</strong></span> <span class='ocrx_word' id='word_1_639' title='bbox 3141 4427 3329 4494; x_wconf 84' lang='lat' dir='ltr'><strong>scribi,</strong></span> <span class='ocrx_word' id='word_1_640' title='bbox 3360 4444 3553 4498; x_wconf 89' lang='lat' dir='ltr'><strong>reprc-</strong></span> 
     </span>
    </p>
   </div>
   <div class='ocr_carea' id='block_1_91' title="bbox 1973 4513 3549 4590">
    <p class='ocr_par' dir='ltr' id='par_1_91' title="bbox 1973 4513 3549 4590">
     <span class='ocr_line' id='line_1_91' title="bbox 1973 4513 3549 4590; baseline 0.006 -24"><span class='ocrx_word' id='word_1_641' title='bbox 1973 4513 2244 4569; x_wconf 86' lang='lat' dir='ltr'><strong>hendunt.</strong></span> <span class='ocrx_word' id='word_1_642' title='bbox 2277 4514 2475 4567; x_wconf 87' lang='lat' dir='ltr'><strong>Verum</strong></span> <span class='ocrx_word' id='word_1_643' title='bbox 2503 4514 2571 4570; x_wconf 90' lang='lat' dir='ltr'><strong>de</strong></span> <span class='ocrx_word' id='word_1_644' title='bbox 2596 4515 2821 4586; x_wconf 86' lang='lat' dir='ltr'><strong>scriptis</strong></span> <span class='ocrx_word' id='word_1_645' title='bbox 2851 4517 2996 4588; x_wconf 85' lang='lat' dir='ltr'><strong>ejus,</strong></span> <span class='ocrx_word' id='word_1_646' title='bbox 3025 4526 3086 4571; x_wconf 91' lang='lat' dir='ltr'><strong>ut</strong></span> <span class='ocrx_word' id='word_1_647' title='bbox 3117 4519 3355 4590; x_wconf 86' lang='lat' dir='ltr'><strong>quisque</strong></span> <span class='ocrx_word' id='word_1_648' title='bbox 3378 4521 3549 4588; x_wconf 85' lang='lat' dir='ltr'><strong>volet,</strong></span> 
     </span>
    </p>
   </div>
   <div class='ocr_carea' id='block_1_92' title="bbox 286 4602 1874 4685">
    <p class='ocr_par' dir='ltr' id='par_1_92' title="bbox 286 4602 1865 4677">
     <span class='ocr_line' id='line_1_92' title="bbox 286 4602 1865 4677; baseline -0.003 -15"><span class='ocrx_word' id='word_1_649' title='bbox 286 4613 468 4677; x_wconf 79' lang='grc' dir='ltr'>γεῖται</span> <span class='ocrx_word' id='word_1_650' title='bbox 492 4624 506 4640; x_wconf 90' lang='grc'><strong>·</strong></span> <span class='ocrx_word' id='word_1_651' title='bbox 537 4610 632 4660; x_wconf 68' lang='grc' dir='ltr'><strong>καὶ</strong></span> <span class='ocrx_word' id='word_1_652' title='bbox 664 4606 727 4659; x_wconf 82' lang='grc' dir='ltr'><strong>τὸ</strong></span> <span class='ocrx_word' id='word_1_653' title='bbox 770 4602 905 4675; x_wconf 86' lang='grc' dir='ltr'>ἦθος</span> <span class='ocrx_word' id='word_1_654' title='bbox 956 4606 1135 4669; x_wconf 85' lang='grc' dir='ltr'>τοῦτο,</span> <span class='ocrx_word' id='word_1_655' title='bbox 1169 4605 1271 4658; x_wconf 84' lang='grc' dir='ltr'><strong>οὐκ</strong></span> <span class='ocrx_word' id='word_1_656' title='bbox 1308 4607 1396 4657; x_wconf 83' lang='grc' dir='ltr'>ἐπ’</span> <span class='ocrx_word' id='word_1_657' title='bbox 1429 4606 1641 4658; x_wconf 79' lang='grc' dir='ltr'>ἐκείνου</span> <span class='ocrx_word' id='word_1_658' title='bbox 1675 4608 1865 4675; x_wconf 87' lang='grc' dir='ltr'>μόνου,</span> 
     </span>
    </p>
   </div>
   <div class='ocr_carea' id='block_1_93' title="bbox 1978 4602 3549 4685">
    <p class='ocr_par' dir='ltr' id='par_1_93' title="bbox 1978 4606 3549 4681">
     <span class='ocr_line' id='line_1_93' title="bbox 1978 4606 3549 4681; baseline 0.01 -24"><span class='ocrx_word' id='word_1_659' title='bbox 1978 4607 2261 4678; x_wconf 73' lang='lat' dir='ltr'><strong>iudicabit.</strong></span> <span class='ocrx_word' id='word_1_660' title='bbox 2300 4606 2554 4663; x_wconf 73' lang='lat' dir='ltr'><strong>Historiae</strong></span> <span class='ocrx_word' id='word_1_661' title='bbox 2603 4624 2735 4663; x_wconf 90' lang='lat' dir='ltr'><strong>vero</strong></span> <span class='ocrx_word' id='word_1_662' title='bbox 2774 4620 3020 4681; x_wconf 88' lang='lat' dir='ltr'><strong>tempora</strong></span> <span class='ocrx_word' id='word_1_663' title='bbox 3067 4613 3375 4669; x_wconf 81' lang='lat' dir='ltr'><strong>confundit.</strong></span> <span class='ocrx_word' id='word_1_664' title='bbox 3414 4614 3549 4672; x_wconf 86' lang='lat' dir='ltr'><strong>Nam</strong></span> 
     </span>
    </p>
   </div>
   <div class='ocr_carea' id='block_1_94' title="bbox 287 4695 1871 4771">
    <p class='ocr_par' dir='ltr' id='par_1_94' title="bbox 287 4695 1871 4771">
     <span class='ocr_line' id='line_1_94' title="bbox 287 4695 1871 4771; baseline -0.003 -19"><span class='ocrx_word' id='word_1_665' title='bbox 287 4700 424 4771; x_wconf 68' lang='grc' dir='ltr'>άλίιρι</span> <span class='ocrx_word' id='word_1_666' title='bbox 454 4700 553 4752; x_wconf 84' lang='grc' dir='ltr'>καὶ</span> <span class='ocrx_word' id='word_1_667' title='bbox 607 4698 701 4749; x_wconf 72' lang='grc' dir='ltr'>ἐπὶ</span> <span class='ocrx_word' id='word_1_668' title='bbox 749 4696 963 4748; x_wconf 82' lang='grc' dir='ltr'>πολλῶν</span> <span class='ocrx_word' id='word_1_669' title='bbox 990 4695 1194 4765; x_wconf 79' lang='grc' dir='ltr'>ἐτέρων</span> <span class='ocrx_word' id='word_1_670' title='bbox 1239 4697 1405 4750; x_wconf 77' lang='grc' dir='ltr'>ποιεῖ.</span> <span class='ocrx_word' id='word_1_671' title='bbox 1440 4697 1553 4749; x_wconf 70' lang='grc' dir='ltr'><strong>Καὶ</strong></span> <span class='ocrx_word' id='word_1_672' title='bbox 1599 4699 1732 4767; x_wconf 75' lang='grc' dir='ltr'>περὶ</span> <span class='ocrx_word' id='word_1_673' title='bbox 1769 4696 1871 4766; x_wconf 78' lang='grc' dir='ltr'><strong>μὲν</strong></span> 
     </span>
    </p>
   </div>
   <div class='ocr_carea' id='block_1_95' title="bbox 287 4789 1872 4858">
    <p class='ocr_par' dir='ltr' id='par_1_95' title="bbox 287 4789 1872 4858">
     <span class='ocr_line' id='line_1_95' title="bbox 287 4789 1872 4858; baseline -0.001 -13"><span class='ocrx_word' id='word_1_674' title='bbox 287 4794 567 4846; x_wconf 74' lang='grc' dir='ltr'>Φιλίππου</span> <span class='ocrx_word' id='word_1_675' title='bbox 622 4790 886 4844; x_wconf 84' lang='grc' dir='ltr'>τοσαῦτα.</span> <span class='ocrx_word' id='word_1_676' title='bbox 948 4791 1185 4851; x_wconf 85' lang='grc' dir='ltr'>Σισίνιος</span> <span class='ocrx_word' id='word_1_677' title='bbox 1237 4789 1336 4852; x_wconf 81' lang='grc' dir='ltr'><strong>δὲ,</strong></span> <span class='ocrx_word' id='word_1_678' title='bbox 1390 4789 1483 4842; x_wconf 79' lang='grc' dir='ltr'>τοῦ</span> <span class='ocrx_word' id='word_1_679' title='bbox 1541 4790 1872 4858; x_wconf 72' lang='grc' dir='ltr'>Κυζικηνῶν</span> 
     </span>
    </p>
   </div>
   <div class='ocr_carea' id='block_1_96' title="bbox 288 4879 1871 4955">
    <p class='ocr_par' dir='ltr' id='par_1_96' title="bbox 288 4879 1871 4955">
     <span class='ocr_line' id='line_1_96' title="bbox 288 4879 1871 4955; baseline -0.003 -18"><span class='ocrx_word' id='word_1_680' title='bbox 288 4884 561 4952; x_wconf 66' lang='grc' dir='ltr'>προέδρου</span> <span class='ocrx_word' id='word_1_681' title='bbox 595 4881 878 4942; x_wconf 85' lang='grc' dir='ltr'>θανόντος,</span> <span class='ocrx_word' id='word_1_682' title='bbox 910 4879 1003 4935; x_wconf 78' lang='grc' dir='ltr'>τὸν</span> <span class='ocrx_word' id='word_1_683' title='bbox 1040 4880 1184 4932; x_wconf 81' lang='grc' dir='ltr'>θεῖον</span> <span class='ocrx_word' id='word_1_684' title='bbox 1245 4880 1490 4950; x_wconf 80' lang='grc' dir='ltr'>Πρόκλον</span> <span class='ocrx_word' id='word_1_685' title='bbox 1531 4885 1604 4952; x_wconf 69' lang='grc' dir='ltr'><strong>τῇ</strong></span> <span class='ocrx_word' id='word_1_686' title='bbox 1644 4882 1871 4955; x_wconf 75' lang='grc' dir='ltr'>Κυζίκῳ</span> 
     </span>
    </p>
   </div>
   <div class='ocr_carea' id='block_1_97' title="bbox 286 4972 1868 5045">
    <p class='ocr_par' dir='ltr' id='par_1_97' title="bbox 286 4972 1868 5045">
     <span class='ocr_line' id='line_1_97' title="bbox 286 4972 1868 5045; baseline 0.001 -18"><span class='ocrx_word' id='word_1_687' title='bbox 286 4974 642 5045; x_wconf 73' lang='grc' dir='ltr'>ἐχειροτόνει.</span> <span class='ocrx_word' id='word_1_688' title='bbox 704 4974 812 5024; x_wconf 73' lang='grc' dir='ltr'><strong>Καὶ</strong></span> <span class='ocrx_word' id='word_1_689' title='bbox 862 4972 928 5042; x_wconf 78' lang='grc' dir='ltr'>δὴ</span> <span class='ocrx_word' id='word_1_690' title='bbox 976 4972 1206 5042; x_wconf 76' lang='grc' dir='ltr'>Πρόκλῳ</span> <span class='ocrx_word' id='word_1_691' title='bbox 1253 4972 1313 5024; x_wconf 83' lang='grc' dir='ltr'><strong>ἐν</strong></span> <span class='ocrx_word' id='word_1_692' title='bbox 1364 4978 1695 5045; x_wconf 82' lang='grc' dir='ltr'>παρασκευῇ</span> <span class='ocrx_word' id='word_1_693' title='bbox 1752 4976 1868 5031; x_wconf 79' lang='grc' dir='ltr'>δντι</span> 
     </span>
    </p>
   </div>
   <div class='ocr_carea' id='block_1_98' title="bbox 287 5065 1864 5145">
    <p class='ocr_par' dir='ltr' id='par_1_98' title="bbox 287 5065 1864 5145">
     <span class='ocr_line' id='line_1_98' title="bbox 287 5065 1864 5145; baseline -0.001 -24"><span class='ocrx_word' id='word_1_694' title='bbox 287 5072 418 5136; x_wconf 67' lang='grc' dir='ltr'>περὶ</span> <span class='ocrx_word' id='word_1_695' title='bbox 445 5068 622 5135; x_wconf 79' lang='grc' dir='ltr'>αὐτὴν</span> <span class='ocrx_word' id='word_1_696' title='bbox 653 5068 877 5136; x_wconf 78' lang='grc' dir='ltr'>χωρεῖν,</span> <span class='ocrx_word' id='word_1_697' title='bbox 908 5065 1210 5145; x_wconf 65' lang='grc' dir='ltr'>φθάνουσιν</span> <span class='ocrx_word' id='word_1_698' title='bbox 1256 5066 1463 5119; x_wconf 83' lang='grc' dir='ltr'>ἐκεῖνοι</span> <span class='ocrx_word' id='word_1_699' title='bbox 1495 5068 1590 5119; x_wconf 75' lang='grc' dir='ltr'>καὶ</span> <span class='ocrx_word' id='word_1_700' title='bbox 1618 5084 1864 5137; x_wconf 84' lang='grc' dir='ltr'>χειροτο-</span> 
     </span>
    </p>
   </div>
   <div class='ocr_carea' id='block_1_99' title="bbox 284 5156 1867 5229">
    <p class='ocr_par' dir='ltr' id='par_1_99' title="bbox 284 5156 1867 5229">
     <span class='ocr_line' id='line_1_99' title="bbox 284 5156 1867 5229; baseline -0.002 -16"><span class='ocrx_word' id='word_1_701' title='bbox 284 5159 470 5213; x_wconf 82' lang='grc' dir='ltr'>νοῦσιν</span> <span class='ocrx_word' id='word_1_702' title='bbox 496 5158 671 5227; x_wconf 81' lang='grc' dir='ltr'>ἄνδρα</span> <span class='ocrx_word' id='word_1_703' title='bbox 704 5157 906 5227; x_wconf 76' lang='grc' dir='ltr'>σεμνόν</span> <span class='ocrx_word' id='word_1_704' title='bbox 931 5173 1074 5223; x_wconf 89' lang='grc' dir='ltr'>τινα,</span> <span class='ocrx_word' id='word_1_705' title='bbox 1103 5157 1412 5226; x_wconf 84' lang='grc' dir='ltr'>Δαλμάτιον</span> <span class='ocrx_word' id='word_1_706' title='bbox 1460 5156 1654 5228; x_wconf 75' lang='grc' dir='ltr'>ὄνομα,</span> <span class='ocrx_word' id='word_1_707' title='bbox 1688 5160 1867 5229; x_wconf 78' lang='grc' dir='ltr'>ἀσκη-</span> 
     </span>
    </p>
   </div>
   <div class='ocr_carea' id='block_1_100' title="bbox 285 5250 1865 5322">
    <p class='ocr_par' dir='ltr' id='par_1_100' title="bbox 285 5250 1865 5322">
     <span class='ocr_line' id='line_1_100' title="bbox 285 5250 1865 5322; baseline -0.001 -18"><span class='ocrx_word' id='word_1_708' title='bbox 285 5254 460 5317; x_wconf 83' lang='grc' dir='ltr'>τικοίς</span> <span class='ocrx_word' id='word_1_709' title='bbox 502 5252 689 5313; x_wconf 84' lang='grc' dir='ltr'>πόνοις</span> <span class='ocrx_word' id='word_1_710' title='bbox 727 5250 1277 5320; x_wconf 71' lang='grc' dir='ltr'>ἐγγεγυμνασμένον.</span> <span class='ocrx_word' id='word_1_711' title='bbox 1330 5252 1439 5304; x_wconf 73' lang='grc' dir='ltr'><strong>Καὶ</strong></span> <span class='ocrx_word' id='word_1_712' title='bbox 1485 5250 1646 5304; x_wconf 81' lang='grc' dir='ltr'>τοῦτο</span> <span class='ocrx_word' id='word_1_713' title='bbox 1673 5252 1865 5322; x_wconf 79' lang='grc' dir='ltr'>ἔδρων,</span> 
     </span>
    </p>
   </div>
   <div class='ocr_carea' id='block_1_101' title="bbox 288 5339 1868 5414">
    <p class='ocr_par' dir='ltr' id='par_1_101' title="bbox 288 5339 1868 5414">
     <span class='ocr_line' id='line_1_101' title="bbox 288 5339 1868 5414; baseline 0 -19"><span class='ocrx_word' id='word_1_714' title='bbox 288 5344 343 5395; x_wconf 79' lang='grc' dir='ltr'><strong>ἐν</strong></span> <span class='ocrx_word' id='word_1_715' title='bbox 376 5342 618 5413; x_wconf 59' lang='grc' dir='ltr'>δευτέρῳ</span> <span class='ocrx_word' id='word_1_716' title='bbox 666 5342 761 5393; x_wconf 72' lang='grc' dir='ltr'>τὸν</span> <span class='ocrx_word' id='word_1_717' title='bbox 814 5340 981 5406; x_wconf 84' lang='grc' dir='ltr'>νόμον</span> <span class='ocrx_word' id='word_1_718' title='bbox 1029 5339 1283 5409; x_wconf 65' lang='grc' dir='ltr'>θέμενον</span> <span class='ocrx_word' id='word_1_719' title='bbox 1326 5340 1385 5405; x_wconf 80' lang='grc' dir='ltr'>ὃς</span> <span class='ocrx_word' id='word_1_720' title='bbox 1432 5342 1658 5395; x_wconf 80' lang='grc' dir='ltr'>ἐκέλευε</span> <span class='ocrx_word' id='word_1_721' title='bbox 1714 5345 1868 5414; x_wconf 81' lang='grc' dir='ltr'><strong>παρά</strong></span> 
     </span>
    </p>
   </div>
   <div class='ocr_carea' id='block_1_102' title="bbox 289 5432 1871 5508">
    <p class='ocr_par' dir='ltr' id='par_1_102' title="bbox 289 5432 1871 5508">
     <span class='ocr_line' id='line_1_102' title="bbox 289 5432 1871 5508; baseline 0.003 -22"><span class='ocrx_word' id='word_1_722' title='bbox 289 5434 520 5505; x_wconf 82' lang='grc' dir='ltr'>γνώμην</span> <span class='ocrx_word' id='word_1_723' title='bbox 550 5434 643 5489; x_wconf 80' lang='grc' dir='ltr'>τοῦ</span> <span class='ocrx_word' id='word_1_724' title='bbox 674 5432 980 5489; x_wconf 71' lang='grc' dir='ltr'>ἐπισκόπου</span> <span class='ocrx_word' id='word_1_725' title='bbox 1014 5437 1117 5502; x_wconf 76' lang='grc' dir='ltr'>’τῆς</span> <span class='ocrx_word' id='word_1_726' title='bbox 1162 5434 1582 5495; x_wconf 79' lang='grc' dir='ltr'>Κωνσταντίνου</span> <span class='ocrx_word' id='word_1_727' title='bbox 1619 5453 1871 5508; x_wconf 83' lang='grc' dir='ltr'>χειροτο-</span> 
     </span>
    </p>
   </div>
   <div class='ocr_carea' id='block_1_103' title="bbox 290 5522 1871 5598">
    <p class='ocr_par' dir='ltr' id='par_1_103' title="bbox 290 5522 1871 5598">
     <span class='ocr_line' id='line_1_103' title="bbox 290 5522 1871 5598; baseline 0.002 -19"><span class='ocrx_word' id='word_1_728' title='bbox 290 5528 410 5582; x_wconf 79' lang='grc' dir='ltr'>νίαν</span> <span class='ocrx_word' id='word_1_729' title='bbox 445 5527 521 5596; x_wconf 82' lang='grc' dir='ltr'><strong>μὴ</strong></span> <span class='ocrx_word' id='word_1_730' title='bbox 555 5525 824 5598; x_wconf 73' lang='grc' dir='ltr'>γίνεσθαι.</span> <span class='ocrx_word' id='word_1_731' title='bbox 869 5526 930 5578; x_wconf 85' lang='lat'><strong>&#39;0</strong></span> <span class='ocrx_word' id='word_1_732' title='bbox 967 5524 1069 5596; x_wconf 81' lang='grc' dir='ltr'><strong>μέν</strong></span> <span class='ocrx_word' id='word_1_733' title='bbox 1108 5522 1205 5580; x_wconf 83' lang='grc' dir='ltr'><strong>οὖν</strong></span> <span class='ocrx_word' id='word_1_734' title='bbox 1236 5526 1506 5596; x_wconf 86' lang='grc' dir='ltr'>Πρόκλος,</span> <span class='ocrx_word' id='word_1_735' title='bbox 1538 5528 1730 5582; x_wconf 85' lang='grc' dir='ltr'>τούτου</span> <span class='ocrx_word' id='word_1_736' title='bbox 1775 5546 1871 5598; x_wconf 87' lang='grc' dir='ltr'>γε-</span> 
     </span>
    </p>
   </div>
   <div class='ocr_carea' id='block_1_104' title="bbox 291 5618 1869 5691">
    <p class='ocr_par' dir='ltr' id='par_1_104' title="bbox 291 5618 1869 5691">
     <span class='ocr_line' id='line_1_104' title="bbox 291 5618 1869 5691; baseline 0 -18"><span class='ocrx_word' id='word_1_737' title='bbox 291 5622 544 5690; x_wconf 80' lang='grc' dir='ltr'>νομένου,</span> <span class='ocrx_word' id='word_1_738' title='bbox 590 5618 715 5674; x_wconf 85' lang='grc' dir='ltr'>καθ’</span> <span class='ocrx_word' id='word_1_739' title='bbox 747 5619 940 5672; x_wconf 76' lang='grc' dir='ltr'>ἑαυτὸν</span> <span class='ocrx_word' id='word_1_740' title='bbox 988 5620 1399 5683; x_wconf 73' lang='grc' dir='ltr'>συνεστέλλετο,</span> <span class='ocrx_word' id='word_1_741' title='bbox 1430 5621 1732 5691; x_wconf 70' lang='grc' dir='ltr'>ἐκκλησίας</span> <span class='ocrx_word' id='word_1_742' title='bbox 1770 5624 1869 5691; x_wconf 82' lang='grc' dir='ltr'>μὲν</span> 
     </span>
    </p>
   </div>
   <div class='ocr_carea' id='block_1_105' title="bbox 297 5710 1868 5785">
    <p class='ocr_par' dir='ltr' id='par_1_105' title="bbox 297 5710 1868 5785">
     <span class='ocr_line' id='line_1_105' title="bbox 297 5710 1868 5785; baseline 0.001 -22"><span class='ocrx_word' id='word_1_743' title='bbox 297 5710 569 5785; x_wconf 73' lang='grc' dir='ltr'>μηδεμιᾷς</span> <span class='ocrx_word' id='word_1_744' title='bbox 591 5711 1037 5783; x_wconf 69' lang='grc' dir='ltr'>προϊστάμενος,</span> <span class='ocrx_word' id='word_1_745' title='bbox 1076 5714 1200 5774; x_wconf 82' lang='grc' dir='ltr'>ταῖς</span> <span class='ocrx_word' id='word_1_746' title='bbox 1226 5711 1283 5764; x_wconf 82' lang='grc' dir='ltr'>δὲ</span> <span class='ocrx_word' id='word_1_747' title='bbox 1320 5711 1421 5781; x_wconf 83' lang='grc' dir='ltr'><strong>τῆς</strong></span> <span class='ocrx_word' id='word_1_748' title='bbox 1453 5714 1868 5768; x_wconf 82' lang='grc' dir='ltr'>Κωνσταντίνου</span> 
     </span>
    </p>
   </div>
   <div class='ocr_carea' id='block_1_106' title="bbox 1975 4698 3554 4768">
    <p class='ocr_par' dir='ltr' id='par_1_106' title="bbox 1975 4698 3554 4768">
     <span class='ocr_line' id='line_1_106' title="bbox 1975 4698 3554 4768; baseline 0.006 -15"><span class='ocrx_word' id='word_1_749' title='bbox 1975 4700 2195 4768; x_wconf 89' lang='lat' dir='ltr'><strong>imperii</strong></span> <span class='ocrx_word' id='word_1_750' title='bbox 2259 4698 2553 4755; x_wconf 87' lang='lat' dir='ltr'><strong>Theodosii</strong></span> <span class='ocrx_word' id='word_1_751' title='bbox 2618 4703 2941 4758; x_wconf 89' lang='lat' dir='ltr'><strong>memoriam</strong></span> <span class='ocrx_word' id='word_1_752' title='bbox 2995 4703 3239 4766; x_wconf 77' lang='lat' dir='ltr'><strong>faciens.</strong></span> <span class='ocrx_word' id='word_1_753' title='bbox 3304 4708 3554 4763; x_wconf 85' lang='lat' dir='ltr'><strong>actiones</strong></span> 
     </span>
    </p>
   </div>
   <div class='ocr_carea' id='block_1_107' title="bbox 1976 4791 3553 4867">
    <p class='ocr_par' dir='ltr' id='par_1_107' title="bbox 1976 4791 3553 4867">
     <span class='ocr_line' id='line_1_107' title="bbox 1976 4791 3553 4867; baseline 0.005 -22"><span class='ocrx_word' id='word_1_754' title='bbox 1976 4791 2156 4861; x_wconf 80' lang='lat' dir='ltr'><strong>magni</strong></span> <span class='ocrx_word' id='word_1_755' title='bbox 2210 4792 2499 4847; x_wconf 79' lang='lat' dir='ltr'><strong>Athanasii</strong></span> <span class='ocrx_word' id='word_1_756' title='bbox 2554 4802 2705 4848; x_wconf 91' lang='lat' dir='ltr'><strong>tanto</strong></span> <span class='ocrx_word' id='word_1_757' title='bbox 2751 4804 2875 4864; x_wconf 88' lang='lat' dir='ltr'><strong>post</strong></span> <span class='ocrx_word' id='word_1_758' title='bbox 2907 4804 3154 4865; x_wconf 87' lang='lat' dir='ltr'><strong>tempore</strong></span> <span class='ocrx_word' id='word_1_759' title='bbox 3193 4799 3394 4867; x_wconf 85' lang='lat' dir='ltr'><strong>repetit</strong></span> <span class='ocrx_word' id='word_1_760' title='bbox 3432 4817 3444 4852; x_wconf 92' lang='lat'>:</span> <span class='ocrx_word' id='word_1_761' title='bbox 3494 4810 3553 4853; x_wconf 93' lang='lat' dir='ltr'><strong>et</strong></span> 
     </span>
    </p>
   </div>
   <div class='ocr_carea' id='block_1_108' title="bbox 1973 4885 3547 4954">
    <p class='ocr_par' dir='ltr' id='par_1_108' title="bbox 1973 4885 3547 4954">
     <span class='ocr_line' id='line_1_108' title="bbox 1973 4885 3547 4954; baseline 0.005 -16"><span class='ocrx_word' id='word_1_762' title='bbox 1973 4885 2438 4939; x_wconf 83' lang='lat' dir='ltr'><strong>consuetudinem</strong></span> <span class='ocrx_word' id='word_1_763' title='bbox 2475 4886 2619 4940; x_wconf 88' lang='lat' dir='ltr'><strong>hanc</strong></span> <span class='ocrx_word' id='word_1_764' title='bbox 2665 4902 2773 4939; x_wconf 86' lang='lat' dir='ltr'><strong>non</strong></span> <span class='ocrx_word' id='word_1_765' title='bbox 2824 4887 2880 4940; x_wconf 92' lang='lat' dir='ltr'><strong>in</strong></span> <span class='ocrx_word' id='word_1_766' title='bbox 2938 4889 3032 4942; x_wconf 88' lang='lat' dir='ltr'><strong>illo</strong></span> <span class='ocrx_word' id='word_1_767' title='bbox 3074 4898 3305 4954; x_wconf 84' lang='lat' dir='ltr'><strong>tantum,</strong></span> <span class='ocrx_word' id='word_1_768' title='bbox 3354 4906 3547 4947; x_wconf 89' lang='lat' dir='ltr'><strong>verum</strong></span> 
     </span>
    </p>
   </div>
   <div class='ocr_carea' id='block_1_109' title="bbox 1971 4978 3546 5052">
    <p class='ocr_par' dir='ltr' id='par_1_109' title="bbox 1971 4978 3546 5052">
     <span class='ocr_line' id='line_1_109' title="bbox 1971 4978 3546 5052; baseline 0.004 -21"><span class='ocrx_word' id='word_1_769' title='bbox 1971 4979 2137 5031; x_wconf 81' lang='lat' dir='ltr'><strong>etiam</strong></span> <span class='ocrx_word' id='word_1_770' title='bbox 2194 4978 2249 5031; x_wconf 90' lang='lat' dir='ltr'><strong>in</strong></span> <span class='ocrx_word' id='word_1_771' title='bbox 2308 4980 2496 5032; x_wconf 85' lang='lat' dir='ltr'><strong>multis</strong></span> <span class='ocrx_word' id='word_1_772' title='bbox 2539 4979 2666 5032; x_wconf 87' lang='lat' dir='ltr'><strong>aliis</strong></span> <span class='ocrx_word' id='word_1_773' title='bbox 2716 4987 2923 5033; x_wconf 85' lang='lat' dir='ltr'><strong>servat.</strong></span> <span class='ocrx_word' id='word_1_774' title='bbox 2983 4980 3108 5034; x_wconf 61' lang='grc' dir='ltr'>ωλι-ο</span> <span class='ocrx_word' id='word_1_775' title='bbox 3154 4980 3220 5033; x_wconf 89' lang='lat' dir='ltr'><strong>de</strong></span> <span class='ocrx_word' id='word_1_776' title='bbox 3270 4981 3546 5052; x_wconf 87' lang='lat' dir='ltr'><strong>Philippo.</strong></span> 
     </span>
    </p>
   </div>
   <div class='ocr_carea' id='block_1_110' title="bbox 1973 5068 3550 5151">
    <p class='ocr_par' dir='ltr' id='par_1_110' title="bbox 1973 5068 3550 5151">
     <span class='ocr_line' id='line_1_110' title="bbox 1973 5068 3550 5151; baseline 0.004 -28"><span class='ocrx_word' id='word_1_777' title='bbox 1973 5071 2145 5123; x_wconf 81' lang='lat' dir='ltr'><strong>Porro</strong></span> <span class='ocrx_word' id='word_1_778' title='bbox 2188 5068 2463 5140; x_wconf 76' lang='lat' dir='ltr'><strong>Cyziceno</strong></span> <span class='ocrx_word' id='word_1_779' title='bbox 2514 5072 2776 5151; x_wconf 72' lang='lat' dir='ltr'><strong>episcopo</strong></span> <span class='ocrx_word' id='word_1_780' title='bbox 2815 5083 3055 5135; x_wconf 82' lang='lat' dir='ltr'><strong>mortuo.</strong></span> <span class='ocrx_word' id='word_1_781' title='bbox 3112 5071 3352 5127; x_wconf 88' lang='lat' dir='ltr'><strong>Sisinius</strong></span> <span class='ocrx_word' id='word_1_782' title='bbox 3403 5076 3550 5129; x_wconf 80' lang='lat' dir='ltr'><strong>divi—</strong></span> 
     </span>
    </p>
   </div>
   <div class='ocr_carea' id='block_1_111' title="bbox 1975 5161 3549 5234">
    <p class='ocr_par' dir='ltr' id='par_1_111' title="bbox 1975 5161 3549 5234">
     <span class='ocr_line' id='line_1_111' title="bbox 1975 5161 3549 5234; baseline 0.004 -20"><span class='ocrx_word' id='word_1_783' title='bbox 1975 5178 2106 5215; x_wconf 89' lang='lat' dir='ltr'><strong>num</strong></span> <span class='ocrx_word' id='word_1_784' title='bbox 2160 5161 2410 5216; x_wconf 82' lang='lat' dir='ltr'><strong>Proclum</strong></span> <span class='ocrx_word' id='word_1_785' title='bbox 2481 5163 2729 5217; x_wconf 66' lang='lat' dir='ltr'><strong>ecclesiae</strong></span> <span class='ocrx_word' id='word_1_786' title='bbox 2783 5161 2965 5229; x_wconf 73' lang='lat' dir='ltr'><strong>Cyzici</strong></span> <span class='ocrx_word' id='word_1_787' title='bbox 3020 5165 3338 5234; x_wconf 87' lang='lat' dir='ltr'><strong>episcopum</strong></span> <span class='ocrx_word' id='word_1_788' title='bbox 3392 5166 3549 5220; x_wconf 83' lang='lat' dir='ltr'><strong>ordi-</strong></span> 
     </span>
    </p>
   </div>
   <div class='ocr_carea' id='block_1_112' title="bbox 1976 5254 3549 5331">
    <p class='ocr_par' dir='ltr' id='par_1_112' title="bbox 1976 5254 3549 5331">
     <span class='ocr_line' id='line_1_112' title="bbox 1976 5254 3549 5331; baseline 0.005 -24"><span class='ocrx_word' id='word_1_789' title='bbox 1976 5263 2070 5307; x_wconf 89' lang='lat' dir='ltr'><strong>nat</strong></span> <span class='ocrx_word' id='word_1_790' title='bbox 2103 5255 2205 5324; x_wconf 67' lang='grc' dir='ltr'><strong>(Ξ).</strong></span> <span class='ocrx_word' id='word_1_791' title='bbox 2252 5254 2508 5308; x_wconf 88' lang='lat' dir='ltr'><strong>Sedcnint</strong></span> <span class='ocrx_word' id='word_1_792' title='bbox 2539 5270 2665 5308; x_wconf 88' lang='lat' dir='ltr'><strong>cum</strong></span> <span class='ocrx_word' id='word_1_793' title='bbox 2699 5255 2942 5331; x_wconf 42' lang='lat' dir='ltr'><strong>Proclus,</strong></span> <span class='ocrx_word' id='word_1_794' title='bbox 2993 5265 3051 5308; x_wconf 89' lang='lat' dir='ltr'><strong>ut</strong></span> <span class='ocrx_word' id='word_1_795' title='bbox 3076 5272 3144 5310; x_wconf 91' lang='lat' dir='ltr'><strong>co</strong></span> <span class='ocrx_word' id='word_1_796' title='bbox 3173 5259 3452 5325; x_wconf 88' lang='lat' dir='ltr'><strong>transiret,</strong></span> <span class='ocrx_word' id='word_1_797' title='bbox 3490 5261 3549 5317; x_wconf 87' lang='lat' dir='ltr'><strong>in</strong></span> 
     </span>
    </p>
   </div>
   <div class='ocr_carea' id='block_1_113' title="bbox 1978 5347 3575 5420">
    <p class='ocr_par' dir='ltr' id='par_1_113' title="bbox 1978 5347 3575 5420">
     <span class='ocr_line' id='line_1_113' title="bbox 1978 5347 3575 5420; baseline 0.003 -20"><span class='ocrx_word' id='word_1_798' title='bbox 1978 5347 2265 5416; x_wconf 80' lang='lat' dir='ltr'><strong>procinctu</strong></span> <span class='ocrx_word' id='word_1_799' title='bbox 2320 5356 2489 5409; x_wconf 86' lang='lat' dir='ltr'><strong>esset,</strong></span> <span class='ocrx_word' id='word_1_800' title='bbox 2541 5347 2792 5401; x_wconf 90' lang='lat' dir='ltr'><strong>homines</strong></span> <span class='ocrx_word' id='word_1_801' title='bbox 2837 5348 2914 5402; x_wconf 90' lang='lat' dir='ltr'><strong>ibi</strong></span> <span class='ocrx_word' id='word_1_802' title='bbox 2965 5348 3285 5417; x_wconf 85' lang='lat' dir='ltr'><strong>episcopum</strong></span> <span class='ocrx_word' id='word_1_803' title='bbox 3339 5349 3575 5420; x_wconf 50' lang='lat' dir='ltr'><strong>praevef</strong></span> 
     </span>
    </p>
   </div>
   <div class='ocr_carea' id='block_1_114' title="bbox 1974 5438 3548 5509">
    <p class='ocr_par' dir='ltr' id='par_1_114' title="bbox 1974 5438 3548 5509">
     <span class='ocr_line' id='line_1_114' title="bbox 1974 5438 3548 5509; baseline 0.004 -17"><span class='ocrx_word' id='word_1_804' title='bbox 1974 5441 2190 5493; x_wconf 89' lang='lat' dir='ltr'><strong>nientes</strong></span> <span class='ocrx_word' id='word_1_805' title='bbox 2242 5438 2570 5493; x_wconf 73' lang='lat' dir='ltr'><strong>ordinarunt</strong></span> <span class='ocrx_word' id='word_1_806' title='bbox 2626 5439 2958 5493; x_wconf 89' lang='lat' dir='ltr'><strong>Dalmatium</strong></span> <span class='ocrx_word' id='word_1_807' title='bbox 2999 5442 3315 5509; x_wconf 84' lang='lat' dir='ltr'><strong>quemdam,</strong></span> <span class='ocrx_word' id='word_1_808' title='bbox 3368 5444 3548 5499; x_wconf 86' lang='lat' dir='ltr'><strong>virum</strong></span> 
     </span>
    </p>
   </div>
   <div class='ocr_carea' id='block_1_115' title="bbox 1975 5532 3550 5590">
    <p class='ocr_par' dir='ltr' id='par_1_115' title="bbox 1975 5532 3550 5590">
     <span class='ocr_line' id='line_1_115' title="bbox 1975 5532 3550 5590; baseline 0.006 -9"><span class='ocrx_word' id='word_1_809' title='bbox 1975 5533 2348 5583; x_wconf 82' lang='lat' dir='ltr'><strong>venerandum</strong></span> <span class='ocrx_word' id='word_1_810' title='bbox 2405 5540 2463 5585; x_wconf 92' lang='lat' dir='ltr'><strong>et</strong></span> <span class='ocrx_word' id='word_1_811' title='bbox 2496 5532 2550 5586; x_wconf 91' lang='lat' dir='ltr'><strong>in</strong></span> <span class='ocrx_word' id='word_1_812' title='bbox 2590 5532 2912 5587; x_wconf 85' lang='lat' dir='ltr'><strong>monasticis</strong></span> <span class='ocrx_word' id='word_1_813' title='bbox 2956 5533 3244 5588; x_wconf 85' lang='lat' dir='ltr'><strong>laboribus</strong></span> <span class='ocrx_word' id='word_1_814' title='bbox 3273 5538 3550 5590; x_wconf 81' lang='lat' dir='ltr'><strong>exercita-</strong></span> 
     </span>
    </p>
   </div>
   <div class='ocr_carea' id='block_1_116' title="bbox 1977 5621 3544 5697">
    <p class='ocr_par' dir='ltr' id='par_1_116' title="bbox 1977 5621 3544 5697">
     <span class='ocr_line' id='line_1_116' title="bbox 1977 5621 3544 5697; baseline 0.004 -23"><span class='ocrx_word' id='word_1_815' title='bbox 1977 5629 2112 5674; x_wconf 88' lang='lat' dir='ltr'><strong>tmn.</strong></span> <span class='ocrx_word' id='word_1_816' title='bbox 2161 5621 2217 5674; x_wconf 88' lang='lat' dir='ltr'><strong>Id</strong></span> <span class='ocrx_word' id='word_1_817' title='bbox 2275 5623 2350 5676; x_wconf 84' lang='lat' dir='ltr'><strong>illi</strong></span> <span class='ocrx_word' id='word_1_818' title='bbox 2406 5624 2681 5689; x_wconf 79' lang='lat' dir='ltr'><strong>fecerunt,</strong></span> <span class='ocrx_word' id='word_1_819' title='bbox 2719 5627 3004 5680; x_wconf 83' lang='lat' dir='ltr'><strong>sanctione</strong></span> <span class='ocrx_word' id='word_1_820' title='bbox 3054 5626 3147 5680; x_wconf 88' lang='lat' dir='ltr'><strong>illa</strong></span> <span class='ocrx_word' id='word_1_821' title='bbox 3197 5637 3544 5697; x_wconf 86' lang='lat' dir='ltr'><strong>contempta,</strong></span> 
     </span>
    </p>
   </div>
   <div class='ocr_carea' id='block_1_117' title="bbox 1973 5718 3547 5788">
    <p class='ocr_par' dir='ltr' id='par_1_117' title="bbox 1973 5718 3547 5788">
     <span class='ocr_line' id='line_1_117' title="bbox 1973 5718 3547 5788; baseline 0.003 -21"><span class='ocrx_word' id='word_1_822' title='bbox 1973 5728 2095 5783; x_wconf 64' lang='lat' dir='ltr'><strong>quae</strong></span> <span class='ocrx_word' id='word_1_823' title='bbox 2148 5724 2345 5781; x_wconf 65' lang='lat' dir='ltr'><strong>prmter</strong></span> <span class='ocrx_word' id='word_1_824' title='bbox 2377 5722 2707 5773; x_wconf 83' lang='lat' dir='ltr'><strong>sententiam</strong></span> <span class='ocrx_word' id='word_1_825' title='bbox 2762 5720 3003 5788; x_wconf 90' lang='lat' dir='ltr'><strong>episcopi</strong></span> <span class='ocrx_word' id='word_1_826' title='bbox 3035 5718 3547 5786; x_wconf 38' lang='lat' dir='ltr'><strong>Constantinopoli-</strong></span> 
     </span>
    </p>
   </div>
   <div class='ocr_carea' id='block_1_118' title="bbox 361 5893 3321 5972">
    <p class='ocr_par' dir='ltr' id='par_1_118' title="bbox 361 5893 3321 5972">
     <span class='ocr_line' id='line_1_118' title="bbox 361 5893 3321 5972; baseline 0.002 -22"><span class='ocrx_word' id='word_1_827' title='bbox 361 5894 436 5970; x_wconf 75' lang='lat'><strong>(2)</strong></span> <span class='ocrx_word' id='word_1_828' title='bbox 478 5898 731 5952; x_wconf 80' lang='lat' dir='ltr'><strong>Socrates</strong></span> <span class='ocrx_word' id='word_1_829' title='bbox 774 5894 932 5958; x_wconf 86' lang='lat' dir='ltr'><strong>dicit,</strong></span> <span class='ocrx_word' id='word_1_830' title='bbox 982 5893 1160 5963; x_wconf 80' lang='lat' dir='ltr'><strong>legem</strong></span> <span class='ocrx_word' id='word_1_831' title='bbox 1211 5894 1349 5951; x_wconf 87' lang='lat' dir='ltr'><strong>hanc</strong></span> <span class='ocrx_word' id='word_1_832' title='bbox 1395 5898 1463 5953; x_wconf 88' lang='lat' dir='ltr'><strong>de</strong></span> <span class='ocrx_word' id='word_1_833' title='bbox 1509 5902 1671 5955; x_wconf 86' lang='lat' dir='ltr'><strong>unius</strong></span> <span class='ocrx_word' id='word_1_834' title='bbox 1700 5901 1864 5957; x_wconf 81' lang='lat' dir='ltr'><strong>Attici</strong></span> <span class='ocrx_word' id='word_1_835' title='bbox 1908 5916 2140 5971; x_wconf 86' lang='lat' dir='ltr'><strong>persona</strong></span> <span class='ocrx_word' id='word_1_836' title='bbox 2172 5900 2537 5956; x_wconf 85' lang='lat' dir='ltr'><strong>constitutam</strong></span> <span class='ocrx_word' id='word_1_837' title='bbox 2570 5899 2757 5958; x_wconf 79' lang='lat' dir='ltr'><strong>fuisse.</strong></span> <span class='ocrx_word' id='word_1_838' title='bbox 2790 5900 2909 5957; x_wconf 85' lang='lat' dir='ltr'><strong>Lib.</strong></span> <span class='ocrx_word' id='word_1_839' title='bbox 2949 5920 3046 5969; x_wconf 79' lang='lat' dir='ltr'><strong>vn,</strong></span> <span class='ocrx_word' id='word_1_840' title='bbox 3078 5917 3199 5972; x_wconf 82' lang='lat' dir='ltr'><strong>cap.</strong></span> <span class='ocrx_word' id='word_1_841' title='bbox 3230 5900 3321 5956; x_wconf 79' lang='lat'><strong>9.8.</strong></span> 
     </span>
    </p>
   </div>
  </div>
