4036 6588
473 401 610 467 1155
1689 409 2110 469 NICEPIIORI
2151 409 2499 471 CALLISTI

472 522 583 575 lani
641 520 1048 575 ordinationem
1121 521 1238 576 ﬁeri
1305 533 1471 578 vetat.
1531 523 1644 580 Hoc
1695 528 1787 580 ubi
1845 528 1917 580 ita
1966 533 2051 580 est

2165 527 2518 600 Ἐκκλησίαις
2539 530 2616 600 τῷ
2644 531 2924 585 διδάσκειν
2946 532 3144 586 ἀνθῶν.
3172 532 3308 603 Περὶ
3343 532 3444 603 μὲν
3465 533 3531 604 δὴ
3555 535 3756 589 τούτου

470 613 698 676 factum,
763 614 992 669 Proclus
1056 631 1162 668 non
1225 618 1628 701 oppugnavit:
1689 629 1745 673 et
1803 616 2052 673 ecclesia:

2162 625 2302 675 κατὰ
2342 623 2530 694 χώραν
2556 628 2650 679 καὶ
2685 623 2840 687 αὖθις
2876 626 3010 696 ἐρῶ.

470 710 692 779 quidem
721 711 859 765 nulli
883 713 1124 782 prmiuit,
1155 712 1317 782 502
1355 713 1408 768 in
1433 714 2048 786 Constantinopolitana
2087 728 2271 772 autem
2313 721 2564 776 Ecclesia
2625 722 2878 778 docendo
2914 723 3123 779 ﬂoruit.
3166 724 3241 780 De
3272 740 3382 795 quo
3415 735 3604 796 postea
3629 726 3761 780 loco

3613 419 3759 483 11.56

467 822 571 860 suo
601 809 802 863 dicam.

1077 947 1299 1006 CAPUT
1350 950 1519 1006 XXX.

476 1059 552 1114 De
591 1061 975 1142 “maximarum
1038 1063 1416 1142 episcopalium
1479 1069 1684 1124 sedium
1752 1074 2048 1142 prmfectis,

545 1131 771 1208 aliisque
792 1133 984 1184 virtute
1011 1144 1170 1202 atque
1194 1135 1438 1192 doctrina
1459 1131 1833 1208 praestantibus
1857 1131 2051 1198 diuinis

543 1206 695 1258 viris.

546 1319 784 1374 Sisinius
812 1330 1102 1390 postquam
1142 1323 1195 1376 in
1221 1324 1548 1393 episcopatu
1598 1343 1706 1382 non
1736 1329 2052 1386 duos-inte-

474 1429 601 1483 gros
623 1415 1022 1480 exegitannos.
1063 1415 1321 1483 decessit,
1360 1421 1614 1474 castitate
1647 1421 1772 1474 vita:
1821 1433 1877 1476 et
1924 1440 2056 1492 pau-

474 1523 667 1576 perum
720 1525 875 1571 cura,
922 1511 1386 1578 quemadmodum
1468 1504 1732 1574 dixii'nus.
1795 1516 2052 1570 celebris.

476 1601 719 1653 Moribus
744 1600 980 1657 aﬂabilis
1011 1613 1062 1656 et
1096 1601 1329 1672 simplex
1361 1603 1484 1670 fuit,
1522 1620 1551 1658 a
1599 1606 1836 1674 negotiis
1868 1618 1924 1660 et
1975 1624 2056 1660 re-

477 1709 597 1748 rum
647 1694 960 1749 actionibus
990 1695 1317 1759 abhorrens,
1374 1713 1537 1766 quam
1591 1701 1664 1751 ob
1715 1715 1934 1752 causam
1996 1699 2051 1752 in

471 1805 568 1843 eos
595 1791 688 1859 qui
732 1791 950 1845 curiose
1014 1806 1072 1845 se
1133 1790 1370 1860 negotiis
1412 1792 1745 1858 immiscent,
1803 1794 2056 1850 acerbior

472 1893 615 1945 erat,
644 1884 788 1953 apud
824 1900 964 1953 quos
985 1895 1174 1939 contra
1221 1893 1276 1938 ct
1301 1885 1419 1953 ipse
1474 1901 1582 1939 non
1634 1887 1926 1940 admodum
1961 1888 2056 1941 de-
2086 1901 2129 1960 Β

472 1985 686 2030 centem
721 1977 948 2047 gloriam
977 1987 1064 2032 est
1087 1988 1440 2032 consecutus.
1473 1979 1820 2040 Innocentio.
1841 1985 2054 2050 optimo

474 2066 630 2120 urbis
669 2068 855 2121 Roma:
887 2068 1172 2138 episcopo,
1203 2068 1522 2123 Bonifacius
1544 2069 1814 2124 successit
1845 2089 1859 2125 :
1890 2081 2055 2140 atque

474 2159 602 2214 huic
625 2160 900 2227 Zosimus,
927 2161 1150 2215 Zosimn
1183 2178 1402 2216 rursum
1437 2162 1799 2219 admirandus
1827 2164 2058 2220 Celesti-

474 2270 599 2307 nus.
632 2253 979 2309 Alexandria:
1005 2254 1242 2326 Cyrillus
1273 2255 1453 2310 adhuc
1493 2256 1716 2310 enituit.
1747 2256 2058 2311 Antioohize

471 2361 626 2410 vero,
653 2346 842 2400 divino
863 2347 1177 2404 Alexandro
1232 2347 1560 2403 Theodotus
1615 2348 1671 2402 in
1729 2350 2055 2419 episcopatu

473 2435 810 2512 subrOgatus
850 2453 956 2504 est.
1001 2442 1276 2497 castitatis
1308 2441 1479 2496 decus
1529 2452 1584 2495 et
1641 2451 2054 2504 ornamentum,

475 2551 691 2589 morum
733 2537 818 2589 vir
847 2535 1271 2590 mansuetudine
1317 2535 1384 2606 (si
1419 2535 1545 2605 quis
1584 2534 1747 2602 alius)
1773 2544 1828 2588 et
1863 2534 1978 2602 ipse
2001 2542 2059 2587 et

473 2637 737 2697 prrcterea
767 2639 958 2684 exacta
1000 2627 1226 2683 vivendi
1291 2627 1501 2682 ratione
1533 2627 1771 2681 maxime
1803 2635 2052 2680 ornatus.

473 2721 571 2776 llic
598 2723 946 2777 sodalitatem
992 2721 1329 2792 Apollinaris
1361 2721 1586 2777 scissam
1616 2721 1833 2789 reliquo
1866 2720 2057 2774 ortho-

471 2815 737 2869 doxorum
763 2824 818 2869 et
851 2825 1001 2870 recte
1027 2814 1388 2870 sentientium
1421 2814 1592 2884 gregi,
1627 2814 1882 2882 precibus
1906 2814 2052 2882 apud

471 2909 641 2962 Deum
683 2908 1049 2975 interpositis,
1107 2907 1433 2969 immiscuit,
1466 2922 1572 2962 una
1605 2905 1852 2962 Ecclesia
1888 2905 2052 2962 facta.

471 3000 672 3055 Verum
703 3001 782 3056 sic
809 3015 1029 3070 quoque
1066 3001 1223 3055 multi
1261 3001 1315 3056 in
1348 3002 1602 3057 instituto
1643 3015 1746 3054 suo
1792 3015 2055 3069 perman-

469 3103 684 3156 serunt,
723 3095 905 3148 labem
941 3093 1232 3165 pristinam
1295 3094 1465 3150 veluti
1523 3094 1853 3163 praeclarum
1888 3091 2054 3162 quid-

471 3187 595 3241 dam
625 3189 952 3244 retinentes.
995 3187 1388 3260 llierosoiymis
1410 3187 1615 3259 Cyrillo
1643 3186 1866 3241 divinus
1885 3185 2055 3241 Joan-

2769 953 3020 1008 ΚΕΦΛΛ.
3067 954 3149 1006 A'.

2163 1067 2302 1137 Περὶ
2353 1067 2472 1120 τῶν
2532 1068 2603 1120 ἐν
2658 1067 2783 1141 τοῖς
2813 1067 3146 1141 ’,μεγίστοις
3184 1066 3304 1141 τῶν
3341 1071 3582 1141 θρόνων
3611 1092 3757 1141 προ-

2233 1141 2628 1211 εδρευόντων,
2664 1138 3009 1211 καλάμων
3036 1138 3217 1206 ἀρετῇ
3268 1139 3480 1208 λόγοις
3511 1138 3758 1211 διαπλας-

2231 1215 2471 1264 πόντων
2491 1210 2668 1262 θείων
2689 1208 2949 1276 ἀνδρῶν.

2230 1325 2464 1386 Σισίνιος
2495 1324 2574 1388 δέ,
2611 1324 2734 1377 οὐδὲ
2781 1325 2936 1388 ὅλους
2968 1325 3064 1378 δύο
3085 1325 3381 1397 διαρκέσας
3433 1328 3755 1396 ἐνιαυτῶν,

2158 1417 2438 1480 ἐτελεύτα,
2471 1415 2728 1486 ὀρθότητι
2763 1416 2880 1486 βίου
2917 1416 3198 1486 σώφρονος
3225 1419 3321 1472 καὶ
3371 1419 3754 1490 φιλοπτωχία,

2157 1509 2231 1570 ώς
2265 1511 2508 1578 εἴρηται,
2542 1508 2895 1579 περιώνυμος
2917 1524 2931 1539 ·
2963 1509 3022 1560 τὸ
3056 1510 3113 1562 δέ
3135 1503 3268 1578 ἦθος
3298 1511 3629 1584 εὐπρόσιτος
3655 1513 3757 1563 καὶ

2159 1601 2388 1665 ἁπλοῦς,
2436 1605 2535 1656 καὶ.
2579 1602 2988 1674 ἀπραγμοσύνῃ
3054 1603 3268 1667 συζῶν·
3304 1604 3430 1658 ὅθεν
3478 1605 3577 1657 καὶ
3634 1609 3756 1666 τοῖς

2159 1693 2574 1762 φιλοπράγμοσι
2622 1694 2869 1763 λυπηρός
2915 1690 3007 1765 ἦν,
3054 1695 3126 1749 δι’
3179 1697 3208 1748 δ
3255 1697 3350 1749 καὶ
3385 1700 3516 1768 παρ’
3561 1699 3755 1758 αὐτοῖς

2158 1785 2316 1850 δόξαν
2349 1781 2499 1855 εῖχεν
2554 1788 2655 1839 οὐκ
2719 1788 2995 1859 εὐπρεπῆ.
3036 1789 3385 1843 Ἰννοκέντιον
3423 1791 3482 1843 δὲ
3534 1791 3754 1844 ἐκείνων

2157 1881 2248 1931 τὸν
2278 1881 2503 1950 ἄριστον
2533 1881 2632 1950 τῆς
2661 1880 2885 1952 Ῥώμης
2933 1883 3233 1936 ἐπίσκοπον
3279 1884 3602 1954 Βονιφὰτιος
3637 1885 3755 1936 διε-

2159 1972 2378 2041 δέχετοο
2415 1973 2506 2025 τὸν
2571 1974 2628 2026 δέ
2663 1973 2912 2043 Ζώσιμος
2941 1991 2955 2006 ·
2999 1976 3089 2028 τὸν
3122 1977 3178 2029 δέ
3227 1977 3479 2046 Ζώσιμον
3513 1976 3676 2038 αὖθις
3724 1981 3753 2028 ὁ

2160 2063 2449 2124 Θεσπέσιος
2512 2064 2858 2127 Κελεστῖνος.
2903 2067 3055 2118 Κατὰ
3111 2066 3168 2119 δὲ
3219 2068 3320 2136 τὴν
3378 2067 3749 2134 Ἀ).εξά·.δρου

2164 2155 2432 2224 Κύριλλος
2466 2154 2548 2208 ἔτι
2578 2157 2898 2226 διέπρεπεν.
2935 2159 3025 2211 Ἑν
3053 2158 3099 2211 δ’
3131 2159 3439 2230 Ἀντιοχείᾳ⁴
3475 2163 3618 2230 μετὰ
3651 2166 3750 2214 τὶν

2161 2247 2306 2300 θεῖον
2339 2247 2696 2319 Ἀλέξανδρον
2731 2249 2989 2314 Θεόδοτος
3023 2253 3333 2320 ἱεράτευσε,
3369 2252 3468 2322 τῆς
3527 2270 3750 2324 σωφρο-

2161 2341 2325 2410 σύνης
2357 2345 2385 2393 ὁ
2415 2343 2789 2414 μαργαρίτης,
2820 2346 2994 2414 πρᾶος
3021 2347 3182 2415 εἴπερ
3209 2363 3293 2409 τις
3347 2345 3423 2399 ὢν
3455 2350 3554 2399 καὶ
3584 2347 3752 2416 ἀκρι-

2161 2434 2282 2506 6είᾳ
2311 2434 2430 2504 βίου
2466 2436 2613 2506 μάλα
2651 2438 3032 2508 κοσμούμενος
3059 2455 3072 2466 ·
3107 2439 3164 2502 ὃς
3198 2439 3265 2509 δὴ
3301 2441 3400 2493 καὶ
3429 2442 3491 2492 ab
3514 2441 3752 2512 διερρω-

2158 2527 2252 2595 γὸς
2281 2529 2381 2596 τῆς
2419 2530 2834 2600 Ἀπολλιναρίου
2868 2533 3127 2602 φατρίας,
3162 2537 3227 2604 τῇ
3260 2537 3424 2605 λοιπῇ
3452 2534 3567 2588 τῶν
3586 2537 3752 2604 ὀρθο-

2157 2620 2324 2685 δόξων
2353 2623 2560 2695 ποίμνῃ
2588 2624 2937 2694 λιπαρηθεὶς,
2966 2626 3216 2693 ἀνέμιξε,
3250 2630 3382 2697 μίαν
3409 2628 3748 2697 Ἐκκλησίαν

2147 2714 2416 2784 ποιήσας.
2453 2716 2646 2768 Πολλοὶ
2678 2716 2736 2770 δέ
2773 2718 2868 2770 καὶ
2918 2717 3063 2770 οὕτω
3093 2718 3375 2788 διέμειναν
3403 2722 3507 2791 τὴν
3541 2723 3752 2791 προτέ-

2162 2823 2261 2876 ραν
2322 2807 2507 2878 λώϐην
2563 2805 2742 2864 οἷά-τι
2796 2811 3074 2880 ἐπίσημον
3129 2814 3366 2882 ἔχοντες.
3409 2813 3502 2867 Ἐν
3535 2814 3595 2866 δέ
3632 2818 3752 2877 τοῖς

2169 2901 2569 2971 Ἱεροσολύμοις
2597 2903 2689 2957 τὸν
2719 2902 3012 2957 θεσπέσιον
3041 2906 3323 2976 Ἰωάννην,
3348 2907 3408 2972 ὃς
3438 2909 3581 2977 μετὰ
3626 2909 3752 2961 Κύ-

2162 2994 2346 3063 ριλλον
2372 2989 2462 3063 ἦν,
2498 2995 2803 3066 Ιιραΰλλιος
2861 3000 3000 3067 μετὰ
3030 3000 3270 3053 Νέπωτα
3307 3003 3432 3064 τοὺς
3480 3005 3582 3072 τῆς
3614 3003 3752 3056 Ἐκ-

2159 3089 2388 3160 κλησίας
2421 3091 2618 3153 οἴακας
2654 3093 2970 3154 πιστευθεὶς
2994 3093 3286 3163 διεδέχετο,
3321 3093 3457 3166 ἀνὴρ
3487 3095 3567 3166 τῷ
3622 3096 3753 3148 ὅντε

2161 3183 2524 3252 φερώνυμος⁹
2582 3183 3158 3256 οἶδ-τελευτήσαντος,
3223 3189 3583 3253 Ίουσενάλιος
3645 3191 3751 3242 τὸν

470 3295 569 3334 nes
608 3289 970 3335 successerat.
1010 3280 1217 3334 Deinde
1251 3291 1435 3335 autem
1468 3280 1903 3351 postNepotem,
1951 3281 2053 3335 Ec-

2161 3277 2327 3329 τόπον
2357 3282 2454 3348 τῆς
2485 3277 2698 3332 ἐκείνου
2723 3280 2977 3349 διαδοχῆς
3012 3281 3236 3352 ἁπεπλή
3249 3299 3366 3351 pou.
3406 3283 3534 3345 Τοῖς
3555 3283 3604 3336 δ’
3637 3284 3751 3336 αὐ-

469 3373 651 3428 clesia:
688 3374 760 3428 ibi
813 3375 1055 3429 habenas
1111 3374 1216 3428 sibi
1266 3375 1590 3430 commissas
1647 3375 2052 3445 gubernaverat

469 3468 762 3538 I’rayllins,
807 3484 865 3521 re
920 3468 1036 3535 ipsa
1093 3483 1194 3522 suo
1246 3466 1459 3520 nomini
1512 3465 1904 3535 respondens:
1940 3482 2050 3534 quo

471 3569 715 3623 mortuo,
749 3560 931 3614 locum
989 3560 1107 3630 ejus
1158 3575 1253 3627 per
1308 3557 1717 3612 successionem
1768 3557 2052 3611 Iuvenalis

468 3653 733 3707 obtinuit.
779 3653 868 3706 Eis
929 3652 1059 3721 ipsis
1107 3651 1268 3705 annis
1313 3651 1600 3706 ecclesiam
1653 3651 1776 3720 Cyri
1831 3667 2051 3720 quoque

467 3746 796 3816 gubernavit
825 3744 1094 3814 sapientia
1137 3755 1196 3796 et
1240 3745 1506 3800 doctrinis
1542 3760 1771 3814 magnus
1797 3744 2052 3798 Theodo-

471 3850 646 3904 retus,
678 3840 762 3893 vir
796 3840 848 3892 in
881 3838 1090 3893 Giaacis
1113 3839 1265 3908 juxta
1293 3847 1347 3893 et
1376 3837 1705 3892 Christianis
1738 3838 2052 3907 disciplinis

467 3935 788 4008 praeclarus,
827 3933 921 4003 qui
957 3934 1129 3988 libros
1169 3934 1371 3986 multos
1417 3934 1677 3988 Ecclesia:
1703 3934 1867 3988 utiles
1916 3935 2046 3988 reli-

466 4030 606 4096 quit.
649 4027 832 4097 V'iguit
884 4037 998 4081 tum
1052 4027 1219 4080 etiam
1268 4027 1594 4082 Theodorus
1646 4028 1738 4082 ille
1792 4028 2050 4098 Mopsue-

465 4121 691 4178 stiensis
728 4120 989 4176 Ecclesia:
1052 4119 1306 4182 antistes,
1359 4121 1454 4189 qui
1500 4137 1626 4174 cum
1684 4121 2047 4176 ecclesiarum

465 4213 713 4267 omnium
745 4212 939 4268 doctor
982 4213 1106 4274 luit,
1169 4223 1284 4264 tum
1348 4214 1612 4267 adversus
1655 4213 2046 4269 haereticorum

467 4306 765 4375 phalanges
790 4305 1028 4366 fortiter,
1059 4315 1118 4357 ut
1154 4305 1477 4373 primarium
1507 4305 1684 4358 virum
1715 4307 1894 4368 decet,
1931 4323 2044 4361 rem

465 4399 680 4468 gessit:
737 4396 946 4467 quique
985 4413 1110 4450 cum
1174 4398 1415 4450 Diodoro
1449 4413 1648 4467 magno
1704 4399 2050 4454 familiariter

465 4492 680 4553 vivens,
711 4490 939 4545 doctore
965 4505 1032 4545 eo
1063 4506 1194 4544 usus
1225 4502 1349 4545 est:
1395 4502 1451 4546 et
1482 4491 1690 4546 sodalis
1719 4503 1886 4562 atque
1916 4508 2049 4548 con-

465 4582 774 4651 discipulus
801 4582 912 4635 divi
947 4581 1194 4643 Joannis,
1228 4582 1387 4652 503
1418 4582 1624 4650 pariter
1654 4599 1778 4638 cum
1823 4601 1889 4639 eo
1922 4586 2050 4640 Dio—
2085 4618 2128 4672 Β

470 4676 668 4730 dorum
707 4674 946 4728 audivit.
1002 4674 1106 4728 Sex
1145 4676 1191 4728 is
1235 4685 1289 4728 et
1355 4677 1575 4745 triginta
1636 4694 1810 4731 annos
1859 4690 2048 4732 contra

465 4771 727 4824 Arianam
762 4768 1057 4822 factionem
1107 4779 1300 4839 aperto
1336 4769 1504 4824 Marte
1537 4772 1818 4841 pugnavit,
1857 4783 1914 4827 et
1951 4773 2050 4826 ad-

467 4879 662 4918 versus
722 4862 1058 4928 Apollinaris
1100 4862 1422 4932 praedonum
1461 4880 1611 4918 more
1641 4876 1879 4920 structas
1915 4865 2052 4919 insi-

465 4954 585 5007 dias
620 4964 938 5006 constanter
989 4952 1341 5008 decertavit:
1394 4955 1804 5009 iiaareditarium
1867 4967 2050 5011 autem

465 5048 673 5102 Christi
733 5048 994 5116 populum
1058 5047 1328 5101 doctrinis
1366 5048 1592 5118 optimis
1647 5061 1700 5101 et
1760 5052 2050 5119 prwceptis

465 5141 621 5193 fovit.
659 5141 789 5192 Erat
850 5139 978 5192 huic
1014 5139 1178 5192 etiam
1242 5139 1412 5193 frater
1466 5141 1885 5210 Polychronius,
1951 5143 2049 5211 qui

463 5238 674 5301 Optime
712 5234 866 5294 vixit,
894 5243 949 5286 et
976 5233 1163 5285 itidem
1197 5234 1405 5301 Optime
1434 5233 1646 5297 docuit,
1683 5235 1809 5286 vita:
1835 5234 2050 5288 scilicet

463 5343 526 5380 ex
553 5344 710 5395 zequti
739 5326 990 5379 doctrina
1056 5327 1448 5394 respondente.
1508 5326 1916 5394 Apamenorum
1955 5328 2047 5380 hic

462 5421 710 5473 ecclesia:
772 5421 1044 5488 pastorale
1097 5436 1297 5474 munus
1341 5420 1570 5473 sortitus
1621 5431 1724 5473 est.
1779 5419 2044 5474 Ecclesia:

463 5527 594 5566 vero
626 5513 918 5567 Edessena:
941 5513 1162 5566 divinus
1188 5514 1278 5566 ille
1307 5511 1524 5581 przefuit
1558 5511 1769 5576 Nonus,
1797 5513 1892 5582 qui
1929 5511 2044 5580 pri-

461 5605 692 5660 mariam
729 5605 783 5656 in
817 5606 953 5658 urbe
979 5606 1323 5659 Autiochcna
1376 5606 1506 5657 luxu
1543 5605 1812 5673 perditam
1848 5605 2041 5658 Mena-

459 5698 609 5763 dcm,
645 5699 942 5752 verborum
977 5703 1337 5768 persuasione
1370 5699 1688 5762 adductam,
1716 5710 1770 5751 et
1839 5709 2038 5767 prteter

457 5791 776 5860 Opinionem
809 5807 1026 5845 onmem
1064 5795 1174 5846 Deo
1209 5805 1604 5853 consecratam,
1651 5791 1947 5861 nympham
1987 5802 2042 5844 et

455 5898 712 5955 sponsam
749 5886 1096 5956 purissimam
1132 5887 1205 5940 illi
1258 5885 1692 5955 'eprmsentavit,
1740 5899 1837 5952 pro
1901 5883 2043 5936 Mar-

2156 3371 2272 3431 τοῖς
2299 3368 2449 3422 ἐτεσι
2480 3371 2578 3422 καὶ
2599 3370 2628 3420 ὁ
2661 3370 2827 3434 πολὺς
2865 3374 2920 3424 ἐν
2969 3373 3132 3440 σοφίᾳ.
3183 3374 3281 3426 καὶ
3310 3374 3493 3442 λόγοις
3530 3375 3753 3429 Θεοδώ-

2158 3479 2322 3530 ρητος
2357 3463 2458 3532 τὴν
2489 3463 2789 3534 Κυρεστῶν
2819 3466 3192 3533 ἐπετρόπευεν
3250 3468 3573 3538 ἐκκλησίαν,
3599 3471 3750 3541 ἀνὴρ

2134 3557 2249 3606 ’καὶ
2280 3556 2402 3608 κατ’
2434 3556 2602 3624 ἄμφω
2644 3555 2739 3614 τὰς
2801 3556 3056 3619 παιδείας
3109 3560 3174 3626 τῇ
3218 3556 3268 3611 θ’
3309 3557 3582 3630 Ἐλλήνων
3639 3567 3747 3613 καὶ

2153 3646 2503 3714 Χριστιανῶν
2533 3646 2826 3716 ἐπίσημος,
2868 3648 2959 3700 καὶ
2994 3648 3194 3712 πολλὰς
3215 3651 3280 3718 τῇ
3323 3650 3621 3721 Ἐκκλησία
3654 3652 3748 3720 βί-

2155 3734 2314 3798 ϐλους
2350 3737 2488 3789 πολὺ
2535 3738 2595 3788 τὸ
2627 3736 2907 3805 ὠφέλιμον
2950 3738 3183 3807 ἐχούσας
3214 3742 3554 3796 καταλιπών.
3593 3743 3748 3796 Ἥκ-

2158 3828 2295 3898 μαζε
2357 3831 2414 3882 δὲ
2467 3831 2564 3882 καὶ
2597 3830 2875 3899 Θεόδωρος
2924 3833 3140 3894 ἐκεῖνος
3195 3832 3574 3902 Μοψουεστίας
3635 3836 3748 3904 τὴν

2155 3922 2454 3992 ἐκκλησίαν
2477 3922 2698 3986 διέπων,
2720 3923 3040 3987 διδάσκαλος
3069 3925 3171 3993 μὲν
3195 3925 3376 3995 πάσης
3399 3927 3740 3998 Ἐκκλησίας

2154 4013 2253 4078 ὢν,
2280 4014 2421 4067 κατὰ
2448 4014 2504 4067 δὲ
2528 4016 2709 4086 πάσης
2734 4015 3028 4084 αἱρετικῶν
3062 4017 3346 4086 φάλαγγος
3379 4019 3690 4087 ἀριστεύων
3714 4035 3734 4050 ο

2153 4107 2210 4169 ὃς
2245 4109 2498 4176 Διοδώρῳ
2535 4107 2636 4176 μὲν
2684 4110 2762 4178 τῷ
2792 4109 2936 4162 πάνυ
2975 4111 3398 4180 συγγενόμενος,
3451 4113 3549 4182 τῆς
3583 4114 3740 4167 διδα-

2155 4202 2380 4264 σκαλίας
2406 4201 2714 4270 ἁπήλαυσε,
2733 4202 3098 4270 συγκοινωνὸς
3133 4203 3194 4256 δέ
3225 4205 3321 4256 καὶ
3354 4206 3742 4278 συμφοιτητὴς

2154 4293 2248 4345 τοῦ
2301 4295 2595 4346 θεσπεσίου
2624 4291 2876 4348 Ἰωάννου
2932 4295 3197 4361 ἐγένετο·
3238 4297 3437 4367 ἐπίσης
3477 4302 3583 4369 γὰρ
3639 4303 3742 4353 καὶ

2154 4391 2322 4457 ἄμφω
2355 4389 2454 4457 τῆς
2488 4389 2762 4461 Διοδώρου
2797 4387 3053 4458 γλώσσης
3083 4389 3392 4459 ἁπήλαυον.
3444 4383 3566 4443 Ἐπὶ
3597 4391 3660 4456 ἒξ
3681 4395 3742 4445 δέ

2155 4483 2248 4534 καὶ
2277 4482 2579 4550 τριάκοντα
2613 4481 2712 4550 ἐτη
2747 4477 2899 4544 οὗτος
2930 4480 3159 4536 διετέλει
3215 4485 3353 4534 κατὰ
3393 4482 3492 4550 τῆς
3515 4482 3742 4552 Ἀρεια-

2155 4576 2310 4643 νικῆς
2364 4576 2679 4645 συμμορίας
2739 4579 3267 4645 παραταττόμενος·
3322 4576 3418 4626 καὶ
3452 4577 3594 4628 κατὰ
3619 4578 3734 4629 τῶν

2158 4670 2333 4740 λόχων
2404 4669 2822 4741 Ἀπολλιναρίου
2884 4671 3198 4740 λῃστρικῶς
3269 4673 3739 4729 ἐπιϐουλευόντων

2159 4758 2404 4829 στερρῶς
2455 4758 2794 4826 ἠγωνίζετοο
2853 4761 2942 4812 τὸν
2979 4761 3218 4830 Χριστοῦ
3263 4762 3320 4815 δέ
3353 4763 3561 4834 κλῆρον
3612 4772 3737 4829 ταῖς

2155 4853 2409 4922 ἀρίσταις
2435 4853 2813 4916 διδασκαλίαις
2838 4855 3144 4923 διέτρεφεν.
3177 4854 3287 4908 Ἦν
3344 4858 3402 4912 δέ
3430 4859 3608 4930 τούτῳ
3643 4866 3742 4915 καὶ

2155 4951 2386 5016 ἁδελφὸς
2415 4949 2780 5019 ΙΙολυχρὸνιος
2825 4951 3022 5020 ὄνομα,
3056 4952 3268 5022 ἀρίστῳ
3319 4953 3420 5020 μὲν
3447 4955 3741 5024 χρώμενος

2155 5043 2278 5110 βίῳ,
2312 5043 2522 5095 καὶτὸν
2550 5043 2707 5110 λόγον
2745 5042 3043 5112 σύμφωνον
3091 5047 3169 5112 τῷ
3208 5044 3310 5114 βίῳ
3337 5047 3610 5109 πλουτῶν,
3639 5049 3741 5114 τῆς

2152 5133 2209 5186 δὲ
2247 5133 2546 5204 Ἀπαμέων
2599 5137 2901 5205 ἐκκλησίας
2940 5139 3038 5205 τὴν
3098 5139 3472 5209 ιποιμαντικὴν
3523 5139 3743 5209 κληρωο

2154 5228 2414 5291 σάμενος.
2453 5227 2564 5296 Τῆς
2599 5226 2643 5278 δ’
2687 5228 2746 5279 ἐν
2786 5229 3014 5300 Ἐδέσσῃ
3044 5229 3345 5300 ἐκκλησίας
3376 5230 3552 5292 Νόνος
3583 5232 3742 5283 ἐκεῖ·

2152 5335 2240 5380 νος
2291 5321 2652 5387 προειστήκει
2704 5324 2731 5373 ό
2767 5321 3068 5390 Θεοφόρος’

2152 5413 2208 5463 ἐν
2237 5414 2546 5484 Ἀντιοχείᾳ
2580 5414 2862 5482 μαινάδων
2885 5415 3068 5483 λόγοις
3102 5413 3432 5484 ὑπαγαγὼν,
3461 5418 3560 5470 καὶ
3583 5420 3745 5483 ἀφιε-

2153 5504 2334 5576 ρώσας
2367 5509 2526 5577 παρὰ
2560 5508 2720 5573 δόξαν
2754 5509 2895 5578 Θεῷ,
2931 5511 3150 5580 νύμφην
3181 5511 3489 5581 ἀγνοτάτην
3519 5510 3740 5578 προσῆ-

2149 5614 2243 5666 γεν
2276 5600 2447 5667 αὐτῷ,
2481 5601 2602 5654 ἀντὶ
2625 5601 2972 5672 Μαργαριτὼ
3005 5604 3284 5672 Πελαγίαν
3313 5606 3698 5673 κατονομασας
3717 5622 3732 5635 ·

2148 5695 2214 5746 δι’
2240 5689 2305 5766 ἧς
2338 5695 2400 5747 τὸ
2425 5695 2536 5747 τῶν
2566 5695 2728 5749 θείων
2761 5699 3053 5767 κριμάτων
3104 5700 3239 5752 Θεοῦ
3276 5701 3518 5767 πέλαγος
3548 5699 3616 5752 ἄν
3648 5717 3742 5764 τις,

2152 5789 2776 5858 οαυμὰσειεν.“ίὶκμαζε
2809 5790 2865 5842 δὲ
2894 5792 3124 5860 μάλιστα
3159 5793 3528 5862 διαφερόντως
3557 5795 3744 5861 ἀσκη-

2149 5883 2276 5948 τικῇ
2312 5881 2626 5952 παλαίστρα
2655 5885 2752 5937 καὶ
2779 5885 2883 5954 βίῳ
2921 5885 3183 5953 διαφανεῖ
3220 5886 3493 5955 Εὐθύμιος
3523 5886 3742 5946 ὲκεῖΑς

3109 5323 3167 5384 ὃς
3200 5323 3302 5392 τὴν
3338 5325 3572 5390 πρώτην
3632 5326 3745 5374 τών
