3962 6580
271 440 406 506 ιδτ
1190 433 1796 503 ECCLESIASTIC/E
1835 449 1844 504 ι

1949 445 2223 507 ΞΤΟΠΙᾸί
2258 449 2404 513 LIB.
2448 450 2602 514 XIV.
3382 457 3516 522 1158

262 563 290 613 ὁ
326 559 501 627 μέγας
530 558 558 608 ὁ
585 558 682 627 τὴν
705 557 914 630 ἔρημον
942 561 1022 622 είς
1045 557 1203 612 πόλιν
1232 558 1654 629 μετασκευάσας
1676 578 1689 591 ·
1724 563 1831 615 Συ-

1949 568 2110 636 ;arita
2160 569 2429 641 Pelagiani
2478 586 2600 625 eam
2656 572 3066 641 cognominans,
3127 577 3313 647 inqua
3366 590 3517 632 certe

268 650 415 720 μεών
448 666 504 702 τε
537 651 565 701 ό
599 649 696 719 τὴν
721 652 814 704 ἐπὶ
843 650 1037 704 στύλου
1088 651 1308 721 πρῶτος
1343 654 1672 720 κατοίκησιν
1703 653 1837 707 ὑπο-

1949 659 2143 714 merito
2174 661 2374 731 aliquis
2427 661 2603 717 divini
2649 662 2841 732 judicii
2893 666 3121 736 pelagus
3184 668 3515 725 admiretur.

250 744 445 807 ’δείξας
467 760 481 774 ⁸
524 742 719 805 Νεῖλός
753 761 811 796 τε
867 747 895 797 ό
927 744 1217 806 θεσπέσιος
1240 746 1487 816 ἀσκητής
1511 761 1526 776 ⁸
1572 747 1599 799 δ
1627 762 1689 798 τε
1739 745 1835 799 τοῦ

1949 754 2129 823 Viguit
2157 771 2288 810 vero
2317 764 2430 809 tum
2476 754 2711 809 maxime
2742 771 2960 824 quoque
2992 757 3048 811 in
3083 762 3314 814 ascetica
3348 762 3516 831 palae-

266 838 569 907 Πηλουσίου
603 838 893 909 Ίσίδωρος,
925 843 1019 894 καὶ
1055 844 1084 894 ό
1122 841 1562 913 πολυθρὺλλητος
1591 843 1839 915 ἀσκητὴς

1949 855 2051 899 stra
2089 845 2427 914 praecipuus,
2464 855 2520 901 et
2552 846 2660 900 vita
2699 847 3004 901 monastica
3059 849 3313 913 illustris,
3368 868 3519 918 mag-

262 934 515 1002 Μάρκος,
542 934 764 1005 Ἰωάννῃ
787 935 864 1003 τῷ
895 938 1037 989 πάνυ
1073 937 1513 1006 μαθητευθέντες
1534 953 1549 968 ⁶
1578 938 1673 991 καὶ
1697 939 1839 1005 Πρό-

1949 953 2046 991 uus
2073 938 2164 992 ille
2188 938 2540 1007 Euthymius,
2573 938 2668 1008 qui
2693 937 3048 993 solitudinem
3104 941 3159 995 in
3190 943 3345 996 urbis
3403 944 3517 996 for-

253 1026 388 1087 κλος
413 1026 443 1077 ό
473 1025 811 1092 θαυμαστὸς,
843 1012 1315 1097 σχολαῖοςδιάγων
1334 1047 1349 1061 ⁸
1372 1031 1469 1083 καὶ
1494 1028 1645 1083 ἄλλοι
1685 1028 1836 1080 τελεῖ-

1949 1041 2082 1079 mam
2108 1027 2339 1096 redegit.
2374 1028 2441 1081 Et
2474 1027 2710 1098 Symeon
2766 1030 2861 1099 qui
2920 1029 3133 1098 primus
3176 1020 3514 1086 domicilium

262 1132 402 1183 στοι,
438 1121 567 1189 περὶ
597 1115 671 1173 ὧν
702 1122 756 1182 ἐς
784 1121 1013 1189 ὕστερον
1043 1122 1397 1193 διαλήψομαι.

1949 1121 1992 1171 ἲιι
2023 1119 2277 1173 columna
2306 1119 2511 1174 habere
2541 1121 2778 1175 instituit
2812 1137 2828 1178 :
2863 1120 3090 1190 inSUper
3123 1122 3299 1185 Nilus,
3345 1123 3516 1178 Ascec

265 1224 348 1267 tes
380 1212 723 1267 venerandus
759 1234 766 1263 τ
810 1213 1049 1268 Isidorus
1081 1213 1379 1280 Pelusiota,
1410 1226 1467 1271 et
1516 1215 1841 1271 decantatus
1882 1212 2185 1267 monachus
2224 1211 2459 1276 Marcus,
2521 1213 2750 1267 Joannis
2816 1213 3000 1285 magni
3053 1214 3335 1284 discipuli.
3382 1216 3519 1270 Pro-

246 1313 383 1368 ~clus
406 1321 669 1382 praeterea
704 1308 802 1362 iile
846 1307 1226 1375 admirandus,
1254 1312 1495 1382 quietam
1548 1313 1750 1382 degens
1812 1309 2001 1373 vitam,
2034 1318 2092 1362 et
2143 1308 2236 1363 alii
2264 1309 2691 1379 quamplurimii,
2720 1310 2788 1364 de
2823 1310 3027 1380 quibus
3088 1322 3282 1383 postea
3340 1323 3398 1369 et
3435 1314 3518 1368 di-

248 1424 405 1463 "Caﬂl.

828 1545 1082 1602 ΚΕΦΔΛ.
1109 1550 1227 1603 Λλθ.

276 1639 371 1701 Ὠς
399 1641 549 1705 μετὰ
585 1641 855 1706 Σισίνιον
882 1641 1206 1706 Νεστόριος
1244 1643 1276 1693 d
1303 1638 1597 1707 aipstmdc
1648 1653 1835 1706 χειρο-

337 1708 588 1761 τονεῖται
614 1709 983 1774 ἐπίσκοποςο
1026 1710 1123 1762 καὶ
1159 1708 1239 1774 ὡς
1292 1710 1547 1778 συγχεῖν
1575 1708 1645 1772 ἐξ
1685 1709 1835 1763 ἀλα-

336 1778 568 1843 ζονείας
608 1779 724 1844 τὴν
754 1778 1130 1845 Ἐκκλησίαν
1155 1779 1472 1834 ἐπέϐαλεν.

2501 1548 2726 1605 CAPUT
2755 1547 2948 1603 XXXI.

1946 1642 2013 1700 Ut
2047 1655 2160 1714 post
2208 1643 2464 1698 Sicinium
2495 1641 2770 1697 Nestorius
2803 1643 3084 1714 Itwreticus
3127 1643 3397 1713 episcopus
3428 1662 3515 1699 or-

2018 1712 2258 1776 dinatus,
2315 1731 2408 1782 per
2455 1714 2824 1781 arrogantiam
2876 1712 3040 1764 turbis
3094 1720 3145 1763 et
3206 1712 3513 1770 tumultibus

2020 1786 2279 1855 complere
2312 1783 2604 1837 Ecclesium
2634 1781 2944 1837 instituerit.

335 1892 444 1946 Τοῦ
471 1892 528 1944 δὲ
568 1896 909 1963 πατριάρχου
941 1862 1199 1957 Σισῖνξου,
1227 1893 1301 1955 ὡς
1325 1892 1569 1962 εἴρηται,
1594 1891 1656 1945 τὸ
1677 1890 1831 1963 βιοῦν

2006 1900 2214 1958 Sisiuio
2273 1898 2585 1969 patriarcha
2621 1897 2904 1965 defuncto,
2932 1900 3093 1956 sicuti
3122 1902 3363 1973 dictum
3404 1912 3508 1967 est.

266 1984 726 2063 μεταλλάξαντος,
758 1985 870 2037 δεῖν
928 1985 1103 2038 ἐδόκει
1141 1987 1256 2047 τοῖς
1287 1987 1344 2038 ἐν
1379 1986 1676 2056 ὑπεροχαῖς
1728 2001 1835 2055 μη-

262 2079 390 2133 δένα
425 2080 535 2133 τῶν
563 2078 666 2147 τῆς
699 2078 1029 2145 Ἐκκλησίας
1074 2080 1155 2141 εἰς
1192 2078 1293 2149 τὴν
1324 2079 1630 2145 ἐπισκοπὴν
1662 2078 1834 2147 προάο

262 2193 411 2244 γειν,
458 2174 546 2227 διὰ
589 2174 717 2236 τοὺς
766 2171 844 2230 ὡς
894 2172 1051 2243 ἔτυχε
1101 2171 1498 2242 χαριζομένους
1550 2169 1832 2239 ὲπικενῆς.

250 2260 452 2323 ἸἮσαν
482 2268 592 2337 γὰρ
620 2269 714 2321 καὶ⁸
746 2262 902 2330 αὖθις
926 2268 976 2319 οἱ
1010 2266 1111 2335 μὲν
1138 2265 1418 2334 Φιλίππῳ,
1445 2266 1495 2318 οἱ
1521 2264 1578 2317 δὲ
1602 2263 1834 2334 Πρόκλῳ

262 2359 695 2426 σπουδάζοντες·
733 2358 794 2424 ἐξ
843 2357 1152 2428 ἀλλοδαπῆς
1192 2357 1253 2410 δέ
1308 2373 1434 2410 τινα
1482 2353 1833 2427 προχειρίζε-

265 2455 393 2508 σθαι
438 2454 652 2527 ῆθελον.
683 2449 789 2505 Ἢν
844 2452 902 2504 δέ
952 2470 1036 2515 τις
1090 2450 1210 2503 κατ’
1270 2451 1445 2504 ἐκεῖνο
1490 2446 1711 2516 καιροῦ,
1777 2448 1835 2499 ὲν

270 2545 584 2618 ’Ἀντιοχείᾳ
621 2546 943 2614 ποιούμενος
968 2544 1066 2606 τάς
1091 2541 1399 2611 διατριϐὰς,
1427 2540 1487 2593 τὸ
1519 2540 1677 2608 γένος
1703 2539 1838 2608 Γερ-

266 2639 561 2708 μανικεὺς,
596 2635 835 2704 εὑφωνός
866 2652 923 2687 τε
960 2636 1055 2689 καὶ
1085 2633 1330 2697 εὑλαλος,
1369 2632 1466 2703 τὴν
1497 2632 1693 2701 κλῆσιν
1725 2628 1835 2683 Νε-

266 2732 516 2802 στόριος·
545 2729 609 2782 δν
638 2729 714 2792 ὡς
747 2729 875 2797 περὶ
905 2729 968 2782 τὸ
1004 2727 1277 2780 διδάσκειν
1301 2725 1493 2792 δεξιῶς
1523 2728 1739 2794 ἔχοντα,
1773 2726 1838 2777 ὲκ

256 2806 672 2892 κτῆςἋντιόχου
707 2818 1171 2892 μεταστέλλεσθαι
1201 2819 1470 2887 ἔγνωσαν.
1504 2816 1838 2886 Περιΰόητος

256 2909 326 2968 ’δὲ
359 2915 454 2968 καὶ
489 2917 544 2967 ὲν
577 2911 900 2983 σωφροσύνῃ
938 2912 1177 2983 μάλιστα
1205 2907 1293 2980 ῆν.
1327 2909 1508 2980 Τριῶν
1531 2910 1587 2962 δὲ
1620 2910 1839 2980 παραρ-

267 3010 508 3078 ρυέντων
569 3006 777 3076 μηνῶν,
826 3005 1023 3075 ἄγεται
1078 3004 1172 3056 καὶ
1218 3002 1417 3057 αὐτίκα
1466 3004 1546 3065 είς
1590 3001 1691 3072 τὴν
1738 3000 1841 3070 τῆς

254 3096 693 3152 Κωνσταντίνου
754 3098 1060 3168 ἐπισκοπὴν
1116 3095 1550 3166 προχειρίζεται.
1626 3092 1840 3155 Ὀποῖος

1933 1994 2015 2050 eis
2040 1995 2133 2062 qui
2164 1994 2405 2047 honores
2436 1998 2498 2043 et
2530 1991 2888 2059 magistratus
2934 1993 3223 2062 gerebant,
3279 1994 3509 2064 placuit,

1934 2089 2212 2142 neminem
2242 2099 2307 2139 ex
2330 2081 2739 2153 ejusEcclesiae
2766 2083 2915 2137 clero
2957 2087 3277 2153 episcopum
3301 2099 3514 2149 creare,

1934 2188 2162 2250 prOpter
2193 2190 2390 2230 vanam
2421 2188 2637 2237 eorum,
2670 2173 2765 2243 qui
2801 2174 3065 2228 honorem
3093 2176 3255 2229 talem
3283 2184 3513 2237 temere.

1935 2269 2138 2338 quibus
2162 2266 2265 2336 ipsi
2302 2265 2569 2323 faverent.
2599 2264 2914 2319 mandatum
2947 2265 3226 2326 volebant,
3254 2269 3514 2336 gratiam.

1935 2358 2150 2413 Rursus
2187 2356 2335 2410 enim
2360 2356 2453 2409 alii
2488 2356 2763 2424 Philippo,
2799 2355 2895 2409 alii
2931 2371 3064 2410 vero
3095 2357 3291 2411 Proclo
3320 2358 3516 2427 cupieo

1937 2450 2092 2512 bant,
2118 2448 2215 2503 sed
2248 2446 2478 2509 aliunde
2506 2448 2819 2516 quempiam
2878 2446 3169 2515 designare
3197 2447 3376 2502 visum
3408 2458 3514 2502 est.

1937 2540 2068 2596 Erat
2095 2547 2213 2592 tum
2233 2538 2557 2602 Antiochiae,
2585 2537 3049 2592 Germaniciensis
3072 2538 3274 2606 patria,
3307 2540 3515 2594 vocalis

1936 2643 1994 2686 et
2035 2630 2309 2685 faetmdus
2346 2630 2647 2684 Nestorius
2700 2648 2714 2683 :
2766 2628 2914 2683 hunc
2962 2629 3109 2698 quod
3168 2630 3224 2683 in
3280 2632 3516 2685 dicendo

1939 2731 2228 2790 promptus
2258 2729 2315 2774 et
2353 2720 2532 2776 facilis
2561 2732 2731 2787 esset,
2781 2721 3075 2777 Antiochia
3117 2725 3515 2778 accersendum

1941 2825 2279 2878 statuerunt,
2312 2813 2407 2882 qui
2459 2813 2678 2867 laudem
2732 2814 2896 2868 etiam
2924 2815 3200 2870 castitatis
3229 2830 3518 2872 meruerat

1940 2907 2256 2959 maximam.
2295 2904 2681 2959 Prmterieraut
2716 2920 2937 2959 menses
2961 2915 3095 2970 tres,
3136 2916 3193 2960 et
3225 2907 3315 2962 ille
3343 2908 3518 2962 addu-

1941 2999 2109 3063 citur,
2136 3007 2192 3052 et
2244 2997 2541 3067 episcopus
2566 2996 3215 3066 Constantiantolitanus
3266 3010 3513 3056 creatur.

1941 3092 2131 3158 Qualis
2176 3107 2307 3145 vero
2343 3090 2388 3145 is
2421 3091 2504 3143 vir
2536 3091 2722 3155 fuerit,
2756 3092 2932 3160 prima
2961 3093 3144 3146 statim
3173 3092 3292 3162 ejus
3322 3098 3516 3149 concio

252 3192 328 3244 δὲ
355 3193 416 3244 τὸ
441 3186 574 3262 ἦθος
622 3184 711 3261 ἦν,
738 3184 828 3243 ’ὲκ
878 3190 978 3258 τῆς
1012 3187 1233 3260 πρώτης
1274 3187 1442 3242 αὑτοῦ
1486 3185 1838 3248 διδασκαλίας

1949 3183 2228 3239 indicavit.
2280 3183 2432 3237 Illico
2492 3197 2734 3250 namque
2799 3193 2923 3252 post
3000 3188 3516 3252 consecrationem,

268 3282 681 3350 κατεμηνὺετο.
713 3280 873 3335 Μετὰ
908 3280 1016 3350 γὰρ
1046 3280 1143 3351 τὴν
1184 3279 1521 3351 χειροτονίαν
1553 3278 1649 3347 τὴν
1685 3293 1843 3346 περι-

254 3374 469 3442 Ἐόητον
520 3372 740 3440 ἐκείνην
793 3371 975 3441 ἀφῆκε
1037 3370 1224 3440 φωνὴν
1288 3372 1379 3423 ἐπὶ
1421 3370 1709 3441 παρρησίᾳ
1747 3366 1840 3421 τοῦ

264 3464 540 3534 1πλήθους,
577 3463 714 3532 πρὸς
745 3463 837 3515 τὸν
887 3462 1110 3533 βασιλέα
1140 3463 1232 3514 τὸν
1284 3460 1445 3529 λόγον
1476 3459 1838 3526 ποιούμενος·

259 3576 302 3608 ἰ
340 3559 438 3622 Δός
475 3574 583 3626 μοι.
617 3555 815 3623 λέγων,
848 3572 893 3609 ω
923 3553 1168 3625 βασιλεῦ,
1196 3553 1446 3625 καθαρὰν
1468 3553 1569 3625 τὴν
1602 3553 1708 3623 γῆν
1734 3551 1843 3605 τῶν

266 3649 610 3723 αἱρετικῶν·
646 3646 803 3716 κάγώ
839 3665 921 3701 σοι
979 3647 1069 3701 τὸν
1122 3646 1352 3718 οὑρανδν
1404 3645 1708 3701 ἀντιδώσω.
1762 3643 1834 3695 Σύ

260 3759 372 3812 μοι
398 3740 525 3799 τοὺς
583 3740 896 3806 αἱρετικοὺς
928 3736 1125 3791 κάθελε
1149 3754 1165 3770 ο
1198 3737 1355 3806 κάγὼ
1386 3735 1710 3805 συγκαθελῶ
1759 3751 1844 3787 σοι

264 3841 404 3897 ’τοὺς
446 3835 684 3901 Πέρσας.
737 3851 755 3883 ι
792 3824 893 3883 Ὧν
923 3832 1258 3900 εἰρημένων,
1305 3831 1354 3883 οί
1399 3829 1500 3900 μὲν
1534 3828 1725 3882 πολλοὶ
1749 3828 1846 3881 καὶ

267 3927 551 3996 ἀποδοχῆς
588 3924 774 3995 ἠξίουν
802 3938 816 3952 °
852 3923 979 3985 τοὺς
1005 3925 1053 3975 δ’
1078 3922 1324 3993 ἀκριϐῶς
1355 3923 1568 3984 εἰδότας
1617 3919 1846 3990 γνώμην

261 4022 335 4073 ὲκ
368 4019 530 4085 λόγου
555 4019 763 4086 κρίνειν
784 4016 843 4066 οὐ
879 4014 1249 4083 διεδίδρασκεν
1282 4011 1408 4065 οῦτε
1438 4013 1500 4065 τὸ
1528 4011 1731 4081 κοῦφον
1749 4013 1848 4080 τῆς

266 4113 538 4174 διανοίας,
574 4108 697 4162 οὕτε
732 4107 776 4160 δ’
803 4105 872 4160 αῦ
904 4108 966 4158 τὸ
996 4105 1231 4175 θυμικὸν
1258 4109 1316 4158 ὲν
1359 4102 1544 4173 ταυτῷ
1573 4104 1666 4156 καὶ
1693 4101 1847 4155 κενό-

265 4204 465 4270 δοξονο
501 4204 583 4257 ὅτι.
638 4201 772 4271 μηδὲ
806 4198 989 4263 καλῶς
1038 4199 1148 4252 τῶν
1196 4196 1433 4250 ἐνταῦθα
1483 4196 1843 4265 γευσάμενος,

268 4301 359 4360 εἰς
392 4297 522 4357 τοὺς
555 4294 698 4363 ὑπὲρ
722 4292 830 4345 τῶν
858 4290 1118 4344 τοιούτων
1149 4290 1404 4361 προήχθη
1435 4289 1650 4356 λόγους.
1676 4288 1847 4358 Ζῆλον

265 4391 322 4443 δ’
352 4390 498 4455 ὑπὲρ
529 4386 625 4456 τῆς
649 4384 980 4452 Ἐκκλησίας
1003 4383 1164 4450 δῆθεν
1188 4381 1394 4453 αὐχῶν,
1424 4381 1516 4434 τὸν
1546 4381 1654 4435 τῶν
1672 4381 1849 4451 Ἀρει-

268 4483 427 4537 ανῶν
463 4481 752 4549 εὑκτὴριον
801 4473 948 4529 οἷκον
979 4477 1251 4529 κατέσπα.
1296 4475 1359 4527 Ol
1405 4472 1451 4525 δ’
1487 4472 1630 4527 οὑτω
1678 4489 1849 4527 κατα-

1946 3278 2295 3332 decantatam
2330 3273 2493 3344 504
2540 3275 2690 3329 illam
2725 3275 3007 3344 propalant
3035 3278 3182 3346 apud
3230 3281 3516 3348 populum,

1945 3370 2014 3425 ad
2044 3369 2429 3439 imperatorem
2445 3368 2610 3421 verba
2640 3366 2902 3435 dirigens,
2923 3369 3107 3422 emisit
3131 3384 3316 3424 vocem
3346 3388 3359 3423 :
3395 3388 3416 3422 ι
3443 3370 3518 3424 Da

1946 3463 2104 3524 mihi,
2147 3462 2423 3531 inquiens,
2463 3476 2497 3514 ο
2536 3461 2838 3529 imperator
2861 3501 2878 3522 ,
2914 3468 3115 3516 terram
3147 3465 3214 3515 ab
3245 3462 3519 3518 haereticis

1945 3553 2176 3608 liberam
2204 3562 2261 3607 et
2294 3566 2508 3621 puram,
2537 3562 2594 3607 et
2614 3568 2715 3623 ego
2754 3553 2851 3606 tibi
2901 3554 3100 3609 celum
3129 3552 3368 3607 vicissim
3395 3554 3521 3608 red-

1947 3646 2094 3701 dam.
2126 3645 2210 3700 Tu
2237 3645 2372 3700 mihi
2406 3645 2696 3702 haereticos
2718 3646 2983 3715 exstirpa,
3003 3657 3059 3700 et
3085 3663 3186 3718 ego
3213 3648 3307 3702 tibi
3336 3648 3520 3703 Persis

1948 3738 2197 3793 delendis
2219 3738 2409 3794 adero.
2463 3757 2483 3791 ι
2525 3738 2651 3793 Haec
2695 3741 2816 3810 ejus
2877 3738 3025 3794 dicta
3076 3740 3233 3794 multi
3287 3740 3512 3810 quidem

1948 3829 2394 3899 comprobarunt.
2422 3827 2527 3896 Qui
2564 3846 2698 3885 vero
2729 3842 2883 3886 certo
2917 3835 3101 3886 sciunt
3156 3832 3401 3885 animum
3451 3848 3522 3886 ex

1949 3924 2135 3979 verbis
2170 3922 2589 3991 diiudicandum
2617 3939 2762 3987 esse.
2792 3923 2870 3978 illi
2911 3926 3111 3979 mentis
3160 3927 3282 3996 ejus
3328 3925 3522 3978 levita-

1951 4026 2078 4082 tem,
2108 4017 2351 4072 animum
2379 4026 2748 4087 arrogantem,
2794 4029 2850 4072 et
2880 4034 3072 4072 vanam
3096 4020 3326 4088 gloriam
3358 4018 3527 4072 affec-

1952 4122 2177 4175 tantem,
2226 4110 2714 4180 deprehenderunt
2765 4127 2779 4163 :
2836 4120 3127 4180 propterea
3177 4112 3349 4177 quod.
3398 4126 3521 4164 cum

1948 4203 2193 4258 nondum
2222 4202 2525 4273 quidquam
2575 4202 2651 4257 ibi
2695 4202 2828 4257 satis
2854 4202 3220 4272 degustasset,
3271 4204 3338 4256 ad
3375 4204 3524 4273 ejus-

1950 4295 2169 4352 cemodi
2202 4294 2505 4363 productus
2533 4295 2602 4349 sit
2634 4295 2817 4348 verba.
2847 4294 3035 4349 Zelum
3059 4311 3194 4350 vero
3228 4305 3281 4348 et
3303 4296 3525 4349 (cumla-

1951 4387 2155 4442 tionem
2200 4386 2401 4442 deinde
2436 4402 2535 4455 pro
2556 4386 2804 4441 Ecclesia
2854 4386 3093 4455 spirans,
3126 4386 3299 4440 atdem
3332 4402 3526 4453 preca-

1952 4481 2148 4535 toriam
2182 4480 2512 4534 Arianorum
2560 4479 2855 4534 demolitus
2904 4489 3007 4533 est.
3042 4481 3221 4547 Atque
3280 4480 3353 4534 illi
3389 4489 3527 4535 tem-

271 4572 574 4642 σπώμενον
604 4569 837 4639 δρῶντες
860 4567 1042 4631 αὑτὸν,
1080 4564 1190 4635 πῦρ
1222 4565 1572 4636 ἐμϐαλόντες,
1598 4569 1657 4617 οὑ
1691 4566 1844 4634 μόνον

1959 4574 2108 4642 plum
2141 4586 2300 4626 suum
2326 4569 2571 4627 dirutum
2613 4580 2927 4632 cernentes,
2958 4569 3082 4640 igne
3128 4572 3357 4639 insuper
3390 4586 3491 4624 con
3513 4600 3525 4611 -

265 4668 512 4725 ἐκεῖνον,
542 4663 677 4716 ἀλλά
700 4662 795 4714 καὶ
824 4659 957 4713 πολὺ
992 4675 1044 4710 τι
1077 4658 1242 4728 μέρος
1277 4656 1385 4710 τῶν
1421 4659 1850 4726 παρακειμένων

264 4758 356 4826 τῷ
388 4757 540 4825 τόπῳ
572 4753 883 4821 ἀνήλισκον.
940 4750 1082 4820 "pb;
1120 4749 1176 4801 δὲ
1208 4749 1303 4801 καὶ
1349 4747 1718 4810 Ναυατιανοὺς
1757 4765 1853 4800 τα-

269 4853 505 4922 ρὰττειν
531 4849 822 4901 ἐπέϐαλεν.
863 4846 935 4898 οὑ
973 4846 1131 4914 μόνον
1184 4843 1242 4893 δὲ
1289 4842 1534 4903 τούτους,
1590 4840 1726 4893 ἀλλά
1759 4839 1855 4892 καὶ

264 4946 398 4996 ὅσοι
432 4946 560 5008 περὶ
593 4939 783 4992 Ἀσίαν
808 4937 901 4989 καὶ
931 4934 1133 4988 Λυδίαν
1165 4934 1261 4986 καὶ
1295 4932 1509 5001 Καρίαν
1539 4932 1854 5000 Τεσσαρεσ-

265 5035 664 5090 καιδεκατίτιιι
711 5027 874 5099 ἦσαν,
928 5032 1008 5080 ἐτι
1066 5027 1122 5079 δὲ
1174 5026 1273 5077 καὶ
1317 5024 1447 5094 περὶ
1476 5023 1718 5091 Μίλητον
1762 5022 1855 5073 καί

263 5126 534 5196 Σάρδεις,
563 5118 636 5175 ῶν
667 5121 868 5187 πολλοὶ,
903 5120 998 5173 καὶ
1034 5117 1282 5180 στάσεως
1326 5116 1396 5169 δι’
1431 5114 1594 5168 αὑτὺν
1623 5115 1854 5181 γενομέ-

262 5236 402 5284 νης,
433 5217 525 5268 τον
559 5214 675 5282 βίον
718 5211 1004 5264 ἀπέλιπον.
1053 5208 1390 5278 Προφάσεως
1424 5206 1467 5258 δ’
1500 5205 1851 5274 εἰλημμένος,

260 5308 475 5371 ὅτιπερ
502 5304 550 5355 οἱ
580 5300 919 5355 Μακεδονίου
952 5297 1241 5350 ’Λντώνιον
1266 5298 1357 5347 τὸν
1384 5294 1602 5363 Γὲρμης
1635 5295 1858 5345 ἐπίσκο-

263 5416 414 5459 πον,
442 5394 647 5464 σφόδρα
675 5392 921 5454 ἐκείνους
942 5389 1191 5443 κελεύσει
1209 5387 1506 5458 Νεστορίου
1539 5387 1854 5453 ἐλαύνοντα,

260 5491 663 5559 διεχρήσαντο,
702 5484 1067 5544 ὑποϐαλόντες
1097 5482 1269 5545 τινὰς,
1309 5484 1366 5533 ὲν
1398 5480 1638 5550 δευτέρῳ
1687 5483 1858 5547 τάγα-

264 5587 383 5640 θὲν
412 5582 503 5635 τοῦ
539 5583 693 5651 ἡδέος
724 5581 1105 5651 ποιουμένους,
1132 5579 1229 5631 καὶ
1261 5579 1361 5639 τὰς
1395 5577 1622 5630 ἐκείνων
1657 5577 1858 5645 sum-

262 5679 410 5738 σίας
451 5674 703 5742 ὑφείλετο
732 5690 747 5705 ·
808 5670 903 5735 τάς
930 5690 989 5725 τε
1042 5674 1100 5726 ὲν
1143 5671 1723 5723 Κωνσταντινουπόλει
1762 5674 1856 5723 καὶ

257 5773 340 5823 ἐν
400 5767 663 5836 Κυζίκῳ,
718 5768 815 5818 καὶ
859 5767 971 5828 τοῖς
1007 5763 1446 5833 Ἑλλησποντίοις
1496 5766 1721 5833 ἀγροῖςο
1779 5758 1855 5816 ὧν

256 5873 431 5919 τινες
466 5854 781 5925 βιαζόμενοι
812 5855 906 5907 καὶ
936 5857 1003 5925 τῇ
1031 5853 1127 5906 τοῦ
1154 5852 1443 5924 ὁμοουσίου
1475 5854 1656 5908 πίστει
1692 5854 1849 5907 συνέ-

1956 4663 2121 4734 iccto,
2182 4663 2372 4717 nonid
2420 4662 2604 4727 modo,
2659 4663 2752 4715 sed
2800 4669 2857 4716 et
2907 4676 3157 4731 magnam
3214 4661 3525 4716 vicinorum

1953 4755 2311 4811 aedificiorum
2341 4765 2551 4824 partem
2605 4763 3054 4808 concremarunt.
3086 4754 3293 4808 Deinde
3343 4753 3526 4809 Nova~

1957 4848 2136 4900 tianos
2165 4860 2383 4915 quoque
2409 4844 2631 4899 turbare
2656 4860 2945 4916 aggressus
2978 4855 3084 4899 est.
3119 4846 3241 4900 Non
3275 4862 3370 4900 eos
3396 4861 3528 4900 vero

1956 4939 2156 5001 solum,
2187 4953 2381 4992 verum
2404 4929 2567 4991 etiam
2613 4937 2707 5005 qui
2770 4953 2871 5006 per
2922 4937 3124 4999 Asiam,
3186 4937 3413 5006 Libyam
3470 4949 3525 4992 et

1956 5026 2198 5092 Cariam,
2229 5037 2284 5080 et
2318 5026 2414 5098 qui
2467 5034 2735 5096 praeterea
2784 5026 2953 5080 Mileti
2999 5037 3055 5080 et
3101 5024 3290 5080 Sardis
3346 5036 3524 5087 erant.

1957 5118 2546 5184 Quatuordecimanos.
2609 5135 2842 5187 quorum
2918 5119 3077 5173 multi
3142 5118 3413 5174 seditione
3472 5130 3529 5173 ct

1959 5211 2195 5264 tumultu
2232 5220 2456 5280 propter
2482 5212 2656 5279 ipsum
2690 5211 2965 5265 concitato
2996 5211 3276 5267 interiere.
3313 5212 3529 5266 Etcum

1960 5301 2337 5356 Maccdoniani
2387 5301 2689 5356 Antonium
2750 5302 3069 5372 episcopum
3148 5301 3530 5369 Genuensem,

1958 5396 2049 5466 qui
2090 5410 2186 5448 eos
2213 5393 2451 5448 Nestorii
2471 5393 2628 5463 jussu
2657 5394 2951 5448 admodum
2974 5394 3266 5464 amigebat.
3300 5412 3532 5465 percus-

1958 5484 2179 5540 soribus
2208 5486 2541 5553 quibusdam
2576 5487 2888 5548 submissis,
2915 5486 3009 5556 qui
3058 5486 3398 5557 voluptatem
3433 5488 3531 5540 bo-

1958 5586 2115 5629 nesto
2152 5576 2864 5645 praeferunt,jugulassent,
2920 5578 3268 5631 occasionem
3321 5594 3443 5631 eam
3476 5587 3533 5630 et

1960 5686 2178 5724 causam
2228 5670 2484 5739 arripuit,
2522 5678 2577 5721 et
2609 5669 2874 5722 ecclesias
2909 5669 2990 5723 eis
3027 5668 3532 5737 Constantinopoli,

1960 5762 2162 5834 Cyzici,
2200 5772 2255 5817 et
2296 5763 2349 5815 in
2396 5760 2749 5829 Hellesponto
2779 5760 3008 5815 ademit.
3037 5760 3113 5814 Ex
3147 5760 3348 5830 quibus
3389 5774 3530 5811 non-

1960 5857 2093 5908 nulli
2121 5855 2169 5909 vi
2190 5870 2251 5909 ea
2276 5856 2474 5920 adacti,
2502 5868 2560 5910 se
2588 5852 2654 5907 ad
2678 5850 2991 5921 ὀμοουσίου,
3020 5847 3531 5912 consubstantialis,
