3962 6582
272 444 330 510 1-1
340 448 370 506 ὓ
387 446 404 507 l

1158 445 1764 507 ECCLESIASTlC/E
1806 443 2191 504 HISTORLE
2232 443 2378 503 LIB.
2425 445 2582 506 XIV.

3390 431 3525 491 1162

266 567 366 632 τὴν
389 558 947 627 Ἐκκ..ἰησιαστικῖιν
987 558 1290 628 ⁸1στοράν
1320 557 1682 628 συντεταχώς,
1714 557 1840 610 τάδε

1961 558 2148 614 ιειιδὶιιι
2181 560 2457 614 inducere.
2511 559 2567 611 In
2595 565 2803 610 tantum
2832 569 2963 607 sane
2988 546 3214 620 quaestio
3244 545 3362 600 haec
3406 546 3524 610 agi-

267 655 396 722 περὶ
429 653 528 721 τῆς
559 652 719 718 δόξης
751 652 1052 721 Νεττορίου
1085 652 1338 715 διέξεισιν
1363 667 1378 682 ο
1418 667 1436 702 ι
1485 651 1652 717 Ἐγὼ,
1684 651 1840 718 φησι,

264 753 377 808 τοῖς
419 747 572 814 παρὰ
596 744 900 813 Νεστορίου
936 745 1200 798 ἐκδοθεῖσι
1242 745 1421 813 λόγοις
1455 743 1718 812 ἐντυχὼν,
1749 744 1846 812 ἀγ-

265 838 490 891 νοοῦντα
520 837 612 888 τὸν
651 836 818 903 ἄνδρα.
872 836 1218 905 ἐφεύρισκον,
1250 837 1346 890 καὶ
1394 833 1533 904 μετὰ
1576 835 1844 905 ἀληθείας

266 933 400 998 ἐρῶ.
431 929 570 981 Οὐδὲ
607 929 714 998 γὰρ
739 926 862 980 οὔτε
899 928 1342 998 ἀπεχθανόμενος
1377 931 1513 998 πρὸς
1543 929 1727 995 αὐτὸν,
1770 923 1845 982 ὧν

266 1021 412 1092 εἶχεν
473 1021 882 1090 ἐλαττωμάτων
946 1020 1256 1092 ἐμνήσθην,
1311 1019 1439 1074 οὔτε
1487 1021 1846 1090 χαριζόμενός

263 1131 433 1180 τισιν,
459 1113 494 1167 ἃ
525 1112 847 1167 ὲλαττοῦντα
877 1113 1114 1182 ἐφεῦρον
1142 1113 1475 1181 ἐκθήσομαι.
1514 1111 1589 1166 Οὔ
1624 1130 1715 1181 μοι
1757 1113 1845 1164 δο-

265 1206 350 1255 κεῖ
382 1204 411 1257 6
437 1203 757 1271 Νεστόριος,
787 1201 913 1254 οῦτε
966 1202 1060 1254 τὸν
1089 1203 1412 1268 Σαμοσατέα
1461 1201 1696 1264 Παῦλον,
1721 1201 1846 1254 οὗτε

270 1294 375 1362 μὴν
406 1293 673 1344 Φωτεινὸν
726 1291 1090 1360 μιμούμενος,
1122 1291 1278 1359 ψιλὸν
1324 1289 1613 1358 ἄνθρωπον
1663 1287 1847 1354 λέγειν

265 1387 359 1438 τὸν
393 1384 598 1455 Κύριον
620 1400 633 1413 ·
663 1382 799 1436 ἀλλὰ.
825 1384 921 1452 τὴν
945 1382 1090 1448 λέξιν
1125 1383 1295 1451 μόνην
1344 1381 1420 1443 ὡς
1463 1381 1531 1434 τὰ
1565 1381 1846 1450 μορμολύ-

264 1495 392 1530 κεια
439 1476 770 1546 πεφόϐηται.
803 1476 915 1528 Καὶ
954 1473 1116 1529 τοῦτο
1148 1474 1420 1528 πέπονθεν
1462 1474 1566 1527 ὐπὸ
1607 1473 1846 1543 ἀμαθίας

268 1569 508 1638 πολλῆςο
559 1569 805 1638 φυσικῶς
859 1570 968 1638 γὰρ
1026 1567 1252 1630 εὐλαλος
1294 1568 1389 1632 ὢν,
1446 1567 1846 1621 πεπαιδεῦσθαι

270 1658 372 1729 μὲν
425 1657 709 1727 ἐνομίζετο
735 1700 750 1724 ,
788 1659 854 1728 τῇ
902 1657 959 1709 δὲ
1014 1655 1242 1727 ἀληθείᾳ
1282 1657 1569 1724 ἀνάγωγος
1617 1651 1723 1725 ἦν,
1755 1657 1848 1708 καὶ

265 1752 366 1814 τὰς
394 1751 504 1806 τῶν
535 1750 782 1805 παλαιῶν
811 1750 1131 1820 ἑρμηνεύων
1167 1749 1408 1818 βίϐλους,
1448 1749 1682 1819 ἀπηξίου
1714 1767 1846 1819 μαν-

267 1843 477 1899 θάνειν.
509 1844 826 1912 Τυιρόμενος
887 1844 995 1912 γὰρ
1045 1842 1148 1894 ὑπὸ
1200 1842 1299 1909 τῆς
1346 1842 1704 1908 εὐγλωττίας,
1745 1842 1844 1893 οὐκ

1947 663 2054 706 tata
2080 660 2184 714 est,
2220 661 2278 704 ιιι
2314 649 2612 704 universali
2663 648 2830 702 etiam
2887 658 3026 713 opus
3073 648 3221 696 esset
3288 636 3521 708 synodo.

1945 742 2117 797 Porro
2143 743 2416 806 Socrates,
2454 741 2545 810 qui
2577 738 3001 792 Ecclesiasticam
3041 734 3323 790 historiam
3387 745 3524 783 con-

1947 831 2192 900 scripsit,
2247 831 2314 884 de
2366 829 2604 885 Nestorii
2662 827 2924 897 opinione
2964 824 3080 878 hac
3104 829 3521 877 commemorat.

1956 943 1975 975 ι
2025 925 2160 993 Ego,
2191 923 2395 993 inquit,
2448 939 2570 978 cum
2601 923 2749 977 edita
2787 936 2815 972 a
2847 916 3102 973 Nestorio
3133 918 3336 984 scripta
3374 915 3521 982 lege-

1952 1029 2067 1068 rem
2101 1014 2415 1083 imperilum
2441 1013 2718 1066 hominem
2759 1023 2880 1064 esse
2905 1007 3085 1075 reperi
3113 1023 3128 1058 :
3167 1014 3330 1072 atque
3363 1004 3415 1057 id
3449 1005 3522 1056 ita

1954 1120 2080 1159 vere
2109 1105 2292 1160 dicere
2326 1119 2570 1173 possum.
2600 1101 2788 1170 Neque
2840 1097 2986 1152 enim
3016 1095 3144 1149 odio
3179 1095 3402 1158 ductus,
3439 1101 3520 1145 te-

1952 1198 2177 1252 unitatis
2203 1198 2318 1266 ejus
2351 1211 2454 1265 qua
2479 1195 2602 1248 aliis
2633 1194 2860 1248 inferior
2892 1190 3016 1254 fuit,
3050 1189 3354 1242 meminero
3385 1205 3399 1247 ;
3428 1201 3526 1238 ne-

1949 1301 2053 1352 que
2101 1287 2357 1354 cuiquam
2391 1284 2751 1354 gratiﬁcatus,
2793 1283 2996 1352 quibus
3057 1282 3196 1336 alios
3242 1279 3525 1348 superavit

1949 1379 2108 1442 dotes
2133 1392 2428 1447 exponam.
2476 1377 2596 1432 Non
2641 1378 2773 1431 mihi
2835 1377 3056 1430 videtur
3114 1373 3401 1428 Nestorius
3437 1373 3524 1424 vel

1948 1469 2176 1523 Paulum
2236 1468 2670 1532 Samosatenum,
2740 1469 2823 1522 vel
2900 1467 3195 1522 Photinum
3259 1465 3524 1527 imitatus,

1949 1578 2158 1617 merum
2193 1563 2470 1618 hominem
2499 1535 2785 1617 Dominum
2820 1562 3033 1626 dicere,
3070 1560 3167 1615 sed
3196 1559 3524 1613 vocabulum

1949 1656 2126 1723 ipsum
2190 1664 2400 1710 tantum
2481 1655 2642 1710 sicuti
2708 1658 2909 1709 larvam
2969 1653 3309 1716 reformidat,
3361 1651 3527 1720 idque

1949 1759 2173 1817 propter
2203 1747 2428 1801 multam
2457 1748 2787 1817 imperitiam
2819 1748 2971 1802 facit.
2991 1746 3126 1803 Cum
3157 1761 3393 1814 namque
3432 1762 3528 1798 nan

1953 1841 2112 1894 turali
2141 1839 2378 1908 quadam
2415 1841 2672 1896 facundia
2699 1841 2966 1910 pra'ditus
2994 1851 3161 1905 esset,
3197 1841 3369 1910 probe
3404 1841 3527 1907 qui-

266 1936 518 2005 ἅκριϐὦς
573 1937 830 2004 προσεῖχε
885 1935 999 1996 τοῖς
1066 1933 1354 1999 παλαιοῖς,
1418 1932 1557 1986 ἀλλὰ
1625 1933 1845 1986 πάντων

1961 1929 2072 1982 lem
2103 1930 2355 1985 eruditus
2413 1946 2535 1986 esse
2586 1933 2886 2000 putabatur
2920 1949 2933 1984 :
2971 1947 3027 1985 re
3075 1943 3258 1986 autem
3295 1932 3410 2000 ipsa
3441 1931 3528 1984 iu-

266 2027 563 2096 κρείττονα
611 2024 863 2092 ἐνόμιζεν
903 2023 1119 2078 ἑαυτόν.
1166 2021 1377 2075 Αὐτίκα
1415 2021 1547 2088 γοῦν
1575 2022 1846 2092 ἠγνόησεν

266 2119 354 2171 ὅτι
394 2120 449 2170 ὲν
476 2122 542 2188 τῇ
576 2116 855 2187 Καθολικῇ
876 2114 1125 2170 Ἰωάννου
1158 2116 1470 2186 γέγραπται
1513 2115 1570 2168 ἐν
1599 2116 1715 2177 τοῖς
1743 2131 1848 2168 πα-

266 2209 444 2271 λαιοῖς
481 2207 856 2277 ἀντιγράφοις,
908 2207 990 2260 ὅτι
1027 2205 1159 2261 Πᾶν
1203 2207 1442 2276 πνεῦμα
1491 2207 1523 2261 ὁ
1573 2207 1709 2261 λύει
1742 2208 1848 2260 τὸν

280 2301 555 2368 Ἰησοῦν,
609 2299 730 2354 ἀπὸ
795 2299 902 2354 τοῦ
959 2299 1110 2353 Θεοῦ
1141 2301 1253 2354 οὐκ
1287 2299 1442 2354 ἔστι.
1486 2299 1708 2369 Ταύτην
1739 2299 1849 2370 γὰρ

268 2396 374 2467 τὴν
399 2395 643 2450 διάνοιαν
674 2395 738 2447 ἐκ
776 2393 885 2447 τῶν
921 2392 1166 2448 παλαιῶν
1191 2394 1548 2462 ἀντιγράφων
1575 2392 1850 2463 περιεῖλον

268 2491 325 2542 οξ
360 2487 614 2558 χωρίζειν
641 2486 750 2541 ἀπὸ
777 2485 871 2540 τοῦ
900 2487 1001 2555 τῆς
1030 2487 1351 2556 οἰκονομίας
1397 2485 1690 2556 ἀνθρώπου
1724 2485 1851 2555 βου-

270 2580 495 2650 λόμενοι
527 2581 625 2650 τὴν
682 2578 936 2649 θεότητα,
987 2578 1077 2633 Διὸ
1130 2579 1225 2633 καὶ
1269 2581 1317 2632 οἱ
1345 2579 1567 2632 παλαιοὶ
1595 2581 1851 2648 ἑρμηνεῖς

274 2673 412 2725 αὐτὸ
442 2671 602 2724 τοῦτο
645 2670 1091 2738 ἐπεσημήναντο,
1144 2669 1220 2732 ῶς
1271 2687 1418 2734 τινες
1454 2667 1566 2723 εἷεν
1599 2672 1852 2742 ῥᾳδιουρο

274 2763 553 2830 γήσαντες
608 2761 706 2828 τὴν
749 2759 1062 2823 ἐπιστολὴν,
1108 2759 1254 2811 λύειν
1293 2761 1400 2814 ἀπὸ
1434 2760 1526 2812 τοῦ
1579 2761 1712 2812 Θεοῦ
1764 2762 1854 2812 τὸν

273 2849 570 2920 ἄνθρωπον
600 2849 866 2910 θέλοντες.
891 2847 1332 2916 Συνανείληπται
1354 2848 1408 2901 δὲ
1431 2851 1463 2918 ἡ
1495 2849 1850 2918 ἁνθρωπότης

274 2946 344 3013 τῇ
381 2943 634 3011 θεότητι,
684 2943 781 2996 καὶ
829 2943 1014 2995 οὐκέτι
1061 2941 1167 2993 etot
1211 2940 1324 3007 δύο,
1369 2941 1507 2994 ἀλλὰ
1555 2941 1645 2994 ἐν’
1696 2941 1856 2994 τοῦτο

273 3036 622 3107 θαρροῦντες
654 3037 704 3089 οἱ
732 3035 976 3096 παλαιοὶ,
995 3034 1262 3088 Θεοτόκον
1293 3034 1476 3102 λέγειν
1506 3034 1606 3105 τὴν
1636 3036 1856 3105 Μαρίαν

276 3133 382 3184 οὐκ
414 3131 689 3200 ὤκνησαν.
741 3128 900 3183 Οῦτω
933 3131 1042 3199 γὰρ
1073 3130 1169 3182 καὶ
1203 3130 1232 3182 ό
1267 3128 1554 3196 Παμφίλου
1596 3128 1856 3192 Εὐσέϐιος

277 3225 340 3274 ἐν
373 3222 450 3291 τῷ
509 3221 678 3291 τρίτῳ
728 3221 874 3291 λόγῳ
906 3220 984 3289 τῷ
1024 3221 1104 3282 είς
1144 3219 1236 3272 τὸν
1271 3218 1394 3272 Βίον
1441 3219 1854 3272 Κωνσταντίνου

278 3314 430 3367 κατὰ
457 3313 603 3380 λέξιν
635 3313 807 3367 ταῦτά
833 3331 968 3383 φησι
995 3329 1009 3344 ⁸
1047 3315 1156 3366 Καὶ
1184 3313 1292 3383 γὰρ
1316 3314 1408 3366 καὶ⁵
1442 3313 1696 3384 γέννησιν
1725 3316 1857 3368 ὐπο-

284 3406 476 3474 μένειν
504 3406 532 3456 6
583 3405 703 3475 μεθ’
733 3406 882 3474 ἡμᾶς
937 3405 1070 3468 Θεὸς
1117 3405 1185 3458 δι’
1237 3406 1389 3475 ἡμᾶς
1437 3405 1732 3476 ἠνέσχετοο
1763 3408 1859 3460 καὶ

277 3498 452 3559 τόπος
488 3496 651 3550 αὐτοῦ
682 3497 781 3566 τῆς
810 3499 1080 3567 ἐνσάρκου
1105 3498 1414 3568 γεννήσεως
1444 3499 1704 3566 ὀνομαστὶ
1729 3502 1859 3570 παρ’

293 3589 575 3658 Ἐὁραίοις
605 3591 640 3660 ἡ
673 3590 922 3659 Βηθλεὲμ
969 3590 1322 3660 ἐκηρύττετο.
1359 3592 1450 3644 Διὸ
1473 3593 1537 3662 δὴ
1567 3593 1662 3646 καὶ
1702 3595 1735 3664 ή
1767 3593 1860 3663 βα-

282 3684 507 3736 σίλισσα
544 3683 733 3752 Ἑλένη
791 3685 822 3752 ἠ
880 3684 1271 3755 θεοφιλεστάτη
1311 3686 1410 3754 τῆς
1462 3685 1730 3739 Θεοτόκου
1761 3687 1860 3758 τήν

283 3775 490 3843 κύησιν
552 3777 801 3843 μνήμασι
839 3774 1166 3841 θαυμασίοις
1200 3777 1448 3846 ἐκόσμει,
1483 3779 1754 3841 παντοίως
1800 3780 1861 3832 τὸ

280 3867 414 3937 τῇδε
449 3867 593 3936 ίερδν
616 3865 810 3937 ᾄντρον
834 3867 1223 3938 φαιδρύνουσα.
1256 3872 1361 3925 Καὶ
1402 3871 1684 3942 Ὠριγένης
1710 3872 1770 3926 δῖε
1805 3875 1863 3926 ἐν

280 3962 366 4031 τῷ
402 3960 572 4031 τρίτῳ
606 3961 756 4030 τόμῳ
785 3963 894 4014 τῶν
957 3965 1036 4026 είς
1069 3963 1168 4032 τὴν
1221 3965 1357 4034 πρὸς
1401 3963 1712 4034 Ῥωμαίους
1767 3966 1862 4019 τοῦ

296 4053 634 4107 Ἀποστόλου
685 4053 1027 4122 Ἐπιστολὴν,
1079 4054 1400 4124 ἑρμηνεύων
1433 4056 1550 4120 πῶς
1606 4057 1864 4118 Θεοτόκος

283 4146 516 4214 λέγεται
549 4144 795 4208 πλατέως
825 4147 1078 4218 ἐξήτασε.
1105 4148 1361 4202 Φαίνεται
1390 4148 1571 4202 τοίνυν
1603 4151 1630 4202 6
1661 4149 1864 4203 Νεστό⁹

285 4257 412 4310 ριος
440 4243 714 4313 ἀγνοήσας
745 4242 842 4303 τὰς
879 4242 1269 4311 πραγματείας
1294 4243 1404 4296 τῶν
1431 4243 1711 4296 παλαιῶν·
1763 4243 1864 4311 διὸ,

287 4334 482 4398 καθὼς
512 4337 669 4406 ἔφην,
695 4336 796 4408 τὴν
824 4334 970 4400 λέξιν
999 4336 1166 4406 μόνην
1193 4335 1564 4406 περιίσταται.
1594 4335 1671 4391 Οὐ
1707 4339 1868 4408 μόνον

284 4429 353 4482 δὲ
388 4431 488 4488 τὴν
544 4428 707 4493 λέξιν,
761 4427 898 4481 ἀλλὰ
951 4428 1044 4480 καὶ
1079 4427 1361 4492 παντελῶς
1408 4429 1544 4483 Θεὸν
1586 4428 1730 4485 εἶναι
1778 4431 1870 4485 τὸν

285 4519 630 4589 γεννηθέντα
680 4519 983 4589 ἠρνήσατο.
1039 4519 1100 4571 ὐ
1158 4520 1266 4590 γὰρ
1321 4520 1610 4591 γεννηθεὶς
1659 4523 1724 4575 ἐκ
1771 4523 1870 4591 τῆς

1948 2022 2166 2087 doctus,
2199 2031 2254 2077 et
2281 2033 2524 2078 veterum
2557 2025 2921 2094 interpretum
2972 2026 3141 2079 libros
3175 2039 3396 2079 versare
3433 2039 3530 2076 no-

1948 2118 2049 2172 luit
2081 2136 2093 2170 :
2123 2115 2393 2186 siquidem
2443 2113 2680 2186 expetita
2716 2117 2913 2186 linguie
2944 2117 3294 2170 volubilitate
3323 2116 3526 2173 elatus,

1949 2209 2194 2262 animum
2231 2208 2296 2261 ad
2328 2208 2547 2262 illorum
2574 2208 2775 2276 scripta
2806 2223 2912 2260 non
2937 2215 3199 2262 accurate
3263 2206 3526 2266 intendit,

1951 2301 2046 2356 sed
2077 2301 2319 2369 seipsum
2367 2299 2627 2354 omnibus
2683 2301 3123 2367 praestantiorem
3174 2314 3299 2353 esse
3349 2297 3527 2351 duxit.

1950 2393 2138 2460 Itaque
2169 2392 2304 2445 illud
2352 2392 2536 2446 statim
2569 2406 2637 2444 ex
2677 2391 2946 2444 Catholica
3002 2391 3231 2445 Joannis
3261 2390 3528 2460 Epistoia,

1952 2485 2098 2554 quod
2122 2483 2174 2537 in
2199 2483 2432 2537 vetustis
2451 2482 2868 2552 exemplaribus
2901 2481 3166 2549 scriptum
3193 2491 3280 2535 est
3313 2483 3532 2552 ignora-

1953 2577 2032 2631 vit
2073 2575 2262 2642 :Quod
2294 2576 2515 2644 spiritus
2543 2577 2732 2640 omnis,
2774 2575 2864 2644 qui
2900 2574 3081 2628 Jesum
3113 2573 3292 2639 solvil,
3331 2590 3393 2626 ea:
3427 2575 3533 2625 Deo

1956 2670 2242 2722 nonest‘.
2280 2668 2414 2722 Nam
2457 2668 2787 2722 sententiam
2855 2668 3014 2731 hanc,
3067 2667 3161 2736 qui
3216 2668 3282 2721 ab
3358 2666 3534 2720 admi-

1955 2761 2279 2815 nistratione
2328 2761 2570 2815 hominis
2604 2761 2656 2814 in
2682 2759 2904 2814 Christo
2949 2760 3295 2815 divinitatem
3351 2777 3532 2831 segre-

1955 2870 2084 2924 gare
2114 2853 2428 2920 voluerunt,
2462 2869 2529 2908 ex
2571 2850 2816 2923 antiquis
2845 2855 3250 2924 exemplaribus
3294 2855 3532 2908 sustule-

1957 2955 2106 3001 runt.
2146 2947 2494 3019 Quapropter
2528 2957 2584 3003 et
2623 2949 2792 3018 prisci
2827 2951 3160 3017 interpretes
3189 2952 3291 3003 hoc
3345 2951 3524 3018 ipsum

1957 3040 2292 3107 indicarunt,
2318 3040 2491 3096 fuisse
2518 3042 2780 3095 nimirum
2811 3041 3104 3111 quosdam,
3162 3043 3260 3111 qui
3316 3044 3537 3111 Episto-

1958 3131 2068 3187 lam
2102 3147 2223 3188 eam
2280 3133 2656 3203 depravarint,
2720 3134 2997 3189 hominem
3064 3150 3093 3191 a
3162 3136 3275 3190 Deo
3323 3137 3538 3192 solvere

1959 3228 2229 3283 volentes.
2271 3231 2561 3299 Assumpta
2593 3238 2774 3283 autem
2819 3238 2903 3284 est
2937 3245 2968 3283 a
3022 3229 3306 3284 divinitate
3342 3230 3540 3284 huma-

1960 3321 2126 3384 nitas,
2150 3321 2344 3392 etjam
2374 3337 2480 3376 non
2518 3320 2627 3375 duo
2651 3331 2783 3377 sunt
2804 3363 2820 3387 ,
2852 3323 2945 3377 sed
2985 3337 3152 3376 unum
3195 3340 3210 3377 :
3243 3338 3353 3392 quo
3389 3334 3538 3378 vete-

1961 3395 2050 3469 res
2096 3413 2243 3476 freti,
2293 3412 2514 3466 Mariam
2571 3412 2855 3478 Θεοτόκον,
2898 3415 3004 3470 hoc
3030 3424 3134 3482 est,
3176 3415 3267 3470 Dei
3297 3415 3539 3470 Genitric

1960 3520 2080 3560 cem
2103 3505 2289 3559 dicere
2323 3520 2430 3558 non
2457 3495 2804 3560 dubitarunt.
2864 3506 2954 3561 Sic
2991 3508 3138 3561 enim
3171 3515 3226 3562 et
3268 3508 3540 3564 Eusebius

1961 3597 2230 3668 Pamphili
2265 3598 2318 3650 in
2353 3596 2627 3668 tertiolde
2662 3596 2783 3652 Vita
2813 3597 3162 3653 Constantini
3224 3599 3392 3664 libro,
3441 3603 3542 3656 hac

1963 3693 2031 3746 de
2056 3707 2116 3745 re
2143 3691 2211 3745 ad
2235 3690 2458 3745 verbum
2492 3691 2671 3760 inquit
2703 3677 2878 3746 :Nam
2896 3702 2952 3746 et
2973 3694 3312 3749 nativitatem
3330 3694 3422 3764 qui
3455 3705 3543 3749 est

1964 3785 2251 3840 nobiscum
2304 3785 2469 3850 Deus,
2506 3795 2690 3840 nostra
2727 3799 2888 3838 causa
2935 3785 3120 3841 subire
3153 3787 3436 3852 sustinuit,
3485 3797 3545 3842 et

1964 3877 2117 3932 locus
2174 3877 2478 3931 nativitatis
2539 3878 2657 3948 ejus
2718 3878 2772 3932 in
2801 3893 2968 3932 carne
3025 3879 3349 3949 nominatim
3397 3879 3541 3948 apud

1967 3969 2226 4024 Hebraeos
2238 3969 2518 4024 Bethleem
2540 3969 2834 4039 praedictus
2851 3981 2958 4026 est.
2979 3971 3345 4037 Quamobrem
3371 3972 3539 4025 etiam

1965 4061 2064 4114 Dei
2113 4061 2488 4115 amantissima
2544 4062 2748 4116 Helena
2821 4062 3095 4130 Augusta,
3173 4064 3539 4131 gestationem

1969 4153 2112 4207 uteri
2147 4153 2238 4206 Dei
2261 4152 2555 4208 Genitricis
2584 4153 2924 4208 admirandis
2971 4155 3343 4208 monumentis
3377 4155 3547 4209 coho—

1968 4247 2228 4312 nestavit,
2261 4257 2317 4300 et
2351 4262 2566 4302 sacrum
2601 4247 2733 4301 illud
2768 4257 2986 4301 antrum
3024 4247 3384 4301 multifariam
3447 4264 3546 4302 ex-

1969 4337 2208 4391 ornavit.
2240 4336 2399 4408 507
2435 4337 2693 4408 Origenes
2722 4354 2851 4392 vero
2871 4346 2930 4392 et
2969 4338 3084 4407 ipse
3119 4338 3174 4391 in
3207 4337 3366 4392 tertio
3388 4337 3549 4393 Com-

1973 4430 2408 4496 mentariorum,
2474 4430 2528 4484 in
2575 4429 2818 4500 Epistula
2869 4430 2935 4483 ad
2994 4429 3275 4486 Romanos
3306 4439 3546 4519 ,/tomo,

1972 4522 2250 4592 quomodo
2279 4524 2373 4578 Dei
2436 4521 2686 4578 Genitrix
2722 4522 2940 4578 dicatur
2964 4539 3265 4593 exponens,
3327 4526 3549 4592 copiose

289 4609 464 4676 ἁγίας
495 4608 771 4679 Παρθένου
801 4611 958 4662 ἐστὶν
978 4610 1422 4679 ἐσταυρωμένος,
1465 4610 1615 4673 ὅστις
1663 4610 1858 4681 Κύριός

1979 4617 2033 4670 id
2065 4617 2322 4686 explicat.
2358 4621 2600 4687 Apparet
2630 4617 2817 4687 igitur,
2849 4616 3164 4672 Nestorium
3199 4619 3550 4673 lucubratio-

287 4704 419 4755 ἐστι
464 4701 566 4770 τῆς
618 4700 798 4770 δόξης,
863 4701 937 4763 ὥς
966 4717 1131 4770 φησιν
1169 4703 1196 4752 ὁ
1238 4703 1568 4766 Ἀπόστολος
1594 4718 1608 4733 ·
1639 4706 1710 4758 El
1760 4704 1870 4772 γὰρ

288 4795 598 4864 ἔγνωσαν,
649 4795 760 4847 οὐκ
793 4793 870 4846 ἂν
905 4794 1010 4847 τὸν
1041 4793 1262 4862 Κύριον
1299 4791 1409 4862 τῆς
1447 4793 1633 4862 δόξης
1657 4794 1874 4849 ἐσταύ-

282 4905 526 4958 ρωσαν.
551 4889 846 4956 Νεπόριος
873 4886 930 4940 δέ
949 4886 1099 4955 λέγει
1125 4899 1140 4916 ⁸
1175 4904 1194 4938 ι
1236 4886 1327 4956 Μὴ
1367 4889 1582 4957 καυχῶ,
1612 4887 1835 4941 Ἰουδαῖε
1857 4903 1870 4916 ο

293 4979 438 5033 Θεὸν
461 4979 562 5031 οὐκ
581 4980 982 5047 ἑσταύρωσας,ι
1015 4977 1092 5042 ὡς
1123 4979 1216 5032 τοῦ
1248 4980 1456 5048 Κυρίου
1481 4981 1578 5049 τῆς
1594 4979 1751 5049 δόξης
1776 4981 1878 5033 οὐκ

291 5070 750 5140 ὲσταυρωμένου.
788 5069 944 5123 Ἐπεὶ
973 5071 1056 5123 ὅτι
1099 5072 1256 5139 ψιλὸν
1285 5073 1347 5124 οὐ
1394 5073 1542 5139 λέγει
1588 5071 1878 5140 ἄνθρωπον

290 5163 397 5215 τὸν
424 5159 682 5230 Χριστὸν,
708 5161 783 5223 ὼς
808 5162 1078 5223 Φωτεινὸς
1111 5163 1143 5229 ἢ
1204 5163 1415 5225 Παῦλος
1443 5166 1470 5216 ὁ
1504 5165 1877 5233 Σαμοσατεὺς,

288 5255 402 5308 καὶ
454 5254 510 5305 αἱ
545 5253 854 5307 ἐκδοθεῖσαι
885 5254 1051 5306 αὐτοῦ
1089 5255 1445 5325 προσομιλίαι
1493 5255 1876 5309 διδάσκουσινο

289 5349 385 5408 ὡς
414 5345 649 5415 οὐδαμοῦ
677 5347 774 5414 τὴν
807 5346 898 5398 τοῦ
931 5345 1070 5399 Θεοῦ
1103 5348 1278 5415 Λόγου
1319 5348 1618 5401 ὑπόστασιν
1643 5349 1879 5418 ἀναιρεῖ,

290 5435 448 5491 ἁλλὰ
508 5437 786 5508 πανταχοῦ
838 5439 1205 5493 ἐνυπόστατον
1266 5440 1430 5494 αὐτὸν
1476 5441 1750 5510 ὁμολογεῖ,
1785 5442 1882 5494 καὶ

292 5529 578 5582 ἐνούσιον.
623 5531 696 5582 Οὐ
729 5531 858 5600 μὴν,
890 5530 963 5592 ὡς
991 5532 1256 5596 Φωτεινὸς
1299 5533 1392 5586 καὶ
1434 5533 1462 5584 6
1503 5532 1880 5601 Σαμοσατεύς,

292 5625 527 5692 ἀναιρεῖ
568 5624 734 5676 αὐτοῦ
778 5624 874 5693 τήν
907 5625 1176 5695 ὕπαρξινο
1224 5626 1382 5678 τοῦτο
1419 5626 1530 5696 γὰρ
1577 5626 1671 5680 καὶ
1711 5627 1884 5679 Μανι-

292 5719 454 5787 χαῖοι
483 5715 579 5767 καὶ
611 5717 659 5767 οί
692 5717 800 5768 ἀπὸ
834 5717 1118 5769 Μοντανοῦ
1155 5717 1508 5788 δογματίζειν
1543 5719 1877 5790 ἐτόλμησαν.

383 5901 401 5932 ¹
427 5900 587 5957 Joan.
635 5917 712 5966 tv,
744 5901 796 5955 5.
875 5902 894 5932 ⁸
937 5900 1104 5958 lCer.
1145 5915 1209 5964 ti,
1237 5899 1290 5955 8.

639 6000 913 6061 ΡΑτ-ιιοι..
958 6001 1000 6060 G
1015 6019 1074 6059 ν..
1125 5999 1218 6060 CX
1231 5997 1344 6059 LVI

1979 4723 2079 4763 nes
2109 4717 2356 4762 veterum
2389 4709 2692 4778 ignorasse.
2723 4707 2983 4774 Proinde,
3019 4706 3184 4763 sicuti
3234 4709 3370 4769 dixi,
3399 4709 3552 4762 Iocu-

1981 4801 2185 4855 tionem
2215 4802 2384 4854 solam
2419 4810 2722 4871 Oppugnat.
2749 4801 2913 4870 (Quin
2940 4801 3034 4857 ille
3071 4816 3181 4855 non
3219 4800 3547 4856 vocabulum

1979 4886 2161 4955 ipsum
2215 4886 2401 4953 modo,
2459 4888 2552 4942 sed
2579 4903 2805 4957 prorsus
2842 4889 3008 4943 etiam
3046 4890 3216 4944 Deum
3247 4905 3389 4955 esse,
3455 4893 3551 4960 qui

1979 4980 2196 5048 genitus
2216 4987 2320 5043 est,
2355 4981 2596 5050 negavit.
2653 4981 2757 5047 Qui
2798 4982 2944 5035 enim
2977 4997 3043 5036 ex
3098 4981 3323 5053 Virgine
3367 4994 3554 5038 sancta

1979 5079 2138 5126 natus
2219 5082 2326 5140 est,
2407 5073 2550 5128 idem
2631 5073 2928 5128 crucifixus
3006 5090 3222 5145 quoque
3299 5085 3404 5139 est,
3459 5076 3554 5145 qui

1979 5163 2202 5233 quidem
2273 5165 2537 5220 Dominus
2627 5175 2712 5220 est
2786 5167 3008 5235 εισι-ιω,
3088 5168 3553 5237 quemadmodum

1979 5255 2278 5324 Apostolus
2349 5257 2422 5311 ait
2481 5271 2496 5310 :
2559 5255 2620 5310 Si
2698 5260 2836 5312 enim
2911 5244 3288 5328 cognovissent,
3372 5257 3556 5312 Domi-

1979 5365 2107 5402 num
2157 5347 2338 5418 utique
2379 5347 2562 5418 gloria:
2609 5365 2712 5401 non
2755 5349 3134 5417 cruciﬁaisscnt
3184 5353 3230 5403 ’.
3273 5350 3556 5404 Nestor-ius

1982 5451 2164 5494 autem
2210 5441 2416 5508 .inquit
2449 5458 2461 5490 :
2507 5457 2524 5490 ι
2560 5439 2637 5494 Ne
2667 5440 2946 5509 glorieris,
2988 5441 3194 5506 Judaac,
3241 5443 3408 5495 Deum
3445 5457 3556 5495 non

1981 5531 2306 5588 crucifixisti
2335 5550 2347 5585 :
2377 5549 2396 5584 ι
2432 5532 2666 5600 perinde
2689 5543 2850 5601 atque
2883 5533 3144 5588 Dominus
3170 5534 3355 5604 gloriae
3381 5536 3560 5587 cruci-

1984 5627 2125 5678 ﬁxus
2177 5637 2288 5677 non
2327 5632 2494 5678 esset.
2538 5624 2994 5694 Quandoquidem
3059 5626 3206 5695 quod
3252 5625 3556 5688 Christum,

1985 5733 2094 5772 non
2132 5731 2331 5788 purum
2366 5715 2650 5772 hominem
2709 5718 2877 5785 dicat,
2911 5719 3057 5772 sicut
3127 5719 3421 5780 Photinus,
3464 5725 3557 5769 aut

3011 5990 3082 6050 37
