4036 6548
353 376 509 485 uss

1282 421 1876 485 ECCLESIASTIC/E
1916 423 2307 485 HISTORIA:
2342 422 2487 484 LIB.
2523 384 2677 483 XIV.

3469 410 3605 474 1166

368 534 747 608 πρεσϐυτέρας
774 534 1021 607 ίῬὼμης
1084 536 1369 608 ἑπισκόπῳ
1438 537 1748 611 Κελεστίνῳ
1811 541 1931 595 ἀνέ-

2045 555 2164 610 pum
2211 537 2575 595 leestinum
2627 533 2801 590 misit.
2861 533 2942 588 Ad
3006 529 3322 587 Nestorium
3377 527 3604 595 ἰοειψυιν

367 644 578 702 assuage.
610 626 816 698 Τρίτην
856 627 901 681 ἓ
942 626 1109 696 ἀλλην
1140 628 1431 699 επιστολὴν
1474 629 1760 701 Νεστορίῳ
1804 631 1933 683 επέ-

369 720 626 774 στελλεν⁹
653 721 714 772 ιν
744 714 778 791 ἦ
813 719 908 775 καὶ
961 718 1031 772 τά
1071 718 1484 791 πολυθρύλλητα
1536 722 1605 791 ιβ’
1660 712 1933 791 κεφάλαια

372 813 490 883 μετ’
528 810 985 881 ἀναθεματισμῶν
1017 812 1487 882 συμπαρεζευξεν.
1526 814 1596 868 ’Λ
1645 814 1710 879 δὴ
1735 815 1833 869 καὶ
1854 814 1934 884 τῷ

370 905 598 974 παρόντι
653 904 893 957 ἐκθεῖναι
918 903 1130 959 δίκαιον
1179 904 1290 974 ῆγη
1303 922 1421 974 μαι,
1450 903 1597 959 οῦτω
1626 906 1894 972 διεξιόντα
1913 923 1930 942 ·

375 1016 396 1048 ι
432 996 498 1051 Et
516 1014 598 1060 τις
619 995 726 1065 οὐχ
750 995 1006 1065 ὁμολογεῖ
1033 995 1169 1048 Θεὸν
1203 992 1346 1050 εἶναι
1379 999 1524 1052 κατά
1552 999 1814 1069 ἀλήθειαν
1841 1002 1933 1055 τὸν

379 1086 747 1158 Ἐμμανονὴλ,
773 1087 866 1140 καὶ
890 1088 981 1142 διά
1008 1084 1166 1141 τοῦτο
1191 1086 1451 1142 Θεοτόκον
1477 1089 1578 1160 τὴν
1599 1090 1763 1158 ἁγίαν
1792 1093 1935 1162 Παρ-

367 1178 521 1231 θένον
575 1177 896 1248 (γεγέννηκε
954 1180 1061 1249 γάρ
1127 1180 1409 1252 σαρκικῶς
1455 1181 1634 1252 σάρκα
1672 1184 1936 1251 γεγονότα

366 1271 458 1323 τὸν
488 1271 553 1322 ὲκ
574 1268 713 1323 Θεοῦ
740 1268 873 1324 Θεὸν
911 1270 1133 1338 Λόγον),
1170 1269 1423 1342 ἀνάθεμα
1448 1270 1614 1327 ἔστω.
1643 1273 1710 1327 Et
1728 1291 1811 1336 τις
1837 1275 1897 1326 οὐ
1905 1293 1937 1344 χ

366 1361 621 1430 ὁμολογεί
645 1363 811 1433 σαρκὶ⁵
843 1361 965 1416 καθ’
994 1363 1295 1417 ὑπόστασιν
1316 1363 1559 1432 ἡνῶσθαι
1581 1366 1675 1418 τὸν
1708 1367 1771 1419 ἐκ
1800 1366 1935 1421 Θεοῦ

373 1456 586 1525 [ἰατρὸς
631 1455 827 1522 Λόγον,
858 1454 957 1509 ἕνα
984 1472 1044 1508 τε
1073 1451 1215 1509 εἶναι
1246 1456 1483 1526 Χριστὸν
1513 1458 1652 1527 μετὰ
1674 1458 1775 1527 τῆς
1801 1458 1938 1523 ιδίας

370 1541 594 1613 σαρκὸς,
623 1541 714 1595 τὸν
742 1540 907 1596 αὑτὸν
935 1540 1179 1611 δηλονότι
1199 1541 1334 1596 Θεὸν
1355 1542 1493 1613 ὁμοῦ
1514 1559 1575 1596 τε
1604 1544 1700 1599 καὶ
1721 1543 1933 1615 ἀνθρω-

369 1653 492 1702 πον,
553 1633 804 1703 ἀνάθεμα
833 1632 995 1692 ἔστω.
1042 1633 1111 1694 Et
1140 1651 1224 1699 τις
1258 1635 1352 1690 ἐπὶ
1403 1633 1498 1689 τοῦ
1547 1636 1667 1700 ἑνὸς
1698 1637 1938 1708 Χριστοῦ

367 1728 569 1797 διαιρεῖ
593 1725 692 1791 τ’ἀς
722 1726 1046 1791 ὑποστάσεις
1075 1729 1216 1797 μετά
1249 1725 1352 1798 τὴν
1395 1726 1612 1793 ἕνωσιν,
1638 1728 1775 1803 μόνῃ
1809 1748 1936 1785 συν-

369 1823 558 1878 άπτων
589 1820 761 1884 αὐτὰς
808 1835 1074 1891 σνναφειᾳ
1126 1821 1194 1891 τῇ
1230 1821 1370 1875 κατά
1412 1819 1513 1890 τὴν
1545 1820 1726 1890 ἀξίαν⁹
1769 1823 1938 1893 ήγουν

370 1914 658 1971 αὐθεντίαν
700 1914 735 1986 ἢ
766 1912 1085 1968 δυναστείαν
1110 1950 1126 1977 ,
1163 1913 1258 1967 καὶ
1287 1913 1409 1984 οὐχὶ
1445 1913 1646 1981 μᾶλλον
1672 1915 1937 1970 συνειδότι

371 2008 495 2063 καθ’
527 2007 721 2067 ενωσιν
755 2005 1012 2078 φυσικὴν,
1043 2005 1293 2076 ἀνάθεμα
1325 2005 1485 2061 ἔστω.
1516 2004 1585 2061 El
1607 2021 1692 2069 τις
1720 2005 1939 2078 προσώο-

372 2115 495 2164 ποις
519 2099 884 2170 δυσὶνςῆγουν
921 2097 1271 2162 ὑποστάσεσι,
1299 2096 1398 2161 τάς
1444 2114 1507 2152 τε
1538 2099 1597 2151 εν
1623 2099 1736 2161 τοίς
1769 2098 1940 2167 εὐαγ-

370 2192 609 2265 γελικοίς
662 2190 760 2247 καὶ
811 2190 1189 2253 ἀποστολικοῑς
1235 2193 1639 2262 συγγράμμασι
1686 2192 1940 2263 διανέμει

373 2286 556 2358 φωνὰς
604 2287 695 2340 ἐπὶ
723 2284 948 2356 Χριστῷ
1002 2286 1151 2354 παρά
1181 2284 1289 2339 τῶν
1333 2285 1508 2354 ἁγίων
1548 2287 1870 2357 λεγομένας,
1905 2286 1939 2358 ἢ

377 2383 510 2452 παρ’
543 2381 724 2443 αὐτοῖς
749 2382 881 2452 περὶ
913 2379 1106 2434 ἑαυτοῦ
1133 2396 1147 2411 ο
1181 2380 1278 2435 καὶ
1310 2381 1408 2444 τὰς
1443 2380 1540 2450 μὲν
1570 2381 1646 2444 ὡς
1668 2380 1942 2451 ἀνθρώπῳ

376 2476 531 2557 ποιρά
552 2474 646 2529 τὸν
680 2476 744 2527 εκ
780 2471 918 2526 Θεοῦ
965 2474 1178 2546 Harpe;
1208 2473 1385 2543 Λόγον
1420 2473 1606 2538 ίδικῶς
1647 2475 1942 2545 νοουμένας

377 2568 705 2638 προσάπτει,
731 2568 832 2633 τὰς
862 2567 919 2620 δὲ
968 2565 1041 2628 ὡς
1073 2567 1396 2638 θεοπρεπεῖς
1429 2568 1580 2639 μόνῳ
1610 2569 1692 2639 τῷ
1714 2572 1778 2623 ὲκ
1803 2566 1941 2623 Θεοῦ

376 2662 588 2730 Πατρός
619 2659 796 2730 Λόγῳ,
827 2658 1078 2730 ἀνάθεμα
1124 2659 1292 2715 ἔστω.
1328 2661 1395 2718 Et
1437 2678 1522 2724 τις
1548 2660 1723 2734 τολμᾷ
1761 2661 1943 2730 λέγειν

377 2748 636 2819 θεοφόρον
676 2747 964 2818 ἄνθρωπον
1015 2748 1105 2802 τὸν
1131 2734 1391 2818 Χριστὸν,
1432 2751 1530 2803 καὶ
1561 2752 1682 2822 οὐχὶ
1707 2751 1772 2822 δὴ
1803 2750 1943 2821 μᾶλ-

376 2842 465 2895 λον
506 2841 639 2896 Θεὸν
668 2837 807 2894 εἶναι
838 2841 979 2901 κατά
1011 2840 1291 2911 ἀλήθειαν,
1328 2841 1405 2904 ὡς
1432 2841 1563 2896 Υίδν
1592 2844 1688 2901 ἕνα
1715 2846 1808 2898 καὶ
1837 2844 1944 2915 φύ-

378 2951 462 2987 σει
494 2934 615 2989 καθ’
665 2932 695 2987 δ
747 2933 938 3003 γέγονε
976 2932 1112 3003 σὰρξ
1161 2935 1191 2987 ὁ
1222 2933 1417 3002 Λόγος.
1447 2936 1545 2989 καὶ
1574 2935 1944 3009 κεκοινώνηκε

379 3025 777 3096 παραπλησίως
804 3027 942 3095 ςήμῖν
998 3026 1232 3095 αἵματος
1286 3027 1382 3081 καὶ
1415 3027 1640 3098 σαρκὸς,
1696 3029 1945 3100 ἀνάθεμα

376 3120 538 3177 ἔστω.
559 3118 640 3181 Et
663 3135 745 3181 τις
777 3117 927 3186 λέγει
963 3118 1094 3171 Θεὸν
1121 3116 1153 3190 ἢ
1184 3119 1463 3197 Δεσπότην
1501 3116 1641 3175 εῖναι
1686 3121 1783 3176 τοῦ
1811 3125 1948 3194 Χρι-

2030 632 2254 691 .tertiatn
2285 631 2438 687 dedit
2458 626 2770 699 epistolam,
2800 626 2888 680 cui
2921 623 3155 679 multum
3189 621 3468 678 celebrata
3514 617 3607 673 illa

2032 721 2321 778 duodecim
2343 722 2544 790 eapita,
2570 732 2677 774 una
2697 731 2821 774 cum
2836 710 3310 771 anathematismis
3331 708 3603 778 adjunxit:

2032 830 2157 887 quae
2178 823 2239 870 ut
2271 815 2362 869 hic
2396 799 2725 876 insererem,
2769 823 2983 879 aequum
3031 820 3152 861 esse
3183 803 3338 858 duxi.
3390 800 3465 855 Ea
3522 800 3603 852 sie

2035 908 2237 963 habent
2266 924 2282 962 :
2319 924 2338 959 ι
2376 904 2432 961 Si
2461 902 2586 974 quis
2613 917 2722 958 non
2755 897 3046 971 proﬁtetur
3072 910 3260 955 verum
3293 894 3458 947 Deum
3483 907 3605 946 esse

2035 998 2471 1069 Emmanuelem,
2518 994 2859 1067 proindeque
2915 989 3183 1060 virginem
3232 986 3456 1041 Mariam
3505 984 3604 1038 Dei

2033 1092 2368 1151 Genitricem
2411 1088 2625 1161 (genuit
2655 1086 2801 1142 enim
2834 1083 2927 1141 illa
2981 1079 3279 1139 carnaliter
3331 1092 3455 1132 eum
3509 1074 3605 1145 qui

2036 1200 2165 1241 caro
2207 1184 2386 1239 factus
2415 1181 2529 1251 est],
2574 1181 2750 1235 Betim
2797 1176 3009 1233 scilicet
3053 1188 3121 1228 ex
3166 1173 3277 1227 Deo
3325 1167 3609 1235 Verbum)

2038 1278 2331 1333 anathema
2363 1276 2455 1331 sit.
2489 1273 2548 1329 Si
2588 1271 2714 1342 quis
2743 1285 2853 1326 non
2878 1269 3171 1340 profitetur
3200 1262 3355 1319 carni
3403 1277 3598 1318 seettn-
3702 1300 3711 1305 -

2037 1373 2166 1427 dum
2189 1366 2594 1425 subsistentiam
2625 1364 2838 1420 unitum
2866 1376 2986 1418 esse
3014 1359 3067 1417 id
3099 1358 3244 1429 quod
3276 1367 3362 1413 est
3397 1371 3462 1410 ex
3496 1355 3607 1409 Deo

2037 1471 2193 1533 patre
2220 1460 2487 1527 Verbum,
2521 1470 2801 1525 unumque
2832 1468 2956 1510 esse
2979 1450 3264 1508 Christum
3300 1462 3425 1501 cum
3474 1460 3606 1515 pro-

2037 1554 2160 1625 pria
2227 1568 2426 1620 carne,
2485 1548 2744 1606 eumdem
2804 1546 3019 1604 scilicet
3081 1544 3253 1600 Deum
3311 1538 3474 1597 simul
3547 1549 3607 1590 et

2039 1646 2340 1712 hominem,
2380 1642 2673 1705 anathema
2703 1640 2797 1697 sit.
2831 1637 2892 1694 Si
2926 1636 3051 1707 quis
3098 1635 3155 1691 in
3218 1645 3328 1694 uno
3384 1628 3605 1685 Christo

2038 1738 2425 1796 subsistentia
2455 1733 2648 1791 dividit
2672 1740 2797 1804 post
2825 1729 3106 1792 unionem,
3133 1726 3248 1782 sola
3279 1738 3376 1783 eas
3403 1736 3608 1778 coniicv

2040 1841 2195 1887 ctens
2218 1825 2631 1899 conjunctione,
2657 1837 2779 1892 qua:
2803 1817 3106 1877 secundum
3130 1815 3455 1885 dignitatem
3483 1812 3607 1865 sive

2040 1921 2426 1980 auctoritatem
2478 1928 2575 1975 aut
2616 1924 2949 1989 potestatem
2999 1920 3109 1976 est,
3165 1919 3222 1965 et
3261 1923 3372 1963 non
3417 1904 3606 1977 potius

2040 2015 2245 2074 unione
2288 2010 2550 2076 naturali,
2599 2008 2889 2065 anathema
2947 2006 3040 2060 sit.
3092 2001 3149 2058 Si
3210 1998 3336 2073 quis
3393 1995 3609 2052 duabus

2038 2107 2295 2180 personis
2340 2105 2460 2161 sine
2506 2100 2883 2160 subsistentiis
2931 2099 2990 2153 in
3039 2096 3289 2159 Christo,
3342 2105 3507 2150 voces
3550 2092 3608 2143 in

2040 2198 2373 2269 evangelicis
2409 2206 2466 2251 et
2492 2193 2808 2266 apostolicis
2841 2191 3087 2260 scriptis,
3110 2187 3203 2244 .vel
3238 2185 3441 2254 a_viris
3482 2197 3612 2237 san,

2041 2291 2165 2356 etis,
2199 2291 2287 2345 vel
2317 2290 2384 2344 ab
2414 2289 2534 2358 ipso
2564 2287 2631 2342 de
2658 2285 2841 2355 seipso
2867 2282 3102 2359 tributos
3145 2278 3365 2344 dividit,
3392 2284 3449 2332 et
3473 2275 3611 2330 alias

2042 2384 2265 2456 quidem
2315 2391 2376 2438 ut
2421 2379 2662 2443 homini,
2704 2388 2859 2435 extra
2906 2376 2960 2431 id
2992 2375 3140 2446 quod
3188 2388 3257 2428 ex
3299 2372 3411 2427 Deo
3450 2371 3611 2423 l’;.tre

2036 2490 2128 2537 est
2150 2476 2410 2538 Verbum,
2439 2473 2658 2548 preprie
2681 2469 3095 2548 convenientes,
3118 2467 3254 2523 alias
3285 2482 3417 2523 vero
3441 2462 3612 2518 veluti

2044 2570 2157 2625 Deo
2190 2543 2558 2638 congruentes
2589 2564 2643 2620 ei
2700 2543 2803 2619 soli
2857 2561 3005 2632 quod
3034 2575 3101 2614 ex
3136 2560 3267 2615 Deo
3304 2560 3465 2614 Patre
3526 2568 3614 2610 est

2044 2659 2223 2717 Verbo
2250 2656 2648 2721 accommodat,
2691 2663 2982 2711 anathema
3027 2655 3118 2708 sit.
3162 2651 3220 2705 Si
3263 2651 3390 2720 quis
3430 2649 3614 2704 dicere

2045 2752 2211 2808 audet
2231 2753 2507 2807 hominem
2534 2734 2810 2805 Deiterqu
2842 2744 3151 2810 Christum,
3191 2751 3247 2799 et
3287 2757 3396 2796 non
3429 2740 3618 2811 potius

2045 2859 2238 2901 verum
2274 2844 2446 2900 Deum
2473 2855 2615 2906 esse,
2656 2846 2846 2911 utpote
2869 2851 3041 2893 unum
3079 2845 3136 2890 et
3161 2833 3386 2905 quidem
3420 2846 3619 2890 natura

2045 2941 2272 3006 Filium,
2288 2949 2573 3009 quatenus
2585 2934 2827 2992 Nerbum
2850 2947 2982 2988 caro
2999 2931 3205 2988 factum
3229 2939 3333 2995 est,
3362 2936 3418 2985 et
3436 2928 3625 2993 nobis-

2044 3051 2170 3092 cum
2201 3033 2485 3104 aequaliter
2525 3030 2592 3085 de
2623 3028 2889 3099 sanguine
2918 3035 2974 3081 et
3010 3040 3177 3083 carne
3213 3023 3389 3096 (extra
3420 3039 3618 3094 pecca-

2046 3129 2185 3200 tum)
2209 3124 2576 3198 participavit,
2602 3123 2891 3178 anathema
2914 3120 3008 3176 sit.
3033 3118 3091 3174 Si
3122 3119 3247 3188 quis
3276 3116 3412 3173 dicit
3444 3116 3616 3171 Deum

380 3210 508 3270 στοῦ
534 3211 626 3264 τὸν
651 3214 717 3264 ὲκ
745 3210 882 3263 Θεοῦ
918 3210 1129 3280 Πατρδς
1162 3211 1357 3279 Λόγον,
1378 3216 1473 3266 καὶ
1502 3214 1623 3286 οὐχὶ
1646 3214 1712 3285 δὴ
1739 3215 1944 3286 μᾶλλον

2047 3229 2142 3277 aut
2178 3219 2475 3277 Dominum
2504 3216 2707 3273 Christi
2742 3230 2889 3280 esse,
2919 3212 3067 3284 quod
3100 3226 3171 3267 ex
3203 3210 3319 3266 Deo
3353 3210 3510 3265 Patre
3533 3222 3624 3264 est

377 3305 468 3358 τὸν
499 3304 686 3371 αὑτὸν,
721 3303 858 3358 Θεὸν
894 3304 1150 3374 ὁμολογεῖ
1175 3306 1272 3358 καὶ
1303 3306 1613 3377 ἄνθρωπον,
1663 3310 1741 3372 ὡς
1782 3325 1947 3379 γεγο.

377 3399 531 3462 νότος
559 3398 757 3468 σαρκὸς
787 3397 881 3452 τοῦ
911 3398 1087 3467 Λόγου
1131 3399 1273 3453 κατὰ
1302 3401 1399 3464 τὰς
1431 3394 1674 3473 Γραφάς,
1695 3403 1948 3474 ἀνάθεμα

378 3492 537 3545 ἔστω.
580 3490 642 3542 Et
665 3506 750 3553 τις
790 3490 954 3559 φησιν
981 3489 1056 3553 ὼς
1079 3489 1370 3560 ἄνθρωπον
1407 3492 1751 3565 ἑνηργῆσθαι
1792 3493 1949 3565 παρὰ

379 3582 472 3639 τοῦ
511 3584 646 3638 Θεοῦ
683 3584 857 3652 Λόγου
888 3583 981 3637 τὸν
1027 3582 1258 3650 Ἰησοῦν,
1305 3582 1403 3647 καὶ
1434 3585 1535 3654 τὴν
1562 3582 1659 3637 τοῦ
1704 3584 1950 3653 Movere-

379 3680 503 3739 νοῦς
532 3678 776 3743 εὐδοξίαν
804 3676 1106 3748 περιῆφθαι
1140 3677 1216 3741 ὡς
1241 3677 1418 3748 ἑτέρῳ
1447 3677 1575 3746 παρ’
1600 3677 1750 3748 αὑτῷ
1773 3677 1951 3746 ὑπάρ-

378 3789 548 3845 χοντι,
582 3770 834 3841 ἀνάθεμα
860 3770 1021 3824 ἔστω.
1067 3771 1135 3825 Et
1157 3787 1243 3834 τις
1274 3770 1453 3843 τολμᾷ
1483 3770 1664 3839 λέγειν
1689 3771 1781 3824 τὸν
1816 3772 1948 3825 ἀνα-

379 3861 655 3933 ληφθέντα
691 3860 976 3931 ἀνθρωπον
1011 3846 1552 3931 συμπροσκυνείσθαι
1580 3861 1692 3916 δεῖν
1725 3861 1803 3934 τῷ
1829 3862 1949 3935 Θεῷ

378 3953 539 4025 Λόγῳ
566 3952 660 4006 καὶ
685 3951 1128 4016 συνῶξάζεσθαι,
1153 3954 1250 4008 καὶ
1293 3953 1758 4024 συγχρηματίξειν
1790 3954 1946 4020 Θεὸν,

366 4047 455 4110 ,ὡς
483 4046 673 4115 ἕτερον
695 4044 867 4114 ἑτέρῳ
890 4043 972 4116 (τὸ
991 4044 1100 4114 γάρ
1124 4043 1248 4099 σὺν·
1275 4045 1362 4099 ἀεὶ
1383 4047 1809 4118 προστιθέμενον
1826 4048 1951 4103 τοῦ·

379 4157 441 4202 το
470 4139 614 4191 νοεῖν
645 4137 994 4207 ἀναγκάσει),
1035 4137 1132 4190 καὶ
1166 4137 1290 4208 οὐχὶ
1308 4136 1374 4209 δὴ
1407 4137 1610 4207 μᾶιλον
1644 4141 1747 4211 μιᾷ
1778 4156 1951 4211 προσ-

382 4231 604 4301 κυνήσει
649 4229 812 4305 τιμᾷν
855 4230 947 4285 τὸν
988 4229 1360 4302 Ἐμμανουὴλ,
1384 4232 1481 4287 καὶ
1513 4230 1641 4301 μίαν
1672 4233 1824 4303 αὐτῷ
1848 4232 1949 4303 τὴν

377 4321 691 4390 δοξολογίαν
715 4322 975 4377 ἀνάπτειν
999 4319 1134 4379 καθὸ
1165 4320 1358 4394 γέγονε
1387 4323 1525 4392 σάρξ
1552 4323 1582 4380 ό
1600 4322 1795 4391 Λόγος,
1819 4324 1951 4379 ἀνά-

381 4413 527 4483 θεμα
560 4412 725 4468 ἔστω.
749 4413 816 4467 Et
837 4428 923 4476 τις
948 4415 1084 4482 φησὶ
1104 4412 1197 4467 τὸν
1217 4411 1313 4473 ἱνα
1339 4411 1547 4484 Κύριον
1594 4413 1803 4484 ἰησοῦν
1818 4414 1952 4485 Χρι-

382 4506 510 4559 στὸν
540 4503 857 4573 δεδοξάσθαι
884 4504 1033 4579 παρὰ
1061 4502 1156 4567 τοῦ
1184 4502 1532 4574 Πνεῦματος,
1571 4504 1648 4567 ὡς
1694 4504 1951 4576 ἀλλοτρίᾳ

2050 3313 2315 3379 Verbum,
2343 3327 2408 3367 ac
2440 3326 2550 3368 non
2601 3309 2789 3380 potius
2817 3306 3075 3363 eumdem
3108 3304 3280 3363 Deum
3326 3302 3621 3374 proﬁtetur

2048 3417 2106 3464 et
2139 3408 2440 3471 hominem,
2473 3418 2598 3460 cum
2631 3402 2871 3463 ,Verbum
2892 3414 3024 3461 caro
3050 3398 3258 3457 factum
3290 3397 3383 3459 sit.
3416 3412 3616 3459 secuti-

2050 3503 2180 3555 tlum
2210 3498 2549 3569 Scripturss,
2581 3494 2876 3550 anathema
2906 3492 3009 3549 sit.
3040 3490 3096 3546 Si
3130 3491 3253 3560 quis
3279 3488 3415 3545 dicit
3447 3489 3618 3549 veluti

2051 3594 2332 3648 hominem
2350 3590 2538 3647 Iesum
2567 3604 2597 3642 a
2631 3588 2745 3643 Deo
2776 3586 2953 3646 Verbo
2976 3582 3263 3657 agitatum,
3298 3583 3462 3653 eique
3484 3598 3624 3663 prus.

2051 3687 2257 3743 claram
2289 3682 2569 3754 Unigeniti
2617 3681 2847 3753 gloriam
2899 3678 3297 3735 circumdatam
3356 3692 3501 3743 esse,
3565 3687 3627 3731 ut

2051 3779 2146 3850 qui
2177 3777 2319 3833 alius
2340 3777 2411 3832 ab
2441 3777 2565 3846 ipso
2599 3775 2926 3839 exsisteret,
2967 3771 3262 3828 anathema
3291 3770 3384 3826 sit.
3416 3768 3473 3826 Si
3502 3769 3626 3838 quis

2052 3872 2237 3928 dicere
2267 3869 2454 3934 audet,
2490 3868 2770 3923 hominem
2806 3873 3149 3935 assumptum
3202 3879 3311 3919 una
3336 3878 3465 3919 cum
3502 3863 3625 3918 .Deo

2062 3962 2250 4021 Verbo
2292 3960 2508 4017 adorari
2560 3968 2616 4015 et
2664 3955 2961 4029 gloriﬁcari
3004 3963 3064 4012 et
3109 3955 3357 4019 laudari,
3404 3954 3627 4022 dicique

2051 4059 2223 4114 Deum
2255 4054 2483 4121 debere,
2546 4051 2713 4108 sicuti
2761 4051 2997 4107 alterum
3046 4065 3173 4107 cum
3219 4049 3393 4103 altero
3464 4046 3628 4118 διο

2050 4149 2343 4221 (particula
2374 4146 2523 4201 enim
2555 4145 2671 4203 Con
2700 4143 2936 4214 adjecta,
2993 4157 3212 4225 semper
3267 4141 3323 4196 id
3375 4142 3624 4214 cogitare

2050 4252 2216 4314 atque
2242 4240 2550 4310 intelligere
2575 4237 2769 4308 cogit),
2799 4251 2865 4292 ac
2892 4250 3006 4293 non
3052 4234 3239 4306 potius
3288 4234 3626 4291 Emmanue-

2054 4335 2159 4390 lem
2183 4332 2505 4389 adcretione
2529 4346 2638 4386 una
2666 4328 3077 4391 honorandum,
3106 4336 3164 4383 et
3199 4342 3364 4383 unam
3402 4327 3455 4382 ei
3503 4325 3626 4396 glo-

2052 4424 2409 4487 riticatiouem
2464 4421 2815 4484 tribuendam
2861 4433 3004 4483 esse,
3056 4426 3333 4487 quatenus
3381 4415 3624 4475 Verbum

2054 4532 2184 4573 caro
2212 4516 2415 4572 factum
2449 4524 2555 4577 est,
2578 4511 2870 4569 anathema
2902 4508 2994 4567 sit.
3029 4507 3087 4564 Si
3134 4507 3261 4578 quis
3283 4507 3419 4563 dicit
3451 4523 3623 4567 unum

379 4596 610 4667 δυνάμει
655 4598 723 4667 τῇ
755 4595 822 4653 δι’
844 4594 1011 4655 αὑτοῦ
1043 4593 1352 4671 χρώμενον,
1376 4596 1471 4656 καὶ
1497 4594 1631 4666 παρ’
1661 4596 1825 4657 αὐτοῦ
1846 4597 1944 4653 ,λα-

2047 4608 2343 4669 Dominum
2371 4603 2558 4664 Jesum
2590 4603 2875 4663 Christum
2897 4601 3264 4671 glerilicatum
3296 4614 3417 4657 esse
3445 4615 3476 4657 a
3499 4599 3625 4668 Spi-

382 4691 547 4747 δόντα
587 4691 647 4744 τὸ
677 4691 925 4758 ἐνεργεῖν
972 4689 1233 4748 δύνασθαι
1266 4690 1410 4751 κατὰ
1441 4691 1768 4761 πνευμάτων
1811 4690 1952 4752 ἀκαι-

384 4781 618 4851 θάρτων,
655 4781 750 4836 καὶ
777 4780 837 4837 τὸ
868 4778 1111 4851 πληροῦν
1155 4780 1239 4843 είς
1269 4778 1586 4850 ἀνθρώπους
1611 4782 1712 4843 τὰς
1754 4780 1949 4852 θεοση-

385 4876 535 4945 μίας,
581 4874 676 4931 καὶ
731 4873 854 4943 οὐχὶ
888 4871 955 4943 δὴ
986 4871 1188 4942 μᾶλλον
1248 4871 1382 4929 [διον
1430 4872 1600 4931 αὑτοῦ
1633 4876 1697 4931 τὸ
1726 4874 1953 4947 Πνεῦμα

382 4965 539 5034 φησὶ,
559 4964 640 5018 δι’
669 4961 739 5016 οῦ
780 4963 873 5017 καὶ
902 4963 1173 5033 ὲνήργηκε
1211 4966 1310 5023 τὰς
1349 4961 1669 5032 θεοσημίας,
1698 4962 1952 5039 ἀνάθεμα

382 5057 541 5112 ἔστω.
571 5056 640 5115 El
662 5072 747 5121 τις
781 5055 1040 5130 ἀρχιερέα
1072 5054 1169 5117 καὶ
1199 5055 1499 5115 ἀπόστολον
1525 5055 1631 5124 τῆς
1651 5056 1953 5127 ὁμολογίας

380 5149 541 5224 ἡμῶν
583 5148 913 5221 γεγενῆσθαι
942 5148 1202 5220 Χριστὸν,
1233 5146 1307 5212 ὡς
1348 5149 1383 5219 ἠ
1429 5147 1550 5201 θεία
1577 5146 1728 5219 λέγει
1757 5148 1952 5223 Γραφὴ

382 5239 811 5309 ίπροσκεκόμικε
838 5238 947 5307 γὰρ
1002 5234 1193 5291 ἑαυτὸν
1251 5235 1390 5306 ὑπὲρ
1437 5234 1595 5306 ἡμῶν
1650 5236 1729 5297 είς
1774 5236 1953 5307 ὀσμὴν

381 5329 614 5392 εὐωδίας
666 5328 746 5398 τῷ
794 5327 915 5399 Θεῷ
968 5328 1061 5379 καὶ
1120 5325 1354 5397 Πατρί)⁶
1408 5328 1461 5380 εί
1507 5345 1592 5392 τις
1628 5329 1808 5384 τοίνυν
1855 5333 1953 5402 ἀρ-

382 5422 569 5494 χιερέα
647 5419 745 5473 καὶ
807 5420 1109 5473 ἀπόστολον
1177 5419 1334 5488 ἡμῶν
1398 5420 1654 5488 γενέσθαι
1706 5422 1808 5477 οὐκ
1857 5424 1954 5476 αὑ-

322 5575 329 5581 ,
380 5515 469 5567 τὸν
519 5515 611 5566 τὸν
669 5511 765 5565 τοῦ
822 5511 960 5565 Θεοῦ
1024 5511 1216 5580 Λόγον,
1266 5511 1355 5564 ὅτε
1407 5511 1602 5581 γέγονε
1658 5512 1797 5583 σὰρξ
1860 5518 1953 5569 καὶ

380 5606 502 5661 καθ’
551 5607 698 5677 ἡμᾶς
756 5605 1063 5674 ἄνθρωπος,
1113 5605 1229 5657 ἀλλ’
1257 5604 1333 5666 ὡς
1391 5605 1581 5677 ἕτερον
1622 5584 1807 5671 tatis;
1863 5609 1952 5662 ἀν-

379 5699 601 5769 θρωπον
651 5698 779 5768 παρ’
830 5698 991 5752 αὐτὸν
1034 5698 1099 5751 ὲκ
1130 5696 1420 5765 γυναικόςο
1463 5699 1518 5752 ετ
1545 5715 1629 5761 τις
1680 5699 1830 5768 λέγει
1859 5704 1953 5753 καὶ

381 5791 521 5862 ὑπὲρ
555 5790 749 5844 ἑαυτοῦ
800 5792 1189 5861 προσενεγκεῖν
1246 5790 1411 5851 αὑτὸν
1465 5790 1565 5862 τὴν
1610 5794 1949 5863 προσφορὰν.

380 5888 471 5941 καὶ
521 5884 644 5956 οὐχὶ
708 5882 773 5955 δὴ
829 5883 1028 5954 μᾶλλον
1084 5883 1224 5954 ὑπὲρ
1265 5885 1441 5955 μόνων
1496 5884 1654 5955 ήμῶν
1709 5884 1791 5954 (οὐ
1841 5887 1950 5959 γὰρ

2053 4701 2188 4762 ritu,
2216 4698 2444 4770 perinde
2479 4706 2646 4769 atque
2678 4696 2858 4753 aliena
2901 4694 3109 4753 virtute
3148 4709 3282 4755 usus
3301 4694 3416 4761 sit,
3465 4703 3522 4749 et
3550 4695 3622 4749 ab

2052 4794 2147 4849 illo
2171 4791 2470 4861 acceperit,
2504 4798 2565 4844 ut
2610 4787 2799 4846 enicas
2844 4797 3038 4843 contra
3090 4787 3338 4856 impuros
3389 4786 3624 4855 spiritus

2051 4888 2218 4942 esset,
2254 4885 2308 4933 et
2330 4876 2515 4937 divina
2551 4876 2814 4933 miracula
2848 4876 2993 4931 inter
3019 4875 3272 4931 homines
3296 4874 3465 4929 edere
3495 4888 3623 4944 pos-

2050 4979 2156 5036 set,
2190 4986 2259 5029 ac
2290 4985 2399 5029 non
2416 4970 2603 5042 potius
2621 4969 2907 5039 proprium
2938 4966 3113 5037 ipsius
3145 4963 3414 5035 Spiritum
3446 4968 3621 5035 proli-

2055 5075 2222 5129 tetur,
2261 5080 2358 5135 per
2401 5077 2563 5132 quem
2594 5061 2782 5121 divina
2807 5059 2943 5135 fecit
2992 5056 3284 5121 miracula,
3324 5057 3619 5111 anathema

2050 5158 2145 5215 sit.
2187 5155 2243 5214 Si
2294 5154 2420 5225 quis
2451 5151 2766 5223 pontificem
2807 5158 2863 5205 et
2892 5148 3208 5219 apostolum
3256 5146 3624 5202 confessionis

2054 5255 2255 5302 nostras
2286 5245 2491 5305 factum
2516 5258 2639 5298 esse
2667 5242 2973 5305 Christum,
3008 5239 3173 5296 sicuti
3221 5237 3409 5293 divina
3454 5239 3626 5295 refert

2048 5336 2337 5409 Scriptura
2368 5333 2590 5403 (obtulit
2620 5333 2768 5387 enim
2793 5333 3038 5400 seipsum
3069 5344 3172 5397 pro
3207 5327 3370 5384 nobis
3398 5327 3454 5382 in
3490 5328 3629 5383 odo-

2054 5444 2169 5483 rem
2199 5425 2486 5489 suavitatis
2511 5425 2622 5482 Deo
2644 5424 2839 5493 Patri),
2874 5422 2919 5478 si
2946 5421 3098 5492 quis,
3135 5420 3379 5492 inquam,
3408 5422 3628 5490 pontili-

2054 5536 2171 5574 cem
2198 5528 2253 5575 et
2274 5519 2583 5588 apostolum
2615 5529 2866 5575 nostrum
2895 5516 3099 5570 factum
3133 5529 3274 5579 esse,
3312 5529 3422 5568 nou
3447 5514 3625 5586 ipsum

2062 5612 2159 5668 Dei
2187 5612 2450 5679 Verbum,
2482 5627 2608 5668 eum
2638 5626 2767 5666 caro
2798 5620 2856 5665 et
2881 5609 3027 5664 sicut
3075 5623 3178 5664 nos
3222 5623 3411 5662 sumus
3465 5608 3631 5662 homo
3681 5597 3684 5600 ’

2055 5705 2259 5759 factum
2282 5715 2387 5769 est,
2411 5703 2507 5758 sed
2534 5712 2795 5773 tanquam
2827 5700 2995 5756 alium
3025 5699 3249 5771 propria
3275 5706 3331 5754 et
3364 5698 3629 5768 peculiari

2055 5795 2290 5865 quadam
2324 5794 2538 5853 ratione
2569 5795 2638 5848 ab
2668 5807 2735 5847 eo
2788 5792 2883 5863 qui
2913 5807 2981 5846 ex
3017 5790 3248 5845 muliere
3288 5796 3394 5855 est,
3449 5787 3628 5842 homi-

2059 5904 2180 5943 nem
2214 5903 2231 5969 ,ς
2264 5896 2531 5961 pra-terea
2576 5886 2622 5943 si
2664 5884 2789 5959 quis
2816 5899 2944 5941 eum
2973 5882 3140 5959 etiam
3196 5896 3295 5954 pro
3329 5879 3532 5952 seipse,
3569 5888 3625 5939 et
