4036 6554
406 404 542 470 ίιῧῖ

1618 404 2047 468 NICEPHORI
2084 406 2437 469 CALLISTI

3538 400 3680 467 ΗΕΒ

398 532 512 569 non
548 514 731 585 potius
765 520 976 567 tantum
1016 527 1115 583 pro
1157 512 1315 569 nobis
1340 512 1681 570 oblationem
1710 514 1979 570 obtulisse

2086 516 2151 571 ἂν
2179 517 2376 587 ἐδεήθη
2403 515 2723 587 προσφορᾶς
2744 516 2774 570 ὀ
2796 514 2874 587 μὴ
2889 512 3043 578 είδὼς
3069 513 3391 586 ἁμαρτίαν),
3419 513 3679 586 ἀνάθεμα

394 592 536 663 dicit
561 606 761 676 (neque
789 605 937 661 enim
971 605 1256 661 oblatione
1280 620 1422 677 opus
1460 605 1677 672 habuit,
1707 606 1802 675 qui
1853 621 1981 676 pec-

398 707 579 753 catum
611 712 721 750 non
751 694 953 765 novit),
993 696 1285 751 anathema
1314 699 1410 751 sit.
1442 696 1640 767 Siquis
1666 713 1773 752 non
1808 698 1980 766 proli-

401 801 551 847 tetur
572 804 796 845 carnem
829 788 1039 845 Christi
1075 788 1349 845 viviticam
1382 799 1439 847 et
1466 776 1744 860 propriam
1778 790 1979 860 ipsius,

399 886 549 957 quod
581 902 647 942 ex
681 886 795 942 Deo
817 885 980 942 Patre
1012 892 1120 947 est,
1156 884 1345 948 Verbi,
1382 883 1479 939 sed
1514 883 1748 939 alterius
1780 884 1980 954 cujus-

400 982 523 1035 dam
561 978 630 1034 ab
661 979 777 1049 ipsa
807 991 948 1040 esse,
984 975 1154 1031 veluti
1182 976 1233 1031 ei
1294 976 1451 1048 juxta
1479 975 1803 1047 dignitatem
1851 990 1983 1031 con-

398 1070 595 1143 juncti,
624 1071 742 1125 sive
789 1068 945 1140 ψιοεί
997 1068 1169 1123 solam
1219 1068 1459 1122 divinam
1493 1067 1891 1126 habitationem
1923 1067 1981 1122 in

399 1180 462 1220 ea
485 1163 763 1225 habuerit,
792 1172 847 1217 ct
870 1177 977 1215 non
1003 1164 1188 1231 potius
1210 1160 1699 1231 (quemadmodum
1718 1159 1979 1231 diximus)

2083 609 2248 662 ἔστω.
2270 608 2337 662 Et
2353 624 2438 672 τις
2462 608 2563 678 οὐκ
2590 607 2846 677 ὁμολογεῖ
2872 609 2970 676 τὴν
2989 606 3083 661 τοῦ
3108 610 3315 678 Κυρίου
3339 610 3517 680 σάρκα
3534 610 3683 674 ζωο-

2087 699 2239 754 ποιδν
2273 695 2435 765 εἶναι,
2461 700 2555 753 καὶ
2592 699 2728 754 ἰδίαν
2754 698 2921 753 αὑτοῦ
2947 698 3042 752 τοῦ
3064 699 3131 752 ὲκ
3150 701 3288 753 Θεοῦ
3321 700 3537 770 Πατρξς
3566 703 3677 771 Δότ

2083 807 2206 860 γου,
2239 790 2357 845 ἀλλ’
2382 790 2457 854 ὡς
2486 790 2676 862 ἑτέρου
2716 791 2866 853 τινὸς
2892 791 3024 860 παρ’
3058 790 3254 845 αὐτόν⁸
3310 794 3672 862 συνημμένου

2089 883 2191 954 μὲν
2220 882 2371 953 αὐτῷ
2400 881 2543 937 κατά
2567 883 2665 954 τὴν
2708 883 2892 949 ἀξίαν,
2953 884 3125 953 ῆγουν
3171 884 3247 948 ὡς
3302 885 3472 954 μόνην
3516 885 3672 940 θείαν

2085 976 2368 1048 ἰνοίκησιν
2402 976 2723 1047 ἐσχηκότος,
2750 976 2851 1030 καὶ
2880 977 2999 1047 οὐχὶ
3028 977 3092 1045 δὴ
3130 977 3335 1045 μᾶλλον
3378 980 3674 1044 ζωοποιδν,

2074 1069 2159 1133 ὡς
2189 1069 2421 1138 ἔφημεν,
2458 1069 2541 1122 ὅτι
2591 1069 2809 1138 γεγόνει
2866 1068 2961 1123 τοῦ
3011 1070 3187 1138 Λόγου
3239 1068 3347 1143 toti
3392 1073 3463 1125 τὰ
3493 1072 3678 1125 πάντα

2078 1162 2373 1229 ζωογονεῖν
2404 1162 2698 1232 ἰσχύοντος,
2724 1161 2971 1231 ἀνάθεμα
3000 1164 3162 1217 ἔστω.
3189 1163 3256 1215 Εἴ
3289 1180 3374 1226 τις
3407 1164 3508 1232 οὐχ
3536 1167 3677 1232 ὀμο-

402 1254 696 1314 viviiicam,
726 1267 847 1321 quae
885 1250 1054 1307 Verbi
1083 1251 1301 1320 propria
1330 1249 1471 1305 facta
1500 1250 1597 1317 sit,
1624 1251 1811 1305 omnia
1843 1248 1979 1303 vivi-

405 1350 569 1401 ticare
597 1345 854 1408 valentis,
880 1343 1175 1398 anathema
1197 1346 1289 1407 sit,
1321 1342 1378 1397 Si
1401 1342 1524 1412 quis
1554 1358 1664 1396 non
1689 1340 1979 1411 profitetur

2058 1254 2236 1321 "love!
2256 1255 2349 1308 τὸν
2383 1255 2478 1308 τοῦ
2500 1254 2637 1309 θεοῦ
2657 1256 2837 1319 Λόγον
2861 1257 3102 1309 παθόντα
3126 1256 3290 1326 σαρκὶ
3311 1296 3326 1320 ,
3356 1256 3449 1310 καὶ
3479 1259 3680 1309 ἐσταυ-

2089 1349 2336 1420 ρωμένον
2371 1350 2562 1419 σαρκὶ,
2598 1351 2693 1403 καὶ
2720 1347 2956 1402 θανάτου
2991 1349 3331 1417 γευσάμενον
3355 1350 3543 1420 σαρκὶ,
3572 1366 3677 1417 γε-

401 1438 497 1493 Dei
524 1437 766 1495 Verbum
799 1450 965 1491 carne
1009 1449 1230 1505 passum
1262 1450 1411 1499 esse,
1444 1444 1501 1490 et
1536 1450 1702 1490 carne
1762 1432 1983 1489 cruciﬁ-

2086 1443 2285 1511 γονότα
2310 1459 2370 1496 τε
2394 1443 2750 1512 πρωτότοκον
2786 1443 2853 1495 εκ
2875 1441 2986 1496 τῶν
3012 1441 3250 1512 νεκρῶν,
3282 1441 3418 1494 nos
3462 1443 3576 1510 ζωή
3605 1441 3674 1495 τέ

401 1542 553 1594 xum,
582 1538 638 1584 et
667 1544 832 1583 carne
865 1539 1099 1583 mortem
1132 1536 1408 1599 gustasse,
1446 1537 1613 1597 atque
1642 1527 1982 1598 primOgeni-

2086 1536 2321 1589 ἐστικαὶ
2353 1535 2618 1598 ζωοποιδς
2643 1534 2719 1597 ὡς
2751 1533 2905 1597 Θεὸς,
2937 1533 3188 1602 ἀνάθεμα
3241 1533 3402 1587 εστω.
3440 1552 3463 1585 ι
3502 1534 3680 1587 Κελε-

403 1634 515 1678 tum
547 1637 614 1678 ex
646 1623 878 1677 mortuis
912 1621 1116 1676 factum
1144 1636 1286 1684 esse,
1315 1631 1591 1691 quatenus
1619 1621 1729 1676 vita
1760 1630 1812 1676 et
1849 1621 1983 1675 vivi-

2086 1631 2264 1691 στῖνος
2290 1626 2335 1680 δ’
2371 1629 2398 1681 ὀ
2418 1629 2520 1698 τῆς
2568 1626 2787 1696 Ῥώμης
2816 1626 3115 1687 ἐπίσκοπος
3147 1625 3216 1679 τὰ
3240 1626 3333 1679 τοῦ
3376 1625 3522 1679 θείου
3554 1625 3679 1678 Κυ-

378 1756 385 1759 π
403 1717 573 1772 licans
600 1725 704 1781 est,
729 1725 919 1784 utpote
947 1715 1112 1780 Deus,
1146 1715 1442 1770 anathema
1470 1714 1563 1779 sit,
1603 1734 1621 1766 ι
1647 1714 1981 1770 Cteleslinus

2090 1720 2270 1790 ρίλλου
2311 1719 2607 1788 δεξάμενος
2644 1718 2973 1789 γράμματα,
2997 1718 3080 1772 ἐτι
3114 1717 3170 1771 ὀὶ
3195 1719 3292 1772 καὶ
3322 1717 3421 1777 τὰς
3460 1718 3679 1785 δυσφη-

401 1822 585 1865 autem
638 1808 921 1862 Romanus
971 1808 1293 1877 episcopus,
1346 1807 1522 1862 divini
1550 1806 1739 1876 Cyrilli
1778 1807 1981 1862 litteris

2090 1812 2218 1881 μίας
2236 1812 2571 1882 ,Νεστορίοιμ
2607 1811 2815 1879 γράφει
2847 1807 3127 1880 Νεστορίῳ
3165 1808 3305 1878 μετὰ
3330 1808 3464 1861 δέκα
3496 1823 3678 1877 παρα-

400 1901 665 1972 aceeptis,
715 1909 770 1954 et
803 1900 1027 1954 sinistra
1061 1909 1329 1969 prteterea
1386 1898 1456 1955 de
1513 1898 1775 1955 Nestorio
1832 1898 1980 1954 fama

2086 1870 2294 1977 δρομῆν
2327 1870 2574 1975 ἡμερῶν,
2601 1870 2763 1959 είῡὲτι
2811 1906 2876 1974 τῇ
2910 1904 2999 1974 ῐσῃ
3026 1870 3341 1973 ’δυσσεϐείᾳ
3393 1870 3676 1971 ἐπιμένοι,

399 1995 610 2057 audita,
640 1991 706 2047 ad
738 2007 865 2047 eum
894 1991 1123 2060 ‘scripsit
1156 2008 1171 2045 :
1200 1991 1393 2047 decem
1423 1993 1636 2048 exactis
1679 1992 1900 2057 diebus,
1933 1994 1980 2049 si

398 2086 582 2142 adhuc
611 2086 669 2140 in
690 2085 882 2140 eadem
911 2084 1195 2154 impietate
1228 2093 1642 2153 perseveraret,
1689 2101 1799 2141 non
1858 2101 1980 2140 am-

400 2180 546 2249 plius
596 2191 725 2233 eum
775 2177 844 2232 ad
896 2176 1348 2232 communionem
1397 2176 1829 2242 admittendum,
1883 2180 1980 2234 sed

397 2272 585 2342 potius
671 2272 900 2325 omnino
978 2270 1328 2335 sacerdotum
1421 2268 1633 2325 Christi
1727 2273 1981 2342 catalogo

396 2364 749 2421 eximendum
810 2381 825 2418 :
875 2364 1110 2433 illosque
1179 2365 1321 2418 adeo
1375 2365 1444 2418 ad
1502 2365 1959 2421 communionem

399 2458 749 2529 recipiendos
777 2471 926 2522 esse,
963 2458 1388 2526 qui-propterea
1437 2457 1507 2512 ab
1541 2472 1631 2519 eo.
1677 2458 1826 2527 quod
1878 2473 1982 2529 pro

400 2551 506 2605 ilde
565 2559 712 2605 recta
791 2549 1099 2612 stetissent,
1182 2550 1654 2605 excommunicati
1738 2550 1982 2605 fuerant.

395 2643 569 2697 Porro
596 2656 706 2696 non
747 2640 1005 2698 Nestorio
1054 2639 1219 2694 modo
1255 2640 1495 2711 Cyrillus
1528 2650 1584 2695 et
1623 2640 1981 2708 Ctelestinus,

396 2736 491 2792 sed
522 2735 689 2790 etiam
717 2734 917 2790 Joanni
944 2710 1313 2797 Antiocheno,
1336 2733 1613 2789 Theodoti
1646 2734 1981 2799 successori,

397 2837 456 2884 et
509 2826 760 2884 iuvenali
833 2825 1365 2898 Hierosolymitano,
1414 2826 1665 2880 haeresim
1740 2825 1982 2881 Nestorii

397 2928 761 2991 exponentes,
799 2919 1162 2988 scripserunt.
1197 2917 1356 2988 511
1395 2916 1516 2987 Ipse
1546 2932 1770 2988 quoque
1813 2917 1988 2973 Joan-

397 3033 495 3073 nes
515 3017 583 3071 ad
608 3016 925 3072 Nestorium
947 3015 1238 3084 epistolam
1269 3014 1444 3078 dedit,
1474 3014 1779 3070 admonens
1804 3012 1984 3071 homi-

397 3124 543 3176 nem,
578 3124 648 3163 ne
687 3125 717 3163 a
756 3109 933 3178 patria
964 3107 1090 3161 lidei
1126 3105 1473 3177 professione
1522 3106 1809 3171 deﬁceret,
1866 3105 1979 3161 sed

2090 1998 2287 2070 μηκέτι
2324 1993 2465 2052 εἶναι
2494 1997 2832 2062 κοινωνικὸν,
2864 1996 2898 2066 ἢ
2924 1996 3062 2059 ὅλως
3096 1996 3188 2049 τοῦ
3214 1995 3526 2063 καταλόγου
3560 1994 3676 2049 τῶν

2088 2090 2282 2159 ἱερέων
2308 2089 2548 2161 Χριστοῦ
2571 2105 2586 2121 ο
2620 2090 2867 2153 ἐκείνους
2902 2089 2958 2143 δὲ
2990 2089 3195 2157 μᾶλλον
3243 2082 3386 2143 εῖναι
3429 2087 3682 2157 παραδε-

2086 2182 2278 2246 κτέους
2307 2184 2385 2248 εἰς
2403 2182 2711 2248 κοινωνίαν,
2730 2182 2780 2236 οἳ
2803 2180 2881 2251 τῷ
2912 2182 3012 2251 τῆς
3037 2180 3204 2252 ὀρθῆς
3232 2180 3473 2245 πίστεως
3500 2181 3679 2252 ὑπερ-

2090 2276 2361 2339 ίστασθαι,
2397 2273 2753 2343 ἁκοινώνητοι
2802 2274 2898 2327 ὑπ’
2950 2274 3161 2328 ἐκείνου
3193 2275 3561 2339 κατέστησαν.
3593 2274 3680 2328 Οὔ

2090 2364 2252 2432 μόνον
2298 2363 2356 2417 δὲ
2408 2362 2694 2433 Νεστορίῳ
2755 2361 3025 2432 Κύριλλός
3083 2379 3142 2416 τε
3203 2362 3299 2415 καὶ
3349 2362 3682 2423 Κελεστίνος

2088 2456 2361 2526 ἔγραψαν,
2392 2454 2530 2510 ἀλλὰ
2562 2457 2658 2509 καὶ
2700 2455 2921 2527 Ἰωάννῃ
2955 2456 3036 2526 τῷ
3079 2456 3433 2525 ’Δντιοχείας,
3460 2455 3519 2519 ὃς
3543 2454 3683 2508 Θεό-

2086 2548 2237 2602 δοτον
2288 2547 2582 2614 διεδέξατο,
2615 2549 2708 2601 καὶ
2748 2548 3093 2618 ἰουῦεναλίῳ
3124 2548 3202 2617 τῷ
3246 2546 3671 2618 Ἰεροσολύμων,

2085 2644 2155 2696 τὰ
2207 2642 2305 2710 τῆς
2359 2642 2626 2711 αἱρέσεως
2689 2640 2991 2709 Νεστορίου
3038 2639 3453 2710 παραδιδόντες.
3505 2638 3674 2692 Ἀλλὰ

2092 2732 2200 2803 μὴν
2234 2734 2330 2787 καὶ
2374 2733 2629 2801 Ἰωάννης
2658 2732 2754 2785 καὶ
2809 2733 2976 2794 αὐτὸς
3028 2732 3318 2803 Νεστορίῳ
3376 2729 3676 2799 ἐπιστολὴν

2086 2828 2344 2897 ἔπεμπε,
2405 2823 2715 2894 παραινῶν,
2775 2824 2851 2894 μὴ
2885 2826 2996 2879 τῶν
3054 2824 3300 2895 πατρίων
3329 2823 3681 2891 ἐξίστασθαι,

2078 2921 2263 2993 ὀρθῶς
2295 2921 2341 2975 δ’
2376 2922 2665 2992 ὁμολογεῖν
2689 2921 2781 2975 τὸν
2822 2919 2953 2974 Υίδν
2987 2916 3085 2972 τοῦ
3112 2917 3249 2972 0εοῦ
3279 2920 3345 2971 ἐκ
3378 2918 3479 2987 τῆς
3504 2916 3677 2985 ἁγίας

2084 3012 2418 3084 γεννηθῆναι
2440 3011 2706 3067 Θεοτόκου
2738 3012 2982 3082 Μαρίας,
3024 3010 3120 3063 καὶ
3145 3010 3248 3064 οὐκ
3279 3011 3360 3072 είς
3381 3008 3479 3062 δύο
3506 3010 3676 3062 αὑτὸν

2088 3106 2461 3177 μερισθῆναι,
2515 3106 2633 3160 ἀλλ’
2687 3104 2809 3159 οὐδὲ
2866 3104 3010 3159 κατὰ
3057 3103 3345 3174 προκοπὴν
3400 3101 3680 3172 θεωθῆναε

398 3211 546 3257 recte
593 3201 793 3258 Filium
832 3199 927 3255 Dei
969 3213 1037 3253 ex
1091 3206 1291 3255 sancta
1340 3197 1435 3253 Dei
1476 3197 1761 3254 Geuitrice
1808 3198 1980 3254 Maria

2086 3195 2406 3252 ὑποσάλλων
2453 3197 2548 3249 καὶ
2592 3197 2692 3264 τὴν
2749 3194 3121 3262 ἀποστολικὴν
3170 3195 3331 3264 ῥῆσιν
3481 3209 3674 3262 φησιν,

395 3294 641 3365 genitum
675 3305 797 3347 esse
826 3288 1201 3361 proﬁteretur,
1234 3304 1417 3361 neque
1456 3291 1514 3347 in
1549 3289 1660 3347 duo
1697 3305 1822 3349 eum
1852 3305 1981 3361 par-

398 3388 616 3452 tiretur,
647 3399 827 3455 neque
849 3384 1018 3439 etiam
1042 3383 1200 3453 juxta
1234 3398 1585 3454 progressum
1636 3399 1735 3440 seu
1790 3384 1980 3454 profe-

398 3487 547 3533 ctum
633 3476 954 3533 deiﬁcatum
1015 3489 1139 3532 esse
1202 3476 1439 3541 diceret,
1510 3476 1869 3546 apostolicam
1903 3475 1982 3530 illi

396 3569 565 3625 etiarn
616 3582 810 3623 vocem
869 3566 1213 3637 subiiciens,
1264 3580 1388 3635 quae
1445 3573 1533 3620 est
1583 3583 1600 3622 :
1652 3566 1796 3621 Misit
1844 3566 1982 3622 Deus

398 3662 604 3717 Filium
626 3678 785 3717 suum
817 3663 1019 3731 factum
1047 3675 1111 3715 ea:
1137 3660 1360 3715 muliere
1382 3661 1422 3715 ⁸.
1452 3659 1529 3715 Et
1557 3660 1722 3717 simul
1748 3658 1825 3716 illi
1859 3674 1988 3716 sua-

398 3757 492 3820 sit,
523 3771 591 3811 ne
630 3754 968 3811 sententiam
1006 3753 1127 3824 ipse
1177 3769 1336 3808 suam
1368 3761 1430 3809 ut
1455 3762 1661 3810 rectam
1685 3762 1744 3809 et
1771 3764 1981 3810 certam

401 3848 692 3912 retineret,
724 3846 823 3902 sed
870 3844 1062 3916 potius
1098 3844 1250 3916 quod
1284 3845 1344 3901 in
1379 3860 1679 3901 commune
1731 3860 1983 3901 commo-

400 3942 533 3994 dum
564 3950 730 4011 atque
760 3939 897 3994 utile
948 3947 1117 4002 esset,
1155 3948 1507 4008 sequeretur.
1549 3938 1700 3993 Misit
1752 3937 1984 4006 insuper

399 4030 468 4085 ad
512 4046 641 4086 cum
673 4046 834 4102 quas
871 4028 1209 4087 leestinus
1259 4040 1314 4084 et
1358 4029 1597 4100 Cyrillus
1644 4029 1986 4098 scripserant

400 4126 636 4182 litteras.
695 4125 987 4182 Nestorius
1050 4126 1159 4183 sibi
1218 4125 1323 4195 ipsi
1385 4125 1692 4180 obsecutus
1748 4134 1859 4178 est.
1912 4122 1986 4177 Et

399 4219 662 4289 quoniam
712 4202 925 4276 sciebat
977 4219 1344 4275 ecclesiarum
1412 4217 1682 4288 praesules
1736 4214 1983 4272 Ecclesia

404 4313 480 4367 ita
533 4313 758 4367 turbata
802 4312 1231 4381 haudquaquam
1281 4309 1573 4378 tacituros,
1603 4308 1984 4367 Theodosium

402 4406 699 4477 permovit,
732 4415 794 4461 ut
820 4420 1048 4479 sacram
1085 4405 1151 4461 ad
1178 4404 1444 4477 Cyrillum
1474 4404 1743 4469 mitteret,
1781 4402 1840 4458 in
1871 4417 1982 4475 qua

2096 3289 2568 3355 Ἐεαπέστειλεν
2601 3290 2633 3341 ὁ
2661 3286 2808 3353 Θεὸς
2837 3285 2948 3340 τὸν
2967 3286 3102 3341 Υίὸν
3125 3284 3314 3340 αὐτοῦ
3341 3285 3681 3353 γενόμενον

2082 3383 2155 3437 ἐκ
2183 3381 2495 3453 γυναικός.
2529 3378 2817 3448 Είσηγείτό
2840 3395 2901 3431 τε
2927 3379 3064 3449 ἅμα,
3097 3376 3172 3448 μὴ
3204 3378 3264 3431 τὸ
3293 3376 3456 3443 δόξαν
3476 3376 3680 3447 ἐκείνῳ

2085 3476 2162 3539 ὡς
2202 3474 2453 3543 ἀσφαλὲς
2484 3474 2758 3545 κατέχειν,
2790 3472 2924 3526 ἀλλὰ
2951 3473 3011 3525 τὸ
3043 3474 3194 3543 κοινῇ
3231 3471 3516 3542 συμφίρον
3542 3470 3682 3540 μᾶλ-

2086 3569 2177 3623 λον
2206 3567 2500 3649 αἱρεῖσθαι.
2524 3566 2956 3621 Συναποστέλλει
2981 3565 3167 3635 μέντοι
3186 3564 3382 3636 ἐκείνῳ
3407 3564 3504 3617 καὶ
3524 3566 3677 3633 ἅπερ

2088 3660 2412 3725 Κελεστῖνός
2460 3677 2520 3714 τε
2552 3660 2655 3713 καὶ
2684 3658 2969 3730 Κύριλλος
2997 3657 3377 3727 διεπέμψαντο
3407 3658 3679 3728 γράμμα-

2086 3771 2175 3809 τα.
2203 3754 2298 3817 Εἰς
2326 3752 2521 3808 ἑαυτὸν
2559 3753 2616 3806 δὲ
2643 3752 2938 3821 γενόμενος
2972 3754 3001 3805 ὀ
3030 3751 3351 3823 Νεστόριος,
3377 3751 3475 3805 καὶ
3507 3752 3680 3820 γνοὺς

2087 3849 2163 3911 ὼς
2195 3849 2244 3899 ot
2280 3847 2393 3902 τῶν
2427 3845 2740 3917 ἐκκλησιῶν
2771 3845 3043 3916 ἡγεμόνες
3075 3845 3175 3898 οὐκ
3209 3846 3503 3915 ἀνέχονται
3530 3861 3679 3906 ,σιω-

2088 3942 2197 4011 πᾷν
2224 3938 2365 3993 οὕτω
2380 3939 2483 4008 τῆς
2496 3938 2830 4008 Ἐκκλησίας
2860 3938 3293 4008 ταραττομένης,
3323 3937 3683 4007 παρεσκεύα-

2088 4032 2148 4097 ζε
2179 4031 2482 4097 Θεοδόσιον,
2529 4032 2746 4100 σάκραν
2783 4030 3023 4101 πέμπειν
3063 4030 3338 4101 Κυρίλλῳ,
3360 4033 3419 4084 ὲν
3518 4032 3682 4085 πλεῖ-

2089 4139 2194 4178 στα
2227 4121 2508 4193 ὲμόμφετο
2550 4124 2646 4175 καὶ
2676 4122 2990 4191 διηπείλει,
3012 4123 3070 4176 εί
3105 4122 3183 4192 μὴ
3212 4124 3328 4185 τοῖς
3374 4122 3526 4194 ὅροις
3564 4122 3681 4175 Νε-

2089 4216 2307 4286 στορίου
2337 4214 2593 4284 ἐμμένοι.
2621 4215 2735 4269 Καὶ
2773 4216 3154 4270 κατακτυπείν
3188 4215 3444 4271 ιντεῦθεν
3468 4217 3679 4286 δοκῶν,

2084 4307 2295 4391 ἐκεῖνον
2318 4306 2521 4375 μᾶλλον
2539 4306 2802 4377 ερεθίζων
2826 4307 3069 4379 διήγειρε
3084 4323 3104 4341 ο
3143 4306 3368 4378 Πνεῦμα
3388 4308 3504 4380 γὰρ
3531 4309 3685 4363 θεῖον

2082 4395 2375 4451 ἀναλαϐὼν
2414 4395 2706 4468 Κύριλλος,
2728 4395 2881 4469 αὐτῷ
2908 4414 2970 4451 τε
3001 4398 3214 4469 βασιλετ
3250 4400 3347 4452 καὶ
3376 4401 3499 4462 ταῖς
3520 4398 3683 4466 βασι-

403 4500 576 4555 ntulta
610 4499 686 4553 illi
720 4499 1039 4569 objiciebat,
1068 4510 1125 4555 et
1159 4499 1332 4553 multa
1379 4496 1713 4561 minabatur,
1767 4496 1879 4552 nisi
1923 4496 1979 4551 in

2087 4488 2307 4554 λίσσαις
2331 4488 2616 4558 γενναίους
2671 4489 2819 4561 μάλα
2852 4490 3049 4560 λόγους
3083 4490 3457 4562 συντεταχὼς,
3495 4492 3683 4565 ῑπεμ-

401 4590 642 4648 Nestorii
671 4559 910 4645 decretis
936 4559 1307 4660 aquiesceret.
1345 4589 1415 4644 Et
1444 4604 1570 4645 cum
1601 4559 1811 4644 talibus
1838 4587 1983 4645 litte-

2094 4601 2222 4649 πεν,
2251 4586 2310 4639 ὲν
2340 4577 2422 4647 οἷς
2449 4586 2511 4639 τό
2559 4601 2619 4640 τε
2654 4559 2752 4657 τῆς
2781 4585 2952 4658 ὀρθῆς
2986 4586 3229 4651 πίστεως
3271 4559 3504 4657 ἁκνριδὲς
3534 4559 3682 4643 ὐπο-

404 4685 483 4739 ris
536 4699 596 4739 se
646 4681 804 4737 illum
856 4682 1340 4752 pessumdaturum
1388 4678 1772 4746 existimaret,
1811 4679 1987 4750 magis
2026 4688 2035 4691 “

404 4777 573 4832 etiam
606 4782 945 4830 commotum
981 4773 1267 4828 excitavit.
1298 4770 1544 4843 Accepto
1594 4786 1835 4840 namque
1860 4770 1988 4842 Spi-

402 4870 517 4924 ritu
561 4868 754 4924 divino
803 4866 1061 4938 Cyrillus,
1114 4865 1183 4921 ad
1237 4867 1419 4937 ipsum
1486 4865 1880 4936 imperatorem
1928 4872 1988 4921 et

402 4962 678 5033 Augustas
713 4959 933 5016 libellos
978 4959 1141 5015 docte
1173 4964 1516 5030 compositos
1558 4956 1731 5023 misit,
1779 4956 1987 5028 quibus

2088 4678 2359 4746 δείκνυσι,
2384 4678 2479 4735 καὶ
2500 4679 2562 4732 τὸ
2592 4679 2692 4749 τῆς
2716 4678 3018 4751 Νεστορίου
3047 4680 3477 4751 φρενοϐλαὸείας
3508 4683 3682 4735 κακό-

2097 4769 2250 4836 δοξον
2280 4786 2295 4801 ·
2354 4770 2474 4842 ἅμα
2528 4770 2593 4825 δὲ
2657 4771 2753 4825 καὶ
2817 4772 3039 4826 σύνοδον
3093 4766 3491 4845 οἱκοδμενικὴν
3553 4774 3681 4844 ⁴ᾔτει

2099 4863 2597 4936 συνγκροτηθῆναι,
2621 4863 2695 4929 ὡς
2721 4863 2788 4918 ἂν
2813 4865 2882 4920 τὰ
2911 4866 3056 4920 κατὰ
3085 4864 3382 4937 Νεστόριον
3416 4866 3681 4936 ἀσφαλῶς

2097 4955 2461 5027 γυμνασθείη.

404 5063 567 5119 simul
594 5073 801 5117 certam
845 5069 1005 5114 rrcta:
1060 5050 1198 5113 ﬁdei
1245 5057 1677 5128 professionem,
1741 5064 1798 5111 et
1874 5069 2192 5126 perversam
2240 5052 2480 5109 Nestorii
2529 5051 2801 5109 vecordiae
2833 5050 3155 5122 Opinionem
3217 5049 3509 5108 ostendit:
3560 5060 3679 5107 tum

405 5171 611 5225 autem,
646 5166 708 5213 ut
738 5155 983 5228 synodus
1020 5156 1349 5210 universalis
1391 5154 1752 5224 coger'eretur
1792 5152 1977 5223 petiit,
2020 5159 2081 5207 ut
2113 5149 2352 5207 Nestorii
2384 5163 2474 5204 res
2505 5158 2658 5205 certo
2685 5149 2742 5203 in
2779 5156 3030 5219 apertum
3064 5146 3473 5218 proferred‘lur.

936 5277 1161 5335 CAPUT
1214 5274 1433 5332 XXXIV

408 5376 487 5432 De
520 5377 674 5429 tertio
704 5383 887 5427 sancto
916 5370 1205 5425 universali
1248 5370 1473 5437 Ephesia
1505 5367 1754 5434 concilio,
1786 5368 1841 5422 in
1881 5382 1986 5437 quo

658 5443 910 5498 Nestorio
940 5443 1272 5514 episwpatus
1310 5448 1384 5494 est
1421 5441 1737 5510 abrogatas.

479 5558 826 5612 Theodosius
852 5554 1235 5625 imperialibus
1259 5554 1462 5610 litteris
1504 5555 1620 5609 suis
1670 5553 1727 5608 in
1776 5559 1985 5607 metro-

409 5652 515 5724 poli
547 5650 765 5718 Epheso
797 5648 1047 5703 locorum
1075 5649 1323 5703 omnium
1362 5648 1653 5717 episcopos
1685 5645 1985 5702 convenire

402 5744 587 5815 jussit,
620 5756 831 5796 sacram
862 5742 1219 5803 Pentecostes
1255 5741 1425 5809 diem,
1454 5755 1564 5810 qua
1590 5737 1983 5800 convenirent,

482 5885 497 5916 ‘
536 5885 707 5941 Galat.
746 5899 820 5950 tv,
863 5885 917 5941 4.

2686 5270 2940 5326 ΚΕΦᾹΛ.
2972 5272 3093 5327 AA‘.

2101 5365 2243 5434 Περὶ
2275 5364 2381 5431 τῆς
2411 5364 2481 5419 ἐν
2530 5363 2769 5433 Ἐφέσῳ
2802 5364 2977 5431 ἁγίας
3017 5364 3221 5433 τρίτης
3258 5365 3352 5417 καὶ
3406 5367 3679 5435 οικουμε-

2166 5435 2345 5505 νικῆς
2372 5435 2643 5490 συνόδου
2664 5451 2678 5464 ·
2704 5437 2802 5489 καὶ
2829 5434 2910 5500 ὡς
2930 5437 3231 5503 καθῃρέθη
3256 5437 3607 5503 Νεστόριος.

2169 5551 2280 5605 Καὶ
2307 5551 2373 5622 δὴ
2417 5551 2723 5621 βασιλικοῖς
2782 5551 3111 5623 γράμμασιν
3140 5552 3243 5605 ἀνὰ
3270 5551 3367 5621 τὴν
3412 5551 3678 5625 Ἐφεσίων

2099 5643 2437 5715 μητρόπολιν
2461 5644 2750 5714 ἁλισθῆναι
2767 5645 2907 5710 ,τοὺς
2929 5644 3247 5714 ἁπανταχοῦ
3269 5644 3447 5711 ἱερέας
3469 5644 3678 5713 ἔγραφε

2095 5738 2400 5805 Θεοδόσιος,
2438 5738 2730 5810 ἀποφήνας
2766 5740 2860 5793 καὶ
2886 5738 2985 5810 τῆς
3015 5737 3382 5802 συνελεύσεως
3406 5738 3509 5809 τὴν
3535 5739 3677 5808 ημέο
