4036 6574
293 422 436 494 1169

1206 438 1811 503 ECCLESIASTICE
1850 402 2424 505 msromis‘tin.
2472 446 2619 506 xxv.

3340 528 3343 529 ί
3410 406 3547 514 tuo

295 560 395 615 ραν
419 537 564 601 εἶναι
597 545 696 619 τὴν
732 547 895 617 ἁγίαν
918 551 1318 625 Πεντηκοστὴν,
1357 548 1471 630 ὲνῇ
1512 556 1574 610 τὸ
1604 555 1869 621 ζωοποιδν

1978 552 2338 613 constituens.
2373 558 2432 612 In
2465 573 2528 613 ea
2561 559 2764 629 quippe
2810 558 2897 615 die
2943 557 3184 630 Spiritus
3239 562 3549 619 viviﬁcator

288 639 405 702 τοῖς
460 641 626 711 ίεροῐς
687 642 1008 709 ἀποστόλοις
1057 647 1391 717 ὲπεφοίτησε
1451 647 1712 717 Πνεῦμα·
1773 649 1870 704 καὶ

290 729 465 783 ταῦτα
495 732 611 795 τοῖς
656 733 952 806 γράμμασι
1006 738 1359 807 προστιθείς
1418 759 1437 792 ι
1478 738 1575 805 Ὠς
1605 740 1868 811 οὐδεμίαν

290 822 405 889 ἔξει
442 827 582 895 πρὸς
612 826 766 892 Θεὸν,
813 829 934 882 οὐδὲ
972 830 1110 900 πρὸς
1162 832 1313 901 ἡμᾶς
1367 832 1689 901 ἀπολογίαν,
1726 835 1754 886 6
1792 831 1871 902 μὴ

291 918 639 989 παραχρῆμα
660 918 782 974 κατ’
804 922 975 993 αὐτὴν
994 923 1092 995 τὴν
1123 925 1229 994 ὴμέ
1240 940 1340 995 ραν
1361 928 1461 996 τῆς
1486 925 1649 993 ἁγίας
1665 926 1872 994 [lausq-

292 1009 495 1077 κοστῆς
527 1009 919 1081 εὑρισκόμενος
939 1029 953 1044 ’
987 1015 1015 1068 6
1043 1014 1381 1085 καλούμενος
1415 1017 1545 1088 γὰρ,
1577 1018 1767 1086 φησὶν,
1791 1018 1873 1079 είς

294 1098 583 1171 ἱερατικὴν
633 1102 851 1158 σύνοδον
905 1110 1000 1164 καὶ
1062 1107 1136 1178 μὴ
1183 1108 1480 1179 προθύμως
1538 1110 1870 1182 συντρέχων,

290 1193 393 1248 οὐκ
426 1194 595 1265 ὀρθῆς
637 1196 915 1252 δείκνυται
946 1202 1329 1271 συνειδήσεως.
1363 1220 1383 1254 ι
1437 1202 1496 1256 '0
1523 1203 1623 1268 μὲν
1647 1203 1739 1256 οὖν
1761 1203 1871 1257 Νε-
1894 1211 1913 1219 ‘

292 1285 514 1356 στόριος
543 1288 639 1342 ἅτε
674 1288 738 1360 δὴ
768 1291 826 1343 οὐ
866 1292 1059 1362 πόῤῥω
1086 1293 1189 1364 τῆς
1224 1295 1492 1363 Ἐφεσίων
1516 1293 1870 1365 ἀφεστηκὼς,

294 1378 397 1431 σὺν
421 1377 567 1450 δχλῳ
610 1381 792 1453 πολλῷ
817 1384 981 1447 εὐθὺς
1009 1387 1150 1455 μετὰ
1188 1386 1286 1458 τὴν
1325 1385 1521 1457 ἑορτὴν
1549 1385 1645 1441 τοῦ
1683 1388 1874 1458 Πάσχα

291 1470 397 1525 ἀνὰ
421 1472 523 1542 τὴν
553 1473 788 1542 Ἔφεσον
814 1474 1073 1544 ἔφθανεν,
1107 1478 1339 1543 πολλοὺς
1370 1480 1556 1533 ἐκεῖσε
1589 1480 1875 1544 συνιόντας

289 1562 404 1616 τῶν
426 1565 748 1619 ἐπισκόπων
769 1565 969 1640 εὑρών.
1005 1569 1251 1642 Ἀπήντα
1278 1571 1336 1624 δὲ
1361 1573 1456 1626 καὶ
1479 1570 1752 1642 nuptm;
1773 1572 1874 1627 σὺν

291 1657 406 1717 τοῖς
441 1656 560 1725 μετ’
589 1657 757 1713 αὐτοῦ
788 1662 898 1731 πρὸ
931 1662 1031 1732 τῆς
1068 1663 1432 1736 ἀγγελθείσης
1463 1665 1698 1736 ἡμέρας.
1739 1666 1875 1719 Ἰου-

291 1746 545 1813 6ενάλιος
568 1751 627 1806 δὲ
660 1753 801 1822 μετὰ
826 1754 1087 1826 πέμπτην
1115 1757 1333 1829 ἡμέραν
1357 1760 1455 1828 τῆς
1486 1758 1874 1830 Πεντηκοστῆς

291 1837 499 1909 ἔφθανε
553 1842 777 1915 σύναμα
814 1848 925 1911 τοῖς
961 1847 1350 1911 Παλαιστινοτς
1403 1850 1759 1915 ἐπισκόποις·
1788 1844 1874 1914 οἷς

290 1931 706 2005 ἀθροιζομένοις
739 1940 769 1991 6
820 1940 1165 2011 περιϐόητος,
1206 1943 1302 1996 καὶ
1365 1942 1543 2011 μέγας
1594 1943 1872 2012 Εὐθύμιος

292 2022 493 2098 Πέτρῳ
523 2027 602 2098 τῷ
630 2029 739 2082 τῶν
760 2030 1096 2102 Σαρακηνῶν
1126 2033 1416 2104 ὲπισκόπῳ
1443 2033 1660 2088 ἀπιόντι
1684 2037 1871 2088 ἐνεκε-

292 2116 505 2185 λεῦετο,
536 2120 794 2191 Κυρίλλῳ
823 2121 901 2193 τῷ
944 2123 1047 2193 τῆς
1090 2116 1448 2192 Ἀλεξάνδρου
1481 2125 1731 2197 προέδρῳ
1777 2126 1873 2181 καὶ

306 2207 550 2278 ’Δκακίῳ
579 2208 658 2278 τῷ
685 2209 978 2282 Μελιτινῆς
1016 2212 1302 2284 ὲπισκόπῳ
1329 2212 1588 2279 καθάπαξ
1615 2214 1869 2281 ἕπεσθαι,

293 2298 566 2365 ἐπειπὼν,
623 2301 706 2356 ὅτι
756 2302 941 2356 στύλοι
984 2303 1081 2357 καὶ
1126 2303 1316 2376 δροφοι
1376 2305 1477 2376 τῆς
1507 2306 1678 2379 ὀρθῆς
1724 2305 1872 2362 οὗτοι

293 2392 607 2464 ὑπάρχουσι
662 2393 919 2457 πίστεως.
976 2395 1301 2461 Κελεστῖνος
1350 2397 1397 2450 δ’
1445 2401 1473 2452 6
1514 2399 1612 2470 τῆς
1650 2398 1873 2470 Ῥώμης

293 2487 597 2549 ἐπίσκοπος
646 2486 735 2540 διὰ
789 2489 859 2543 τὰ
919 2490 1063 2545 κατὰ
1122 2490 1399 2546 θάλατταν
1449 2492 1874 2564 προσδοκώμενα

296 2579 599 2649 παρῃτεῖτο
628 2577 695 2632 δι’
716 2579 912 2634 ἑαυτοῦ
936 2582 1003 2651 τῇ
1031 2582 1236 2650 συνόδῳ
1262 2582 1623 2653 παραῦαλεῖν.
1663 2576 1883 2657 Ἐγραολ

297 2687 367 2740 (ps
392 2671 453 2724 δὲ
484 2672 757 2740 Κυρίλλῳ,
806 2673 1137 2744 προτρέπων
1185 2676 1281 2731 καὶΙ
1331 2675 1424 2730 τὸν
1471 2676 1681 2731 ἐκείνου
1711 2678 1877 2732 τόπον

295 2762 544 2833 ἐπέχειν·
578 2764 638 2831 ἐξ
665 2756 728 2817 οὗ
758 2752 916 2833 λόγος
941 2766 1034 2819 καὶ
1061 2765 1123 2819 τὸ
1151 2766 1252 2836 τῆς
1304 2766 1503 2839 μίτρας
1528 2767 1770 2839 ἐπίθεμα
1798 2768 1878 2821 εί-

294 2853 550 2925 ληφέναι,
613 2855 711 2910 καὶ
748 2855 848 2929 τὴν
879 2855 974 2910 τοῦ
1007 2857 1213 2913 πάππα
1255 2861 1635 2931 προσηγορίαν
1664 2860 1873 2931 λαϐεῖν,

297 2947 393 3000 καὶ
432 2947 529 3019 τῆς
573 2948 902 3019 οἰκουμένης
927 2949 1122 3022 κριτὴν
1149 2951 1513 3023 ὀνομάζεσθαι
1552 2969 1567 2985 ·
1617 2954 1877 3009 κάκεῖθεν

298 3039 391 3093 ἐπὶ
417 3039 670 3112 διαδοχὴν
701 3042 991 3111 προελθεῖν
1015 3042 1212 3110 ταῦτα,
1237 3047 1335 3099 καὶ
1363 3047 1478 3111 τοῖς
1502 3046 1651 3101 κατὰ
1676 3049 1878 3120 κλῆρον

300 3124 546 3202 είληχόσι
578 3134 672 3188 τὸν
701 3134 799 3204 τῆς
843 3134 1197 3208 Ἀλεξάνδρου
1231 3138 1423 3209 θρόνον
1462 3141 1628 3211 ίεροῖς
1657 3141 1880 3194 ἐπισκό-

482 3223 662 3288 Μόνος
710 3224 756 3278 δ’
800 3225 1056 3298 Ἰωάννης
1084 3230 1112 3281 6
1155 3227 1251 3297 τῆς
1289 3229 1564 3300 Ἀντιόχου
1616 3231 1877 3301 πρόεδρος
1901 3256 1946 3320 C

303 3313 487 3384 πολλῷ
534 3317 632 3384 τῆς
667 3317 1009 3387 προθεσμίας
1027 3319 1318 3390 ὑστέρησε,
1352 3322 1448 3374 καὶ
1475 3324 1522 3376 oi
1545 3323 1687 3393 ἀμφ’
1713 3322 1876 3376 αὐτὸν

301 3406 429 3478 ἑῷοι
457 3407 783 3461 ἐπίσκοποι·
817 3407 939 3462 οὔτι
981 3410 1146 3478 ἑκὼν,
1191 3411 1267 3474 ὡς
1321 3412 1540 3476 πολλοῖς
1572 3413 1875 3482 ἀπολογού-

304 3516 467 3570 μενος
494 3500 717 3569 ἔλεγεν.⁶
753 3502 867 3555 ἀλλ’
894 3504 1083 3575 ὃτι·μὴ
1112 3505 1278 3574 τάχος
1307 3505 1562 3577 ἀθροῖσαι
1591 3505 1721 3570 τοὺς
1750 3507 1877 3576 περὶ

301 3593 469 3647 αὐτὸν
497 3596 831 3660 ἐπισκόπους
877 3596 1028 3666 αὐτῷ
1060 3597 1341 3663 ἐξεγένετο
1362 3614 1378 3631 ο
1411 3598 1591 3670 πολλῷ
1638 3599 1746 3670 γὰρ
1775 3597 1877 3653 διί-

305 3702 534 3739 στανται
583 3687 917 3758 διαστήματι
946 3690 1002 3742 αί
1039 3689 1132 3742 ὑπ’
1167 3691 1333 3744 αὐτὸν
1365 3692 1552 3755 πόλεις
1579 3692 1677 3762 τῆς
1711 3693 1878 3747 πάλαι

307 3774 410 3844 μὲν
449 3775 807 3847 Ἀντιοχείας,
850 3780 969 3833 νυνὶ
1015 3779 1072 3832 δὲ
1116 3779 1499 3844 Θεουπόλεως·
1534 3781 1610 3844 ὡς
1652 3776 1878 3835 εἶναιτὸ

303 3864 583 3936 διάστημα
639 3866 864 3938 ἡμερῶν
913 3867 1067 3937 ἀνδρὶ
1119 3866 1338 3940 εὐζώνῳ
1401 3870 1730 3925 δυοκαίδεκα
1781 3873 1878 3929 καὶ

309 3959 511 4028 μικρόν
547 3976 600 4013 τι
643 3962 780 4029 πρός
802 3978 816 3994 ο
851 3961 1056 4031 διέχειν
1088 3960 1148 4014 δε
1193 3963 1288 4016 καὶ
1315 3962 1418 4034 τὴν
1452 3964 1723 4034 Ἀντιόχου
1773 3965 1873 4034 τῆς

318 4052 587 4122 Ἐφεσίων
615 4054 1003 4124 μητροπόλεως
1025 4054 1145 4108 ὁδὸν
1172 4053 1398 4125 ἡμερῶν
1427 4056 1725 4125 τριάκοντα
1769 4058 1878 4127 μά-

306 4145 496 4201 λιστω
532 4146 628 4200 καί
684 4163 749 4214 γε
774 4147 1181 4217 διισχυρίζετο,
1235 4149 1311 4218 μή
1343 4164 1473 4201 ποτε
1521 4148 1726 4215 φθάσαι
1778 4150 1880 4218 τὴν

308 4239 642 4309 ὡρισμένην,
694 4239 745 4292 εί
799 4239 898 4310 τὴν
947 4241 1074 4294 νέαν
1124 4241 1468 4311 καλουμένην
1498 4242 1787 4313 Κυριακὴν
1826 4243 1878 4296 oi

310 4330 441 4395 περὶ
494 4327 658 4380 αὐτὸν
691 4328 795 4381 ἀνὰ
835 4330 962 4392 τοὺς
999 4330 1239 4395 οἰκείους
1270 4331 1579 4385 διετέλεσαν
1628 4332 1875 4402 θρόνους.

317 4414 406 4477 Ὠς
431 4415 487 4468 δὲ
531 4417 671 4484 μετά
710 4417 819 4487 τὴν
841 4417 1183 4487 προθεσμίαν
1211 4418 1302 4472 καὶ
1326 4419 1530 4490 ἡμέραι
1552 4420 1880 4476 διίππευσαν

309 4508 727 4573 πεντεκαίδεκα,
760 4510 855 4562 καὶ
876 4509 927 4562 oi
948 4511 1078 4580 περὶ
1102 4510 1196 4564 τὸν
1239 4511 1569 4582 ’Δντιοχείας
1588 4516 1688 4565 οὐκ
1715 4513 1881 4585 ἔφθη-

1970 646 2042 702 ad
2071 657 2292 704 sanctos
2322 648 2615 719 Apostolos
2647 651 2918 712 pervenit.
2945 651 3172 709 Litteris
3222 654 3361 725 ipsis
3410 655 3543 710 illud

1971 752 2187 807 quoque
2215 738 2440 805 adjecit,
2477 741 2757 795 neminem
2803 756 2864 796 se
2925 744 3011 799 vel
3064 747 3209 813 apud
3249 746 3421 801 Deum
3460 750 3544 801 vel

1970 829 2117 899 apud
2166 830 2418 886 homines
2442 843 2835 889 exeusaturum
2873 850 3019 902 esse,
3054 838 3147 905 qui
3198 853 3309 893 non
3361 841 3545 894 statim

1971 920 2038 977 ad
2060 922 2396 992 designatum
2429 936 2634 982 sanctze
2663 927 3023 984 Pentecostes
3057 929 3204 985 diem
3234 943 3435 1001 praesto
3472 932 3546 986 ibi

1970 1020 2137 1067 esset.
2170 1006 2332 1083 513
2369 1032 2388 1066 ι
2421 1014 2522 1081 Qui
2566 1029 2818 1087 namque,
2850 1019 3051 1089 inquit,
3083 1021 3152 1074 ad
3186 1021 3546 1092 episcopalem

1971 1118 2189 1160 sacrum
2213 1117 2545 1161 conventum
2586 1119 2814 1165 vocatus
2846 1125 2957 1165 non
2976 1110 3233 1167 alacriter
3282 1114 3544 1175 accurrit,

1972 1211 2083 1252 non
2114 1196 2272 1253 bonae
2303 1200 2348 1253 is
2375 1201 2729 1257 conscientiae
2751 1217 2873 1259 esse
2894 1213 3142 1274 apparet.
3177 1223 3196 1256 ι
3232 1204 3546 1265 Nestorius.

1972 1289 2066 1360 qui
2089 1305 2205 1345 non
2224 1291 2386 1363 longe
2419 1288 2495 1347 ab
2521 1294 2737 1364 Epheso
2762 1295 3001 1361 abesset,
3030 1311 3156 1352 eum
3185 1297 3349 1352 turba
3376 1299 3546 1352 multa

1971 1382 2154 1437 statim
2185 1393 2310 1452 post
2367 1385 2568 1441 festum
2622 1387 2848 1443 Pascha:
2879 1387 3024 1444 diem
3062 1389 3336 1459 Ephesum
3375 1392 3545 1451 venit,

1978 1474 2181 1529 multos
2210 1474 2286 1529 ibi
2330 1476 2443 1547 jam
2486 1490 2853 1551 congregatus
2886 1482 3181 1551 episcopos
3237 1481 3544 1552 reperiens.

1974 1563 2216 1635 Cyrillus
2248 1581 2473 1637 quoque
2521 1584 2652 1625 vero
2697 1586 2820 1626 cum
2859 1573 2977 1628 suis
3015 1583 3144 1629 ante
3210 1572 3546 1628 destinatum

1973 1652 2127 1711 diem
2148 1656 2331 1714 aﬂuit.
2366 1659 2570 1727 Quinta
2609 1671 2735 1732 post
2773 1664 3135 1720 Pentecosten
3174 1664 3287 1731 die,
3313 1663 3551 1719 Juvena—

1971 1745 2044 1803 lis
2092 1763 2218 1803 eum
2279 1749 2590 1807 Palaestinis
2630 1753 2910 1824 episcopis
2979 1753 3152 1810 venit.
3210 1755 3421 1822 Quibus
3476 1754 3550 1809 ita

1975 1839 2464 1908 convenientibus,
2520 1844 2762 1900 celebris
2793 1853 2852 1901 et
2900 1861 3133 1916 magnus
3191 1847 3282 1902 ille
3345 1846 3552 1918 Euthy-

1977 1930 2124 1986 mius
2150 1930 2316 1987 Petro
2342 1932 2747 1991 Saracenorum
2773 1936 3039 2008 episcopo
3067 1937 3298 1993 abeunti
3344 1952 3552 2008 praece-

1972 2023 2077 2095 pit,
2107 2032 2167 2079 ut
2198 2023 2388 2097 Cyrilli
2441 2027 2799 2083 Alexandrini
2851 2039 2906 2085 et
2956 2030 3144 2086 Acacii
3180 2031 3543 2086 Melitinensis

1972 2116 2199 2172 omnino
2223 2120 2555 2173 sententiam
2582 2133 2936 2191 sequeretur,
2966 2124 3259 2179 columnas
3310 2133 3366 2180 et
3399 2123 3551 2179 fasti-

1974 2208 2061 2277 gia
2097 2217 2260 2265 rectae
2291 2209 2416 2265 ﬁdei
2447 2226 2546 2267 eos
2570 2226 2695 2268 esse
2728 2222 2978 2269 testatus.
3009 2213 3344 2270 leestinus
3367 2225 3549 2271 autem

1976 2298 2169 2355 Roma:
2219 2299 2534 2370 episcopus,
2578 2312 2810 2372 propter
2861 2304 3230 2375 navigationis
3267 2306 3510 2376 pericula
3537 2346 3549 2363 .

1975 2393 2093 2464 ipse
2122 2394 2334 2466 synodo
2357 2394 2548 2451 adesse
2574 2394 2903 2451 detrectavit
2927 2414 2942 2452 :
2968 2396 3034 2452 ad
3057 2396 3320 2468 Cyrillum
3344 2406 3549 2459 tamen.

1977 2493 2039 2540 ut
2082 2486 2267 2541 locum
2324 2486 2424 2541 ibi“
2453 2501 2616 2542 suum
2674 2488 2970 2553 obtineret,
3020 2490 3264 2561 scripsit.
3311 2490 3388 2544 Ex
3444 2506 3555 2560 quo

1978 2587 2248 2649 tempore,
2279 2579 2422 2634 fama
2450 2588 2558 2646 est,
2594 2581 2813 2637 mitram
2841 2583 2992 2637 illum
3020 2592 3077 2638 et
3109 2598 3262 2654 papae
3312 2583 3554 2654 appella-

1978 2669 2208 2735 tionem,
2238 2662 2407 2741 alque
2436 2680 2497 2725 ut
2544 2673 2697 2728 orbis
2734 2664 2992 2753 universi
3018 2674 3190 2746 judex
3246 2676 3553 2747 appellare.

1978 2770 2091 2828 tur,
2132 2764 2446 2833 accepisse;
2489 2779 2610 2831 qua:
2637 2763 2836 2820 deinde
2864 2766 3049 2820 omnia
3100 2781 3200 2836 per
3242 2758 3553 2821 successio-

1976 2868 2104 2908 nem
2157 2853 2225 2909 ad
2286 2869 2383 2911 eos
2451 2855 2620 2911 etiam
2674 2856 3076 2925 pervenerint,
3142 2855 3348 2925 quibus
3400 2864 3553 2910 sorte

1976 2945 2366 3002 Alexandrina:
2428 2946 2675 3002 ecclesiae
2722 2947 2957 3001 thronus
3008 2946 3249 3018 legitime
3294 2946 3553 3002 obvenis-

1978 3048 2086 3101 set,
2115 3055 2306 3096 sacros
2353 3040 2662 3111 episcopos.
2702 3040 2865 3096 Solus
2894 3040 3135 3096 Joannes
3173 3041 3555 3097 Antiochenus

1983 3128 2223 3185 antistes
2271 3144 2397 3184 cum
2440 3128 2814 3186 Orientalibus
2858 3130 2976 3186 suis
3036 3132 3346 3202 episcopis,
3392 3132 3554 3203 longe

1978 3223 2144 3277 etiam
2168 3232 2293 3292 post
2314 3223 2456 3277 diem
2489 3224 2883 3292 constitutum,
2913 3224 3126 3280 tardius
3177 3225 3334 3280 atl‘uit
3375 3243 3388 3279 :
3442 3240 3551 3280 non

1977 3313 2159 3368 dedita
2190 3314 2281 3367 ille
2310 3329 2478 3384 opera
2512 3329 2780 3379 moratus,
2820 3317 2984 3372 sicuti
3028 3332 3085 3370 se
3124 3317 3378 3386 pluribus
3414 3332 3540 3371 ver-

1976 3406 2064 3462 bis
2095 3406 2378 3461 excusavit
2409 3423 2423 3458 :
2452 3406 2546 3461 sed
2600 3406 2750 3475 quod
2805 3415 2915 3461 tam
2963 3407 3225 3490 celeriter
3264 3409 3557 3477 episcopos

1978 3497 2071 3567 qui
2107 3496 2212 3552 sub
2239 3512 2308 3552 eo
2334 3507 2543 3563 essent,
2576 3512 2776 3569 cogere
2805 3514 2912 3552 non
2959 3499 3159 3569 potuit.
3196 3499 3367 3565 Magis
3405 3499 3552 3552 enim

1978 3589 2227 3644 locorum
2261 3588 2570 3643 intervallis
2595 3588 2828 3645 ditionis
2855 3590 2977 3661 ejus
3008 3591 3177 3645 urbes
3217 3589 3446 3653 distant,
3482 3589 3553 3644 ab

1980 3695 2045 3734 ea
2072 3696 2194 3749 quas
2223 3681 2355 3736 olim
2407 3682 2633 3751 quidem
2687 3682 2977 3738 Antiochia
3023 3683 3123 3752 (l),
3174 3698 3322 3737 nunc
3369 3692 3551 3737 autem

1980 3773 2281 3843 Theopolis
2310 3774 2456 3829 dicta
2486 3782 2595 3830 est.
2628 3774 2928 3830 Duodecim
2954 3790 3193 3845 namque
3223 3777 3438 3831 dierum
3471 3775 3559 3829 iti-
3592 3778 3602 3784 “

1978 3879 2132 3927 nere,
2166 3875 2222 3918 et
2248 3864 2434 3934 aliquo
2478 3879 2744 3935 praeterea
2778 3868 3005 3938 exiguo,
3037 3868 3247 3923 homini
3298 3864 3558 3939 expedito

1979 3966 2036 4011 et
2086 3956 2368 4011 succincto
2416 3956 2632 4011 absunt.
2682 3957 2821 4011 Tum
2867 3968 3047 4013 autem
3090 3958 3383 4014 Antiochia
3439 3961 3556 4029 ipsa

1980 4048 2198 4119 Epheso
2232 4049 2456 4119 triginta
2488 4049 2701 4104 dierum
2738 4050 2826 4105 via
2850 4052 3089 4106 maxime
3117 4053 3303 4107 distat.
3339 4051 3559 4106 Confir-

1983 4142 2155 4195 mavit
2187 4142 2278 4196 ille
2305 4142 2496 4209 etiam,
2534 4143 2599 4196 ad
2631 4143 2980 4213 designatum
3013 4159 3071 4198 se
3106 4160 3218 4199 non
3258 4153 3556 4197 venturum

1982 4232 2156 4289 fuisse
2207 4234 2376 4300 diem,
2431 4235 2478 4290 si
2537 4251 2678 4290 novo
2723 4235 2819 4305 qui
2877 4235 3081 4291 dicitur
3124 4236 3413 4291 Dominico
3468 4235 3559 4290 die

1981 4325 2203 4396 collega:
2251 4326 2334 4380 sui
2378 4326 2432 4381 in
2479 4328 2703 4383 sedibus
2742 4329 2860 4382 suis
2908 4344 3028 4383 esse
3075 4337 3553 4398 perseverassent.

1982 4417 2085 4475 Ubi
2115 4433 2247 4473 vero
2292 4428 2417 4488 post
2465 4419 2612 4474 diem
2655 4421 3021 4476 constitutum
3071 4420 3556 4490 diesquindeeim

1982 4510 2321 4579 praeteriere,
2374 4522 2432 4564 et
2469 4510 2850 4567 Antiocltenus
2897 4511 3100 4581 prmsul
3155 4527 3263 4566 non
3311 4511 3555 4574 advenit,

312 4614 433 4661 σαν,
488 4598 702 4651 πολλῶν
744 4600 1062 4653 ἑπισκόπων
1107 4603 1282 4667 νόσοις
1321 4605 1417 4658 καὶ
1464 4602 1647 4667 ἄλλοις
1674 4606 1739 4676 δή
1768 4623 1879 4659 τισι

1985 4600 2255 4670 multique
2282 4602 2527 4671 episcopi
2565 4602 2776 4657 morbis
2804 4611 2861 4658 et
2909 4602 3177 4657 arumnis
3207 4602 3333 4657 aliis
3382 4604 3557 4672 pressi

310 4690 653 4760 πιεζομένων
697 4691 908 4758 δεινοῖς,
941 4693 1217 4758 άλίςονται
1243 4700 1395 4768 κοινῇ
1416 4696 1583 4769 ψήφῳ
1616 4698 1756 4752 κατὰ
1784 4698 1882 4770 τὴν

216 4784 221 4789 ’
309 4785 565 4852 εἰκοστὴν
594 4783 692 4837 τοῦ
735 4785 956 4838 Ἰουνίου
1003 4786 1181 4856 μηνὸς
1222 4788 1517 4858 τριάκοντα
1563 4790 1657 4843 καὶ
1687 4791 1883 4845 ἑκατὸν

311 4878 624 4941 ἐπίσκοποι,
656 4875 770 4930 ἔτει
814 4879 912 4947 μὲν
945 4879 1055 4933 ἀπὸ
1086 4880 1317 4943 κτίσεως
1349 4882 1560 4952 κόσμου
1591 4899 1884 4938 πεντακισ-

312 4969 573 5040 χιλιοττῴ
596 4968 999 5039 ἐννακοσιοστῷ
1032 4971 1536 5043 πεντεκαιδεκάτῳ,
1566 4974 1673 5026 ἀπὸ
1699 4973 1758 5026 δὲ
1784 4972 1892 5042 τῆς

310 5062 575 5131 δευτέρας
632 5064 852 5117 συνόδου
905 5062 1025 5126 ἑνὸς
1077 5064 1252 5132 ἔτους,
1281 5064 1379 5119 καὶ
1435 5064 1882 5135 τεσσαρακοστδῦ

311 5153 634 5216 διελθόντοςο
707 5153 1075 5209 ἰουὸεναλίου
1127 5156 1396 5226 παρόντος
1446 5155 1541 5209 καὶ⁸
1589 5156 1681 5210 τοῦ
1736 5156 1884 5209 θείου

317 5239 619 5312 Κυρίλλου,
649 5241 748 5295 καὶ
771 5243 863 5296 τὸν
890 5243 1049 5295 τόκον
1076 5242 1363 5313 ἐπέχοντος
1383 5259 1398 5274 ο
1434 5242 1755 5297 Κελεστίνου
1789 5243 1885 5295 τοῦ

315 5333 413 5404 τῆς
445 5333 826 5406 πρεσϐυτέρας
867 5333 1085 5405 Ῥώμης
1133 5335 1226 5389 τὸν
1273 5335 1481 5406 θρόνον,
1511 5334 1589 5400 ὡς
1642 5337 1885 5407 είρηται,

322 5424 779 5497 πρυτανεύοντος.
827 5426 940 5482 Καὶ
995 5425 1135 5480 κατὰ
1185 5426 1283 5498 μὲν
1313 5427 1413 5497 τὴν
1443 5426 1669 5497 πρώτην
1703 5427 1887 5498 παρῆν

321 5518 418 5571 καὶ
446 5514 765 5585 Νεστόριος.
816 5519 952 5572 Kal."
977 5519 1099 5572 ἐπεὶ
1137 5519 1439 5571 ἁνεκινεῖτο
1471 5518 1530 5571 τὸ
1568 5517 1690 5572 κατ’
1724 5518 1887 5573 αὑτὸν

320 5608 564 5681 ζήτημα,
606 5609 870 5680 Κύριλλος
905 5609 933 5662 6
970 5610 1069 5681 τῆς
1094 5608 1445 5681 Ἀλεξάνδρου
1470 5610 1735 5680 γενναίως
1759 5610 1888 5681 βάλε

391 5745 470 5813 (l)
509 5744 856 5800 Justinianus
911 5744 1260 5800 Antiochiam
1320 5753 1445 5814 post
1510 5754 1883 5808 terratmotum

330 5817 688 5884 auspicatiore
726 5816 945 5870 nomine
980 5815 1302 5884 Theopolim
1338 5814 1575 5870 vocavit.

394 5887 470 5953 (2}
504 5883 820 5940 Secundum
870 5883 1177 5941 neotericos
1223 5886 1363 5940 4412
1385 5928 1399 5953 ,
1447 5887 1540 5951 qui
1575 5886 1631 5940 in
1662 5900 1885 5947 compu—

1985 4699 2135 4755 sunt,
2167 4691 2233 4746 de
2259 4694 2540 4748 communi
2565 4694 2840 4749 sententia
2859 4695 3141 4774 ‘vigesimo
3174 4693 3378 4750 mensis
3403 4694 3555 4748 Junii

1986 4782 2077 4837 die
2126 4783 2373 4852 epise0pi
2422 4786 2736 4855 congregati
2788 4799 2918 4842 sunt
2965 4787 3191 4842 circiter
3241 4796 3461 4841 centum
3499 4795 3557 4837 et

1989 4874 2242 4943 triginta,
2291 4890 2320 4929 a
2381 4876 2606 4931 condito
2666 4879 2874 4933 mundo
2923 4880 3217 4948 quinquies
3261 4872 3555 4931 millesimo

1986 4963 2465 5035 noningentesimo
2485 4966 2699 5022 decimo
2726 4969 2918 5037 quinto
2945 4966 3043 5039 (2),
3065 4967 3222 5038 513
3251 4982 3279 5020 a
3311 4967 3552 5021 secunda

1986 5065 2169 5112 autem
2196 5058 2406 5129 synodo
2433 5060 2857 5130 quadragesimo
2876 5068 2934 5115 et
2956 5074 3069 5115 uno
3093 5074 3259 5124 anno,
3281 5067 3554 5128 praesente

1984 5147 2327 5206 Juvenaliet
2356 5150 2555 5218 ‘divino
2605 5148 2835 5221 Cyrillo,
2869 5150 2963 5220 qui
3026 5150 3311 5206 (Jmlestiui
3370 5151 3552 5206 locum
3600 5222 3609 5229 ἱ

1988 5241 2187 5306 tenuit,
2211 5242 2459 5297 seniores
2489 5241 2675 5296 Romae
2720 5241 2804 5312 (ut
2828 5243 3093 5313 diximus)
3136 5242 3403 5313 episcopi.
3454 5244 3555 5298 Die

1988 5331 2172 5401 primo
2205 5330 2494 5388 Nestorius
2518 5332 2685 5387 etiam
2719 5342 2921 5402 prcsto
2951 5331 3079 5387 fuit.
3127 5332 3306 5401 Atque
3355 5330 3449 5386 ubi
3484 5331 3554 5385 de

1987 5423 2292 5496 quaestione
2321 5424 2442 5493 ejus
2461 5424 2545 5494 agi
2577 5434 2817 5493 coeptum
2843 5434 2947 5488 est,
2978 5422 3212 5495 Cyrillus
3231 5421 3553 5477 Alexandri.

1988 5530 2093 5568 nus
2139 5514 2193 5567 in
2246 5514 2422 5582 prima
2462 5513 2784 5568 velitatione
2826 5513 3008 5584 jacula
3051 5513 3273 5567 fortiter
3312 5514 3553 5583 jaciens,

1986 5603 2299 5660 Nestorium
2352 5602 2649 5658 admodum
2705 5603 3052 5673 perstrinxit.
3128 5603 3326 5658 Hostili
3403 5605 3553 5657 enim

1989 5746 2193 5802 tatione
2236 5759 2498 5799 annorum
2534 5744 2792 5800 secundat
2821 5752 2877 5800 et
2911 5744 3083 5801 tertia:
3127 5743 3338 5815 synodo
3375 5744 3555 5796 inter-

1988 5815 2295 5897 cedentium
2343 5830 2465 5870 cum
2516 5815 2617 5870 hac
2663 5830 2886 5885 quoque
2941 5816 3153 5869 ratione
3193 5830 3299 5868 non
3350 5828 3555 5866 conve-

1987 5895 2165 5941 ttiuttt.
