4036 6560
422 396 552 466 1171

1641 403 2066 472 NICEPHORI
2101 404 2442 474 CALLISTI

3535 391 3680 471 117's

419 517 740 588 jaindudum
772 537 902 594 erga
935 538 1061 580 eum
1093 532 1212 580 erat
1238 522 1443 580 animo.
1477 525 1547 580 Et
1590 541 1718 582 cum
1768 525 1996 581 Christo

2118 539 2210 582 law
2247 530 2363 590 τοῖς
2397 512 2841 599 ἀκροϐολισμοῖς,
2874 524 3084 578 ἐκείνου
3141 520 3286 590 μάζα
3318 505 3634 591 καθήπτετο
3655 532 3675 555 ἀ

420 617 706 672 sententiis
731 619 847 673 suis
874 619 1221 674 divinitatem
1250 618 1404 674 multi
1431 619 1760 683 tribuerent,
1797 629 1996 671 unum-

421 724 529 776 que
561 719 618 763 et
647 710 900 765 eumdem
927 725 1048 766 esse
1078 711 1298 774 Filium,
1331 727 1395 765 ex
1424 710 1586 765 Patre
1614 709 1837 779 quidem
1869 711 1996 762 ante

423 801 622 854 saecula
677 802 946 871 genitum,
998 803 1267 857 extremis
1316 812 1497 857 autem
1548 801 1890 870 temporibus
1929 815 2022 852 es

428 901 696 961 perpetua
728 894 953 965 Virgine
1012 896 1288 950 hominem
1333 895 1558 958 factum,
1609 908 1784 963 neque
1829 892 1996 946 alium

424 993 590 1055 atque
612 986 801 1052 alium,
831 987 925 1042 sed
955 1003 1123 1042 unum
1151 997 1314 1056 atque
1342 986 1624 1050 eumdem,
1648 995 1704 1040 et
1730 981 2002 1055 virginem

425 1079 653 1134 Mariam
693 1081 914 1152 proprie
957 1090 1163 1136 etvere
1199 1081 1464 1136 Θεοτόκον
1515 1081 1610 1136 Dei
1661 1080 1998 1138 Genitricem

426 1172 718 1255 dicendam
767 1190 887 1229 esse
937 1184 1272 1242 assererent,
1305 1189 1596 1245 assurgens
1645 1175 1937 1231 Nestorius
1982 1192 1998 1230 :

433 1283 452 1318 ι
515 1264 650 1336 Ego,
682 1266 899 1334 linquit,
935 1267 1252 1322 bimestrem
1289 1267 1528 1337 aliquem
1577 1276 1632 1322 et
1667 1267 2000 1321 trimestrem

427 1354 598 1411 Deum
629 1372 738 1411 non
775 1359 1029 1413 dixerim.
1061 1357 1294 1414 Proinde
1330 1373 1500 1429 purus
1522 1371 1641 1414 sum
1673 1373 1702 1411 a
1736 1357 2001 1427 sanguine

426 1458 634 1513 vestro,
663 1461 720 1505 et
740 1451 978 1520 amplius
1004 1452 1069 1504 ad
1101 1463 1202 1506 vos
1234 1463 1341 1505 non
1368 1450 1604 1505 veniam.
1647 1467 1665 1501 ι
1692 1448 1788 1503 llis
1814 1447 2001 1503 verbis

430 1541 614 1602 dictis.
639 1558 763 1598 cum
794 1558 888 1598 sex
915 1544 1192 1613 episcopis
1223 1554 1478 1614 egressus
1510 1553 1614 1608 est,
1657 1550 1712 1596 et
1737 1542 2005 1611 deinceps

431 1649 554 1689 cum
607 1635 716 1691 illis
772 1638 1069 1692 convenire
1117 1637 1315 1692 solitus
1368 1637 1472 1690 fuit
1530 1653 1545 1691 :
1600 1635 1722 1692 aliis
1783 1647 2005 1706 quoque

430 1730 750 1800 assumptis,
798 1729 893 1800 qui
940 1746 1163 1800 pravam
1220 1729 1344 1799 ejus
1394 1729 1554 1784 ﬁdem
1605 1728 2001 1799 sequebantur.

431 1825 511 1877 lla
549 1824 790 1894 synodus
836 1824 1101 1893 deinceps
1156 1823 1211 1878 iu
1269 1833 1459 1892 partes
1505 1823 1640 1876 duas
1679 1822 1854 1876 divisa
1896 1833 2001 1876 cst.

2100 623 2194 674 καὶ
2214 622 2323 691 γὰρ
2347 620 2600 691 ἀπεχθῶς
2625 619 2760 690 πρὸς
2781 619 2944 672 αὑτὸν
2971 621 3032 671 ὲκ
3065 615 3261 670 πολλοῦ
3291 611 3425 684 εἶχε.
3456 613 3683 668 Πολλῶν

2099 713 2155 767 δὲ
2186 712 2276 765 τὸν
2300 694 2538 783 Χριστδν
2567 701 2984 778 θεολογούντων,
3021 709 3119 761 καὶ
3148 707 3246 760 ἕνα
3273 707 3365 759 καὶ
3393 704 3486 758 τὸν
3512 703 3682 756 αὐτὸν

2100 801 2242 859 εἶναι
2277 805 2428 867 Υίδν,
2460 803 2551 856 τὸν
2587 805 2650 857 ὲκ
2674 801 2886 872 Πατρὸς
2911 802 3011 872 μὲν
3036 800 3140 870 πρὸ
3168 799 3382 852 αίὼνων
3409 797 3680 867 πρότερον

2100 895 2454 966 γεννηθέντα,
2481 894 2577 946 καὶ
2606 892 2695 946 ἐπ’
2725 893 2971 962 ἐσχάτων
2999 891 3054 944 δὲ
3088 889 3196 943 τῶν
3223 890 3454 959 χρόνων,
3487 888 3548 939 ὲκ
3571 886 3676 956 τῆς

2114 984 2506 1058 Ἀειπαρθένου
2546 983 2840 1054 γενόμενον
2889 981 3200 1053 ἄνθρωπον,
3257 978 3351 1033 καὶ
3381 980 3480 1032 οὐκ
3511 977 3677 1031 ἀλλον

2102 1079 2199 1133 καὶ
2225 1077 2404 1143 ἀλλον,
2449 1078 2540 1130 καὶ
2597 1070 2866 1129 Θεοτόκον
2913 1074 3122 1144 κυρίως
3165 1072 3262 1125 καὶ
3313 1069 3528 1140 ἀληθῶς
3575 1067 3680 1138 τὴν

2104 1169 2376 1240 παρθένον
2421 1168 2643 1238 Μαρίαν
2679 1165 3144 1236 ἀποφηναμένων,
3188 1160 3380 1232 παρὼν
3417 1161 3446 1213 δ
3472 1159 3682 1214 Νεστὸ-

2106 1277 2247 1333 ριος,
2293 1279 2313 1313 σ
2355 1258 2517 1328 Ἐγὼ,
2553 1259 2710 1328 φησὶ,
2763 1258 2854 1312 τὸν
2894 1257 3190 1326 γενόμενον
3223 1255 3532 1324 διμηνιαϊον
3576 1250 3679 1304 καὶ

2103 1353 2448 1424 τριμηνιαῖον
2485 1352 2584 1405 οὐκ
2614 1352 2678 1404 ἀν
2707 1350 2840 1402 Θεὸν
2876 1347 3241 1420 όνομάσαιμι·
3271 1347 3372 1399 καὶ
3399 1345 3485 1397 διὰ
3515 1343 3681 1396 τοῦτο

2105 1444 2347 1514 καθαρός
2377 1446 2495 1512 εἰμι
2545 1442 2654 1496 ἀπὸ
2683 1440 2778 1493 τοῦ
2809 1440 3040 1510 αἵματος
3079 1439 3269 1508 ὑμῶν·
3305 1437 3400 1490 καὶ
3433 1437 3539 1488 ἀπὺ
3577 1431 3677 1486 τοῦ

2108 1535 2204 1590 νῦν
2241 1536 2378 1608 πρὸς
2411 1536 2556 1605 ὑμᾶς
2587 1535 2688 1587 οὐκ
2716 1534 3030 1600 ἐλεύσομαι.
3070 1549 3089 1583 ι
3126 1529 3290 1582 Ταῦτ’
3318 1528 3505 1589 είπὼν,
3538 1527 3680 1596 μετά

2108 1631 2166 1698 ἒξ
2205 1630 2520 1683 ἐπισκόπων
2577 1627 2792 1694 ἐξῆλθε,
2837 1627 2932 1678 καὶ
2971 1624 3065 1677 τοῦ
3116 1619 3307 1676 λοιποῦ
3345 1620 3461 1690 μετ’
3494 1617 3680 1673 αὐτῶν

2110 1722 2517 1793 συνηθροίζετο,
2549 1723 2644 1774 καὶ
2682 1719 2876 1781 ἄλλους
2927 1715 3315 1786 προσειληφὼς
3356 1714 3422 1782 τῇ
3465 1711 3679 1764 ἐκείνου

2109 1815 2443 1886 κακοπιστία
2500 1812 2893 1883 ἑφεπομὲνους.
2961 1809 3072 1864 Καὶ
3136 1807 3263 1876 διχῆ
3301 1805 3362 1858 τὺ
3412 1803 3597 1886 λοιπὴν
3645 1802 3680 1871 ή

433 1917 692 1986 Cyrillus,
737 1926 794 1971 et
835 1919 930 1987 qui
963 1932 1088 1972 cum
1124 1931 1189 1972 eo
1223 1925 1401 1980 erant,
1455 1915 1722 1985 postridie
1769 1915 2005 1970 concilio

2118 1909 2324 1971 σύνοδος
2355 1883 2611 1978 διηρεῖτο.
2647 1906 2708 1958 Οἱ
2736 1904 2793 1956 δὲ
2821 1903 2949 1972 περὶ
2982 1900 3253 1970 Κύριλλον
3294 1897 3360 1968 τῇ
3391 1883 3518 1962 ἑξῆς
3552 1901 3681 1946 σννο

350 2051 351 2054 η
433 2019 646 2075 coacto,
670 2018 728 2065 ut
758 2024 876 2067 mos
904 2021 1005 2070 est.
1037 2010 1214 2063 tribus
1235 2008 1508 2078 episcopis
1543 2007 1748 2073 missis,
1803 2006 2004 2062 Nesto-

436 2104 686 2157 rium'ut
740 2102 797 2158 in
845 2110 1176 2158 conventum
1228 2101 1444 2156 veniret
1496 2101 1758 2156 citarunt.
1799 2099 1896 2154 Ille
1951 2097 2005 2152 id

435 2195 769 2266 contempsit
801 2202 858 2250 et
899 2195 1323 2267 haudquaquam
1370 2193 1705 2264 comparuit,
1737 2176 2006 2263 synodum

437 2286 493 2340 in
530 2288 858 2343 Antiocheni
927 2289 1174 2357 episcopi
1261 2287 1556 2342 adventum
1607 2285 1890 2340 diﬁcrens.
1940 2284 2009 2340 Ut

439 2389 624 2434 autem
657 2379 748 2434 ille
785 2379 983 2434 iterum
1015 2389 1180 2448 atque
1212 2381 1378 2435 tertio
1408 2387 1654 2442 vocatus,
1684 2391 2009 2446 responsum

440 2469 680 2532 nullum,
737 2481 848 2536 quo
895 2483 953 2523 se
1010 2465 1354 2532 defenderet,
1412 2467 1603 2531 dedit,‘
1635 2476 1692 2521 ot
1746 2467 2010 2521 conviciis

439 2571 606 2630 atque
643 2560 994 2616 contumeliis
1025 2576 1121 2615 eos
1151 2561 1243 2629 qui
1273 2561 1337 2613 ad
1368 2576 1426 2615 se
1463 2560 1614 2614 missi
1654 2567 1814 2614 erant
1850 2559 2013 2613 remi-

441 2655 514 2707 sit
547 2668 562 2706 :
604 2652 844 2723 synodus
875 2660 1061 2707 sancta
1095 2661 1464 2708 trecentorum
1498 2653 1712 2706 illorum
1737 2661 1790 2706 et
1823 2654 2008 2706 decem

444 2754 570 2798 octo
601 2744 914 2798 divinorum
949 2745 1174 2799 Patrum
1207 2744 1514 2814 symbolum
1559 2745 1614 2798 in
1657 2743 1921 2805 medium.
1957 2752 2012 2798 et

443 2835 632 2906 Cyrilli
676 2844 841 2905 atque
897 2836 1164 2903 Nestorii,
1218 2851 1357 2907 quas
1417 2836 1573 2891 ultro
1639 2836 1890 2905 citroque
1945 2836 2013 2889 de

443 2931 698 2996 dogmate
723 2928 988 2982 dederant
1012 2929 1244 2994 litteras,
1273 2943 1484 2983 sacram
1511 2927 1640 2981 item
1667 2926 1813 2981 illam
1837 2925 2016 2982 Caele-

445 3020 576 3074 slini
611 3020 680 3074 ad
713 3021 892 3090 ipsum
925 3019 1240 3075 NeStorium
1272 3019 1533 3089 scriptam
1566 3019 1855 3087 epistolam
1888 3033 2017 3087 pro-

446 3115 590 3169 tulit.
625 3117 802 3184 Atque
837 3115 928 3168 ubi
970 3113 1292 3168 Theodotus
1345 3112 1666 3182 Ancyranus
1710 3119 1767 3164 et
1812 3108 2016 3164 Meliti-

2112 2003 2290 2072 έδριον
2342 1997 2727 2069 ποιησάμενοι,
2761 1994 2834 2056 ὡς
2861 1993 3004 2056 ἔθος,
3041 1993 3191 2062 τρεῖς
3224 1990 3333 2041 τῶν
3363 1985 3684 2040 ἐπισκόπων

2107 2090 2568 2162 διαπεμψάμενοι,
2627 2085 3040 2157 μετεστέλλοντο
3090 2080 3386 2148 Νεστόριον
3435 2079 3514 2139 είς
3577 2075 3683 2144 τὴν

2113 2184 2331 2240 σύνοδον
2380 2181 2650 2251 ἀπαντᾷν.
2687 2180 2756 2232 ’0
2783 2177 2840 2231 δὲ
2871 2171 3246 2242 κατωλιγὼρει
3292 2171 3386 2224 καὶ
3426 2167 3682 2237 οὐδαμῶς

2111 2275 2462 2346 παρεγίνετο,
2520 2269 2867 2343 μετεωρίζων
2908 2267 3008 2337 τήν
3054 2264 3274 2317 σύνοδον
3329 2261 3409 2324 είς
3455 2262 3554 2332 τὴν
3584 2259 3681 2311 τοῦ

2123 2367 2455 2439 Ἀντιοχείας
2483 2364 2642 2435 δῆθεν
2667 2363 2968 2417 ὲπέλευσιν.
3005 2359 3090 2421 Ὧς
3127 2357 3183 2410 δὲ
3211 2355 3306 2410 καὶ
3332 2355 3414 2417 δὶς
3443 2355 3536 2406 καὶ
3561 2351 3685 2422 τρὶς

2112 2460 2357 2531 κληθεὶς,
2389 2457 2544 2511 οὐδὲν
2599 2457 2696 2524 μὲν
2727 2455 2865 2525 πρδς
2913 2449 3210 2516 ἀπολογίαν
3257 2443 3452 2510 ἐδίδου,
3492 2444 3684 2514 σκώμ-

2118 2572 2252 2626 μασι
2291 2553 2467 2606 δὲκαὶ
2502 2551 2748 2621 ἀτιμίαις
2782 2547 2876 2600 καὶ
2904 2549 3030 2608 τοὺς
3058 2539 3462 2602 ἀποσταλέντας
3507 2537 3702 2590 όπίσωλ

2114 2649 2431 2716 ἀνέπεμπεν
2450 2661 2465 2678 ο
2495 2647 2528 2716 ή
2579 2645 2710 2711 ἀγία
2756 2639 2972 2702 σύνοδος
3005 2639 3065 2690 τὸ
3095 2636 3204 2689 τῶν
3233 2631 3565 2702 τριακοσίων
3595 2629 3690 2681 δε-

2115 2737 2335 2793 καοκτὼ
2359 2736 2635 2806 θεοφόρων
2690 2734 2949 2801 Πατέρων
3000 2726 3267 2796 σύμὸολον
3317 2723 3564 2793 προῆγεν
3605 2723 3687 2782 εἰς

2117 2833 2305 2904 μέσον,
2335 2829 2429 2883 καὶ
2455 2828 2553 2889 τὰς
2577 2824 2862 2887 ἐπιστολὰς
2879 2822 3150 2892 Κυρίλλου
3177 2820 3269 2872 καὶ
3298 2816 3597 2886 Νεστορίου
3619 2814 3688 2875 ἀς

2118 2902 2368 2990 ἀλλήλοις
2392 2920 2522 2988 περὶ
2547 2916 2641 2969 τοῦ
2665 2915 2935 2984 δόγματος
2969 2912 3336 2981 διεπέμποντο
3355 2923 3370 2938 ·
3403 2907 3483 2958 ἔτι
3507 2903 3563 2956 δὲ
3592 2902 3690 2953 καὶ

2117 3016 2218 3086 τήν
2264 3013 2415 3083 ίεράν
2468 3011 2684 3079 ἐκείνην
2711 3007 2806 3061 τοῦ
2843 3003 3169 3059 Κελεστίνου
3224 2997 3516 3067 ἐπιστολήν
3551 2996 3690 3065 πρὸς

2120 3108 2282 3163 αὑτὸν
2317 3106 2636 3176 Νεστόριον.
2683 3098 3051 3155 Ἐπειπόντων
3098 3095 3155 3150 δὲ
3203 3092 3297 3146 τοῦ
3340 3109 3398 3144 τε
3430 3089 3690 3142 Θεοδότου

447 3206 638 3259 nensis
689 3180 924 3259 Aeacius
978 3203 1295 3271 blasphema
1348 3180 1476 3270 ejus
1524 3200 1688 3254 verba
1724 3241 1740 3264 ,
1811 3198 2013 3268 quibus

2133 3195 2404 3265 ’Δγκύρας
2428 3195 2522 3247 καὶ
2553 3191 2648 3244 τοῦ
2673 3193 2769 3258 τῆς
2798 3187 3090 3256 Μελιτινῆς
3132 3183 3388 3238 Ἀκακίου
3419 3182 3513 3233 καὶ
3543 3180 3692 3248 ἅπερ

449 3309 638 3367 aperte
681 3297 882 3365 Ephesi
949 3297 1139 3351 multis
1196 3293 1563 3364 praesentibus
1616 3308 1749 3347 usus
1811 3290 2012 3353 fuerat,

451 3392 795 3451 indicavere,
844 3397 901 3444 et
963 3389 1147 3444 multae
1201 3387 1528 3446 eximiorum
1580 3394 1637 3441 et
1698 3394 2015 3440 sanctorum

449 3484 702 3538 virorum
761 3495 923 3536 voces
962 3469 1185 3545 auditae,
1235 3479 1573 3548 insuperque
1624 3477 1729 3530 alia
1777 3474 2018 3530 Nestorii

452 3575 619 3643 impie
648 3574 788 3629 dicta
816 3581 1074 3642 congesta
1107 3579 1256 3635 sunt,
1301 3571 1529 3639 impium
1571 3569 1726 3623 illum
1758 3578 2024 3622 exaucto-

450 3667 612 3731 ravit,
649 3663 918 3720 sententia
947 3663 1098 3717 hisce
1129 3661 1313 3716 verbis
1338 3667 1634 3730 concepta:
1670 3658 1831 3730 514
1856 3658 2020 3713 «Cum

453 3767 655 3828 praeter
701 3755 808 3811 alia
878 3752 1379 3809 reverendissimus
1449 3749 1779 3814 Nestorius,
1840 3761 2022 3817 neque

452 3846 729 3904 vocationi
772 3853 981 3902 nostra!
1005 3844 1238 3900 audiens
1283 3858 1407 3898 esse
1443 3841 1710 3906 voluerit,
1755 3854 1937 3909 neque
1991 3852 2023 3892 α

454 3940 617 3996 nobis
654 3938 855 3996 missos
898 3937 1276 3993 sanctissimos
1305 3944 1362 3991 et
1411 3933 1689 4003 piissimos
1727 3932 2024 4001 episcopos

455 4032 766 4096 admiserit,
798 4029 1111 4086 necessario
1135 4043 1200 4084 eo
1224 4026 1630 4090 descendimus,
1659 4030 1718 4078 ut
1743 4023 1811 4079 de
1835 4021 2028 4092 impie-

457 4135 570 4181 tate
601 4125 719 4196 ejus
750 4122 1180 4194 inquireremns.
1234 4120 1299 4174 Et
1329 4117 1588 4184 quoniam
1618 4130 1742 4171 cum
1782 4128 1851 4170 ex
1906 4112 2026 4182 epi-

456 4221 612 4276 stolis
640 4226 696 4274 et
725 4217 948 4287 scriptis
981 4219 1121 4284 ejus,
1155 4227 1276 4282 qua:
1302 4211 1441 4266 lecta
1465 4210 1626 4264 etiam
1653 4215 1781 4262 sunt
1812 4224 1826 4260 :
1859 4215 2026 4275 atque

459 4313 590 4366 item
625 4324 692 4365 ex
714 4308 919 4370 verbis,
950 4306 1154 4376 quibus
1179 4304 1236 4358 in
1261 4301 1683 4369 metropolitana
1743 4298 1847 4352 hac
1892 4297 2028 4352 urbe

461 4419 593 4460 usus
620 4408 705 4457 est
731 4419 744 4456 :
774 4410 889 4456 tum
921 4413 986 4454 ex
1019 4396 1241 4452 testium
1272 4393 1458 4458 dictis,
1487 4391 1653 4461 impie
1675 4405 1801 4446 eum
1820 4399 1876 4444 et
1899 4400 2029 4444 sen-

460 4497 566 4550 tire
603 4501 662 4549 et
694 4493 907 4553 docere,
931 4485 1400 4560 deprehendimus
1437 4501 1452 4538 :
1501 4483 1830 4539 necessitate
1865 4479 2027 4536 nobis

2123 3285 2409 3357 παρρησίᾳ
2463 3283 2675 3337 πολλῶν
2722 3283 2816 3336 ἐπὶ
2846 3281 2941 3351 τῆς
2993 3277 3258 3348 Ἐφεσίων
3291 3273 3693 3341 ἐϐλασφήμησε

2123 3377 2534 3450 μητροπόλεως,
2567 3377 2662 3430 καὶ
2692 3375 2894 3446 ἑτέρων
2923 3372 2980 3426 δὲ
3017 3372 3229 3425 πολλῶν
3255 3369 3466 3438 ῥήσεων
3499 3364 3696 3433 ἐκκρί-

2119 3488 2229 3525 των
2268 3471 2441 3536 ἁγίων
2469 3466 2832 3539 ὑφανθεισῶν,
2867 3469 2956 3520 ναὶ
2987 3466 3094 3536 μὴν
3149 3465 3242 3518 καὶ
3277 3461 3452 3514 ἀλλων
3484 3458 3551 3513 ὲκ
3584 3458 3694 3512 τῶν

2120 3562 2420 3634 Νεστορίου
2458 3558 2824 3632 βλασφημιῶν
2881 3555 3367 3628 ἐπισωρευθέντων
3401 3551 3692 3621 ῥημάτων,

2122 3655 2156 3725 ἡ
2189 3653 2309 3707 θεία
2358 3651 2579 3713 σύνοδος
2616 3649 2836 3703 καθεῖλε
2871 3647 2962 3700 τδν
3020 3643 3278 3712 δυσσεϐῆ,
3323 3639 3450 3694 τάδε
3478 3638 3696 3700 λέξεσιν

2124 3747 2316 3808 αὑταῖς
2343 3745 2466 3799 κατ’
2499 3740 2664 3796 αὑτοῦ
2722 3738 3076 3808 ἀποφήνασα·
3123 3753 3150 3786 ιν
3174 3733 3316 3802 Πρὸς
3359 3732 3472 3792 τοῖς
3511 3727 3698 3788 ἀλλοις

2127 3841 2266 3913 μήτε
2300 3837 2610 3892 ὑπακοῦσαι
2643 3831 2996 3903 βουληθέντος
3015 3827 3111 3880 τοῦ
3137 3820 3700 3895 τιμιωτάτου-Νεστο·

2127 3909 2247 4004 ρίου
2291 3932 2361 3999 τῇ
2391 3927 2548 3997 ἡμῶν
2597 3925 2813 3993 κλήσει,
2848 3921 2984 3992 μήτε
3039 3918 3146 3988 μὴν
3187 3917 3314 3977 τοὺς
3368 3911 3502 3983 παρ’
3536 3909 3698 4004 ἡμῶν

2125 4002 2532 4078 ἀποσταλέντας
2577 4011 2919 4081 ἀγιωτάτους
2952 4007 3048 4063 καὶ
3081 4004 3533 4063 θεοσεϐεστάτους
3571 4002 3701 4053 ἑπτ-

2128 4108 2364 4170 σκόπους
2392 4097 3188 4175 προσδεξαμένου,ἀναγκαίως
3215 4094 3582 4164 ἐχωρήσαμεν
3604 4089 3703 4142 ἐπὶ

2125 4200 2224 4272 τὴν
2256 4199 2504 4264 ἐξέτασιν
2538 4196 2648 4250 τῶν
2676 4192 3118 4263 δυσσεσηθέντων
3169 4188 3354 4258 αὐτῷ·
3381 4186 3475 4238 καὶ
3511 4182 3706 4252 φωρά-

2129 4309 2320 4355 σαντες
2361 4291 2526 4344 αύτδν
2558 4288 2622 4343 ἐκ
2672 4303 2733 4342 τε
2759 4286 2868 4339 τῶν
2925 4282 3224 4337 ἐπιστολῶν
3252 4278 3416 4335 αὐτοῦ
3467 4275 3705 4330 καὶτῶν

2131 4381 2587 4456 συγγραμμάτων
2641 4378 2753 4433 τῶν
2807 4376 2902 4430 καὶ
2953 4373 3432 4444 ἀναγνωσθέντων,
3494 4370 3561 4421 ὲκ
3592 4367 3707 4419 τῶν

2128 4476 2331 4546 ἀρτίως
2359 4475 2490 4544 παρ’
2512 4468 2680 4526 αὑτοῦ
2710 4469 2986 4542 ῥηθέντων
3015 4467 3156 4522 κατὰ
3189 4465 3348 4536 τήνδε
3367 4462 3467 4530 τὴν
3499 4461 3707 4531 μητρό-

459 4604 488 4640 ιι
527 4586 836 4655 canonibus
861 4624 877 4650 ,
903 4552 907 4553 ν
937 4552 1017 4639 et'
1049 4579 1386 4638 sanctissimi
1452 4577 1629 4632 Patris
1693 4575 2013 4642 collegaeque

2131 4569 2308 4634 πολιν,
2335 4567 2428 4621 καὶ
2456 4566 2596 4636 πρὸς
2647 4562 3108 4634 μαρτυρηθόντων
3136 4555 3412 4619 δυσσεϐῶς
3444 4552 3709 4624 φρονοῦν-

458 4679 634 4734 nostri
673 4675 906 4732 Romani
939 4674 1200 4730 Ecclesiae
1237 4669 1482 4742 episcopi
1536 4666 1793 4737 epistola,
1848 4665 2028 4734 impo-

462 4772 590 4837 sita,
621 4769 714 4826 diu
738 4767 1083 4836 multumque
1115 4765 1498 4836 lacrymautes,
1526 4761 1595 4815 ad
1629 4760 1840 4814 tristem
1881 4756 2024 4811 hanc

464 4862 819 4935 pervenimus
851 4860 1200 4917 sententiam.
1230 4855 1334 4924 Qui
1375 4855 1544 4926 igitur
1570 4852 1640 4906 ab
1669 4867 1736 4906 eo
1768 4849 2026 4916 blasphe-

465 4957 590 5011 miis
622 4954 895 5026 expetitus
921 4963 1025 5017 est,
1054 4951 1322 5007 Dominus
1348 4955 1540 5003 noster
1564 4944 1724 5000 Jesus
1751 4940 2027 5005 Christus,

462 5060 561 5118 per
591 5055 917 5118 prasentem
943 5053 1190 5103 sanctam
1223 5043 1491 5116 synodum
1523 5039 1791 5104 decrevit,
1825 5033 2029 5089 Nesto-

465 5141 607 5197 rium
635 5157 666 5196 a
692 5141 956 5212 dignitate
987 5137 1310 5210 episcopali,
1331 5145 1388 5192 et
1408 5130 1738 5191 sacerdotali
1757 5134 2035 5186 conventu

463 5236 614 5290 omni
645 5250 766 5291 esse
796 5234 1058 5290 alienum.
1093 5251 1112 5284 ι

2132 4679 2204 4718 τα
2231 4661 2328 4716 καὶ
2373 4658 2742 4730 κηρύττοντα,
2774 4655 3092 4722 ἀναγκαίως
3117 4647 3571 4717 κατεπειχθὲντες
3597 4643 3706 4696 ἀπό

2133 4774 2193 4810 τε
2222 4755 2330 4809 τῶν
2359 4753 2624 4816 κανόνων,
2653 4750 2750 4804 καὶ
2774 4749 2876 4818 τῆς
2921 4744 3217 4814 ἐπιστολῆς
3262 4741 3359 4795 τοῦ
3390 4738 3704 4807 ἀγιωτάτου

2134 4849 2350 4920 Πατρὺς
2377 4846 2540 4919 ήμῶν
2571 4845 2666 4912 καὶ
2697 4839 3115 4908 συλλειτουργοῦ
3145 4835 3241 4891 τοῦ
3272 4833 3575 4890 ἐπισκόπου
3601 4831 3707 4898 τῆς

2151 4937 2441 5011 Ῥωμαίων
2478 4936 2828 5007 Ἐκκλησίας,
2879 4932 3250 5002 δακρύσαντες
3297 4925 3583 4986 πολλάκις,
3613 4921 3705 4975 ἐπὶ

2138 5037 2345 5103 ταύτην
2369 5033 2469 5106 τὴν
2501 5029 2836 5102 σκυθρωπὴν
2882 5026 3248 5097 ἐχωρήσαμεν
3299 5020 3601 5088 ἀπόφασιν.
3627 5014 3705 5106 7'0

2144 5105 2563 5198 βλασφημηθεὶς
2590 5123 2772 5176 τοίνυν
2803 5121 2931 5190 παρ’
2973 5117 3137 5172 αὑτοῦ
3179 5113 3382 5184 Κύριος
3411 5109 3569 5182 ήμῶν
3607 5105 3708 5198 ’1η-

2147 5197 2275 5279 σοῦς
2304 5197 2538 5286 Χριστὸς
2564 5211 2735 5284 ὥρισε
2777 5209 2866 5263 διὰ
2890 5208 2988 5279 τῆς
3027 5204 3315 5277 παρούσης
3357 5202 3520 5270 ἀγίας
3551 5197 3705 5250 συνό-

463 5335 557 5387 δου
592 5333 874 5404 ἀλλότριον
901 5327 1156 5387 εἶναιτδν
1193 5330 1356 5383 αὐτὸν
1384 5324 1680 5397 Νεστόριον
1707 5319 1800 5377 τοῦ
1865 5333 1928 5374 τε
1993 5312 2358 5371 ἑπισκοπικοῦ
2416 5310 2734 5382 ἀξιώματος
2804 5305 2901 5360 καὶ
2927 5302 3129 5367 παντὸς
3174 5300 3432 5370 συλλόγου
3502 5299 3704 5371 ίερατι-

466 5425 585 5480 κοῦ.
622 5443 642 5478 ι

2048 5613 2118 5632 δ.-
