4036 6564
449 332 588 398 1175

1675 358 2094 424 NICEPIIORI
2127 365 2468 432 CALLISTI

3556 373 3701 443 H76

444 447 651 512 tirent,
701 460 811 506 tum
869 462 1100 531 uterque
1153 458 1321 515 latam
1373 463 1643 524 adversus
1700 470 1999 529 Nestoriun‘

2120 480 2175 534 δὲ
2208 484 2368 547 γνοὺς
2417 483 2518 554 τὴν
2565 485 2852 540 κοινωνίαν
2891 486 2973 548 είς
3011 483 3346 556 φιλονεικίαν
3380 491 3696 558 προόᾶσειν,

439 547 909 601 ολειυοιονοιῑοηίε
948 553 1276 608 sententiam
1303 558 1673 624 confirmaret,
1707 564 2012 620 etdissidio

438 633 587 688 omni
621 637 880 692 ecclesias
929 640 1024 695 Dei
1070 643 1352 702 liberaret.
1388 650 1561 706 Porro
1593 653 1882 710 Nestorius
1919 659 2007 712 ubi

437 729 882 784 communionem
906 775 920 800 ,
971 750 1092 802 quae
1118 737 1221 791 sibi
1259 755 1381 794 cum
1421 741 1633 799 Joanne
1665 748 2012 806 Antiocheno

433 818 853 885 intercesserat,
904 826 957 880 in
1015 833 1432 888 contentionem
1463 845 1516 889 et
1561 837 1850 894 dissidium
1881 857 2011 898 eva-

430 913 571 968 sisse
595 918 875 983 cognovit,
897 921 1216 988 paenitentia
1241 923 1460 992 ductus,
1481 927 1703 986 Mariam
1723 932 2008 1002 Θεοτόκον,

433 1003 529 1058 Dei
571 1005 908 1065 Genitriccm
946 1016 1202 1070 vocavit:
1248 1017 1489 1084 Dicatur,
1528 1023 1805 1093 inquiens,
1839 1029 2004 1084 etiam

431 1097 530 1152 Dei
571 1098 820 1156 Genitrix
867 1104 1031 1159 Maria
1053 1147 1068 1172 ,
1101 1118 1152 1163 et
1183 1115 1566 1172 contentiones
1613 1119 1797 1174 tristes
1829 1122 2007 1177 faces-

432 1196 577 1244 sant.
633 1191 827 1246 Verum
861 1209 1022 1249 nemo
1054 1214 1279 1267 prorsus
1324 1203 1378 1258 id
1427 1221 1553 1260 eum
1603 1225 1700 1280 per
1737 1212 2009 1277 poeniten-

2119 575 2409 645 μεταμέλῳ
2465 574 2748 646 χρώμενος
2795 578 3059 632 Θεοτόκον
3096 581 3197 652 τὴν
3228 583 3447 654 Μαρίαν
3482 586 3698 645 ἐκάλει,

2115 667 2392 733 Λεγέσθω,
2427 665 2620 731 λέγων,
2644 669 2740 721 καὶ
2767 669 3030 735 Θεοτόκος
3058 674 3090 742 ἡ
3121 674 3328 742 Μαρία,
3359 675 3456 728 καὶ
3483 680 3702 730 παυσά-

2115 755 2227 808 σθω
2271 758 2338 810 τὰ
2368 757 2610 828 λυπηρά.
2656 759 2799 812 Ἀλλ’
2838 761 3014 824 οὐδεὶς
3049 761 3216 815 αὐτὸν
3260 765 3466 817 τοιαῦτ’
3500 767 3562 818 ὲκ
3598 783 3699 834 με·

2111 851 2331 910 τανοίοις
2357 848 2587 916 λέγοντα
2610 851 2770 920 δῆθεν
2791 853 2852 905 τὸ
2889 853 3155 923 παράπαν
3195 857 3475 926 προσίετο.
3508 858 3700 911 Ἰωάν-

2111 957 2208 1008 νης
2258 939 2313 993 δὲ
2360 943 2388 994 ὁ
2442 942 2543 1010 τῆς
2607 943 2884 1013 Ἀντιόχου
2915 945 2991 1016 τῷ
3053 945 3322 1016 βασιλικῷ
3355 948 3695 1018 κελεύσματι

2110 1033 2292 1098 ετκων,
2336 1033 2545 1086 Παῦλον
2571 1035 2662 1087 τὸν
2703 1035 2939 1107 Ἐμέσης
2975 1039 3276 1094 ἐπίσκοπον
3307 1042 3389 1103 είς
3433 1042 3695 1106 Ἀλεξάνο

2107 1123 2292 1191 δρειαν
2319 1124 2454 1193 πρὸς
2488 1125 2759 1196 Κύριλλον
2810 1128 3026 1198 ἔπεμπε
3067 1131 3275 1201 χάρτην
3310 1132 3549 1201 φέροντα
3575 1152 3587 1165 ·
3632 1135 3696 1184 ὲν

2105 1209 2149 1283 ᾧ
2179 1217 2212 1285 ἦ
2246 1233 2303 1268 τε
2340 1219 2438 1286 τῆς
2478 1217 2719 1282 πίστεως
2755 1221 3018 1289 ὁμολογία
3054 1212 3341 1286 ἀνόθέυτος
3375 1228 3694 1293 ὲγκεχάρα-

433 1277 567 1331 tiam
605 1280 810 1337 dixisse
853 1286 1159 1344 arbitratus
1198 1303 1301 1348 est.
1348 1277 1999 1360 JoannesrAntiochenus

2103 1277 2222 1369 otto,
2256 1307 2349 1360 καὶ
2377 1277 2524 1373 λόγοι
2559 1277 2744 1376 φιλίας
2788 1277 2895 1363 ’καὶ
2933 1277 3262 1374 ’σκανδάλων
3301 1277 3604 1375 άπόθεσῖς..
3631 1317 3694 1369 Ὀ

429 1371 720 1442 cpiscopus
753 1376 1022 1446 imperiali
1053 1382 1292 1452 jussioni
1325 1389 1544 1458 cedens,
1581 1392 1808 1448 Paulum
1847 1395 2007 1451 Eme-

430 1479 626 1556 senum
661 1468 976 1540 episcopum
1022 1475 1413 1534 Alexandriam
1449 1482 1517 1537 ad
1564 1484 1826 1556 Cyrillum
1875 1502 2002 1542 cum

428 1554 619 1612 libello
654 1560 824 1627 misit,
861 1563 916 1618 in
951 1581 1062 1634 quo
1092 1583 1350 1638 germana
1391 1583 1446 1628 et
1473 1554 1686 1631 sincera
1721 1577 1845 1633 ﬁdei
1877 1595 2005 1650 pro-

426 1646 613 1714 fessio,
642 1667 854 1709 necnon
885 1658 1138 1714 amicitiae
1169 1665 1500 1733 conciliatio,
1531 1677 1587 1723 et
1613 1672 2000 1728 scandalorum

429 1755 526 1795 seu
573 1743 1029 1804 offendiculorum
1078 1755 1326 1808 amolitio
1371 1773 1630 1827 expressa
1672 1771 1775 1817 est.
1820 1763 2000 1820 Vene-

431 1836 639 1891 randus
678 1849 860 1894 autem
908 1842 997 1896 ille
1043 1843 1280 1916 Cyrillus
1321 1849 1512 1906 libello
1555 1865 1801 1924 accepto,
1835 1867 2001 1928 atque

433 1929 774 1993 professione
807 1933 930 1988 fidei
967 1937 1016 1989 ei
1059 1937 1265 1994 inserta
1300 1946 1674 2013 comprobata,
1708 1958 1763 2002 et
1786 1959 2002 2007 veteres

426 2032 646 2076 sanctos
668 2023 876 2092 Patres,
906 2037 962 2083 et
985 2032 1226 2098 seipsum
1251 2033 1322 2088 ita
1348 2035 1584 2092 sensisse
1610 2041 1957 2096 confirmavit
1984 2062 1997 2109 ;

423 2123 586 2183 atque
615 2117 844 2184 episwla
881 2136 944 2175 ea
991 2123 1354 2180 vehementer
1378 2127 1624 2196 laudata,
1655 2130 1822 2203 516
1851 2134 2000 2189 hisce

395 2193 608 2261 ‘verbis
627 2210 826 2266 Joanni
858 2216 1147 2285 rescripsit
1179 2237 1194 2274 :
1242 2219 1557 2276 «laetentur
1585 2226 1731 2291 cadi,
1751 2228 2002 2281 etexsul-

425 2306 503 2353 tet
533 2309 700 2355 terra.
733 2301 984 2360 Dirutum
1020 2309 1167 2362 enim
1205 2321 1291 2367 est
1325 2313 1684 2368 interstitium
1713 2320 1996 2374 macerias:

423 2400 481 2446 et
522 2395 666 2462 quod
713 2411 1001 2453 maerorem
1055 2403 1218 2469 fecit,
1269 2407 1634 2475 conquievit:
1690 2410 2000 2481 modusque

423 2486 715 2543 discordia:
756 2492 939 2546 omnis.
994 2494 1244 2552 sublatus
1284 2507 1399 2564 est,
1441 2515 1507 2554 eo
1541 2502 1688 2570 quod
1738 2502 1998 2560 Servator

422 2579 670 2632 omnium
724 2591 975 2636 nostrum
1019 2585 1308 2652 Christus,
1356 2591 1604 2648 ecclesiis
1639 2593 1756 2648 suis
1805 2611 1992 2664 pacem

421 2675 762 2740 conciliavit,
795 2685 849 2730 ct
879 2680 944 2731 ad
981 2693 1102 2732 eam
1132 2696 1234 2735 nos
1261 2682 1495 2750 piissimi
1525 2695 1580 2739 et
1610 2687 1702 2741 Dei
1733 2689 1998 2744 amantis.

420 2766 548 2820 simi
603 2767 882 2838 principes
941 2783 1227 2828 vocarunt.
1291 2776 1392 2842 Qui
1451 2781 1720 2850 majorum
1772 2782 1993 2851 pietatis

417 2858 765 2915 aemulatores
811 2863 1040 2930 Optimi,
1087 2881 1211 2920 cum
1237 2866 1342 2937 ipsi
1381 2868 1436 2922 in
1473 2879 1614 2924 statu
1656 2887 1758 2926 suo
1789 2883 1994 2929 certam

420 2958 587 3020 atque
637 2952 918 3009 immotam
980 2969 1309 3012 conservant
1358 2959 1521 3015 fidam
1579 2973 1823 3032 rectam,
1876 2977 1994 3021 tum

417 3046 751 3114 praecipuam
795 3047 861 3102 de
902 3051 1110 3104 sanctis
1138 3053 1389 3108 ecclesiis
1437 3065 1637 3122 gerunt
1678 3074 1898 3123 curam,
1936 3070 1997 3116 ut

2105 1400 2161 1452 δὲ
2192 1399 2479 1464 θεσπέσιος
2507 1401 2779 1469 Κύριλλος
2803 1404 2895 1455 τὸν
2919 1405 3131 1475 χάρτην
3156 1410 3236 1470 είς
3261 1411 3448 1476 χεῖρας
3481 1407 3692 1470 λαόὼν,

2105 1490 2198 1542 καὶ
2231 1494 2296 1560 τῇ
2326 1492 2624 1564 ἐγκειμένη
2655 1494 2753 1561 τῆς
2787 1492 3025 1557 πίστεως
3069 1497 3335 1564 ὁμολογία
3363 1499 3688 1567 στοιχήσας,

2105 1585 2481 1640 διεϐεϐαιοῦτο
2530 1589 2728 1656 ἐπίσης
2781 1588 2985 1659 ταύτῃ,
3036 1591 3131 1643 καὶ
3197 1591 3324 1654 τοὺς
3383 1592 3450 1644 ὲκ
3513 1592 3690 1645 πάλαι

2106 1677 2297 1744 ἁγίους
2326 1677 2576 1749 Πατέρας
2614 1681 3021 1749 πεφρονηκέναι
3068 1683 3163 1736 καὶ
3217 1684 3432 1738 ἑαυτόν.
3467 1685 3688 1754 Σφόδρα

2105 1769 2150 1822 δ’
2180 1771 2476 1834 ἐπαινέσας
2505 1773 2606 1842 τὴν
2643 1776 2960 1844 επιστολὴν,
3001 1778 3094 1830 ἐπὶ
3121 1777 3369 1846 ῥήματος
3392 1779 3486 1830 καὶ
3521 1777 3689 1839 αὐτὸς

2105 1859 2182 1928 τῷ
2227 1861 2456 1934 Ἰωάννῃ
2514 1864 2726 1933 ἔγραφε
2785 1866 2965 1918 τοιάδε
2991 1881 3006 1895 °
3044 1885 3064 1918 ι
3094 1868 3595 1936 Εὖφραινέσθωσαν
3635 1869 3684 1918 οἱ

2104 1951 2324 2020 οὐρανοὶ
2373 1954 2466 2007 καὶ
2497 1955 2852 2022 ἀγαλλιάσοω
2883 1958 2911 2026 ἡ
2943 1957 3015 2026 γῆ
3041 1974 3055 1988 ·
3091 1959 3308 2011 λέλυται
3359 1958 3464 2028 γὰρ
3492 1958 3552 2010 τὺ
3587 1976 3688 2026 με·

2106 2047 2351 2116 σότοιχον
2405 2048 2499 2100 τοῦ
2558 2049 2838 2117 φραγμοῦ,
2891 2051 2984 2103 καὶ
3039 2050 3315 2104 πέπαυται
3363 2052 3423 2104 τὸ
3453 2051 3684 2114 λυποῦν,

2103 2139 2195 2189 καὶ
2231 2137 2500 2206 διχονοίας
2555 2139 2758 2208 τρόπος
2793 2139 3060 2211 ἀνῄρηται
3090 2140 3293 2207 πάσης,
3332 2141 3426 2193 τοῦ
3462 2142 3688 2194 πάντων

2102 2231 2257 2300 ἡμῶν
2286 2231 2545 2300 Σωτῆρος
2573 2231 2814 2302 Χριστοῦ
2841 2235 2962 2294 ταῖς
3002 2233 3198 2287 ἑαυτοῦ
3229 2234 3550 2305 ἐκκλησίαις
3583 2234 3687 2303 τὴν

2102 2324 2324 2394 εἰρήνην
2357 2323 2761 2393 βραϐεύσαντος
2796 2343 2811 2359 ο
2864 2327 3215 2396 κεκληκότων
3265 2327 3320 2378 δὲ
3351 2321 3488 2398 πρδς
3522 2328 3688 2381 τοῦτο

2102 2416 2248 2486 ἡμᾶς
2278 2417 2370 2469 καὶ
2399 2417 2507 2470 τῶν
2531 2417 2940 2472 εὐσεϐεστάτων
2970 2420 3064 2472 καὶ
3102 2419 3544 2488 θεοφιλεστάτων
3580 2419 3684 2488 βα-

2101 2509 2318 2573 σιλέων,
2377 2510 2426 2562 οἳ
2484 2512 2819 2580 προγονικῆς
2862 2510 3148 2573 εὐσεϐείας
3182 2511 3396 2580 ἄριστοι
3443 2511 3686 2580 ζηλωταὶ

2068 2604 2407 2670 γεγονότες,
2444 2603 2662 2675 ἀσφαλῆ
2726 2605 2823 2673 μὲν
2856 2603 2952 2658 καὶ
2982 2604 3385 2658 ἁκατάσειστον
3432 2606 3487 2656 ὲν
3521 2605 3684 2667 ἰδίαις

2099 2695 2295 2764 τύχαις
2336 2695 2435 2765 τὴν
2465 2695 2634 2765 ὀρθὴν
2688 2695 3023 2763 φυλάττουσι
3053 2695 3261 2759 πίστιν,
3311 2694 3597 2764 ἐξαίρετον
3623 2694 3682 2746 δὲ

2101 2786 2388 2841 ποιοῦνται
2419 2787 2677 2858 φροντίδα
2706 2787 2804 2857 τὴν
2833 2787 2976 2859 ὑπὲρ
3009 2787 3116 2840 τῶν
3148 2786 3682 2855 άγίωνὲκκλησιῶν,

2104 2877 2190 2929 ἵνα
2222 2878 2316 2930 καὶ
2349 2877 2634 2948 διαϐόητον
2663 2875 2861 2948 ἔχωσιν
2918 2877 3000 2940 είς
3031 2876 3209 2930 αἰῶνα
3241 2875 3339 2946 τὴν
3369 2874 3558 2940 δόξαν,
3585 2875 3686 2928 κοιὶ

2101 2971 2498 3040 εὐκλεεστάτην
2529 2971 2873 3041 ἀποφαίνωσι
2903 2969 3001 3040 τὴν
3023 2969 3231 3022 ὲαυτῶν
3254 2968 3559 3038 βασιλείαν.
3583 2964 3684 3030 Οἷς

2100 3066 2194 3118 καὶ
2223 3064 2386 3126 αὐτὸς
2437 3065 2465 3116 ὀ
2495 3063 2604 3116 τῶν
2653 3062 2939 3130 δυνάμεων
2989 3062 3194 3132 Κύριος
3256 3059 3494 3128 πλουσίᾳ
3537 3057 3688 3126 χειρὶ

419 3134 586 3189 simul
627 3146 682 3190 ct
711 3140 1028 3207 prmclaram
1074 3141 1128 3194 in
1164 3157 1339 3197 rerum
1378 3146 1606 3214 gloriam
1641 3148 1898 3214 habeant,
1941 3163 1994 3206 et

2103 3157 2344 3226 διανέμει
2377 3158 2444 3209 τὰ
2499 3155 2686 3222 ἀγαθά
2709 3170 2722 3184 °
2759 3155 2946 3210 δίδωσι
2990 3155 3089 3224 μὲν
3129 3153 3353 3223 κρατεῖν
3387 3153 3496 3204 τῶν
3526 3149 3688 3203 ἀνθει-

420 3243 582 3296 quam
620 3230 1040 3286 celeberrimam
1082 3233 1301 3304 imperii
1334 3241 1416 3292 sui
1456 3240 1992 3299 administrationem

417 3321 678 3376 reddant.
736 3323 1176 3390 Quibus’etiam
1233 3331 1348 3401 ipse
1406 3335 1673 3390 virtutum
1733 3339 1996 3397 Dominus

419 3429 589 3468 manu
641 3416 860 3470 liberali
901 3417 1043 3473 bona
1097 3421 1333 3476 tribuit:
1368 3425 1647 3496 simulque
1682 3428 1803 3492 dat,
1853 3439 1909 3481 ut
1940 3438 1996 3484 et

421 3508 756 3564 adversariis
807 3513 1117 3582 imperent,
1151 3525 1206 3570 et
1244 3517 1530 3572 victoriam
1566 3519 1636 3572 ab
1676 3520 1758 3574 eis
1801 3536 1996 3596 repor;

418 3608 561 3654 tent.
604 3601 723 3655 Non
755 3602 901 3656 enim
941 3603 1080 3658 fallit
1124 3606 1170 3660 is
1208 3607 1303 3675 qui
1336 3607 1513 3661 dicit:
1555 3608 1676 3662 Vivo
1718 3626 1830 3679 ego,
1865 3612 1998 3666 dicit

414 3691 686 3748 Dominus
733 3695 774 3761 ¹,
833 3697 1085 3766 quoniam
1137 3698 1496 3768 gloriﬁcantes
1555 3718 1634 3754 me
1666 3701 1993 3772 gloriﬁcabo.

416 3783 555 3837 Cum
606 3783 774 3853 igitur
800 3785 1187 3842 Alexandriam
1237 3792 1479 3845 venisset
1523 3790 1782 3849 dominus
1817 3811 1992 3863 meus,

418 3875 704 3945 piissimus
735 3877 907 3933 frater
935 3887 992 3934 et
1020 3881 1227 3952 collega
1260 3882 1481 3949 Paulus,
1515 3885 1684 3940 animi
1716 3888 1995 3952 voluptate

417 3981 474 4023 et
503 3972 702 4040 gaudio
739 3972 934 4042 repleti
971 3989 1205 4031 sumus:
1239 3991 1303 4030 ac
1335 3978 1537 4032 merito
1574 3979 1818 4047 quidem,
1848 3981 1995 4050 quod

417 4070 605 4117 tantus
636 4063 848 4118 scilicet
893 4065 976 4118 vir
1007 4074 1191 4136 partes
1231 4082 1361 4122 suas
1402 4077 1461 4122 ut
1517 4071 1785 4126 mediator
1831 4077 1999 4128 inter-

417 4167 672 4226 poneret,
707 4166 762 4210 et
793 4174 958 4227 supra
989 4159 1135 4214 vires
1168 4169 1379 4216 tantum
1413 4163 1661 4218 laborem
1696 4165 1896 4229 adiret,
1937 4179 1998 4222 ut

420 4248 626 4302 diaboli
675 4249 936 4304 invidiam
985 4262 1309 4319 superaret,
1345 4271 1408 4309 ea
1455 4272 1578 4326 quae
1625 4258 1804 4314 divisa
1837 4268 1998 4313 erant

419 4343 801 4414 conjungeret.
870 4352 926 4399 et
958 4343 1188 4402 sublatis
1231 4362 1262 4401 e
1295 4349 1477 4404 medio
1523 4351 1798 4408 scandalis
1828 4362 1996 4423 atque

420 4435 808 4500 ofl‘endiculis.
860 4439 1172 4496 concordia:
1218 4449 1274 4497 et
1326 4444 1480 4512 pacis
1526 4459 1730 4500 corona
1785 4455 1998 4503 vestras

421 4529 585 4584 simul
625 4539 681 4583 et
725 4540 943 4587 nostras
975 4532 1365 4589 cohonestaret
1392 4535 1677 4590 ecclesias.
1719 4556 1737 4590 ι
1777 4538 1843 4591 Et
1872 4549 2000 4607 post

421 4619 550 4673 alia.
596 4639 613 4670 ι
650 4619 808 4686 Quod
844 4636 977 4676 vero
1021 4622 1300 4691 superﬂua
1333 4640 1557 4693 prorsus
1583 4635 1640 4680 et
1685 4628 2000 4696 importuna

419 4715 719 4779 Ecclesiae,
768 4725 1078 4784 praeterque
1128 4731 1349 4771 causam
1402 4731 1657 4790 suscepta
1718 4721 2002 4776 discordia

417 4809 628 4873 fuerit,
686 4822 837 4862 nunc
890 4808 1128 4868 maxime
1177 4811 1442 4867 certiores
1494 4813 1626 4867 facti
1650 4797 1899 4880 ~sumus,
1930 4831 1998 4869 ex

421 4917 533 4971 quo
590 4903 873 4973 piissimus
923 4901 1181 4957 dominus
1237 4919 1392 4959 meus
1447 4904 1652 4961 Paulus
1704 4908 2000 4978 episcopus

416 4991 665 5047 libellum
716 5000 870 5048 extra
923 4993 1216 5048 calumnia:
1260 4995 1436 5050 aleam
1489 4997 1732 5066 positum
1783 4998 1993 5063 attulit,

417 5084 544 5140 fidei
572 5085 971 5156 professionem
1006 5088 1464 5156 complectentem
1491 5105 1504 5141 :
1533 5103 1696 5158 quem
1724 5104 1758 5143 a
1783 5088 1996 5143 sancti-

416 5185 532 5232 tate
579 5185 671 5233 tua
709 5187 765 5234 et
795 5177 1064 5248 piissimis
1103 5179 1270 5235 isthic
1313 5181 1590 5251 episcopis
1626 5182 1994 5249 compositum

417 5288 539 5329 esse
563 5273 936 5328 confirmavit.
971 5294 992 5327 ι
1034 5273 1282 5330 Libellus
1325 5276 1374 5330 is
1404 5276 1607 5347 quibus
1646 5278 1999 5348 conscriptus

417 5379 541 5424 orat
572 5370 789 5434 verbis,
817 5371 1067 5441 epistolae
1099 5371 1394 5442 adjunctus
1433 5373 1558 5428 fuit.
1596 5373 1769 5428 Porro
1803 5372 1997 5466 de‘Dci

417 5459 718 5526 Genitrice,
751 5471 810 5517 et
839 5478 961 5532 qua:
989 5472 1298 5532 sequuntur
1324 5481 1336 5518 :
1373 5481 1391 5513 ι
1422 5462 1638 5518 Sanctis
1661 5464 1810 5519 hisce
1843 5459 2000 5518 voci-

418 5555 526 5608 bus
578 5553 778 5609 vestris
820 5554 1014 5619 lectis,
1052 5556 1127 5610 ita
1173 5570 1275 5610 nos
1321 5570 1543 5626 quoque
1593 5555 1745 5626 ipsos
1790 5559 1997 5611 sentire

405 5647 756 5703 ‘invenimus.
803 5647 957 5703 Unus
1005 5650 1153 5702 enim
1207 5657 1294 5704 est
1341 5649 1638 5714 Dominus,
1677 5663 1787 5703 una
1837 5648 1992 5715 fides,

494 5847 503 5872 '
543 5841 720 5900 ίίζιτζζ.
759 5858 816 5896 tl.
852 5843 940 5896 δυ.

2107 3251 2406 3318 στηκὸτων,
2463 3249 2752 3321 χαρίζεται
2781 3248 2838 3301 δὲ
2892 3248 2953 3301 τὸ
3003 3247 3182 3317 νικᾷν.
3213 3245 3287 3297 Οὐ
3316 3243 3426 3312 γὰρ
3466 3243 3532 3296 ἂν
3561 3241 3685 3293 δια-

2102 3343 2363 3412 ψεύσαιτο
2390 3345 2417 3398 ὁ
2443 3344 2649 3413 λέγων·
2685 3343 2775 3397 Ζῶ
2805 3343 2939 3413 ἐγὼ,
2973 3344 3137 3410 λέγει
3174 3340 3410 3406 Κύριος,
3433 3338 3525 3392 ὅτι
3542 3335 3688 3400 τοὺς

2104 3435 2464 3502 δοξάζον-τάς
2480 3455 2558 3506 με
2587 3435 2850 3500 δοξάσω.
2880 3435 3245 3504 Ἀφικομένου
3275 3433 3452 3483 τοίνυν
3483 3429 3562 3487 είς
3587 3429 3688 3495 τὴν

2118 3530 2528 3599 Ἀλεξάνδρειαν
2583 3528 2678 3582 τοῦ
2727 3529 2920 3598 κυρίου
2955 3545 3060 3596 μου
3098 3525 3194 3579 τοῦ
3252 3523 3686 3577 θεοσεὸεστατου

2106 3621 2336 3689 ἀδελφοῦ
2361 3623 2454 3675 καὶ
2491 3619 2911 3692 συλλειτουργοῦ
2943 3617 3182 3678 Παύλου,
3213 3615 3480 3685 θυμηδίας
3511 3615 3688 3683 ἐμπε-

2107 3715 2396 3785 πλήσμεθα
2424 3730 2440 3748 ο
2481 3714 2576 3767 καὶ
2597 3713 2799 3784 σφόδρα
2827 3715 3073 3775 εἰκότως,
3106 3710 3182 3773 ὡς
3212 3710 3402 3778 ἀνδρὸς
3435 3707 3688 3760 τοιούτου

2111 3803 2624 3875 μεσιτεύοντος,καἰ
2645 3804 2762 3865 τοῖς
2791 3802 2931 3870 ὑπὲρ
2957 3799 3189 3869 δύναμιν
3219 3795 3688 3865 πόνοιςιὲλομὲνου

2107 3893 2498 3968 προσομιλεῖν·
2526 3896 2614 3949 ἴνα
2666 3895 2757 3948 τὸν
2805 3894 2899 3947 τοῦ
2930 3893 3182 3947 διαϐόλου
3219 3893 3420 3960 νικήσῃ
3460 3887 3685 3956 φθόνον,

2108 3992 2203 4043 καὶ
2240 3989 2455 4060 συνάψῃ
2488 3988 2558 4042 τὰ
2590 3985 2921 4058 διῃρημένα,
2948 3988 3044 4038 καὶ
3073 3984 3140 4036 τὰ
3171 3982 3375 4052 μεταξὺ
3410 3978 3687 4032 σκάνδαλα

2108 4080 2398 4150 περιελὼν.
2419 4081 2644 4152 ὁμονοίᾳ
2670 4081 2763 4132 καὶ
2788 4080 2982 4151 εἰρήνη
3007 4077 3326 4147 στεφανώσῃ
3347 4075 3445 4138 τάς
3475 4091 3534 4126 τε
3555 4071 3688 4142 παρ’

2106 4175 2240 4245 ἡμῖν
2266 4174 2359 4228 καὶ
2389 4173 2520 4244 παρ’
2553 4174 2682 4244 ὑμῖν
2734 4171 3051 4241 ἐκκλησίας.
3085 4187 3103 4221 ι
3167 4170 3276 4221 Καὶ
3308 4167 3428 4237 μεθ’
3477 4167 3646 4235 ἕτερα
3669 4181 3685 4196 ·

2113 4286 2132 4320 ι
2177 4268 2303 4324 Ὀτι
2331 4267 2387 4319 δὲ
2417 4265 2650 4336 περιττὴ
2703 4263 3023 4328 παντελῶς,
3084 4261 3181 4314 καὶ
3212 4261 3314 4313 οὐκ
3365 4259 3687 4327 εὐάφορμος

2104 4362 2202 4431 τῆς
2241 4358 2569 4428 Ἐκκλησίας
2603 4360 2637 4428 ἠ
2685 4356 3001 4426 διχοστασία
3034 4355 3247 4424 γέγονε,
3295 4351 3414 4405 νυνὶ
3447 4351 3686 4421 μάλιστα

2107 4451 2673 4522 πεπληροφορήμεθα,
2707 4447 2804 4501 τοῦ
2840 4449 3033 4518 κυρίου
3071 4462 3173 4516 μου
3202 4445 3296 4497 τοῦ
3327 4441 3686 4495 θεοσεϐεστά-

2031 4516 2075 4571 D
2105 4563 2198 4599 του
2241 4543 2452 4598 Παύλου
2485 4539 2579 4593 τοῦ
2619 4539 2923 4592 ἐπισκόπου
2971 4536 3186 4605 χάρτην
3241 4533 3686 4604 προκομίσαντος

2105 4635 2452 4703 ἀδιάϐλητον,
2485 4631 2680 4702 ἔχοντα
2704 4631 2800 4698 τῆς
2837 4629 3075 4689 πίστεως
3106 4625 3204 4695 τὴν
3225 4625 3557 4693 ὁμολογίανο
3590 4621 3685 4672 καὶ

2102 4727 2309 4795 ταύτην
2355 4723 2716 4792 συντετάχθαι
2751 4716 3293 4785 διαὸεὸαιωσαμένου
3324 4713 3478 4782 παρά
3493 4729 3554 4764 τε
3585 4712 3684 4779 τῆς

2104 4820 2202 4887 σῆς
2235 4819 2535 4887 ὁσιότητος,
2585 4815 2680 4869 καὶ
2707 4813 2818 4867 τῶν
2855 4811 3046 4864 αὐτόθι
3082 4807 3523 4861 θεοσεὸεστάτων
3561 4805 3682 4856 ἔπι-

2105 4910 2345 4962 σκόπων.
2388 4907 2540 4978 Ἔχει
2612 4905 2668 4959 δὲ
2705 4903 2878 4966 οὕτως
2910 4904 2944 4972 ἡ
2997 4898 3311 4970 συγγραφὴ,
3361 4897 3456 4950 καὶ
3491 4895 3683 4956 αὐταῖς

2103 5001 2314 5067 λέξεσιν
2360 4999 2660 5052 ἐντέθειται
2693 4997 2819 5068 τῇδε
2875 4997 2941 5066 τῇ
2980 4992 3258 5063 ἐπιστολῇ.
3317 4991 3452 5061 Περὶ
3483 4988 3542 5041 δὲ
3583 4991 3682 5057 τῆς

2103 5094 2365 5147 Θεοτόκου
2420 5095 2512 5144 καὶ
2542 5096 2608 5143 sit
2643 5091 2766 5159 ἑξῆς
2793 5105 2805 5120 ⁸
2840 5108 2859 5140 ι
2894 5087 3132 5157 Ταύταις
3165 5085 3318 5155 ὑμῶν
3365 5085 3682 5152 ἐντυχόντες

2102 5189 2222 5250 ταῖς
2253 5189 2419 5257 ἱεραῖς
2453 5188 2676 5252 φωναῖς,
2709 5182 2854 5237 οὕτω
2881 5199 2938 5235 τε
2967 5182 3060 5235 καὶ
3091 5179 3321 5242 ἑαυτοὺς
3348 5174 3680 5247 φρονοῦντας

2104 5280 2480 5349 εὑρίσκοντες·
2540 5271 2625 5339 εἷς
2675 5277 2781 5344 γὰρ
2819 5275 3046 5346 Κύριος,
3104 5275 3204 5343 μία
3234 5273 3438 5336 πίστις,
3497 5270 3556 5323 ἓν
3588 5268 3680 5338 βά-

2102 5387 2314 5440 πτισμα
2339 5386 2354 5400 ·
2388 5367 2718 5438 ἐδοξάσαμεν
2776 5369 2866 5421 τὸν
2925 5369 3031 5420 τῶν
3060 5368 3196 5421 ὅλων
3244 5365 3477 5434 Σωτῆρα
3517 5362 3675 5418 Θεὸν.

2102 5463 2348 5532 ἀλλήλοις
2383 5462 2794 5532 συγχαίροντες,
2842 5463 2925 5516 δτι
2960 5464 3080 5525 ταῖς
3126 5456 3510 5520 θεοπνεύστοις
3542 5459 3675 5528 Γρα-

2101 5556 2227 5622 φαῖς
2285 5553 2377 5605 καὶ
2439 5553 2739 5623 παραδόσει
2792 5554 2902 5607 τῶν
2959 5554 3129 5624 ἁγίων
3187 5552 3452 5622 Πατέρων
3516 5549 3675 5618 ημῶν

2103 5645 2507 5715 συμϐαίνουσαν
2530 5644 2715 5716 ἔχουσι
2748 5645 2931 5700 πίστιν
2977 5645 3040 5698 αἴ
3057 5663 3113 5700 τε
3145 5644 3276 5715 παρ’
3311 5644 3443 5713 ημῖν
3491 5645 3584 5696 καὶ
3620 5642 3676 5693 αι
