3962 6558
258 381 394 445 ΗΠ

1181 387 1789 452 Ε(ἶΕΣ.ΕΞΙ-Α5Τ10.Ε
1832 390 2216 478 ΗΙΞΤΟΒΙᾸΞ
2252 391 2399 454 LIB.
2439 387 2594 452 XIV.
2699 335 2718 358 θ

3375 385 3510 452 1⁷1ῖὸ

254 498 387 562 παρ’
422 498 551 565 ὑμῖν
586 499 927 570 ἐκκλησίαι.»
979 501 1138 556 Ἀλλὰ
1171 503 1341 556 ταῦτα
1378 504 1476 573 μὲν
1526 503 1829 571 φιλοπόνως

1936 519 2102 558 unum
2157 502 2449 572 baptisma.
2485 502 2831 570 Quapropter
2884 510 3068 554 rerum
3124 497 3506 553 universarum

253 591 435 658 εὑρεῖν
470 591 589 643 ἔστι
640 591 718 660 τῷ
751 592 1083 662 βουλομένῳ,
1126 597 1238 658 τοῖς
1279 593 1578 662 τηνικαῦτα
1612 611 1825 665 πεπρα-

253 685 477 749 γμένοις
507 685 798 753 ἐπιστῆσαι
826 686 1140 756 θελήσαντι.

1934 596 2280 652 Servatorem
2338 597 2507 651 Deum
2570 593 3046 664 gloriﬁcavimus,
3107 601 3299 646 mutuo
3351 593 3509 646 nobis

1928 687 2406 757 congratulantes,
2446 687 2592 756 quod
2632 695 3035 756 congruentem
3071 699 3194 737 cum
3243 684 3508 740 divinitus

253 774 538 845 inspiratis
584 779 885 848 Scripturis
945 793 1000 834 et
1049 780 1342 834 traditione
1389 789 1705 834 sanctorum
1771 779 1990 833 Patrum
2057 790 2374 836 nostrorum
2420 791 2622 836 nostra
2687 781 2850 834 simul
2895 788 2952 834 et
3011 787 3206 834 vestrae
3261 778 3509 834 ecclesia:

253 871 490 928 habeant
524 873 740 928 ﬁdem.»
774 874 934 945 517
973 875 1168 932 Verum
1199 874 1315 928 haec
1344 873 1437 944 qui
1466 874 1745 943 inquirere
1781 875 1925 929 volet
1956 875 2287 943 studiosius,
2319 876 2374 931 in
2399 875 2588 947 synodi
2623 875 2745 946 ejus
2774 873 2913 929 actis
2942 875 3206 943 reperiet.

834 1082 1080 1136 κεψΑΑ.
1113 1081 1252 1150 Atr.

248 1160 358 1224 Οἷα
411 1175 781 1227 πεπονθέναι
832 1174 1155 1240 Νεστόριος
1203 1173 1389 1238 αὐτὸς
1448 1171 1583 1241 περὶ
1608 1171 1825 1226 ἑαυτοῦ

325 1242 536 1312 γράφει
563 1257 576 1272 ⁸
613 1244 714 1297 καὶ
744 1243 825 1306 ὡς
851 1247 938 1308 είς
975 1246 1195 1298 Ὄασιν
1211 1245 1396 1312 μυρία
1420 1243 1575 1297 κακὰ
1597 1243 1824 1312 παθὼν,

325 1310 504 1449 Esaiae
568 1313 841 1381 σκώληξι
871 1313 985 1382 τὴν
1051 1310 1323 1384 γλῶτταν
1382 1313 1658 1383 ,ϐρωθεὶς,
1715 1311 1829 1365 διε-

442 1398 546 1450 pn-

336 1558 424 1624 Ὧς
452 1561 508 1615 δὲ
547 1561 843 1633 Νεστόριος
877 1560 1219 1631 ἐξελήλαται,
1251 1563 1306 1616 τί
1325 1581 1385 1616 τε
1417 1563 1701 1618 είσέπειτα
1728 1562 1827 1615 αὐ-

249 1651 331 1721 τῷ
367 1653 633 1720 ἐγεγόνει,
684 1654 831 1716 ὅπως
867 1671 927 1706 τε
964 1655 1059 1706 τὸν
1105 1653 1233 1723 τῇδε
1293 1653 1407 1723 βίον
1461 1650 1824 1721 κατέστρεψε,

251 1743 351 1797 καὶ
375 1743 444 1796 τὰ
478 1744 675 1808 ἐπάξια
704 1739 815 1798 τῶν
844 1744 1211 1815 βλασφημιῶν
1238 1746 1272 1800 ἀ
1291 1745 1457 1816 κεκλή
1470 1745 1820 1815 ρωταίγέρα,

249 1836 365 1898 τοῖς
400 1835 752 1906 ἱστορήσασιν
782 1838 840 1889 ἔν
869 1836 1072 1908 ἀδήλῳο
1106 1838 1198 1890 καί
1235 1855 1299 1905 γε
1337 1837 1404 1890 ἂν
1430 1838 1458 1888 ὁ
1503 1836 1690 1905 χρόνος
1731 1835 1826 1906 λή-

252 1921 355 1991 θης
385 1922 566 1992 βυθοῖς
592 1925 928 1996 συνεκάλυψε
955 1925 1146 1986 ταῦτα.
1177 1929 1225 1980 εί
1258 1927 1331 1997 μὴ
1383 1926 1552 1996 βίϐλῳ
1607 1927 1822 1980 ἐκείνου

251 2017 571 2083 περιτυχεῖν
602 2017 824 2087 συνέϐη·
855 2016 933 2085 ἐξ⁵
957 2011 1025 2088 ἧς
1053 2017 1153 2088 τὴν
1196 2018 1323 2087 περὶ
1355 2016 1559 2071 τούτων
1583 2017 1826 2086 ἱστορίαν

249 2104 616 2176 ἀνελεξάμην.
644 2109 754 2161 Καὶ
787 2109 971 2162 τοίνυν
1017 2111 1180 2173 αὐτὸς
1238 2112 1265 2163 ὀ
1311 2109 1413 2179 τῆς
1471 2109 1825 2180 βλασφημίας

249 2197 463 2266 πατὴρ,
497 2199 526 2250 ὁ
563 2197 637 2269 μὴ
665 2200 758 2258 ἐπὶ
782 2201 882 2270 τῆς
917 2200 1146 2271 πέτρας,
1181 2201 1296 2256 ἀλλ’
1324 2203 1416 2254 ἐπὶ
1449 2203 1550 2272 τῆς
1587 2203 1823 2271 ψάμμου

248 2289 344 2341 τὸν
369 2291 465 2360 τῆς
488 2290 696 2345 ἐκείνου
732 2295 969 2356 πίστεως
989 2296 1240 2364 θεμέλιον
1265 2295 1480 2360 κτίσας,
1509 2295 1646 2364 πρός
1673 2311 1825 2356 τινας

246 2378 676 2448 διεγκαλοῦντας
721 2385 797 2454 μὴ
835 2385 974 2438 κατά
1025 2386 1085 2437 τὸ
1121 2386 1240 2438 δέον
1297 2402 1350 2438 τι
1400 2385 1822 2456 καινουργῆσαι,

250 2473 380 2543 μηδ’
401 2475 494 2527 ἐπὶ
519 2477 861 2546 συμφέροντι
893 2475 992 2547 τὴν
1019 2477 1078 2529 ὲν
1127 2476 1339 2548 Ἐφέσῳ
1393 2477 1615 2546 αἰτῆσαι
1668 2477 1824 2530 σύνο-

247 2563 362 2627 δον,
388 2566 594 2633 γράφει
623 2563 764 2638 ὑπὲρ
788 2569 890 2633 τῆς
916 2568 1052 2631 ἰδίας
1117 2568 1469 2638 βλασφημίας
1521 2567 1823 2631 ἀπολογού-

250 2670 439 2726 μενος,
473 2660 550 2721 ὼς
575 2658 644 2712 δι’
662 2659 906 2730 ἀνάγκης
939 2661 1019 2724 είς
1049 2660 1195 2714 τοῦθ’
1217 2677 1339 2732 ηκε,
1371 2661 1469 2730 τῆς
1501 2660 1658 2727 ἁγίας
1694 2661 1822 2713 Ἐκ-

246 2749 483 2820 κλησίας
517 2751 596 2813 είς
620 2750 716 2805 δύο
741 2751 1131 2822 διαιρεθείσης·
1184 2755 1279 2805 καὶ
1327 2753 1435 2806 τῶν
1463 2751 1565 2823 μὲν
1615 2751 1825 2822 ἀνθρω-

247 2842 482 2898 ποτόκον
519 2843 632 2896 δεῖν
655 2843 917 2911 λέγεσθαι
943 2843 1044 2914 τὴν
1073 2844 1316 2912 Μαρίαν,
1363 2842 1472 2896 τῶν
1525 2841 1582 2896 δὲ
1635 2841 1826 2896 Θεοτό·

245 2948 367 2989 κον·
392 2934 557 2989 αὑτὸν
589 2936 762 3006 μέσην
788 2937 1077 3007 ἐπινοῆσαι
1105 2935 1252 3002 λέξιν
1283 2937 1379 2998 τὴν
1393 2933 1820 3005 Χριάτοτόκον.

247 3021 622 3090 Διαλαμϐἀνει
651 3023 708 3075 δὲ
746 3025 809 3096 τῇ
870 3023 1165 3094 ἀπολογίᾳ,
1212 3022 1287 3083 ὡς
1321 3023 1390 3076 τὰ
1463 3023 1563 3092 μὲν
1628 3023 1823 3095 πρῶτα

2462 1078 2690 1136 CAPUT
2730 1077 2972 1134 XXXVI.

1933 1171 2130 1238 Qualia
2161 1189 2216 1227 se
2249 1189 2463 1242 passum
2500 1188 2610 1226 esse
2650 1171 2928 1242 Nestor-ius
2958 1172 3069 1242 ipse
3095 1169 3242 1242 dese
3264 1170 3460 1242 scribat
3487 1189 3507 1239 ;

2009 1253 2058 1298 et
2082 1252 2138 1294 ut
2176 1241 2255 1296 ad
2271 1242 2449 1298 Oasim
2468 1241 2945 1296 innumerabilibus
2967 1241 3210 1294 toleratis
3232 1241 3505 1305 (erumnis,

2004 1323 2266 1383 postremo
2298 1328 2512 1366 eorrosa
2544 1321 2595 1366 et
2641 1313 2957 1383 consumpta
3009 1328 3044 1366 α
3090 1310 3349 1364 vermibus
3403 1310 3505 1365 liu-

2002 1399 2131 1453 gua,
2159 1382 2448 1452 interierit,

1998 1556 2294 1629 Postquam
2330 1554 2620 1615 Nestorius
2653 1559 2863 1630 eiectus
2902 1563 3022 1624 est,
3063 1557 3198 1628 quid
3230 1564 3422 1628 postea
3453 1556 3506 1611 ei

1925 1651 2254 1722 contigerit,
2291 1659 2350 1706 ut
2383 1653 2551 1707 vitam
2592 1664 2921 1722 praesentem
2963 1651 3205 1717 ﬁnierit,
3249 1661 3305 1706 et
3344 1651 3507 1721 digna

1929 1741 2404 1811 blasphemiarum
2444 1742 2668 1812 praemia
2701 1742 2913 1806 tulerit,
2951 1737 3201 1796 historici
3240 1757 3348 1795 non
3380 1757 3508 1810 pro-

1925 1833 2211 1889 diderunt.
2248 1834 2316 1889 Et
2356 1835 2606 1905 profecto
2635 1835 2719 1889 vis
2753 1835 3017 1904 temporis
3049 1833 3350 1888 oblivionis
3381 1850 3508 1902 pro-

1926 1921 2095 1977 fundo
2128 1923 2243 1978 haec
2286 1924 2672 1987 immersisset,
2707 1923 2810 1978 nisi
2861 1923 2920 1977 in
2959 1923 3161 1977 librum
3195 1923 3320 1990 ejus
3364 1921 3503 1975 inci-

1925 2013 2161 2078 dissem,
2211 2030 2278 2070 ex
2321 2030 2431 2084 quo
2481 2015 2767 2086 historiam
2819 2014 2936 2084 ejus
2987 2013 3259 2082 decerpsi.
3316 2012 3506 2082 Itaque

1927 2105 2044 2175 ipse
2079 2106 2438 2176 blasphemia
2486 2115 2663 2176 pater,
2709 2107 2802 2176 qui
2846 2121 2956 2160 non
2993 2120 3161 2174 super
3196 2114 3373 2173 pctra',
3405 2104 3503 2156 scd

1925 2197 1982 2252 in
2023 2213 2192 2253 arena
2238 2199 2588 2254 fundamenta
2623 2198 2746 2253 ﬁdei
2785 2214 2897 2252 suae
2926 2197 3186 2268 jeciSsct,
3222 2197 3288 2248 ad
3324 2211 3507 2264 quos-

1925 2289 2047 2342 dam
2082 2292 2174 2359 qui
2207 2291 2255 2344 ei
2287 2291 2614 2360 objecerant
2639 2332 2652 2357 ,
2693 2305 2803 2344 non
2840 2300 2992 2344 recte
3026 2290 3176 2342 illum
3212 2300 3301 2342 res
3335 2302 3504 2341 novas

1925 2380 2176 2435 molitum
2229 2396 2387 2444 esse,
2432 2397 2608 2450 neque
2653 2397 2722 2436 ex
2765 2382 3084 2450 reipublicae
3134 2381 3404 2444 utilitate,
3444 2391 3507 2435 ttt

1924 2471 2126 2542 Ephesi
2183 2473 2426 2543 synodus
2480 2484 2771 2544 ageretur,
2825 2473 3083 2541 petiisse,
3121 2474 3501 2527 defensionem

1925 2565 2276 2633 blasphemia:
2320 2579 2437 2620 suae
2465 2565 2713 2634 scripsit,
2751 2564 2818 2617 ad
2849 2579 2970 2618 eam
3021 2565 3233 2619 scilicet
3263 2566 3505 2617 necessi-

1926 2666 2095 2712 tatem
2148 2673 2208 2714 se
2257 2659 2610 2728 pervenisse,
2667 2658 2912 2712 Ecclesia
2968 2666 3163 2712 sancta
3206 2658 3259 2710 iu
3321 2668 3504 2728 partes

1923 2751 2062 2806 duas
2117 2750 2317 2818 scissa,
2372 2750 2652 2806 dictitans.
2702 2752 2768 2804 Et
2807 2765 2932 2805 cum
2981 2750 3071 2804 alii
3115 2750 3339 2820 quidem
3395 2751 3504 2804 {tia-

1923 2843 2062 2898 riam
2099 2842 2578 2914 ⁹Δνθρωποτόκον,
2619 2841 2674 2897 id
2707 2851 2811 2908 est,
2851 2843 3094 2896 Hominis
3148 2842 3503 2898 Genitricem:

1923 2935 2015 2991 alii
2050 2945 2229 2991 autem
2272 2936 2556 3002 Θεοτόκον,
2605 2934 2711 2989 hoc
2744 2944 2858 2999 est,
2886 2933 2981 2988 Dei
3023 2933 3366 2994 Genitricem,
3413 2933 3531 3004 di"

1925 3029 2154 3084 cendam
2188 3036 2518 3094 assererent,
2570 3042 2629 3082 se
2666 3025 2902 3081 mediam
2934 3026 3276 3096 excogitasse
3311 3039 3503 3079 vocem

248 3112 535 3176 Θεοδόσιος
569 3114 908 3184 προσπαθῶν
963 3115 1133 3185 αὐτῷ,
1199 3115 1299 3184 τὴν
1349 3114 1559 3168 ἐκείνου
1614 3115 1817 3168 ἀποϐο-

1927 3117 2323 3188 Χριστοτόκον,
2353 3117 2406 3171 id
2439 3127 2556 3184 est,
2596 3117 2793 3171 Christi
2824 3118 3161 3174 G‘eut'trt'cem.
3209 3117 3268 3170 In
3313 3131 3376 3171 ea
3412 3116 3507 3169 dc-

245 3205 350 3273 λὴν
397 3206 500 3260 οὐκ
541 3207 856 3277 ἐκύρωσεν,
892 3197 1212 3280 ἐπισκόπων
1264 3207 1320 3260 δέ
1373 3225 1533 3260 τινων
1611 3206 1820 3259 ἐκεῖθεν

246 3295 554 3360 ἐλθόντων,
623 3297 705 3360 είς
770 3297 834 3351 τὸ
890 3299 1093 3351 οἰκεῖον
1167 3296 1486 3350 ἐπανελθεῖν
1551 3298 1822 3369 μοναστὴ-

249 3403 366 3452 ριον
429 3389 716 3459 ἐπετράπη
767 3389 795 3441 δ
854 3390 966 3458 πρὸ
1045 3391 1144 3459 τῆς
1216 3389 1567 3452 Θεουπόλεως
1618 3390 1819 3444 ἔκειτοο

243 3480 386 3550 ὅπερ
405 3480 668 3551 ὀνομαστὶ
691 3481 942 3552 οὐδαμῶς
973 3481 1374 3554 ἐμνημόνευσε’
1407 3481 1475 3536 τὰ
1504 3481 1819 3553 Εὑπρεπίου

242 3571 326 3635 δὲ,
356 3572 430 3635 ὡς
459 3572 655 3640 ἔγνων,
686 3572 1024 3644 ὠνόμασται·
1062 3575 1186 3627 δυσὶ
1239 3575 1481 3638 σταδίοις
1517 3574 1696 3646 διέχον
1722 3576 1822 3644 τῆς

245 3663 479 3726 πόλεως’
505 3665 642 3718 ὅπου
662 3665 728 3736 δὴ
759 3669 854 3718 καὶ
884 3667 1154 3737 τετραετῆ
1189 3667 1349 3730 αὐτός
1396 3683 1529 3735 φησι
1573 3664 1820 3720 διανῦσαι

242 3757 342 3810 τὸν
371 3756 567 3828 χρόνον
591 3757 773 3828 πάσης
805 3758 1100 3813 ἀπολαύων
1126 3758 1297 3830 τιμῆς
1314 3798 1328 3812 .
1354 3758 1591 3812 Ἔπειτα
1619 3758 1825 3826 διηγεῖ-

243 3865 362 3915 ται,
399 3848 476 3911 ὡς
505 3848 791 3903 Θεοδοσίου
835 3849 1175 3920 θεσπίσματι
1253 3849 1435 3919 φυγὰς
1481 3851 1562 3912 είς
1627 3850 1823 3902 Ὄασιν

243 3943 478 4009 γίνεται.
507 3943 582 3996 Τὸ
609 3943 666 3996 δὲ
699 3942 914 4016 καίριον
940 3941 1317 4012 ἀπεκρύψατο*
1343 3943 1537 4011 ὅτιπερ
1580 3941 1693 3995 οὐδ’
1728 3941 1824 3994 οῦδ

244 4051 357 4096 τως
388 4033 527 4102 ἔχων
557 4038 658 4104 τῆς
686 4035 1006 4105 βλσφημίας
1035 4035 1256 4104 ἠρέμει.
1288 4034 1398 4088 Καί
1421 4049 1546 4088 τινα
1575 4033 1824 4100 δ’ἓτερον

244 4123 406 4191 λόγον
433 4123 894 4194 διαλογικώτερον
927 4123 1065 4194 πρός
1093 4140 1219 4177 τινα
1243 4122 1541 4190 Αίγύπτιον
1592 4122 1820 4192 γράφει,

245 4218 304 4269 ὲν
395 4217 466 4269 τὰ
522 4233 587 4269 πε
599 4219 653 4286 pi
677 4217 776 4279 τῆς
803 4216 882 4286 είς
906 4216 1105 4268 Ὄασιν
1162 4213 1463 4282 φυγαδείας
1488 4213 1823 4281 πλατύτερον

242 4308 600 4378 διεξέρχεται.
635 4309 745 4362 Ναὶ
773 4296 882 4377 μὴν
912 4306 1006 4360 καὶ
1036 4307 1094 4373 ἐξ
1117 4305 1292 4360 ἄλλων
1312 4305 1659 4376 γραμμάτων
1682 4307 1822 4358 ἑλεῖν

243 4404 393 4456 ἔστιν
425 4396 497 4454 ὢν
520 4401 610 4454 διὰ
637 4401 734 4464 τὰς
788 4400 1142 4469 βλασφημίας
1194 4399 1502 4468 ἀπήλαυσε,
1563 4397 1656 4451 τὸν
1686 4399 1824 4451 πάν-

1922 3209 2167 3265 fensione
2210 3208 2413 3275 refert,
2453 3209 2854 3276 Theodosium,
2887 3218 3114 3280 prepter
3141 3208 3506 3262 commisera-

1925 3303 2156 3367 tionem,
2204 3301 2440 3370 primum
2475 3302 2834 3373 rejectionem
2881 3301 3002 3371 ejus
3042 3301 3372 3355 auctoritate
3402 3315 3503 3355 sua

1921 3411 2030 3449 non
2060 3393 2454 3461 confirmasse;
2498 3394 2596 3450 ubi
2634 3410 2767 3450 vero
2801 3394 3050 3465 episcOpi
3088 3391 3313 3463 quidam
3349 3391 3503 3446 Con-

1923 3484 2280 3554 stantinopoli
2329 3486 2651 3549 venissent,
2698 3496 2758 3540 ut
2789 3486 2843 3539 itt
2895 3483 3296 3539 monasterium
3333 3498 3497 3536 suum

1922 3585 2312 3644 reverteretur,
2339 3577 2672 3647 permissum
2698 3578 2746 3630 ei
2781 3592 2926 3638 esse,
2957 3577 3104 3646 quod
3133 3584 3288 3630 extra
3317 3574 3504 3629 Theo-

1921 3668 2090 3738 polim
2123 3669 2289 3724 situm
2321 3678 2426 3723 est.
2459 3669 2673 3722 Nomen
2707 3667 2930 3737 quidem
2958 3667 3105 3720 illius
3128 3681 3236 3719 non
3273 3679 3504 3733 expres-

1924 3762 2038 3814 sit:
2081 3760 2150 3815 ab
2195 3759 2480 3829 Euprepio
2518 3769 2700 3814 tamen
2749 3759 3177 3828 appellationem
3223 3755 3503 3825 accepisse

1923 3853 2050 3921 legi.
2085 3851 2292 3906 Stadiis
2328 3851 2384 3906 id
2416 3853 2632 3906 duobus
2681 3852 2750 3905 ab
2783 3852 2920 3905 urbe
2955 3866 3017 3905 ea
3050 3851 3238 3912 distat,
3277 3848 3369 3900 ubi
3403 3863 3506 3900 au-

1921 3959 2026 4000 nos
2046 3957 2283 4013 quatuor
2309 3960 2368 4000 se
2395 3945 2448 3998 in
2478 3944 2688 3997 honore
2714 3943 2862 3997 omni
2889 3943 3141 4010 exegisse
3166 3943 3260 3994 ait.
3295 3939 3502 3992 Deinde

1924 4044 2342 4097 commemorat,
2387 4045 2448 4089 ut
2481 4033 2785 4088 Theodosii
2825 4032 3111 4087 sanctione
3141 4030 3283 4098 apud
3316 4030 3500 4083 Oasitu

1924 4128 2176 4182 exsulare
2207 4128 2394 4196 jussus
2427 4126 2521 4187 sit,
2556 4125 2651 4180 sed
2689 4137 2912 4177 causam
2949 4121 3126 4184 exsilii
3181 4120 3500 4189 primariam

1924 4221 2111 4276 celat:
2165 4219 2312 4288 quod
2360 4218 2617 4273 videlicet
2670 4215 2764 4269 tali
2813 4215 2980 4269 etiam
3035 4228 3216 4267 rerum
3271 4225 3497 4266 suarum

1925 4323 2072 4369 statu
2110 4329 2140 4366 a
2184 4311 2526 4381 blasphemia
2565 4324 2672 4363 non
2707 4308 3009 4363 destiterit.
3049 4305 3230 4359 Alium
3277 4318 3501 4372 quoque

1926 4405 2136 4460 librum
2171 4403 2240 4458 ad
2271 4401 2584 4472 Aigyptium
2622 4398 2917 4470 quemdam
2959 4396 3221 4451 disertius
3255 4396 3497 4462 scripsit,

241 4507 352 4548 των
388 4492 586 4562 ἔφορον
616 4491 898 4560 ὀφθαλμὸν
937 4493 1013 4561 μὴ
1049 4491 1251 4545 λαθώνο
1285 4488 1324 4545 ἃ
1352 4491 1488 4561 πρὸς
1543 4489 1635 4542 τὸν
1666 4506 1819 4560 την.-

1927 4478 1980 4550 in
2019 4510 2130 4567 quo
2173 4495 2242 4550 de
2286 4495 2480 4550 exsilio
2524 4493 2590 4547 ad
2625 4492 2811 4546 Oasim
2847 4489 3027 4544 fusius
3073 4489 3206 4557 agit.
3260 4489 3333 4541 Ex
3375 4487 3501 4540 aliis

245 4586 426 4641 καῦτα
483 4585 592 4638 τῶν
628 4584 884 4655 Θηϐαίων
933 4582 1242 4656 ἡγούμενον
1275 4582 1487 4654 ἐδήλουο
1520 4582 1596 4644 ὡς
1623 4582 1814 4651 ἐπειδὴ

245 4677 326 4750 μὴ
378 4679 476 4746 τῆς
535 4676 844 4747 ἀνηκούσης
897 4675 1296 4743 ἔπεξελεύσεως
1353 4674 1486 4744 παρ’
1511 4673 1817 4745 ἀνθρώπων

242 4768 426 4838 ἔτυχε,
454 4767 578 4837 δίκη
608 4765 742 4819 Θεοῦ
797 4764 992 4818 τοῦτον
1036 4763 1204 4830 ἀξίως
1269 4762 1520 4832 pte-.sz
1554 4766 1816 4833 συμφορᾷ

241 4862 341 4914 καὶ
368 4859 715 4930 αἰχμαλωσίᾳ
773 4858 1118 4929 ἑλεεινοτάτῃ
1166 4854 1563 4926 περιϐαλοῦσιν
1625 4855 1702 4918 ὡς
1753 4853 1816 4908 δὶ

243 4953 340 5006 καὶ
407 4953 666 5021 μειζόνων
732 4953 900 5021 ἐχρῆν
935 4953 1142 5005 ἐκεῖνον
1205 4948 1526 5004 ἀπολαῦσαι
1591 4949 1814 5011 ποινῶν.

170 5040 184 5054 ’
241 5045 342 5115 τῆς
375 5043 474 5112 μὲν
497 5044 560 5096 ὲκ
582 5043 690 5095 τῶν
713 5041 1018 5111 Βλεμμύων
1057 5041 1252 5113 πείρας
1297 5041 1512 5111 ἀφίετοο
1586 5041 1818 5103 ἐκείνοις

241 5137 352 5204 γὰρ
385 5135 544 5203 ἔτυχε
579 5134 870 5204 γενόμενος
894 5133 1255 5201 δορυάλωτος·
1281 5134 1569 5186 Θεοδοσίου
1589 5133 1635 5186 δ’
1653 5135 1818 5201 ἐγνω-

241 5227 404 5288 κότος
460 5213 629 5279 αὐτοῧ
684 5226 784 5293 τὴν
838 5223 1120 5290 ἐπάνοδον,
1175 5223 1551 5295 Θεσπίσμασιν
1597 5225 1814 5277 ἐκείνου

239 5321 365 5378 ταῖς
418 5316 672 5385 Θηϐαίων
702 5316 984 5386 ἐσχατιαῖς
1005 5316 1112 5386 γῆν
1144 5319 1210 5370 ἐκ
1264 5317 1370 5387 γῆς
1403 5315 1652 5386 ἀμείϐων
1704 5315 1814 5387 ᾔειθ

240 5412 301 5464 ιν
325 5403 410 5474 οἷς
437 5411 505 5480 τῇ
530 5411 602 5480 γῇ
633 5408 1146 5480 προσρηγνύμενος,
1172 5409 1268 5462 καὶ
1296 5410 1813 5479 καταπατούμενυς,

240 5499 414 5564 ἀξίως
435 5501 534 5571 τῆς
561 5498 914 5570 βλασφημίας
948 5500 1040 5552 τὸν
1090 5499 1214 5570 τῇδε
1251 5500 1364 5569 βίον
1421 5499 1814 5570 κατέστρεψεν·

240 5592 407 5654 ἄλλος
434 5609 519 5656 τις
545 5593 766 5663 Ἄρειος
794 5595 860 5662 τῇ
892 5591 988 5645 τοῦ
1040 5591 1156 5662 βίου
1216 5594 1574 5663 καταστροφῇ
1678 5611 1816 5663 χρη-

245 5686 505 5756 ματίσας,
530 5679 617 5740 οἷα
645 5684 941 5758 τάπίχειρα
965 5687 1063 5753 τῆς
1128 5688 1206 5750 είς
1271 5686 1406 5740 Θεὸν
1458 5686 1813 5758 βλασφημίας

243 5778 694 5850 ἐκδιηγούμενος.
759 5779 866 5835 Καὶ
897 5779 1004 5850 γάρ
1037 5783 1126 5836 καὶ
1163 5781 1548 5852 ἀμφωὲπίσ-ης
1571 5779 1809 5850 Χριστὸν

1917 4601 2139 4658 quoque
2201 4584 2402 4640 litteris
2451 4584 2712 4654 colligere
2759 4590 2864 4646 est,
2914 4595 3036 4650 quae
3083 4578 3223 4633 mala
3275 4587 3503 4646 propter

1919 4679 2290 4748 blasphemiae
2322 4677 2547 4742 tulerit,
2577 4691 2703 4730 cum
2737 4673 3112 4744 inspectorem
3157 4684 3340 4725 rerum
3377 4684 3500 4721 om-

1917 4773 2070 4828 nium
2117 4771 2339 4826 oculum
2388 4767 2583 4823 fallere
2627 4782 2741 4822 non
2783 4765 3068 4835 potuerit,
3113 4778 3251 4832 quas
3283 4761 3502 4816 litteras

1917 4865 1984 4918 ad
2056 4863 2372 4919 Thebarum
2433 4871 2546 4917 tum
2613 4863 2937 4930 praefectum
2996 4857 3180 4920 dedit,
3247 4854 3499 4908 indicans

1917 4955 2362 5026 quandoquidem
2413 4954 2738 5009 hominibus
2787 4953 3088 5021 condignas
3141 4960 3334 5016 pcenas
3386 4959 3495 4998 non

1919 5049 2153 5111 dederit,
2183 5048 2448 5102 divinitus
2480 5061 2540 5100 se
2561 5046 2708 5116 justa
2733 5043 2982 5098 vindicta
3007 5039 3318 5110 expetitum
3345 5051 3495 5101 esse,

1919 5153 2083 5212 atque
2130 5141 2186 5195 in
2233 5153 2538 5196 aerumnam
2566 5145 2646 5213 ,ει
2699 5136 3079 5206 captivitatem
3121 5129 3496 5186 miserandam

1918 5234 2153 5299 maxime
2202 5231 2480 5286 incidisse.
2516 5230 2682 5300 518
2727 5228 2862 5284 Cum
2909 5241 3042 5281 vero
3086 5237 3214 5279 eum
3258 5223 3496 5292 majores

1918 5327 2260 5382 calamitates
2280 5323 2525 5393 experiri
2548 5331 2852 5391 oporteret,
2881 5336 2946 5374 ex
2971 5326 3242 5388 potestate
3270 5315 3492 5385 quidem

1919 5419 2318 5487 Blemmyarum
2343 5415 2433 5469 ille
2456 5413 2829 5468 dimissus'est
2889 5414 3104 5480 (eorum
3130 5409 3276 5463 enim
3314 5405 3495 5473 capti-

1917 5523 2019 5561 vus
2069 5505 2292 5574 fuerat),
2333 5496 2635 5559 Theodosii
2683 5511 2903 5563 autem,
2934 5499 3030 5570 qui
3083 5497 3314 5554 rediisse
3362 5507 3495 5548 eum

1920 5595 2283 5660 intellexerat,
2309 5593 2671 5665 jussionibus,
2707 5591 2762 5646 in
2794 5591 3061 5646 extremis
3086 5588 3489 5644 Thebanorum

1917 5688 2050 5755 oris,
2075 5688 2262 5746 locum.
2283 5703 2347 5742 ex
2376 5687 2496 5742 loco
2528 5693 2768 5750 mutans,
2797 5691 3042 5740 versatus
3069 5690 3174 5739 est.
3205 5680 3304 5735 Ubi
3339 5687 3492 5733 terra

1921 5789 2082 5848 rupta
2124 5787 2413 5849 coopertus
2442 5788 2604 5848 atque
2640 5790 2962 5847 oppressus,
3004 5775 3173 5831 vitam
3210 5772 3350 5827 hanc
3381 5784 3490 5840 pro

3543 5669 3564 5700 ἱ
