4036 6552
475 356 614 434 1‘79

1700 372 2119 455 Memmium
2154 380 2499 459 CALLISTI

3590 402 3735 467 1130

469 506 536 540 eo
583 500 747 558 atque
796 490 1150 559 blasphemia:
1199 495 1319 567 ejus
1355 499 1753 569 conveniebat.
1806 504 2035 558 amisit:

2157 507 2672 582 ίόλασςρημησᾶιτην.
2714 512 2963 581 Ἀρειος’
2994 514 3092 583 μὲν
3142 514 3249 584 γὰρ
3289 517 3513 582 κτίσμα,
3575 514 3748 582 οὗτος

470 578 633 632 Arius
662 579 800 633 alter
834 581 1029 634 ultimo
1059 584 1186 637 vita:
1218 600 1331 640 sua:
1357 597 1479 640 actu
1522 588 1765 649 habitus.
1801 590 1894 659 qui
1929 592 2049 660 qui—

470 671 592 723 dem
626 674 761 727 satis
792 689 915 742 qua:
939 677 1162 744 praemia
1195 678 1247 731 in
1279 679 1445 733 Deum
1478 682 1652 750 jactas
1678 683 2049 752 blasphemias

472 774 768 830 maneant,
823 767 1148 823 declaravit.
1210 770 1454 841 Uterque
1490 788 1624 830 sane
1656 790 1719 829 ex
1772 790 1931 845 aequo
1994 777 2050 831 in

469 857 752 911 Christum
803 859 1167 931 blasphemus
1215 860 1358 918 fuit:
1408 878 1574 934 quem
1620 868 1786 922 Arius
1827 869 2048 939 quidem

471 963 808 1019 creaturam,
842 954 1157 1011 iste'autetu
1187 972 1399 1011 merum
1434 959 1712 1013 hominem
1741 976 1863 1015 esse
1892 961 2051 1015 dixit.

473 1045 555 1098 Ad
589 1062 753 1115 quem
779 1056 913 1122 acta
959 1048 1208 1117 Ephesia
1242 1052 1474 1121 synodi},
1509 1054 1666 1122 quasi
1699 1052 1888 1125 Cyrilli
1928 1070 2051 1110 ver-

472 1140 617 1192 Sutia
664 1148 720 1194 et
760 1140 1000 1195 nefanda
1048 1153 1232 1197 rerum
1280 1146 1575 1201 novatione
1621 1145 1875 1203 instituta
1919 1147 2050 1213 sint,

470 1230 1003 1298 reprehendentem,
1075 1233 1420 1304 perlibenter
1467 1238 1744 1294 dixerim:
1778 1238 1890 1294 Cur
1932 1248 2051 1293 tan-

473 1320 598 1373 dem
624 1334 654 1374 a
691 1320 1028 1389 Theodosio,
1060 1326 1155 1395 qui
1182 1327 1357 1383 vicem
1388 1336 1539 1384 tuam
1568 1330 1727 1386 valde
1758 1332 2053 1387 miseratus

469 1418 579 1477 est,
620 1423 808 1482 postea
845 1417 998 1470 nullo
1032 1418 1227 1473 relicto
1272 1422 1445 1477 venite
1480 1423 1623 1487 loco,
1656 1424 1921 1494 expulsus
1953 1440 2012 1480 es
2035 1465 2051 1490 ,

477 1510 533 1554 et
583 1511 661 1557 tot
693 1506 1036 1563 ostracismis
1069 1517 1231 1577 atque
1261 1512 1468 1569 exsiliis
1500 1514 1785 1578 multatus,
1824 1515 2054 1585 turpiter

472 1594 640 1649 vitam
679 1596 908 1653 finivisti
937 1638 952 1665 ,
999 1601 1045 1655 si
1083 1617 1192 1656 non
1229 1603 1297 1659 de
1343 1606 1617 1661 sententia
1646 1616 1702 1662 et
1731 1605 1941 1678 judicio
1970 1607 2054 1662 die

472 1690 601 1742 vino
641 1688 918 1759 Cyrillus,
969 1704 1025 1749 et
1061 1696 1154 1764 qui
1187 1712 1312 1751 cum
1355 1712 1424 1753 eo
1461 1699 1612 1754 fuere
1647 1699 1922 1770 episcopi,
1956 1701 2055 1757 de-

471 1785 680 1834 cretum
714 1797 873 1837 suum
904 1783 1130 1839 fecere?
1162 1785 1231 1841 Et
1263 1788 1427 1843 ambo
1458 1806 1555 1845 vos
1588 1792 1810 1863 quidem
1839 1793 1950 1863 jam
1986 1808 2053 1849 ex

2158 597 2214 649 δὲ
2247 597 2403 667 ψιλὸν
2434 600 2726 671 ἄνθρωπον
2754 602 3043 656 ἀπεκάλει.
3084 605 3226 672 Πρὸς
3251 604 3309 656 δν
3342 607 3408 658 τὰ
3446 607 3501 658 ὲν
3523 606 3749 674 Ἐφέσῳ

2161 692 2511 759 μεμφόμενον
2538 692 2612 755 ὡς
2654 694 2713 745 οὗ
2751 692 2930 755 καλῶς
2998 696 3366 766 γεγενημένα,
3429 697 3749 764 πανουργὲα

2157 780 2213 832 δὲ
2254 782 2528 852 Κυρίλλου
2590 785 2823 854 ἀθεσμα⁹
2849 786 2971 846 ταῖς
3004 786 3386 855 καινοτομίαις
3442 788 3745 856 τεχνάζον-

2157 887 2268 933 τος,
2296 870 2482 941 ἕροιμι
2533 873 2599 927 ἂν
2635 874 2829 943 ἡδέως’
2880 876 2946 929 Τί
2977 875 3040 947 δή
3091 893 3221 929 ποτε
3271 876 3475 946 καίπερ
3531 879 3747 948 σφόδρα

2161 961 2467 1031 συμπαθῶς
2524 980 2609 1017 σοι
2678 963 3023 1036 διακειμένου
3096 967 3380 1021 Θεοδοσίου
3450 968 3743 1037 ἐξήλασαι.

2163 1054 2442 1123 μηδεμιᾶς
2467 1054 2773 1127 ἠξιωμένος
2799 1058 3040 1126 φειδοῦς,
3071 1060 3191 1114 ’καὶ
3213 1133 3215 1135 ι
3235 1060 3420 1122 τὰσοις
3478 1060 3745 1131 ἑξοστρα-

2160 1148 2383 1214 κισμοῐς
2416 1149 2775 1220 παρεϐὶήθης
2807 1152 3046 1221 αἰσχρῶς
3077 1153 3394 1215 καταλύσας
3449 1155 3544 1206 τὸν
3578 1155 3699 1222 βίοι
3723 1192 3740 1217 ,

2158 1239 2208 1290 εί
2245 1238 2320 1308 μὴ
2343 1238 2464 1309 Θεία
2486 1241 2665 1311 κρίσει
2696 1242 2964 1312 Κύριλλος
3007 1244 3107 1299 καὶ
3158 1248 3207 1298 οἱ
3266 1246 3408 1314 ἀμφ’
3444 1246 3612 1300 αὑτὸν
3666 1250 3749 1298 Ee-

2160 1330 2274 1400 ρεῖς
2300 1330 2579 1398 ἐπραξανς
2609 1333 2706 1386 καὶ⁹
2740 1334 2851 1404 γὰρ
2872 1335 2965 1388 καὶ
3018 1334 3188 1405 ἄμφω
3259 1337 3375 1399 τοῖς
3430 1336 3743 1390 ἀπελθοῦσι

2160 1423 2636 1497 συνηριθμήθητε,
2662 1426 2751 1479 ὅτε
2784 1426 2859 1491 ὥς
2919 1445 3027 1481 τινι
3062 1428 3172 1481 τῶν
3202 1429 3308 1495 ἔξω
3350 1430 3533 1497 σοφῶν
3588 1429 3750 1499 εἴρη-

2159 1531 2271 1579 ται,
2305 1515 2363 1568 τὸ
2405 1516 2480 1586 μὴ
2510 1517 2761 1587 ἐμποδὼν
2789 1519 3176 1590 ἀνταγωνίστῳ
3207 1519 3403 1591 εὐνοίᾳ
3424 1521 3749 1589 τετίμηται.

2160 1607 2233 1660 Σὺ
2287 1607 2409 1674 μὲν,
2478 1608 2554 1671 ὡς
2607 1607 2930 1680 βλάσφημος
2977 1612 3072 1665 καὶ
3126 1610 3421 1681 θεομάχος,
3488 1611 3749 1680 ἐσχάτως

2160 1700 2331 1753 ἅπασι
2356 1702 2778 1771 κατακέκρισαι·
2819 1704 3027 1765 ἐκεῖνος
3048 1702 3105 1755 δὲ
3135 1694 3223 1757 οἷά
3244 1720 3327 1766 τις
3370 1704 3468 1769 τῆς
3509 1703 3749 1773 Ἐκκλη-

2161 1790 2284 1853 σίας
2334 1794 2570 1863 σάλπιγξ
2605 1795 2945 1867 περιηχοῦσα
2977 1794 3049 1848 τὰ
3076 1796 3308 1866 πέρατα,
3344 1796 3438 1849 καὶ⁸
3460 1794 3561 1864 τῆς
3612 1796 3746 1849 Ἑκ-

472 1870 580 1923 vita
623 1871 725 1927 hac
757 1876 1080 1931 excessistis
1113 1895 1125 1930 :
1160 1894 1269 1948 quo
1314 1889 1592 1951 tempore,
1620 1883 1784 1937 sicuti
1831 1885 2051 1954 quidam

2157 1884 2384 1952 κλησίας
2420 1887 2709 1956 πρόμαχος
2734 1887 3147 1957 ἀρῤαγέστατος
3183 1888 3298 1950 τοῖς
3326 1886 3587 1940 ἁπάντων
3624 1886 3748 1956 χεί-

472 1978 540 2015 ex
573 1964 820 2033 profanis
849 1968 1193 2037 sapientibus
1223 1972 1385 2039 dixit,
1426 1976 1564 2030 nihil
1601 1977 1781 2032 obstat
1806 1993 1917 2048 quo
1949 1980 2050 2031 tui-

472 2070 577 2109 nus
619 2057 793 2112 libera
827 2060 1063 2131 quisque
1096 2063 1384 2119 hominum
1429 2067 1814 2124 benevolentia
1837 2109 1852 2134 ,
1898 2071 2052 2126 nullo

472 2147 851 2206 intercedente
878 2152 1216 2219 adversario,
1243 2159 1459 2213 colatur
1490 2160 1588 2233 (l).
1627 2162 1705 2217 Ac
1740 2170 1798 2218 tu
1828 2163 2050 2232 quidem

473 2252 533 2294 ut
565 2243 936 2313 blasphemus,
984 2256 1041 2303 et
1077 2249 1254 2305 hostis
1300 2251 1396 2306 Dei
1431 2264 1732 2320 extremus,
1765 2255 1833 2310 ab
1875 2256 2053 2310 enmi-

478 2335 584 2390 bus
612 2337 909 2395 datnnatus
933 2356 994 2395 es
1021 2359 1035 2396 :
1063 2343 1154 2399 ille
1181 2355 1364 2398 autem
1392 2346 1563 2400 veluti
1592 2346 1841 2416 quaedam
1867 2348 2053 2403 Eccle-

474 2427 571 2481 siae
607 2429 778 2493 tuba,
826 2430 965 2486 fines
1001 2440 1164 2489 terras
1208 2451 1535 2506 personans,
1581 2447 1638 2494 et
1681 2449 2052 2510 propugnator

472 2516 735 2591 Ecclesia:
783 2520 1155 2589 fortissimus,
1205 2528 1273 2581 ab
1313 2528 1574 2583 omnibus
1620 2530 1949 2597 celebratur,
1998 2512 2055 2585 et

473 2614 732 2669 omnibus
773 2615 825 2669 in
855 2630 952 2672 ore
981 2627 1086 2673 est.
1121 2618 1382 2675 Sedenim
1416 2636 1493 2676 ne
1508 2622 1719 2677 crimen
1755 2622 1875 2678 falsi
1907 2624 2053 2693 apud

470 2707 757 2776 quospiam
784 2712 1178 2775 sustineamus.
1211 2729 1311 2785 age
1335 2715 1487 2770 illum
1519 2716 1697 2785 ipsum
1723 2716 1777 2770 in
1814 2717 2051 2771 medium

364 2834 367 2839 ι
469 2800 871 2868 producentes,
906 2806 1095 2860 verbis
1132 2807 1254 2878 ejus
1299 2823 1389 2864 res
1432 2809 1555 2880 ejus
1585 2825 1966 2879 exponamus;
2000 2819 2056 2867 et

474 2902 531 2947 tu
572 2894 861 2964 epistolam
910 2898 998 2953 fac
1029 2900 1256 2965 audias,
1289 2901 1494 2970 quibus
1529 2902 1676 2957 illam
1708 2903 1946 2970 litteris,
1986 2904 2055 2960 ad

472 3001 599 3040 cum
630 3003 795 3056 quem
829 2989 1071 3045 diximus
1096 2990 1490 3049 Thebanorum
1519 2994 1806 3065 praesidem
1833 3011 2059 3067 compoo

469 3077 653 3140 auisti,
681 3093 747 3131 ex
775 3077 1028 3149 Ephesiis
1058 3082 1126 3137 de
1158 3083 1426 3152 religione
1443 3086 1789 3141 sanctissima
1819 3088 2059 3143 recenti-

470 3168 576 3272 bus
618 3172 758 3276 actis
803 3174 1096 3241 prolatam.
1149 3192 1169 3226 ‹
1195 3174 1402 3242 Oasim,
1433 3192 1555 3247 quae
1582 3187 1637 3232 et
1670 3178 1781 3233 lbis
1813 3178 2043 3241 dicitur,
2079 3212 2124 3276 Ο

470 3261 744 3331 imperiali
780 3266 1066 3322 sanctione
1102 3266 1417 3325 incolimus.
1462 3287 1483 3321 ι
1533 3268 1601 3324 Ει
1650 3279 1773 3341 post
1804 3272 2051 3342 qutedatn

472 3358 631 3409 verba
682 3356 891 3413 infert:
930 3378 949 3411 ι
986 3359 1444 3430 Quandoquidem
1488 3361 1665 3427 locus,
1709 3378 1874 3433 quem
1914 3362 2054 3420 dixi-

469 3464 628 3513 mus,
681 3449 1051 3506 Barbarorum
1090 3450 1450 3517 incursione,
1488 3454 1839 3523 captivorum
1873 3454 2053 3509 abdu-
2088 3512 2095 3519 ,

468 3544 677 3607 ctione,
712 3555 877 3614 atque
903 3544 1031 3613 igne
1065 3555 1120 3600 et
1150 3544 1400 3600 caedibus
1422 3561 1488 3599 ex
1517 3546 1652 3615 ipsis
1680 3545 2055 3601 fundamentis

469 3634 694 3691 dirutus
724 3646 891 3706 atque
929 3647 1181 3692 vastatus
1210 3647 1296 3692 est
1319 3677 1333 3703 ,
1372 3647 1430 3693 et
1472 3654 1574 3693 nos
1602 3653 1631 3693 a
1665 3640 1922 3695 barbaris
1953 3639 2053 3695 de-

469 3738 697 3800 repente
721 3729 911 3785 nescio
939 3742 1051 3799 quo
1084 3730 1248 3785 modo
1272 3731 1710 3786 misericordiam
1739 3733 2051 3800 consecuti,

470 3824 548 3877 ita
596 3823 759 3877 liberi
794 3822 1010 3878 dimissi
1053 3839 1282 3891 sumus,
1329 3833 1390 3881 ut
1425 3824 1501 3881 illi
1530 3825 1886 3882 attestatioue
1921 3842 2054 3881 con~

382 3954 391 3963 .
468 3911 678 3987 junctis
722 3915 891 3971 minis
932 3930 1036 3972 nos
1083 3925 1392 3981 terrerent,
1428 3927 1483 3972 et
1526 3919 1936 3988 quamprimum
1970 3934 2057 3973 re—

472 4007 636 4077 gione
685 4020 750 4063 ea
792 4008 1086 4074 excedere,
1123 4016 1313 4079 utpote
1344 4023 1511 4079 quam
1557 4009 1720 4080 519
1754 4009 1940 4067 Mazici
1975 4008 2051 4081 (Ξ)

471 4110 596 4170 post
624 4116 738 4167 eos,
765 4101 910 4156 nulla
930 4102 1254 4171 interposita
1283 4115 1457 4164 mora,
1484 4102 1803 4168 occupaturi
1839 4108 2048 4167 essent,

469 4190 749 4266 luberent,
775 4194 829 4249 in
845 4193 1110 4248 ditionem
1133 4193 1543 4249 Thebanorum.
1563 4209 1689 4248 cum
1708 4194 2050 4265 captivorum

477 4290 758 4359 reliquiis,
794 4302 934 4360 quos
967 4287 1035 4344 ad
1077 4303 1179 4344 nos
1232 4288 1462 4344 Barbari
1507 4288 1887 4345 misericordia
1919 4287 2051 4343 moti

477 4383 636 4452 (quid
678 4384 783 4439 sibi
822 4384 1137 4452 voluerint,
1170 4384 1359 4441 dicere
1401 4387 1639 4456 nequeo)
1673 4385 2048 4449 adduxerunt,

475 4478 752 4532 venimus.
800 4479 980 4549 Atque
1025 4479 1106 4534 illi
1149 4479 1368 4550 quidem
1414 4479 1481 4535 ad
1525 4489 1711 4551 optata
1748 4488 1806 4535 et
1851 4478 2052 4549 placita

2151 1974 2268 2028 λεσι
2297 1977 2521 2046 φέρεται
2554 1976 2669 2052 ἅμα
2708 1979 2803 2030 καὶ
2842 1978 3184 2048 περιᾴδεται.
3256 1978 3377 2033 Ἵνα
3418 1978 3603 2032 τοίνυν
3644 1978 3747 2032 καὶ

2156 2066 2232 2136 μή
2259 2084 2371 2121 τισι
2401 2067 2631 2137 ψεύδους
2671 2071 2894 2140 γραφὴν
2954 2070 3333 2140 ὲνεγκώμεθα,
3396 2071 3533 2140 φέρε
3574 2070 3746 2123 αὐτὸν

2153 2161 2360 2215 ἐκεῖνον
2382 2162 2465 2224 είς
2498 2162 2668 2232 μέσον
2701 2162 3029 2230 ἀγαγόντες,
3063 2163 3133 2216 τὰ
3156 2164 3287 2232 περὶ
3321 2163 3487 2216 αὐτοῦ
3519 2161 3737 2226 διεξέλ-

2154 2251 2357 2320 θωμεν.
2413 2252 2521 2307 Καί
2556 2268 2646 2321 μοι
2692 2256 2790 2324 τῆς
2828 2254 2928 2323 σῆς
2984 2254 3273 2323 ἐπιστολῆς
3315 2251 3481 2308 ἄκουε
3538 2255 3728 2315 αὐτοῖς

2152 2344 2475 2413 γράμμασιν
2509 2337 2597 2397 οἷά
2634 2361 2718 2396 σοι
2747 2345 3092 2398 συντέθειται
3121 2345 3258 2415 πρὸς
3304 2344 3393 2397 τὸν
3445 2344 3744 2413 εἰρημένον

2152 2437 2262 2488 τῶν
2288 2434 2543 2504 Θηϐαίων
2579 2435 2908 2504 ἡγούμενον,
2948 2434 3014 2488 ὲκ
3060 2435 3171 2489 τῶν
3211 2434 3403 2505 πρώην
3454 2437 3583 2503 περὶ
3640 2436 3742 2501 τῆς

2153 2527 2465 2599 ἁγιωτάτης
2546 2528 2847 2598 θρησκείας
2909 2531 2967 2581 ὲν
3042 2528 3255 2597 Ἐφέσῳ
3318 2528 3740 2596 γεγενημένων.

2165 2620 2394 2672 ιὈασιν
2420 2619 2519 2689 τὴν
2579 2621 2670 2673 καὶ
2715 2619 2853 2673 Ἶσιν
2906 2622 2968 2673 ἐκ
3020 2619 3394 2690 θεσπίσματος
3452 2618 3739 2689 βασιλικοῦ

2156 2710 2573 2780 κατοικοῦμεν.»
2609 2712 2715 2764 Καί
2753 2729 2916 2766 τινων
2944 2713 3002 2766 ὲν
3033 2713 3182 2783 μέσῳ
3208 2700 3541 2780 ⁴νλεγομὲνων
3600 2710 3742 2765 ἐπάν

2156 2821 2266 2874 γει·
2306 2826 2324 2857 ι
2366 2806 2587 2878 Ἐπειδὴ
2614 2806 2671 2860 δὲ
2724 2808 2789 2860 ὲκ
2837 2806 3054 2877 βάθρων
3108 2807 3211 2876 μὲν
3259 2807 3292 2874 ἠ
3348 2803 3742 2874 προειρημένη

2157 2898 2256 2952 καὶ
2341 2898 2691 2970 βαρϐαρικῆς
2742 2899 3122 2969 αἰχμαλωσίας
3245 2899 3341 2953 καὶ
3443 2898 3583 2968 πυρὶ
3645 2897 3746 2949 καὶ

2132 2980 2395 3059 ’σφαγαῖς
2432 2991 2853 3061 ἐκλελίκμηταιο
2888 2992 3050 3061 ἡμεῖς
3080 2990 3138 3043 δὲ
3181 2988 3490 3061 παρὰετῶν
3521 2986 3738 3058 βαρϐά-

2160 3096 2267 3148 ρων
2299 3076 2481 3134 οἷκτον
2506 3082 2606 3135 οὐκ
2645 3078 2740 3135 οἷδ’
2764 3081 2913 3145 ὅπως
2979 3079 3242 3151 ἐξαίφνης
3278 3078 3366 3147 ἐφ’
3407 3080 3542 3147 ἡμῖν
3595 3080 3734 3131 dva-

2165 3174 2444 3227 λαὸόντων
2471 3172 2881 3243 ἀπολελύμεθα,
2904 3176 3043 3243 μετὰ
3070 3173 3166 3226 τοῦ
3196 3175 3288 3226 καὶ
3311 3171 3746 3242 διαμαρτυρίαις

2157 3265 2304 3335 ἡμᾶς
2363 3264 2749 3334 ἀπειλητικαῖς
2815 3263 3181 3333 καταπλῆξαι
3244 3262 3335 3316 διὰ
3388 3262 3594 3329 τάχους
3643 3261 3747 3324 τὴν

2157 3358 2344 3428 χώραν
2397 3357 2713 3428 ὶκδραμείν,
2746 3356 2824 3419 ὡς
2894 3355 3158 3420 Metiwa
3186 3353 3354 3423 αὐτὴν
3388 3351 3507 3423 μετ’
3544 3352 3748 3414 αὐτοὺς

2156 3449 2423 3521 ἀμελλητὶ
2453 3450 2954 3522 παραληψομένων,
2996 3449 3207 3517 ἥκομεν
3229 3447 3307 3510 είς
3351 3444 3449 3516 τὴν
3484 3445 3747 3515 Θηϐαίων

2159 3542 2299 3614 μετὰ
2319 3542 2429 3594 τῶν
2461 3540 2826 3612 αἰχμαλώτων
2854 3539 3150 3611 λειψάνων,
3187 3539 3282 3602 οὒς
3324 3541 3454 3609 qui)
3495 3538 3547 3589 οἱ
3590 3536 3733 3606 βάρ-

2155 3634 2316 3704 6αροι
2344 3632 2464 3686 κατ’
2493 3630 2677 3687 οἶκτον
2708 3634 3083 3703 προσήγαγον,
3132 3630 3186 3683 τί
3211 3629 3531 3700 βουλόμενοι
3558 3630 3748 3692 λέγειν

2155 3727 2257 3781 οὐκ
2295 3725 2425 3796 ἔχω.
2469 3726 2535 3778 Ol.
2569 3727 2668 3797 μὲν
2690 3721 2786 3779 οὖν
2832 3726 2972 3797 πρὸς
3023 3725 3121 3787 τὰς
3173 3722 3561 3790 καταθυμίονς
3609 3722 3748 3773 ex;-

2156 3836 2268 3889 στῳ
2298 3818 2580 3887 διαγωγὰς
2610 3817 2995 3871 ἀπολέλυνται·
3026 3817 3189 3887 ἡμεῖς
3224 3816 3282 3869 δὲ
3306 3814 3575 3884 φανεροὺς
3609 3813 3748 3865 ἑαυ-

2153 3912 2284 3970 τοὺς
2304 3909 2724 3981 ιγκαθιστῶμεν
2749 3912 2815 3980 τῇ
2840 3910 3018 3973 Πανὸς
3069 3907 3418 3967 ἐπιστάντες.
3459 3897 3743 3956 ’Δεδοίκαο

2158 4021 2260 4083 μεν
2289 4006 2401 4074 γὰρ
2437 4004 2514 4075 μή
2550 4021 2635 4066 τις
2668 4003 2827 4074 ὴμῶν
2865 4001 3254 4072 πραγματείαν
3315 3999 3418 4069 τὴν
3449 3997 3745 4068 αἰχμαλω-έ

2157 4098 2281 4150 σίαν
2312 4096 2663 4167 ποιούμενος,
2719 4096 2753 4166 ἢ
2782 4094 3000 4167 φογάδα
3069 4093 3195 4148 καθ’
3228 4092 3384 4164 ἡμῶν
3439 4089 3741 4157 ἀναπλάση

2151 4190 2429 4260 διαϐολὴν,
2460 4190 2495 4261 η
2524 4206 2669 4252 τινος
2711 4188 2881 4259 ἄλλης
2923 4188 3228 4259 μηχάνημα
3287 4184 3575 4255 μέμψεως.
3631 4182 3742 4235 Εὖ-

2153 4298 2323 4352 πορος
2358 4284 2469 4353 γὰρ
2495 4281 2762 4336 διαϐολῶν
2787 4278 3149 4334 παντοδαπῶν
3198 4280 3233 4350 ἡ
3286 4278 3482 4332 κακία.
3535 4275 3635 4329 Διὸ
3664 4274 3735 4343 δὴ

2154 4372 2424 4443 ἀξιοῦμεν
2446 4372 2509 4425 τὸ
2554 4373 2827 4444 ὑμέτερον
2856 4371 3086 4442 μέγεθος
3130 4370 3229 4438 τῆς
3283 4369 3563 4440 ἡμετέρας
3612 4368 3743 4433 αἰχ-

2162 4467 2449 4537 μαλωσίας
2486 4466 2777 4535 φροντίσαι
2804 4465 2947 4518 κατὰ
2997 4464 3057 4516 τὸ
3103 4463 3216 4525 τοῖς
3265 4460 3454 4529 νόμοις
3518 4457 3741 4521 δοκοῦν,

476 4571 714 4639 quisque
736 4570 855 4625 loca
879 4585 939 4625 se
969 4581 1324 4642 receperunt.
1346 4572 1459 4628 Nos
1481 4550 1664 4627 autem
1689 4570 1760 4626 ad
1785 4572 1951 4627 Panis
1979 4571 2055 4641 (5)

2161 4560 2257 4613 καὶ
2307 4562 2383 4630 μὴ
2407 4559 2688 4613 ἐπιδοῦναι
2714 4554 3097 4626 κακοτεχνίαις
3127 4553 3338 4623 ἀνδρῶν
3386 4550 3743 4619 αἰχμάλωτον

476 4662 671 4716 urbem
694 4661 1058 4729 ,divertimus,
1089 4662 1384 4718 manifesto
1417 4663 1471 4718 id
1512 4663 1844 4720 indicantes.
1887 4663 2055 4719 Vere-

476 4770 604 4810 mur
645 4769 917 4826 namque,
960 4770 1029 4811 ne
1059 4756 1184 4826 quis
1219 4755 1594 4825 captivitatem
1636 4764 1881 4812 nostram
1928 4769 2059 4810 con-

474 4848 676 4903 sultam
708 4848 1052 4905 molitionem
1086 4856 1144 4904 et
1173 4847 1425 4904 fraudem
1452 4863 1575 4906 esse
1602 4848 1819 4913 dicens,
1845 4848 2059 4903 calum-

474 4941 634 4995 niose
668 4936 983 5010 profugisse
1019 4953 1123 4994 nos
1152 4944 1413 5003 accuset,
1453 4948 1509 4995 et
1537 4938 1772 4994 alterius
1800 4936 2058 4993 criminis

475 5035 950 5095 machinationem
983 5031 1283 5104 eonilngat.
1313 5028 1488 5087 Feras
1515 5031 1664 5086 enim
1693 5028 1914 5101 generis
1941 5042 2058 5083 om-

475 5130 565 5187 nis
592 5127 999 5185 calumniarum
1036 5134 1124 5181 est
1169 5124 1398 5179 malitia.
1427 5122 1775 5191 Quapropter
1804 5119 2063 5188 amplite-

475 5224 663 5280 dinem
690 5230 842 5278 tuam
875 5232 1153 5291 rogamus,
1177 5224 1239 5273 ut
1267 5214 1369 5271 tibi
1401 5212 1695 5283 captivitas
1716 5219 1927 5273 nostra,
1960 5222 2062 5280 pro

477 5334 546 5383 eo
575 5325 744 5387 atque
779 5313 996 5386 legibus
1021 5314 1386 5367 constitutum
1416 5314 1536 5373 est,
1576 5319 1726 5361 cura:
1751 5303 1825 5358 sit
1852 5318 1869 5358 :
1905 5309 1961 5356 et
1992 5314 2062 5356 ne

478 5406 882 5465 malevolentia
919 5411 977 5459 et
1005 5400 1185 5457 fraudi
1226 5398 1516 5454 hominum
1557 5395 1841 5465 captivum
1876 5390 1945 5446 ad
1978 5390 2064 5445 in-

474 5498 657 5572 jurias
684 5503 740 5554 et
767 5493 1137 5553 contumelias
1168 5490 1342 5549 dedas
1360 5529 1375 5558 ,
1403 5504 1475 5546 ne
1512 5486 1778 5543 videlicet
1807 5481 2066 5540 omnibus

583 5659 633 5723 ι)
674 5659 964 5723 Evagrius,
993 5657 1094 5713 lib.
1130 5672 1170 5715 ι.
1207 5670 1331 5723 cap.
1370 5653 1423 5708 7.

583 5662 603 5715 l
674 5659 964 5784 Evagrius,
993 5659 1094 5713 lib.
1130 5672 1170 5715 ι.
1207 5670 1331 5723 cap.
1370 5659 1423 5708 7.
1741 5722 1753 5735 .

554 5659 633 5805 ἓὶζ
663 5731 782 5801 Apu
857 5729 1122 5805 Stephan.
1167 5724 1380 5805 Mczyes
1405 5720 1880 5805 nomadcslnbym
1913 5726 2061 5805 sunt.

483 5792 911 5859 Su‘idas-autem
937 5792 1040 5855 sub
1073 5792 1364 5851 Anastasio
1418 5794 1585 5848 urbes
1634 5792 1820 5862 Libyae
1870 5794 2070 5862 excur-

481 5872 741 5935 sionibus
770 5884 960 5929 eorum
1001 5868 1093 5940 qui
1137 5866 1320 5923 Lazici
1356 5866 1641 5930 dicuntur,
1677 5859 1899 5919 vexatas
1934 5859 2072 5914 scri-

2158 4652 2239 4714 εἰς
2266 4652 2466 4705 κακίαν
2496 4651 2734 4703 ἔκδοτονο
2764 4649 2853 4702 ἶνα
2906 4647 2982 4719 μὴ
3014 4648 3219 4708 πάσαις
3277 4645 3342 4696 ὲκ
3390 4643 3585 4695 τούτου
3652 4654 3749 4706 γε-

2159 4746 2308 4805 νεαϊς
2354 4744 2723 4814 τραγῳδῆται,
2765 4743 3010 4813 κρεῖττον
3045 4735 3184 4793 εῐναι
3217 4736 3508 4807 βαρϐάρων
3542 4733 3747 4802 αἰχμά-

2158 4834 2382 4906 λωτονῆ
2412 4834 2700 4904 πρόσφυγα
2743 4830 3023 4903 βασιλείας
3066 4826 3444 4899 Ῥωμαῖκῆς.)
3501 4825 3613 4879 Καὶ
3650 4825 3747 4890 ὁρ-

2158 4944 2289 4991 κους
2318 4924 2635 4995 ἐπαγαγὼν.
2659 4926 2862 4997 ᾔτησεν
2909 4942 2929 4977 ι
2947 4923 3120 4986 οὕτως
3145 4921 3461 4987 ἀνενεγκεῖν
3486 4918 3586 4987 τὴν
3611 4917 3750 4986 ἠμε-

2158 5019 2322 5090 τέραν
2348 5018 2409 5083 ἐξ
2456 5017 2698 5080 Ὀάσεως
2739 5014 2975 5070 δνταῦθα
3041 5011 3324 5081 διαγωγὴν
3367 5013 3431 5062 ὲκ
3471 5008 3747 5080 βαρϐαρι-

2162 5112 2266 5179 κῆς
2302 5108 2605 5178 γενομένην
2667 5106 2936 5175 ἀφέσεως,
2984 5104 3126 5157 ὥστε
3152 5103 3255 5172 τὴν
3284 5100 3361 5171 τῷ
3389 5100 3512 5169 Θεῷ
3551 5097 3745 5153 δοκοῦ-

2164 5216 2262 5255 σαν
2293 5201 2387 5256 καὶ
2427 5199 2521 5253 νῦν
2554 5198 2905 5268 ἐξενεχθῆναι
2958 5198 3089 5266 περὶ
3143 5195 3303 5267 ἡμῶν
3339 5193 3736 5247 διατύπωσιν.»

2164 5293 2275 5348 Καὶ
2304 5294 2364 5346 ἐν
2399 5291 2571 5362 ἑτέρᾳ
2615 5290 2674 5344 δὲ
2723 5288 2993 5360 επιστολῇ
3054 5289 3151 5341 καὶ
3221 5285 3395 5340 ταῦτα
3446 5286 3588 5351 προς
3653 5283 3744 5336 τὸν

2164 5385 2328 5440 αὐτὸν
2354 5383 2509 5451 δηλοῖ
2561 5384 2762 5453 λέγων*
2831 5401 2852 5435 ι
2887 5383 3012 5436 Εἴτε
3045 5380 3122 5443 ὡς
3155 5379 3368 5449 φιλικέιν
3424 5374 3558 5447 παρ’
3589 5374 3746 5446 ἡμῶν

2166 5479 2305 5549 πρὸς
2350 5478 2451 5548 τὴν
2509 5477 2610 5549 σὴν
2664 5475 3150 5548 μεγαλοπρέπειαν
3207 5473 3468 5544 γράμμα,
3502 5468 3643 5538 ,εἴτε
3670 5467 3744 5528 ὡς

2169 5638 2289 5694 bit:
2330 5648 2392 5695 ut
2422 5638 2660 5695 fortasse
2703 5639 2794 5694 hic
2829 5640 2994 5693 etiam
3030 5636 3207 5691 Lazici
3241 5636 3313 5691 sit
3352 5631 3671 5702 legendum.

2246 5710 2322 5780 (3)
2358 5711 2651 5779 Panopolis
2683 5711 2812 5765 urbs
2852 5718 2906 5780 ct
2950 5722 3147 5764 nomus
3196 5696 3551 5774 Panopeiites
3595 5696 3741 5771 apud

2174 5778 2313 5836 Plin.
2344 5790 2447 5847 est,
2481 5778 2578 5835 lib.
2611 5797 2662 5847 ν,
2694 5794 2814 5850 cap.
2847 5778 2899 5834 9.
