3962 6562
219 339 347 430 na

1133 352 1732 439 necessumst:
1773 351 2164 440 HISTORIA!
2202 381 2352 442 LIB.
2398 364 2562 442 xw;

3317 377 3487 444 ‘l‘li'?

227 482 528 554 ὑπόμνησιν
561 481 716 554 παρὰ
741 483 948 555 πατρὸς
984 486 1124 557 πρὸς
1165 490 1284 542 υἱὸν
1313 490 1374 544 τὸ
1431 492 1611 562 παρὸν
1639 494 1793 548 τοῦτο

1905 497 2173 570 deinceps
2212 498 2667 569 generationibus
2710 497 3058 554 etaetatibus
3103 499 3306 567 tragica
3339 502 3486 553 νοςὶ·

225 575 603 644 λογισάμενος,
659 573 927 645 ἀνάσχου,
967 578 1296 648 παρακαλῶ,
1355 585 1458 652 τῆς
1524 585 1584 636 ὲν
1646 585 1794 655 αὐτῷ

225 667 526 739 διηγήσεως
552 666 681 736 περὶ
703 667 934 733 πολλῶν,
971 670 1096 724 καθ’
1128 672 1254 725 ὅσον
1283 674 1411 744 ἐνῆν
1466 678 1796 747 γεγραμμέ-

221 776 318 829 vn;
356 758 484 827 παρ’
513 757 674 828 ἡμῶν
725 760 1092 831 βραχυλογίας
1151 763 1341 835 οὔσης·
1401 767 1641 833 Ὀἀσεως
1696 775 1795 840 τῆς

223 850 554 933 κἀὶΙἽϐεως
630 848 694 906 ἐκ
743 853 955 906 πολλῶν
1010 857 1206 926 πρώην
1255 859 1650 931 ἀφανισθείσης
1698 862 1794 917 τοῦ

221 945 323 998 τῶν
347 937 614 1014 Νομάδων
647 946 889 1015 πλήθους
939 947 1028 1001 ἐπ’
1083 950 1257 1019 αὐτὴν
1308 953 1776 1023 ἀναδραμόντος.»

222 1035 325 1088 Καὶ
352 1033 472 1105 μεθ’
502 1034 687 1108 ἓτερα’
724 1055 743 1087 ‹
773 1037 992 1092 Τούτων
1044 1039 1100 1092 δὲ
1152 1039 1326 1118 οὕτως
1361 1037 1791 1112 συμϐαινόντων,

219 1126 316 1178 οὐκ
343 1119 440 1178 οἷδ’
465 1127 530 1179 ἐκ
567 1126 730 1186 ποίας
755 1127 1016 1199 ἀφορμῆς
1047 1129 1077 1199 ἢ
1109 1130 1270 1183 ποίαν
1297 1131 1552 1202 ἀφορμὴν
1591 1133 1795 1186 λαϐού-

225 1236 323 1287 σης
376 1218 480 1289 τῆς
537 1220 638 1289 σῆς
693 1220 1196 1292 μεγαλοπρεπείας,
1255 1223 1395 1294 πρὸς
1445 1225 1797 1296 ἐλεφαντίνην

219 1310 342 1364 τινὰ
365 1310 462 1379 τῆς
494 1312 749 1382 Θηϐαίων
781 1313 1056 1386 ἐπαρχίας
1100 1315 1282 1386 πέρας
1309 1312 1478 1372 οὖσαν
1525 1319 1796 1391 βαρϐαριο

223 1404 332 1458 κῶν
356 1404 445 1457 διὰ
494 1407 848 1475 στρατιωτῶν
884 1408 948 1460 ὲκ
1003 1410 1105 1478 τῆς
1171 1409 1348 1472 Πανὸς
1406 1410 1794 1480 ὲπεμπόμεθα,

224 1496 512 1567 συρόμενοι
540 1497 677 1567 πρὸς
699 1498 871 1570 αὐτὴν
908 1499 996 1554 διὰ
1021 1501 1122 1570 τῆς
1168 1503 1581 1574 προρῥηθείσης
1632 1519 1798 1575 στρα-

218 1588 476 1660 τιωτικῆς
500 1588 775 1660 βοηθείας·
806 1592 902 1644 καὶ
926 1592 1004 1662 τῷ
1037 1592 1246 1646 πλείονι
1283 1594 1380 1664 τῆς
1408 1593 1530 1648 ὁδοῦ
1566 1612 1793 1664 συντρι-

221 1683 431 1748 ϐέντες,
470 1683 636 1738 πάλιν
669 1685 918 1754 ἄγραφον
946 1685 1046 1754 τῆς
1094 1689 1194 1756 σῆς
1223 1687 1451 1757 ἀνδρίας
1508 1687 1796 1758 καταλαμ-

220 1777 455 1847 ϐάνομεν
473 1778 754 1848 κέλευσμα
773 1778 852 1841 είς
868 1777 964 1847 τὴν
990 1779 1161 1841 Πανὸς
1187 1779 1547 1851 ὑποστρέψειν
1567 1781 1798 1849 .Συγκο.

1905 589 2103 646 feratio
2130 606 2228 646 seu
2263 591 2553 661 quiritatio
2588 589 2908 654 invaleseat,
2946 593 3142 646 melius
3176 608 3296 647 esse
3332 603 3392 647 ut
3425 596 3478 646 in

1904 681 2274 738 Barbarorum
2324 682 2523 753 aliquis
2569 690 2841 750 potestate
2886 685 3139 752 captivus
3172 685 3278 747 sit,
3319 701 3483 756 quam

1903 776 1969 830 ad
2015 777 2384 831 Romanorum
2441 775 2733 844 imperium
2760 775 2985 843 supplex
3013 776 3312 844 confugiat.
3354 796 3374 830 ι
3421 779 3488 832 Et

1896 869 2212 940 juramento
2243 867 2588 937 interposito,
2618 867 2941 936 petitionem
2973 868 3134 921 talem
3163 851 3472 938 subjunxit:

1922 959 2147 1014 iPatere
2177 974 2278 1014 nos
2309 959 2400 1014 bic
2433 973 2501 1014 ex
2529 958 2654 1014 Oasi
2690 966 2945 1013 reversos
2973 973 3214 1022 manere,
3233 961 3396 1014 sicuti
3429 958 3492 1014 id’

1905 1051 2066 1107 nobis
2116 1052 2340 1106 Barbari
2388 1047 2733 1122 permisere:
2786 1062 2847 1106 ut
2895 1065 3046 1106 nunc
3088 1052 3279 1114 etiam,
3333 1050 3492 1121 quod

1908 1143 2020 1198 Deo
2044 1143 2344 1211 visumest,
2376 1143 2444 1198 de
2460 1144 2617 1199 nobis
2637 1143 3064 1198 constituatur.»
3116 1144 3178 1196 ιιι
3211 1142 3318 1196 alia
3352 1158 3483 1195 rur-

1904 1251 2025 1292 sum
2043 1237 2274 1306 epistola
2297 1236 2364 1291 ad
2375 1237 2629 1291 eumdem
2644 1236 2759 1291 haec
2772 1237 3002 1290 scribit:
3030 1251 3050 1286 ι
3067 1233 3194 1289 Sive
3213 1233 3491 1301 scriptum

1905 1328 2037 1393 hoc,
2066 1337 2126 1383 ut
2153 1327 2340 1392 amici,
2369 1327 2444 1382 ad‘
2464 1325 2926 1396 magniﬁcentiam
2959 1334 3129 1388 tuam,
3155 1323 3482 1393 epistolam,

1905 1432 2002 1473 seu
2033 1427 2093 1473 ut
2135 1419 2308 1488 patris
2347 1417 2414 1472 ad
2464 1418 2636 1472 lilium
2673 1416 3168 1471 commonitionem
3215 1414 3495 1492 accipias,

1905 1518 2014 1562 non
2052 1508 2251 1578 rejice,
2302 1515 2354 1562 te
2402 1522 2616 1576 Quaeso,
2650 1521 2772 1576 quae
2815 1507 2874 1560 in
2915 1519 2983 1559 eo
3011 1513 3117 1570 est,
3155 1519 3315 1574 quam
3362 1502 3492 1556 ﬁeri“

1904 1599 2084 1668 potuit
2110 1599 2493 1654 brevissimam
2527 1598 2596 1653 de
2633 1599 2800 1653 rebus
2834 1597 3021 1652 multis
3060 1596 3479 1652 narrationem:

1904 1703 2030 1745 cum
2065 1690 2243 1756 Oasis,
2273 1707 2392 1762 qua:
2421 1691 2587 1746 etiam
2616 1689 2723 1746 lbis
2754 1690 2900 1744 dicta
2929 1697 3035 1752 est,
3068 1687 3275 1744 dudum
3308 1703 3336 1740 a
3371 1686 3483 1740 No-

1908 1782 2128 1836 madum
2153 1783 2525 1847 multitudine,
2546 1784 2640 1854 qui
2668 1783 2724 1838 in
2741 1798 2862 1838 eam
2889 1789 3274 1844 excurrerunt,
3294 1790 3480 1836 vasta-

221 1871 408 1932 πέντες
438 1868 497 1922 δὲ
523 1871 635 1934 τοῖς
663 1871 764 1942 τῆς
795 1874 893 1939 σῆς
927 1871 1237 1942 ὁδοιπορίας
1297 1873 1702 1942 συμπτώμασιν
1731 1873 1790 1926 ἑν

1899 1881 1947 1928 ta
1972 1875 2097 1928 sit.»
2133 1875 2198 1928 Et
2221 1887 2441 1945 postea:
2491 1895 2510 1928 ‹
2543 1877 2668 1931 Haec
2691 1892 2814 1930 cum
2842 1875 2921 1930 sle
2945 1873 3267 1940 acciderint,
3292 1872 3491 1926 nescio

216 1960 456 2014 νοσοῦντι
477 1961 571 2014 καὶ
601 1960 908 2031 γηράσαντι
950 1959 1188 2032 σώματι,
1223 1964 1316 2016 καὶ
1347 1964 1446 2034 τὴν
1486 1965 1668 2033 χεῖρα,
1698 1965 1795 2018 καὶ

217 2055 312 2125 τὴν
337 2053 584 2125 πλευρὰν
636 2053 1033 2126 συντριϐέντες,
1064 2055 1389 2134 ἀφικόμεθα
1413 2057 1574 2111 πάλιν
1596 2058 1674 2121 είς
1697 2056 1797 2130 τὴν

221 2147 396 2211 Πανὸς
421 2147 627 2218 τρόπον
679 2147 802 2201 τινὰ
830 2148 1310 2220 ψυχορραγοῦντες
1367 2152 1483 2213 τοῖς
1540 2151 1799 2221 συμπτὼ-

222 2257 404 2311 μασιν,
443 2241 526 2294 ἔτι
553 2243 668 2303 τοῖς
699 2242 808 2294 τῶν
834 2241 1146 2310 ἀλγηδόνων
1204 2243 1638 2313 μαστιγούμενοι
1690 2258 1795 2298 κα-

219 2336 353 2396 κοῖς.
385 2335 614 2403 Μετῆγε
644 2333 701 2386 δὲ
759 2332 924 2386 πάλιν
958 2335 1107 2402 ἡμᾶς
1159 2335 1222 2388 ὲκ
1280 2335 1381 2403 τῆς
1419 2336 1596 2398 Πανὸς
1657 2336 1795 2405 πρὸς

217 2428 312 2497 τὴν
345 2427 439 2481 ὑπ’
461 2427 630 2497 αὐτὴν
654 2426 870 2498 ὲνορίαν
905 2427 1097 2497 ἕτερον
1138 2427 1239 2497 τῆς
1299 2429 1399 2496 σῆς
1431 2428 1654 2497 ἀνδρίας
1702 2428 1795 2496 ἐγ-

219 2525 436 2590 γραφον
475 2521 776 2592 ίπτόιμενον
833 2521 1184 2591 πρόσταγμα.
1241 2521 1432 2574 Ταῦτα
1495 2521 1793 2590 στήσεσθαι

220 2597 337 2668 καθ’
369 2614 532 2687 ήμῶν
587 2613 978 2685 λογιζομένων,
1032 2614 1128 2667 καὶ
1175 2614 1235 2667 τὸ
1285 2616 1399 2676 τοῖς
1454 2614 1794 2677 καλλινίκοις

219 2707 500 2778 βασιλεῦσι
537 2707 668 2778 περὶ
721 2707 884 2777 ὴμῶν
941 2706 1133 2760 δοκοῦν
1178 2705 1585 2777 ἀναμενόντων,
1647 2705 1794 2771 ἐξαίε

219 2817 354 2873 φνης
387 2801 532 2871 πρὸς
565 2800 738 2871 ἄλλην
766 2797 984 2870 ὲξορίαν
1014 2798 1137 2853 καθ’
1173 2799 1332 2870 ἡμῶν
1384 2800 1653 2868 τετάρτην
1682 2798 1791 2854 πά·

220 2898 296 2946 λιν
313 2893 551 2960 ἀφειδῶς
581 2891 707 2946 ἄλλο
727 2890 1056 2945 συνετίθετο.
1074 2910 1092 2944 ι
1125 2893 1234 2946 Καὶ
1263 2891 1382 2962 μετ’
1399 2892 1579 2959 ὀλίγαι
1608 2909 1625 2942 t
1651 2890 1795 2943 Ἀλλ’

217 2983 522 3060 αρκέσθητι
549 2985 665 3046 τοῖς
693 2983 1137 3053 πεπραγμένοις,
1169 2983 1504 3054 παρακαλῶ,
1560 2983 1657 3036 καὶ
1703 2997 1794 3034 το-

219 3074 425 3136 σαύτας
449 3074 572 3126 καθ’
608 3074 728 3137 ἐνὸς
758 3075 1015 3144 σώματος
1045 3076 1261 3144 ἐξορίας
1291 3074 1520 3145 ὁρίζειν,
1567 3074 1664 3129 καὶ
1692 3077 1792 3146 τῆς

219 3168 306 3221 ἐπὶ
343 3171 462 3230 τοῖς
489 3167 774 3239 ἀναχθεῖσι
799 3168 952 3240 παρὰ
1000 3169 1100 3236 τῆς
1151 3169 1252 3238 σῆς
1285 3169 1790 3239 μεγαλοπρεπείας

217 3265 306 3316 καὶ
341 3263 663 3334 παρ’ἠμῶν
705 3263 762 3316 δὲ
793 3261 862 3316 δι’
895 3257 970 3316 ὧν
1017 3263 1186 3332 ἐχρῆν
1244 3263 1622 3334 γνωρισθῆναι
1679 3265 1793 3326 τοῖς

217 3351 558 3414 καλλινίκοις
597 3352 760 3422 ἡμῶν
811 3349 1097 3420 βασιλεῦσι
1144 3351 1476 3422 δοκιμασίας·
1511 3352 1790 3417 ἐπιεικῶς,

216 3444 547 3516 παρακαλῶ,
587 3443 1018 3516 παραχώρησον.
1064 3443 1253 3497 Ταῦτα
1286 3436 1430 3514 stop"
1453 3446 1482 3515 ἡ
1495 3445 1608 3515 μῶν
1642 3445 1794 3516 παρὰ

217 3537 426 3606 πατρὸς
466 3538 540 3600 ὡς
582 3538 720 3608 πρὸς
748 3537 864 3589 υἱὸν
897 3536 1382 3606 συμϐουλεύματα.
1419 3537 1560 3590 Είδὲ
1594 3537 1795 3604 ἀγανα-

217 3629 505 3698 κτήσειας,
540 3627 635 3679 καὶ
663 3625 759 3678 νῦν
783 3624 858 3688 ὡς
888 3625 1175 3696 πρότερον,
1219 3625 1429 3695 πρᾶττε
1477 3625 1538 3678 τὸ
1583 3624 1791 3678 δοκοῦνο

220 3719 280 3773 εἴ
311 3738 375 3788 γε
439 3719 532 3772 τοῦ
565 3717 1033 3786 δοκοῦντοςχλόγος
1092 3717 1270 3780 οὐδεὶς
1332 3715 1725 3787 δυνατώτερος.
1769 3735 1788 3769 ι

216 3813 508 3883 Νεστόριος
542 3812 641 3882 μὲν
668 3811 762 3864 οὖν
781 3809 929 3863 οὕτω
953 3811 1056 3863 κάν
1096 3811 1212 3872 τοῖς
1237 3809 1533 3879 γράμμασι
1559 3809 1664 3876 πὺξ
1695 3809 1800 3877 λὰξ-

215 3907 388 3971 παίει,
430 3905 625 3975 βαίνει·
677 3905 772 3958 καὶ
827 3901 997 3974 αὐτὴν
1057 3901 1334 3973 βασίλειον
1387 3901 1661 3969 ἐξουσίαν,
1719 3901 1795 3964 ὡς

215 4001 364 4072 δρᾷς,
415 3997 779 4068 βλασφημῶν,
815 3996 1043 4066 μηδέπω
1071 3996 1454 4066 σωφρονήσας,
1496 3996 1794 4051 καὶταῦτα

214 4090 526 4162 τηλικαῦτα
549 4089 762 4144 παθών.
805 4089 1208 4160 Συγγράμματι
1254 4089 1310 4142 δέ
1337 4107 1483 4153 τινος
1539 4089 1794 4160 ἐντυχόνο

213 4193 326 4252 τες,
369 4193 473 4242 καὶ
521 4191 622 4256 τὴν
676 4185 938 4255 τελευτὴν
993 4184 1210 4236 ἐκείνου
1263 4184 1644 4256 διηγουμένου,
1697 4185 1796 4239 καὶ

212 4277 426 4343 ταύτην
449 4279 514 4349 τῇ
560 4277 856 4346 συγγραφῇ
887 4272 1312 4346 παραδώσομεν·
1368 4273 1521 4344 ἔλεγε
1555 4275 1664 4344 γὰρ
1718 4275 1795 4340 ὡς

212 4371 307 4442 τὴν
338 4369 594 4439 γλῶτταν
618 4366 946 4438 διαϐρωθεὶς
998 4367 1292 4438 σκώληειν,
1348 4369 1442 4423 ἐπὶ
1491 4369 1563 4423 τὰ
1614 4371 1792 4441 μείζω

212 4465 306 4517 καὶ
334 4461 584 4517 ἀθάνατα
614 4448 1100 4537 κολαστήρια,’τὰς
1149 4457 1463 4528 ἀνηκούσας
1513 4460 1814 4515 ἀποτίσων“

1899 1982 2008 2038 qua
2041 1967 2109 2022 de
2141 1983 2327 2034 causa,
2365 1978 2459 2023 aut
2492 1983 2598 2038 qua
2631 1977 2847 2038 arrepta
2881 1966 3195 2031 occasione,
3229 1964 3479 2034 magnifi—

1899 2061 2079 2116 centia
2106 2070 2198 2116 tua
2222 2076 2325 2116 nos
2351 2077 2447 2131 per
2471 2060 2743 2114 Barbaros
2767 2059 2970 2113 milites
2992 2074 3057 2113 cx
3081 2057 3244 2112 Panis
3273 2056 3488 2126 ορρὶιίοί

1898 2153 1967 2207 ad
2001 2153 2295 2222 quamdam
2341 2151 2706 2221 Elephantina
2737 2152 2842 2220 (l),
2875 2166 3000 2219 qua:
3033 2149 3308 2203 Thebana:
3346 2161 3477 2217 prn-

1899 2245 2092 2300 vinciae
2126 2245 2250 2300 linis
2294 2251 2409 2308 est,
2444 2242 2724 2311 deportari
2770 2242 3073 2298 curaverit.
3127 2241 3194 2294 Et
3237 2255 3362 2294 cum
3407 2237 3474 2290 ad
3551 2303 3553 2306 η

1894 2337 2040 2390 illam
2075 2351 2172 2405 per
2206 2351 2270 2390 ea
2304 2348 2426 2404 quae
2453 2332 2695 2388 diximus
2721 2333 2987 2388 militaria
3016 2332 3220 2386 auxilia
3254 2345 3476 2397 rapere-

1898 2440 2045 2495 mur,
2092 2436 2148 2483 et
2199 2428 2404 2498 majore
2442 2426 2658 2481 itineris
2708 2433 2863 2495 parte
2925 2424 3173 2481 conlecta
3208 2424 3479 2493 afﬂigere-

1896 2533 2053 2580 mur,
2118 2532 2339 2573 rursum
2398 2532 2428 2571 a
2491 2516 2817 2571 fortitudine
2847 2526 2936 2570 tua
2991 2517 3294 2588 jussionem
3353 2516 3475 2570 sine

1895 2611 2104 2681 scripto
2140 2610 2473 2679 accepimus,
2516 2618 2576 2664 ut
2620 2609 2676 2663 in
2706 2609 2986 2664 civitatem
3025 2607 3193 2662 Panis
3224 2618 3484 2674 rct'erte-"
3531 2651 3538 2653 .

1896 2719 2108 2758 remur.
2149 2702 2215 2756 Et
2247 2703 2490 2767 itineris,
2527 2701 2673 2772 quod
2702 2701 2860 2772 jussu
2894 2708 2991 2754 tuo
3025 2716 3470 2770 susceperamus,

1896 2797 2118 2853 casibus
2165 2795 2442 2861 confecti,
2487 2811 2721 2866 corpore
2770 2797 2964 2850 morbo
3011 2795 3177 2860 simul
3215 2803 3270 2849 et
3316 2794 3474 2849 senio

1893 2889 2260 2952 labefactato,
2292 2902 2515 2942 necnon
2557 2902 2724 2940 manu
2763 2895 2820 2941 et
2861 2887 3037 2941 latere
3078 2886 3381 2950 convulso,
3419 2885 3474 2939 in

1895 2981 2059 3036 Panis
2087 2980 2348 3050 oppidum
2383 2980 2592 3034 reversi
2626 2995 2842 3042 sumus,
2897 2978 3059 3048 520
3107 2979 3293 3032 animo
3333 2993 3476 3047 que-

1899 3073 2198 3128 dummodo
2228 3073 2331 3127 viae
2367 3071 2656 3126 laboribus
2679 3070 3234 3127 dellcicntesAdhuc
3255 3071 3473 3127 crucia-

1899 3170 2046 3225 tibus
2092 3168 2344 3223 dolorum
2393 3166 2792 3238 amigebamur,
2841 3174 2894 3220 et
2942 3165 3007 3219 ad
3059 3166 3206 3218 aliud
3251 3180 3484 3218 rursum-

1898 3261 2242 3316 l‘ortitndinis
2279 3270 2384 3316 tua:
2418 3260 2686 3316 advolans
2727 3259 2993 3330 scriptum
3029 3259 3370 3323 mandatum,
3407 3271 3475 3311 ex

1899 3351 2060 3406 Panis
2104 3352 2242 3407 urbe
2287 3352 2340 3406 in
2382 3351 2549 3406 alium
2585 3351 2820 3408 ditionis
2847 3351 2968 3422 ejus
3001 3350 3182 3405 locum
3219 3349 3485 3405 translati;

1897 3458 2110 3499 sumus.
2161 3443 2230 3497 Et
2270 3459 2394 3497 cutn
2453 3443 2583 3498 talia
2635 3443 2908 3499 adversus
2963 3458 3065 3496 nos
3105 3442 3474 3511 conquietura

1896 3543 2253 3606 putaremus,
2301 3543 2356 3589 ct
2407 3535 2541 3605 quid
2591 3535 2661 3590 de
2711 3534 2868 3589 nobis
2910 3534 3150 3588 victores
3190 3534 3471 3603 principes

1897 3637 2225 3693 statuerent,
2255 3638 2726 3700 exspectaremus,
2755 3627 2904 3682 aliud
2939 3624 3126 3682 subito
3150 3628 3268 3682 sine
3296 3627 3482 3697 gratia

1897 3723 2070 3787 omni,
2100 3722 2168 3776 de
2202 3723 2594 3792 longinquiore
2625 3721 2755 3787 alio,
2791 3730 2848 3777 et
2885 3730 3084 3791 quarto
3117 3721 3224 3791 jam
3255 3720 3472 3784 exsilio,

1899 3815 2214 3869 mandatum
2235 3815 2602 3884 compositum
2630 3822 2736 3867 est.
2771 3832 2788 3866 ι
2819 3813 2884 3867 Et
2909 3813 3070 3883 paulo
3101 3824 3259 3883 post:
3307 3833 3323 3864 ι
3364 3812 3480 3868 Sed

1895 3909 2187 3977 acq'nicsce
2221 3906 2440 3961 tandem
2475 3906 2528 3959 in
2569 3906 2650 3960 eis
2681 3904 2986 3975 qum-laeta
3032 3914 3183 3970 sunt,
3223 3920 3376 3974 rogo,
3419 3911 3488 3958 et

1898 4009 1978 4055 tot
2007 4000 2276 4055 adversus
2322 4009 2526 4068 corpus
2559 4013 2730 4052 unum
2779 3996 2974 4052 exsilia
3022 3996 3326 4051 decernens
3377 3996 3486 4050 de"
3581 3998 3590 4002 “

1897 4098 2038 4160 sine,
2077 4105 2133 4150 et
2170 4105 2249 4149 tot
2279 4092 2689 4148 calamitatibus
2719 4105 2842 4150 oue
2877 4107 2908 4144 a
2940 4089 3485 4161 magniﬁcentia-tuaJ

1897 4191 2254 4270 pertulimus,
2273 4199 2574 4248 contentus
2599 4201 2744 4246 eSto.
2776 4187 2845 4243 Et
2876 4186 3036 4242 nobis
3064 4201 3165 4256 per
3197 4185 3474 4256 homines,

1896 4302 2036 4357 quos
2087 4287 2387 4353 convenit,
2449 4287 2782 4343 sententiam
2838 4289 3110 4343 victorum
3164 4287 3472 4357 principum

1896 4388 2210 4433 nostrorum
2257 4379 2547 4449 explorare
2579 4378 2914 4445 humaniter,
2951 4394 3155 4450 qumso,
3191 4381 3472 4449 permitte.

1898 4469 2024 4526 llaec
2067 4480 2293 4538 nostra,
2331 4472 2503 4527 veluti
2541 4473 2745 4541 patris,
2789 4473 2857 4527 ad
2905 4483 2956 4527 te
3001 4483 3262 4542 tanquam
3301 4476 3472 4532 ﬁlium

216 4556 475 4619 εὐθύνας,
546 4553 754 4607 στένων
817 4553 912 4606 καὶ
980 4552 1308 4622 ὀδυρόμενος
1380 4553 1788 4624 μετεχώρησεν.

1899 4564 2126 4620 consilia
2155 4574 2307 4620 sunt.
2356 4565 2452 4620 Sin
2493 4580 2558 4620 ea
2590 4565 2814 4635 indigne
2856 4566 3024 4632 feres,
3071 4577 3186 4621 tum
3226 4577 3280 4620 tu
3326 4583 3475 4628 nunc
3529 4551 3533 4558 ’

215 4651 456 4704 Ἔπειτα
480 4647 536 4701 δὲ
567 4648 662 4700 καὶ
697 4645 979 4709 Θεοδόσιος
1020 4645 1204 4698 θεόθεν
1274 4645 1598 4715 κινούμενος
1645 4646 1792 4700 ἀπά-

217 4758 338 4805 σαις
364 4739 572 4810 ψήφοις
602 4738 693 4792 τὸν
727 4736 903 4808 ἀσεϐῆ
929 4736 1254 4802 κατεδίκαζε
1287 4739 1607 4810 περιϐαλὼν
1653 4741 1786 4794 ἁνα-

181 4833 441 4904 ,θιματι,
477 4829 621 4884 οὕτω
669 4831 805 4901 πρὸς
843 4829 989 4898 λέξιν
1019 4831 1448 4902 ἀποφηνάμενος
1501 4833 1561 4886 ὲν
1608 4833 1794 4888 διατά-

215 4927 320 4991 ξει,
359 4925 399 4997 ἢ
433 4927 498 4997 τῇ
557 4922 727 4994 βίϐλῳ
760 4922 1144 4977 Ἰουστινιανοῦ
1192 4923 1463 4991 ἔγκειταιο
1522 4923 1690 4992 κῶδιξ
1731 4925 1789 4980 δὲ

173 5011 178 5015 ’
209 5015 269 5068 τὸ
295 5012 501 5086 βιϐλίον
529 5010 869 5082 ὠνόμασται,
899 5011 1054 5081 τρίτη
1089 5011 1182 5066 τὸν
1234 5013 1474 5083 ἀριθμὸν
1510 5013 1605 5066 τοῦ
1635 5013 1790 5086 πρώ-

180 5121 307 5158 ’του
364 5102 546 5158 τίτλου
600 5105 970 5173 τυγχάνουσα·
1007 5105 1183 5170 «Ἔτι,
1238 5105 1396 5176 φησὶ,
1453 5105 1789 5178 θεσπίζομεν

212 5197 340 5259 τοὺς
371 5196 671 5267 ζηλοῦντας
705 5196 802 5267 τὴν
827 5196 1001 5265 ἀσεϐῆ
1055 5198 1353 5268 Νεστορίου
1410 5199 1617 5265 πίστιν,
1651 5202 1684 5272 ἢ
1719 5206 1786 5273 τῇ

211 5291 464 5363 ἀθεμίτῳ
493 5292 659 5348 αὑτοῦ
691 5293 1015 5365 διδασκαλίᾳ
1065 5294 1522 5362 ἀκολουθοῦντας,
1582 5300 1632 5352 εἰ
1690 5300 1791 5369 μὲν

213 5385 511 5439 ἐπίσκοποι
535 5382 646 5441 εἷεν
678 5387 712 5456 ἢ
754 5387 1035 5459 κληρικοὶ,
1067 5390 1177 5443 τῶν
1237 5393 1552 5463 ἐκκλησιῶν
1591 5395 1792 5449 ἑκϐἁλι

213 5477 428 5532 λεσθαι’
459 5479 511 5532 εἰ
533 5480 590 5533 δὲ
620 5479 820 5542 λαῖκοὶ,
854 5481 1384 5552 ἁναθεματίζεσθαι.
1422 5504 1441 5539 ι
1502 5488 1710 5552 Πολλὰς
1735 5489 1794 5543 δὲ

214 5571 309 5622 καὶ
343 5570 525 5637 ξᾶλλας
571 5572 899 5642 νομοθεσίας
961 5573 1064 5645 τῆς
1109 5575 1392 5647 ἡμετέρας
1451 5579 1612 5648 χάριν
1664 5579 1796 5650 θρηε

212 5664 404 5726 σκεέας
493 5664 738 5734 ἐντίθησι
812 5665 909 5721 τὸν
1001 5671 1131 5737 περὶ
1213 5669 1451 5739 Χριστοῦ
1523 5671 1792 5744 διάπυρον

1903 4671 2124 4726 quoque
2148 4697 2162 4720 ,
2194 4657 2358 4712 sicuti
2399 4668 2561 4713 antea
2585 4701 2599 4724 ,
2635 4659 2780 4727 quod
2823 4659 3085 4728 placitum
3127 4660 3364 4724 tibi.esl,
3395 4661 3475 4714 fa~

1899 4749 2013 4802 cllo
2045 4765 2060 4802 :
2107 4750 2382 4819 siquidem
2419 4751 2746 4806 sententiam
2797 4763 2946 4806 tuam
2996 4755 3173 4809 oratio
3205 4756 3351 4809 nulla
3378 4756 3474 4810 lle-

1901 4851 2052 4897 eterc
2105 4855 2200 4898 aut
2253 4845 2476 4900 vincere
2525 4854 2728 4914 potest.
2785 4865 2804 4898 ο
2860 4846 3149 4902 Nestorius
3196 4848 3364 4918 igitur
3419 4848 3480 4902 in.

1898 4933 2098 4989 litteris
2137 4931 2360 5004 quoque
2413 4935 2580 5004 ipsis,
2630 4935 2828 5005 pugnis
2861 4944 2917 4990 et
2961 4937 3208 4992 calcibus
3259 4939 3476 5007 impetit

1897 5037 2063 5097 atque
2108 5028 2368 5091 insultat,
2421 5029 2835 5096 imperatoriam
2891 5029 3062 5084 etiam
3119 5041 3470 5100 potestatem,

1896 5118 2059 5174 sicuti
2092 5119 2268 5182 vides,
2301 5119 2729 5189 blaSpbemans:
2763 5130 3046 5195 atquetot
3077 5137 3299 5194 quoque
3329 5125 3471 5179 mala

1895 5227 2126 5283 passus,
2169 5229 2278 5268 non
2327 5225 2508 5269 tamen
2553 5213 2850 5284 resipiscit.
2882 5216 3142 5273 Pervenit
3185 5219 3238 5273 in
3277 5234 3475 5274 manus

1896 5321 2047 5360 meas
2088 5307 2354 5376 scriptum
2394 5307 2709 5378 quoddam,
2758 5309 2967 5365 obitum
2998 5311 3119 5382 ejus
3159 5328 3468 5382 exponens,

1895 5414 2059 5470 quem
2102 5410 2159 5455 et
2203 5399 2385 5470 ipsum
2429 5401 2738 5456 litterarum
2786 5403 3160 5461 monumentis
3205 5409 3471 5465 mandare

1893 5493 1950 5547 in
2001 5493 2102 5547 hac
2157 5491 2387 5549 historia
2437 5496 2616 5550 visum
2670 5503 2774 5551 est.
2832 5496 3240 5555 Commemorat
3289 5506 3467 5566 enim,

1891 5584 2078 5654 lingua
2111 5585 2232 5656 ejus
2267 5601 2298 5641 a
2331 5587 2618 5643 vermibus
2651 5603 2902 5656 corrosa,
2928 5591 3378 5662 ingemiscentem
3411 5601 3469 5652 et

1891 5675 2282 5733 lamentantem
2309 5719 2323 5745 ,
2371 5677 2438 5733 ad
2481 5679 2686 5752 majora
2727 5687 2781 5736 et
2818 5683 3154 5755 sempiterna
3191 5683 3469 5757 supplicia

287 5848 366 5918 (l)
407 5849 769 5920 Elephantina
817 5852 921 5909 820
960 5853 1152 5909 stadiis
1195 5873 1224 5910 ε
1289 5855 1493 5913 Thebis
1526 5859 1794 5930 Egyptii's
1834 5861 2022 5918 distat.
