4036 6600
450 426 586 487 “83

446 629 788 687 Theodosius
825 633 1011 685 divino
1063 643 1198 686 nutu
1245 640 1587 697 comnotus,
1635 635 1925 690 sententiis
1965 644 2021 689 ct

445 727 672 780 calculis
706 727 986 786 omnibus,
1020 725 1250 794 impium
1291 726 1442 779 illum
1480 728 1834 781 anathemate
1858 730 2019 797 jugu-

445 819 613 872 latum
654 817 1078 882 condemnavit,
1119 819 1273 872 hisce
1318 819 1501 873 verbis
1531 820 1585 873 in
1619 821 2019 877 constitutione

444 926 578 965 usus
609 911 716 976 (l),
770 926 892 978 quae
942 911 1236 965 Iustiniani
1285 911 1593 978 volumini,
1642 913 1787 982 quod
1833 912 2016 968 Codex

444 1001 801 1065 nominatur,
842 1001 1046 1054 inserta
1083 1009 1203 1061 est,
1245 1000 1411 1053 tertia
1448 1016 1702 1064 numero,
1749 1003 1803 1055 in
1841 1003 2016 1071 primo

442 1093 604 1162 primi
657 1093 782 1146 libri
836 1093 1018 1147 titulo.
1063 1110 1081 1143 ι
1121 1092 1425 1155 Prmterea,
1466 1092 1677 1162 inquit,
1713 1093 2012 1156 sancimus,

441 1185 536 1252 qui
583 1185 802 1252 impiam
850 1184 1091 1239 Nestorii
1141 1185 1298 1238 fidem
1347 1183 1697 1247 aemulantur,
1731 1193 1822 1237 aut
1868 1185 2018 1239 nefa-

443 1279 738 1344 rianrejus
767 1277 1076 1332 doetrinam
1125 1287 1460 1347 sequuntur.
1492 1287 1551 1330 ut
1581 1277 1852 1347 siquidem
1895 1278 2018 1348 epi-

443 1372 596 1441 scopi
639 1371 788 1435 siut,
841 1379 936 1424 aut
985 1370 1207 1436 clerici,
1250 1369 1505 1426 ecclesiis
1559 1369 2012 1440 ejiciantur:sia

444 1480 575 1518 vero
621 1463 744 1518 laici
792 1472 848 1518 et
897 1463 1227 1534 populares,
1271 1462 1618 1516 anathemate
1665 1461 1954 1518 feriantur.
1995 1481 2013 1515 ι

443 1555 550 1610 Sed
583 1557 768 1624 plures
807 1569 1029 1624 quoque
1068 1554 1207 1608 alias
1251 1553 1685 1608 constitutiones
1735 1554 2020 1624 religionis

1666 415 2078 486 Mair-nom
2124 417 2466 488 C.\Ll.lS'l‘l

445 559 570 595 eum
609 555 796 608 βαξξηαε
819 539 1032 594 debitas
1063 539 1373 594 soluturum
1411 540 1697 609 migrasse.
1728 544 1934 598 Deinde
1970 554 2024 597 et

2144 544 2337 596 :zeivou
2419 542 2584 610 ζῆλον
2655 540 2940 609 διαφαινού
2953 557 3066 603 σας.

3564 417 3706 481 llSi

3143 539 3398 593 Τοιοῦτον
3459 542 3557 610 μὲν
3623 543 3707 609 τῷ

2152 634 2406 689 δυσσεϐεῖ
2448 622 2743 703 Ἢεστορίῳ
2803 633 2864 685 τὸ
2927 633 3102 697 τέλος,
3158 635 3252 688 καὶ
3300 632 3366 684 τὰ
3395 633 3493 704 τῆς
3550 637 3712 704 εἰρη-

2131 727 2303 796 μένης
2376 725 2568 797 τρίτης
2638 727 2696 778 ἐν
2747 724 2959 795 Ἐφέσῳ
3011 725 3399 793 οίκουμενικῆς
3476 725 3706 778 συνόδου

2125 817 2268 871 οὕτω
2299 819 2604 888 συνηνέχθη
2639 817 2917 886 γενέσθαι·
2977 818 3114 884 μετὰ
3140 813 3318 886 δὲτὴν
3345 817 3440 871 τοῦ
3470 818 3711 870 ἀλαστο-

2129 927 2219 979 ρος
2254 909 2553 979 Νεστορίου
2583 910 2910 978 καθαίρεσιν
2936 910 3083 980 δεινὴ
3134 927 3218 972 τις
3276 909 3568 979 ἐρεσχελία
3628 895 3704 980 τῇ

2125 1001 2540 1054 Κωνσταντίνου
2573 1003 2713 1055 κατὰ
2740 1003 2838 1064 τὰς
2888 1001 3184 1069 ἐκκλησίας
3224 1001 3442 1072 ἐχώρει.
3499 1003 3558 1055 Ὀ
3589 1003 3707 1070 γὰρ

2126 1092 2270 1151 λεὼς
2304 1094 2426 1164 διχῆ
2458 1094 2718 1167 διηρεῖτο,
2744 1096 2806 1147 τὸ
2839 1088 3000 1158 δόξαν
3066 1093 3350 1164 Νεστορίῳ
3395 1094 3709 1164 γυμνάζον·

2120 1201 2233 1246 τες.
2266 1187 2327 1238 Ol
2364 1187 2547 1255 μέντοι
2581 1189 2834 1256 κληρικοὶ
2867 1188 3070 1250 πάντες
3107 1189 3262 1257 κοινῇ
3316 1187 3485 1256 ψήφῳ
3534 1188 3706 1239 αὑτὸν

2122 1276 2443 1332 ἀπεώσαντο
2501 1279 2836 1348 παραδόντες
2887 1279 2964 1349 τῷ
3001 1279 3330 1350 ἀναθέματι*
3391 1280 3535 1332 οὕτω
3591 1280 3705 1350 γὰρ

2119 1369 2219 1440 τὴν
2248 1371 2390 1424 κατὰ
2409 1370 2504 1424 τοῦ
2529 1372 2852 1443 βλασφήμου
2878 1372 3060 1442 ψῆφον
3101 1373 3294 1437 εἰωθὸς
3342 1374 3386 1426 Χ
3397 1375 3706 1443 ριστιανοῖς

2123 1463 2410 1532 πράττειν,
2443 1461 2635 1534 ὥσπερ
2663 1462 2720 1521 έν
2748 1479 2856 1520 τινι
2881 1465 3052 1537 στήλῃ
3087 1464 3302 1536 γυμνὴν
3341 1464 3551 1536 ἅπασιν
3581 1464 3708 1516 ἐθέ-

2121 1555 2272 1609 λουσι
2294 1556 2395 1610 καθ
2408 1557 2581 1628 ιστᾷν.

446 1657 644 1704 nostrae
686 1649 859 1719 gratia
910 1648 1120 1714 edidit,
1155 1663 1277 1718 quae
1325 1646 1646 1717 flagrantem
1696 1647 1846 1702 illius
1892 1663 2020 1717 erga
2061 1649 2346 1704 Christum
2391 1650 2645 1707 ardorem
2690 1662 2756 1707 ac
2794 1647 2972 1706 zelum
3009 1649 3311 1706 declarant.
3380 1644 3540 1706 Hunc
3599 1649 3706 1705 im—

446 1742 570 1814 pius
595 1742 884 1796 Nestorius
917 1741 1081 1795 finem
1113 1743 1240 1796 vita:
1271 1740 1484 1805 habuit,
1516 1752 1680 1811 atque
1712 1741 1828 1796 hare
1891 1744 1970 1797 sic
2034 1744 2086 1797 in
2129 1743 2293 1798 tertia
2343 1760 2506 1814 quam
2559 1744 2799 1800 diximus
2833 1745 3134 1799 universali
3181 1743 3419 1814 Ephesia
3466 1745 3705 1816 synodo,

446 1846 568 1892 sunt
602 1847 744 1892 acta.
781 1837 942 1907 521
981 1839 1152 1892 Porro
1187 1839 1498 1907 pernicioso
1521 1838 1775 1892 Nestorio
1817 1847 2195 1904 exauctorato,
2234 1841 2412 1909 gravis
2431 1857 2652 1897 rursum
2692 1841 2977 1896 contentio
3001 1841 3053 1895 in
3077 1837 3707 1911 ConstantinOpolitanaz

446 1933 598 1988 urbis
628 1934 879 2012 ecclesiis
910 1944 1056 1988 mota
1086 1945 1191 1988 est.
1231 1934 1473 2003 Populus
1502 1933 1647 1988 enim
1717 1934 1784 1988 de
1851 1934 2089 1990 Nestorii
2129 1937 2345 2006 placitis
2382 1953 2570 2008 agens,
2609 1939 2662 1992 in
2707 1937 2842 1991 duas
2883 1947 3067 2006 partes
3118 1937 3274 1991 abiit.
3319 1935 3520 1992 Clerici
3567 1952 3703 1993 sane

447 2046 643 2086 omnes
683 2033 963 2086 communi
1009 2031 1275 2102 suffragio
1321 2047 1448 2086 eum
1503 2033 1841 2087 anathemati
1891 2035 2175 2089 subditum
2241 2035 2601 2106 reiecerunt:
2669 2035 2747 2091 sic
2809 2051 3049 2106 namque
3075 2035 3409 2092 Christianis
3462 2051 3583 2091 mos
3616 2047 3704 2090 est

449 2126 780 2180 Sententiam
829 2135 1023 2180 contra
1094 2127 1473 2196 blasphemum
1524 2127 1703 2192 ferre,
1768 2142 1889 2182 cum
1937 2143 2056 2183 eam
2100 2139 2358 2200 tanquam
2416 2130 2686 2185 columnae
2735 2129 3006 2194 incisam,
3058 2129 3316 2185 omnibus
3400 2128 3710 2199 publicitus

449 2227 757 2288 propunere
792 2220 1003 2274 volunt.

975 2359 1202 2414 CAPUT
1242 2359 1508 2416 XXXVII.

456 2473 526 2526 Ut
559 2484 672 2538 post
709 2473 1007 2528 Nestorium
1047 2473 1392 2536 Maximinus,
1437 2492 1499 2528 ac
1534 2473 1778 2544 deinceps
1804 2475 2026 2531 Procles

525 2546 834 2618 patriarcha
855 2543 1462 2614 ConstantinOpolitunw
1483 2543 1734 2600 Ecclesia?
1753 2551 2028 2618 prarfectus

525 2617 706 2683 fuerit.

521 2728 618 2782 lito
652 2742 781 2781 vero
813 2727 1046 2791 sublato,
1080 2743 1188 2781 non
1220 2727 1516 2784 mediocris
1545 2729 1612 2785 de
1639 2729 1882 2800 episcOpi
1916 2730 2030 2786 cle-

453 2822 635 2874 ctione
694 2819 926 2889 quarstio
971 2819 1203 2875 exstitit.
1253 2821 1409 2876 Multi
1459 2823 1607 2876 enim
1656 2822 1721 2876 ad
1776 2838 1900 2878 eum
1937 2825 2030 2892 qui

453 2914 636 2966 dictus
691 2922 814 2976 est,
877 2911 1165 2966 Sidensem
1228 2913 1542 2983 Philippum
1602 2914 2032 2983 respiciebant:

456 3019 646 3057 «mines
697 3015 880 3057 autem
936 3004 1052 3058 fere
1088 3003 1345 3057 Proclum
1401 3004 1662 3058 cathedra
1701 3020 1764 3059 ca
1799 3005 2035 3059 maxime

455 3095 680 3164 dignum
705 3108 828 3146 esse
854 3093 1194 3161 judicabant.
1224 3095 1291 3148 Et
1317 3095 1527 3148 exitum
1555 3111 1712 3150 suum
1744 3095 2033 3150 consilium

456 3187 656 3241 horum
709 3187 1011 3247 habuisset.
1045 3187 1150 3240 nisi
1189 3187 1283 3255 qui
1326 3187 1560 3242 multum
1603 3198 1715 3242 tum
1750 3187 1895 3258 apud
1933 3190 2035 3242 im-

458 3291 769 3350 peratorem
802 3280 1078 3345 valebant,
1134 3278 1532 3347 impedimento
1574 3279 1828 3343 fuissent,
1856 3281 2036 3336 cccle-

458 3374 742 3427 siasticum
800 3386 1070 3426 cauoncm
1140 3386 1428 3440 perperam
1483 3381 1885 3440 praetexentes,
1944 3373 2035 3441 qui

459 3465 806 3533 designatum
846 3463 1089 3517 civitatis
1129 3464 1362 3533 alicujus
1392 3464 1712 3534 episcopum
1750 3466 1803 3518 in
1844 3465 2038 3519 civita-

461 3567 569 3608 tem
605 3557 767 3609 aliam
821 3571 1012 3608 rursus
1060 3553 1351 3607 transferri
1385 3567 1574 3607 vetare
1621 3554 1842 3608 debeat.
1879 3555 1926 3610 Is
1956 3564 2040 3609 est

462 3647 777 3712 huiusmodi
807 3665 820 3700 :
852 3665 869 3698 ι
901 3647 956 3700 Si
987 3647 1112 3716 quis
1148 3647 1442 3715 episcopus
1463 3645 1752 3700 ordinatus
1783 3647 1835 3701 in
1861 3662 2040 3717 para:—

463 3743 625 3803 ciam,
649 3740 738 3792 cui
781 3739 1094 3792 destinatus
1129 3747 1234 3804 est,
1282 3753 1390 3792 non
1436 3738 1583 3799 ierit,
1622 3755 1728 3792 non
1759 3739 1918 3807 culpa
1949 3739 2038 3793 ille

466 3835 688 3903 quidem
737 3849 854 3899 sua,
892 3833 984 3887 sed
1035 3843 1260 3902 propter
1303 3832 1488 3902 θορυιί
1528 3833 1907 3903 rejectionem,
1947 3840 2042 3887 aut

468 3931 632 3982 alium
680 3942 787 3980 non
815 3928 883 3980 ab
919 3927 1037 3996 ipso
1064 3927 1315 3980 ordinato
1349 3926 1764 3994 provenicntem
1794 3942 2039 3991 causam,

467 4020 517 4075 is
549 4036 672 4074 cum
726 4019 991 4089 dignitate
1032 4019 1342 4074 ministerio
1377 4019 1528 4088 fungi
1565 4021 1646 4090 (ut
1687 4024 1846 4074 modo
1879 4022 2043 4075 rebus

471 4113 740 4176 ecclesim,
775 4113 869 4168 ubi
915 4121 1222 4167 conventus
1263 4113 1398 4182 agit,
1440 4112 1576 4166 nihil
1623 4112 1815 4167 aﬂerat
1848 4113 2043 4183 turbae)

469 4217 527 4262 ct
563 4208 916 4276 acquiescere
953 4207 1009 4261 in
1039 4222 1108 4262 eo
1138 4205 1324 4270 debet,
1351 4206 1499 4276 quod
1537 4208 1836 4276 provincia:
1881 4223 2047 4278 syno-

471 4301 575 4355 dus
606 4301 675 4355 de
715 4299 1095 4354 controversia
1122 4298 1176 4353 in
1218 4299 1459 4354 medium
1496 4299 1762 4369 producta
1789 4299 2048 4370 judicans

472 4394 834 4450 decreverit.)
862 4393 959 4447 llic
980 4408 1153 4446 canon
1174 4393 1489 4461 publicatus
1506 4393 1743 4462 plebem,
1771 4410 1891 4464 qua:
1910 4395 2046 4449 Pro-

472 4488 616 4540 clum
645 4486 964 4557 cpiscOpum
1003 4486 1348 4556 designabat,
1391 4487 1474 4542 vel
1509 4487 1733 4543 invitant
1763 4492 2049 4557 quiescere

475 4579 674 4649 coegit.
729 4580 975 4645 Quatuor
1025 4595 1244 4635 menses
1299 4596 1330 4636 a
1385 4579 1645 4635 Nestorio
1697 4589 2049 4636 exauctorato

475 4671 824 4736 cﬂluxerant,
865 4681 919 4725 et
944 4671 1190 4726 ecclesia:
1212 4672 1530 4740 procuratio
1553 4672 1879 4727 Maximiano
1901 4689 2051 4728 com-

472 4766 640 4820 mi~sa
680 4772 786 4831 est,
814 4765 908 4834 qui
944 4764 998 4817 in
1033 4763 1226 4818 ordine
1258 4765 1698 4833 presbyterorum
1729 4774 1870 4827 erat,
1903 4773 1958 4820 et
1995 4766 2050 4819 in

473 4857 776 4912 nionastica
828 4856 938 4910 vita
991 4857 1218 4910 vixerat.
1251 4855 1410 4925 522
1449 4856 1749 4925 Religionis
1798 4857 1887 4910 hic
1940 4871 2054 4911 ma-

476 4951 622 5006 xime
657 4949 873 5004 laudem
921 4956 1253 5003 consecutus
1304 4948 1503 5011 fuerat,
1555 4963 1618 5001 ex
1650 4963 1717 5002 eo
1750 4948 1894 5017 quod
1931 4964 2054 5017 pro-

2611 2359 2618 2368 “
2721 2361 2975 2416 ΚΕΦΑΛ.
3005 2361 3132 2418 ΛΖ¹.

2142 2471 2235 2539 Ὠς
2288 2473 2437 2545 μετὰ
2483 2473 2810 2545 Νεστᾴριον·
2840 2475 3234 2544 Μαειμιανὸς,
3277 2470 3404 2530 εἶτα
3435 2473 3712 2545 Πρόκλος

2202 2544 2578 2613 πατριάρχης
2609 2543 2719 2611 τῆς
2749 2543 3214 2601 Κωνστιιντίνου
3245 2543 3673 2615 προϐάλζιεται.

2207 2725 2452 2780 Ἐκεῖνον
2481 2726 2527 2780 δ’
2563 2725 2809 2780 ἐκποδὼν
2840 2727 3159 2795 γενομένου,
3191 2728 3355 2781 πάλιν
3401 2746 3466 2780 πε
3480 2731 3532 2798 pl.
3590 2730 3715 2781 ἐπι-

2134 2817 2298 2888 λογῆς
2317 2819 2622 2872 ἐπισκόπου
2646 2820 2705 2872 οὖ
2730 2820 2930 2889 μετρία
2959 2821 3193 2888 ζήτησις
3224 2815 3310 2889 ἦν.
3376 2822 3486 2874 Καὶ
3524 2822 3716 2874 πολλοὶ

2140 2910 2241 2980 μὲν
2271 2911 2350 2972 εἰς
2377 2911 2470 2963 τὸν
2514 2913 2922 2982 προειρημένον
2980 2912 3198 2981 Σιδίτην
3246 2912 3559 2965 ἀπέϐλεπον
3615 2913 3716 2964 dti-

2135 3001 2515 3056 λιππονοοίδέ
2559 3005 2760 3064 πάντες
2792 3004 2975 3075 σχεδὸν
3018 3004 3263 3074 Πρόκλον
3319 3005 3557 3073 μάλιστα
3613 3005 3717 3069 τῆς

2138 3092 2410 3162 καθέδρας
2435 3093 2584 3157 ἄξιον
2623 3093 2840 3162 ἔκρινον
2871 3089 3036 3147 εἶναι.
3095 3094 3203 3146 Καί
3235 3075 3297 3159 γε
3326 3095 3391 3146 ἂν
3421 3095 3502 3156 εις
3537 3096 3719 3163 πέρας

2139 3185 2484 3255 προέϐαινεν,
2515 3189 2562 3238 εί
2616 3186 2691 3255 μή
2718 3202 2866 3248 τινες
2888 3186 2997 3238 τῶν
3033 3185 3337 3256 τηνικαῦτα
3369 3187 3518 3255 μέγα
3563 3191 3719 3256 τεαρᾶ

2141 3275 2355 3346 βασιλεῖ
2387 3276 2707 3347 δυναμένων
2730 3278 3116 3341 ἀπεκώλυε-αν,
3150 3279 3588 3350 προϐαλλόμενοι
3615 3297 3719 3334 κα·

2141 3369 2266 3422 νόνα
2289 3369 2770 3436 ἐκκλησιαστικὸν,
2838 3369 2897 3432 ὃς
2931 3370 3143 3423 κελεύει
3199 3370 3288 3423 τὸν
3341 3372 3723 3441 ὀνομασθέντα

2141 3461 2350 3526 πόλεώς
2373 3479 2518 3524 τινος
2563 3462 2864 3515 ἐπίσκοπον
2893 3465 2970 3526 είς
3001 3463 3198 3534 ἑτέραν
3249 3460 3405 3527 αὖθις
3435 3466 3510 3533 μὴ
3547 3483 3730 3534 μετα-

2143 3555 2427 3625 φέρεσθαι.
2460 3556 2698 3610 Ἔστιδέ
2741 3550 2921 3620 οὗτοςο
2962 3577 2980 3608 ι
3017 3557 3082 3608 Εἰ
3108 3575 3194 3621 τις
3256 3561 3564 3623 ἐπίσκοπος
3599 3577 3719 3629 χει-

2147 3647 2456 3720 ροτονηθεὶς
2477 3649 2555 3710 είς
2577 3648 2870 3718 παροικίαν
2903 3649 2978 3718 μὴ
3016 3649 3229 3721 ἀπέλθῃ
3258 3650 3338 3711 είς
3371 3653 3438 3721 ἣν
3499 3652 3722 3720 ἐχειρο-

2145 3741 2364 3810 τονήθη,
2395 3741 2470 3810 μὴ
2507 3742 2660 3810 παρὰ
2691 3740 2787 3811 τὴν
2815 3741 3012 3794 ἑαυτοῦ
3038 3742 3246 3803 αἰτίαν,
3271 3742 3386 3794 ἀλλ’
3410 3742 3530 3812 ἦτοι
3567 3741 3732 3812 rte-pi

2140 3831 2241 3900 τὴν
2267 3830 2363 3883 τοῦ
2408 3829 2539 3884 λαοῦ
2574 3830 2940 3899 παραίτησιν,
2999 3829 3142 3900 ἦδι’-
3167 3826 3362 3898 ἑτέραν
3419 3831 3605 3885 αἰτίαν
3659 3831 3724 3883 οὐ

2144 3923 2274 3992 παρ’
2305 3923 2502 3976 ἐαυτοῦ
2534 3923 2854 3993 γενομένην,
2888 3922 3080 3975 τοῦτον
3109 3923 3360 3994 μετέχειν
3410 3924 3512 3992 τῆς
3552 3925 3726 3994 τιμῆς

2143 4018 2238 4070 καὶ
2283 4015 2383 4083 τῆς
2408 4015 2785 4084 ίλειτουργίας,
2848 4015 3009 4086 μόνον
3064 4015 3231 4085 μηδὲν
3275 4014 3724 4085 παρενοχλοῦντα

2145 4110 2258 4173 τοῖς
2287 4110 2578 4179 πράγμασι
2603 4109 2703 4178 τῆς
2753 4108 3074 4179 ἐκκλησίας,
3130 4109 3264 4161 ἔνθα
3287 4108 3353 4162 ἂν
3405 4109 3723 4176 συνάγοιτο·

2147 4201 2464 4271 ἐκδέχεσθαι
2495 4201 2551 4256 δὲ
2577 4202 2764 4265 αὐτὸν,
2795 4202 2934 4272 ὅπερ
2965 4201 3030 4255 ἂν
3057 4203 3090 4272 ἠ
3116 4200 3215 4269 τῆς
3263 4201 3533 4270 ἐπαρχίας
3565 4200 3726 4253 σύνο-

2148 4297 2237 4360 δος
2265 4292 2523 4365 κρίνασα,
2566 4293 2628 4346 τδ
2691 4294 3100 4363 παριστάμενον
3141 4292 3326 4362 ὁρίσῃ.
3360 4311 3378 4344 ι
3441 4295 3538 4354 Ὃς
3587 4292 3728 4361 δῆτα

2151 4385 2330 4442 κανὼν
2389 4385 2857 4456 παῤῥησιασθεὶς,
2908 4386 3208 4454 ἡσυχάζειν
3269 4386 3364 4437 καὶ
3402 4383 3613 4465 ἄκοντα
3659 4383 3729 4435 τὰ

2151 4479 2331 4549 πλήθη
2359 4477 2639 4548 ἠνάγκαζε
2687 4477 2931 4546 Πρόκλον
2975 4476 3322 4543 ἐκλέγεσθαι.
3365 4476 3646 4546 Τετάρτου
3673 4475 3731 4529 δέ

2155 4571 2570 4644 παραρρυέντος
2600 4571 2768 4642 μηνδς
2789 4570 2928 4640 μετὰ
2949 4569 3047 4640 τὴν
3062 4569 3730 4641 Νεστορίουκαθαίρεσιν,

2154 4665 2508 4734 ἐπιτρέπεται
2541 4661 2638 4730 τὴν
2694 4661 2794 4732 τῆς
2857 4661 3152 4733 ἐκκλησίας
3199 4661 3734 4732 ἐπιτροπὴν,Μαξι-

2158 4759 2370 4830 μιανός’
2401 4757 2479 4826 τῷ
2500 4756 2648 4828 χορῷ
2682 4756 2781 4826 μὲν
2830 4756 2940 4808 τῶν
2994 4755 3388 4828 πρεσϐυτέρων
3441 4756 3732 4823 κατειλεγ-

2161 4853 2342 4923 μένος,
2379 4851 2667 4921 ὰσκητικῷ
2704 4850 2762 4903 δὲ
2792 4849 2892 4920 βίῳ
2915 4851 3288 4922 χρησάμενος.
3353 4850 3650 4912 εὐλαϐείας
3678 4850 3734 4903 δὲ

2161 4944 2427 5015 μεγίστης
2468 4944 2642 5013 ὄνομα
2669 4943 3003 5014 περιέκειτο·
3037 4939 3118 5007 οἷς
3149 4943 3373 5006 οἰκείοις
3413 4945 3734 5013 ἀναλώμασι

478 5044 618 5113 prjis
667 5042 982 5113 sumptibus
1027 5041 1400 5096 monumentis
1451 5041 1806 5100 constructis.
1859 5040 1913 5094 in
1969 5040 2037 5093 ei:

2161 5038 2408 5107 μνημεῖα
2441 5033 2896 5099 κατεσκευακὼς,
2927 5037 2985 5089 ἐν
3007 5036 3195 5100 αὐτοῖς
3229 5037 3505 5090 κατετίθει
3533 5039 3602 5092 τὰ
3630 5038 3735 5090 τῶν

480 5135 573 5204 pie
601 5133 990 5190 defunCtorum
1025 5133 1290 5202 reliquias
1322 5140 1634 5202 reponeret.
1670 5131 1733 5185 Et
1765 5141 2056 5200 propterea

481 5224 632 5295 quod
674 5223 926 5280 doctrina
950 5224 1145 5294 exigua
1179 5224 1304 5288 fuit,
1335 5222 1576 5277 alienam
1612 5237 1642 5276 a
1685 5221 1852 5276 rebus
1893 5237 2059 5290 agen-

484 5318 570 5371 dis
593 5316 871 5386 delegerat
896 5315 1082 5370 vitam.
1133 5314 1304 5380 Quam
1337 5313 1407 5367 ob
1438 5326 1656 5367 causam
1686 5311 1919 5367 ecclesia
1954 5311 2055 5366 sub

481 5425 549 5463 eo
596 5409 840 5464 externis
898 5423 1086 5464 rerum
1139 5405 1622 5462 ﬂuetibuslibera
1647 5425 1688 5473 ,·
1718 5419 1851 5475 pace
1887 5403 2056 5458 multa

482 5499 664 5556 lietata
692 5510 798 5557 est.
837 5503 1016 5572 Atque
1058 5501 1152 5556 ubi
1187 5516 1374 5567 annos.
1396 5499 1537 5554 duos
1563 5509 1618 5554 et
1651 5513 1872 5554 menses
1898 5496 2061 5567 quin-

483 5609 595 5667 que
657 5595 882 5664 paciﬁce
958 5594 1249 5650 ecclesiam
1307 5593 1752 5656 administravit,
1822 5591 2056 5660 septima

482 5687 680 5762 jejunii
715 5689 930 5744 dierum
982 5688 1308 5759 septimana,
1347 5703 1411 5744 ea
1443 5703 1565 5758 qua:
1614 5685 1816 5741 dicitur
1865 5683 2059 5754 Magna

2156 5128 2398 5191 εὐλαϐῶς
2427 5127 2806 5182 τελευτώντων
2833 5127 3087 5198 λείψανα.
3132 5129 3371 5198 Ἰδιώτης
3423 5129 3483 5182 δὲ
3510 5129 3588 5182 ὣν
3646 5129 3737 5182 τον

2155 5221 2335 5289 λόγον,
2403 5221 2926 5291 ἀπραγμονέστερον
2977 5221 3101 5291 βίον
3165 5223 3371 5293 ᾑρεῖτο·
3434 5222 3519 5275 διὸ
3570 5223 3735 5291 καὶὴ

2157 5314 2424 5384 ἐκκλησία
2471 5314 2566 5367 ἐπὶ
2624 5313 2816 5368 τούτου
2881 5313 3105 5385 βαθείας
3164 5314 3389 5383 εἰρήνης
3425 5314 3738 5383 ἁπήλαυσε,

2159 5404 2268 5459 τῶν
2303 5403 2506 5470 ἔξωθεν
2542 5405 2877 5476 ἠρεμήσασα
2923 5406 3123 5462 σάλων.
3165 5405 3292 5460 Ἐπὶ
3327 5406 3452 5459 δυσὶ
3485 5406 3531 5458 δ’
3559 5407 3741 5458 ἐνιαυ-

2165 5499 2278 5561 τοῖς
2307 5499 2402 5552 καὶ
2445 5499 2580 5568 μησὶ
2605 5498 2770 5552 πέντε
2803 5497 3096 5567 εἰρηνικῶς
3161 5496 3267 5567 τὴν
3298 5497 3608 5568 ἐκκλησίαν
3637 5498 3744 5552 ἰθύ-

2173 5607 2292 5654 νας,
2327 5591 2588 5644 ἐτελεύτα
2615 5593 2709 5645 τὸν
2742 5591 2857 5662 βίον
2888 5593 3032 5646 κατὰ
3062 5591 3160 5662 τὴν
3202 5592 3446 5662 ἐϐδὸμην
3470 5593 3745 5663 ἑϐδομάδα

2167 5684 2276 5737 τῶν
2323 5686 2607 5756 νηστειῶν,
2667 5687 2766 5755 τῆς
2826 5687 3089 5757 Μεγάλης
3125 5687 3400 5758 ἀγομένης
3457 5689 3737 5759 πέμπτης.

561 5804 638 5874 (1)
681 5804 804 5860 [lare
850 5805 1169 5862 constitutio
1224 5803 1383 5860 hodie
1435 5817 1540 5858 non
1588 5808 1780 5859 exstat.
1837 5800 2064 5857 Damnat
2092 5810 2272 5858 autem
2303 5801 2654 5859 Nestorianos
2689 5801 2776 5858 hic
2807 5803 3128 5875 imperator,
3160 5805 3196 5860 l.
3235 5803 3521 5859 Dunmalo.
3569 5803 3632 5858 (ἶ.
3671 5804 3741 5859 De

487 5879 682 5939 lueret.
714 5885 768 5932 et
792 5875 1027 5932 Manich.
