3962 6560
224 394 356 460 1189

777 503 1030 557 ΚΕΦΔΛ.
1070 503 1195 557 ΛΘ’.

222 622 356 688 Περὶ
400 621 779 691 μεταθέσεων
834 618 954 691 dati
1009 618 1227 686 θρόνου
1265 617 1671 691 είςᾷθρόνονη
1698 614 1793 691 δτι

288 685 423 766 [Ero
452 693 630 766 τοῦτο
652 690 886 766 ἄνωθεῖ
910 685 1447 766 ἐλρκλῃᾳιαστικρν,
1482 686 1579 739 καί
1612 685 1796 766 obdere

288 762 363 831 τῇ
387 758 1157 831 ἐκκλησιίαστικῆᾼεύταξίᾳ
1196 758 1548 831 λυμαίνεται
1592 758 1792 820 τοῦτο,

283 829 476 905 μόνον
504 830 704 897 καλῶς
732 830 830 884 καὶ
869 829 950 894 ὡς
973 830 1087 899 χρὴ
1113 830 1456 899 γινόμενον.

297 1035 518 1107 Ἐπειδὴ
543 1035 598 1088 δέ
629 1050 771 1096 τινες
802 1032 983 1103 φθόνῳ
1019 1033 1314 1102 φερόμενοι
1346 1034 1405 1086 ἐν
1436 1033 1644 1098 αίτίαις
1672 1051 1792 1088 ποι-

96 1118 109 1127 ”
215 1128 515 1183 οἱνιαιτδν
548 1126 1005 1196 ἐκκλησιαστικὸν
1065 1125 1290 1188 κανόνα,
1358 1126 1550 1196 μῶμον
1586 1127 1792 1180 ὡσανεὶ

218 1222 292 1291 τῷ
325 1222 457 1291 θείῳ
479 1219 654 1289 τούτῳ
686 1219 840 1288 ἀνδρὶ
868 1217 1362 1289 προστριϐόμενοι·
1403 1218 1596 1288 ὅτιπερ
1624 1218 1795 1282 Κυζί-

219 1328 313 1366 κου
343 1312 646 1373 ἐπίσκοπος
676 1295 1101 1381 χειροτονηθεὶς,
1137 1311 1216 1373 είς
1245 1310 1338 1363 τὸν
1366 1310 1467 1379 τῆς
1499 1312 1793 1365 Κωνσταν-

214 1402 576 1464 τινουπόλεως
609 1400 875 1471 μετετέθη
911 1401 1121 1473 θρόνον,
1151 1401 1359 1455 δίκαιον
1409 1401 1625 1473 ἥγημαι
1659 1401 1793 1473 βρα-

213 1496 290 1565 χέ’
319 1492 577 1547 animi.
640 1493 768 1562 περὶ
817 1479 1162 1562 μεταθέσεων
1205 1492 1443 1548 ἐνταῦθα
1488 1494 1787 1561 διαλαϐεῖν,

210 1585 279 1639 ἶν’
317 1584 426 1649 ἔξω
460 1584 559 1654 μὲν
603 1585 787 1648 αἰτίας
848 1584 945 1638 καὶ
985 1583 1229 1654 Πρόκλος
1281 1586 1516 1653 γένοιτο,
1571 1588 1668 1642 καὶ
1719 1592 1786 1657 τῇ

219 1676 526 1746 Ἐκκλησία
558 1676 647 1746 εἴη
688 1676 846 1729 τοῦτο
879 1675 1014 1729 θεοῦ
1068 1677 1253 1731 ἱκανὸν
1302 1679 1661 1750 παράδειγμα
1707 1682 1789 1745 είς

213 1768 541 1838 ἀσφάλειαν,
565 1768 640 1832 ὡς
685 1768 750 1821 ἂν
788 1770 863 1839 μὴ
895 1767 1077 1839 ῥᾴδιον
1138 1771 1225 1841 εἴη
1268 1770 1584 1841 βουλομένῳ
1623 1774 1789 1828 παντὶ

213 1863 321 1925 τοῖς
349 1862 588 1930 ὲλλόγως
639 1863 777 1933 αὐτῇ
817 1838 1238 1933 πεπραγμένοις
1269 1838 1486 1935 *μέμψιν
1519 1838 1595 1929 ῶς
1623 1865 1784 1935 ἔτυχε
1822 1838 1863 1897 Β

216 1954 567 2024 περιάπτειν.
600 1955 708 2007 Καὶ
742 1954 852 2024 γὰρ
903 1956 1027 2025 ἐμοὶ
1077 1955 1331 2009 δοκοῦσιν
1371 1959 1423 2009 οἱ
1458 1960 1579 2017 τότε
1606 1958 1788 2029 λέγειν

212 2046 691 2117 ἐπιχειρήσαντες,
729 2046 765 2116 ἢ
804 2045 986 2116 φθόνῳ
1037 2048 1390 2120 φέρεσθαι,ή
1444 2038 1662 2121 ἀγνοεῖν
1695 2050 1787 2104 τόν

208 2154 270 2190 τε
297 2135 428 2189 νοῦν
461 2137 571 2189 τῶν
601 2138 864 2203 κανόνων,
897 2139 992 2192 καὶ
1040 2140 1108 2192 τά
1136 2140 1412 2210 διαφόρως
1435 2141 1527 2194 ὲπί
1558 2159 1615 2195 τε
1644 2142 1790 2194 οἱκο-

212 2228 382 2298 νομίᾳ
422 2229 516 2281 καὶ
544 2228 817 2299 χρειωδῶς
845 2232 964 2293 ταῖς
989 2230 1302 2300 ἐκκλησίαις
1327 2232 1615 2302 γενόμενα.
1639 2232 1706 2286 Οἵ
1728 2250 1786 2286 τε

212 2324 318 2391 γὰρ
353 2321 489 2375 θεῖοι
545 2321 792 2386 κανόνες,
850 2324 943 2377 καὶ
998 2324 1047 2374 oi
1081 2323 1248 2375 πάλαι
1301 2324 1401 2392 τῆς
1455 2323 1786 2393 Ἐκκλησίας

208 2410 545 2480 προστάται,
568 2409 862 2480 ἀδιάφορον
882 2405 1052 2479 εἶχον,
1077 2411 1265 2475 ὁσάκις
1288 2410 1354 2465 ἄν
1376 2410 1599 2481 abiero;
1627 2413 1786 2483 χρεία

214 2500 432 2572 καλοίη,
463 2502 526 2555 τὸ
555 2501 663 2555 ἀπὸ
698 2502 907 2565 πόλεως
947 2504 1028 2566 εἰς
1060 2503 1213 2556 πόλιν
1268 2508 1532 2574 μετάγειν
1559 2508 1782 2561 ἐπίσκο-

213 2614 310 2647 πον
331 2609 346 2623 '
378 2594 472 2649 καὶ
501 2594 673 2649 ταῦτα
706 2596 756 2648 εί
804 2595 935 2663 περὶ
966 2595 1246 2661 εὐσεϐείας
1293 2593 1362 2668 ἦν
1388 2599 1420 2668 ή
1471 2600 1781 2669 μετάθεσις,

206 2688 241 2758 ἢ
273 2688 406 2758 περὶ
437 2689 660 2759 εἰρήνης
695 2688 823 2752 ἴσως
856 2689 952 2742 καὶ
998 2689 1461 2762 ἐκκλησιαστικῆς
1508 2694 1784 2748 καταστά-

210 2796 371 2844 σεως.
398 2779 510 2848 Τὴν
542 2780 652 2850 γάρ
705 2779 1005 2850 μετάϐασιν
1034 2783 1061 2834 ό
1095 2782 1278 2835 κανὼν
1333 2782 1532 2853 είργει,
1590 2786 1651 2839 οὐ
1682 2786 1781 2857 τὴν

210 2874 525 2942 μετάθεσιν.
568 2872 633 2927 Ἦ
661 2874 758 2944 μὲν
781 2876 888 2945 γὰρ
915 2874 974 2927 τὸ
999 2875 1303 2946 ἀϐούλητον
1336 2878 1554 2941 πάντως
1584 2880 1785 2950 ἐμφαί-

210 2982 286 3018 νει
320 2967 420 3018 καὶ
441 2966 806 3035 ἀπροαίρετον
829 2981 843 2995 ⁸
871 2967 964 3018 ἐπὶ
991 2968 1103 3037 γὰρ
1128 2968 1236 3021 τῶν
1261 2969 1465 3024 ὡσανεὶ
1496 2970 1718 3042 ἀψύχων
1749 2974 1783 3043 ή

206 3057 351 3123 λέξις
378 3058 694 3127 προάγεται·
724 3060 754 3127 ή
781 3056 838 3110 δέ
866 3075 928 3126 γε
953 3058 1252 3128 μετάϐασις
1274 3061 1367 3113 ἐπὶ
1394 3061 1502 3131 τῷν
1526 3061 1783 3132 ἐμψύχων

209 3150 296 3203 καὶ
359 3149 559 3202 dicaam.
593 3148 988 3219 ὲπιπηδώντων
1028 3153 1143 3214 τοῖς
1186 3150 1396 3219 θρόνοις
1454 3152 1521 3205 δι’
1549 3154 1781 3225 ἔπαρσιν
1809 3191 1853 3251 c

207 3242 333 3304 ίσως
375 3241 469 3293 καὶ
519 3239 784 3310 σύγχυσιν
812 3256 825 3270 ·
859 3241 927 3312 ἣν
964 3241 1109 3310 μάλα
1133 3244 1227 3297 καὶ
1255 3244 1283 3297 ό
1317 3243 1498 3297 κανὼν
1542 3245 1780 3315 εὐλόγως

206 3331 420 3403 ἐπέχει,
443 3331 517 3395 ὡς
549 3333 744 3404 μικρὸν
772 3330 1000 3404 ὕστερον
1026 3333 1367 3407 πλατύτερον
1411 3336 1744 3409 διαλήψομαι
1765 3353 1781 3366 ⁸

205 3428 304 3497 τὴν
327 3427 380 3481 δ’
403 3426 628 3497 εὔλογον
662 3428 956 3498 μετάθεσιν
976 3429 1231 3501 οὐδαμῶς
1254 3447 1270 3464 ο
1297 3432 1391 3486 καὶ
1426 3432 1537 3503 γάρ
1570 3433 1783 3503 πρῶτος

200 3521 233 3573 ὁ
255 3522 365 3574 τῶν
399 3521 713 3576 ἀποστόλων
763 3526 1064 3594 κορυφαῖος
1108 3524 1317 3595 Πέτρος
1350 3526 1451 3595 τῆς
1492 3525 1780 3596 Ῥωμαίων

206 3614 567 3683 καθηγήσατο
595 3615 805 3679 πόλεως
827 3633 840 3646 ·
880 3613 1000 3671 εἶτα
1031 3617 1127 3672 καὶ¹
1170 3618 1267 3673 ἐπὶ
1290 3619 1389 3691 τὴν
1422 3619 1779 3692 Ἀλεξάνδρου

208 3701 370 3754 πάλιν
402 3701 618 3771 πρῶτος
646 3701 835 3774 κλήρῳ
868 3703 1189 3772 μετέϐαινεν
1212 3723 1227 3738 ο
1274 3710 1334 3760 ἐν
1370 3702 1457 3772 αἷς
1489 3710 1782 3784 Λίνονβκαὶ

205 3792 437 3863 Μάρκον
462 3795 869 3864 χειροτονήσας,
893 3794 979 3864 ἐφ’
1012 3796 1207 3864 ἑτέρας
1241 3798 1425 3862 πόλεις
1461 3800 1778 3873 ἀνέτρεχεν.

207 3881 470 3946 Εὐσέϐιος
495 3882 540 3936 δ’
567 3883 597 3936 ὸ
639 3884 925 3953 Παμφίλου
960 3885 1018 3937 ἒν
1043 3888 1109 3955 τῇ
1144 3886 1283 3959 ἕκτῃ
1318 3889 1425 3942 τῶν
1452 3889 1780 3961 Ἐκκλησια-

211 3974 415 4030 στικῶν
468 3976 810 4046 συγγραφῶν
868 3975 1212 4048 Ἀλέξανδρόν
1244 3996 1363 4033 τινα
1395 3981 1601 4052 ἱστορεῖ
1659 3983 1781 4037 ἐπί-

216 4083 423 4118 σκοπον
452 4068 582 4136 μιᾶς
609 4067 718 4118 τῶν
740 4067 870 4135 περὶ
905 4068 1297 4125 Καππαδοκίαν
1324 4071 1627 4143 ἐκκλησιῶν
1651 4073 1781 4131 ὄντα

203 4155 432 4224 ἀφῖχθαι
473 4154 571 4224 μὲν
614 4156 696 4218 είς
736 4156 1086 4228 Ἰεροσόλυμα
1128 4159 1270 4211 κατὰ
1301 4160 1430 4213 θέαν
1483 4162 1577 4215 καὶ
1607 4163 1778 4237 εὐχὴν

203 4248 386 4300 τόπων
413 4246 734 4318 τῶν.ίερῶν,
770 4247 874 4301 ὑπὸ
899 4248 955 4303 δὲ
978 4249 1086 4303 τῶν
1112 4251 1295 4303 ἐκεῖσε
1333 4249 1777 4324 Ἱεροσολυμιτῶν

204 4339 632 4410 κατασχεθέντα,
679 4340 757 4408 τῷ
790 4339 965 4411 θρόνῳ
1010 4340 1105 4395 τοῦ
1164 4342 1314 4413 ἱεροῦ
1350 4342 1662 4415 Ναρκίσσου
1694 4347 1777 4401 ἔτι

204 4431 491 4500 περιόντος
524 4429 959 4501 ὲνθρονισθῆναι,
1018 4434 1116 4486 καὶ
1165 4433 1252 4488 διὰ
1306 4435 1423 4505 βίου
1473 4438 1573 4507 τῆς
1617 4439 1776 4509 ἰιροο

1136 385 1739 449 ΕΟΟιΕΞΙΑΞΤΙΟίΕ
1783 382 2168 445 ΠΙΞΤΟΠΗΕ
2209 383 2352 446 LIB.
2394 381 2545 443 XIV.

3338 384 3473 441 lilii]

2330 491 2493 562 525
2533 490 2757 547 CAPUT
2795 489 3041 546 xxxrx.

1897 607 1974 661 De
2023 606 2463 662 translationibus
2514 590 2877 675 episcOporunt
2927 622 2992 660 ex
3041 606 3161 660 sede
3195 607 3249 660 in
3301 606 3473 659 sedem

1970 676 2160 739 aliam,
2196 679 2414 748 etquod
2453 679 2777 748 consuetudo
2802 692 2865 730 ea
2899 678 3191 748 antiquitus
3219 677 3271 748 in
3308 676 3473 748 eccle-

1967 749 2060 803 siis
2094 745 2395 801 obtinuerit.
2446 745 2703 817 Quodque
2739 748 2863 799 talis
2896 746 3189 817 translatio
3234 745 3361 797 bene
3391 745 3475 817 in-

1964 822 2151 869 stituto
2176 817 2530 871 ecclesiastico
2560 815 2735 870 ordini
2771 815 2904 887 nihil
2937 817 3124 887 afferat
3149 815 3473 877 detrimenti,

1968 897 2025 939 ut
2051 892 2205 941 modo
2231 903 2292 941 ea
2328 888 2428 940 rite
2459 896 2507 941 et
2534 888 2717 940 ordine
2749 885 2870 953 ﬁat.

1965 1023 2422 1093 Quandoquidem
2478 1034 2662 1081 autem
2712 1024 2965 1079 nonnulli
3029 1023 3237 1079 invidia
3297 1023 3471 1090 ducti,

1896 1115 2143 1173 divinum
2178 1118 2361 1173 virum
2392 1119 2823 1189 reprehendunt,
2855 1119 3285 1175 ecclesiasticum
3311 1134 3475 1174 cano-

1896 1224 2018 1262 ncm
2056 1220 2482 1278 praetendentes,
2523 1212 2668 1281 quod
2707 1213 2884 1283 (ἐξ-αἱεί
2922 1214 3213 1283 episcopus
3249 1212 3474 1266 ordina-

1894 1309 2005 1364 tus,
2050 1300 2107 1354 in
2147 1300 2775 1372 ConstantinOpolitanaa
2798 1304 2951 1359 urbis
2997 1304 3257 1358 thronum
3298 1313 3477 1361 trans-

1892 1393 2039 1449 latus
2072 1397 2188 1449 sit:
2244 1411 2462 1465 aequum
2494 1411 2617 1452 esse
2672 1396 2828 1459 duxi.
2883 1413 3053 1468 pauca
3106 1398 3355 1468 quaedam
3406 1397 3475 1452 de

1894 1486 2353 1543 translationibus
2398 1488 2737 1557 ejuscemodi
2788 1491 2879 1545 hie
2937 1490 3355 1562 perstringere,
3415 1500 3476 1543 ut

1888 1580 2057 1636 simul
2103 1590 2159 1637 et
2203 1581 2428 1636 Proclus
2460 1582 2694 1637 crimine
2744 1582 3077 1647 absolvatur,
3133 1593 3189 1638 et
3237 1582 3473 1637 Ecclesia

1892 1673 2187 1729 classicum
2221 1673 2327 1728 boc
2359 1673 2424 1728 ad
2457 1672 2848 1728 certitudinem
2885 1673 3155 1728 divinitus
3189 1674 3468 1744 proditum

1892 1768 2091 1823 habeat
2123 1771 2459 1838 exemplum.
2492 1781 2560 1822 ne
2594 1766 2770 1822 cuivis
2810 1767 2992 1821 facere
3025 1766 3075 1820 id
3105 1767 3309 1821 volenti
3345 1782 3471 1836 pro-

1892 1855 2033 1909 clive
2089 1856 2200 1918 sit,
2248 1870 2337 1909 res
2391 1854 2650 1910 Ecclesia:
2697 1855 2801 1910 rite
2852 1865 3017 1925 atque
3053 1856 3247 1910 ordine
3292 1867 3468 1917 actas.

1893 1955 2099 2003 temere
2124 1964 2221 2018 per
2251 1948 2746 2019 reprehensionem
2784 1965 3036 2019 carpere.
3069 1950 3205 2005 Nam
3233 1950 3324 2020 qui
3352 1960 3466 2004 tum

1892 2046 2004 2094 rem
2036 2039 2179 2095 hanc
2212 2049 2397 2095 taxare
2438 2041 2620 2095 conati
2659 2051 2809 2108 sunt,
2843 2042 2924 2095 vel
2957 2042 3157 2096 invidia
3192 2042 3346 2107 ferri,
3384 2044 3467 2103 vel

1892 2131 2147 2203 ignorare
2181 2133 2313 2187 mihi
2346 2134 2447 2188 visi
2481 2142 2628 2201 sunt,
2665 2149 2937 2190 canonum
2970 2151 3192 2189 sensum
3225 2146 3283 2190 ct
3314 2152 3468 2192 men-

1893 2236 2023 2284 tem.
2053 2235 2217 2294 atque
2246 2241 2310 2279 ea
2342 2242 2464 2295 quae
2496 2227 2646 2280 varie
2680 2227 2732 2281 in
2770 2228 3022 2282 ecclesiis
3054 2244 3153 2297 per
3181 2227 3468 2298 dispensa.

1891 2304 2097 2369 tionem
2130 2325 2185 2369 et
2221 2317 2515 2372 utilitatem
2562 2327 2779 2372 servata
2823 2332 2953 2373 sunt
2990 2330 3046 2373 et
3079 2331 3250 2390 gesta.
3282 2322 3465 2376 Divini

1888 2408 2159 2478 siquidem
2204 2424 2467 2473 canones,
2519 2418 2575 2464 et
2624 2418 2839 2466 veteres
2892 2412 3151 2469 Ecclesia:
3190 2415 3467 2470 antiStites

1888 2498 2127 2553 liberum
2181 2515 2303 2555 esse
2358 2502 2675 2566 voluerunt,
2733 2503 3171 2574 quotiescunque
3224 2506 3465 2576 legitima

1888 2589 2143 2644 suaderet
2188 2591 2419 2657 utilitas,
2452 2609 2516 2647 ex
2552 2593 2688 2648 urbe
2725 2611 2832 2649 una
2869 2598 2922 2650 in
2959 2597 3119 2651 aliam
3144 2598 3466 2669 episcopum

1888 2679 2189 2736 transferre
2218 2682 2515 2738 :vitlelieet
2555 2685 2599 2739 si
2633 2685 2910 2741 sincerior
2932 2686 3130 2755 pietas,
3173 2690 3257 2742 vel
3285 2690 3467 2743 eccle.

1887 2771 2117 2827 siasticae
2175 2771 2318 2827 forte
2376 2776 2786 2844 tranquillitatis
2848 2780 3174 2834 constitutio
3236 2782 3467 2835 transis...

1888 2863 2090 2917 tionem
2137 2863 2427 2936 ﬂagitaret.
2459 2868 2862 2924 Transitioncm
2900 2887 3137 2942 namque
3184 2873 3461 2940 prohibet,

1887 2970 1997 3009 non
2027 2958 2465 3014 translationem.
2506 2961 2631 3017 Haec
2665 2963 2837 3028 enim,
2872 2962 2921 3016 id
2954 2966 3096 3031 quod
3128 2974 3327 3033 praeter
3364 2980 3466 3017 νο-

1886 3048 2150 3103 luntatem
2172 3059 2227 3103 et
2256 3061 2452 3120 praeter
2485 3053 2796 3108 institutum
2819 3056 2896 3120 tit,
2924 3056 3152 3109 omnino
3168 3056 3459 3128 signiﬁcat,

1885 3150 1941 3195 et
1967 3156 2069 3195 vox
2095 3156 2156 3197 ea
2182 3142 2353 3197 veluti
2383 3144 2438 3197 in
2465 3144 2786 3200 inanimatis
2810 3157 3108 3217 usurpatur
3145 3167 3158 3201 :
3194 3150 3283 3203 illa
3308 3166 3460 3218 vero,

1885 3233 1953 3288 de
1986 3236 2266 3301 animatis,
2322 3248 2378 3293 et
2426 3239 2835 3308 quodammodo
2883 3241 2952 3295 de
2994 3242 3075 3296 eis
3124 3242 3331 3297 dicitur
3364 3242 3461 3312 qui

1884 3340 1982 3395 per
2011 3330 2379 3398 arrogantiam
2417 3330 2561 3386 forte
2589 3333 3000 3388 miscendarum
3041 3350 3227 3388 rerum
3261 3337 3459 3404 gratia,

1890 3415 1943 3469 in
1979 3416 2206 3473 thronos
2238 3419 2512 3476 insiliunt.
2553 3422 2684 3476 Eam
2719 3440 2852 3480 vero
2884 3436 3031 3481 recte
3068 3441 3264 3490 canon,
3297 3428 3459 3485 sicuti

1882 3508 2043 3577 paulo
2088 3521 2210 3580 post
2262 3511 2440 3569 fusius
2491 3531 2782 3585 exponam,
2836 3518 3046 3574 inhibet
3097 3537 3111 3574 :
3160 3521 3457 3589 legitimam

1884 3610 2062 3660 autem
2094 3604 2505 3661 translationem
2534 3623 2901 3678 nequaquam.
2926 3610 3059 3666 Nam
3086 3615 3294 3682 primus
3322 3630 3459 3683 apo-

1881 3692 2147 3748 stolorum
2180 3694 2270 3751 ille
2317 3697 2579 3768 princeps
2620 3700 2839 3767 Petrus,
2877 3703 3135 3759 Romanae
3168 3707 3323 3760 urbis
3365 3723 3458 3776 gu-

1881 3780 2135 3838 bernavit
2166 3783 2462 3843 Ecclesiam
2500 3806 2514 3843 :
2547 3791 2748 3848 deinde
2779 3796 2988 3863 primus
3020 3798 3185 3853 etiam
3216 3801 3489 3854 Alexan-.

1881 3877 2056 3932 driam
2085 3888 2231 3934 sorte
2267 3881 2506 3938 transiit.
2542 3882 2599 3939 ln
2627 3885 2829 3952 quibus
2854 3889 3106 3945 ecclesiis
3137 3892 3229 3946 ubi
3258 3892 3454 3947 Linum

1881 3976 1937 4023 et
1986 3968 2225 4024 Marcum
2268 3973 2559 4043 episcopos
2596 3979 2823 4041 creavit,
2871 3979 3009 4035 alias
3054 3997 3248 4038 rursus
3292 3988 3456 4042 urbes

1881 4060 2036 4116 adiit.
2082 4060 2358 4117 Eusebius
2394 4077 2575 4120 autem
2614 4067 2881 4139 Pamphili
2915 4072 2967 4125 in
3001 4084 3155 4128 sexto
3185 4076 3456 4133 Eeclesia~

1884 4150 2147 4206 sticarum
2172 4154 2537 4210 Historiarum
2564 4158 2729 4223 libro,
2754 4162 3130 4219 Alexandrum
3157 4170 3451 4237 quemdam

1883 4243 2127 4319 ecclesize
2160 4245 2217 4299 in
2258 4245 2603 4318 Cappadocia
2636 4253 2920 4323 cujusdam
2947 4260 3290 4330 episcopum,
3328 4262 3454 4317 Hie-

1881 4336 2154 4408 rosolyma
2181 4353 2464 4395 sacrorum
2493 4341 2741 4399 locorum
2774 4351 3201 4422 spcctandorom
3235 4362 3290 4406 et
3323 4371 3454 4422 pre-

1879 4429 2113 4483 cationis
2159 4430 2235 4486 ibi
2278 4431 2540 4489 facienda:
2592 4439 2765 4505 gratia
2810 4417 3152 4511 profectum,
3199 4417 3365 4513 atque
3426 4464 3453 4500 a

203 4518 459 4589 σολῠμων
504 4521 805 4590 ἐκκλησίας
861 4526 1197 4594 προστῆναι·
1228 4530 1355 4597 περὶ
1385 4527 1446 4581 οὗ
1488 4531 1584 4583 καὶ
1619 4533 1781 4600 ἡμεῖς

1891 4516 2390 4591 Hierosolymitanis
2416 4534 2712 4594 retentum,
2736 4528 2790 4583 in
2817 4531 3017 4587 throno
3039 4539 3180 4590 sacri
3213 4538 3454 4594 Narcissi

202 4611 403 4680 μνείαν
455 4611 513 4663 ὲν
559 4614 628 4682 τῇ
683 4614 915 4685 πέμπτῃ
951 4614 1060 4667 τῶν
1122 4616 1375 4685 ἱστοριῶν
1425 4622 1777 4692 πεποιήμεθα

202 4702 489 4774 κεφαλαίῳ
520 4704 752 4775 δεκάτῳ.
783 4704 909 4758 Ὅτι
958 4705 1014 4759 δὲ
1045 4707 1139 4760 καὶ
1166 4707 1317 4765 ἄλλοι
1351 4692 1539 4765 πολλοὶ¹
1587 4715 1778 4785 χρείας

202 4794 514 4861 ἀναγκαίας
539 4795 809 4865 καλούσης
838 4798 918 4860 είς
946 4798 1140 4868 ἐτέρας
1166 4801 1560 4874 μετεχώρησαν
1583 4807 1778 4875 ἐκκλη-

204 4887 350 4955 σίας,
382 4886 623 4957 εὔδηλον.
664 4888 808 4957 Ἐγὼ
835 4889 915 4957 δὲ,
951 4892 1000 4943 εί
1029 4893 1126 4944 καὶ
1160 4894 1238 4963 μὴ
1268 4895 1500 4963 πάντας,
1533 4897 1651 4949 ἀλλ’
1683 4902 1776 4953 οὖν

201 4994 359 5042 τινας
390 4981 455 5049 τῇ
490 4982 782 5050 συγγραφῇ
821 4980 1237 5051 παραθήσομαι.
1279 4982 1336 5036 '0
1373 4984 1543 5053 μέγας
1570 4987 1778 5043 Εὑστά-

203 5070 319 5133 θιος
362 5070 471 5123 ἀπὸ
522 5071 812 5143 Βερῥοίας,
863 5072 951 5141 εἴη
982 5072 1026 5125 δ’
1070 5072 1135 5127 ἂν
1170 5074 1310 5147 αὕτη
1358 5076 1419 5131 τὸ
1443 5077 1657 5147 Χάλεπ,
1695 5083 1775 5145 είς

210 5161 553 5233 Ἀντιόχειαν
613 5164 904 5235 μετετέθη,
956 5165 1053 5220 τοῦ
1106 5167 1328 5238 πρώτου
1386 5170 1444 5223 ἐν
1494 5171 1775 5240 βασιλεῦσι

199 5254 549 5324 Χριστιανῶν
579 5256 992 5310 Κωνσταντίνου
1026 5258 1124 5329 τὴν
1164 5258 1453 5328 Ῥωμαίων
1476 5263 1774 5332 ήγεμονίαν

200 5340 500 5411 ιθύνοντος.
528 5347 653 5400 Ἐπὶ
685 5348 732 5402 δ’
783 5349 951 5403 αὑτοῦ
1002 5353 1094 5404 καὶ
1127 5352 1382 5423 Μάξιμος
1410 5354 1517 5407 ἀπὸ
1546 5358 1774 5412 Διοσπό-

196 5436 338 5502 λεως
368 5440 447 5501 είς
486 5437 836 5510 Ἱεροσόλυμα
870 5442 1159 5511 μετετέθη,
1201 5443 1292 5496 τὸν
1323 5443 1496 5499 πολὺν
1542 5449 1638 5500 καὶ
1678 5448 1776 5520 μέ-

194 5545 301 5597 γαν
367 5529 777 5600 διαδεδεγμένος
835 5534 1147 5605 Μακάριον.
1190 5534 1353 5591 Ἀλλὰ
1392 5540 1487 5592 καὶ
1522 5540 1773 5609 Εὐδόξιος

195 5620 224 5672 ὁ
251 5620 547 5685 κακόδοξος
577 5623 640 5675 ὲκ
665 5623 1031 5693 Γερμανικίας
1056 5624 1273 5694 πρῶτον
1299 5627 1379 5691 είς
1412 5625 1770 5699 Ἀντιόχειαν,

194 5712 412 5765 ἐκεῖθεν
443 5712 496 5765 δὲ
530 5714 611 5776 είς
655 5714 1235 5770 Κωνσταντινούπολιν
1290 5719 1665 5788 μετατίθεται.
1710 5723 1769 5776 '0

193 5802 249 5857 δὲ
281 5802 428 5866 θεῖος
469 5804 728 5869 Μελέτιος
780 5806 1041 5874 πρότερον
1093 5809 1422 5875 Σεϐαστείας
1472 5814 1569 5879 τῆς
1628 5815 1769 5868 κατὰ

1883 4611 2067 4667 adhuc
2114 4615 2437 4683 superstitis
2482 4618 2811 4675 collocatum
2862 4638 3004 4692 esse,
3046 4637 3100 4680 et
3146 4643 3239 4697 per
3288 4632 3451 4686 vitam

1880 4717 2098 4758 omnem
2135 4703 2640 4778 llierosolymitana:
2671 4713 2942 4771 Ecclesia:
2984 4718 3292 4788 puduisse,
3335 4739 3451 4777 me—
3544 4779 3547 4782 ε

1881 4796 2069 4871 moria:
2102 4799 2379 4854 mandavit
2429 4800 2642 4873 :526
2692 4807 2850 4876 cujus
2900 4819 2957 4862 et
3016 4826 3116 4865 nos
3152 4815 3208 4867 in
3255 4817 3453 4881 quinta

1879 4888 2062 4956 operis
2092 4888 2253 4959 hujus
2290 4890 2456 4954 libro,
2488 4894 2669 4964 capite
2699 4895 2915 4953 decimo
2950 4900 3281 4957 mentionem
3318 4903 3455 4959 ieci-

1880 4994 2022 5034 mus.
2056 4980 2213 5046 Quod
2259 4998 2389 5037 vero
2421 4991 2477 5037 et
2525 4986 2683 5039 multi
2724 4988 2839 5051 alii,
2874 4993 3181 5047 necessaria
3212 4996 3449 5052 utilitate

1878 5081 2129 5137 vocante,
2159 5074 2214 5129 in
2244 5074 2379 5131 alias
2413 5078 2743 5134 transierint
2773 5083 3064 5149 ecclesias,
3108 5089 3245 5143 satis
3273 5099 3445 5158 patet.

1878 5164 1991 5235 Ego
2028 5179 2181 5232 vero,
2208 5166 2314 5221 etsi
2348 5182 2456 5222 non
2489 5184 2705 5238 omnes,
2731 5172 2946 5242 aliquos
2971 5185 3148 5233 tamen
3182 5180 3238 5234 in
3272 5182 3446 5238 histo-

1877 5258 1963 5312 ria
1995 5258 2099 5312 hac
2150 5259 2472 5315 recensebo.
2520 5261 2747 5333 Magnus
2783 5264 2873 5318 ille
2909 5266 3226 5329 Eustathius
3253 5290 3283 5328 a
3314 5275 3449 5328 Ber-
3520 5294 3537 5297 -

1878 5353 2033 5407 rhtea
2070 5353 2214 5424 (quae
2241 5364 2326 5409 est
2365 5355 2480 5426 ipsa
2505 5355 2735 5428 Chaleb)
2760 5359 2815 5413 in
2843 5362 3192 5437 Antiochiam
3217 5370 3451 5426 transla-

1877 5452 1967 5498 tus
1995 5455 2102 5510 est,
2152 5443 2513 5503 Constantino
2542 5449 2723 5520 primo
2759 5452 3078 5511 Christiano
3111 5459 3449 5529 imperatam

1877 5536 2171 5606 imperium
2221 5539 2531 5596 Romanum
2581 5545 3054 5606 administrante:
3097 5554 3201 5608 sub
3247 5571 3357 5625 quo
3389 5568 3447 5612 et

1874 5629 2142 5685 Maximus
2169 5646 2238 5686 ex
2284 5633 2534 5705 Diospoli
2568 5636 2946 5713 Hierosolyma
2980 5647 3216 5709 transiit,
3251 5664 3446 5718 magno

1873 5722 2111 5778 Macario
2148 5724 2471 5782 succedens.
2509 5729 2614 5785 Sed
2662 5746 2719 5788 et
2770 5734 3049 5794 Eudoxius
3095 5741 3204 5802 ille,
3264 5757 3445 5810 pravae

1873 5831 2101 5879 prorsus
2135 5827 2327 5873 contra
2355 5835 2556 5877 nomen
2599 5840 2759 5880 suum
2791 5831 3089 5897 opinionis,
3118 5852 3181 5890 es
3212 5834 3442 5890 Genna-
