  <div class='ocr_page' id='page_1' title='image "/cluster/home/n/w/nwhite01/storage/ocr_20150623/146/hvd.32044019208347/603.png"; bbox 0 0 4036 6572; ppageno 0'>
   <div class='ocr_carea' id='block_1_1' title="bbox 483 402 615 464">
    <p class='ocr_par' dir='ltr' id='par_1_1' title="bbox 483 402 615 464">
     <span class='ocr_line' id='line_1_1' title="bbox 483 402 615 464; baseline 0.008 -1"><span class='ocrx_word' id='word_1_1' title='bbox 483 402 615 464; x_wconf 77' lang='lat'><strong>1191</strong></span> 
     </span>
    </p>
   </div>
   <div class='ocr_carea' id='block_1_2' title="bbox 1680 399 2494 459">
    <p class='ocr_par' dir='ltr' id='par_1_2' title="bbox 1680 399 2494 459">
     <span class='ocr_line' id='line_1_2' title="bbox 1680 399 2494 459; baseline 0.002 -3"><span class='ocrx_word' id='word_1_2' title='bbox 1680 399 1722 456; x_wconf 68' lang='grc' dir='ltr'>Ν</span> <span class='ocrx_word' id='word_1_3' title='bbox 1737 399 2104 459; x_wconf 75' lang='lat' dir='ltr'><strong>iCEl’ﬂORl</strong></span> <span class='ocrx_word' id='word_1_4' title='bbox 2141 400 2229 458; x_wconf 87' lang='lat' dir='ltr'><strong>CA</strong></span> <span class='ocrx_word' id='word_1_5' title='bbox 2245 400 2494 459; x_wconf 72' lang='grc' dir='ltr'><strong>ωειί</strong></span> 
     </span>
    </p>
   </div>
   <div class='ocr_carea' id='block_1_3' title="bbox 3602 397 3750 462">
    <p class='ocr_par' dir='ltr' id='par_1_3' title="bbox 3602 397 3750 462">
     <span class='ocr_line' id='line_1_3' title="bbox 3602 397 3750 462; baseline 0.02 -3"><span class='ocrx_word' id='word_1_6' title='bbox 3602 397 3750 462; x_wconf 72' lang='lat'><strong>1192</strong></span> 
     </span>
    </p>
   </div>
   <div class='ocr_carea' id='block_1_4' title="bbox 479 507 2057 582">
    <p class='ocr_par' dir='ltr' id='par_1_4' title="bbox 479 507 2050 582">
     <span class='ocr_line' id='line_1_4' title="bbox 479 507 2050 582; baseline -0.003 -15"><span class='ocrx_word' id='word_1_7' title='bbox 479 514 622 567; x_wconf 78' lang='lat' dir='ltr'><strong>nicia</strong></span> <span class='ocrx_word' id='word_1_8' title='bbox 654 512 890 582; x_wconf 85' lang='lat' dir='ltr'><strong>primum</strong></span> <span class='ocrx_word' id='word_1_9' title='bbox 922 509 1292 575; x_wconf 75' lang='lat' dir='ltr'><strong>Antiochiam,</strong></span> <span class='ocrx_word' id='word_1_10' title='bbox 1319 520 1373 564; x_wconf 89' lang='lat' dir='ltr'><strong>et</strong></span> <span class='ocrx_word' id='word_1_11' title='bbox 1407 507 1534 567; x_wconf 87' lang='lat' dir='ltr'><strong>inde</strong></span> <span class='ocrx_word' id='word_1_12' title='bbox 1562 518 1748 579; x_wconf 87' lang='lat' dir='ltr'><strong>postea</strong></span> <span class='ocrx_word' id='word_1_13' title='bbox 1779 509 2050 565; x_wconf 90' lang='lat' dir='ltr'><strong>Constan-</strong></span> 
     </span>
    </p>
   </div>
   <div class='ocr_carea' id='block_1_5' title="bbox 2161 507 3745 582">
    <p class='ocr_par' dir='ltr' id='par_1_5' title="bbox 2161 507 3745 578">
     <span class='ocr_line' id='line_1_5' title="bbox 2161 507 3745 578; baseline -0.003 -14"><span class='ocrx_word' id='word_1_14' title='bbox 2161 509 2416 564; x_wconf 74' lang='grc' dir='ltr'><strong>Κιλικίαν</strong></span> <span class='ocrx_word' id='word_1_15' title='bbox 2472 507 2827 578; x_wconf 72' lang='grc' dir='ltr'>ἀνεκηρύχθη</span> <span class='ocrx_word' id='word_1_16' title='bbox 2883 507 3216 572; x_wconf 77' lang='grc' dir='ltr'><strong>ἐπίσκοπος⁸</strong></span> <span class='ocrx_word' id='word_1_17' title='bbox 3262 509 3402 576; x_wconf 80' lang='grc' dir='ltr'>μετᾶ</span> <span class='ocrx_word' id='word_1_18' title='bbox 3455 509 3512 563; x_wconf 85' lang='grc' dir='ltr'><strong>δέ</strong></span> <span class='ocrx_word' id='word_1_19' title='bbox 3574 510 3745 562; x_wconf 74' lang='grc' dir='ltr'>τοῦτο</span> 
     </span>
    </p>
   </div>
   <div class='ocr_carea' id='block_1_6' title="bbox 479 599 2053 672">
    <p class='ocr_par' dir='ltr' id='par_1_6' title="bbox 479 599 2053 672">
     <span class='ocr_line' id='line_1_6' title="bbox 479 599 2053 672; baseline -0.001 -18"><span class='ocrx_word' id='word_1_20' title='bbox 479 604 764 672; x_wconf 84' lang='lat' dir='ltr'><strong>tnopolim</strong></span> <span class='ocrx_word' id='word_1_21' title='bbox 803 609 890 657; x_wconf 90' lang='lat' dir='ltr'><strong>est</strong></span> <span class='ocrx_word' id='word_1_22' title='bbox 937 601 1253 656; x_wconf 88' lang='lat' dir='ltr'><strong>translatus.</strong></span> <span class='ocrx_word' id='word_1_23' title='bbox 1305 600 1476 654; x_wconf 82' lang='lat' dir='ltr'><strong>Divus</strong></span> <span class='ocrx_word' id='word_1_24' title='bbox 1525 599 1778 654; x_wconf 79' lang='lat' dir='ltr'><strong>Meletius</strong></span> <span class='ocrx_word' id='word_1_25' title='bbox 1815 602 2053 669; x_wconf 87' lang='lat' dir='ltr'><strong>primum</strong></span> 
     </span>
    </p>
   </div>
   <div class='ocr_carea' id='block_1_7' title="bbox 478 692 2053 765">
    <p class='ocr_par' dir='ltr' id='par_1_7' title="bbox 478 692 2053 765">
     <span class='ocr_line' id='line_1_7' title="bbox 478 692 2053 765; baseline -0.003 -16"><span class='ocrx_word' id='word_1_26' title='bbox 478 697 739 750; x_wconf 43' lang='lat' dir='ltr'><strong>Sebastia:</strong></span> <span class='ocrx_word' id='word_1_27' title='bbox 783 697 1079 765; x_wconf 90' lang='lat' dir='ltr'><strong>cpiscopus</strong></span> <span class='ocrx_word' id='word_1_28' title='bbox 1117 704 1200 748; x_wconf 91' lang='lat' dir='ltr'><strong>est</strong></span> <span class='ocrx_word' id='word_1_29' title='bbox 1238 693 1603 752; x_wconf 74' lang='lat' dir='ltr'><strong>renuntiatus,</strong></span> <span class='ocrx_word' id='word_1_30' title='bbox 1639 692 1840 745; x_wconf 79' lang='lat' dir='ltr'><strong>deinde</strong></span> <span class='ocrx_word' id='word_1_31' title='bbox 1871 703 2053 746; x_wconf 89' lang='lat' dir='ltr'><strong>autem</strong></span> 
     </span>
    </p>
   </div>
   <div class='ocr_carea' id='block_1_8' title="bbox 476 781 2053 856">
    <p class='ocr_par' dir='ltr' id='par_1_8' title="bbox 476 781 2053 856">
     <span class='ocr_line' id='line_1_8' title="bbox 476 781 2053 856; baseline -0.003 -15"><span class='ocrx_word' id='word_1_32' title='bbox 476 805 600 842; x_wconf 83' lang='lat' dir='ltr'><strong>cum</strong></span> <span class='ocrx_word' id='word_1_33' title='bbox 644 804 835 856; x_wconf 83' lang='lat' dir='ltr'><strong>magna</strong></span> <span class='ocrx_word' id='word_1_34' title='bbox 896 788 1068 856; x_wconf 77' lang='lat' dir='ltr'><strong>gloria</strong></span> <span class='ocrx_word' id='word_1_35' title='bbox 1116 785 1466 840; x_wconf 91' lang='lat' dir='ltr'><strong>Antiochiam</strong></span> <span class='ocrx_word' id='word_1_36' title='bbox 1513 783 1581 838; x_wconf 89' lang='lat' dir='ltr'><strong>ad</strong></span> <span class='ocrx_word' id='word_1_37' title='bbox 1648 781 1914 838; x_wconf 89' lang='lat' dir='ltr'><strong>Orontem</strong></span> <span class='ocrx_word' id='word_1_38' title='bbox 1969 795 2053 838; x_wconf 84' lang='lat' dir='ltr'><strong>est</strong></span> 
     </span>
    </p>
   </div>
   <div class='ocr_carea' id='block_1_9' title="bbox 480 876 2051 945">
    <p class='ocr_par' dir='ltr' id='par_1_9' title="bbox 480 876 2051 945">
     <span class='ocr_line' id='line_1_9' title="bbox 480 876 2051 945; baseline -0.003 -12"><span class='ocrx_word' id='word_1_39' title='bbox 480 890 733 936; x_wconf 66' lang='lat' dir='ltr'><strong>vocatus.</strong></span> <span class='ocrx_word' id='word_1_40' title='bbox 768 881 903 934; x_wconf 90' lang='lat' dir='ltr'><strong>Item</strong></span> <span class='ocrx_word' id='word_1_41' title='bbox 930 880 1091 933; x_wconf 79' lang='lat' dir='ltr'><strong>divus</strong></span> <span class='ocrx_word' id='word_1_42' title='bbox 1115 878 1417 945; x_wconf 78' lang='lat' dir='ltr'><strong>Gregorius</strong></span> <span class='ocrx_word' id='word_1_43' title='bbox 1446 876 1783 932; x_wconf 89' lang='lat' dir='ltr'><strong>Sasimorum</strong></span> <span class='ocrx_word' id='word_1_44' title='bbox 1817 877 2051 944; x_wconf 81' lang='lat' dir='ltr'><strong>primum</strong></span> 
     </span>
    </p>
   </div>
   <div class='ocr_carea' id='block_1_10' title="bbox 475 967 2054 1040">
    <p class='ocr_par' dir='ltr' id='par_1_10' title="bbox 475 967 2054 1040">
     <span class='ocr_line' id='line_1_10' title="bbox 475 967 2054 1040; baseline -0.005 -13"><span class='ocrx_word' id='word_1_45' title='bbox 475 973 859 1040; x_wconf 77' lang='lat' dir='ltr'><strong>Cappadocum</strong></span> <span class='ocrx_word' id='word_1_46' title='bbox 911 970 1084 1034; x_wconf 83' lang='lat' dir='ltr'><strong>urbis,</strong></span> <span class='ocrx_word' id='word_1_47' title='bbox 1129 969 1332 1022; x_wconf 90' lang='lat' dir='ltr'><strong>deinde</strong></span> <span class='ocrx_word' id='word_1_48' title='bbox 1377 968 1658 1029; x_wconf 79' lang='lat' dir='ltr'><strong>Nazianzi,</strong></span> <span class='ocrx_word' id='word_1_49' title='bbox 1697 967 1885 1036; x_wconf 65' lang='lat' dir='ltr'><strong>patriae</strong></span> <span class='ocrx_word' id='word_1_50' title='bbox 1919 982 2054 1026; x_wconf 64' lang='lat' dir='ltr'><strong>sum.</strong></span> 
     </span>
    </p>
   </div>
   <div class='ocr_carea' id='block_1_11' title="bbox 479 1059 2055 1134">
    <p class='ocr_par' dir='ltr' id='par_1_11' title="bbox 479 1059 2055 1134">
     <span class='ocr_line' id='line_1_11' title="bbox 479 1059 2055 1134; baseline -0.004 -19"><span class='ocrx_word' id='word_1_51' title='bbox 479 1066 856 1134; x_wconf 80' lang='lat' dir='ltr'><strong>episcopatum</strong></span> <span class='ocrx_word' id='word_1_52' title='bbox 927 1063 1154 1116; x_wconf 87' lang='lat' dir='ltr'><strong>sortitos</strong></span> <span class='ocrx_word' id='word_1_53' title='bbox 1196 1077 1210 1113; x_wconf 88' lang='lat'><strong>:</strong></span> <span class='ocrx_word' id='word_1_54' title='bbox 1247 1070 1435 1129; x_wconf 86' lang='lat' dir='ltr'><strong>postea</strong></span> <span class='ocrx_word' id='word_1_55' title='bbox 1484 1077 1513 1114; x_wconf 83' lang='lat' dir='ltr'><strong>a</strong></span> <span class='ocrx_word' id='word_1_56' title='bbox 1565 1059 1802 1114; x_wconf 86' lang='lat' dir='ltr'><strong>secunda</strong></span> <span class='ocrx_word' id='word_1_57' title='bbox 1846 1061 2055 1128; x_wconf 75' lang='lat' dir='ltr'><strong>synodo</strong></span> 
     </span>
    </p>
   </div>
   <div class='ocr_carea' id='block_1_12' title="bbox 477 1149 2053 1221">
    <p class='ocr_par' dir='ltr' id='par_1_12' title="bbox 477 1149 2053 1221">
     <span class='ocr_line' id='line_1_12' title="bbox 477 1149 2053 1221; baseline -0.006 -9"><span class='ocrx_word' id='word_1_58' title='bbox 477 1169 533 1212; x_wconf 86' lang='lat' dir='ltr'><strong>ct</strong></span> <span class='ocrx_word' id='word_1_59' title='bbox 581 1157 800 1210; x_wconf 85' lang='lat' dir='ltr'><strong>Mcletio</strong></span> <span class='ocrx_word' id='word_1_60' title='bbox 851 1154 1216 1217; x_wconf 84' lang='lat' dir='ltr'><strong>Antiochcno,</strong></span> <span class='ocrx_word' id='word_1_61' title='bbox 1257 1169 1354 1221; x_wconf 90' lang='lat' dir='ltr'><strong>pro</strong></span> <span class='ocrx_word' id='word_1_62' title='bbox 1409 1167 1474 1204; x_wconf 84' lang='lat' dir='ltr'><strong>eo</strong></span> <span class='ocrx_word' id='word_1_63' title='bbox 1521 1161 1685 1221; x_wconf 84' lang='lat' dir='ltr'><strong>atque</strong></span> <span class='ocrx_word' id='word_1_64' title='bbox 1732 1151 1937 1208; x_wconf 91' lang='lat' dir='ltr'><strong>decuit.</strong></span> <span class='ocrx_word' id='word_1_65' title='bbox 1999 1149 2053 1203; x_wconf 89' lang='lat' dir='ltr'><strong>in</strong></span> 
     </span>
    </p>
   </div>
   <div class='ocr_carea' id='block_1_13' title="bbox 478 1242 2049 1317">
    <p class='ocr_par' dir='ltr' id='par_1_13' title="bbox 478 1242 2049 1317">
     <span class='ocr_line' id='line_1_13' title="bbox 478 1242 2049 1317; baseline -0.004 -17"><span class='ocrx_word' id='word_1_66' title='bbox 478 1249 796 1317; x_wconf 66' lang='lat' dir='ltr'><strong>praeclaram</strong></span> <span class='ocrx_word' id='word_1_67' title='bbox 833 1245 1344 1313; x_wconf 89' lang='lat' dir='ltr'><strong>Constantinopolis</strong></span> <span class='ocrx_word' id='word_1_68' title='bbox 1386 1243 1570 1298; x_wconf 88' lang='lat' dir='ltr'><strong>sedem</strong></span> <span class='ocrx_word' id='word_1_69' title='bbox 1619 1242 1918 1296; x_wconf 87' lang='lat' dir='ltr'><strong>translatus</strong></span> <span class='ocrx_word' id='word_1_70' title='bbox 1947 1251 2049 1296; x_wconf 82' lang='lat' dir='ltr'><strong>est.</strong></span> 
     </span>
    </p>
   </div>
   <div class='ocr_carea' id='block_1_14' title="bbox 482 1335 2053 1406">
    <p class='ocr_par' dir='ltr' id='par_1_14' title="bbox 482 1335 2053 1406">
     <span class='ocr_line' id='line_1_14' title="bbox 482 1335 2053 1406; baseline -0.001 -14"><span class='ocrx_word' id='word_1_71' title='bbox 482 1341 658 1395; x_wconf 84' lang='lat' dir='ltr'><strong>l’atris</strong></span> <span class='ocrx_word' id='word_1_72' title='bbox 719 1339 774 1392; x_wconf 92' lang='lat' dir='ltr'><strong>in</strong></span> <span class='ocrx_word' id='word_1_73' title='bbox 810 1338 1015 1392; x_wconf 83' lang='lat' dir='ltr'><strong>Achaia</strong></span> <span class='ocrx_word' id='word_1_74' title='bbox 1058 1337 1353 1405; x_wconf 75' lang='lat' dir='ltr'><strong>Perigcres</strong></span> <span class='ocrx_word' id='word_1_75' title='bbox 1399 1337 1692 1405; x_wconf 87' lang='lat' dir='ltr'><strong>episcopus</strong></span> <span class='ocrx_word' id='word_1_76' title='bbox 1741 1335 2053 1406; x_wconf 74' lang='lat' dir='ltr'><strong>designatus</strong></span> 
     </span>
    </p>
   </div>
   <div class='ocr_carea' id='block_1_15' title="bbox 477 1428 2054 1500">
    <p class='ocr_par' dir='ltr' id='par_1_15' title="bbox 477 1428 2054 1500">
     <span class='ocr_line' id='line_1_15' title="bbox 477 1428 2054 1500; baseline -0.003 -14"><span class='ocrx_word' id='word_1_77' title='bbox 477 1442 562 1486; x_wconf 79' lang='lat' dir='ltr'><strong>est</strong></span> <span class='ocrx_word' id='word_1_78' title='bbox 599 1447 612 1485; x_wconf 90' lang='lat'><strong>:</strong></span> <span class='ocrx_word' id='word_1_79' title='bbox 663 1446 825 1500; x_wconf 87' lang='lat' dir='ltr'><strong>quem</strong></span> <span class='ocrx_word' id='word_1_80' title='bbox 870 1429 963 1483; x_wconf 91' lang='lat' dir='ltr'><strong>ubi</strong></span> <span class='ocrx_word' id='word_1_81' title='bbox 1007 1428 1251 1482; x_wconf 79' lang='lat' dir='ltr'><strong>civitatis</strong></span> <span class='ocrx_word' id='word_1_82' title='bbox 1280 1429 1400 1498; x_wconf 80' lang='lat' dir='ltr'><strong>ejus</strong></span> <span class='ocrx_word' id='word_1_83' title='bbox 1441 1428 1636 1482; x_wconf 58' lang='lat' dir='ltr'><strong>incolae</strong></span> <span class='ocrx_word' id='word_1_84' title='bbox 1672 1443 1780 1481; x_wconf 90' lang='lat' dir='ltr'><strong>non</strong></span> <span class='ocrx_word' id='word_1_85' title='bbox 1830 1443 2054 1498; x_wconf 83' lang='lat' dir='ltr'><strong>recepe-</strong></span> 
     </span>
    </p>
   </div>
   <div class='ocr_carea' id='block_1_16' title="bbox 479 1521 2053 1590">
    <p class='ocr_par' dir='ltr' id='par_1_16' title="bbox 479 1521 2053 1590">
     <span class='ocr_line' id='line_1_16' title="bbox 479 1521 2053 1590; baseline -0.003 -11"><span class='ocrx_word' id='word_1_86' title='bbox 479 1536 628 1586; x_wconf 87' lang='lat' dir='ltr'><strong>runt,</strong></span> <span class='ocrx_word' id='word_1_87' title='bbox 682 1525 964 1578; x_wconf 81' lang='lat' dir='ltr'><strong>Romanus</strong></span> <span class='ocrx_word' id='word_1_88' title='bbox 1003 1522 1298 1590; x_wconf 72' lang='lat' dir='ltr'><strong>episcopus</strong></span> <span class='ocrx_word' id='word_1_89' title='bbox 1332 1521 1388 1574; x_wconf 90' lang='lat' dir='ltr'><strong>in</strong></span> <span class='ocrx_word' id='word_1_90' title='bbox 1425 1523 1684 1574; x_wconf 88' lang='lat' dir='ltr'><strong>thronum</strong></span> <span class='ocrx_word' id='word_1_91' title='bbox 1731 1521 2053 1590; x_wconf 86' lang='lat' dir='ltr'><strong>metropoli-</strong></span> 
     </span>
    </p>
   </div>
   <div class='ocr_carea' id='block_1_17' title="bbox 478 1613 2051 1682">
    <p class='ocr_par' dir='ltr' id='par_1_17' title="bbox 478 1613 2051 1682">
     <span class='ocr_line' id='line_1_17' title="bbox 478 1613 2051 1682; baseline -0.002 -12"><span class='ocrx_word' id='word_1_92' title='bbox 478 1630 618 1671; x_wconf 73' lang='lat' dir='ltr'><strong>lana:</strong></span> <span class='ocrx_word' id='word_1_93' title='bbox 653 1617 807 1670; x_wconf 84' lang='lat' dir='ltr'><strong>urbis</strong></span> <span class='ocrx_word' id='word_1_94' title='bbox 841 1615 1119 1680; x_wconf 78' lang='lat' dir='ltr'><strong>Corinthi,</strong></span> <span class='ocrx_word' id='word_1_95' title='bbox 1157 1615 1249 1668; x_wconf 81' lang='lat' dir='ltr'><strong>ubi</strong></span> <span class='ocrx_word' id='word_1_96' title='bbox 1288 1629 1574 1668; x_wconf 84' lang='lat' dir='ltr'><strong>sacrorum</strong></span> <span class='ocrx_word' id='word_1_97' title='bbox 1610 1613 1841 1667; x_wconf 78' lang='lat' dir='ltr'><strong>antistes</strong></span> <span class='ocrx_word' id='word_1_98' title='bbox 1875 1629 2051 1682; x_wconf 85' lang='lat' dir='ltr'><strong>nuper</strong></span> 
     </span>
    </p>
   </div>
   <div class='ocr_carea' id='block_1_18' title="bbox 477 1705 2049 1778">
    <p class='ocr_par' dir='ltr' id='par_1_18' title="bbox 477 1705 2049 1778">
     <span class='ocr_line' id='line_1_18' title="bbox 477 1705 2049 1778; baseline -0.002 -14"><span class='ocrx_word' id='word_1_99' title='bbox 477 1711 774 1764; x_wconf 76' lang='lat' dir='ltr'><strong>admodum</strong></span> <span class='ocrx_word' id='word_1_100' title='bbox 837 1709 946 1762; x_wconf 74' lang='lat' dir='ltr'><strong>vita</strong></span> <span class='ocrx_word' id='word_1_101' title='bbox 998 1707 1295 1762; x_wconf 75' lang='lat' dir='ltr'><strong>defunctus</strong></span> <span class='ocrx_word' id='word_1_102' title='bbox 1351 1708 1552 1768; x_wconf 80' lang='lat' dir='ltr'><strong>fuerat,</strong></span> <span class='ocrx_word' id='word_1_103' title='bbox 1610 1705 1795 1762; x_wconf 86' lang='lat' dir='ltr'><strong>induci</strong></span> <span class='ocrx_word' id='word_1_104' title='bbox 1836 1708 2049 1778; x_wconf 86' lang='lat' dir='ltr'><strong>jussit:</strong></span> 
     </span>
    </p>
   </div>
   <div class='ocr_carea' id='block_1_19' title="bbox 475 1797 2050 1871">
    <p class='ocr_par' dir='ltr' id='par_1_19' title="bbox 475 1797 2050 1871">
     <span class='ocr_line' id='line_1_19' title="bbox 475 1797 2050 1871; baseline -0.003 -15"><span class='ocrx_word' id='word_1_105' title='bbox 475 1811 641 1871; x_wconf 86' lang='lat' dir='ltr'><strong>atque</strong></span> <span class='ocrx_word' id='word_1_106' title='bbox 692 1802 783 1856; x_wconf 88' lang='lat' dir='ltr'><strong>ille</strong></span> <span class='ocrx_word' id='word_1_107' title='bbox 839 1802 913 1855; x_wconf 88' lang='lat' dir='ltr'><strong>ita</strong></span> <span class='ocrx_word' id='word_1_108' title='bbox 964 1801 1288 1863; x_wconf 87' lang='lat' dir='ltr'><strong>translatus,</strong></span> <span class='ocrx_word' id='word_1_109' title='bbox 1341 1797 1574 1868; x_wconf 86' lang='lat' dir='ltr'><strong>paciﬁcc</strong></span> <span class='ocrx_word' id='word_1_110' title='bbox 1629 1798 1703 1852; x_wconf 91' lang='lat' dir='ltr'><strong>ibi</strong></span> <span class='ocrx_word' id='word_1_111' title='bbox 1757 1815 1853 1868; x_wconf 86' lang='lat' dir='ltr'><strong>pcr</strong></span> <span class='ocrx_word' id='word_1_112' title='bbox 1883 1799 2050 1852; x_wconf 69' lang='lat' dir='ltr'><strong>vitam</strong></span> 
     </span>
    </p>
   </div>
   <div class='ocr_carea' id='block_1_20' title="bbox 2158 600 3741 672">
    <p class='ocr_par' dir='ltr' id='par_1_20' title="bbox 2158 600 3741 672">
     <span class='ocr_line' id='line_1_20' title="bbox 2158 600 3741 672; baseline 0.003 -18"><span class='ocrx_word' id='word_1_113' title='bbox 2158 603 2239 664; x_wconf 89' lang='grc' dir='ltr'><strong>είς</strong></span> <span class='ocrx_word' id='word_1_114' title='bbox 2266 602 2602 672; x_wconf 81' lang='grc' dir='ltr'><strong>Ἀντιόχειαν</strong></span> <span class='ocrx_word' id='word_1_115' title='bbox 2633 602 2734 668; x_wconf 72' lang='grc' dir='ltr'>τὴν</span> <span class='ocrx_word' id='word_1_116' title='bbox 2761 601 2892 672; x_wconf 80' lang='grc' dir='ltr'>παρ’</span> <span class='ocrx_word' id='word_1_117' title='bbox 2915 601 3145 672; x_wconf 82' lang='grc' dir='ltr'>Ὀρόντῃ</span> <span class='ocrx_word' id='word_1_118' title='bbox 3174 600 3412 664; x_wconf 81' lang='grc' dir='ltr'><strong>εὐκλεῶς</strong></span> <span class='ocrx_word' id='word_1_119' title='bbox 3445 603 3741 670; x_wconf 78' lang='grc' dir='ltr'><strong>μετετέθη.</strong></span> 
     </span>
    </p>
   </div>
   <div class='ocr_carea' id='block_1_21' title="bbox 2173 693 3746 764">
    <p class='ocr_par' dir='ltr' id='par_1_21' title="bbox 2173 693 3746 764">
     <span class='ocr_line' id='line_1_21' title="bbox 2173 693 3746 764; baseline -0.001 -16"><span class='ocrx_word' id='word_1_120' title='bbox 2173 693 2230 748; x_wconf 86' lang='lat'><strong>&#39;0</strong></span> <span class='ocrx_word' id='word_1_121' title='bbox 2264 694 2320 747; x_wconf 84' lang='grc' dir='ltr'><strong>δέ</strong></span> <span class='ocrx_word' id='word_1_122' title='bbox 2351 693 2494 758; x_wconf 84' lang='grc' dir='ltr'>θεῖος</span> <span class='ocrx_word' id='word_1_123' title='bbox 2525 693 2825 764; x_wconf 84' lang='grc' dir='ltr'>Γρηγόριος</span> <span class='ocrx_word' id='word_1_124' title='bbox 2896 693 3153 762; x_wconf 85' lang='grc' dir='ltr'>Σασίμων</span> <span class='ocrx_word' id='word_1_125' title='bbox 3189 694 3457 762; x_wconf 88' lang='grc' dir='ltr'>πρότερον</span> <span class='ocrx_word' id='word_1_126' title='bbox 3488 693 3586 764; x_wconf 79' lang='grc' dir='ltr'>τὴν</span> <span class='ocrx_word' id='word_1_127' title='bbox 3615 695 3746 747; x_wconf 81' lang='grc' dir='ltr'>ἐπι-</span> 
     </span>
    </p>
   </div>
   <div class='ocr_carea' id='block_1_22' title="bbox 2162 783 3744 855">
    <p class='ocr_par' dir='ltr' id='par_1_22' title="bbox 2162 783 3744 855">
     <span class='ocr_line' id='line_1_22' title="bbox 2162 783 3744 855; baseline -0.001 -17"><span class='ocrx_word' id='word_1_128' title='bbox 2162 785 2375 855; x_wconf 81' lang='grc' dir='ltr'>σκοπὴν</span> <span class='ocrx_word' id='word_1_129' title='bbox 2403 785 2733 855; x_wconf 77' lang='grc' dir='ltr'><strong>ἐκληροῦτο·</strong></span> <span class='ocrx_word' id='word_1_130' title='bbox 2774 783 3165 846; x_wconf 76' lang='grc' dir='ltr'><strong>Καππαδοκίας</strong></span> <span class='ocrx_word' id='word_1_131' title='bbox 3202 785 3257 836; x_wconf 77' lang='grc' dir='ltr'><strong>δὲ</strong></span> <span class='ocrx_word' id='word_1_132' title='bbox 3313 783 3449 854; x_wconf 78' lang='grc' dir='ltr'>αὕτη</span> <span class='ocrx_word' id='word_1_133' title='bbox 3475 786 3508 854; x_wconf 81' lang='grc' dir='ltr'><strong>ή</strong></span> <span class='ocrx_word' id='word_1_134' title='bbox 3543 785 3744 846; x_wconf 74' lang='grc' dir='ltr'>πόλιςε·</span> 
     </span>
    </p>
   </div>
   <div class='ocr_carea' id='block_1_23' title="bbox 2159 876 3744 946">
    <p class='ocr_par' dir='ltr' id='par_1_23' title="bbox 2159 876 3744 946">
     <span class='ocr_line' id='line_1_23' title="bbox 2159 876 3744 946; baseline -0.001 -17"><span class='ocrx_word' id='word_1_135' title='bbox 2159 884 2253 930; x_wconf 78' lang='grc' dir='ltr'><strong>καί</strong></span> <span class='ocrx_word' id='word_1_136' title='bbox 2278 878 2590 941; x_wconf 75' lang='grc' dir='ltr'>Ναςιανζοῦ</span> <span class='ocrx_word' id='word_1_137' title='bbox 2618 879 2674 930; x_wconf 80' lang='grc' dir='ltr'><strong>δὲ</strong></span> <span class='ocrx_word' id='word_1_138' title='bbox 2697 879 2797 946; x_wconf 79' lang='grc' dir='ltr'>τῆς</span> <span class='ocrx_word' id='word_1_139' title='bbox 2852 880 3058 941; x_wconf 79' lang='grc' dir='ltr'><strong>οἰκείας</strong></span> <span class='ocrx_word' id='word_1_140' title='bbox 3098 876 3358 946; x_wconf 74' lang='grc' dir='ltr'><strong>πατρίδος</strong></span> <span class='ocrx_word' id='word_1_141' title='bbox 3386 878 3482 945; x_wconf 70' lang='grc' dir='ltr'><strong>τὴν</strong></span> <span class='ocrx_word' id='word_1_142' title='bbox 3516 878 3744 929; x_wconf 86' lang='grc' dir='ltr'>ἐπισκο-</span> 
     </span>
    </p>
   </div>
   <div class='ocr_carea' id='block_1_24' title="bbox 2159 969 3741 1043">
    <p class='ocr_par' dir='ltr' id='par_1_24' title="bbox 2159 969 3741 1043">
     <span class='ocr_line' id='line_1_24' title="bbox 2159 969 3741 1043; baseline 0 -22"><span class='ocrx_word' id='word_1_143' title='bbox 2159 971 2268 1039; x_wconf 79' lang='grc' dir='ltr'>πὴν</span> <span class='ocrx_word' id='word_1_144' title='bbox 2296 969 2551 1043; x_wconf 75' lang='grc' dir='ltr'>εἰληχὼς,</span> <span class='ocrx_word' id='word_1_145' title='bbox 2585 971 2777 1025; x_wconf 77' lang='grc' dir='ltr'>ἔπειτα</span> <span class='ocrx_word' id='word_1_146' title='bbox 2803 972 2955 1042; x_wconf 80' lang='grc' dir='ltr'>παρὰ</span> <span class='ocrx_word' id='word_1_147' title='bbox 2977 971 3076 1040; x_wconf 81' lang='grc' dir='ltr'><strong>τῆς</strong></span> <span class='ocrx_word' id='word_1_148' title='bbox 3099 970 3360 1039; x_wconf 79' lang='grc' dir='ltr'><strong>δευτέρας</strong></span> <span class='ocrx_word' id='word_1_149' title='bbox 3386 971 3604 1022; x_wconf 77' lang='grc' dir='ltr'>συνόδου</span> <span class='ocrx_word' id='word_1_150' title='bbox 3636 969 3741 1021; x_wconf 62' lang='grc' dir='ltr'><strong>καί</strong></span> 
     </span>
    </p>
   </div>
   <div class='ocr_carea' id='block_1_25' title="bbox 2157 1061 3740 1134">
    <p class='ocr_par' dir='ltr' id='par_1_25' title="bbox 2157 1061 3740 1134">
     <span class='ocr_line' id='line_1_25' title="bbox 2157 1061 3740 1134; baseline -0.003 -18"><span class='ocrx_word' id='word_1_151' title='bbox 2157 1063 2420 1117; x_wconf 79' lang='grc' dir='ltr'>Μελετίου</span> <span class='ocrx_word' id='word_1_152' title='bbox 2477 1063 2572 1117; x_wconf 81' lang='grc' dir='ltr'><strong>τοῦ</strong></span> <span class='ocrx_word' id='word_1_153' title='bbox 2617 1065 2954 1134; x_wconf 80' lang='grc' dir='ltr'>Ἀντιοχείας</span> <span class='ocrx_word' id='word_1_154' title='bbox 3019 1065 3097 1126; x_wconf 84' lang='grc' dir='ltr'><strong>είς</strong></span> <span class='ocrx_word' id='word_1_155' title='bbox 3138 1062 3231 1116; x_wconf 88' lang='grc' dir='ltr'><strong>τὸν</strong></span> <span class='ocrx_word' id='word_1_156' title='bbox 3287 1061 3575 1132; x_wconf 77' lang='grc' dir='ltr'>περίδοξον</span> <span class='ocrx_word' id='word_1_157' title='bbox 3624 1064 3740 1129; x_wconf 69' lang='grc' dir='ltr'>τῆς</span> 
     </span>
    </p>
   </div>
   <div class='ocr_carea' id='block_1_26' title="bbox 2157 1153 3740 1225">
    <p class='ocr_par' dir='ltr' id='par_1_26' title="bbox 2157 1153 3740 1225">
     <span class='ocr_line' id='line_1_26' title="bbox 2157 1153 3740 1225; baseline -0.002 -17"><span class='ocrx_word' id='word_1_158' title='bbox 2157 1153 2572 1210; x_wconf 83' lang='grc' dir='ltr'>Κωνσταντίνου</span> <span class='ocrx_word' id='word_1_159' title='bbox 2606 1155 2797 1225; x_wconf 89' lang='grc' dir='ltr'>θρόνον</span> <span class='ocrx_word' id='word_1_160' title='bbox 2819 1157 2894 1218; x_wconf 86' lang='grc' dir='ltr'>ὡς</span> <span class='ocrx_word' id='word_1_161' title='bbox 2921 1154 3102 1225; x_wconf 85' lang='grc' dir='ltr'>χρεὼν</span> <span class='ocrx_word' id='word_1_162' title='bbox 3137 1153 3513 1223; x_wconf 70' lang='grc' dir='ltr'><strong>μετατίθεται.</strong></span> <span class='ocrx_word' id='word_1_163' title='bbox 3559 1155 3651 1207; x_wconf 79' lang='grc' dir='ltr'>Ἐν</span> <span class='ocrx_word' id='word_1_164' title='bbox 3679 1154 3740 1206; x_wconf 80' lang='grc' dir='ltr'><strong>δὲ</strong></span> 
     </span>
    </p>
   </div>
   <div class='ocr_carea' id='block_1_27' title="bbox 2159 1246 3741 1317">
    <p class='ocr_par' dir='ltr' id='par_1_27' title="bbox 2159 1246 3741 1317">
     <span class='ocr_line' id='line_1_27' title="bbox 2159 1246 3741 1317; baseline -0.001 -17"><span class='ocrx_word' id='word_1_165' title='bbox 2159 1248 2400 1315; x_wconf 78' lang='grc' dir='ltr'>Πάτραις</span> <span class='ocrx_word' id='word_1_166' title='bbox 2454 1250 2554 1317; x_wconf 78' lang='grc' dir='ltr'>τῆς</span> <span class='ocrx_word' id='word_1_167' title='bbox 2587 1248 2814 1317; x_wconf 75' lang='grc' dir='ltr'>Ἀχαίας</span> <span class='ocrx_word' id='word_1_168' title='bbox 2862 1247 3170 1310; x_wconf 73' lang='grc' dir='ltr'>ἐπίσκοπος</span> <span class='ocrx_word' id='word_1_169' title='bbox 3201 1246 3507 1317; x_wconf 72' lang='grc' dir='ltr'>Περιγένης</span> <span class='ocrx_word' id='word_1_170' title='bbox 3554 1263 3741 1315; x_wconf 84' lang='grc' dir='ltr'>κεχει-</span> 
     </span>
    </p>
   </div>
   <div class='ocr_carea' id='block_1_28' title="bbox 2161 1339 3736 1411">
    <p class='ocr_par' dir='ltr' id='par_1_28' title="bbox 2161 1339 3736 1411">
     <span class='ocr_line' id='line_1_28' title="bbox 2161 1339 3736 1411; baseline -0.001 -19"><span class='ocrx_word' id='word_1_171' title='bbox 2161 1341 2436 1410; x_wconf 86' lang='grc' dir='ltr'>ροτόνητο.</span> <span class='ocrx_word' id='word_1_172' title='bbox 2479 1341 2569 1403; x_wconf 84' lang='grc' dir='ltr'>Ὠς</span> <span class='ocrx_word' id='word_1_173' title='bbox 2602 1341 2658 1393; x_wconf 82' lang='grc' dir='ltr'><strong>δέ</strong></span> <span class='ocrx_word' id='word_1_174' title='bbox 2683 1343 2730 1394; x_wconf 85' lang='grc' dir='ltr'>οἱ</span> <span class='ocrx_word' id='word_1_175' title='bbox 2754 1341 2853 1411; x_wconf 85' lang='grc' dir='ltr'><strong>τῆς</strong></span> <span class='ocrx_word' id='word_1_176' title='bbox 2880 1343 3087 1403; x_wconf 77' lang='grc' dir='ltr'>πόλεως</span> <span class='ocrx_word' id='word_1_177' title='bbox 3123 1340 3284 1394; x_wconf 80' lang='grc' dir='ltr'>αὑτὸν</span> <span class='ocrx_word' id='word_1_178' title='bbox 3311 1341 3372 1392; x_wconf 77' lang='grc' dir='ltr'>οὐ</span> <span class='ocrx_word' id='word_1_179' title='bbox 3405 1339 3736 1406; x_wconf 75' lang='grc' dir='ltr'>προσίεντο,</span> 
     </span>
    </p>
   </div>
   <div class='ocr_carea' id='block_1_29' title="bbox 2155 1431 3739 1504">
    <p class='ocr_par' dir='ltr' id='par_1_29' title="bbox 2155 1431 3739 1504">
     <span class='ocr_line' id='line_1_29' title="bbox 2155 1431 3739 1504; baseline -0.003 -16"><span class='ocrx_word' id='word_1_180' title='bbox 2155 1434 2500 1503; x_wconf 77' lang='grc' dir='ltr'><strong>ὁ,⁹Ρωμαῖων</strong></span> <span class='ocrx_word' id='word_1_181' title='bbox 2534 1434 2834 1496; x_wconf 76' lang='grc' dir='ltr'>ἐπίσκοπος</span> <span class='ocrx_word' id='word_1_182' title='bbox 2865 1435 2921 1485; x_wconf 90' lang='grc' dir='ltr'><strong>ἐν</strong></span> <span class='ocrx_word' id='word_1_183' title='bbox 2944 1437 3011 1502; x_wconf 80' lang='grc' dir='ltr'><strong>τῇ</strong></span> <span class='ocrx_word' id='word_1_184' title='bbox 3041 1433 3376 1504; x_wconf 74' lang='grc' dir='ltr'>μητροπόλει</span> <span class='ocrx_word' id='word_1_185' title='bbox 3418 1431 3739 1501; x_wconf 80' lang='grc' dir='ltr'>Κορινθίων</span> 
     </span>
    </p>
   </div>
   <div class='ocr_carea' id='block_1_30' title="bbox 2155 1523 3741 1595">
    <p class='ocr_par' dir='ltr' id='par_1_30' title="bbox 2155 1523 3741 1595">
     <span class='ocr_line' id='line_1_30' title="bbox 2155 1523 3741 1595; baseline -0.001 -17"><span class='ocrx_word' id='word_1_186' title='bbox 2155 1525 2566 1594; x_wconf 74' lang='grc' dir='ltr'>ἐνθρονίζεσθαι</span> <span class='ocrx_word' id='word_1_187' title='bbox 2616 1525 2808 1578; x_wconf 81' lang='grc' dir='ltr'>τοῦτον</span> <span class='ocrx_word' id='word_1_188' title='bbox 2865 1526 3130 1590; x_wconf 83' lang='grc' dir='ltr'>ἐκέλευεν,</span> <span class='ocrx_word' id='word_1_189' title='bbox 3162 1525 3290 1595; x_wconf 78' lang='grc' dir='ltr'>ἄρτι</span> <span class='ocrx_word' id='word_1_190' title='bbox 3343 1523 3489 1577; x_wconf 80' lang='grc' dir='ltr'>τέλει</span> <span class='ocrx_word' id='word_1_191' title='bbox 3517 1541 3741 1594; x_wconf 80' lang='grc' dir='ltr'>χρησα-</span> 
     </span>
    </p>
   </div>
   <div class='ocr_carea' id='block_1_31' title="bbox 2159 1617 3743 1690">
    <p class='ocr_par' dir='ltr' id='par_1_31' title="bbox 2159 1617 3743 1690">
     <span class='ocr_line' id='line_1_31' title="bbox 2159 1617 3743 1690; baseline -0.001 -18"><span class='ocrx_word' id='word_1_192' title='bbox 2159 1619 2321 1690; x_wconf 80' lang='grc' dir='ltr'>μένου</span> <span class='ocrx_word' id='word_1_193' title='bbox 2352 1617 2445 1669; x_wconf 81' lang='grc' dir='ltr'>τοῦ</span> <span class='ocrx_word' id='word_1_194' title='bbox 2471 1617 2590 1686; x_wconf 86' lang='grc' dir='ltr'>βίου</span> <span class='ocrx_word' id='word_1_195' title='bbox 2616 1617 2708 1670; x_wconf 80' lang='grc' dir='ltr'>τοῦ</span> <span class='ocrx_word' id='word_1_196' title='bbox 2735 1619 2913 1670; x_wconf 77' lang='grc' dir='ltr'>ἐκεῖσε</span> <span class='ocrx_word' id='word_1_197' title='bbox 2944 1619 3002 1670; x_wconf 88' lang='grc' dir='ltr'><strong>τὸ</strong></span> <span class='ocrx_word' id='word_1_198' title='bbox 3037 1618 3288 1687; x_wconf 81' lang='grc' dir='ltr'>ίερᾶσθαι</span> <span class='ocrx_word' id='word_1_199' title='bbox 3312 1617 3572 1686; x_wconf 75' lang='grc' dir='ltr'>λαχόντος</span> <span class='ocrx_word' id='word_1_200' title='bbox 3591 1633 3604 1646; x_wconf 89' lang='grc'><strong>·</strong></span> <span class='ocrx_word' id='word_1_201' title='bbox 3640 1619 3743 1670; x_wconf 62' lang='grc' dir='ltr'><strong>κοιλ⁹</strong></span> 
     </span>
    </p>
   </div>
   <div class='ocr_carea' id='block_1_32' title="bbox 2155 1707 3739 1780">
    <p class='ocr_par' dir='ltr' id='par_1_32' title="bbox 2155 1707 3739 1780">
     <span class='ocr_line' id='line_1_32' title="bbox 2155 1707 3739 1780; baseline 0.001 -19"><span class='ocrx_word' id='word_1_202' title='bbox 2155 1708 2446 1780; x_wconf 77' lang='grc' dir='ltr'>εἰρηνικῶς</span> <span class='ocrx_word' id='word_1_203' title='bbox 2464 1709 2561 1778; x_wconf 80' lang='grc' dir='ltr'><strong>τῆς</strong></span> <span class='ocrx_word' id='word_1_204' title='bbox 2585 1707 2881 1778; x_wconf 76' lang='grc' dir='ltr'>ἐκκλησίας</span> <span class='ocrx_word' id='word_1_205' title='bbox 2897 1708 2984 1761; x_wconf 78' lang='grc' dir='ltr'><strong>ὃ.ὰ</strong></span> <span class='ocrx_word' id='word_1_206' title='bbox 3004 1708 3120 1778; x_wconf 85' lang='grc' dir='ltr'>βίου</span> <span class='ocrx_word' id='word_1_207' title='bbox 3135 1710 3370 1778; x_wconf 80' lang='grc' dir='ltr'>προέστη</span> <span class='ocrx_word' id='word_1_208' title='bbox 3389 1708 3739 1778; x_wconf 81' lang='grc' dir='ltr'>μετατεθείς.</span> 
     </span>
    </p>
   </div>
   <div class='ocr_carea' id='block_1_33' title="bbox 2156 1800 3741 1870">
    <p class='ocr_par' dir='ltr' id='par_1_33' title="bbox 2156 1800 3741 1870">
     <span class='ocr_line' id='line_1_33' title="bbox 2156 1800 3741 1870; baseline -0.001 -15"><span class='ocrx_word' id='word_1_209' title='bbox 2156 1803 2260 1856; x_wconf 85' lang='grc' dir='ltr'><strong>Τὸν</strong></span> <span class='ocrx_word' id='word_1_210' title='bbox 2287 1801 2344 1854; x_wconf 83' lang='grc' dir='ltr'><strong>δέ</strong></span> <span class='ocrx_word' id='word_1_211' title='bbox 2381 1801 2704 1864; x_wconf 80' lang='grc' dir='ltr'>Σελευκείας</span> <span class='ocrx_word' id='word_1_212' title='bbox 2750 1802 3047 1854; x_wconf 89' lang='grc' dir='ltr'>ἐπίσκοπον</span> <span class='ocrx_word' id='word_1_213' title='bbox 3082 1801 3336 1853; x_wconf 80' lang='grc' dir='ltr'>Δοσίθεον</span> <span class='ocrx_word' id='word_1_214' title='bbox 3377 1800 3741 1870; x_wconf 77' lang='grc' dir='ltr'>Ἀλέξανδρος</span> 
     </span>
    </p>
   </div>
   <div class='ocr_carea' id='block_1_34' title="bbox 475 1886 2057 1963">
    <p class='ocr_par' dir='ltr' id='par_1_34' title="bbox 475 1894 2052 1962">
     <span class='ocr_line' id='line_1_34' title="bbox 475 1894 2052 1962; baseline -0.001 -14"><span class='ocrx_word' id='word_1_215' title='bbox 475 1911 694 1948; x_wconf 87' lang='lat' dir='ltr'><strong>onmem</strong></span> <span class='ocrx_word' id='word_1_216' title='bbox 728 1894 1015 1949; x_wconf 84' lang='lat' dir='ltr'><strong>ecclesiam</strong></span> <span class='ocrx_word' id='word_1_217' title='bbox 1064 1895 1226 1948; x_wconf 81' lang='lat' dir='ltr'><strong>rexit.</strong></span> <span class='ocrx_word' id='word_1_218' title='bbox 1281 1895 1605 1949; x_wconf 89' lang='lat' dir='ltr'><strong>Dositheum</strong></span> <span class='ocrx_word' id='word_1_219' title='bbox 1641 1894 1908 1948; x_wconf 72' lang='lat' dir='ltr'><strong>Seleucia:</strong></span> <span class='ocrx_word' id='word_1_220' title='bbox 1937 1895 2052 1962; x_wconf 79' lang='lat' dir='ltr'><strong>epi-</strong></span> 
     </span>
    </p>
   </div>
   <div class='ocr_carea' id='block_1_35' title="bbox 2161 1886 3742 1963">
    <p class='ocr_par' dir='ltr' id='par_1_35' title="bbox 2161 1892 3742 1963">
     <span class='ocr_line' id='line_1_35' title="bbox 2161 1892 3742 1963; baseline 0 -17"><span class='ocrx_word' id='word_1_221' title='bbox 2161 1896 2183 1946; x_wconf 83' lang='grc' dir='ltr'><strong>ό</strong></span> <span class='ocrx_word' id='word_1_222' title='bbox 2217 1893 2313 1963; x_wconf 80' lang='grc' dir='ltr'>τὴν</span> <span class='ocrx_word' id='word_1_223' title='bbox 2341 1893 2624 1963; x_wconf 80' lang='grc' dir='ltr'>Ἀντιόχου</span> <span class='ocrx_word' id='word_1_224' title='bbox 2656 1893 3036 1962; x_wconf 76' lang='grc' dir='ltr'>ἐπιτροπεύων</span> <span class='ocrx_word' id='word_1_225' title='bbox 3074 1895 3154 1954; x_wconf 87' lang='grc' dir='ltr'><strong>είς</strong></span> <span class='ocrx_word' id='word_1_226' title='bbox 3187 1892 3403 1962; x_wconf 85' lang='grc' dir='ltr'>Ταρσὸν</span> <span class='ocrx_word' id='word_1_227' title='bbox 3446 1896 3547 1962; x_wconf 74' lang='grc' dir='ltr'>τῆς</span> <span class='ocrx_word' id='word_1_228' title='bbox 3579 1895 3742 1946; x_wconf 74' lang='grc' dir='ltr'>Κιλι-</span> 
     </span>
    </p>
   </div>
   <div class='ocr_carea' id='block_1_36' title="bbox 477 1985 2058 2057">
    <p class='ocr_par' dir='ltr' id='par_1_36' title="bbox 477 1985 2058 2057">
     <span class='ocr_line' id='line_1_36' title="bbox 477 1985 2058 2057; baseline -0.003 -15"><span class='ocrx_word' id='word_1_229' title='bbox 477 2004 732 2057; x_wconf 81' lang='lat' dir='ltr'><strong>scopnm,</strong></span> <span class='ocrx_word' id='word_1_230' title='bbox 780 1989 1091 2042; x_wconf 73' lang='lat' dir='ltr'><strong>Alexander</strong></span> <span class='ocrx_word' id='word_1_231' title='bbox 1127 1987 1518 2042; x_wconf 71' lang='lat' dir='ltr'><strong>Antiochenus</strong></span> <span class='ocrx_word' id='word_1_232' title='bbox 1568 1987 1800 2040; x_wconf 87' lang='lat' dir='ltr'><strong>Tarsum</strong></span> <span class='ocrx_word' id='word_1_233' title='bbox 1850 1985 2058 2041; x_wconf 69' lang='lat' dir='ltr'><strong>Cilicia:</strong></span> 
     </span>
    </p>
   </div>
   <div class='ocr_carea' id='block_1_37' title="bbox 478 2079 2059 2135">
    <p class='ocr_par' dir='ltr' id='par_1_37' title="bbox 478 2079 2059 2135">
     <span class='ocr_line' id='line_1_37' title="bbox 478 2079 2059 2135; baseline 0.001 -3"><span class='ocrx_word' id='word_1_234' title='bbox 478 2079 785 2133; x_wconf 87' lang='lat' dir='ltr'><strong>transtulit.</strong></span> <span class='ocrx_word' id='word_1_235' title='bbox 819 2079 974 2134; x_wconf 82' lang='lat' dir='ltr'><strong>Alius</strong></span> <span class='ocrx_word' id='word_1_236' title='bbox 1036 2087 1217 2134; x_wconf 88' lang='lat' dir='ltr'><strong>autem</strong></span> <span class='ocrx_word' id='word_1_237' title='bbox 1259 2079 1482 2134; x_wconf 88' lang='lat' dir='ltr'><strong>nomine</strong></span> <span class='ocrx_word' id='word_1_238' title='bbox 1508 2080 1873 2135; x_wconf 77' lang='lat' dir='ltr'><strong>Reverentius</strong></span> <span class='ocrx_word' id='word_1_239' title='bbox 1902 2081 2059 2134; x_wconf 80' lang='lat' dir='ltr'><strong>Areis</strong></span> 
     </span>
    </p>
   </div>
   <div class='ocr_carea' id='block_1_38' title="bbox 477 2172 2054 2243">
    <p class='ocr_par' dir='ltr' id='par_1_38' title="bbox 477 2172 2054 2243">
     <span class='ocr_line' id='line_1_38' title="bbox 477 2172 2054 2243; baseline 0.001 -17"><span class='ocrx_word' id='word_1_240' title='bbox 477 2172 777 2226; x_wconf 67' lang='lat' dir='ltr'><strong>Phreniciaa</strong></span> <span class='ocrx_word' id='word_1_241' title='bbox 801 2173 1102 2242; x_wconf 83' lang='lat' dir='ltr'><strong>episcopus</strong></span> <span class='ocrx_word' id='word_1_242' title='bbox 1131 2174 1329 2236; x_wconf 86' lang='lat' dir='ltr'><strong>lectus,</strong></span> <span class='ocrx_word' id='word_1_243' title='bbox 1362 2173 1567 2243; x_wconf 87' lang='lat' dir='ltr'><strong>Tyrum</strong></span> <span class='ocrx_word' id='word_1_244' title='bbox 1601 2173 1728 2227; x_wconf 85' lang='lat' dir='ltr'><strong>inde</strong></span> <span class='ocrx_word' id='word_1_245' title='bbox 1758 2173 2054 2238; x_wconf 86' lang='lat' dir='ltr'><strong>transiens,</strong></span> 
     </span>
    </p>
   </div>
   <div class='ocr_carea' id='block_1_39' title="bbox 476 2247 2058 2334">
    <p class='ocr_par' dir='ltr' id='par_1_39' title="bbox 476 2247 2058 2334">
     <span class='ocr_line' id='line_1_39' title="bbox 476 2247 2058 2334; baseline 0.001 -17"><span class='ocrx_word' id='word_1_246' title='bbox 476 2247 781 2334; x_wconf 70' lang='lat' dir='ltr'><strong>episcopali</strong></span> <span class='ocrx_word' id='word_1_247' title='bbox 814 2265 888 2317; x_wconf 91' lang='lat' dir='ltr'><strong>ibi</strong></span> <span class='ocrx_word' id='word_1_248' title='bbox 920 2280 1150 2319; x_wconf 89' lang='lat' dir='ltr'><strong>munere</strong></span> <span class='ocrx_word' id='word_1_249' title='bbox 1185 2273 1269 2320; x_wconf 92' lang='lat' dir='ltr'><strong>est</strong></span> <span class='ocrx_word' id='word_1_250' title='bbox 1314 2265 1556 2320; x_wconf 78' lang='lat' dir='ltr'><strong>functus.</strong></span> <span class='ocrx_word' id='word_1_251' title='bbox 1587 2266 1663 2320; x_wconf 82' lang='lat' dir='ltr'><strong>Ex</strong></span> <span class='ocrx_word' id='word_1_252' title='bbox 1695 2266 1898 2329; x_wconf 86' lang='lat' dir='ltr'><strong>Cordo,</strong></span> <span class='ocrx_word' id='word_1_253' title='bbox 1936 2280 2058 2334; x_wconf 76' lang='lat' dir='ltr'><strong>quas</strong></span> 
     </span>
    </p>
   </div>
   <div class='ocr_carea' id='block_1_40' title="bbox 477 2355 2058 2426">
    <p class='ocr_par' dir='ltr' id='par_1_40' title="bbox 477 2355 2058 2426">
     <span class='ocr_line' id='line_1_40' title="bbox 477 2355 2058 2426; baseline 0.001 -17"><span class='ocrx_word' id='word_1_254' title='bbox 477 2355 534 2410; x_wconf 89' lang='lat' dir='ltr'><strong>in</strong></span> <span class='ocrx_word' id='word_1_255' title='bbox 589 2355 752 2426; x_wconf 76' lang='lat' dir='ltr'><strong>Lycia</strong></span> <span class='ocrx_word' id='word_1_256' title='bbox 795 2366 880 2410; x_wconf 82' lang='lat' dir='ltr'><strong>est</strong></span> <span class='ocrx_word' id='word_1_257' title='bbox 919 2356 1018 2426; x_wconf 86' lang='lat' dir='ltr'><strong>(I),</strong></span> <span class='ocrx_word' id='word_1_258' title='bbox 1052 2357 1104 2410; x_wconf 91' lang='lat' dir='ltr'><strong>in</strong></span> <span class='ocrx_word' id='word_1_259' title='bbox 1146 2358 1555 2411; x_wconf 83' lang='lat' dir='ltr'><strong>Proconnesum</strong></span> <span class='ocrx_word' id='word_1_260' title='bbox 1597 2357 1838 2412; x_wconf 84' lang='lat' dir='ltr'><strong>Joannes</strong></span> <span class='ocrx_word' id='word_1_261' title='bbox 1880 2365 2058 2411; x_wconf 89' lang='lat' dir='ltr'><strong>trans-</strong></span> 
     </span>
    </p>
   </div>
   <div class='ocr_carea' id='block_1_41' title="bbox 478 2445 2060 2516">
    <p class='ocr_par' dir='ltr' id='par_1_41' title="bbox 478 2445 2060 2516">
     <span class='ocr_line' id='line_1_41' title="bbox 478 2445 2060 2516; baseline 0.003 -19"><span class='ocrx_word' id='word_1_262' title='bbox 478 2447 700 2508; x_wconf 86' lang='lat' dir='ltr'><strong>missus,</strong></span> <span class='ocrx_word' id='word_1_263' title='bbox 740 2445 1028 2514; x_wconf 81' lang='lat' dir='ltr'><strong>magnilice</strong></span> <span class='ocrx_word' id='word_1_264' title='bbox 1089 2445 1466 2515; x_wconf 82' lang='lat' dir='ltr'><strong>episcopatum</strong></span> <span class='ocrx_word' id='word_1_265' title='bbox 1516 2445 1588 2500; x_wconf 85' lang='lat' dir='ltr'><strong>ibi</strong></span> <span class='ocrx_word' id='word_1_266' title='bbox 1622 2447 1809 2516; x_wconf 80' lang='lat' dir='ltr'><strong>gessit.</strong></span> <span class='ocrx_word' id='word_1_267' title='bbox 1843 2446 1905 2500; x_wconf 85' lang='lat' dir='ltr'><strong>Et</strong></span> <span class='ocrx_word' id='word_1_268' title='bbox 1940 2446 2060 2501; x_wconf 87' lang='lat' dir='ltr'><strong>Pal-</strong></span> 
     </span>
    </p>
   </div>
   <div class='ocr_carea' id='block_1_42' title="bbox 476 2536 2054 2610">
    <p class='ocr_par' dir='ltr' id='par_1_42' title="bbox 476 2536 2054 2610">
     <span class='ocr_line' id='line_1_42' title="bbox 476 2536 2054 2610; baseline 0.001 -18"><span class='ocrx_word' id='word_1_269' title='bbox 476 2538 658 2593; x_wconf 84' lang='lat' dir='ltr'><strong>ladius</strong></span> <span class='ocrx_word' id='word_1_270' title='bbox 699 2536 768 2591; x_wconf 90' lang='lat' dir='ltr'><strong>ab</strong></span> <span class='ocrx_word' id='word_1_271' title='bbox 814 2536 1135 2608; x_wconf 84' lang='lat' dir='ltr'><strong>Ilelenopoli</strong></span> <span class='ocrx_word' id='word_1_272' title='bbox 1186 2539 1454 2610; x_wconf 70' lang='lat' dir='ltr'><strong>Bithynia:</strong></span> <span class='ocrx_word' id='word_1_273' title='bbox 1496 2538 1773 2610; x_wconf 86' lang='lat' dir='ltr'><strong>Aspnnam</strong></span> <span class='ocrx_word' id='word_1_274' title='bbox 1821 2539 2054 2594; x_wconf 86' lang='lat' dir='ltr'><strong>transiit.</strong></span> 
     </span>
    </p>
   </div>
   <div class='ocr_carea' id='block_1_43' title="bbox 478 2631 2058 2703">
    <p class='ocr_par' dir='ltr' id='par_1_43' title="bbox 478 2631 2058 2703">
     <span class='ocr_line' id='line_1_43' title="bbox 478 2631 2058 2703; baseline 0.002 -19"><span class='ocrx_word' id='word_1_275' title='bbox 478 2632 544 2684; x_wconf 81' lang='lat' dir='ltr'><strong>Et</strong></span> <span class='ocrx_word' id='word_1_276' title='bbox 579 2631 722 2686; x_wconf 89' lang='lat' dir='ltr'><strong>alius</strong></span> <span class='ocrx_word' id='word_1_277' title='bbox 763 2647 830 2685; x_wconf 81' lang='lat' dir='ltr'><strong>ex</strong></span> <span class='ocrx_word' id='word_1_278' title='bbox 869 2632 1116 2701; x_wconf 77' lang='lat' dir='ltr'><strong>ejusdem</strong></span> <span class='ocrx_word' id='word_1_279' title='bbox 1151 2632 1304 2686; x_wconf 87' lang='lat' dir='ltr'><strong>urbis</strong></span> <span class='ocrx_word' id='word_1_280' title='bbox 1333 2633 1569 2687; x_wconf 86' lang='lat' dir='ltr'><strong>ecclesia</strong></span> <span class='ocrx_word' id='word_1_281' title='bbox 1609 2633 1900 2703; x_wconf 84' lang='lat' dir='ltr'><strong>episcopus</strong></span> <span class='ocrx_word' id='word_1_282' title='bbox 1929 2634 2058 2688; x_wconf 86' lang='lat' dir='ltr'><strong>Ale-</strong></span> 
     </span>
    </p>
   </div>
   <div class='ocr_carea' id='block_1_44' title="bbox 478 2723 2059 2794">
    <p class='ocr_par' dir='ltr' id='par_1_44' title="bbox 478 2723 2059 2794">
     <span class='ocr_line' id='line_1_44' title="bbox 478 2723 2059 2794; baseline 0.002 -17"><span class='ocrx_word' id='word_1_283' title='bbox 478 2723 712 2786; x_wconf 80' lang='lat' dir='ltr'><strong>xander,</strong></span> <span class='ocrx_word' id='word_1_284' title='bbox 747 2723 1021 2777; x_wconf 86' lang='lat' dir='ltr'><strong>Adrianos</strong></span> <span class='ocrx_word' id='word_1_285' title='bbox 1054 2724 1341 2778; x_wconf 89' lang='lat' dir='ltr'><strong>traductus</strong></span> <span class='ocrx_word' id='word_1_286' title='bbox 1370 2734 1474 2779; x_wconf 88' lang='lat' dir='ltr'><strong>est.</strong></span> <span class='ocrx_word' id='word_1_287' title='bbox 1515 2723 1594 2778; x_wconf 80' lang='lat' dir='ltr'><strong>Ex</strong></span> <span class='ocrx_word' id='word_1_288' title='bbox 1632 2725 1869 2794; x_wconf 86' lang='lat' dir='ltr'><strong>Apamea</strong></span> <span class='ocrx_word' id='word_1_289' title='bbox 1916 2725 2059 2780; x_wconf 67' lang='lat' dir='ltr'><strong>Asia:</strong></span> 
     </span>
    </p>
   </div>
   <div class='ocr_carea' id='block_1_45' title="bbox 480 2815 2056 2886">
    <p class='ocr_par' dir='ltr' id='par_1_45' title="bbox 480 2815 2056 2886">
     <span class='ocr_line' id='line_1_45' title="bbox 480 2815 2056 2886; baseline -0.001 -16"><span class='ocrx_word' id='word_1_290' title='bbox 480 2815 769 2886; x_wconf 80' lang='lat' dir='ltr'><strong>Philippus</strong></span> <span class='ocrx_word' id='word_1_291' title='bbox 807 2815 1231 2885; x_wconf 80' lang='lat' dir='ltr'><strong>Eudoxiopolim</strong></span> <span class='ocrx_word' id='word_1_292' title='bbox 1277 2817 1476 2871; x_wconf 87' lang='lat' dir='ltr'><strong>missus</strong></span> <span class='ocrx_word' id='word_1_293' title='bbox 1507 2827 1613 2882; x_wconf 86' lang='lat' dir='ltr'><strong>est,</strong></span> <span class='ocrx_word' id='word_1_294' title='bbox 1645 2818 1732 2870; x_wconf 88' lang='lat' dir='ltr'><strong>cui</strong></span> <span class='ocrx_word' id='word_1_295' title='bbox 1767 2827 1924 2872; x_wconf 77' lang='lat' dir='ltr'><strong>vetus</strong></span> <span class='ocrx_word' id='word_1_296' title='bbox 1957 2833 2056 2870; x_wconf 89' lang='lat' dir='ltr'><strong>no-</strong></span> 
     </span>
    </p>
   </div>
   <div class='ocr_carea' id='block_1_46' title="bbox 480 2908 2057 2979">
    <p class='ocr_par' dir='ltr' id='par_1_46' title="bbox 480 2908 2057 2979">
     <span class='ocr_line' id='line_1_46' title="bbox 480 2908 2057 2979; baseline 0.001 -17"><span class='ocrx_word' id='word_1_297' title='bbox 480 2924 604 2962; x_wconf 82' lang='lat' dir='ltr'><strong>men</strong></span> <span class='ocrx_word' id='word_1_298' title='bbox 657 2908 967 2963; x_wconf 79' lang='lat' dir='ltr'><strong>Salainbria</strong></span> <span class='ocrx_word' id='word_1_299' title='bbox 1014 2908 1138 2961; x_wconf 81' lang='lat' dir='ltr'><strong>fuit.</strong></span> <span class='ocrx_word' id='word_1_300' title='bbox 1180 2908 1513 2978; x_wconf 77' lang='lat' dir='ltr'><strong>l’olycarpus</strong></span> <span class='ocrx_word' id='word_1_301' title='bbox 1561 2924 1627 2962; x_wconf 77' lang='lat' dir='ltr'><strong>ex</strong></span> <span class='ocrx_word' id='word_1_302' title='bbox 1667 2908 2057 2979; x_wconf 88' lang='lat' dir='ltr'><strong>Antapristena</strong></span> 
     </span>
    </p>
   </div>
   <div class='ocr_carea' id='block_1_47' title="bbox 348 3001 2061 3074">
    <p class='ocr_par' dir='ltr' id='par_1_47' title="bbox 348 3001 2061 3074">
     <span class='ocr_line' id='line_1_47' title="bbox 348 3001 2061 3074; baseline 0.001 -18"><span class='ocrx_word' id='word_1_303' title='bbox 348 3021 373 3042; x_wconf 80' lang='grc' dir='ltr'><strong><em>ο</em></strong></span> <span class='ocrx_word' id='word_1_304' title='bbox 482 3001 662 3066; x_wconf 66' lang='lat' dir='ltr'><strong>Mysia:</strong></span> <span class='ocrx_word' id='word_1_305' title='bbox 685 3003 844 3064; x_wconf 88' lang='lat' dir='ltr'><strong>urbe,</strong></span> <span class='ocrx_word' id='word_1_306' title='bbox 867 3002 1175 3072; x_wconf 85' lang='lat' dir='ltr'><strong>Nicopolim</strong></span> <span class='ocrx_word' id='word_1_307' title='bbox 1205 3002 1490 3056; x_wconf 69' lang='lat' dir='ltr'><strong>Thraciae:</strong></span> <span class='ocrx_word' id='word_1_308' title='bbox 1517 3001 1678 3074; x_wconf 81' lang='grc'><strong>527</strong></span> <span class='ocrx_word' id='word_1_309' title='bbox 1703 3002 2061 3070; x_wconf 83' lang='lat' dir='ltr'><strong>llierOphilus</strong></span> 
     </span>
    </p>
   </div>
   <div class='ocr_carea' id='block_1_48' title="bbox 477 3094 2060 3166">
    <p class='ocr_par' dir='ltr' id='par_1_48' title="bbox 477 3094 2060 3166">
     <span class='ocr_line' id='line_1_48' title="bbox 477 3094 2060 3166; baseline 0 -16"><span class='ocrx_word' id='word_1_310' title='bbox 477 3112 544 3150; x_wconf 85' lang='lat' dir='ltr'><strong>ex</strong></span> <span class='ocrx_word' id='word_1_311' title='bbox 595 3095 939 3165; x_wconf 81' lang='lat' dir='ltr'><strong>Trapezunte</strong></span> <span class='ocrx_word' id='word_1_312' title='bbox 989 3096 1128 3149; x_wconf 90' lang='lat' dir='ltr'><strong>urbe</strong></span> <span class='ocrx_word' id='word_1_313' title='bbox 1160 3094 1429 3166; x_wconf 70' lang='lat' dir='ltr'><strong>Phrygim,</strong></span> <span class='ocrx_word' id='word_1_314' title='bbox 1467 3095 1856 3166; x_wconf 82' lang='lat' dir='ltr'><strong>Plotinopolim</strong></span> <span class='ocrx_word' id='word_1_315' title='bbox 1885 3095 2060 3150; x_wconf 84' lang='lat' dir='ltr'><strong>Thra-</strong></span> 
     </span>
    </p>
   </div>
   <div class='ocr_carea' id='block_1_49' title="bbox 477 3185 2130 3259">
    <p class='ocr_par' dir='ltr' id='par_1_49' title="bbox 477 3185 2130 3259">
     <span class='ocr_line' id='line_1_49' title="bbox 477 3185 2130 3259; baseline -0.002 -17"><span class='ocrx_word' id='word_1_316' title='bbox 477 3187 576 3242; x_wconf 82' lang='lat' dir='ltr'><strong>ciae</strong></span> <span class='ocrx_word' id='word_1_317' title='bbox 611 3186 784 3240; x_wconf 75' lang='lat' dir='ltr'><strong>venit.</strong></span> <span class='ocrx_word' id='word_1_318' title='bbox 837 3185 1091 3254; x_wconf 87' lang='lat' dir='ltr'><strong>Optimus</strong></span> <span class='ocrx_word' id='word_1_319' title='bbox 1145 3201 1211 3238; x_wconf 80' lang='lat' dir='ltr'><strong>ex</strong></span> <span class='ocrx_word' id='word_1_320' title='bbox 1271 3187 1543 3256; x_wconf 86' lang='lat' dir='ltr'><strong>Agdamea</strong></span> <span class='ocrx_word' id='word_1_321' title='bbox 1599 3186 1894 3257; x_wconf 79' lang='lat' dir='ltr'><strong>Phrygum,</strong></span> <span class='ocrx_word' id='word_1_322' title='bbox 1943 3186 2060 3241; x_wconf 83' lang='lat' dir='ltr'><strong>An-</strong></span> <span class='ocrx_word' id='word_1_323' title='bbox 2088 3237 2130 3259; x_wconf 60' lang='grc' dir='ltr'>η</span> 
     </span>
    </p>
   </div>
   <div class='ocr_carea' id='block_1_50' title="bbox 481 3277 2059 3350">
    <p class='ocr_par' dir='ltr' id='par_1_50' title="bbox 481 3277 2059 3350">
     <span class='ocr_line' id='line_1_50' title="bbox 481 3277 2059 3350; baseline 0.001 -16"><span class='ocrx_word' id='word_1_324' title='bbox 481 3281 738 3334; x_wconf 86' lang='lat' dir='ltr'><strong>tiochiam</strong></span> <span class='ocrx_word' id='word_1_325' title='bbox 770 3279 1007 3336; x_wconf 59' lang='lat' dir='ltr'><strong>Pisidia.</strong></span> <span class='ocrx_word' id='word_1_326' title='bbox 1028 3278 1299 3333; x_wconf 88' lang='lat' dir='ltr'><strong>Troadem</strong></span> <span class='ocrx_word' id='word_1_327' title='bbox 1325 3294 1390 3333; x_wconf 75' lang='lat' dir='ltr'><strong>ex</strong></span> <span class='ocrx_word' id='word_1_328' title='bbox 1409 3277 1774 3350; x_wconf 80' lang='lat' dir='ltr'><strong>Pbilippopoli</strong></span> <span class='ocrx_word' id='word_1_329' title='bbox 1812 3280 2059 3336; x_wconf 71' lang='lat' dir='ltr'><strong>Thraciae</strong></span> 
     </span>
    </p>
   </div>
   <div class='ocr_carea' id='block_1_51' title="bbox 480 3371 2057 3444">
    <p class='ocr_par' dir='ltr' id='par_1_51' title="bbox 480 3371 2057 3444">
     <span class='ocr_line' id='line_1_51' title="bbox 480 3371 2057 3444; baseline -0.001 -16"><span class='ocrx_word' id='word_1_330' title='bbox 480 3373 754 3444; x_wconf 81' lang='lat' dir='ltr'><strong>Sylvanus</strong></span> <span class='ocrx_word' id='word_1_331' title='bbox 806 3372 1045 3438; x_wconf 83' lang='lat' dir='ltr'><strong>transiit,</strong></span> <span class='ocrx_word' id='word_1_332' title='bbox 1084 3371 1152 3426; x_wconf 89' lang='lat' dir='ltr'><strong>de</strong></span> <span class='ocrx_word' id='word_1_333' title='bbox 1199 3388 1309 3442; x_wconf 87' lang='lat' dir='ltr'><strong>quo</strong></span> <span class='ocrx_word' id='word_1_334' title='bbox 1359 3372 1745 3427; x_wconf 86' lang='lat' dir='ltr'><strong>admirandum</strong></span> <span class='ocrx_word' id='word_1_335' title='bbox 1795 3373 2057 3443; x_wconf 88' lang='lat' dir='ltr'><strong>quiddam</strong></span> 
     </span>
    </p>
   </div>
   <div class='ocr_carea' id='block_1_52' title="bbox 480 3466 2058 3536">
    <p class='ocr_par' dir='ltr' id='par_1_52' title="bbox 480 3466 2058 3536">
     <span class='ocr_line' id='line_1_52' title="bbox 480 3466 2058 3536; baseline 0.001 -16"><span class='ocrx_word' id='word_1_336' title='bbox 480 3466 820 3520; x_wconf 84' lang='lat' dir='ltr'><strong>memorabo.</strong></span> <span class='ocrx_word' id='word_1_337' title='bbox 856 3467 904 3518; x_wconf 86' lang='lat' dir='ltr'><strong>Is</strong></span> <span class='ocrx_word' id='word_1_338' title='bbox 936 3481 1059 3520; x_wconf 86' lang='lat' dir='ltr'><strong>cum</strong></span> <span class='ocrx_word' id='word_1_339' title='bbox 1094 3475 1272 3520; x_wconf 89' lang='lat' dir='ltr'><strong>artem</strong></span> <span class='ocrx_word' id='word_1_340' title='bbox 1303 3467 1605 3520; x_wconf 80' lang='lat' dir='ltr'><strong>oratoriam</strong></span> <span class='ocrx_word' id='word_1_341' title='bbox 1639 3467 1877 3535; x_wconf 88' lang='lat' dir='ltr'><strong>primum</strong></span> <span class='ocrx_word' id='word_1_342' title='bbox 1911 3467 2058 3536; x_wconf 89' lang='lat' dir='ltr'><strong>apud</strong></span> 
     </span>
    </p>
   </div>
   <div class='ocr_carea' id='block_1_53' title="bbox 481 3557 2059 3628">
    <p class='ocr_par' dir='ltr' id='par_1_53' title="bbox 481 3557 2059 3628">
     <span class='ocr_line' id='line_1_53' title="bbox 481 3557 2059 3628; baseline 0.002 -17"><span class='ocrx_word' id='word_1_343' title='bbox 481 3557 786 3626; x_wconf 82' lang='lat' dir='ltr'><strong>sophistain</strong></span> <span class='ocrx_word' id='word_1_344' title='bbox 855 3558 1106 3611; x_wconf 88' lang='lat' dir='ltr'><strong>Troilum</strong></span> <span class='ocrx_word' id='word_1_345' title='bbox 1172 3557 1489 3621; x_wconf 87' lang='lat' dir='ltr'><strong>didicisset,</strong></span> <span class='ocrx_word' id='word_1_346' title='bbox 1558 3558 1802 3610; x_wconf 85' lang='lat' dir='ltr'><strong>studium</strong></span> <span class='ocrx_word' id='word_1_347' title='bbox 1869 3568 2059 3628; x_wconf 81' lang='lat' dir='ltr'><strong>postea</strong></span> 
     </span>
    </p>
   </div>
   <div class='ocr_carea' id='block_1_54' title="bbox 480 3646 2060 3717">
    <p class='ocr_par' dir='ltr' id='par_1_54' title="bbox 480 3646 2060 3717">
     <span class='ocr_line' id='line_1_54' title="bbox 480 3646 2060 3717; baseline 0.002 -17"><span class='ocrx_word' id='word_1_348' title='bbox 480 3662 645 3700; x_wconf 81' lang='lat' dir='ltr'><strong>Omne</strong></span> <span class='ocrx_word' id='word_1_349' title='bbox 678 3648 743 3699; x_wconf 89' lang='lat' dir='ltr'><strong>ad</strong></span> <span class='ocrx_word' id='word_1_350' title='bbox 781 3646 1274 3699; x_wconf 87' lang='lat' dir='ltr'><strong>Christianismum</strong></span> <span class='ocrx_word' id='word_1_351' title='bbox 1313 3646 1620 3709; x_wconf 87' lang='lat' dir='ltr'><strong>transtulit,</strong></span> <span class='ocrx_word' id='word_1_352' title='bbox 1654 3648 2060 3717; x_wconf 85' lang='lat' dir='ltr'><strong>asceticamqne</strong></span> 
     </span>
    </p>
   </div>
   <div class='ocr_carea' id='block_1_55' title="bbox 481 3738 2060 3807">
    <p class='ocr_par' dir='ltr' id='par_1_55' title="bbox 481 3738 2060 3807">
     <span class='ocr_line' id='line_1_55' title="bbox 481 3738 2060 3807; baseline 0.003 -17"><span class='ocrx_word' id='word_1_353' title='bbox 481 3745 809 3791; x_wconf 88' lang='lat' dir='ltr'><strong>consectans</strong></span> <span class='ocrx_word' id='word_1_354' title='bbox 843 3739 1032 3800; x_wconf 85' lang='lat' dir='ltr'><strong>vitam,</strong></span> <span class='ocrx_word' id='word_1_355' title='bbox 1067 3738 1291 3807; x_wconf 86' lang='lat' dir='ltr'><strong>pallium</strong></span> <span class='ocrx_word' id='word_1_356' title='bbox 1315 3747 1528 3807; x_wconf 78' lang='lat' dir='ltr'><strong>gestare</strong></span> <span class='ocrx_word' id='word_1_357' title='bbox 1572 3742 1870 3794; x_wconf 82' lang='lat' dir='ltr'><strong>recusavit.</strong></span> <span class='ocrx_word' id='word_1_358' title='bbox 1904 3739 2060 3795; x_wconf 84' lang='lat' dir='ltr'><strong>Hunc</strong></span> 
     </span>
    </p>
   </div>
   <div class='ocr_carea' id='block_1_56' title="bbox 481 3827 2061 3900">
    <p class='ocr_par' dir='ltr' id='par_1_56' title="bbox 481 3827 2061 3900">
     <span class='ocr_line' id='line_1_56' title="bbox 481 3827 2061 3900; baseline 0.001 -18"><span class='ocrx_word' id='word_1_359' title='bbox 481 3830 772 3898; x_wconf 89' lang='lat' dir='ltr'><strong>abreptum</strong></span> <span class='ocrx_word' id='word_1_360' title='bbox 805 3828 1020 3883; x_wconf 79' lang='lat' dir='ltr'><strong>Atticus</strong></span> <span class='ocrx_word' id='word_1_361' title='bbox 1055 3829 1368 3898; x_wconf 85' lang='lat' dir='ltr'><strong>cpiscopus,</strong></span> <span class='ocrx_word' id='word_1_362' title='bbox 1405 3827 1804 3900; x_wconf 80' lang='lat' dir='ltr'><strong>Philippopolis</strong></span> <span class='ocrx_word' id='word_1_363' title='bbox 1848 3831 2061 3900; x_wconf 88' lang='lat' dir='ltr'><strong>episco-</strong></span> 
     </span>
    </p>
   </div>
   <div class='ocr_carea' id='block_1_57' title="bbox 484 3919 2058 3989">
    <p class='ocr_par' dir='ltr' id='par_1_57' title="bbox 484 3919 2058 3989">
     <span class='ocr_line' id='line_1_57' title="bbox 484 3919 2058 3989; baseline 0.004 -17"><span class='ocrx_word' id='word_1_364' title='bbox 484 3935 612 3988; x_wconf 90' lang='lat' dir='ltr'><strong>pum</strong></span> <span class='ocrx_word' id='word_1_365' title='bbox 643 3919 944 3972; x_wconf 83' lang='lat' dir='ltr'><strong>declaravit</strong></span> <span class='ocrx_word' id='word_1_366' title='bbox 987 3937 1000 3974; x_wconf 88' lang='lat'><strong>:</strong></span> <span class='ocrx_word' id='word_1_367' title='bbox 1037 3921 1088 3972; x_wconf 92' lang='lat' dir='ltr'><strong>in</strong></span> <span class='ocrx_word' id='word_1_368' title='bbox 1119 3935 1226 3989; x_wconf 90' lang='lat' dir='ltr'><strong>qua</strong></span> <span class='ocrx_word' id='word_1_369' title='bbox 1263 3921 1397 3974; x_wconf 91' lang='lat' dir='ltr'><strong>urbe</strong></span> <span class='ocrx_word' id='word_1_370' title='bbox 1432 3931 1718 3989; x_wconf 83' lang='lat' dir='ltr'><strong>postquam</strong></span> <span class='ocrx_word' id='word_1_371' title='bbox 1756 3924 2058 3978; x_wconf 85' lang='lat' dir='ltr'><strong>triennium</strong></span> 
     </span>
    </p>
   </div>
   <div class='ocr_carea' id='block_1_58' title="bbox 481 4007 2059 4081">
    <p class='ocr_par' dir='ltr' id='par_1_58' title="bbox 481 4007 2059 4081">
     <span class='ocr_line' id='line_1_58' title="bbox 481 4007 2059 4081; baseline 0.004 -18"><span class='ocrx_word' id='word_1_372' title='bbox 481 4009 682 4080; x_wconf 72' lang='lat' dir='ltr'><strong>eXcgit,</strong></span> <span class='ocrx_word' id='word_1_373' title='bbox 736 4009 844 4064; x_wconf 89' lang='lat' dir='ltr'><strong>loci</strong></span> <span class='ocrx_word' id='word_1_374' title='bbox 903 4007 1022 4077; x_wconf 87' lang='lat' dir='ltr'><strong>ejus</strong></span> <span class='ocrx_word' id='word_1_375' title='bbox 1065 4010 1358 4064; x_wconf 85' lang='lat' dir='ltr'><strong>hibernum</strong></span> <span class='ocrx_word' id='word_1_376' title='bbox 1422 4013 1659 4081; x_wconf 80' lang='lat' dir='ltr'><strong>rigorem</strong></span> <span class='ocrx_word' id='word_1_377' title='bbox 1711 4029 1823 4068; x_wconf 90' lang='lat' dir='ltr'><strong>non</strong></span> <span class='ocrx_word' id='word_1_378' title='bbox 1877 4014 2059 4069; x_wconf 83' lang='lat' dir='ltr'><strong>ferens</strong></span> 
     </span>
    </p>
   </div>
   <div class='ocr_carea' id='block_1_59' title="bbox 485 4100 2055 4173">
    <p class='ocr_par' dir='ltr' id='par_1_59' title="bbox 485 4100 2055 4173">
     <span class='ocr_line' id='line_1_59' title="bbox 485 4100 2055 4173; baseline 0.002 -19"><span class='ocrx_word' id='word_1_379' title='bbox 485 4104 763 4171; x_wconf 69' lang='lat' dir='ltr'><strong>(exiguum</strong></span> <span class='ocrx_word' id='word_1_380' title='bbox 789 4100 935 4154; x_wconf 84' lang='lat' dir='ltr'><strong>enim</strong></span> <span class='ocrx_word' id='word_1_381' title='bbox 964 4107 1020 4154; x_wconf 85' lang='lat' dir='ltr'><strong>et</strong></span> <span class='ocrx_word' id='word_1_382' title='bbox 1052 4101 1322 4154; x_wconf 85' lang='lat' dir='ltr'><strong>imbecille</strong></span> <span class='ocrx_word' id='word_1_383' title='bbox 1347 4100 1397 4154; x_wconf 89' lang='lat' dir='ltr'><strong>ei</strong></span> <span class='ocrx_word' id='word_1_384' title='bbox 1426 4116 1646 4170; x_wconf 86' lang='lat' dir='ltr'><strong>prorsus</strong></span> <span class='ocrx_word' id='word_1_385' title='bbox 1671 4117 1869 4172; x_wconf 87' lang='lat' dir='ltr'><strong>corpus</strong></span> <span class='ocrx_word' id='word_1_386' title='bbox 1894 4105 2055 4173; x_wconf 85' lang='lat' dir='ltr'><strong>erat),</strong></span> 
     </span>
    </p>
   </div>
   <div class='ocr_carea' id='block_1_60' title="bbox 481 4192 2059 4264">
    <p class='ocr_par' dir='ltr' id='par_1_60' title="bbox 481 4192 2059 4264">
     <span class='ocr_line' id='line_1_60' title="bbox 481 4192 2059 4264; baseline 0.002 -17"><span class='ocrx_word' id='word_1_387' title='bbox 481 4194 726 4247; x_wconf 88' lang='lat' dir='ltr'><strong>Atticum</strong></span> <span class='ocrx_word' id='word_1_388' title='bbox 764 4202 823 4246; x_wconf 91' lang='lat' dir='ltr'><strong>ut</strong></span> <span class='ocrx_word' id='word_1_389' title='bbox 859 4193 1030 4246; x_wconf 90' lang='lat' dir='ltr'><strong>alium</strong></span> <span class='ocrx_word' id='word_1_390' title='bbox 1063 4194 1119 4246; x_wconf 93' lang='lat' dir='ltr'><strong>in</strong></span> <span class='ocrx_word' id='word_1_391' title='bbox 1158 4192 1340 4246; x_wconf 84' lang='lat' dir='ltr'><strong>locum</strong></span> <span class='ocrx_word' id='word_1_392' title='bbox 1372 4207 1532 4246; x_wconf 85' lang='lat' dir='ltr'><strong>suum</strong></span> <span class='ocrx_word' id='word_1_393' title='bbox 1568 4194 1890 4264; x_wconf 82' lang='lat' dir='ltr'><strong>episcopum</strong></span> <span class='ocrx_word' id='word_1_394' title='bbox 1925 4195 2059 4250; x_wconf 90' lang='lat' dir='ltr'><strong>sub-</strong></span> 
     </span>
    </p>
   </div>
   <div class='ocr_carea' id='block_1_61' title="bbox 483 4283 2057 4356">
    <p class='ocr_par' dir='ltr' id='par_1_61' title="bbox 483 4283 2057 4356">
     <span class='ocr_line' id='line_1_61' title="bbox 483 4283 2057 4356; baseline 0.001 -18"><span class='ocrx_word' id='word_1_395' title='bbox 483 4286 758 4348; x_wconf 84' lang='lat' dir='ltr'><strong>stitueret,</strong></span> <span class='ocrx_word' id='word_1_396' title='bbox 789 4283 1024 4354; x_wconf 78' lang='lat' dir='ltr'><strong>rogarit,</strong></span> <span class='ocrx_word' id='word_1_397' title='bbox 1057 4297 1168 4336; x_wconf 89' lang='lat' dir='ltr'><strong>non</strong></span> <span class='ocrx_word' id='word_1_398' title='bbox 1200 4284 1363 4338; x_wconf 88' lang='lat' dir='ltr'><strong>aliam</strong></span> <span class='ocrx_word' id='word_1_399' title='bbox 1393 4300 1558 4353; x_wconf 86' lang='lat' dir='ltr'><strong>quam</strong></span> <span class='ocrx_word' id='word_1_400' title='bbox 1586 4285 1808 4356; x_wconf 78' lang='lat' dir='ltr'><strong>frigoris</strong></span> <span class='ocrx_word' id='word_1_401' title='bbox 1838 4302 2057 4342; x_wconf 84' lang='lat' dir='ltr'><strong>causam</strong></span> 
     </span>
    </p>
   </div>
   <div class='ocr_carea' id='block_1_62' title="bbox 485 4375 2059 4448">
    <p class='ocr_par' dir='ltr' id='par_1_62' title="bbox 485 4375 2059 4448">
     <span class='ocr_line' id='line_1_62' title="bbox 485 4375 2059 4448; baseline 0.007 -25"><span class='ocrx_word' id='word_1_402' title='bbox 485 4376 737 4444; x_wconf 74' lang='lat' dir='ltr'><strong>petitioni</strong></span> <span class='ocrx_word' id='word_1_403' title='bbox 777 4391 890 4429; x_wconf 80' lang='lat' dir='ltr'><strong>sua:</strong></span> <span class='ocrx_word' id='word_1_404' title='bbox 940 4379 1312 4444; x_wconf 72' lang='lat' dir='ltr'><strong>prmtendens.</strong></span> <span class='ocrx_word' id='word_1_405' title='bbox 1359 4375 1532 4431; x_wconf 85' lang='lat' dir='ltr'><strong>Porro</strong></span> <span class='ocrx_word' id='word_1_406' title='bbox 1579 4379 1838 4448; x_wconf 85' lang='lat' dir='ltr'><strong>episcopo</strong></span> <span class='ocrx_word' id='word_1_407' title='bbox 1872 4379 1979 4432; x_wconf 84' lang='lat' dir='ltr'><strong>alio</strong></span> <span class='ocrx_word' id='word_1_408' title='bbox 2008 4379 2059 4434; x_wconf 86' lang='lat' dir='ltr'><strong>ei</strong></span> 
     </span>
    </p>
   </div>
   <div class='ocr_carea' id='block_1_63' title="bbox 484 4465 2058 4540">
    <p class='ocr_par' dir='ltr' id='par_1_63' title="bbox 484 4465 2058 4540">
     <span class='ocr_line' id='line_1_63' title="bbox 484 4465 2058 4540; baseline 0.004 -20"><span class='ocrx_word' id='word_1_409' title='bbox 484 4467 806 4537; x_wconf 84' lang='lat' dir='ltr'><strong>snbrogato,</strong></span> <span class='ocrx_word' id='word_1_410' title='bbox 837 4465 1104 4536; x_wconf 83' lang='lat' dir='ltr'><strong>Sylvanus</strong></span> <span class='ocrx_word' id='word_1_411' title='bbox 1130 4465 1607 4539; x_wconf 87' lang='lat' dir='ltr'><strong>Constantinopoli</strong></span> <span class='ocrx_word' id='word_1_412' title='bbox 1649 4469 1876 4540; x_wconf 81' lang='lat' dir='ltr'><strong>degens,</strong></span> <span class='ocrx_word' id='word_1_413' title='bbox 1924 4486 2058 4526; x_wconf 78' lang='lat' dir='ltr'><strong>cura</strong></span> 
     </span>
    </p>
   </div>
   <div class='ocr_carea' id='block_1_64' title="bbox 2160 1985 3742 2057">
    <p class='ocr_par' dir='ltr' id='par_1_64' title="bbox 2160 1985 3742 2057">
     <span class='ocr_line' id='line_1_64' title="bbox 2160 1985 3742 2057; baseline -0.001 -18"><span class='ocrx_word' id='word_1_414' title='bbox 2160 1986 2284 2048; x_wconf 88' lang='grc' dir='ltr'>κίας</span> <span class='ocrx_word' id='word_1_415' title='bbox 2342 1989 2702 2056; x_wconf 79' lang='grc' dir='ltr'>μετήνεγκεν.</span> <span class='ocrx_word' id='word_1_416' title='bbox 2730 1985 2958 2055; x_wconf 85' lang='grc' dir='ltr'>Ἕτερος</span> <span class='ocrx_word' id='word_1_417' title='bbox 3004 1986 3062 2038; x_wconf 87' lang='grc' dir='ltr'><strong>δέ</strong></span> <span class='ocrx_word' id='word_1_418' title='bbox 3127 1985 3499 2055; x_wconf 75' lang='grc' dir='ltr'>Ῥεϐερέντιος</span> <span class='ocrx_word' id='word_1_419' title='bbox 3559 1987 3742 2057; x_wconf 81' lang='grc' dir='ltr'>δνομα.</span> 
     </span>
    </p>
   </div>
   <div class='ocr_carea' id='block_1_65' title="bbox 2171 2077 3740 2149">
    <p class='ocr_par' dir='ltr' id='par_1_65' title="bbox 2171 2077 3740 2149">
     <span class='ocr_line' id='line_1_65' title="bbox 2171 2077 3740 2149; baseline 0 -17"><span class='ocrx_word' id='word_1_420' title='bbox 2171 2079 2385 2149; x_wconf 81' lang='grc' dir='ltr'>Ἀρκῶν</span> <span class='ocrx_word' id='word_1_421' title='bbox 2417 2078 2519 2148; x_wconf 76' lang='grc' dir='ltr'><strong>τῆς</strong></span> <span class='ocrx_word' id='word_1_422' title='bbox 2553 2077 2807 2148; x_wconf 76' lang='grc' dir='ltr'>Φοινίκης</span> <span class='ocrx_word' id='word_1_423' title='bbox 2856 2081 3198 2132; x_wconf 85' lang='grc' dir='ltr'>ἐπισκοπεῖν·</span> <span class='ocrx_word' id='word_1_424' title='bbox 3221 2078 3442 2147; x_wconf 77' lang='grc' dir='ltr'>ἐξελέγη</span> <span class='ocrx_word' id='word_1_425' title='bbox 3469 2095 3484 2110; x_wconf 85' lang='grc'><em>’</em></span> <span class='ocrx_word' id='word_1_426' title='bbox 3519 2081 3740 2132; x_wconf 83' lang='grc' dir='ltr'>ἐκεῖθεν</span> 
     </span>
    </p>
   </div>
   <div class='ocr_carea' id='block_1_66' title="bbox 2159 2169 3739 2241">
    <p class='ocr_par' dir='ltr' id='par_1_66' title="bbox 2159 2169 3739 2241">
     <span class='ocr_line' id='line_1_66' title="bbox 2159 2169 3739 2241; baseline 0 -19"><span class='ocrx_word' id='word_1_427' title='bbox 2159 2169 2216 2222; x_wconf 81' lang='grc' dir='ltr'><strong>δέ</strong></span> <span class='ocrx_word' id='word_1_428' title='bbox 2243 2170 2340 2240; x_wconf 83' lang='grc' dir='ltr'>τῆς</span> <span class='ocrx_word' id='word_1_429' title='bbox 2369 2169 2591 2241; x_wconf 84' lang='grc' dir='ltr'>Τυρίων</span> <span class='ocrx_word' id='word_1_430' title='bbox 2622 2169 2914 2240; x_wconf 84' lang='grc' dir='ltr'>ίερατικῶς</span> <span class='ocrx_word' id='word_1_431' title='bbox 2951 2169 3327 2240; x_wconf 84' lang='grc' dir='ltr'>καθηγήσατο.</span> <span class='ocrx_word' id='word_1_432' title='bbox 3361 2171 3494 2222; x_wconf 77' lang='grc' dir='ltr'>Ἀπὸ</span> <span class='ocrx_word' id='word_1_433' title='bbox 3517 2170 3576 2223; x_wconf 83' lang='grc' dir='ltr'><strong>δέ</strong></span> <span class='ocrx_word' id='word_1_434' title='bbox 3600 2171 3739 2239; x_wconf 77' lang='grc' dir='ltr'>Γόρο</span> 
     </span>
    </p>
   </div>
   <div class='ocr_carea' id='block_1_67' title="bbox 2158 2262 3741 2333">
    <p class='ocr_par' dir='ltr' id='par_1_67' title="bbox 2158 2262 3741 2333">
     <span class='ocr_line' id='line_1_67' title="bbox 2158 2262 3741 2333; baseline -0.001 -16"><span class='ocrx_word' id='word_1_435' title='bbox 2158 2262 2249 2317; x_wconf 83' lang='grc' dir='ltr'>δου</span> <span class='ocrx_word' id='word_1_436' title='bbox 2282 2263 2380 2333; x_wconf 86' lang='grc' dir='ltr'>τῆς</span> <span class='ocrx_word' id='word_1_437' title='bbox 2413 2265 2470 2316; x_wconf 90' lang='grc' dir='ltr'><strong>ἐν</strong></span> <span class='ocrx_word' id='word_1_438' title='bbox 2513 2262 2692 2332; x_wconf 80' lang='grc' dir='ltr'>Λυκίᾳ</span> <span class='ocrx_word' id='word_1_439' title='bbox 2723 2263 2988 2332; x_wconf 81' lang='grc' dir='ltr'>κειμένης</span> <span class='ocrx_word' id='word_1_440' title='bbox 3021 2266 3106 2325; x_wconf 76' lang='grc' dir='ltr'>εἰς’</span> <span class='ocrx_word' id='word_1_441' title='bbox 3135 2263 3507 2332; x_wconf 74' lang='grc' dir='ltr'>ῐιροικόνησον</span> <span class='ocrx_word' id='word_1_442' title='bbox 3561 2267 3741 2332; x_wconf 74' lang='grc' dir='ltr'>μετήο</span> 
     </span>
    </p>
   </div>
   <div class='ocr_carea' id='block_1_68' title="bbox 2160 2352 3739 2422">
    <p class='ocr_par' dir='ltr' id='par_1_68' title="bbox 2160 2352 3739 2422">
     <span class='ocr_line' id='line_1_68' title="bbox 2160 2352 3739 2422; baseline 0.001 -16"><span class='ocrx_word' id='word_1_443' title='bbox 2160 2353 2326 2422; x_wconf 84' lang='grc' dir='ltr'>νέχθη</span> <span class='ocrx_word' id='word_1_444' title='bbox 2377 2353 2632 2422; x_wconf 74' lang='grc' dir='ltr'>Ἰωάννης</span> <span class='ocrx_word' id='word_1_445' title='bbox 2657 2367 2671 2382; x_wconf 88' lang='grc'><strong>·</strong></span> <span class='ocrx_word' id='word_1_446' title='bbox 2712 2354 2806 2405; x_wconf 81' lang='grc' dir='ltr'>καὶ</span> <span class='ocrx_word' id='word_1_447' title='bbox 2862 2352 3136 2422; x_wconf 84' lang='grc' dir='ltr'>λαμπρῶς</span> <span class='ocrx_word' id='word_1_448' title='bbox 3160 2352 3262 2422; x_wconf 81' lang='grc' dir='ltr'><strong>τῆς</strong></span> <span class='ocrx_word' id='word_1_449' title='bbox 3311 2354 3618 2422; x_wconf 83' lang='grc' dir='ltr'>ἐπισκοπῆς</span> <span class='ocrx_word' id='word_1_450' title='bbox 3646 2355 3739 2408; x_wconf 66' lang='grc' dir='ltr'><strong>δια</strong></span> 
     </span>
    </p>
   </div>
   <div class='ocr_carea' id='block_1_69' title="bbox 2162 2443 3739 2514">
    <p class='ocr_par' dir='ltr' id='par_1_69' title="bbox 2162 2443 3739 2514">
     <span class='ocr_line' id='line_1_69' title="bbox 2162 2443 3739 2514; baseline 0.001 -17"><span class='ocrx_word' id='word_1_451' title='bbox 2162 2444 2278 2514; x_wconf 87' lang='grc' dir='ltr'>βίου</span> <span class='ocrx_word' id='word_1_452' title='bbox 2310 2444 2436 2508; x_wconf 73' lang='grc' dir='ltr'>τοὺς</span> <span class='ocrx_word' id='word_1_453' title='bbox 2461 2444 2653 2506; x_wconf 79' lang='grc' dir='ltr'>οἴακας</span> <span class='ocrx_word' id='word_1_454' title='bbox 2687 2443 3060 2513; x_wconf 85' lang='grc' dir='ltr'>ἐκληρώσατο.</span> <span class='ocrx_word' id='word_1_455' title='bbox 3090 2443 3284 2507; x_wconf 82' lang='grc' dir='ltr'>Ἀλλος</span> <span class='ocrx_word' id='word_1_456' title='bbox 3312 2444 3368 2496; x_wconf 74' lang='grc' dir='ltr'><strong>δέ</strong></span> <span class='ocrx_word' id='word_1_457' title='bbox 3398 2462 3480 2509; x_wconf 87' lang='grc' dir='ltr'><strong>τις</strong></span> <span class='ocrx_word' id='word_1_458' title='bbox 3528 2445 3739 2499; x_wconf 78' lang='grc' dir='ltr'>Παλλά-</span> 
     </span>
    </p>
   </div>
   <div class='ocr_carea' id='block_1_70' title="bbox 2159 2533 3738 2602">
    <p class='ocr_par' dir='ltr' id='par_1_70' title="bbox 2159 2533 3738 2602">
     <span class='ocr_line' id='line_1_70' title="bbox 2159 2533 3738 2602; baseline 0.001 -15"><span class='ocrx_word' id='word_1_459' title='bbox 2159 2535 2271 2597; x_wconf 84' lang='grc' dir='ltr'>διος</span> <span class='ocrx_word' id='word_1_460' title='bbox 2327 2533 2434 2586; x_wconf 83' lang='grc' dir='ltr'>ἀπὸ</span> <span class='ocrx_word' id='word_1_461' title='bbox 2499 2533 2932 2596; x_wconf 81' lang='grc' dir='ltr'>Ἑλενουπόλεως</span> <span class='ocrx_word' id='word_1_462' title='bbox 2981 2534 3081 2602; x_wconf 81' lang='grc' dir='ltr'>τῆς</span> <span class='ocrx_word' id='word_1_463' title='bbox 3136 2535 3277 2587; x_wconf 78' lang='grc' dir='ltr'>κατὰ</span> <span class='ocrx_word' id='word_1_464' title='bbox 3335 2534 3593 2589; x_wconf 84' lang='grc' dir='ltr'>Βιθυνίαν</span> <span class='ocrx_word' id='word_1_465' title='bbox 3655 2538 3738 2599; x_wconf 83' lang='grc' dir='ltr'><strong>είς</strong></span> 
     </span>
    </p>
   </div>
   <div class='ocr_carea' id='block_1_71' title="bbox 2173 2628 3736 2699">
    <p class='ocr_par' dir='ltr' id='par_1_71' title="bbox 2173 2628 3736 2699">
     <span class='ocr_line' id='line_1_71' title="bbox 2173 2628 3736 2699; baseline -0.001 -19"><span class='ocrx_word' id='word_1_466' title='bbox 2173 2628 2474 2681; x_wconf 81' lang='grc' dir='ltr'>Ἀσποῦναν</span> <span class='ocrx_word' id='word_1_467' title='bbox 2507 2628 2796 2698; x_wconf 77' lang='grc' dir='ltr'>μετετέθη.</span> <span class='ocrx_word' id='word_1_468' title='bbox 2839 2628 2944 2682; x_wconf 73' lang='grc' dir='ltr'><strong>Καὶ</strong></span> <span class='ocrx_word' id='word_1_469' title='bbox 2977 2629 3164 2698; x_wconf 73' lang='grc' dir='ltr'>ἕτερος</span> <span class='ocrx_word' id='word_1_470' title='bbox 3195 2629 3296 2699; x_wconf 84' lang='grc' dir='ltr'>τῆς</span> <span class='ocrx_word' id='word_1_471' title='bbox 3336 2629 3508 2698; x_wconf 81' lang='grc' dir='ltr'>αὐτῆς</span> <span class='ocrx_word' id='word_1_472' title='bbox 3536 2631 3736 2697; x_wconf 77' lang='grc' dir='ltr'>ἐκκληο</span> 
     </span>
    </p>
   </div>
   <div class='ocr_carea' id='block_1_72' title="bbox 2163 2720 3737 2794">
    <p class='ocr_par' dir='ltr' id='par_1_72' title="bbox 2163 2720 3737 2794">
     <span class='ocr_line' id='line_1_72' title="bbox 2163 2720 3737 2794; baseline 0.001 -20"><span class='ocrx_word' id='word_1_473' title='bbox 2163 2721 2282 2782; x_wconf 81' lang='grc' dir='ltr'>σίας</span> <span class='ocrx_word' id='word_1_474' title='bbox 2311 2720 2667 2791; x_wconf 67' lang='grc' dir='ltr'>Ἀλέξανδρος</span> <span class='ocrx_word' id='word_1_475' title='bbox 2703 2723 2783 2785; x_wconf 85' lang='grc' dir='ltr'><strong>είς</strong></span> <span class='ocrx_word' id='word_1_476' title='bbox 2831 2723 3148 2789; x_wconf 83' lang='grc' dir='ltr'>’Δδριανοὺς</span> <span class='ocrx_word' id='word_1_477' title='bbox 3198 2723 3471 2794; x_wconf 77' lang='grc' dir='ltr'>προήχθη.</span> <span class='ocrx_word' id='word_1_478' title='bbox 3512 2724 3650 2776; x_wconf 79' lang='grc' dir='ltr'><strong>Ἀπὸ</strong></span> <span class='ocrx_word' id='word_1_479' title='bbox 3678 2725 3737 2776; x_wconf 77' lang='grc' dir='ltr'><strong>δὲ</strong></span> 
     </span>
    </p>
   </div>
   <div class='ocr_carea' id='block_1_73' title="bbox 2160 2812 3740 2884">
    <p class='ocr_par' dir='ltr' id='par_1_73' title="bbox 2160 2812 3740 2884">
     <span class='ocr_line' id='line_1_73' title="bbox 2160 2812 3740 2884; baseline -0.003 -18"><span class='ocrx_word' id='word_1_480' title='bbox 2160 2813 2259 2879; x_wconf 76' lang='grc' dir='ltr'>τῆς</span> <span class='ocrx_word' id='word_1_481' title='bbox 2296 2813 2352 2865; x_wconf 87' lang='grc' dir='ltr'><strong>ἐν</strong></span> <span class='ocrx_word' id='word_1_482' title='bbox 2386 2813 2542 2884; x_wconf 80' lang='grc' dir='ltr'>’Δσίᾳ</span> <span class='ocrx_word' id='word_1_483' title='bbox 2581 2812 2890 2883; x_wconf 78' lang='grc' dir='ltr'>Ἀπαμείας</span> <span class='ocrx_word' id='word_1_484' title='bbox 2923 2816 3196 2876; x_wconf 82' lang='grc' dir='ltr'>Φίλιππος</span> <span class='ocrx_word' id='word_1_485' title='bbox 3253 2817 3332 2877; x_wconf 86' lang='grc' dir='ltr'><strong>είς</strong></span> <span class='ocrx_word' id='word_1_486' title='bbox 3373 2815 3631 2880; x_wconf 75' lang='grc' dir='ltr'>Εὑδοξιού</span> <span class='ocrx_word' id='word_1_487' title='bbox 3647 2834 3740 2867; x_wconf 75' lang='grc' dir='ltr'>πο..</span> 
     </span>
    </p>
   </div>
   <div class='ocr_carea' id='block_1_74' title="bbox 2161 2902 3738 2980">
    <p class='ocr_par' dir='ltr' id='par_1_74' title="bbox 2161 2902 3738 2980">
     <span class='ocr_line' id='line_1_74' title="bbox 2161 2902 3738 2980; baseline 0.001 -23"><span class='ocrx_word' id='word_1_488' title='bbox 2161 2905 2243 2957; x_wconf 85' lang='grc' dir='ltr'><strong>λιν</strong></span> <span class='ocrx_word' id='word_1_489' title='bbox 2265 2907 2451 2977; x_wconf 75' lang='grc' dir='ltr'>ἤγετο,</span> <span class='ocrx_word' id='word_1_490' title='bbox 2563 2909 2623 2960; x_wconf 83' lang='grc' dir='ltr'><strong>τὸ</strong></span> <span class='ocrx_word' id='word_1_491' title='bbox 2673 2908 2904 2976; x_wconf 80' lang='grc' dir='ltr'>ἀρχαῖον</span> <span class='ocrx_word' id='word_1_492' title='bbox 2936 2908 3264 2978; x_wconf 76' lang='grc' dir='ltr'>Σαλαμὸρία</span> <span class='ocrx_word' id='word_1_493' title='bbox 3295 2908 3468 2977; x_wconf 72' lang='grc' dir='ltr'>ὄνομα</span> <span class='ocrx_word' id='word_1_494' title='bbox 3503 2905 3594 2978; x_wconf 73' lang='grc' dir='ltr'>ἦν.</span> <span class='ocrx_word' id='word_1_495' title='bbox 3629 2909 3738 2960; x_wconf 81' lang='grc' dir='ltr'><strong>ηο-</strong></span> 
     </span>
    </p>
   </div>
   <div class='ocr_carea' id='block_1_75' title="bbox 2160 2998 3738 3072">
    <p class='ocr_par' dir='ltr' id='par_1_75' title="bbox 2160 2998 3738 3072">
     <span class='ocr_line' id='line_1_75' title="bbox 2160 2998 3738 3072; baseline 0.003 -22"><span class='ocrx_word' id='word_1_496' title='bbox 2160 3001 2442 3068; x_wconf 83' lang='grc' dir='ltr'>λύκαρπος</span> <span class='ocrx_word' id='word_1_497' title='bbox 2479 2999 2585 3052; x_wconf 81' lang='grc' dir='ltr'>ἀπὸ</span> <span class='ocrx_word' id='word_1_498' title='bbox 2619 2998 3114 3070; x_wconf 81' lang='grc' dir='ltr'>Σεξανταπρίστων</span> <span class='ocrx_word' id='word_1_499' title='bbox 3144 3004 3242 3068; x_wconf 84' lang='grc' dir='ltr'>τῆς</span> <span class='ocrx_word' id='word_1_500' title='bbox 3273 3003 3489 3064; x_wconf 89' lang='grc' dir='ltr'>Μυσίας</span> <span class='ocrx_word' id='word_1_501' title='bbox 3530 3005 3611 3066; x_wconf 89' lang='grc' dir='ltr'><strong>είς</strong></span> <span class='ocrx_word' id='word_1_502' title='bbox 3634 3005 3738 3072; x_wconf 79' lang='grc' dir='ltr'>τὴν</span> 
     </span>
    </p>
   </div>
   <div class='ocr_carea' id='block_1_76' title="bbox 2161 3091 3740 3164">
    <p class='ocr_par' dir='ltr' id='par_1_76' title="bbox 2161 3091 3740 3164">
     <span class='ocr_line' id='line_1_76' title="bbox 2161 3091 3740 3164; baseline 0.003 -21"><span class='ocrx_word' id='word_1_503' title='bbox 2161 3091 2260 3160; x_wconf 75' lang='grc' dir='ltr'>τῆς</span> <span class='ocrx_word' id='word_1_504' title='bbox 2292 3091 2512 3163; x_wconf 80' lang='grc' dir='ltr'>Θρᾴκης</span> <span class='ocrx_word' id='word_1_505' title='bbox 2563 3092 2862 3146; x_wconf 84' lang='grc' dir='ltr'>Νικόπολιν</span> <span class='ocrx_word' id='word_1_506' title='bbox 2904 3093 3225 3163; x_wconf 84' lang='grc' dir='ltr'>μετεχώρει.</span> <span class='ocrx_word' id='word_1_507' title='bbox 3285 3094 3394 3148; x_wconf 69' lang='grc' dir='ltr'><strong>Καὶ</strong></span> <span class='ocrx_word' id='word_1_508' title='bbox 3436 3093 3740 3164; x_wconf 77' lang='grc' dir='ltr'>’ῐερόφιλος</span> 
     </span>
    </p>
   </div>
   <div class='ocr_carea' id='block_1_77' title="bbox 2163 3182 3745 3261">
    <p class='ocr_par' dir='ltr' id='par_1_77' title="bbox 2163 3182 3745 3261">
     <span class='ocr_line' id='line_1_77' title="bbox 2163 3182 3745 3261; baseline 0.004 -25"><span class='ocrx_word' id='word_1_509' title='bbox 2163 3182 2269 3236; x_wconf 79' lang='grc' dir='ltr'>ἀπὸ</span> <span class='ocrx_word' id='word_1_510' title='bbox 2296 3182 2711 3254; x_wconf 80' lang='grc' dir='ltr'>Τραπεζοῦντος</span> <span class='ocrx_word' id='word_1_511' title='bbox 2743 3185 2950 3249; x_wconf 87' lang='grc' dir='ltr'>πόλεως</span> <span class='ocrx_word' id='word_1_512' title='bbox 2973 3187 3214 3256; x_wconf 74' lang='grc' dir='ltr'>Φρυγίας</span> <span class='ocrx_word' id='word_1_513' title='bbox 3239 3187 3318 3250; x_wconf 87' lang='grc' dir='ltr'><strong>είς</strong></span> <span class='ocrx_word' id='word_1_514' title='bbox 3340 3189 3440 3258; x_wconf 82' lang='grc' dir='ltr'>τὴν</span> <span class='ocrx_word' id='word_1_515' title='bbox 3463 3189 3562 3260; x_wconf 77' lang='grc' dir='ltr'><strong>τῆς</strong></span> <span class='ocrx_word' id='word_1_516' title='bbox 3594 3189 3745 3261; x_wconf 76' lang='grc' dir='ltr'><strong>Θρᾲ-</strong></span> 
     </span>
    </p>
   </div>
   <div class='ocr_carea' id='block_1_78' title="bbox 2163 3273 3740 3352">
    <p class='ocr_par' dir='ltr' id='par_1_78' title="bbox 2163 3273 3740 3352">
     <span class='ocr_line' id='line_1_78' title="bbox 2163 3273 3740 3352; baseline 0.006 -26"><span class='ocrx_word' id='word_1_517' title='bbox 2163 3292 2264 3343; x_wconf 89' lang='grc' dir='ltr'><strong>κης</strong></span> <span class='ocrx_word' id='word_1_518' title='bbox 2286 3276 2584 3330; x_wconf 83' lang='grc' dir='ltr'>Πλαυτινού</span> <span class='ocrx_word' id='word_1_519' title='bbox 2597 3277 2746 3331; x_wconf 87' lang='grc' dir='ltr'>πολιν</span> <span class='ocrx_word' id='word_1_520' title='bbox 2769 3273 3241 3350; x_wconf 79' lang='grc' dir='ltr'>ἧλθεν.’οπτιμος</span> <span class='ocrx_word' id='word_1_521' title='bbox 3262 3281 3372 3334; x_wconf 86' lang='grc' dir='ltr'>ἀπὸ</span> <span class='ocrx_word' id='word_1_522' title='bbox 3399 3283 3740 3352; x_wconf 81' lang='grc' dir='ltr'>Ἀγὸαμείας</span> 
     </span>
    </p>
   </div>
   <div class='ocr_carea' id='block_1_79' title="bbox 2161 3367 3742 3445">
    <p class='ocr_par' dir='ltr' id='par_1_79' title="bbox 2161 3367 3742 3445">
     <span class='ocr_line' id='line_1_79' title="bbox 2161 3367 3742 3445; baseline 0.004 -25"><span class='ocrx_word' id='word_1_523' title='bbox 2161 3367 2260 3437; x_wconf 81' lang='grc' dir='ltr'>τῆς</span> <span class='ocrx_word' id='word_1_524' title='bbox 2287 3368 2528 3438; x_wconf 77' lang='grc' dir='ltr'>Φρυγίας</span> <span class='ocrx_word' id='word_1_525' title='bbox 2557 3369 2637 3432; x_wconf 83' lang='grc' dir='ltr'><strong>είς</strong></span> <span class='ocrx_word' id='word_1_526' title='bbox 2669 3369 2766 3440; x_wconf 79' lang='grc' dir='ltr'>τὴν</span> <span class='ocrx_word' id='word_1_527' title='bbox 2811 3371 2909 3440; x_wconf 79' lang='grc' dir='ltr'>τῆς</span> <span class='ocrx_word' id='word_1_528' title='bbox 2981 3372 3227 3435; x_wconf 82' lang='grc' dir='ltr'>Πισιδίας</span> <span class='ocrx_word' id='word_1_529' title='bbox 3269 3373 3608 3444; x_wconf 80' lang='grc' dir='ltr'>Ἀντιόχειαν</span> <span class='ocrx_word' id='word_1_530' title='bbox 3642 3393 3742 3445; x_wconf 82' lang='grc' dir='ltr'>με-</span> 
     </span>
    </p>
   </div>
   <div class='ocr_carea' id='block_1_80' title="bbox 2160 3462 3741 3538">
    <p class='ocr_par' dir='ltr' id='par_1_80' title="bbox 2160 3462 3741 3538">
     <span class='ocr_line' id='line_1_80' title="bbox 2160 3462 3741 3538; baseline 0.005 -26"><span class='ocrx_word' id='word_1_531' title='bbox 2160 3462 2394 3532; x_wconf 83' lang='grc' dir='ltr'>τηνέχθη</span> <span class='ocrx_word' id='word_1_532' title='bbox 2434 3465 2515 3527; x_wconf 87' lang='grc' dir='ltr'><strong>είς</strong></span> <span class='ocrx_word' id='word_1_533' title='bbox 2575 3463 2633 3516; x_wconf 81' lang='grc' dir='ltr'><strong>δέ</strong></span> <span class='ocrx_word' id='word_1_534' title='bbox 2684 3465 2916 3532; x_wconf 77' lang='grc' dir='ltr'>Τρωάδα</span> <span class='ocrx_word' id='word_1_535' title='bbox 2961 3466 3069 3518; x_wconf 83' lang='grc' dir='ltr'>ἀπὸ</span> <span class='ocrx_word' id='word_1_536' title='bbox 3099 3467 3198 3537; x_wconf 79' lang='grc' dir='ltr'>τῆς</span> <span class='ocrx_word' id='word_1_537' title='bbox 3226 3467 3284 3519; x_wconf 91' lang='grc' dir='ltr'><strong>ἐν</strong></span> <span class='ocrx_word' id='word_1_538' title='bbox 3311 3466 3504 3538; x_wconf 79' lang='grc' dir='ltr'>Θρᾴκῃ</span> <span class='ocrx_word' id='word_1_539' title='bbox 3535 3468 3741 3520; x_wconf 74' lang='grc' dir='ltr'>Φιλιπ-</span> 
     </span>
    </p>
   </div>
   <div class='ocr_carea' id='block_1_81' title="bbox 2163 3553 3743 3628">
    <p class='ocr_par' dir='ltr' id='par_1_81' title="bbox 2163 3553 3743 3628">
     <span class='ocr_line' id='line_1_81' title="bbox 2163 3553 3743 3628; baseline 0.006 -24"><span class='ocrx_word' id='word_1_540' title='bbox 2163 3553 2478 3616; x_wconf 85' lang='grc' dir='ltr'>πουπόλεως</span> <span class='ocrx_word' id='word_1_541' title='bbox 2514 3554 2776 3617; x_wconf 79' lang='grc' dir='ltr'>Σιλϐανδς</span> <span class='ocrx_word' id='word_1_542' title='bbox 2831 3556 3204 3628; x_wconf 86' lang='grc' dir='ltr'>μετεχώρησε.</span> <span class='ocrx_word' id='word_1_543' title='bbox 3258 3557 3397 3627; x_wconf 78' lang='grc' dir='ltr'>Περὶ</span> <span class='ocrx_word' id='word_1_544' title='bbox 3449 3555 3511 3613; x_wconf 75' lang='grc' dir='ltr'><strong>οὗ</strong></span> <span class='ocrx_word' id='word_1_545' title='bbox 3541 3577 3597 3612; x_wconf 91' lang='grc' dir='ltr'><strong>τι</strong></span> <span class='ocrx_word' id='word_1_546' title='bbox 3643 3561 3743 3614; x_wconf 71' lang='grc' dir='ltr'>καὶ</span> 
     </span>
    </p>
   </div>
   <div class='ocr_carea' id='block_1_82' title="bbox 2163 3645 3742 3721">
    <p class='ocr_par' dir='ltr' id='par_1_82' title="bbox 2163 3645 3742 3721">
     <span class='ocr_line' id='line_1_82' title="bbox 2163 3645 3742 3721; baseline 0.004 -25"><span class='ocrx_word' id='word_1_547' title='bbox 2163 3645 2470 3714; x_wconf 79' lang='grc' dir='ltr'>θαυμάσιον</span> <span class='ocrx_word' id='word_1_548' title='bbox 2517 3651 2816 3716; x_wconf 84' lang='grc' dir='ltr'>γενόμενον</span> <span class='ocrx_word' id='word_1_549' title='bbox 2864 3647 3222 3717; x_wconf 82' lang='grc' dir='ltr'>διηγήσομαι.</span> <span class='ocrx_word' id='word_1_550' title='bbox 3261 3648 3582 3719; x_wconf 60' lang='grc' dir='ltr'>Ῥητορείκν</span> <span class='ocrx_word' id='word_1_551' title='bbox 3625 3652 3742 3721; x_wconf 77' lang='grc' dir='ltr'>γὰρ</span> 
     </span>
    </p>
   </div>
   <div class='ocr_carea' id='block_1_83' title="bbox 2162 3737 3739 3813">
    <p class='ocr_par' dir='ltr' id='par_1_83' title="bbox 2162 3737 3739 3813">
     <span class='ocr_line' id='line_1_83' title="bbox 2162 3737 3739 3813; baseline 0.003 -24"><span class='ocrx_word' id='word_1_552' title='bbox 2162 3737 2413 3806; x_wconf 83' lang='grc' dir='ltr'>ἀσκήσας</span> <span class='ocrx_word' id='word_1_553' title='bbox 2442 3737 2595 3801; x_wconf 76' lang='grc' dir='ltr'>οὗτος</span> <span class='ocrx_word' id='word_1_554' title='bbox 2622 3739 2888 3809; x_wconf 74' lang='grc' dir='ltr'>πρότερον</span> <span class='ocrx_word' id='word_1_555' title='bbox 2921 3757 2996 3793; x_wconf 88' lang='grc' dir='ltr'><strong>πα</strong></span> <span class='ocrx_word' id='word_1_556' title='bbox 3008 3742 3077 3813; x_wconf 73' lang='grc' dir='ltr'>ρᾶι</span> <span class='ocrx_word' id='word_1_557' title='bbox 3104 3740 3185 3807; x_wconf 82' lang='grc' dir='ltr'>τῷ</span> <span class='ocrx_word' id='word_1_558' title='bbox 3218 3743 3444 3812; x_wconf 80' lang='grc' dir='ltr'>σοφιστῇ</span> <span class='ocrx_word' id='word_1_559' title='bbox 3480 3743 3739 3812; x_wconf 74' lang='grc' dir='ltr'>Τρωίλῳ,</span> 
     </span>
    </p>
   </div>
   <div class='ocr_carea' id='block_1_84' title="bbox 2161 3830 3739 3906">
    <p class='ocr_par' dir='ltr' id='par_1_84' title="bbox 2161 3830 3739 3906">
     <span class='ocr_line' id='line_1_84' title="bbox 2161 3830 3739 3906; baseline 0.004 -25"><span class='ocrx_word' id='word_1_560' title='bbox 2161 3832 2260 3900; x_wconf 77' lang='grc' dir='ltr'>τὴν</span> <span class='ocrx_word' id='word_1_561' title='bbox 2291 3830 2532 3902; x_wconf 78' lang='grc' dir='ltr'>σπουδὴν</span> <span class='ocrx_word' id='word_1_562' title='bbox 2559 3830 2779 3885; x_wconf 75' lang='grc' dir='ltr'>ἃπασαν</span> <span class='ocrx_word' id='word_1_563' title='bbox 2813 3833 2952 3902; x_wconf 88' lang='grc' dir='ltr'>πρὸς</span> <span class='ocrx_word' id='word_1_564' title='bbox 2983 3834 3047 3887; x_wconf 87' lang='grc' dir='ltr'><strong>τὸ</strong></span> <span class='ocrx_word' id='word_1_565' title='bbox 3091 3834 3503 3906; x_wconf 78' lang='grc' dir='ltr'>Χριστιανίζειν</span> <span class='ocrx_word' id='word_1_566' title='bbox 3530 3836 3700 3888; x_wconf 80' lang='grc' dir='ltr'>ἐτίθει</span> <span class='ocrx_word' id='word_1_567' title='bbox 3721 3851 3739 3868; x_wconf 77' lang='grc' dir='ltr'><strong><em>ο</em></strong></span> 
     </span>
    </p>
   </div>
   <div class='ocr_carea' id='block_1_85' title="bbox 2163 3924 3743 3998">
    <p class='ocr_par' dir='ltr' id='par_1_85' title="bbox 2163 3924 3743 3998">
     <span class='ocr_line' id='line_1_85' title="bbox 2163 3924 3743 3998; baseline 0.006 -24"><span class='ocrx_word' id='word_1_568' title='bbox 2163 3924 2463 3993; x_wconf 77' lang='grc' dir='ltr'>ἀσκητικὸν</span> <span class='ocrx_word' id='word_1_569' title='bbox 2509 3925 2565 3976; x_wconf 83' lang='grc' dir='ltr'><strong>δέ</strong></span> <span class='ocrx_word' id='word_1_570' title='bbox 2601 3925 3005 3995; x_wconf 82' lang='grc' dir='ltr'>μετερχόμενος</span> <span class='ocrx_word' id='word_1_571' title='bbox 3069 3926 3208 3995; x_wconf 87' lang='grc' dir='ltr'>βίον,</span> <span class='ocrx_word' id='word_1_572' title='bbox 3241 3925 3482 3997; x_wconf 82' lang='grc' dir='ltr'>τρίόωνα</span> <span class='ocrx_word' id='word_1_573' title='bbox 3546 3931 3743 3998; x_wconf 78' lang='grc' dir='ltr'>φορεῖν</span> 
     </span>
    </p>
   </div>
   <div class='ocr_carea' id='block_1_86' title="bbox 2163 4015 3742 4086">
    <p class='ocr_par' dir='ltr' id='par_1_86' title="bbox 2163 4015 3742 4086">
     <span class='ocr_line' id='line_1_86' title="bbox 2163 4015 3742 4086; baseline 0.003 -20"><span class='ocrx_word' id='word_1_574' title='bbox 2163 4020 2492 4086; x_wconf 63' lang='grc' dir='ltr'>παρῃτεῖτω</span> <span class='ocrx_word' id='word_1_575' title='bbox 2533 4017 2591 4069; x_wconf 75' lang='grc' dir='ltr'>ὃν</span> <span class='ocrx_word' id='word_1_576' title='bbox 2639 4019 2666 4068; x_wconf 81' lang='grc' dir='ltr'>ὁ</span> <span class='ocrx_word' id='word_1_577' title='bbox 2701 4019 3002 4080; x_wconf 79' lang='grc' dir='ltr'>ἐπίσκοπος</span> <span class='ocrx_word' id='word_1_578' title='bbox 3048 4015 3294 4079; x_wconf 81' lang='grc' dir='ltr'>Ἀττικὸς</span> <span class='ocrx_word' id='word_1_579' title='bbox 3350 4020 3742 4086; x_wconf 76' lang='grc' dir='ltr'>συναρπάσας,</span> 
     </span>
    </p>
   </div>
   <div class='ocr_carea' id='block_1_87' title="bbox 2160 4107 3744 4184">
    <p class='ocr_par' dir='ltr' id='par_1_87' title="bbox 2160 4107 3744 4184">
     <span class='ocr_line' id='line_1_87' title="bbox 2160 4107 3744 4184; baseline 0.003 -24"><span class='ocrx_word' id='word_1_580' title='bbox 2160 4107 2647 4172; x_wconf 70' lang='grc' dir='ltr'>Φιλιππουπόλεως</span> <span class='ocrx_word' id='word_1_581' title='bbox 2694 4109 2907 4162; x_wconf 73' lang='grc' dir='ltr'>ἐδείκνυ</span> <span class='ocrx_word' id='word_1_582' title='bbox 2962 4110 3305 4162; x_wconf 77' lang='grc' dir='ltr'>ἐπίσκοπονο</span> <span class='ocrx_word' id='word_1_583' title='bbox 3360 4112 3418 4162; x_wconf 93' lang='grc' dir='ltr'><strong>ἐν</strong></span> <span class='ocrx_word' id='word_1_584' title='bbox 3556 4116 3744 4182; x_wconf 81' lang='grc' dir='ltr'>τρίτον</span> 
     </span>
    </p>
   </div>
   <div class='ocr_carea' id='block_1_88' title="bbox 2162 4198 3736 4272">
    <p class='ocr_par' dir='ltr' id='par_1_88' title="bbox 2162 4198 3736 4272">
     <span class='ocr_line' id='line_1_88' title="bbox 2162 4198 3736 4272; baseline 0.003 -21"><span class='ocrx_word' id='word_1_585' title='bbox 2162 4199 2281 4263; x_wconf 76' lang='grc' dir='ltr'>ἔτος</span> <span class='ocrx_word' id='word_1_586' title='bbox 2312 4198 2612 4269; x_wconf 81' lang='grc' dir='ltr'>διαγαγὼν,</span> <span class='ocrx_word' id='word_1_587' title='bbox 2647 4200 2708 4254; x_wconf 85' lang='grc' dir='ltr'><strong>τὸ</strong></span> <span class='ocrx_word' id='word_1_588' title='bbox 2737 4201 2833 4254; x_wconf 81' lang='grc' dir='ltr'>τοῦ</span> <span class='ocrx_word' id='word_1_589' title='bbox 2867 4201 3036 4254; x_wconf 82' lang='grc' dir='ltr'>τόπου</span> <span class='ocrx_word' id='word_1_590' title='bbox 3073 4201 3146 4272; x_wconf 78' lang='grc' dir='ltr'>μὴ</span> <span class='ocrx_word' id='word_1_591' title='bbox 3189 4203 3482 4272; x_wconf 77' lang='grc' dir='ltr'>ὑποφέρων</span> <span class='ocrx_word' id='word_1_592' title='bbox 3510 4203 3736 4272; x_wconf 82' lang='grc' dir='ltr'>δυσχεί-</span> 
     </span>
    </p>
   </div>
   <div class='ocr_carea' id='block_1_89' title="bbox 2165 4289 3743 4365">
    <p class='ocr_par' dir='ltr' id='par_1_89' title="bbox 2165 4289 3743 4365">
     <span class='ocr_line' id='line_1_89' title="bbox 2165 4289 3743 4365; baseline 0.003 -21"><span class='ocrx_word' id='word_1_593' title='bbox 2165 4309 2332 4364; x_wconf 87' lang='grc' dir='ltr'>μερον</span> <span class='ocrx_word' id='word_1_594' title='bbox 2369 4291 2640 4362; x_wconf 79' lang='grc' dir='ltr'>(ἐξίτηλον</span> <span class='ocrx_word' id='word_1_595' title='bbox 2666 4295 2775 4365; x_wconf 82' lang='grc' dir='ltr'><strong>γὰρ</strong></span> <span class='ocrx_word' id='word_1_596' title='bbox 2808 4289 2877 4364; x_wconf 77' lang='grc' dir='ltr'>ἦν</span> <span class='ocrx_word' id='word_1_597' title='bbox 2906 4295 3100 4365; x_wconf 84' lang='grc' dir='ltr'>ἐκείνῳ</span> <span class='ocrx_word' id='word_1_598' title='bbox 3124 4295 3185 4347; x_wconf 83' lang='grc' dir='ltr'><strong>τὸ</strong></span> <span class='ocrx_word' id='word_1_599' title='bbox 3215 4295 3372 4365; x_wconf 84' lang='grc' dir='ltr'>σῶμα</span> <span class='ocrx_word' id='word_1_600' title='bbox 3395 4296 3486 4349; x_wconf 73' lang='grc' dir='ltr'>καὶ</span> <span class='ocrx_word' id='word_1_601' title='bbox 3526 4295 3743 4348; x_wconf 72' lang='grc' dir='ltr'>παντά-</span> 
     </span>
    </p>
   </div>
   <div class='ocr_carea' id='block_1_90' title="bbox 2161 4381 3744 4456">
    <p class='ocr_par' dir='ltr' id='par_1_90' title="bbox 2161 4381 3744 4456">
     <span class='ocr_line' id='line_1_90' title="bbox 2161 4381 3744 4456; baseline 0.003 -22"><span class='ocrx_word' id='word_1_602' title='bbox 2161 4397 2329 4435; x_wconf 84' lang='grc' dir='ltr'>πασιν</span> <span class='ocrx_word' id='word_1_603' title='bbox 2355 4381 2606 4452; x_wconf 72' lang='grc' dir='ltr'>ἄπορον),</span> <span class='ocrx_word' id='word_1_604' title='bbox 2669 4383 2882 4436; x_wconf 77' lang='grc' dir='ltr'>ἱκεσίαν</span> <span class='ocrx_word' id='word_1_605' title='bbox 2919 4381 3153 4453; x_wconf 80' lang='grc' dir='ltr'>’Δττικῷ</span> <span class='ocrx_word' id='word_1_606' title='bbox 3204 4383 3508 4454; x_wconf 83' lang='grc' dir='ltr'>προσῆγεν,</span> <span class='ocrx_word' id='word_1_607' title='bbox 3543 4382 3744 4456; x_wconf 74' lang='grc' dir='ltr'>ιτερον</span> 
     </span>
    </p>
   </div>
   <div class='ocr_carea' id='block_1_91' title="bbox 2162 4472 3743 4548">
    <p class='ocr_par' dir='ltr' id='par_1_91' title="bbox 2162 4472 3743 4548">
     <span class='ocr_line' id='line_1_91' title="bbox 2162 4472 3743 4548; baseline 0.005 -23"><span class='ocrx_word' id='word_1_608' title='bbox 2162 4474 2239 4536; x_wconf 86' lang='grc' dir='ltr'><strong>είς</strong></span> <span class='ocrx_word' id='word_1_609' title='bbox 2269 4475 2360 4527; x_wconf 82' lang='grc' dir='ltr'><strong>τὸν</strong></span> <span class='ocrx_word' id='word_1_610' title='bbox 2385 4473 2552 4528; x_wconf 81' lang='grc' dir='ltr'>αὐτοῦ</span> <span class='ocrx_word' id='word_1_611' title='bbox 2565 4472 2731 4528; x_wconf 87' lang='grc' dir='ltr'>τόπον</span> <span class='ocrx_word' id='word_1_612' title='bbox 2756 4473 3054 4528; x_wconf 85' lang='grc' dir='ltr'>ἐπίσκοπον</span> <span class='ocrx_word' id='word_1_613' title='bbox 3085 4475 3371 4548; x_wconf 76' lang='grc' dir='ltr'>καθιστᾷν,</span> <span class='ocrx_word' id='word_1_614' title='bbox 3404 4477 3535 4531; x_wconf 81' lang='grc' dir='ltr'>ἄλλο</span> <span class='ocrx_word' id='word_1_615' title='bbox 3568 4480 3743 4548; x_wconf 83' lang='grc' dir='ltr'>μηδὲν</span> 
     </span>
    </p>
   </div>
   <div class='ocr_carea' id='block_1_92' title="bbox 485 4559 2057 4642">
    <p class='ocr_par' dir='ltr' id='par_1_92' title="bbox 485 4559 2056 4625">
     <span class='ocr_line' id='line_1_92' title="bbox 485 4559 2056 4625; baseline 0.003 -11"><span class='ocrx_word' id='word_1_616' title='bbox 485 4573 697 4614; x_wconf 86' lang='lat' dir='ltr'><strong>summa</strong></span> <span class='ocrx_word' id='word_1_617' title='bbox 745 4560 1106 4614; x_wconf 87' lang='lat' dir='ltr'><strong>monasticam</strong></span> <span class='ocrx_word' id='word_1_618' title='bbox 1155 4559 1325 4614; x_wconf 87' lang='lat' dir='ltr'><strong>coluit</strong></span> <span class='ocrx_word' id='word_1_619' title='bbox 1380 4561 1572 4625; x_wconf 84' lang='lat' dir='ltr'><strong>vitam,</strong></span> <span class='ocrx_word' id='word_1_620' title='bbox 1627 4561 1954 4619; x_wconf 86' lang='lat' dir='ltr'><strong>humilitatis</strong></span> <span class='ocrx_word' id='word_1_621' title='bbox 1999 4572 2056 4620; x_wconf 83' lang='lat' dir='ltr'><strong>et</strong></span> 
     </span>
    </p>
   </div>
   <div class='ocr_carea' id='block_1_93' title="bbox 2161 4559 3744 4642">
    <p class='ocr_par' dir='ltr' id='par_1_93' title="bbox 2161 4565 3744 4642">
     <span class='ocr_line' id='line_1_93' title="bbox 2161 4565 3744 4642; baseline 0.005 -24"><span class='ocrx_word' id='word_1_622' title='bbox 2161 4565 2662 4638; x_wconf 76' lang='grc' dir='ltr'>προσαλλόμενοςῆ</span> <span class='ocrx_word' id='word_1_623' title='bbox 2699 4567 2764 4620; x_wconf 92' lang='grc' dir='ltr'><strong>τὸ</strong></span> <span class='ocrx_word' id='word_1_624' title='bbox 2810 4566 2977 4638; x_wconf 78' lang='grc' dir='ltr'>κρύος</span> <span class='ocrx_word' id='word_1_625' title='bbox 3004 4567 3180 4621; x_wconf 82' lang='grc' dir='ltr'>αῐτιον</span> <span class='ocrx_word' id='word_1_626' title='bbox 3213 4569 3315 4638; x_wconf 82' lang='grc' dir='ltr'>τῆς</span> <span class='ocrx_word' id='word_1_627' title='bbox 3345 4573 3744 4642; x_wconf 78' lang='grc' dir='ltr'>παραιτήσεως</span> 
     </span>
    </p>
   </div>
   <div class='ocr_carea' id='block_1_94' title="bbox 486 4649 2061 4723">
    <p class='ocr_par' dir='ltr' id='par_1_94' title="bbox 486 4649 2061 4723">
     <span class='ocr_line' id='line_1_94' title="bbox 486 4649 2061 4723; baseline 0.004 -22"><span class='ocrx_word' id='word_1_628' title='bbox 486 4650 830 4719; x_wconf 84' lang='lat' dir='ltr'><strong>paupertatis</strong></span> <span class='ocrx_word' id='word_1_629' title='bbox 862 4658 971 4702; x_wconf 91' lang='lat' dir='ltr'><strong>tam</strong></span> <span class='ocrx_word' id='word_1_630' title='bbox 1022 4649 1326 4716; x_wconf 86' lang='lat' dir='ltr'><strong>studiosus,</strong></span> <span class='ocrx_word' id='word_1_631' title='bbox 1359 4661 1418 4706; x_wconf 89' lang='lat' dir='ltr'><strong>ut</strong></span> <span class='ocrx_word' id='word_1_632' title='bbox 1461 4653 1517 4706; x_wconf 91' lang='lat' dir='ltr'><strong>in</strong></span> <span class='ocrx_word' id='word_1_633' title='bbox 1559 4652 1694 4707; x_wconf 90' lang='lat' dir='ltr'><strong>urbe</strong></span> <span class='ocrx_word' id='word_1_634' title='bbox 1727 4652 2061 4723; x_wconf 79' lang='lat' dir='ltr'><strong>frequentis-</strong></span> 
     </span>
    </p>
   </div>
   <div class='ocr_carea' id='block_1_95' title="bbox 485 4740 2060 4810">
    <p class='ocr_par' dir='ltr' id='par_1_95' title="bbox 485 4740 2060 4810">
     <span class='ocr_line' id='line_1_95' title="bbox 485 4740 2060 4810; baseline 0.003 -14"><span class='ocrx_word' id='word_1_635' title='bbox 485 4743 624 4796; x_wconf 85' lang='lat' dir='ltr'><strong>sima</strong></span> <span class='ocrx_word' id='word_1_636' title='bbox 667 4740 1057 4806; x_wconf 84' lang='lat' dir='ltr'><strong>obambulans,</strong></span> <span class='ocrx_word' id='word_1_637' title='bbox 1101 4742 1333 4810; x_wconf 85' lang='lat' dir='ltr'><strong>sparteis</strong></span> <span class='ocrx_word' id='word_1_638' title='bbox 1367 4743 1440 4796; x_wconf 87' lang='lat' dir='ltr'><strong>sit</strong></span> <span class='ocrx_word' id='word_1_639' title='bbox 1488 4745 1751 4799; x_wconf 86' lang='lat' dir='ltr'><strong>sandaliis</strong></span> <span class='ocrx_word' id='word_1_640' title='bbox 1794 4761 1945 4801; x_wconf 84' lang='lat' dir='ltr'><strong>usus.</strong></span> <span class='ocrx_word' id='word_1_641' title='bbox 1981 4746 2060 4801; x_wconf 82' lang='lat' dir='ltr'><strong>Eo</strong></span> 
     </span>
    </p>
   </div>
   <div class='ocr_carea' id='block_1_96' title="bbox 485 4833 2060 4908">
    <p class='ocr_par' dir='ltr' id='par_1_96' title="bbox 485 4833 2060 4908">
     <span class='ocr_line' id='line_1_96' title="bbox 485 4833 2060 4908; baseline 0.003 -20"><span class='ocrx_word' id='word_1_642' title='bbox 485 4844 732 4903; x_wconf 81' lang='lat' dir='ltr'><strong>tempore</strong></span> <span class='ocrx_word' id='word_1_643' title='bbox 790 4847 900 4886; x_wconf 89' lang='lat' dir='ltr'><strong>non</strong></span> <span class='ocrx_word' id='word_1_644' title='bbox 957 4833 1132 4888; x_wconf 83' lang='lat' dir='ltr'><strong>multo</strong></span> <span class='ocrx_word' id='word_1_645' title='bbox 1187 4842 1418 4899; x_wconf 83' lang='lat' dir='ltr'><strong>exacto,</strong></span> <span class='ocrx_word' id='word_1_646' title='bbox 1481 4833 1712 4890; x_wconf 85' lang='lat' dir='ltr'><strong>Troadis</strong></span> <span class='ocrx_word' id='word_1_647' title='bbox 1768 4838 2060 4908; x_wconf 88' lang='lat' dir='ltr'><strong>episcopus</strong></span> 
     </span>
    </p>
   </div>
   <div class='ocr_carea' id='block_1_97' title="bbox 486 4922 2058 4998">
    <p class='ocr_par' dir='ltr' id='par_1_97' title="bbox 486 4922 2058 4998">
     <span class='ocr_line' id='line_1_97' title="bbox 486 4922 2058 4998; baseline 0.001 -20"><span class='ocrx_word' id='word_1_648' title='bbox 486 4932 741 4978; x_wconf 87' lang='lat' dir='ltr'><strong>mortuus</strong></span> <span class='ocrx_word' id='word_1_649' title='bbox 785 4931 908 4990; x_wconf 56' lang='lat' dir='ltr'><strong>,est.</strong></span> <span class='ocrx_word' id='word_1_650' title='bbox 971 4922 1321 4992; x_wconf 84' lang='lat' dir='ltr'><strong>Quapropter</strong></span> <span class='ocrx_word' id='word_1_651' title='bbox 1367 4923 1535 4980; x_wconf 87' lang='lat' dir='ltr'><strong>Troes</strong></span> <span class='ocrx_word' id='word_1_652' title='bbox 1588 4923 2058 4998; x_wconf 84' lang='lat' dir='ltr'><strong>Constantinopoli</strong></span> 
     </span>
    </p>
   </div>
   <div class='ocr_carea' id='block_1_98' title="bbox 486 5015 2057 5088">
    <p class='ocr_par' dir='ltr' id='par_1_98' title="bbox 486 5015 2057 5088">
     <span class='ocr_line' id='line_1_98' title="bbox 486 5015 2057 5088; baseline 0.003 -18"><span class='ocrx_word' id='word_1_653' title='bbox 486 5016 714 5077; x_wconf 70' lang='lat' dir='ltr'><strong>aﬂuere,</strong></span> <span class='ocrx_word' id='word_1_654' title='bbox 749 5015 1071 5084; x_wconf 88' lang='lat' dir='ltr'><strong>episcopum</strong></span> <span class='ocrx_word' id='word_1_655' title='bbox 1112 5023 1383 5085; x_wconf 85' lang='lat' dir='ltr'><strong>petentes.</strong></span> <span class='ocrx_word' id='word_1_656' title='bbox 1423 5016 1559 5071; x_wconf 87' lang='lat' dir='ltr'><strong>Cum</strong></span> <span class='ocrx_word' id='word_1_657' title='bbox 1605 5026 1788 5072; x_wconf 90' lang='lat' dir='ltr'><strong>autem</strong></span> <span class='ocrx_word' id='word_1_658' title='bbox 1823 5022 2057 5088; x_wconf 86' lang='lat' dir='ltr'><strong>Atticus,</strong></span> 
     </span>
    </p>
   </div>
   <div class='ocr_carea' id='block_1_99' title="bbox 488 5107 2056 5179">
    <p class='ocr_par' dir='ltr' id='par_1_99' title="bbox 488 5107 2056 5179">
     <span class='ocr_line' id='line_1_99' title="bbox 488 5107 2056 5179; baseline 0.002 -16"><span class='ocrx_word' id='word_1_659' title='bbox 488 5124 781 5178; x_wconf 89' lang='lat' dir='ltr'><strong>quemnam</strong></span> <span class='ocrx_word' id='word_1_660' title='bbox 823 5107 934 5162; x_wconf 84' lang='lat' dir='ltr'><strong>illis</strong></span> <span class='ocrx_word' id='word_1_661' title='bbox 980 5107 1286 5163; x_wconf 78' lang='lat' dir='ltr'><strong>antistitem</strong></span> <span class='ocrx_word' id='word_1_662' title='bbox 1333 5110 1668 5179; x_wconf 80' lang='lat' dir='ltr'><strong>designaret,</strong></span> <span class='ocrx_word' id='word_1_663' title='bbox 1705 5110 2056 5178; x_wconf 87' lang='lat' dir='ltr'><strong>deliberaret,</strong></span> 
     </span>
    </p>
   </div>
   <div class='ocr_carea' id='block_1_100' title="bbox 489 5202 2056 5271">
    <p class='ocr_par' dir='ltr' id='par_1_100' title="bbox 489 5202 2056 5271">
     <span class='ocr_line' id='line_1_100' title="bbox 489 5202 2056 5271; baseline 0.003 -16"><span class='ocrx_word' id='word_1_664' title='bbox 489 5203 760 5270; x_wconf 79' lang='lat' dir='ltr'><strong>Sylvanus</strong></span> <span class='ocrx_word' id='word_1_665' title='bbox 794 5202 1006 5256; x_wconf 85' lang='lat' dir='ltr'><strong>visendi</strong></span> <span class='ocrx_word' id='word_1_666' title='bbox 1049 5204 1167 5271; x_wconf 86' lang='lat' dir='ltr'><strong>ejus</strong></span> <span class='ocrx_word' id='word_1_667' title='bbox 1202 5202 1376 5269; x_wconf 79' lang='lat' dir='ltr'><strong>gratia</strong></span> <span class='ocrx_word' id='word_1_668' title='bbox 1408 5205 1475 5257; x_wconf 92' lang='lat' dir='ltr'><strong>ad</strong></span> <span class='ocrx_word' id='word_1_669' title='bbox 1514 5219 1642 5258; x_wconf 85' lang='lat' dir='ltr'><strong>eum</strong></span> <span class='ocrx_word' id='word_1_670' title='bbox 1672 5205 1847 5258; x_wconf 83' lang='lat' dir='ltr'><strong>venit.</strong></span> <span class='ocrx_word' id='word_1_671' title='bbox 1885 5204 2056 5271; x_wconf 88' lang='lat' dir='ltr'><strong>Quem</strong></span> 
     </span>
    </p>
   </div>
   <div class='ocr_carea' id='block_1_101' title="bbox 489 5282 2058 5366">
    <p class='ocr_par' dir='ltr' id='par_1_101' title="bbox 489 5282 2058 5366">
     <span class='ocr_line' id='line_1_101' title="bbox 489 5282 2058 5366; baseline 0.003 -20"><span class='ocrx_word' id='word_1_672' title='bbox 489 5282 580 5347; x_wconf 75' lang='lat' dir='ltr'><strong>ubi</strong></span> <span class='ocrx_word' id='word_1_673' title='bbox 626 5295 934 5364; x_wconf 77' lang='lat' dir='ltr'><strong>conspexit,</strong></span> <span class='ocrx_word' id='word_1_674' title='bbox 965 5295 1149 5348; x_wconf 88' lang='lat' dir='ltr'><strong>statim</strong></span> <span class='ocrx_word' id='word_1_675' title='bbox 1185 5294 1235 5348; x_wconf 88' lang='lat' dir='ltr'><strong>ei</strong></span> <span class='ocrx_word' id='word_1_676' title='bbox 1281 5293 1460 5365; x_wconf 74' lang='lat' dir='ltr'><strong>Troia:</strong></span> <span class='ocrx_word' id='word_1_677' title='bbox 1489 5297 1866 5366; x_wconf 87' lang='lat' dir='ltr'><strong>episcopatum</strong></span> <span class='ocrx_word' id='word_1_678' title='bbox 1901 5313 2058 5350; x_wconf 87' lang='lat' dir='ltr'><strong>mau-</strong></span> 
     </span>
    </p>
   </div>
   <div class='ocr_carea' id='block_1_102' title="bbox 488 5386 2055 5458">
    <p class='ocr_par' dir='ltr' id='par_1_102' title="bbox 488 5386 2055 5458">
     <span class='ocr_line' id='line_1_102' title="bbox 488 5386 2055 5458; baseline 0.001 -18"><span class='ocrx_word' id='word_1_679' title='bbox 488 5387 660 5440; x_wconf 86' lang='lat' dir='ltr'><strong>davit.</strong></span> <span class='ocrx_word' id='word_1_680' title='bbox 692 5386 868 5456; x_wconf 85' lang='lat' dir='ltr'><strong>Atque</strong></span> <span class='ocrx_word' id='word_1_681' title='bbox 902 5386 966 5439; x_wconf 88' lang='lat' dir='ltr'><strong>ad</strong></span> <span class='ocrx_word' id='word_1_682' title='bbox 999 5401 1124 5440; x_wconf 91' lang='lat' dir='ltr'><strong>eum</strong></span> <span class='ocrx_word' id='word_1_683' title='bbox 1153 5399 1455 5441; x_wconf 84' lang='lat' dir='ltr'><strong>conversus</strong></span> <span class='ocrx_word' id='word_1_684' title='bbox 1489 5404 1502 5439; x_wconf 90' lang='lat'>:</span> <span class='ocrx_word' id='word_1_685' title='bbox 1539 5386 1826 5458; x_wconf 90' lang='lat' dir='ltr'><strong>Deinceps,</strong></span> <span class='ocrx_word' id='word_1_686' title='bbox 1857 5388 2055 5457; x_wconf 88' lang='lat' dir='ltr'><strong>inquit,</strong></span> 
     </span>
    </p>
   </div>
   <div class='ocr_carea' id='block_1_103' title="bbox 489 5477 2062 5548">
    <p class='ocr_par' dir='ltr' id='par_1_103' title="bbox 489 5477 2062 5548">
     <span class='ocr_line' id='line_1_103' title="bbox 489 5477 2062 5548; baseline 0.003 -18"><span class='ocrx_word' id='word_1_687' title='bbox 489 5477 670 5531; x_wconf 89' lang='lat' dir='ltr'><strong>omnis</strong></span> <span class='ocrx_word' id='word_1_688' title='bbox 695 5478 790 5530; x_wconf 86' lang='lat' dir='ltr'><strong>tibi</strong></span> <span class='ocrx_word' id='word_1_689' title='bbox 815 5477 1207 5533; x_wconf 80' lang='lat' dir='ltr'><strong>ecclesiasticae.</strong></span> <span class='ocrx_word' id='word_1_690' title='bbox 1232 5477 1532 5533; x_wconf 75' lang='lat' dir='ltr'><strong>[unctionis</strong></span> <span class='ocrx_word' id='word_1_691' title='bbox 1557 5478 1897 5548; x_wconf 71' lang='lat' dir='ltr'><strong>defugiendze</strong></span> <span class='ocrx_word' id='word_1_692' title='bbox 1924 5495 2062 5548; x_wconf 80' lang='lat' dir='ltr'><strong>pra:-</strong></span> 
     </span>
    </p>
   </div>
   <div class='ocr_carea' id='block_1_104' title="bbox 490 5570 2057 5639">
    <p class='ocr_par' dir='ltr' id='par_1_104' title="bbox 490 5570 2057 5639">
     <span class='ocr_line' id='line_1_104' title="bbox 490 5570 2057 5639; baseline 0.001 -15"><span class='ocrx_word' id='word_1_693' title='bbox 490 5573 603 5624; x_wconf 87' lang='lat' dir='ltr'><strong>cisa</strong></span> <span class='ocrx_word' id='word_1_694' title='bbox 638 5582 721 5624; x_wconf 87' lang='lat' dir='ltr'><strong>est</strong></span> <span class='ocrx_word' id='word_1_695' title='bbox 764 5571 1004 5626; x_wconf 87' lang='lat' dir='ltr'><strong>occasio.</strong></span> <span class='ocrx_word' id='word_1_696' title='bbox 1051 5571 1255 5626; x_wconf 81' lang='lat' dir='ltr'><strong>Multus</strong></span> <span class='ocrx_word' id='word_1_697' title='bbox 1297 5571 1445 5626; x_wconf 86' lang='lat' dir='ltr'><strong>enim</strong></span> <span class='ocrx_word' id='word_1_698' title='bbox 1498 5570 1710 5625; x_wconf 86' lang='lat' dir='ltr'><strong>Troade</strong></span> <span class='ocrx_word' id='word_1_699' title='bbox 1754 5573 1908 5626; x_wconf 89' lang='lat' dir='ltr'><strong>calor</strong></span> <span class='ocrx_word' id='word_1_700' title='bbox 1953 5587 2057 5639; x_wconf 77' lang='grc' dir='ltr'>εει,</span> 
     </span>
    </p>
   </div>
   <div class='ocr_carea' id='block_1_105' title="bbox 490 5663 2058 5734">
    <p class='ocr_par' dir='ltr' id='par_1_105' title="bbox 490 5663 2058 5734">
     <span class='ocr_line' id='line_1_105' title="bbox 490 5663 2058 5734; baseline 0.005 -20"><span class='ocrx_word' id='word_1_701' title='bbox 490 5672 943 5731; x_wconf 89' lang='lat' dir='ltr'><strong>opportunusque</strong></span> <span class='ocrx_word' id='word_1_702' title='bbox 981 5671 1037 5717; x_wconf 91' lang='lat' dir='ltr'><strong>et</strong></span> <span class='ocrx_word' id='word_1_703' title='bbox 1079 5664 1400 5718; x_wconf 89' lang='lat' dir='ltr'><strong>commodus</strong></span> <span class='ocrx_word' id='word_1_704' title='bbox 1432 5663 1531 5718; x_wconf 88' lang='lat' dir='ltr'><strong>tibi</strong></span> <span class='ocrx_word' id='word_1_705' title='bbox 1583 5678 1612 5718; x_wconf 88' lang='lat' dir='ltr'><strong>a</strong></span> <span class='ocrx_word' id='word_1_706' title='bbox 1666 5663 1778 5720; x_wconf 87' lang='lat' dir='ltr'><strong>Deo</strong></span> <span class='ocrx_word' id='word_1_707' title='bbox 1831 5677 2058 5734; x_wconf 86' lang='lat' dir='ltr'><strong>paratus</strong></span> 
     </span>
    </p>
   </div>
   <div class='ocr_carea' id='block_1_106' title="bbox 567 5863 1196 5938">
    <p class='ocr_par' dir='ltr' id='par_1_106' title="bbox 567 5863 1196 5938">
     <span class='ocr_line' id='line_1_106' title="bbox 567 5863 1196 5938; baseline 0.002 -20"><span class='ocrx_word' id='word_1_708' title='bbox 567 5863 642 5936; x_wconf 91' lang='lat' dir='ltr'><strong>(I)</strong></span> <span class='ocrx_word' id='word_1_709' title='bbox 683 5864 892 5922; x_wconf 88' lang='lat' dir='ltr'><strong>Socrat.</strong></span> <span class='ocrx_word' id='word_1_710' title='bbox 928 5867 978 5920; x_wconf 78' lang='lat' dir='ltr'><strong>in</strong></span> <span class='ocrx_word' id='word_1_711' title='bbox 1011 5866 1196 5938; x_wconf 79' lang='lat' dir='ltr'><strong>Lydia.</strong></span> 
     </span>
    </p>
   </div>
   <div class='ocr_carea' id='block_1_107' title="bbox 2160 4660 3743 4731">
    <p class='ocr_par' dir='ltr' id='par_1_107' title="bbox 2160 4660 3743 4731">
     <span class='ocr_line' id='line_1_107' title="bbox 2160 4660 3743 4731; baseline 0.003 -18"><span class='ocrx_word' id='word_1_712' title='bbox 2160 4661 2428 4729; x_wconf 88' lang='grc' dir='ltr'>γίνεσθαι.</span> <span class='ocrx_word' id='word_1_713' title='bbox 2462 4662 2572 4714; x_wconf 72' lang='grc' dir='ltr'><strong>Καὶ</strong></span> <span class='ocrx_word' id='word_1_714' title='bbox 2603 4661 2667 4729; x_wconf 76' lang='grc' dir='ltr'><strong>δὴ</strong></span> <span class='ocrx_word' id='word_1_715' title='bbox 2715 4660 2904 4731; x_wconf 84' lang='grc' dir='ltr'>ἐτέρου</span> <span class='ocrx_word' id='word_1_716' title='bbox 2945 4661 3246 4716; x_wconf 84' lang='grc' dir='ltr'>ἐπισκόπου</span> <span class='ocrx_word' id='word_1_717' title='bbox 3293 4663 3376 4726; x_wconf 87' lang='grc' dir='ltr'><strong>είς</strong></span> <span class='ocrx_word' id='word_1_718' title='bbox 3403 4663 3496 4718; x_wconf 88' lang='grc' dir='ltr'><strong>τὸν</strong></span> <span class='ocrx_word' id='word_1_719' title='bbox 3527 4664 3743 4718; x_wconf 87' lang='grc' dir='ltr'>ἐκείνου</span> 
     </span>
    </p>
   </div>
   <div class='ocr_carea' id='block_1_108' title="bbox 2159 4749 3744 4823">
    <p class='ocr_par' dir='ltr' id='par_1_108' title="bbox 2159 4749 3744 4823">
     <span class='ocr_line' id='line_1_108' title="bbox 2159 4749 3744 4823; baseline 0.004 -21"><span class='ocrx_word' id='word_1_720' title='bbox 2159 4749 2327 4804; x_wconf 86' lang='grc' dir='ltr'>τόπον</span> <span class='ocrx_word' id='word_1_721' title='bbox 2379 4751 2773 4814; x_wconf 82' lang='grc' dir='ltr'>καταστάντος,</span> <span class='ocrx_word' id='word_1_722' title='bbox 2808 4750 3072 4814; x_wconf 71' lang='grc' dir='ltr'>Σιλὸανὸς</span> <span class='ocrx_word' id='word_1_723' title='bbox 3118 4753 3175 4804; x_wconf 94' lang='grc' dir='ltr'><strong>ἐν</strong></span> <span class='ocrx_word' id='word_1_724' title='bbox 3207 4755 3275 4823; x_wconf 81' lang='grc' dir='ltr'>τῇ</span> <span class='ocrx_word' id='word_1_725' title='bbox 3315 4753 3744 4810; x_wconf 82' lang='grc' dir='ltr'>Κωνσταντίνου</span> 
     </span>
    </p>
   </div>
   <div class='ocr_carea' id='block_1_109' title="bbox 2159 4841 3744 4915">
    <p class='ocr_par' dir='ltr' id='par_1_109' title="bbox 2159 4841 3744 4915">
     <span class='ocr_line' id='line_1_109' title="bbox 2159 4841 3744 4915; baseline 0.005 -21"><span class='ocrx_word' id='word_1_726' title='bbox 2159 4841 2259 4905; x_wconf 80' lang='grc' dir='ltr'><strong>τὰς</strong></span> <span class='ocrx_word' id='word_1_727' title='bbox 2279 4843 2566 4914; x_wconf 77' lang='grc' dir='ltr'>διατρισὰς</span> <span class='ocrx_word' id='word_1_728' title='bbox 2589 4844 2852 4910; x_wconf 82' lang='grc' dir='ltr'>ἐποιεῖτο,</span> <span class='ocrx_word' id='word_1_729' title='bbox 2879 4843 3064 4914; x_wconf 73' lang='grc' dir='ltr'>ἄκρως</span> <span class='ocrx_word' id='word_1_730' title='bbox 3093 4845 3186 4897; x_wconf 89' lang='grc' dir='ltr'><strong>τὸν</strong></span> <span class='ocrx_word' id='word_1_731' title='bbox 3208 4847 3508 4915; x_wconf 81' lang='grc' dir='ltr'>ἀσκητικὸν</span> <span class='ocrx_word' id='word_1_732' title='bbox 3536 4849 3744 4913; x_wconf 84' lang='grc' dir='ltr'>μετιὼν</span> 
     </span>
    </p>
   </div>
   <div class='ocr_carea' id='block_1_110' title="bbox 2163 4935 3744 5010">
    <p class='ocr_par' dir='ltr' id='par_1_110' title="bbox 2163 4935 3744 5010">
     <span class='ocr_line' id='line_1_110' title="bbox 2163 4935 3744 5010; baseline 0.004 -22"><span class='ocrx_word' id='word_1_733' title='bbox 2163 4935 2299 5005; x_wconf 86' lang='grc' dir='ltr'>βίον.</span> <span class='ocrx_word' id='word_1_734' title='bbox 2349 4935 2478 4990; x_wconf 73' lang='grc' dir='ltr'>Ἐπὶ</span> <span class='ocrx_word' id='word_1_735' title='bbox 2511 4936 2671 4989; x_wconf 86' lang='grc' dir='ltr'>τόσον</span> <span class='ocrx_word' id='word_1_736' title='bbox 2699 4936 2756 4989; x_wconf 84' lang='grc' dir='ltr'><strong>δέ</strong></span> <span class='ocrx_word' id='word_1_737' title='bbox 2787 4936 2936 5006; x_wconf 81' lang='grc' dir='ltr'><strong>αὑτῷ</strong></span> <span class='ocrx_word' id='word_1_738' title='bbox 2966 4938 3027 4989; x_wconf 88' lang='grc' dir='ltr'><strong>τὸ</strong></span> <span class='ocrx_word' id='word_1_739' title='bbox 3064 4936 3274 5005; x_wconf 74' lang='grc' dir='ltr'>ἄτυφον</span> <span class='ocrx_word' id='word_1_740' title='bbox 3318 4939 3412 4991; x_wconf 75' lang='grc' dir='ltr'><strong>καὶ</strong></span> <span class='ocrx_word' id='word_1_741' title='bbox 3446 4940 3744 5010; x_wconf 80' lang='grc' dir='ltr'>ἀπέριττον</span> 
     </span>
    </p>
   </div>
   <div class='ocr_carea' id='block_1_111' title="bbox 2160 5023 3744 5101">
    <p class='ocr_par' dir='ltr' id='par_1_111' title="bbox 2160 5023 3744 5101">
     <span class='ocr_line' id='line_1_111' title="bbox 2160 5023 3744 5101; baseline 0.004 -23"><span class='ocrx_word' id='word_1_742' title='bbox 2160 5023 2249 5096; x_wconf 76' lang='grc' dir='ltr'>ἦν,</span> <span class='ocrx_word' id='word_1_743' title='bbox 2283 5027 2358 5090; x_wconf 84' lang='grc' dir='ltr'>ὡς</span> <span class='ocrx_word' id='word_1_744' title='bbox 2393 5027 2597 5098; x_wconf 82' lang='grc' dir='ltr'>καίπερ</span> <span class='ocrx_word' id='word_1_745' title='bbox 2660 5030 2717 5080; x_wconf 85' lang='grc' dir='ltr'><strong>ἐν</strong></span> <span class='ocrx_word' id='word_1_746' title='bbox 2774 5029 3192 5099; x_wconf 84' lang='grc' dir='ltr'>πολυανθρώπῳ</span> <span class='ocrx_word' id='word_1_747' title='bbox 3227 5031 3383 5082; x_wconf 86' lang='grc' dir='ltr'>πόλει</span> <span class='ocrx_word' id='word_1_748' title='bbox 3431 5032 3744 5101; x_wconf 71' lang='grc' dir='ltr'>στρεφόμε-</span> 
     </span>
    </p>
   </div>
   <div class='ocr_carea' id='block_1_112' title="bbox 2161 5119 3744 5191">
    <p class='ocr_par' dir='ltr' id='par_1_112' title="bbox 2161 5119 3744 5191">
     <span class='ocr_line' id='line_1_112' title="bbox 2161 5119 3744 5191; baseline 0.006 -21"><span class='ocrx_word' id='word_1_749' title='bbox 2161 5136 2290 5182; x_wconf 92' lang='grc' dir='ltr'>νος,</span> <span class='ocrx_word' id='word_1_750' title='bbox 2353 5121 2581 5190; x_wconf 89' lang='grc' dir='ltr'>χόρτινα</span> <span class='ocrx_word' id='word_1_751' title='bbox 2635 5119 2992 5174; x_wconf 74' lang='grc' dir='ltr'>ὑποδεδέσθαι</span> <span class='ocrx_word' id='word_1_752' title='bbox 3054 5122 3332 5177; x_wconf 82' lang='grc' dir='ltr'>σανδάλια.</span> <span class='ocrx_word' id='word_1_753' title='bbox 3403 5121 3624 5191; x_wconf 79' lang='grc' dir='ltr'>Ὀλίγου</span> <span class='ocrx_word' id='word_1_754' title='bbox 3698 5125 3744 5179; x_wconf 71' lang='grc' dir='ltr'><strong>δ’</strong></span> 
     </span>
    </p>
   </div>
   <div class='ocr_carea' id='block_1_113' title="bbox 2162 5211 3740 5288">
    <p class='ocr_par' dir='ltr' id='par_1_113' title="bbox 2162 5211 3740 5288">
     <span class='ocr_line' id='line_1_113' title="bbox 2162 5211 3740 5288; baseline 0.006 -26"><span class='ocrx_word' id='word_1_755' title='bbox 2162 5211 2414 5264; x_wconf 76' lang='grc' dir='ltr'>ἐνιαυτοῦ</span> <span class='ocrx_word' id='word_1_756' title='bbox 2443 5213 2754 5283; x_wconf 81' lang='grc' dir='ltr'>παριόντος,</span> <span class='ocrx_word' id='word_1_757' title='bbox 2786 5213 2814 5264; x_wconf 87' lang='grc' dir='ltr'><strong>ό</strong></span> <span class='ocrx_word' id='word_1_758' title='bbox 2843 5215 2940 5281; x_wconf 80' lang='grc' dir='ltr'>τὴν</span> <span class='ocrx_word' id='word_1_759' title='bbox 2968 5214 3270 5285; x_wconf 82' lang='grc' dir='ltr'>ἐπιτροπὴν</span> <span class='ocrx_word' id='word_1_760' title='bbox 3300 5218 3400 5286; x_wconf 77' lang='grc' dir='ltr'>τῆς</span> <span class='ocrx_word' id='word_1_761' title='bbox 3433 5217 3489 5268; x_wconf 86' lang='grc' dir='ltr'><strong>ἐν</strong></span> <span class='ocrx_word' id='word_1_762' title='bbox 3519 5217 3740 5288; x_wconf 77' lang='grc' dir='ltr'>Τρωάδι</span> 
     </span>
    </p>
   </div>
   <div class='ocr_carea' id='block_1_114' title="bbox 2161 5302 3740 5380">
    <p class='ocr_par' dir='ltr' id='par_1_114' title="bbox 2161 5302 3740 5380">
     <span class='ocr_line' id='line_1_114' title="bbox 2161 5302 3740 5380; baseline 0.004 -26"><span class='ocrx_word' id='word_1_763' title='bbox 2161 5302 2454 5372; x_wconf 76' lang='grc' dir='ltr'>ἐκκλησίας</span> <span class='ocrx_word' id='word_1_764' title='bbox 2515 5304 2939 5375; x_wconf 82' lang='grc' dir='ltr'>κεκληρωμένος</span> <span class='ocrx_word' id='word_1_765' title='bbox 2997 5305 3279 5359; x_wconf 80' lang='grc' dir='ltr'>ἐτελεύτα.</span> <span class='ocrx_word' id='word_1_766' title='bbox 3335 5309 3399 5360; x_wconf 79' lang='lat' dir='ltr'><strong>Ol</strong></span> <span class='ocrx_word' id='word_1_767' title='bbox 3455 5308 3512 5361; x_wconf 81' lang='grc' dir='ltr'><strong>δὲ</strong></span> <span class='ocrx_word' id='word_1_768' title='bbox 3552 5312 3740 5380; x_wconf 81' lang='grc' dir='ltr'>Τρῶες</span> 
     </span>
    </p>
   </div>
   <div class='ocr_carea' id='block_1_115' title="bbox 2161 5393 3738 5464">
    <p class='ocr_par' dir='ltr' id='par_1_115' title="bbox 2161 5393 3738 5464">
     <span class='ocr_line' id='line_1_115' title="bbox 2161 5393 3738 5464; baseline 0.008 -19"><span class='ocrx_word' id='word_1_769' title='bbox 2161 5395 2414 5463; x_wconf 74' lang='grc' dir='ltr'>παρῆσαν</span> <span class='ocrx_word' id='word_1_770' title='bbox 2448 5393 2738 5464; x_wconf 78' lang='grc' dir='ltr'>ζητοῦντες</span> <span class='ocrx_word' id='word_1_771' title='bbox 2787 5396 3108 5452; x_wconf 88' lang='grc' dir='ltr'>ἐπίσκοπον.</span> <span class='ocrx_word' id='word_1_772' title='bbox 3143 5397 3250 5451; x_wconf 82' lang='grc' dir='ltr'>Τοῦ</span> <span class='ocrx_word' id='word_1_773' title='bbox 3303 5401 3360 5452; x_wconf 82' lang='grc' dir='ltr'><strong>δὲ</strong></span> <span class='ocrx_word' id='word_1_774' title='bbox 3394 5400 3650 5456; x_wconf 83' lang='grc' dir='ltr'>Ἀττικοῦ</span> <span class='ocrx_word' id='word_1_775' title='bbox 3683 5405 3738 5456; x_wconf 89' lang='grc' dir='ltr'><strong>ἐν</strong></span> 
     </span>
    </p>
   </div>
   <div class='ocr_carea' id='block_1_116' title="bbox 2162 5484 3738 5564">
    <p class='ocr_par' dir='ltr' id='par_1_116' title="bbox 2162 5484 3738 5564">
     <span class='ocr_line' id='line_1_116' title="bbox 2162 5484 3738 5564; baseline 0.008 -30"><span class='ocrx_word' id='word_1_776' title='bbox 2162 5484 2384 5552; x_wconf 71' lang='grc' dir='ltr'>συννοίᾳ</span> <span class='ocrx_word' id='word_1_777' title='bbox 2440 5485 2844 5554; x_wconf 80' lang='grc' dir='ltr'>καθεστηκότος</span> <span class='ocrx_word' id='word_1_778' title='bbox 2900 5487 3022 5538; x_wconf 87' lang='grc' dir='ltr'>τίνα</span> <span class='ocrx_word' id='word_1_779' title='bbox 3077 5491 3496 5559; x_wconf 78' lang='grc' dir='ltr'>χειροτονήσοι,</span> <span class='ocrx_word' id='word_1_780' title='bbox 3557 5496 3738 5564; x_wconf 79' lang='grc' dir='ltr'>παρῆν</span> 
     </span>
    </p>
   </div>
   <div class='ocr_carea' id='block_1_117' title="bbox 2161 5573 3736 5645">
    <p class='ocr_par' dir='ltr' id='par_1_117' title="bbox 2161 5573 3736 5645">
     <span class='ocr_line' id='line_1_117' title="bbox 2161 5573 3736 5645; baseline 0.009 -21"><span class='ocrx_word' id='word_1_781' title='bbox 2161 5573 2421 5637; x_wconf 74' lang='grc' dir='ltr'>Σιλΰανος</span> <span class='ocrx_word' id='word_1_782' title='bbox 2449 5576 2754 5645; x_wconf 79' lang='grc' dir='ltr'>τηνικαῦτα</span> <span class='ocrx_word' id='word_1_783' title='bbox 2784 5580 2926 5632; x_wconf 79' lang='grc' dir='ltr'>κατὰ</span> <span class='ocrx_word' id='word_1_784' title='bbox 2981 5579 3110 5633; x_wconf 86' lang='grc' dir='ltr'>θέαν</span> <span class='ocrx_word' id='word_1_785' title='bbox 3145 5582 3334 5635; x_wconf 78' lang='grc' dir='ltr'>αὐτοῦ.</span> <span class='ocrx_word' id='word_1_786' title='bbox 3391 5583 3450 5637; x_wconf 83' lang='lat'><strong>&#39;0</strong></span> <span class='ocrx_word' id='word_1_787' title='bbox 3496 5585 3556 5638; x_wconf 82' lang='grc' dir='ltr'><strong>δέ</strong></span> <span class='ocrx_word' id='word_1_788' title='bbox 3587 5604 3736 5640; x_wconf 80' lang='grc' dir='ltr'>κατι-</span> 
     </span>
    </p>
   </div>
   <div class='ocr_carea' id='block_1_118' title="bbox 2161 5666 3734 5747">
    <p class='ocr_par' dir='ltr' id='par_1_118' title="bbox 2161 5666 3734 5747">
     <span class='ocr_line' id='line_1_118' title="bbox 2161 5666 3734 5747; baseline 0.006 -27"><span class='ocrx_word' id='word_1_789' title='bbox 2161 5666 2290 5733; x_wconf 85' lang='grc' dir='ltr'>δὼν,</span> <span class='ocrx_word' id='word_1_790' title='bbox 2323 5667 2485 5733; x_wconf 78' lang='grc' dir='ltr'>εὐθὺς</span> <span class='ocrx_word' id='word_1_791' title='bbox 2520 5671 2715 5742; x_wconf 86' lang='grc' dir='ltr'>ἐκείνῳ</span> <span class='ocrx_word' id='word_1_792' title='bbox 2743 5675 2839 5742; x_wconf 80' lang='grc' dir='ltr'>τῆς</span> <span class='ocrx_word' id='word_1_793' title='bbox 2873 5673 3073 5744; x_wconf 89' lang='grc' dir='ltr'>Τροίας</span> <span class='ocrx_word' id='word_1_794' title='bbox 3107 5676 3206 5745; x_wconf 76' lang='grc' dir='ltr'>τὴν</span> <span class='ocrx_word' id='word_1_795' title='bbox 3246 5679 3594 5747; x_wconf 83' lang='grc' dir='ltr'>προστασίαν</span> <span class='ocrx_word' id='word_1_796' title='bbox 3624 5681 3734 5732; x_wconf 83' lang='grc' dir='ltr'>ἐτί-</span> 
     </span>
    </p>
   </div>
  </div>
