4036 6562
350 383 493 456 1193

1285 388 1896 456 εςοιΕειΑετιοιτ
1936 355 2327 455 Πίετοιιιίε
2366 388 2513 455 LIB.
2552 394 2702 458 xxv.

3460 395 3594 461 1H

343 504 450 555 θει.
483 503 592 556 Καὶ
622 504 754 574 πρὶς
779 500 985 558 ἐκεῖνον
1017 505 1402 574 ἐπιστραφεὶς,
1447 505 1555 559 Τοῦ
1584 504 1775 557 λοιποῦ
1813 523 1895 558 σοι

1994 509 2107 561 ,εει
2138 501 2314 556 locus.
2346 500 2584 557 Proinde
2612 502 2742 555 nihil
2783 519 3020 569 morare,
3044 505 3135 560 sed
3169 505 3421 576 pr0tinus
3448 507 3589 560 'l'ro-

341 590 468 664 ἔφη,
505 594 1017 665 πᾶσα,περιῄρηται
1055 596 1330 666 πρόφασις
1355 597 1693 668 προστασίαν
1718 597 1920 663 ἒκκληι

341 683 464 746 σίας
514 685 974 754 ἀποδιδράσκει-δ’
1013 687 1146 740 πολὺ
1204 689 1310 758 γὰρ
1371 688 1431 740 τδ
1483 688 1684 757 φλέγον
1743 687 1800 739 ἐν
1848 686 1912 757 τῇ

340 775 555 845 Τρῳάδι
582 792 595 806 ⁸
624 781 719 830 καί
752 796 834 832 σοι
866 779 1124 847 εὔκαιρος
1154 781 1321 843 τόπος
1363 781 1731 851 ηὐτρέπισται
1776 778 1913 847 πρὸς

337 865 504 920 Θεοῦ*
538 866 634 920 καὶ
686 866 870 922 τοίνυν
902 871 975 941 μὴ
1029 870 1213 942 μέλλε,
1242 870 1359 924 ἀλλ’
1409 872 1505 941 ἐπὶ
1537 871 1739 941 Τροίαν
1784 871 1912 924 ὅσον

336 959 502 1029 τάχος
526 962 784 1032 πορεύου.
829 962 1083 1036 Μετέστη
1113 966 1297 1019 τοίνυν
1328 950 1509 1019 ἐκεῖσε
1547 967 1575 1018 ό
1610 956 1873 1025 Σιλϐανός
1892 977 1904 992 ·

336 1054 432 1106 καὶ
462 1053 646 1123 θαῦμα
674 1057 908 1123 ἐξαίσιον
937 1060 1056 1121 ταῖς
1103 1057 1316 1112 ἐκείνου
1343 1052 1646 1127 διεπράχθη
1677 1057 1867 1126 χερσίν
1891 1068 1906 1086 °

342 1145 370 1197 δ
401 1146 493 1198 καὶ
526 1146 676 1210 ἄξιον
703 1146 924 1219 ἥγημαι
957 1148 1349 1220 διηγήσασθαι.
1389 1149 1479 1219 Τῷ
1519 1148 1623 1216 τῆς
1655 1142 1909 1218 Τρῳάδος

333 1237 568 1308 αἰγιαλῷ
594 1239 720 1308 ἄρτι
776 1238 910 1304 ναῦς
974 1241 1346 1311 παμμεγέθης
1403 1241 1655 1312 μεγάλων
1687 1241 1907 1309 ἀγωγὸς

329 1330 526 1383 κιόνων
554 1331 876 1385 ἐσκεύαστο⁸
904 1333 1119 1405 πλάτην
1163 1333 1334 1406 αὐτὴν
1368 1333 1420 1388 οι
1467 1333 1599 1405 περὶ
1630 1332 1906 1386 θάλατταν

327 1421 710 1490 ὀνομάζουσιν.
739 1420 896 1478 Ἐπεὶ
925 1424 983 1477 δέ
1029 1424 1237 1495 ταύτην
1266 1425 1376 1479 ἔδει
1420 1424 1787 1480 καθέλκεσθαι
1821 1422 1902 1486 είς

325 1513 427 1582 τὴν
471 1513 777 1581 θάλασσαν,
841 1516 1028 1569 πολλοὶ
1093 1518 1383 1589 συνέρρεον
1443 1515 1727 1580 καλωδίοις
1759 1518 1905 1569 τισὶν

326 1604 581 1669 ἓλκοντες
614 1609 705 1661 ἐπὶ.
737 1608 834 1678 τὴν
866 1608 1065 1680 ὑγράν.
1103 1610 1192 1675 Ὠς
1224 1611 1268 1664 δ’
1302 1610 1394 1664 ἐπὶ
1419 1600 1642 1672 πολλαῖς
1663 1610 1906 1678 ἡμέραις

328 1698 589 1768 ἀκίνητος
613 1695 705 1773 ἦν,
735 1700 1015 1772 ἐνέργειαν
1039 1701 1324 1772 δαιμονίαν
1354 1700 1615 1773 ᾠήθησαν
1641 1690 1780 1754 εἶναι
1805 1703 1904 1771 τῆς

2014 593 2129 661 jam
2164 592 2532 662 proficiscere.
2570 594 2767 665 itaque
2793 580 3066 667 Sylvan‘us
3108 613 3174 653 eo
3209 600 3422 654 transiit
3458 616 3473 652 :
3508 612 3590 652 at-
3624 620 3627 629 λ

2015 699 2124 755 que
2172 685 2248 739 ibi
2284 686 2613 740 miraculum
2666 688 2879 757 insigne
2926 690 3182 745 manibus
3214 691 3334 760 ejus
3376 691 3586 745 editum

2013 785 2118 837 est,
2148 776 2293 844 quod
2338 777 2586 845 profecto
2614 776 2844 848 dignum
2876 788 2960 831 est
3003 788 3064 831 ut
3103 788 3585 835 commemoretur.

2011 865 2071 920 In
2124 866 2310 922 littore
2377 867 2614 938 Trojano
2679 869 2874 937 ingens
2925 869 3176 924 oneraria
3230 871 3421 933 navis,
3465 887 3588 940 qum

2010 970 2236 1027 magnas
2280 958 2567 1014 columnas
2614 959 2803 1024 ferret,
2856 969 3169 1015 constructa
3203 960 3385 1016 fuerat
3419 978 3434 1015 :
3471 963 3583 1031 pla-
3620 978 3623 991 ι

1950 1048 1957 1057 ’
2013 1059 2143 1119 tem,
2173 1065 2200 1103 a
2227 1051 2546 1118 latitudine,
2579 1068 2701 1108 eam
2725 1062 2907 1109 nauta:
2939 1055 3248 1110 nominant.
3282 1055 3427 1109 lianc
3456 1071 3582 1111 cum

2009 1160 2148 1214 opus
2173 1156 2322 1201 esset
2352 1145 2407 1199 iu
2444 1160 2596 1203 mare
2644 1149 2995 1219 provolvere,
3029 1150 3184 1204 multi
3233 1151 3325 1218 qui
3361 1150 3587 1205 funibus

2009 1250 2129 1291 eam
2163 1236 2218 1291 in
2265 1238 2442 1293 undas
2474 1239 2777 1302 traherent.
2823 1243 3165 1298 confluxere.
3206 1242 3296 1296 llla
3340 1242 3418 1312 (l)
3454 1259 3586 1297 vero

1940 1341 1951 1347 '
2007 1327 2209 1383 diebus
2236 1330 2490 1400 pluribus
2516 1334 2728 1387 moveri
2757 1333 2879 1388 loco
2911 1350 3021 1388 non
3053 1334 3231 1404 potuit
3266 1352 3280 1388 :
3316 1342 3373 1390 et
3403 1334 3581 1388 homi-

2008 1434 2108 1474 nes
2137 1422 2469 1476 immobilem
2518 1422 2638 1494 ejus
2683 1426 2974 1480 stationem
3018 1426 3281 1481 daemonis
3327 1426 3580 1482 efﬁcaciae

2006 1514 2424 1582 ascripserunt:
2455 1514 2620 1586 528
2660 1529 2997 1588 quapropter
3033 1518 3355 1587 episcopum
3391 1518 3583 1589 Sylva-

2005 1620 2137 1659 num
2170 1605 2450 1673 adierunt,
2494 1618 2550 1663 ct
2592 1608 2661 1662 ab
2691 1624 2758 1664 eo
2784 1617 2844 1662 ut
2885 1608 3258 1679 precationem
3308 1623 3474 1678 super
3515 1623 3579 1663 ea
3616 1618 3621 1625 '

2006 1697 2232 1760 faceret,
2260 1698 2694 1767 ‘petierunt,eam
2729 1699 2901 1770 ipsam
2927 1701 3097 1755 solam
3124 1700 3190 1754 ad
3229 1715 3583 1755 commoven-

328 1789 455 1858 νηδς
504 1794 604 1860 τὴν
661 1791 980 1864 ἀκινησίαν.
1029 1793 1140 1847 Kal.
1186 1792 1250 1863 δὴ
1278 1794 1602 1862 ἀφικόμενοι
1637 1793 1788 1862 παρὰ
1811 1793 1896 1845 τὸν

2008 1787 2135 1843 dam
2181 1789 2365 1842 navim
2413 1789 2772 1845 suffecturam
2809 1806 2930 1845 esse
2974 1790 3286 1846 credentes.
3342 1790 3439 1844 llle
3481 1804 3621 1858 [ιι-ο·

327 1885 625 1938 ἐπίσκοπον
674 1884 935 1940 Σιλδανδν
971 1888 1141 1958 εὐχὴν
1189 1887 1353 1958 ᾔτουν
1394 1888 1556 1941 αὐτον
1600 1887 1686 1941 ἐπ’
1717 1888 1899 1959 ἐκείνῃ

326 1975 585 2038 γενέσθαι
613 1993 627 2008 ο
665 1976 877 2049 ἐκείνην
900 1979 1009 2048 γὰρ
1034 1980 1325 2032 ἐπίστευον
1374 1979 1544 2050 μόνην
1574 1979 1902 2048 ἀποχρῶσαν

329 2065 470 2122 εἶναι
501 2071 638 2142 πρὸς
665 2071 903 2143 κίνησιν.
946 2072 1006 2124 ’0
1032 2070 1089 2124 δέ
1116 2064 1320 2142 μετρίῳ
1348 2070 1427 2143 τῷ
1469 2069 1590 2141 ἤθει
1633 2068 1708 2140 μὴ
1735 2064 1899 2121 αὐτοῦ

328 2161 388 2214 τὺ
426 2161 590 2232 ἔργον
626 2162 812 2229 ἔλεγεν
841 2156 1007 2222 εἶναι,
1064 2160 1400 2233 ἁμαρτωλοῦ
1450 2177 1515 2230 γε
1558 2160 1731 2225 ὄντος,
1765 2159 1902 2213 ἀλλά

327 2270 473 2317 τινος
503 2250 686 2327 ᾅλλου,
738 2247 782 2324 ᾧ
814 2255 910 2311 καὶ
962 2255 1022 2309 τὸ
1061 2255 1217 2309 Θεῑον
1263 2253 1698 2309 ἐπαναπαύεται.
1737 2252 1827 2315 Ὣς
1857 2252 1899 2305 δ’

325 2345 526 2399 ἐκεῖνοι
572 2345 747 2399 πολλὰ
789 2345 1153 2416 λιπαροῦντες
1184 2349 1491 2411 ἐπέκειντο,
1528 2345 1681 2416 μόλις
1716 2345 1857 2398 εἴκει
1879 2359 1897 2378 ο

325 2436 419 2490 καὶ
451 2437 606 2505 παρᾶ
638 2436 732 2489 τόν
764 2436 1006 2506 αίγιαλδν
1033 2437 1297 2506 γεγονὼς,
1332 2436 1450 2502 ἐνὸς
1476 2437 1586 2490 τῶν
1619 2436 1900 2489 καλωδίων

325 2530 420 2582 καὶ
440 2529 603 2593 αὐτὸς
626 2529 831 2602 ἦπτετο
858 2545 872 2560 ’
904 2529 1000 2583 καὶ
1022 2532 1135 2591 τοῖς
1164 2528 1343 2590 ἄλλοις
1370 2530 1592 2602 ἔχεσθαι
1613 2528 1707 2583 τοῦ
1734 2529 1898 2601 ἔργον

326 2622 710 2693 παρηγγυᾶτο.
770 2621 952 2693 Βραχὺ
1001 2622 1048 2675 δ’
1109 2622 1334 2677 ἐκείνων
1393 2621 1819 2697 ἐπωθησάντων,
1862 2624 1896 2694 ἡ

322 2713 458 2776 ναῦς
487 2712 675 2784 ὥσπερ
702 2713 944 2784 ἔμψυχος
966 2715 1122 2786 τὰχει
1152 2714 1331 2787 πολλῷ
1357 2716 1462 2770 τῶν
1484 2714 1900 2786 ὑπερκειμένων

321 2802 782 2873 διολισθαίνουσα,
816 2806 907 2859 ἐπὶ
937 2806 1036 2876 τὴν
1072 2806 1349 2862 Θάλασσαν
1379 2808 1691 2881 ἐπορεύετο.
1726 2808 1898 2865 τοῦτο

321 2898 621 2967 γενόμενον
680 2896 775 2950 ἐπὶ
831 2897 1014 2951 πᾶσαν
1061 2898 1164 2969 τὴν
1193 2899 1462 2969 ἐπαρχίαν
1509 2899 1772 2966 διέόαινε,
1805 2902 1901 2955 καὶ

321 2986 526 3059 πολλὴν
549 2987 838 3042 εὐλάϐειαν
865 2984 1241 3061 ἐπεμαρτύρει
1270 2990 1348 3062 τῷ
1371 2991 1636 3064 Σιλσανῷ.
1665 2991 1899 3063 Ἀγαθδς

320 3081 377 3135 δέ
398 3080 541 3153 ἀνὴρ
583 3082 652 3134 τὰ
687 3081 925 3151 μάλιστα
967 3080 1066 3144 ὣν,
1115 3083 1238 3136 ἐπεὶ
1291 3085 1388 3137 κα)⁸
1429 3086 1556 3148 τοὺς
1590 3085 1683 3139 ὑπ’
1734 3086 1897 3141 αὐτὸν

2007 1876 2275 1936 modestia
2333 1898 2432 1937 sua
2477 1897 2585 1937 non
2630 1883 2825 1953 ipsius,
2861 1892 2922 1937 ut
2954 1883 3196 1937 hominis
3247 1882 3575 1952 peccatoris,

2004 1973 2060 2027 id
2107 1989 2269 2043 opus,
2321 1975 2416 2030 sed
2456 1963 2684 2030 alterius
2731 1976 3036 2046 cujnspiam
3085 1976 3140 2029 in
3172 1990 3284 2043 quo
3325 1974 3574 2029 divinum

2002 2079 2209 2119 numen
2260 2068 2715 2136 conquiesceret,
2766 2083 2890 2123 esse
2941 2066 3098 2121 dixit.
3157 2068 3258 2123 Ubi
3311 2082 3446 2121 vero
3495 2067 3573 2120 illi
3614 2092 3621 2100 -

2001 2158 2175 2229 magis
2211 2160 2381 2219 etiam
2432 2160 2482 2214 ei
2531 2161 2699 2214 multa
2749 2162 2953 2230 precati
3007 2161 3276 2227 institere,
3321 2160 3574 2230 petitioni

2001 2265 2191 2305 eorum
2220 2252 2311 2306 vix
2357 2252 2576 2307 tandem
2626 2254 2850 2319 cedens,
2891 2257 2959 2307 ad
3012 2254 3171 2308 littus
3201 2253 3425 2308 advenit
3472 2270 3486 2308 :
3521 2263 3578 2306 et
3612 2264 3615 2267 '

2002 2342 2251 2401 oratione
2276 2354 2518 2414 peracta,
2547 2345 2731 2400 funem
2761 2360 2931 2399 unum
2958 2347 3159 2417 attigit,
3178 2355 3230 2401 et
3251 2347 3390 2401 alios
3417 2347 3574 2415 operi

2000 2437 2051 2491 ei
2089 2435 2345 2492 insistere
2368 2437 2554 2508 jussit.
2586 2438 2875 2493 Paululum
2912 2439 3065 2493 navis
3092 2439 3162 2493 ab
3197 2440 3306 2493 illis
3338 2439 3573 2508 impulsa
3609 2452 3615 2466 '

2000 2537 2085 2583 est
2117 2547 2131 2583 :
2168 2538 2223 2583 et
2252 2528 2342 2583 illa
2367 2529 2598 2599 perinde
2625 2510 2790 2599 οἶῖιυο
2822 2531 3063 2585 animata
3090 2538 3260 2593 esset,
3292 2530 3576 2585 celeritate

2000 2619 2173 2697 multa
2212 2621 2538 2689 provoluta,
2578 2621 2645 2675 ad
2700 2636 2850 2676 mare
2886 2623 3159 2691 pervenit.
3208 2623 3333 2678 llaec
3378 2637 3468 2676 res
3516 2622 3571 2675 in

1999 2711 2341 2780 provinciam
2397 2727 2616 2767 omnem
2664 2714 2905 2783 vulgata,
2946 2714 3267 2783 religionem
3320 2730 3570 2785 magnam

1976 2800 2239 2874 ~Sylvano
2281 2814 2368 2858 est
2411 2814 2688 2860 attestata.
2728 2805 2791 2859 Et
2827 2820 2949 2860 cum
2991 2806 3076 2859 vir
3116 2810 3359 2876 Optimus
3402 2819 3568 2871 esset,

2001 2896 2259 2967 quoniam
2295 2898 2387 2968 qui
2418 2899 2520 2952 sub
2545 2912 2612 2953 eo
2640 2909 2797 2952 erant
2827 2896 3118 2961 clerici,'in
3153 2901 3335 2955 causis
3377 2909 3434 2955 et
3471 2916 3569 2952 lii!-

2001 2989 2111 3060 gis,
2153 2988 2520 3058 undecunque
2552 2989 2699 3044 inter
2741 3006 2837 3047 eos
2888 2991 2981 3061 qui
3028 2992 3241 3063 judicio
3273 2994 3571 3047 contende-

2001 3090 2146 3141 rent,
2191 3080 2645 3151 provenienttbus
2678 3082 2849 3137 veluti
2900 3083 3362 3140 nundinationem
3406 3086 3570 3140 insti-

320 3174 625 3245 κληρικοὺς
651 3174 799 3246 ἐώρα
847 3173 997 3229 ῶσπε
1008 3191 1038 3245 ρ
1082 3174 1354 3246 ἐμπορίαν
1403 3176 1769 3246 ποιουμένους
1796 3178 1895 3241 τὰς

2005 3184 2222 3232 tucrent
2248 3175 2349 3245 (2),
2381 3191 2451 3230 ne
2482 3175 2608 3247 quis
2631 3189 2695 3231 ex
2720 3176 2868 3229 clero
2896 3187 3084 3246 posma
3121 3191 3341 3232 causam
3377 3190 3570 3248 quam-

320 3267 446 3319 ὅθεν
474 3267 539 3336 δή
572 3282 705 3319 ποτε
739 3265 1201 3336 προσπιπτούσας
1247 3266 1560 3338 ἐρεσχελίας
1608 3269 1717 3323 τῶν
1748 3269 1898 3323 δικα-

319 3360 588 3428 ζομένων,
617 3361 816 3427 ἐκύρου
849 3357 1053 3431 μηδένα
1085 3360 1192 3413 τῶν
1223 3360 1442 3432 κλήρων
1469 3361 1716 3427 δικάζειν
1736 3363 1895 3434 δίκην

318 3453 480 3504 ποτέ’
514 3451 648 3505 ἀλλὰ
683 3453 810 3512 τοὺς
845 3452 953 3505 τῶν
982 3452 1278 3507 αἰτούντων
1322 3454 1530 3525 χάρτας
1572 3456 1890 3525 λαμϐάνων,

320 3543 403 3596 ἐνὶ
424 3542 535 3595 τῶν
560 3544 791 3611 πιστῶν,
827 3543 885 3596 ὃν
936 3544 1051 3614 ᾔδει
1107 3545 1476 3615 διαφερόντως
1527 3547 1729 3620 πολλὴν
1763 3549 1921 3621 πρό-⁷

319 3653 472 3688 νοιαν
506 3636 600 3690 τοῦ
653 3637 867 3690 δικαίου
919 3638 1265 3711 ποιούμενον,
1331 3643 1755 3707 μετεστέλλετο·
1798 3644 1893 3696 καὶ

316 3730 418 3792 τὰς
447 3729 601 3787 δίκας
632 3730 954 3800 ἐγχειρίζων
1003 3734 1217 3805 ἐκείνῳ,
1249 3735 1346 3793 τὰς
1375 3735 1482 3787 τῶν
1517 3734 1891 3805 δικαζομένων

318 3818 647 3891 ἐρεσχελίας
671 3818 1005 3894 ἀπήλαυνεν.
1056 3825 1222 3880 Ἀλλὰ
1251 3823 1423 3879 ταῦτα
1457 3826 1556 3896 μὲν
1586 3829 1712 3897 περὶ
1766 3828 1890 3880 Σιλ-

320 3914 510 3980 6ανοῦ,
555 3918 603 3970 εί
654 3918 750 3970 καὶ
801 3919 1381 3991 παρεκὸατικὼτερον,
1428 3919 1544 3972 ἀλλ’
1576 3916 1670 3973 οὖν
1692 3937 1777 3987 γε,
1814 3920 1889 3984 ὡς

314 4007 523 4076 οἴομαι,
558 4011 623 4078 τῇ
662 4010 915 4080 παρούσῃ
968 4010 1182 4081 ἱστορία
1233 4012 1615 4081 προσήκονταο
1653 4012 1778 4081 ἑξῆς
1829 4010 1908 4064 δὲ’

316 4100 412 4153 καὶ
442 4098 592 4154 ἄλλοι
631 4098 821 4153 πολλοὶ
861 4101 969 4154 ἀπὸ
1001 4100 1208 4170 θρόνων
1241 4104 1319 4165 είς
1353 4101 1578 4172 θρόνους
1612 4102 1886 4173 μετήχθη-

315 4207 453 4246 σαδο
486 4186 568 4256 οἷς
604 4194 633 4247 ό
665 4192 978 4258 σοφώτατος
1009 4194 1165 4258 οὗτος
1204 4195 1467 4265 Πρόκλος,
1500 4196 1607 4250 ἀπὸ
1644 4198 1886 4261 Κυζίκου

315 4284 636 4352 μετατεθεὶς
671 4287 753 4347 είς
783 4285 1368 4341 Κωνσταντινούπολιν
1391 4303 1405 4318 ο
1435 4288 1527 4341 καὶ
1559 4288 1653 4345 τοῦ
1684 4290 1887 4344 πάππα

324 4376 545 4448 Ῥώμης
585 4377 910 4432 Κελεστίνου
946 4382 1013 4451 τῇ
1042 4378 1241 4451 πράξει
1291 4381 1764 4447 συνευδοκοῦντος,
1789 4384 1886 4439 καὶ

1999 3267 2145 3339 piam’
2204 3267 2523 3337 iudicaret,
2587 3269 2897 3325 constituit.
2965 3268 3070 3325 Sed
3136 3271 3564 3342 supplicantium

1998 3361 2216 3416 libellos
2265 3371 2547 3429 acceptos,
2602 3360 2699 3414 uni
2743 3377 2809 3415 ex
2865 3361 3120 3418 ﬁdelibus
3171 3365 3347 3424 laic's.
3404 3357 3600 3431 qucm'

1997 3453 2273 3523 prmcipue
2302 3453 2433 3524 justi
2466 3463 2522 3507 et
2563 3455 2702 3523 aequi
2753 3455 3061 3510 studiosum
3093 3472 3214 3511 esse
3255 3457 3444 3520 sciret,
3474 3470 3565 3511 ac-

1996 3544 2106 3597 cito
2138 3543 2308 3608 dedit,
2342 3544 2735 3616 eiquejudicio
2773 3561 3062 3601 causarum
3098 3550 3412 3613 commisso,
3441 3550 3568 3620 jure

1994 3636 2445 3691 contendentium
2498 3648 2830 3707 nugamenta
2883 3639 3094 3710 rejecit.
3159 3640 3286 3695 llaec
3337 3641 3405 3696 de
3450 3642 3569 3711 δεμ

1993 3742 2134 3782 vano
2165 3728 2266 3797 (ὅ),
2311 3729 2564 3795 quamvis
2612 3745 2708 3798 per
2748 3726 3177 3801 digressionem,
3213 3749 3321 3786 non
3362 3743 3565 3797 tamen,

1992 3820 2154 3874 sicuti
2192 3830 2342 3890 puto,
2379 3823 2448 3876 ab
2482 3822 2714 3877 historia
2747 3833 2935 3878 nostra
2985 3825 3188 3889 aliena,
3237 3826 3385 3880 dicta
3432 3828 3563 3883 sint.

1993 3910 2261 3992 Deinceps
2320 3928 2448 3968 vero
2501 3916 2659 3970 multi
2720 3931 2942 3986 quoque
2999 3920 3093 3972 alii
3144 3935 3209 3973 ex
3260 3921 3459 3975 throno
3506 3923 3562 3973 in

1992 4007 2249 4063 thronum
2304 4017 2436 4063 sunt
2495 4010 2671 4065 missi.
2734 4010 2911 4066 Βίουιί
2966 4013 3421 4082 sapientissimus
3460 4017 3562 4072 istc

1989 4098 2224 4154 Proclus
2261 4098 2461 4171 Cyzico
2517 4099 3053 4171 Constantinopolim
3106 4113 3191 4158 cst
3240 4107 3554 4173 translatus,

1987 4190 2265 4247 Celestino
2319 4193 2569 4248 Romano
2625 4209 2765 4265 papa
2810 4210 2925 4250 rem
2968 4214 3088 4253 eam
3140 4202 3555 4269 comprobante,

1987 4285 2237 4353 epistolis
2262 4285 2439 4340 tribus
2456 4285 2524 4340 ad
2549 4285 2812 4358 Cyrillum
2840 4290 3295 4355 Alexandrinum,
3319 4302 3374 4347 et
3394 4293 3559 4348 Joan-

1987 4392 2113 4432 nem
2146 4377 2581 4446 Antiochenum,
2635 4390 2691 4434 et
2747 4380 2948 4435 Rufum
2998 4380 3554 4439 Thessalonicensem

311 4470 380 4524 δι’
403 4469 705 4523 ἐπιστολῶν
730 4470 899 4542 τριῶν
931 4471 1067 4540 πρός
1100 4489 1158 4525 τε
1196 4472 1287 4525 τὸν
1312 4472 1724 4544 Ἀλεξανδρείας
1771 4474 1885 4528 Κύ-

1994 4470 2212 4539 scriptis
2243 4487 2257 4524 :
2290 4470 2344 4524 in
2372 4471 2577 4541 quibus
2603 4473 2823 4540 asserit,
2856 4476 3165 4531 canonibus
3197 4491 3305 4531 non
3359 4476 3556 4532 obesse

314 4561 522 4632 ριλλον,
560 4566 654 4615 καὶ.
695 4563 787 4616 τὸν
828 4563 1164 4633 Ἀντιοχείας
1195 4562 1473 4643 Ἰωάννην,
1519 4568 1614 4619 καὶ
1656 4565 1884 4635 Ῥοῦφον

1994 4562 2377 4634 episcoporum
2398 4578 2466 4620 ex
2492 4565 2626 4621 urbe
2661 4565 2716 4620 in
2741 4566 2934 4622 urbem
2961 4569 3260 4638 legitimam
3287 4570 3554 4642 ejusmodi

309 4659 404 4709 τὸν
449 4655 855 4727 Θεσσαλονίκης
895 4656 1124 4728 γράφων
1169 4657 1474 4726 συνίστησι,
1506 4657 1568 4710 τὸ
1614 4658 1757 4712 κατὰ
1786 4677 1883 4730 μη-

309 4748 399 4801 δέν
427 4765 482 4801 τι
515 4746 916 4819 προσίστασθαι
942 4751 1052 4810 τοῖς
1084 4747 1274 4802 κανόσι
1304 4747 1403 4818 τὴν
1429 4747 1538 4801 τῶν
1565 4750 1883 4804 ἐπισκόπων

318 4841 614 4910 μετάθεσιν
657 4842 765 4895 ἀπὸ
794 4842 959 4910 τῆσδε
1019 4841 1228 4903 πόλεως
1256 4844 1337 4903 είς
1386 4841 1603 4910 ἑτέραν.
1641 4841 1784 4911 Ἐγὼ
1811 4842 1880 4909 δ’,

311 4936 360 4987 εἰ
390 4937 485 4987 καὶ
520 4933 1094 5003 παρεκδατικώτερον,
1142 4934 1240 4986 καὶ
1291 4932 1420 4996 τοὺς
1475 4932 1603 5003 ἑξῆς
1660 4935 1774 4988 ὅσοι
1817 4934 1883 5006 δὴ

314 5023 691 5093 μετετέθησαν
726 5022 1045 5093 προσθεῖναι
1105 5025 1171 5093 τῇ
1229 5023 1442 5093 ἱστορίᾳ
1500 5022 1646 5090 μάλα
1698 5023 1883 5094 βιάσο·

315 5133 439 5185 μαι,
470 5116 821 5186 προσήκοντά
845 5131 933 5183 γε,
983 5111 1162 5184 οἶμαι,
1209 5113 1353 5183 δρῶν
1396 5115 1510 5177 τοῖς
1543 5116 1673 5186 περὶ
1704 5116 1880 5170 ταῦτα

313 5208 667 5277 φιλομαθέσι.
700 5206 841 5276 Πρὸς
869 5206 977 5276 γὰρ
1017 5206 1083 5277 δὴ
1117 5206 1332 5269 τούτοις
1368 5207 1461 5259 ἐπὶ
1504 5208 1754 5278 Ζήνωνος
1788 5192 1907 5261 καῖ

310 5302 338 5353 ό
374 5298 598 5367 Monii;
646 5300 851 5369 Πέτρος
905 5298 1262 5368 εἰσηγήσεσιν
1312 5296 1573 5351 Ἀκακίου
1629 5297 1721 5351 τοῦ
1781 5298 1882 5365 τῆς

314 5389 731 5446 Κωνσταντίνου
761 5388 1027 5467 προέδρου
1061 5389 1170 5442 ἀπὸ
1197 5389 1479 5459 Εὐχαΐτων
1512 5391 1594 5453 είς
1629 5389 1884 5455 Ἀλεξάν-

313 5485 501 5551 δρειαν
564 5482 957 5553 μετατίθεται·
992 5482 1066 5543 ὡς
1122 5480 1250 5552 ἑξῆς
1289 5483 1417 5552 περὶ
1453 5482 1646 5537 τούτου
1689 5501 1745 5537 τε
1791 5486 1884 5537 καὶ

312 5578 424 5631 τῶν
457 5576 657 5640 ἄλλων,
707 5576 775 5647 ἢν
805 5576 925 5645 Θεῷ
970 5574 1281 5646 βουλομένῳ
1315 5577 1426 5644 εἴη,
1458 5574 1775 5646 ῥηθήσεται.
1823 5577 1882 5629 Ὀ

383 5692 461 5759 (1)
501 5691 720 5750 Socrat.
751 5690 849 5745 lib.
886 5705 979 5752 vn,
1006 5704 1127 5757 cap.
1157 5689 1246 5743 37.

380 5758 457 5827 ('2)
500 5760 825 5830 Absurdum
864 5761 1081 5814 clericis
1133 5770 1250 5822 est,
1302 5758 1411 5812 imo
1465 5759 1628 5815 etiam
1678 5775 1877 5830 oppro-

313 5832 553 5890 briosum
578 5871 590 5895 ,
623 5831 668 5884 si
715 5829 920 5900 peritos
956 5845 1014 5883 se
1047 5830 1215 5883 velint
1260 5831 1555 5885 ostendere
1602 5829 1873 5915 disci-pta-

626 5926 901 5986 PATROL.
949 5925 1065 5986 Gn.
1118 5923 1357 6025 CXLVI

1989 4656 2425 4711 translationem.
2450 4658 2564 4728 Ego
2594 4674 2724 4714 vero
2758 4659 2828 4715 ab
2871 4659 3126 4717 instituto
3159 4663 3394 4732 digredi,
3432 4679 3554 4718 cos-
3585 4662 3592 4675 ’

1984 4764 2090 4820 que
2117 4749 2208 4820 qui
2238 4746 2438 4805 deinde
2490 4748 2741 4806 translati
2777 4750 2852 4809 ita
2879 4752 3013 4837 sint,
3044 4755 3196 4824 operi
3240 4755 3369 4809 huic
3391 4754 3557 4809 adne-

1985 4850 2136 4897 ctere
2175 4856 2364 4912 cogor,
2428 4858 2614 4898 rerum
2658 4844 2846 4899 talium
2883 4847 3167 4910 studiosis,
3200 4857 3259 4901 ut
3293 4846 3549 4916 equidem
3583 4854 3588 4867 '

1985 4942 2137 5002 puto,
2184 4935 2617 5005 gratiﬁcalurus.
2678 4937 2885 4992 Praeter
2922 4952 3040 5001 eos,
3094 4953 3233 5006 quos
3287 4939 3548 5003 diximus,

1984 5026 2206 5082 Zenone
2249 5028 2574 5097 imperante,
2620 5028 2814 5083 Petrus
2865 5029 3134 5099 Mongius,
3177 5032 3358 5085 Acacii
3403 5033 3550 5086 Con-

1984 5118 2457 5188 stantinopolitaui
2490 5119 2737 5189 episcopi
2772 5122 3145 5189 suggestione,
3173 5125 3241 5175 ab
3265 5123 3548 5178 Euchaitis

1982 5209 2366 5264 Alexandriam
2429 5209 2786 5264 transmissus
2835 5220 2922 5265 est
2973 5228 2987 5265 :
3030 5212 3191 5266 sicuti
3248 5223 3436 5283 postea
3479 5217 3579 5272 de'

1986 5300 2090 5355 hoc
2120 5309 2174 5355 et
2205 5300 2348 5365 aliis,
2390 5300 2432 5355 si
2464 5296 2575 5354 Deo
2614 5300 2792 5355 visum
2830 5300 3016 5369 fuerit,
3046 5304 3314 5360 dicemus.
3346 5308 3544 5362 Anthi-

1984 5407 2108 5447 mus
2134 5389 2555 5462 Trapezuntius,
2594 5392 2697 5447 sub
2737 5392 2955 5448 Justino
2991 5395 3336 5464 imperatore.
3376 5401 3430 5454 in
3462 5410 3577 5455 sc-'

1984 5485 2109 5539 dem
2161 5483 2832 5553 Constantinopolitanatn
2893 5490 3178 5543 traductus
3229 5499 3333 5545 est.
3385 5492 3550 5565 529

1983 5577 2118 5633 Rem
2152 5576 2294 5631 hanc
2325 5576 2615 5660 conﬁrmat
2660 5578 3016 5636 admirandus
3067 5582 3230 5639 etiam
3282 5586 3375 5641 ille
3416 5602 3549 5641 cou-

1984 5691 2195 5815 tion‘unn
2226 5707 2346 5749 esse
2375 5692 2700 5750 forensium.
2729 5695 2767 5750 l.
2806 5684 3062 5767 Repetite.
3092 5697 3156 5753 C.
3194 5701 3270 5754 De
3298 5702 3547 5772 episcop.

1984 5772 2037 5815 εί
2067 5779 2095 5814 C
2121 5779 2197 5814 er.

1984 5772 2037 5816 Cl
2067 5772 2197 5815 cier.

2056 5834 2130 5903 (ὅ)
2173 5833 2213 5886 ll
2249 5831 2390 5888 Tim.
2426 5849 2485 5898 II,
2527 5844 2581 5889 et
2610 5836 2704 5905 2i,
2733 5850 2904 5908 quaest
2938 5842 2990 5908 5,
3032 5842 3259 5907 Placuit,
3285 5852 3394 5898 etc.

3080 5936 3150 5996 38
