4036 6556
412 353 548 418 1197

1345 356 1948 422 ΕεειΕεΙΑδΤιειε
1987 356 2376 420 EISTORI/E
2411 358 2561 420 LIB.
2602 358 2757 419 XIV.

3506 353 3642 425 1198

412 485 509 534 σης
538 465 596 520 δέ
629 465 722 518 καὶ
761 466 790 518 6
818 464 1266 528 Δεοντουπόὶεως
1301 465 1462 536 ἔσχεν
1505 467 1971 538 Ἀρκαδιούπολιν.

2083 475 2279 538 praeter
2299 468 2390 540 jus
2433 478 2490 523 et
2531 483 2746 538 meum
2775 482 2943 523 omne
2971 468 3224 537 expulso.
3276 467 3470 525 Postea
3512 487 3643 526 vero

413 558 504 627 Τῷ
536 554 986 620 Ἀλεξιουπόλεως
1023 557 1340 625 σχολάζοντι
1370 560 1404 628 ἡ
1432 558 1663 620 ’Ἄϐυδος
1701 557 1933 627 ἐπεδόθη
1957 572 1972 587 ⁸

409 649 466 710 ἐς
493 648 722 716 ὕστερον
751 648 815 701 δέ
839 649 940 702 καὶ
964 650 994 701 6
1032 650 1278 718 Ἀπρους.
1311 649 1510 703 nomn
1537 649 1591 702 δέ
1625 649 1718 702 καὶ
1748 649 1857 702 τῶν
1881 651 1976 702 bc-

410 739 650 807 κλησιῶν
677 742 940 812 ἦνωνται,
969 739 1162 811 ὥσπερ
1185 741 1219 808 ἡ
1257 741 1438 810 Πάρος
1480 742 1579 793 καὶ
1623 744 1655 808 ἡ
1688 740 1884 806 Ναξία,
1907 738 1978 794 τά

412 858 472 893 τε
499 836 708 904 Σοῦγδα
739 835 835 888 καὶ
873 835 941 887 τὰ
959 832 1158 898 Φοῦλα,
1187 833 1224 904 ἧ
1245 849 1306 884 τε
1339 833 1564 886 ’Δλανία
1598 835 1691 885 καὶ
1721 835 1753 902 ἡ
1790 834 1976 901 Σωτη-

413 929 716 1000 ριούπολις.
749 924 858 979 Τοῦ
900 923 946 978 δ’
980 924 1038 990 ἐξ
1081 923 1360 992 Ἀγγὲλων
1417 924 1692 978 Ἰσαακίου
1740 924 1831 976 τὸν
1873 923 1974 990 τῆς

407 1022 683 1090 βασιλείας
739 1017 1164 1090 πρυτανεύοντος
1221 1015 1432 1084 θρόνον.
1492 1018 1520 1069 6
1579 1015 1974 1086 Ἱεροσολύμων

405 1115 656 1175 Δοσίθεος
681 1113 761 1174 είς
791 1111 883 1163 τὸν
911 1111 1008 1178 τῆς
1048 1110 1465 1162 Κωνσταντίνου
1503 1109 1692 1178 θρόνον
1739 1109 1970 1178 μετάγε-

405 1223 497 1258 ται
516 1223 532 1238 ο
557 1205 735 1256 ἐκεῖσε
768 1201 827 1254 δὲ
871 1199 1102 1270 Μάρκος
1131 1200 1160 1252 ό
1206 1201 1349 1254 κατὰ
1395 1200 1616 1262 Φλῶρον
1643 1203 1968 1267 προάγεται.

405 1296 537 1350 Εἶτα
568 1295 729 1349 πάλιν
770 1293 1022 1354 Δοσίθεος
1063 1291 1164 1361 τὴν
1197 1291 1613 1346 Κωνσταντίνου
1658 1291 1855 1353 λιπὼν,
1891 1295 1977 1355 εἷς

403 1389 495 1441 τὴν
522 1389 622 1455 τῆς
653 1386 846 1448 Allia;
878 1384 1073 1454 θρόνον
1116 1385 1387 1450 ἐπάνεισι,
1415 1386 1510 1438 τοῦ
1569 1386 1709 1438 κατὰ
1752 1385 1974 1455 Φλῶρον

403 1481 616 1536 ἐκεῖθεν
645 1483 798 1550 παρὰ
828 1480 1011 1532 πᾶσαν
1035 1477 1193 1546 δίκην
1219 1478 1603 1542 ἀπελαθέντος.
1629 1478 1719 1542 Ἐς
1743 1478 1973 1548 ὕστερον

405 1577 461 1628 δὲ
491 1575 586 1628 καὶ
615 1574 780 1643 ἄμφω
811 1573 938 1634 τοὺς
985 1570 1212 1638 θρόνους
1241 1569 1343 1640 τῆς
1376 1571 1427 1622 τ’
1458 1569 1645 1632 Αἰλίας
1695 1571 1788 1624 καὶ
1821 1571 1976 1623 Κων-

409 1667 690 1720 σταντίνου
724 1665 1019 1734 παρῃτεῖτο
1048 1661 1301 1724 Δοσίθεος
1319 1678 1333 1692 ο
1363 1661 1458 1715 καὶ
1480 1661 1602 1715 καθ’
1623 1661 1789 1715 αὑτὸν
1822 1665 1975 1731 γενό-

411 1778 570 1828 μενος
621 1755 895 1812 ἐτελεύτα.
928 1754 1115 1809 Ταῦτα
1164 1754 1262 1825 μὲν
1315 1755 1374 1806 ἐν
1415 1755 1529 1817 τοῖς
1579 1754 1694 1809 ἄνω
1755 1755 1972 1825 χρόνοις

411 1857 628 1920 ἐγένετο
645 1867 667 1881 ··
692 1854 748 1903 ἐν
779 1849 835 1902 δὲ
866 1847 942 1918 τῷ
985 1849 1105 1901 κατ’
1136 1848 1234 1916 ἐμὲ
1265 1847 1441 1916 χρόνῳ
1479 1848 1574 1900 καὶ
1607 1848 1734 1910 τοὺς
1777 1850 1972 1901 τέσσα-

417 1964 516 2015 ρας
544 1943 652 1997 τῶν
682 1941 903 2011 ὑψηλῶν
931 1938 1362 2008 προεδρεύοντας
1397 1938 1604 2009 θρόνων
1647 1941 1711 1990 ἐκ
1745 1939 1972 2006 μεταθέο

411 2054 550 2090 σεων
582 2031 698 2087 οῖδα
725 2030 1150 2101 γεγενημένους.
1185 2029 1340 2084 Μετὰ
1370 2029 1480 2100 γὰρ
1503 2030 1597 2083 τὸν
1625 2027 1794 2084 πολὺν
1825 2030 1970 2082 ἐκεῖ·

407 2147 496 2182 νον
531 2129 810 2197 Ἀρσὲνιον
842 2125 871 2178 6
904 2126 1005 2188 τῆς
1027 2122 1297 2192 Ἐφεσίων
1341 2119 1674 2192 Νικηφόρος,
1699 2124 1794 2175 καὶ
1821 2123 1849 2174 6
1876 2123 1974 2191 τῆς

421 2217 707 2289 ’Δδριανυῦ
765 2214 1065 2285 Γερμανὸς,
1121 2214 1201 2276 είς
1254 2211 1349 2267 τὸν
1403 2212 1506 2278 τῆς
1553 2213 1972 2267 Κωνσταντξνου

419 2309 796 2381 μετατίθενται
823 2308 1030 2378 θρόνον.
1071 2303 1256 2374 [Ιολλῷ
1282 2305 1337 2358 δὲ
1362 2304 1589 2373 ὕστερον
1619 2305 1716 2358 καὶ
1748 2305 1976 2374 Νίφωνα

407 2407 471 2458 ἐκ
505 2405 605 2472 τῆς
637 2404 694 2455 ἐν
729 2401 1114 2470 Ἑλλησπόντῳ
1143 2397 1388 2462 Κυζίκου
1420 2398 1501 2462 είς
1533 2397 1628 2452 τὸν
1650 2399 1813 2452 αύτδν
1838 2399 1975 2453 ἁνα-

409 2497 640 2567 γόμενον
667 2494 854 2566 θρόνον
883 2492 1218 2561 ἐθεασάμην.
1251 2489 1414 2544 Ἀλλὰ
1452 2491 1559 2560 μὴν
1593 2491 1687 2544 καὶ
1709 2490 1802 2544 τὸν
1825 2491 1978 2545 Ἀλε-

409 2590 691 2661 ξανδρείας
716 2587 1066 2650 Ἀθανὰσιον,
1102 2584 1162 2648 ὃς
1192 2583 1285 2636 τὸν
1320 2583 1588 2636 Νικόλαον
1615 2581 1906 2649 διεδέξατο,
1947 2583 1976 2637 6

407 2687 507 2751 τῆς
573 2681 852 2749 Αἰγύπτου
916 2679 1215 2740 ἐπίσκοπος
1282 2675 1322 2728 Γ
1329 2677 1588 2746 ρηγόριος
1643 2674 1972 2744 διαδέχεται.

421 2778 550 2831 Ἀνὰ
572 2777 630 2829 δὲ
667 2775 763 2845 τὴν
789 2774 1068 2841 Ἀντιόχου
1109 2769 1253 2824 κατὰ
1280 2767 1536 2839 διαδοχὴν
1569 2769 1665 2821 καὶ
1699 2767 1976 2836 τέσσαρας

391 2857 581 2934 ’ἔγνων
635 2867 701 2917 ἐκ
772 2861 1147 2933 μεταθέσεων·
1204 2859 1344 2928 μετὰ
1405 2859 1516 2928 γὰρ
1557 2857 1834 2928 Εύθύμιον
1879 2858 1974 2911 καὶ

423 2959 699 3030 Ἀρσίνιος
728 2960 791 3009 ἐκ
824 2955 1134 3025 Τριπόλεως
1165 2953 1259 3006 τὸν
1309 2954 1488 3006 ἐκεῖσε
1521 2951 1712 3022 θρόνον
1739 2949 1976 3021 κληροῦ-

409 3067 520 3105 ται.
579 3049 781 3103 Τοῦτον
815 3047 871 3100 δὲ
902 3047 931 3099 6
959 3046 1062 3114 τῆς
1091 3045 1269 3116 Τύρου
1301 3043 1569 3113 Κύριλλος
1618 3044 1930 3115 διαδέχεται
1951 3059 1970 3077 ⁶

2081 569 2314 630 utraque
2364 569 2422 616 et
2463 559 2695 616 lEliensi
2753 568 2809 614 et
2855 559 3463 630 ConstantinOpolitana
3510 564 3644 619 sede

2078 653 2416 723 posthabita,
2459 652 2752 707 Dositheus
2786 655 3037 722 privatus
3100 654 3238 707 vixit
3279 663 3336 708 et
3383 655 3642 710 decessit.

2085 745 2210 800 Hec
2260 744 2641 814 superioribus
2696 745 3040 814 temporibus
3092 755 3220 800 sunt
3273 755 3416 802 acta.
3461 745 3644 802 Ᾱίιαιυ

2074 851 2207 892 vero
2238 853 2358 892 mea
2388 846 2627 906 quatuor
2659 835 2976 891 sublimi-um
3011 836 3223 891 aedium
3250 837 3549 902 antistites,
3573 853 3642 893 ex

2075 925 2455 986 translatione,
2492 925 2750 980 Ecclesia:
2781 924 2948 978 rebus
2977 940 3210 993 praeesse
3241 927 3489 982 memini.
3513 927 3643 982 Post

2076 1029 2332 1083 magnum
2361 1015 2508 1068 enim
2546 1014 2835 1069 Arsenium
2875 1014 3031 1070 illum
3085 1017 3428 1086 Nicephorus
3461 1017 3644 1087 Ephe-

2075 1103 2194 1158 sius
2250 1113 2303 1158 ει
2334 1103 2640 1162 Germanus
2677 1105 3198 1176 Adrianopolitauus
3243 1108 3297 1160 in
3325 1107 3643 1163 Constanti-

2074 1196 2448 1264 nopolitanam
2483 1197 2782 1253 Ecciesiam
2828 1207 2958 1253 sunt
2992 1197 3301 1253 transmissi
3342 1199 3441 1268 (l).
3473 1199 3640 1254 Multo

2073 1290 2275 1345 deinde
2315 1299 2459 1361 post,
2500 1290 2809 1360 Niphonem
2857 1291 3022 1344 etiam
3057 1306 3122 1344 ex
3163 1291 3500 1362 Hellesponti
3539 1292 3642 1355 Cv-

2075 1379 2194 1434 εἰει)
2241 1381 2296 1434 in
2346 1380 2593 1436 eamdem
2643 1381 2942 1436 Ecclesiam
2993 1380 3292 1438 deductum
3341 1397 3465 1438 esse
3501 1383 3641 1438 vidi-

2075 1485 2217 1525 mus.
2253 1470 2555 1526 At-hanasio
2589 1485 2812 1540 quoque
2848 1471 3244 1538 Alexandrino,
3284 1473 3376 1541 qui
3411 1473 3638 1529 Nicolao

2074 1571 2421 1616 successerat
2442 1602 2456 1626 ,
2478 1561 2774 1632 Gregorius
2799 1561 3016 1632 Egypti
3048 1562 3344 1632 episcopus
3373 1564 3641 1633 subroga-

2077 1663 2167 1710 tus
2213 1665 2321 1711 est.
2369 1654 2673 1708 Antiochia
2727 1668 2860 1708 vero
2914 1664 3156 1724 quatuor
3214 1672 3312 1724 per
3365 1657 3637 1725 ejusmodi

2076 1746 2488 1802 translationem
2521 1747 2811 1817 episcOpos
2831 1749 3162 1804 successisse
3190 1749 3339 1804 novi.
3373 1750 3500 1804 Post
3529 1751 3639 1805 Eu-

2077 1837 2341 1910 thymium
2389 1828 2622 1907 namque
2684 1854 2750 1894 ex
2799 1839 3002 1908 Tripoli
3047 1841 3312 1896 Arsenius
3355 1847 3641 1899 transmis-

2073 1947 2170 1987 sus
2212 1932 2397 1988 sedem
2439 1947 2562 1987 eam
2609 1932 2850 1987 sortitus
2875 1942 2979 1988 est.
3023 1932 3125 1987 Cui
3173 1933 3411 2004 Cyrill-us
3439 1934 3640 2006 Tyrius

2073 2025 2361 2079 successit.
2381 2025 2560 2094 Atque
2586 2025 2714 2080 huic
2740 2025 3280 2095 Pompeiopolitanus
3302 2027 3596 2099 Dionysius
3623 2047 3637 2085 :

2073 2117 2335 2189 Dionysio
2386 2133 2579 2173 rursus
2607 2117 2847 2190 Cyrillus
2881 2120 3046 2184 alius,
3073 2121 3168 2190 qui
3213 2121 3478 2191 deinceps
3517 2137 3644 2178 suc-

2075 2222 2349 2262 cessorem
2381 2208 2573 2262 habuit
2601 2207 2808 2263 clarum
2846 2207 2999 2264 illum
3036 2210 3353 2280 Dionysium
3390 2210 3646 2279 Mepsuc-

2076 2300 2371 2366 stienst-m,
2431 2308 2594 2368 atque
2626 2300 2712 2354 hic
2738 2301 3357 2371 rursumSophronium
3389 2302 3637 2373 Tyrium.

2078 2392 2468 2464 Hierosolymis
2502 2392 2691 2447 itidem
2726 2391 2864 2447 duos
2909 2407 3007 2461 per
3042 2394 3460 2448 translationem
3513 2410 3642 2451 suc-

2077 2487 2311 2541 cessisse
2359 2470 2619 2539 viilimus.
2654 2483 2810 2555 531
2846 2485 2981 2539 Nam
3012 2484 3325 2555 Sophronio
3358 2487 3643 2550 defuncto,

2079 2577 2133 2630 in
2167 2577 2344 2630 locum
2393 2579 2519 2647 ejus
2563 2577 2898 2631 Athanasius
2925 2575 3188 2633 Caesarem
3237 2580 3474 2650 Philippi
3521 2584 3644 2652 epi-

2077 2683 2280 2738 scopus
2307 2668 2574 2724 suffectus
2603 2678 2708 2724 est.
2727 2668 2906 2736 Cujus
2935 2670 3123 2726 sedem
3163 2671 3384 2728 Gabriel
3416 2675 3642 2742 quidam

2075 2760 2340 2815 Caesarea:
2373 2759 2636 2830 Philippi,
2667 2770 2725 2814 et
2758 2760 2876 2831 ipse
2904 2778 3084 2833 nuper
3105 2765 3404 2834 episcopus
3439 2782 3648 2823 renun~

2078 2853 2264 2916 tiatus,
2292 2853 2418 2907 dolo
2446 2854 2670 2922 rapuit:
2707 2863 2764 2910 et
2800 2856 2966 2925 paulo
2998 2869 3122 2925 post
3149 2856 3278 2912 fatis
3307 2861 3638 2930 concedens,

2076 2943 2163 2998 vel
2191 2943 2399 2998 invitus
2431 2958 2551 2998 eam
2592 2960 2783 3001 rursus
2823 2944 3128 3001 Athanasio
3177 2948 3346 3018 priori
3391 2951 3640 3021 reliquit.

2077 3035 2207 3092 lla-c
2232 3037 2301 3090 de
2347 3037 2732 3107 episcoporum
2765 3038 3244 3104 translationibus,
3277 3058 3400 3112 quae
3434 3045 3518 3098 vel
3544 3061 3644 3099 an.

409 3142 502 3194 καὶ
521 3139 711 3194 τοῦτον
731 3140 786 3193 δὲ
813 3141 840 3192 6
870 3141 965 3208 τῆς
993 3136 1498 3208 Ηομπηῐουπόλεως
1531 3135 1845 3200 Διονύσιος·
1879 3136 1971 3190 τὸν

2079 3137 2164 3183 tea
2198 3128 2284 3184 vel
2317 3137 2442 3198 post
2469 3129 2615 3186 facta
2639 3130 3040 3200 esseeognovi,
3069 3131 3334 3186 volumini
3370 3135 3500 3190 huic
3537 3151 3642 3189 an-

405 3235 452 3288 6‘
485 3229 640 3295 αὖθις
693 3229 960 3301 Κύριὶλος
1003 3229 1210 3299 ἕτερος,
1267 3228 1328 3284 οὖ
1375 3229 1620 3298 διάδοχος
1651 3231 1678 3282 6
1728 3229 1976 3298 Μοψουεη

408 3323 563 3385 στίας
590 3321 842 3390 λαμπρὸς
867 3317 1144 3380 Διονύσιος
1165 3335 1180 3350 ο
1207 3317 1302 3371 καὶ
1327 3316 1518 3371 τοῦτον
1549 3317 1710 3372 πάλιν
1739 3321 1766 3371 ό
1791 3317 1970 3388 Τύρου

407 3415 736 3482 Σωφρόνιος.
771 3409 1051 3474 Ὡσαύτως
1109 3409 1166 3462 δέ
1221 3410 1315 3462 καὶ
1358 3411 1416 3462 ἐν
1450 3395 1856 3479 Ἱεροσολύμοις
1908 3411 1974 3463 ἐκ

415 3504 760 3574 μεταθέσεως
789 3502 883 3554 δύο
933 3501 1221 3569 τεθέαμαι.
1247 3501 1562 3570 Σωφρονίου
1587 3500 1696 3571 γὰρ
1721 3501 1975 3570 τελευτή-

410 3611 623 3660 σαντος,
687 3594 716 3646 6
759 3592 860 3660 τῆς
916 3591 1188 3644 Φιλίππου
1244 3591 1587 3660 Καισαρείας
1654 3591 1973 3654 ’Δθανάσιος

405 3689 646 3758 διάδοχος
695 3685 928 3754 Τίνεται·
966 3683 1040 3738 Οὔ
1076 3683 1319 3754 Γαδριῆλ
1367 3701 1451 3746 τις
1508 3685 1847 3756 Καισαρείας
1876 3685 1974 3752 τῆς

407 3780 675 3832 Φιλίππου
701 3779 795 3830 καὶ
825 3775 980 3838 οὗτος
1008 3774 1201 3844 πρώην
1227 3774 1524 3837 ἐπίσκοπος
1549 3776 1970 3846 ἀνακηρυχθεὶς,

409 3872 544 3940 δόλῳ
575 3870 668 3923 τὸν
715 3868 906 3940 θρόνον
944 3867 1339 3938 Ἱεροσολύμων
1382 3867 1654 3938 ἁρπάζει·
1690 3868 1786 3920 καὶ
1837 3867 1973 3936 μετὰ

417 3963 592 4034 βραχὺ
623 3961 789 4034 τέλει,
813 3959 910 4013 τοῦ
941 3960 1059 4030 βίου
1097 3959 1465 4030 χρησάμενος,
1491 3959 1570 4028 τῷ
1609 3960 1800 4032 πρώην
1814 3957 1974 4011 Ἀθα-

407 4057 576 4125 νασίῳ
638 4053 730 4106 καὶ
784 4052 936 4107 ἄκων
993 4051 1314 4105 καταλείπει
1378 4051 1469 4104 τὸν
1520 4049 1730 4119 θρόνον.
1785 4050 1973 4104 Ταῦτα

412 4147 510 4216 μὲν
542 4146 672 4216 περὶ
709 4144 1094 4214 μεταθέσεωνο
1124 4143 1160 4198 ἃ
1191 4143 1300 4213 ἐγὼ
1333 4144 1430 4198 καὶ
1471 4143 1662 4215 πρώην
1686 4145 1780 4196 καὶ
1809 4143 1973 4197 ὕστεο

412 4257 505 4310 ρον
536 4239 717 4306 γνοὺς,
755 4239 822 4307 τῇ
869 4239 1160 4307 συγγραφῇ
1193 4237 1536 4306 παρεθέμην.
1569 4235 1806 4300 Πολλοὺς
1833 4235 1877 4287 δ’
1905 4235 1972 4288 ἂν

410 4332 503 4385 καὶ
525 4331 721 4389 ἄλλους
752 4327 904 4400 εὖροι
934 4345 1017 4390 τις
1046 4329 1176 4392 ίσως
1196 4330 1316 4391 ταῖς
1348 4328 1613 4398 ίστορίαις
1645 4326 1970 4396 φιλοπονῶν.

2076 3219 2266 3273 nexui.
2309 3220 2564 3276 Fortasse
2611 3231 2796 3276 autem
2832 3223 3020 3291 plures
3047 3223 3187 3278 alios
3217 3224 3504 3294 quisquam
3551 3226 3641 3282 in-

2077 3312 2332 3380 venerit,
2399 3317 2492 3383 qui
2543 3314 2800 3370 historias
2851 3317 3100 3371 studiose
3153 3318 3396 3372 evolvat.
3453 3319 3637 3374 Cauun

2074 3417 2333 3474 namque,
2359 3404 2521 3458 sicuti
2550 3421 2578 3457 ο
2601 3421 2688 3460 me
2712 3416 2794 3460 est
2826 3407 3054 3472 dictum,
3082 3410 3491 3464 translationem
3517 3429 3636 3466 eam

2073 3512 2188 3551 rem
2213 3497 2473 3567 appellat,
2500 3508 2556 3553 et
2582 3513 2689 3552 non
2721 3499 3207 3568 permutationem,
3233 3512 3327 3557 aut
3353 3505 3639 3560 transitio-

2072 3605 2197 3643 nem
2243 3609 2256 3643 :
2307 3590 2454 3660 quod
2500 3591 2616 3646 haec
2662 3591 2832 3645 verba
2884 3593 2953 3646 de
2997 3595 3256 3649 animatis
3311 3607 3366 3650 et
3399 3601 3478 3652 eis
3517 3617 3641 3668 qum

2072 3685 2300 3755 proprio
2327 3685 2559 3740 arbitrio
2584 3695 2639 3739 et
2670 3684 2952 3741 voluntate
2999 3700 3312 3754 moventur,
3345 3697 3636 3753 transferri

2071 3786 2254 3831 autem
2312 3787 2368 3832 et
2405 3780 2690 3833 translatio
2737 3779 2805 3836 de
2840 3781 3159 3837 inanimatis
3203 3794 3367 3854 atque
3406 3787 3487 3840 eis
3515 3805 3639 3856 qtue

2071 3868 2242 3924 Veluti
2271 3869 2340 3923 ab
2365 3870 2488 3924 aliis
2517 3880 2840 3935 moventur,
2880 3872 3139 3929 dicatur:
3176 3875 3250 3930 ita
3287 3887 3345 3930 ut
3368 3887 3638 3932 transmu.

2073 3960 2210 4014 tatio
2258 3970 2314 4014 et
2366 3961 2622 4016 transitio
2664 3977 2854 4017 eorum
2891 3965 2986 4025 sit,
3037 3981 3160 4034 quae
3189 3982 3252 4020 ex
3287 3969 3414 4022 sede
3444 3986 3539 4023 sua
3585 3973 3636 4023 iu

2073 4050 2426 4106 sublimiores
2486 4053 2735 4108 involant
2793 4054 3075 4111 thronos:
3123 4058 3412 4112 translatio
3452 4071 3636 4116 autem

2073 4156 2265 4197 eorum
2295 4145 2386 4214 qui
2420 4144 2517 4214 ipsi
2549 4145 2706 4199 inviti
2738 4145 2806 4199 ab
2833 4146 2960 4201 aliis
3005 4149 3111 4201 alio
3143 4150 3543 4218 producuntur.
3575 4155 3634 4209 Id

2071 4234 2219 4306 quod
2245 4246 2302 4291 et
2337 4236 2664 4292 leestinus
2693 4236 2878 4292 Romae
2917 4241 3229 4311 episcOpus,
3264 4243 3317 4296 in
3348 4245 3484 4311 suis,
3519 4248 3636 4304 sic-

2075 4329 2154 4384 uti
2219 4329 2334 4398 ipse
2371 4329 2630 4398 appellat,
2688 4330 2942 4395 secretis,
2979 4333 3156 4402 capite
3185 4338 3451 4404 secundo,
3484 4340 3636 4396 hisce

420 4424 478 4476 Ὀ
515 4422 625 4490 γὰρ
683 4419 887 4484 κανὼν,
936 4414 1080 4493 ᾖπέρ
1139 4437 1231 4489 μοι
1285 4420 1524 4490 εἴρηται,
1579 4419 1870 4489 μετάθεσιν
1911 4418 1971 4472 τὺ

2075 4424 2239 4472 utens
2281 4416 2468 4471 verbis
2515 4419 2808 4474 ostendit:
2864 4439 2880 4472 ι
2933 4421 2988 4476 Si
3041 4424 3334 4496 episcopus
3382 4430 3638 4488 utilitatis

406 4515 646 4566 toto-310v
670 4511 951 4582 ὀνομάζει,
983 4513 1078 4564 καὶ
1107 4512 1167 4564 ού
1211 4512 1546 4580 μετάστασιν
1573 4513 1606 4582 ἢ
1644 4512 1968 4583 μετάϐασιν.

407 4603 591 4656 Ταῦτα
624 4603 731 4671 γὰρ
755 4601 827 4664 ώς
864 4602 930 4656 ἄν
958 4619 1042 4666 τις
1063 4603 1205 4657 εἴποι
1246 4604 1338 4657 ἐπὶ
1365 4604 1625 4674 ἐμψύχων
1665 4605 1970 4675 λαμϐάνον-

409 4713 521 4758 ται,
580 4696 674 4747 καὶ
706 4694 764 4759 ἐξ
801 4694 1010 4758 οἰκείας
1077 4695 1452 4766 προαιρέσεως
1502 4697 1838 4767 κινουμένων
1861 4714 1874 4728 ι
1910 4698 1971 4751 16

405 4786 462 4838 δέ
494 4802 558 4852 γε
613 4783 1007 4854 μετατίθεσθαι
1061 4786 1158 4838 καὶ
1188 4785 1222 4854 ἡ
1266 4786 1556 4854 μετάθεσις
1590 4786 1683 4838 ἐπὶ
1723 4785 1966 4857 ἀψύχων,

405 4877 499 4929 καὶ
537 4875 627 4943 ὑφ’
662 4875 863 4944 ἐτέρων
887 4873 1092 4926 ὡσανεὶ
1117 4875 1478 4944 κινουμένων.
1518 4874 1615 4945 Εἴη
1638 4875 1682 4928 δ’
1710 4876 1776 4932 ἂν
1807 4877 1972 4944 μετά-

408 4982 597 5028 στασις
631 4965 722 5016 ἐπὶ
749 4965 856 5016 τῶν
886 4963 1102 5017 οἴκοθεν
1132 4965 1522 5036 ἐπιπηδώντων
1552 4968 1662 5029 τοῖς
1707 4965 1970 5035 seniost.

405 5071 516 5125 ροις
542 5053 650 5106 τῶν
681 5052 889 5121 θρόνων
910 5065 923 5080 ·
962 5052 1254 5121 μετάθεσις
1286 5053 1341 5105 δὲ
1388 5054 1481 5106 ἐπὶ
1514 5055 1620 5107 τῶν
1649 5055 1742 5123 ὑφ’
1765 5055 1968 5124 ἐτέρων

403 5145 646 5212 ἀκουσίῳ
681 5145 749 5213 τῇ
779 5143 972 5215 γνώμῃ
999 5147 1203 5213 τρόπον
1233 5144 1356 5196 τινὰ
1381 5143 1966 5214 προϐιὸαζομένων.⁶“0

401 5236 466 5306 δὴ
487 5237 582 5290 καὶ
606 5235 928 5297 Κελεστϊνος
957 5238 986 5288 6
1017 5235 1115 5302 τῆς
1154 5235 1376 5306 Ῥώμης
1407 5236 1704 5300 ἐπίσκοπος
1740 5237 1800 5288 ἐν
1849 5239 1967 5302 τοῖς

405 5328 538 5397 παρ’
572 5326 720 5395 αύτῷ
747 5326 1101 5395 καλουμένοις
1135 5327 1416 5396 σεκρὲτοις
1453 5330 1510 5378 ἐν
1541 5328 1824 5400 κεφαλαίῳ
1842 5329 1964 5382 δευ-

401 5418 544 5490 τέρῳ
571 5417 937 5488 παραδεικνὺς
981 5417 1106 5470 τάδε
1137 5419 1275 5470 κατὰ
1304 5419 1458 5488 ῥῆμα
1502 5405 1789 5482 διέξεισιν·
1823 5439 1840 5471 ι
1879 5420 1968 5473 Ef-

470 5553 548 5621 (l)
588 5553 664 5608 De
710 5553 810 5626 b_ac
854 5570 914 5610 re
957 5555 1074 5623 ipse
1115 5554 1456 5625 Nicephorus
1484 5555 1538 5610 in
1570 5556 1816 5626 catalogo
1844 5557 1964 5624 epi-

398 5639 684 5695 rcuporum
715 5623 1444 5695 ConstantinOpolitanorum
1476 5639 1492 5677 ι
1524 5623 1802 5694 Ἀρσένιὸς
1834 5623 1962 5695 αρι-

401 5709 522 5755 στος
553 5694 610 5744 ἐν
645 5693 986 5764 ᾴρχιθύταις,
1025 5693 1125 5764 τῆς
1158 5695 1386 5763 Ἐφέσου
1425 5693 1747 5764 πρόεδροςό
1791 5693 1965 5764 Νικη-

399 5767 582 5832 φόρος,
608 5762 706 5832 τῆς
732 5763 1010 5834 Ἀδριανοῦ
1039 5762 1317 5836 Γερμανὸς
1343 5762 1665 5836 ἁρχιθύτης.
1692 5763 1804 5820 Hoc
1836 5762 1958 5820 est:

1997 4480 2051 4540 D

2077 4511 2255 4581 gratia
2313 4511 2700 4576 transferatur,
2735 4528 2804 4569 ne
2831 4513 2883 4568 id
2916 4529 3012 4584 per
3041 4517 3278 4588 seipsum
3313 4519 3496 4586 faciat,
3538 4526 3633 4578 sed

2073 4601 2339 4659 fratribus
2393 4606 2738 4674 cogentibus.
2790 4605 2855 4661 Et
2913 4622 3027 4663 rem
3080 4624 3201 4665 eam
3251 4627 3421 4670 sacra:
3471 4616 3636 4688 hujus

2075 4693 2224 4750 sedis
2261 4697 2590 4751 auctoritate
2619 4698 2904 4768 expediat,
2944 4717 3054 4754 non
3096 4703 3272 4757 inanis
3297 4705 3504 4774 glorize,
3540 4723 3637 4762 ve-

2072 4801 2192 4839 rum
2240 4785 2495 4842 utilitatis
2524 4791 2832 4844 communis
2882 4801 2976 4845 aut
3026 4794 3369 4850 necessitatis
3414 4811 3565 4868 ergo.
3607 4818 3626 4852 ι

2071 4876 2274 4932 Eadem
2303 4886 2360 4933 et
2386 4876 2648 4936 Anterius
2681 4882 2886 4954 collega
2916 4883 3035 4954 ejus
3067 4885 3256 4948 refert,
3291 4887 3364 4941 ita
3390 4890 3458 4944 ad
3507 4906 3634 4945 ver-

2071 4968 2203 5024 bum
2235 4969 2424 5025 dicens
2456 4989 2468 5026 :
2506 4989 2526 5023 ι
2568 4971 3007 5029 Translationem
3038 4977 3426 5049 episcoporum
3478 4997 3632 5038 com-

2071 5060 2258 5115 munis
2285 5060 2542 5116 utilitatis
2569 5072 2665 5116 aut
2693 5063 3039 5122 necessitatis
3071 5068 3243 5137 gratia
3276 5069 3476 5126 scitote
3511 5071 3630 5128 fieri

2069 5149 2262 5215 licere,
2290 5167 2402 5206 non
2433 5163 2617 5208 autem
2648 5155 2946 5225 cujuslibet
2977 5158 3299 5229 cupiditate,
3329 5171 3425 5215 aut
3455 5162 3632 5218 domi-

2070 5243 2315 5298 nationis
2344 5243 2660 5301 all‘ectione.
2690 5247 2972 5317 Siquidem
3003 5249 3198 5305 Petrus
3218 5251 3410 5307 doctor
3436 5263 3492 5308 et
3518 5252 3628 5310 dux

2070 5342 2259 5390 noster
2319 5336 2709 5393 ecclesiasticae
2740 5340 2992 5395 utilitatis
3022 5357 3185 5398 causa
3231 5359 3297 5398 ex
3340 5345 3630 5402 Antiochia

2070 5422 2298 5493 Romam
2328 5425 2630 5482 translatus
2657 5439 2764 5495 est,
2790 5441 2846 5486 et
2870 5431 2998 5486 inde
3025 5442 3212 5503 postea
3238 5435 3628 5492 Alexandriam

2065 5559 2131 5643 lu
2163 5561 2770 5643 nrchintgstieoptimua
2790 5566 3073 5633 Arsaniae,
3105 5571 3399 5643 Ephesique
3427 5571 3628 5643 prmul

2065 5629 2292 5757 inim?
2335 5629 2694 5705 Nicephorus,
2729 5637 3026 5696 Germanus
3061 5629 3206 5699 urbis
3252 5629 3478 5699 Adriani
3515 5643 3626 5712 epi-

2157 5719 2223 5773 ρει
2263 5741 2298 5756 ..

2196 5720 2298 5756 ιιε..
