4036 6560
402 341 539 405 1199

1577 337 1997 399 NlCEPHORl
2039 336 2383 400 CALLISTI

3498 339 3629 406 12‘0

398 451 635 511 transiit.
683 457 742 505 ut
796 447 889 519 qui
940 446 1103 502 isthic
1156 442 1418 516 prodesse
1472 445 1648 517 magis
1702 446 1957 501 Ecclesia!

2063 462 2166 517 περ
2213 446 2514 509 ἐπίσκοπος
2553 442 2824 515 ὠφελείας
2857 443 3015 516 χάριν
3068 446 3415 518 μετατεθείη,
3454 450 3531 520 μὴ
3555 444 3625 505 δι’

392 551 604 613 posset.
638 538 911 595 Eusebius
945 547 1129 592 autem
1169 552 1236 591 ex
1264 536 1468 607 uppido
1496 536 1731 606 quodam
1760 552 1969 606 parvo,.

390 630 690 701 apostolica
733 627 1065 683 auctoritate
1104 625 1486 680 Alexandriam
1512 636 1598 680 est
1642 623 1946 679 traductus.

390 726 570 793 Atque
619 720 817 777 eodem
849 719 1018 775 modo
1057 728 1115 775 et
1140 717 1299 773 Felix
1347 732 1415 772 ex
1462 717 1686 772 civitate
1735 732 1858 786 quae
1899 716 1951 771 ei

392 814 588 868 civium
618 810 890 867 electione
914 810 1210 877 obtigerat,
1240 816 1464 878 prepter
1488 820 1629 869 eam,
1660 821 1768 875 qua
1814 821 1955 873 prat-

391 905 543 960 ditus
572 914 713 969 erat,
752 902 1029 973 egregiam
1059 900 1367 956 doctrinam
1400 907 1457 953 et
1486 897 1679 963 vitam,
1701 897 1770 952 de
1795 912 1954 953 eom-

389 999 543 1052 muni
612 997 997 1066 episcoporum
1081 994 1532 1062 reliquorumque
1605 991 1951 1046 sacerdotum

388 1097 555 1158 atque
590 1087 1015 1157 apostolicorum
1068 1085 1310 1139 virorum
1361 1084 1592 1139 consilio
1623 1122 1638 1146 ,
1675 1082 1949 1152 Ephesum

388 1178 627 1232 transiit.
675 1176 794 1231 Non
832 1175 976 1230 enim
1015 1174 1295 1230 civitatem
1344 1174 1567 1230 civitate
1609 1182 1805 1241 mutat,
1856 1173 1950 1242 qui

390 1269 442 1322 id
478 1283 588 1321 non
620 1267 923 1337 cupiditate
940 1280 1043 1320 sua
1064 1275 1156 1321 aut
1185 1280 1340 1320 vanae
1366 1266 1551 1336 gloria:
1577 1264 1757 1319 studio
1782 1263 1911 1319 facit
1936 1281 1948 1317 :

392 1359 552 1429 532
604 1373 794 1418 verum
830 1366 1054 1426 propter
1087 1356 1383 1411 utilitatem
1434 1356 1697 1425 aliquam,
1729 1364 1824 1409 aut
1854 1370 1953 1410 ne-

389 1454 726 1514 cessitatem,
759 1447 1363 1505 aliorumauctoritate
1398 1449 1605 1518 majore
1629 1446 1951 1516 pollentium

389 1541 775 1595 cohortatione
820 1546 876 1593 et
915 1539 1168 1603 consilio,
1217 1552 1285 1592 ex
1325 1538 1538 1592 minore
1578 1536 1634 1591 in
1690 1538 1951 1607 majorem

390 1632 586 1686 urbem
621 1630 820 1685 transit
846 1646 860 1683 :
888 1644 997 1683 non
1032 1629 1177 1682 inani
1211 1628 1383 1697 gloria
1412 1637 1507 1682 aut
1535 1627 1814 1681 voluntate
1838 1626 1953 1694 ipse

2058 536 2251 591 ἑαυτοῦ
2287 535 2447 591 τοῦτο
2480 537 2702 590 ποιείτω
2723 554 2736 568 ο
2769 536 2908 590 ἀλλὰ
2942 537 3052 591 τῶν
3096 538 3346 609 ἀδελφῶν
3378 543 3628 611 ἀναγκα-

2057 628 2278 693 ζόντων,
2305 628 2401 681 καὶ
2427 630 2493 698 τῇ
2544 627 2801 700 αὐθεντία
2833 629 2933 699 τῆς
2963 630 3114 698 ῑερᾶς
3156 629 3322 701 τῆσδε
3356 632 3626 706 καθέδρας

2055 720 2155 791 τὴν
2216 721 2413 792 πρᾶξιν
2465 720 2724 783 τελείτω,
2785 719 2860 789 μὴ
2919 720 3226 786 κενοδοξίας
3268 724 3452 795 χάριν,
3507 727 3627 782 ἀλλ’

2055 811 2323 882 ὠφελείας
2344 812 2531 865 ἕνεκεν
2562 810 2594 882 ἢ
2629 812 2899 883 ἀνάγκης.
2936 830 2956 864 ι
2985 813 3067 866 Τὰ
3096 815 3189 868 ίσα
3212 814 3270 867 δὲ
3292 818 3387 869 καὶ
3412 819 3433 841 ⁸
3452 816 3623 872 Λύτί-

2061 917 2174 972 ριος
2204 904 2232 956 6
2276 901 2677 966 συνεπίοκοπος
2708 903 2884 973 τούτῳ
2920 903 3258 973 διαγορεύει,
3293 905 3438 959 οὕτω
3479 910 3623 961 κατὰ

2057 994 2207 1063 ρἧα
2236 993 2450 1057 διεξιών
2470 1010 2484 1024 ·
2520 1012 2539 1045 ι
2571 994 2684 1061 Τὴν
2734 994 3027 1063 μετάθεσιν
3057 995 3165 1049 τῶν
3199 997 3517 1051 ἐπισκόπων
3545 1018 3629 1066 γι-

2055 1086 2317 1149 νώσκετε,
2348 1088 2537 1154 κοινῆς
2562 1086 2830 1155 ὠφελείας
2854 1086 3037 1141 ἕνεκεν
3065 1086 3100 1157 ἢ
3122 1085 3183 1153 ἐξ
3211 1089 3457 1161 ἀνάγκης
3485 1091 3626 1155 ἑξεῖ-
3654 1139 3669 1148 ,

2056 1193 2142 1231 ναι
2172 1176 2443 1244 γίνεσθαι,
2476 1177 2536 1230 οὐ
2594 1178 2703 1248 μὴν
2735 1177 3005 1249 ἐπιθυμίᾳ
3050 1178 3146 1232 τοῦ
3184 1181 3441 1249 τυχόντος
3471 1181 3505 1252 ἢ
3533 1183 3630 1236 καὶ

2054 1270 2371 1340 δυναστείᾳ.
2428 1270 2636 1339 Πέτρος
2678 1271 2785 1338 γὰρ
2832 1272 2860 1322 6
2900 1269 3045 1338 ἱερὸς
3098 1271 3258 1340 ἡμῶν
3300 1271 3627 1339 διδάσκαλος

2053 1359 2149 1413 καὶ
2177 1359 2404 1430 ἔξαρχος
2432 1360 2544 1414 τῶν
2568 1360 2883 1415 ἀποστόλων
2903 1359 2962 1425 ἐξ
2986 1359 3325 1429 ’Δντιοχείας
3353 1362 3629 1432 ὠφελείας

2054 1450 2217 1520 χάριν
2249 1449 2512 1519 μετετέθη
2547 1450 2628 1513 είς
2668 1448 2910 1520 Ῥώμην,
2945 1446 3046 1502 εἶτ’
3078 1452 3289 1504 ἐκεῖθεν
3316 1453 3520 1522 μετέϐη
3546 1457 3628 1518 είς

2065 1540 2503 1610 Ἀλεξάνδρειαν,
2533 1539 2609 1620 ᾡς
2633 1542 2813 1594 ικεῖσε
2849 1542 3055 1612 μᾶλλον
3091 1541 3373 1612 ὠφελῆσαι
3398 1544 3629 1614 δυνάμε-

2052 1649 2162 1697 νος.
2213 1632 2473 1697 Εὐσέϐιος
2529 1632 2586 1686 δὲ
2620 1632 2683 1686 ἐκ
2739 1650 2884 1694 τινος
2919 1634 3122 1704 μικρᾶς
3151 1634 3363 1697 πόλεως
3388 1638 3456 1705 τῇ
3488 1637 3623 1687 ἀπο.

390 1738 485 1776 sua
514 1723 736 1784 ductus,
767 1720 861 1775 sed
896 1721 1212 1775 auctoritati
1237 1720 1607 1791 potentiorum
1638 1720 1950 1785 obsecutus,

2061 1723 2275 1793 στολικῇ
2325 1722 2582 1792 αὑθεντίᾳ
2615 1721 2883 1794 μετετέθη
2947 1723 3027 1786 είς
3056 1722 3487 1792 ’Δλεξάνδρειαν.
3537 1728 3627 1778 '0-

390 1824 486 1868 ant
513 1813 644 1869 sede
673 1828 773 1866 sua
802 1813 1088 1883 expulsus.
1121 1820 1214 1865 aut
1258 1813 1423 1865 etiam
1459 1810 1695 1865 utilitate
1727 1810 1834 1865 loci
1866 1810 1951 1864 vel

2061 1814 2221 1885 μοίως
2255 1815 2349 1868 καὶ
2378 1813 2549 1884 Φῆλιξ
2577 1816 2643 1867 ὲκ
2671 1814 2770 1884 τῆς
2805 1793 3013 1878 πόλεως
3047 1815 3172 1868 καθ’
3217 1816 3284 1886 ῆν
3317 1816 3525 1885 ἐτάχθη
3560 1819 3625 1883 τῇ

330 1960 333 1961 ν
394 1906 581 1975 pepuli
627 1913 912 1975 permotus
940 1921 954 1959 :
984 1913 1038 1959 et
1069 1904 1292 1974 quidem
1329 1918 1438 1957 non
1472 1911 1810 1973 arroganter,
1854 1900 1951 1957 sed

2061 1905 2254 1975 ἐκλογῇ
2287 1905 2397 1958 τῶν
2430 1904 2682 1970 πολιτῶν,
2740 1905 2830 1958 διά
2859 1923 2917 1957 τε
2968 1905 3065 1976 τὴν
3117 1907 3475 1960 διδασκαλίαν
3530 1910 3628 1961 καὶ

396 1997 679 2051 humiliter
711 1996 779 2053 ab
802 1997 924 2051 aliis
959 1996 1281 2065 productus.
1323 2013 1342 2046 ι
1367 1996 1640 2049 Caeterum
1673 1998 1741 2048 de
1775 2003 1953 2049 trans-

2061 1996 2146 2049 τὸν
2188 1996 2391 2062 ἀγαθὸν
2436 1994 2550 2064 βίον
2572 1991 2799 2066 ὃνηεῐχε,
2830 1996 2904 2065 τῷ
2937 1996 3103 2066 κοινῷ
3130 1998 3240 2053 τῶν
3288 1998 3625 2063 ἐπισκόπων,

391 2091 694 2144 lotionibus
747 2091 869 2145 istis
918 2089 1054 2152 haec,
1113 2085 1327 2158 judicio
1379 2102 1524 2151 meo,
1566 2086 1701 2142 satis
1744 2087 1954 2156 prolixe

2061 2087 2150 2140 καὶ
2179 2088 2286 2139 τῶν
2303 2086 2508 2139 λοιπῶν
2543 2088 2758 2159 ἱερέων,
2787 2088 2882 2141 καὶ
2910 2091 2975 2159 τῇ
3000 2089 3108 2144 τῶν
3131 2090 3444 2144 ἀποστόλων
3477 2106 3626 2161 συμ-

392 2184 537 2238 dicta
568 2192 715 2238 sunt.
747 2183 1094 2253 Quapropter
1118 2180 1184 2234 ad
1228 2180 1504 2250 reliquum
1549 2180 1795 2236 historia:
1821 2194 1955 2235 con-

2061 2178 2221 2249 ὁουλῇ
2263 2178 2542 2249 μετετέθη
2585 2180 2665 2241 είς
2702 2180 2960 2248 Ἔφεσον.
2992 2180 3131 2235 Οὐδὲ
3156 2181 3265 2252 γὰρ
3303 2181 3626 2252 μεταϐαίνει

393 2285 603 2330 textum
634 2284 998 2329 revertantur.
1237 2284 1243 2292 “

2061 2272 2125 2325 ὲκ
2153 2272 2356 2334 πόλεως
2387 2272 2467 2336 είς
2497 2272 2650 2325 πόλιν
2692 2273 2720 2324 6
2755 2273 2834 2343 μὴ
2862 2275 2928 2344 τῇ
2961 2273 3141 2345 οἰκείᾳ
3172 2276 3435 2344 ἐπιθυμίᾳ
3463 2275 3498 2344 ἦ
3532 2289 3627 2326 ate--

388 2369 604 2441 νοδοξίᾳ
638 2368 796 2423 τοῦτο
844 2366 1013 2423 ποιῶν
1035 2382 1048 2398 ·
1093 2364 1208 2419 ἀλλ’
1256 2363 1494 2434 ὠφελείᾳ
1540 2365 1702 2435 τινὶῆ
1735 2363 1951 2433 ἀνάγκη
1987 2362 2077 2417 διὰ
2141 2365 2239 2434 τῆς
2303 2364 2412 2418 τῶν
2455 2366 2660 2438 ἐτέρων
2693 2365 3007 2437 προτροπῆς
3033 2366 3129 2421 καὶ
3165 2366 3264 2437 τῆς
3294 2365 3491 2437 βουλῆς
3516 2367 3626 2419 τῶν

395 2462 761 2533 ἰσχυροτέρων
796 2460 1147 2530 μετατίθεται
1181 2456 1242 2522 ἐξ
1264 2457 1547 2520 ἐλάττονος
1577 2456 1784 2520 πόλεως
1813 2457 1949 2526 πρὸς
1989 2456 2216 2524 μείζονα
2276 2460 2304 2511 6
2362 2458 2521 2511 τοῦτο
2551 2458 2627 2529 μὴ
2666 2459 2969 2529 κενοδοξία,
3002 2461 3139 2530 μήτε
3182 2465 3289 2529 μὴν
3310 2460 3499 2530 οἰκείῳ
3533 2462 3626 2513 θε-

390 2558 598 2628 λήματι
631 2553 825 2618 ποιῶν,
856 2551 1032 2621 ἀλλ’ἢ
1069 2548 1359 2621 δυναστεία
1393 2548 1426 2617 ἢ
1462 2547 1563 2618 τῆς
1614 2549 1820 2612 οἰκείας
1864 2547 2131 2618 καθέδρας
2201 2548 2482 2614 ὲξωσθέτ,
2534 2549 2567 2620 ἢ
2632 2549 2720 2603 ἐπ’
2785 2551 3026 2622 ὠφελείᾳ
3078 2550 3173 2603 τοῦ
3226 2551 3391 2603 τόπου
3444 2552 3480 2623 ἢ
3530 2553 3623 2607 τοῦ

391 2650 565 2705 λαοῦ·
614 2648 715 2717 οὐχ
785 2643 1178 2714 ὑπερηφάνως,
1235 2642 1373 2697 ἀλλὰ
1436 2643 1836 2713 ταπε.νοτέρως
1896 2641 2029 2710 παρ’
2072 2643 2300 2714 ἑτέρων.
2338 2661 2358 2694 ι
2403 2641 2568 2696 Ἀλλὰ
2625 2643 2755 2711 περὶ
2807 2643 2906 2713 μὲν
2972 2643 3316 2714 μεταθέσεων
3343 2646 3507 2717 ἀρκεῖ
3538 2662 3621 2715 γε,

392 2741 569 2815 οἶμαι,
596 2741 665 2794 τὰ
689 2736 956 2808 είρημένα
978 2751 992 2765 ⁸
1036 2737 1196 2808 ἡμεῖς
1224 2735 1283 2790 δὲ
1331 2729 1490 2800 αὖθις
1520 2737 1614 2790 ἐπὶ
1638 2735 1698 2789 τδ
1726 2734 1953 2805 συνεχὲς
1991 2734 2089 2805 τῆς
2121 2734 2368 2804 ἱστορίας
2399 2734 2899 2806 ὲπαναδράμωμεν.

980 2874 1371 2947 CAPUT,XL.

392 2979 469 3035 De
508 2976 711 3031 Judwis
745 2973 834 3044 qui
869 2972 922 3026 in
959 2970 1119 3044 C_ret_a
1153 2974 1351 3044 uagati,
1384 2978 1498 3040 post
1543 2986 1604 3024 ea
1628 2969 1957 3044 Christiani-

463 3064 634 3104 smum
682 3040 803 3099 sunt
835 3041 1116 3111 complexi.
1150 3040 1283 3094 Item
1318 3048 1376 3093 ut
1423 3051 1535 3111 tum
1581 3040 1725 3094 ultra
1757 3044 1953 3111 ﬂumen

468 3119 745 3197 Rhenum“
771 3129 895 3184 gens

464 3193 767 3256 susceperit.

466 3367 533 3423 Et
564 3366 789 3420 divinus
827 3364 1048 3435 quidem
1105 3362 1331 3419 Proclus
1380 3363 1445 3418 ad
1493 3379 1647 3418 sacra
1703 3363 1960 3431 Ecclesiae

395 3459 766 3531 gubernacula
796 3458 1065 3524 consedit,
1100 3467 1157 3511 et
1184 3472 1269 3511 res
1298 3457 1694 3511 ecclesiasticas
1734 3471 1958 3526 compo-.

396 3558 527 3611 snit.
555 3556 631 3610 Eo
659 3563 844 3609 autem
867 3561 1110 3621 tempore
1136 3548 1292 3604 multi
1329 3550 1383 3604 in
1414 3549 1574 3604 Creta
1604 3548 1774 3604 Judrei
1801 3548 1962 3604 Citri-

396 3652 699 3719 stianorum
735 3660 889 3701 sacra
926 3651 1052 3699 sunt
1082 3642 1355 3713 complexi
1377 3680 1393 3705 ,
1428 3656 1523 3710 per
1562 3655 1778 3695 causam
1808 3641 1959 3711 ejus-

392 3718 569 3813 tnodi.
612 3739 704 3795 Vir
727 3737 947 3807 quidam
978 3750 1042 3790 ex
1092 3748 1283 3788 eorum
1311 3748 1509 3804 genere
1539 3742 1680 3796 erat,
1712 3733 1805 3802 qui
1834 3747 1958 3786 cum

397 3848 497 3905 per
522 3828 768 3886 fraudem
800 3836 856 3882 et
883 3825 1068 3881 dolum
1104 3824 1269 3878 vitam
1321 3822 1640 3893 peregisset,
1682 3833 1958 3892 postremo

393 3939 454 3980 se
489 3924 653 3978 etiam
689 3919 871 3974 Mosen
908 3917 1063 3971 illum
1090 3929 1211 3971 esse
1235 3913 1603 3979 assimulavit,
1661 3922 1718 3969 ct
1745 3915 1962 3973 caelitus

395 4018 450 4070 in
484 4013 700 4070 Cretam
732 4027 764 4066 a
794 3989 1237 4079 i)eo'pr0pterea.
1255 4008 1481 4063 missum
1516 4021 1638 4061 esse
1670 4007 1957 4072 conﬁnxit,

396 4114 458 4162 ιιι
500 4105 621 4177 ejus
653 4103 757 4158 loci
798 4099 1152 4169 Judzeosipse
1180 4115 1276 4168 per
1321 4114 1494 4160 mare,
1541 4097 1766 4167 perinde
1797 4107 1961 4169 atque

395 4200 527 4255 olim
585 4194 861 4251 lsraelitas
924 4207 1020 4263 per
1079 4191 1311 4245 rubrum
1352 4190 1557 4255 sinum,
1610 4190 1859 4244 duceret.
1894 4190 1963 4245 Et

2662 2880 2910 2934 ΚΕΦΑᾹ.
2945 2882 3036 2935 Μ’.

2062 2972 2200 3037 Περὶ
2229 2971 2349 3025 τῶν
2373 2972 2439 3026 ἐν
2470 2973 2670 3042 Κρήτῃ
2707 2976 3139 3041 πλανηθέντων
3170 2972 3496 3037 Ἰουδαίων,
3526 2975 3623 3030 καί

2132 3044 2210 3108 ὡς
2244 3046 2504 3109 ὕστερον
2543 3043 2910 3110 ἠσπάσαντο
2968 3045 3037 3096 τὰ
3090 3043 3498 3109 Χριστιανῶν·
3539 3046 3626 3099 ἔτι

990 3112 1379 3181 urgtmdt'onum
1408 3110 1603 3167 Christi
1652 3106 1957 3183 religionem

2133 3106 2202 3165 δέ
2223 3114 2321 3167 καὶ
2361 3106 2520 3176 ὅπως
2555 3106 2882 3180 τηνικαῦτα
2910 3113 2976 3165 τὸ
3015 3106 3205 3179 πέραν
3265 3112 3488 3181 Ῥήνου
3521 3114 3627 3166 τοῦ

2131 3185 2401 3250 ποταμοῦ
2431 3183 2607 3247 ἔθνος
2638 3186 2693 3235 οι
2742 3183 3289 3249 Βουργουντζῗωνες
3340 3185 3451 3236 τὸν
3495 3185 3628 3252 Χρι-

2130 3253 2490 3321 στιανισμὸν
2521 3252 2945 3319 παρεδέξαντο.

2143 3364 2204 3422 Ὀ
2241 3367 2338 3436 μὲν
2368 3366 2458 3419 οὖν
2485 3366 2624 3429 θεῖος
2660 3367 2898 3433 Πρόκλος
2933 3370 3026 3423 ἐπὶ
3067 3368 3174 3421 τῶν
3223 3369 3386 3439 ἱερῶν
3424 3373 3628 3424 οἰάκων

2062 3457 2323 3527 καθῆστο,
2376 3456 2586 3527 καὶτὰ
2646 3458 2788 3510 κατὰ
2848 3459 2945 3527 τὴν
2999 3461 3328 3529 Ἐκκλησίαν
3380 3462 3626 3533 ἡσύχαζε

2062 3549 2362 3618 πράγματα
2387 3564 2400 3576 ·
2436 3551 2490 3601 ὲν
2525 3547 2698 3617 τούτῳ
2729 3550 2785 3601 δὲ
2822 3550 3005 3604 πολλοὶ
3050 3552 3157 3603 τῶν
3196 3552 3254 3603 ὲν
3288 3552 3475 3624 Κρήτῃ
3503 3556 3603 3607 Ἰου

2061 3638 2222 3692 δαίων
2251 3644 2319 3692 τᾶι
2359 3639 2451 3693 τοῦ
2485 3641 2920 3711 Χριστιανισμοῦ
2966 3641 3411 3712 κατησπάζοντο,
3446 3646 3628 3709 αίτίας

2061 3725 2277 3777 τοιᾶσδε
2327 3727 2725 3798 γεγενημένης.
2776 3729 2941 3800 Ἀνὴρ
2985 3730 3091 3800 γάρ
3124 3748 3206 3792 τις
3259 3734 3358 3800 τῆς
3405 3734 3627 3787 ἐκείνων

2063 3817 2262 3885 φυλῆς,
2309 3818 2492 3889 ἀπάτῃ
2543 3823 2638 3873 καὶ
2684 3821 2822 3891 δόλῳ
2853 3823 2945 3874 τὸν
2978 3821 3097 3891 βίον
3143 3822 3441 3892 διηνυκὼς,
3474 3828 3628 3890 τέλος

2062 3906 2161 3959 καὶ
2181 3907 2422 3976 Μωῡσῆν
2461 3912 2669 3962 ἐκεῖνον
2699 3904 2840 3963 εῖναι
2890 3910 3080 3965 ἑαυτὸν
3115 3914 3502 3968 ἁνεπλάσατοο
3537 3917 3628 3969 καὶ

2062 3998 2359 4068 οὐρανόθεν
2391 4002 2453 4072 τῇ
2489 4000 2685 4074 Κρήτῃ
2724 4002 2863 4072 πρὸς
2896 4002 3031 4056 Θεοῦ
3071 4004 3420 4076 πεμφθῆναι,
3457 4009 3534 4072 ὡς
3565 4012 3629 4065 ἄν

2062 4105 2128 4158 γε
2162 4091 2288 4154 τοὺς
2340 4092 2457 4144 εκεῖ
2487 4092 2777 4156 Ἰουδαίους
2808 4094 2896 4147 διὰ
2935 4094 3030 4165 τῆς
3062 4094 3342 4167 θαλάσσης
3398 4102 3625 4167 ἀγάγοι,

2062 4181 2253 4252 ῶσπερ
2286 4182 2458 4237 πάλαι
2490 4184 2618 4247 τοὺς
2663 4184 3010 4255 Ἰσραηλίτας
3059 4187 3149 4241 διὰ
3194 4187 3295 4258 τῆς
3331 4188 3626 4261 Ἐρυθρᾶς.

396 4289 598 4361 passim
635 4286 866 4360 insulam
891 4285 1061 4356 ipsam
1097 4297 1243 4336 anno
1297 4290 1408 4336 toto
1441 4296 1738 4350 peragrans
1760 4321 1773 4343 ,
1812 4291 1872 4335 ut
1901 4297 1957 4337 se

2067 4274 2171 4326 Καὶ
2200 4272 2265 4345 δὴ
2307 4272 2521 4343 περιῄει
2560 4274 2659 4345 τὴν
2707 4276 2875 4346 νῆσον
2928 4278 3268 4348 ἁπανταχοῦ,
3302 4281 3511 4336 πείθων
3552 4286 3626 4350 ὡς

396 4381 546 4436 illum
570 4393 692 4434 esse
713 4374 1021 4437 crederent,
1056 4369 1269 4430 suasit:
1319 4382 1482 4439 atque
1516 4377 1575 4422 ut
1627 4384 1761 4438 opes
1818 4384 1957 4439 quas

2064 4365 2227 4428 αὐτὸς
2276 4366 2481 4427 ἐκεῖνος
2507 4366 2590 4438 εἴη
2640 4367 3020 4425 πιστεύεσθαι.
3060 4370 3302 4442 Παρῄνει
3337 4371 3395 4426 δὲ
3448 4375 3626 4427 πάντα

400 4473 700 4536 haberent,
764 4465 1140 4536 pecuniasque
1215 4473 1271 4517 ct
1337 4461 1713 4532 possessiones
1768 4476 1957 4515 omnes

2067 4456 2168 4526 μὲν
2212 4457 2312 4510 ὅσα
2344 4460 2574 4521 ἐκείνοις
2630 4459 2914 4529 προσῆσαν
2946 4462 3212 4530 χρήματα
3241 4481 3301 4516 τε
3347 4468 3441 4517 καὶ
3495 4467 3627 4536 κτή-

397 4567 823 4632 aspernarentur
848 4596 863 4622 ,
887 4556 1211 4611 cohortatus
1249 4563 1356 4619 est,
1426 4567 1485 4607 se
1522 4553 1644 4607 illos
1674 4567 1768 4621 per
1808 4567 1960 4639 mare

397 4670 508 4711 non
544 4654 703 4720 aliter
727 4663 890 4720 quam
940 4650 993 4700 in
1043 4641 1222 4710 arida,
1257 4645 1310 4699 in
1343 4644 1725 4715 promissionis
1755 4652 1958 4697 terram

396 4748 697 4804 ducturum
752 4754 874 4796 esse
924 4728 1221 4807 pollicitus.
1260 4739 1442 4807 Atque
1494 4736 1571 4792 illi
1605 4738 1759 4791 vanis
1816 4736 1961 4792 illius

397 4839 684 4913 promissis
721 4834 955 4905 decepti,
988 4848 1076 4888 res
1122 4846 1428 4901 operasque
1458 4845 1584 4885 suas
1613 4831 1815 4899 ubique
1862 4847 1961 4885 ne-

397 4935 706 5004 glexerunt.
742 4938 799 4983 et
828 4926 1114 4981 facultates
1144 4939 1272 4979 suas
1302 4933 1508 4977 temere
1539 4922 1960 4991 quibuscunque

397 5023 739 5094 diripiendas
771 5018 1090 5090 permisere.
1117 5017 1217 5073 Ubi
1241 5015 1358 5069 dies
1392 5015 1691 5068 constituta
1717 5013 1960 5076 advenit.

396 5132 507 5187 qua
552 5112 822 5186 proﬁcisci
873 5108 1174 5169 debebant,
1206 5110 1319 5177 ipse
1357 5106 1581 5175 quidem
1630 5104 1960 5160 conﬁdentia

397 5218 454 5264 et
489 5208 629 5262 fastu
661 5205 853 5275 plenus
889 5203 971 5257 eis
1001 5200 1181 5271 pneiit
1210 5215 1224 5253 :
1252 5196 1329 5252 illi
1364 5213 1495 5252 vero
1522 5196 1799 5250 hominem
1848 5211 1960 5279 una

399 5311 527 5352 cum
585 5294 912 5366 conjugibus
967 5300 1024 5347 et
1060 5299 1223 5345 aetate
1276 5288 1634 5343 imbecilliore
1677 5285 1961 5343 consecuti

401 5396 551 5444 sunt.
582 5386 768 5455 Itaque
799 5398 894 5439 eos
944 5382 998 5436 in
1035 5395 1306 5435 summum
1330 5381 1620 5449 quemdam
1675 5378 1960 5446 scapulunt

403 5476 457 5530 in
486 5475 712 5544 pelagus
731 5482 1112 5528 excurrentem
1132 5469 1313 5532 duxit,
1340 5477 1503 5537 atque
1536 5468 1661 5523 inde
1692 5469 1962 5539 conjicere

402 5565 615 5636 seips‘os
642 5564 695 5616 in
719 5560 1076 5626 mare,’veluti
1110 5571 1358 5616 natantes
1388 5569 1447 5614 et
1465 5556 1961 5630 urinantes,jussit.

403 5657 562 5729 533
604 5655 772 5726 quue
805 5669 868 5709 ex
901 5655 1006 5708 illis
1034 5653 1278 5723 quidam,
1314 5652 1495 5708 statim
1526 5659 1586 5704 ut
1635 5652 1960 5720 imperatum

311 5744 316 5748 ”
400 5750 484 5807 eis
509 5757 649 5815 erat,
685 5745 955 5809 fecerunt,
991 5757 1168 5812 neque
1227 5744 1486 5812 deinceps
1539 5753 1912 5811 apparuerunt
1947 5758 1960 5794 :

2066 4565 2238 4631 ματα,
2288 4548 2561 4619 μηδεμιᾶς
2612 4551 2892 4622 φροντίδος
2942 4550 3150 4619 ἀξιοῦν,
3198 4554 3626 4627 ὑπισχνούμενος

2062 4642 2151 4694 διὰ
2179 4643 2278 4711 τῆς
2330 4642 2603 4712 θαλάσσης
2634 4643 2706 4706 ὡς
2741 4645 2833 4695 ἐπὶ
2872 4642 3044 4714 ξηρᾶς
3082 4648 3167 4709 είς
3199 4647 3304 4716 τὴν
3326 4648 3426 4718 τῆς
3456 4648 3626 4717 ἐπαγ-

2063 4733 2249 4802 γελίας
2280 4733 2387 4803 γῆν
2411 4736 2658 4803 ἀγαγεῖν.
2700 4736 2762 4787 Οί
2796 4736 2853 4789 δὲ
2882 4738 3002 4798 ταῖς
3050 4740 3238 4801 κεναῖς
3272 4739 3483 4793 ἐκείιου
3517 4759 3623 4793 πα-

2067 4825 2566 4896 ραϐουκοληθέντες
2616 4826 2865 4896 ὲγγύαις,
2928 4829 3252 4882 παντάπασι
3312 4831 3421 4883 τῶν
3482 4831 3625 4884 ίδίων

2064 4916 2241 4987 ἔργων
2294 4918 2531 4987 ἠμέλουν
2557 4935 2570 4949 ⁸
2603 4919 2696 4973 καὶ
2744 4922 2858 4985 τοῖς
2890 4922 3270 4992 παρατυχοῦσι
3301 4924 3370 4976 τὰ
3415 4925 3624 4977 ἑαυτῶν

2064 5008 2193 5061 εἴων
2223 5010 2294 5072 ὼς
2319 5012 2424 5081 ἄρα
2453 5010 2799 5081 βουλομένοις
2829 5011 2915 5080 εῐη
2946 5012 3269 5080 λαμϐάνειν.
3309 5012 3401 5079 Ὠς
3425 5014 3471 5068 δ’
3493 5011 3625 5088 ἧκεν

2063 5101 2096 5169 η
2124 5099 2223 5169 τῆς
2249 5101 2586 5170 προθεσμίας
2616 5103 2801 5172 ἡμέρα
2824 5102 2949 5155 καθ’
2971 5103 3038 5174 ἢν
3064 5105 3174 5159 ἔδει
3196 5106 3444 5172 ἐκείνους
3472 5110 3627 5163 ἀπαί-

2066 5209 2204 5263 perv;
2236 5196 2263 5246 6
2291 5193 2392 5264 μὲν
2453 5196 2800 5264 φρονήματος
2852 5197 3069 5268 πλήρης
3128 5198 3423 5271 καθηγεῖτο
3446 5219 3462 5233 ·
3502 5204 3550 5256 ol
3580 5201 3624 5255 δ’

2065 5284 2182 5357 ᾅμα
2220 5284 2418 5349 πάντες
2447 5285 2661 5338 εἵποντο
2690 5286 2909 5357 σύναμα
2942 5289 3161 5356 γυναιξὶ
3190 5296 3286 5344 καὶ
3313 5295 3378 5361 τῇ
3405 5294 3627 5362 ἁδρανεῖ

2063 5373 2271 5445 ἡλικίᾳ.
2333 5376 2445 5429 Καὶ
2494 5374 2559 5444 δὴ
2592 5375 2683 5427 ἐπί
2713 5394 2765 5430 τι
2820 5370 3174 5449 ἀκρωτήριον
3224 5382 3486 5452 ἐκτρέχον
3548 5384 3625 5446 είς

2066 5465 2302 5533 πέλαγος
2325 5465 2502 5533 ἤγαγε
2522 5479 2535 5492 ·
2573 5466 2833 5518 κάκεῖθεν
2865 5468 3213 5538 ὲπιρῤίπτειν
3245 5469 3477 5533 ἑαυτοὺς
3504 5473 3626 5525 ἐκέ-

2064 5556 2185 5610 λευε
2218 5561 2287 5628 τῇ
2322 5557 2563 5629 θαλάττῃ
2587 5557 2777 5628 ὥσπερ
2809 5560 3274 5626 ὲγκυῦιστῶντας.
3302 5562 3364 5614 Ui
3411 5564 3510 5630 μὲν
3538 5562 3626 5615 οὖν

2067 5649 2507 5719 προφθάσαντες,
2540 5650 2703 5712 εὐθὺς
2752 5650 3023 5723 ἔπραττον
3054 5654 3113 5705 τὸ
3163 5653 3350 5723 ῥηθὲν,
3406 5657 3500 5708 καὶ
3545 5660 3627 5707 οὐ·

2068 5742 2255 5811 δαμῶς
2290 5742 2383 5794 τοῦ
2416 5742 2604 5796 λοιποῦ
2636 5745 2895 5811 ἐμφανεῖς
2919 5739 3057 5814 ἦσαν
3078 5760 3091 5773 ·
3126 5745 3278 5800 ἄλλοι
3307 5748 3364 5800 δὲ
3396 5748 3491 5802 καὶ
3522 5750 3626 5809 τοῖς
