4036 6572
442 530 566 593 1201

1307 541 1903 604 ECCLESIASTICAE
1947 546 2338 608 HlSTORlz’E
2374 549 2516 610 LIB.
2557 552 2710 613 XIV.

3543 551 3682 615 1202

439 651 706 715 κρημνοῖς
761 652 1133 722 διεφθείροντο
1161 672 1175 686 υ
1234 659 1326 710 καὶ
1373 659 1614 725 ἔφθασαν
1661 660 1726 712 ἂν
1759 659 1994 725 ἅπαντες

2111 665 2331 733 quidam
2377 668 2536 721 ctiam
2576 669 2628 721 in
2658 670 2956 739 pra-cipitio
2983 671 3126 724 saxis
3161 669 3297 723 allisi
3329 668 3676 722 interierunt-

433 741 540 802 τοῖς
583 740 743 796 ὕδασι
785 745 880 797 καὶ
914 748 1183 815 κρημνοῖς
1228 749 1617 818 ἀπολλύμενοι,
1664 752 1714 802 εί
1757 751 1830 818 μὴ
1861 751 1996 805 Θεοῦ

439 833 662 903 προνοίᾳ.
698 835 852 903 μόλις
905 839 1081 898 ἀὶιείς
1110 839 1301 910 ἄνδρες
1332 844 1428 894 καὶ⁸
1455 842 1698 912 ἐμπορίᾳ
1729 841 1998 906 συζῶντας

432 927 798 994 ἀνσφανέντες
846 931 1183 1001 Χριστιανοὶ,
1233 937 1370 986 πᾶσι
1410 935 1631 1004 τρόποις
1679 936 2000 1001 ἀνέλκοντες

433 1017 662 1081 ἔσωζον,
714 1019 827 1070 τότ’
861 1020 992 1083 ἴσως
1022 1022 1124 1090 τῆς
1178 1023 1362 1087 ἀνοίας
1398 1025 1780 1095 λαμϐάνοντας
1807 1026 1998 1096 αἴσθη-

434 1123 520 1160 σιν
541 1122 554 1137 ·
586 1107 714 1170 τοὺς
743 1109 799 1161 δὲ
854 1110 1049 1174 ἄλλους
1079 1115 1336 1185 ἀνεῖργον
1366 1119 1507 1186 σφᾶς
1543 1097 1997 1189 αὐτοὺςὲπιρῥί-

432 1214 589 1250 πτειν
614 1200 690 1268 τῷ
732 1201 962 1272 κύματι,
993 1206 1341 1274 ἐπιλέγοντες
1375 1210 1472 1280 τὴν
1515 1210 1624 1263 τῶν
1656 1210 2000 1282 προρριψάν-

431 1305 539 1340 των
571 1290 878 1346 ἀπώλειαν
910 1296 1006 1348 καὶ
1042 1296 1193 1366 μόλις
1229 1299 1284 1351 ὲν
1305 1300 1386 1370 .νῷ
1441 1303 1746 1369 γενόμενοι,
1776 1303 1998 1371 καὶτῆς

432 1379 658 1449 ἀκρίτου
704 1381 941 1446 πίστεως
967 1387 1066 1456 τὴν
1118 1389 1335 1456 ἀπάτην
1363 1393 1746 1461 φωράσαντες,
1770 1393 1995 1462 ἀνέσχον

413 1471 628 1537 ⁷ιὲιθλίως
659 1473 879 1527 ἐκπλεῖν
901 1492 916 1508 ο
947 1477 1040 1528 καὶ
1066 1480 1152 1531 τὸν
1172 1481 1587 1552 Ψευδομωῦσῆν
1607 1485 1814 1536 ἐκεῖνον
1843 1485 1995 1537 ἔπει-

428 1562 610 1631 ρῶντο
655 1569 899 1636 συσχετν.
944 1567 1087 1622 Ἀλλ’
1133 1572 1234 1626 οὐκ
1279 1573 1436 1643 ἔσχον
1471 1577 1552 1638 είς
1599 1575 1762 1644 ἔργον
1797 1574 1994 1629 ἀνῡσαι

428 1660 488 1710 τὸ
538 1661 1012 1734 σπουδαζόμενον·
1051 1666 1210 1730 εὐθὺς
1261 1670 1370 1740 γὰρ
1417 1673 1628 1734 ἐκεῖνος
1657 1673 1873 1743 ἀφανὴς
1903 1669 1990 1744 ἦν.

429 1753 525 1804 καὶ
573 1754 780 1820 πολλὴν
827 1758 1103 1828 παρέσχεν
1146 1760 1426 1825 ὑπόνοιαν,
1471 1763 1546 1828 ὡς
1599 1763 1856 1835 ἀλάστωρ
1907 1783 1992 1830 τις

425 1843 640 1910 δαίμων
672 1846 1026 1916 ἀνθρωπείαν
1057 1852 1274 1921 μορφὴν
1305 1853 1690 1923 περιθέμενος,
1729 1857 1824 1908 ἐπὶ
1846 1857 1990 1930 λύμῃ

428 1934 488 1988 τὸ
520 1934 672 2000 ἔθνος
722 1939 988 2009 προῆγεν.
1022 1944 1215 1999 Ἔνθεν
1261 1962 1345 1998 τοι
1376 1946 1474 1999 καὶ
1523 1948 1709 2002 πολλοὶ
1746 1949 1814 2002 τὰ
1859 1951 1994 2002 Ίου-

427 2023 592 2078 δαίων
645 2027 862 2097 χαίρειν
911 2034 1242 2099 φράσαντες,
1275 2036 1383 2088 τῶν
1418 2039 1477 2092 ἐν
1514 2032 1856 2110 lipara/rd
1887 2041 1994 2096 τῶν

427 2119 770 2188 Χριστιανῶν
829 2125 1062 2193 βεϐαίως
1114 2131 1458 2198 ἠσπάσαντο,
1525 2133 1606 2195 είς
1657 2133 1884 2201 ἄπειρόν
1940 2153 1993 2189 τι

430 2209 632 2278 ⁴πλῆθος
675 2214 1066 2286 ἡριθμημένοι.
1105 2221 1496 2292 Παραπλήσιον
1525 2224 1583 2277 δέ
1613 2243 1666 2279 τι
1717 2227 1812 2280 καὶ
1865 2227 1995 2281 ἄλλο

431 2303 571 2354 κατά
618 2306 770 2358 τόνδε
806 2305 892 2359 τὸν
937 2308 1131 2377 χρόνον
1164 2312 1382 2379 ἐγένετο
1405 2328 1418 2341 ·
1457 2313 1485 2367 δ
1509 2315 1604 2367 καὶ
1643 2316 1774 2368 αὐτὸ
1800 2316 1996 2387 διηγή-

431 2409 614 2461 σομαι.
656 2395 939 2467 Βάρδαρόν
967 2418 1021 2454 τι
1067 2402 1219 2466 ἔθνος
1249 2405 1402 2475 παρά
1449 2407 1512 2458 τὸ
1559 2407 1736 2478 πέραν
1767 2408 1858 2461 τοῦ
1897 2427 1994 2461 πο-

421 2487 600 2554 παμοῦ
643 2488 833 2557 Ῥήνου
861 2493 957 2556 τὰς
985 2494 1269 2565 διατριϐὰς
1301 2499 1433 2568 ἔχει.
1479 2501 1995 2570 Βουργουντζίωνες

424 2583 506 2652 τῷ
534 2583 678 2638 ἔθνει
703 2587 764 2639 τὸ
792 2588 965 2657 ὄνομα
990 2604 1004 2620 ο
1045 2590 1162 2644 λίαν
1191 2593 1247 2647 δὲ
1279 2596 1340 2647 τὸ
1375 2596 1526 2658 ἔθνος
1553 2598 1715 2650 τοῦτο
1776 2600 2000 2667 ἀπραγ-

433 2675 766 2739 μονέστα-τον
787 2695 801 2710 ο
832 2679 1087 2745 τέκτονες
1119 2683 1226 2752 γὰρ
1264 2686 1466 2749 πάντες
1495 2688 1690 2756 σχεδόν
1727 2691 1869 2744 είσιν
1893 2708 1906 2720 ο
1934 2690 1996 2755 ἔξ

427 2766 488 2818 οὗ
521 2768 614 2820 καὶ
635 2769 697 2821 τὸ
726 2769 826 2841 ζῇν
871 2773 1064 2842 μισθοῦ
1107 2777 1433 2845 πράττουσι.
1471 2781 1544 2832 Τὸ
1575 2779 1671 2834 οὖν
1707 2783 1861 2846 ἔθνος
1889 2784 1997 2836 τῶν

423 2857 645 2914 Οὔννων
701 2867 1112 2936 παρακείμενον
1167 2871 1476 2941 ἐπιδρομὰς
1531 2875 1714 2938 αὐτοῖς
1761 2877 2000 2930 ἐποιεῖτο

426 2955 659 3016 πυκνὰς,
696 2957 792 3008 καὶ
822 2958 935 3038 τὴν,
957 2961 1180 3014 ἐκείνων
1227 2963 1408 3034 ἔκειρε
1437 2966 1621 3035 χώραν
1653 2967 1951 3037 λεηλατῶν
1981 2986 1996 3000 ·

431 3049 517 3096 καλ.
553 3048 738 3101 πολλοὶ
769 3051 1041 3122 ἀνῄρηντο
1072 3057 1514 3126 συῤῥηγνύμενοι
1544 3058 1711 3131 μάχῃ.
1743 3061 1835 3114 Ἑν
1854 3062 1999 3131 ἀμη-

425 3139 577 3208 -χάνῳ
624 3139 681 3193 δὲ
729 3145 842 3206 τοῖς
876 3143 1070 3214 δεινοῖς
1101 3149 1466 3212 καθεστῶτες,
1491 3149 1599 3218 θεῷ
1631 3169 1736 3221 τινι
1784 3153 2001 3221 ἐπιτρέ-

424 3227 527 3294 ψαι
559 3230 627 3282 τὰ
657 3231 780 3284 καθ’
813 3213 1042 3299 ἑαυτοὺς
1067 3237 1437 3295 ὲὸουλεύοντο.
1467 3213 1675 3312 Ἐν-νῷ1
1690 3243 1746 3296 δὲ
1774 3213 1994 3316 θέμενοι

427 3317 506 3380 ὡς
539 3321 566 3372 ὁ
597 3321 708 3374 τῶν
753 3321 1042 3393 Ῥωμαίων
1073 3327 1168 3380 καί¹
1216 3329 1559 3397 Χριστιανῶν
1593 3333 1726 3397 Θεὸς
1773 3337 2000 3391 πλεῖστα
2025 3349 2071 3413 c

432 3417 546 3477 τοῖς
588 3416 784 3486 ἐκείνῳ
817 3423 1238 3490 προσκειμένοις
1283 3425 1506 3493 ἀρήγει,
1547 3426 1802 3492 ὀξύτατος
1847 3432 1997 3498 γινὸ-

435 3522 593 3572 μενος
627 3506 1027 3582 βοηθὸς,-κοινῇ
1050 3515 1216 3586 ψήφῳ
1245 3519 1444 3581 πάντες
1496 3521 1680 3589 ἐκείνῃ
1712 3525 1778 3590 τῇ
1808 3523 1990 3578 πίστει

433 3597 763 3668 προσῄεσαν.
791 3603 895 3654 Καὶ
917 3604 979 3673 δὴ
1007 3608 1145 3659 κατὰ
1178 3607 1308 3675 μίαν
1330 3609 1439 3661 τῶ)
1461 3609 1698 3664 Γαλλιῶν
1726 3615 1879 3668 πόλιν
1904 3633 1998 3683 γε·

431 3686 668 3756 νόμενοι,
705 3689 883 3744 ἱκέται
914 3693 1006 3745 τοῦ
1035 3695 1335 3750 ὲπισκέπου
1373 3695 1534 3768 ἦσαν,
1561 3705 1652 3754 καὶ
1672 3705 1868 3768 αὐτοὺς
1891 3707 1989 3776 τὴν

432 3779 541 3832 τῶν
572 3780 914 3849 Χριστιανῶν
962 3788 1146 3840 πίστιν
1197 3789 1534 3855 ἀναδιδάξαι,
1567 3793 1662 3846 καὶ
1695 3795 1789 3848 τοῦ
1843 3797 1991 3851 θείου

434 3868 775 3934 καταξιῶσαι
835 3871 1236 3944 βαπτίσματος.
1278 3878 1337 3930 Ὀ
1397 3880 1444 3931 δ’
1503 3883 1851 3953 ἑπταήμερον
1897 3904 1993 3956 νη-

433 3959 618 4015 στείαν
643 3961 948 4031 ἐπιτρέψας
999 3969 1208 4031 αὐτοῖς,
1233 3973 1325 4024 καὶ
1421 3974 1600 4043 χρεὼν
1631 3980 1990 4048 κατηχήσας,

431 4050 571 4103 κατὰ
593 4052 690 4121 τὴν
714 4053 906 4126 ὀγδόην
933 4056 1228 4126 βαπτίσας,
1258 4062 1438 4116 οἴκαδε
1467 4065 1687 4119 ἀπιέναι
1716 4067 1988 4134 ἐκέλευεν,

430 4141 728 4196 ἐπίσκοπον
773 4146 957 4208 αὐτοῖς
1014 4151 1308 4218 παραδούς.
1344 4154 1853 4226 Ἀναθαρρήσαντες
1895 4160 1990 4213 οὖν

429 4230 682 4284 ἐντεῦθεν
726 4233 892 4301 ὁμόσε
944 4239 1085 4291 κατά
1131 4241 1240 4292 τῶν
1292 4244 1696 4312 τυραννούντων
1748 4247 1988 4316 ἐχώρουν

430 4320 674 4390 ἐχθρῶνο
723 4323 818 4376 καὶ
863 4325 962 4394 τῆς
1013 4321 1634 4402 προσδοκίας-ὠδαμῶς
1684 4337 1985 4406 ἠστόχουν·

431 4413 536 4466 ὑπὸ
564 4414 674 4486 γὰρ
709 4418 925 4471 πολλῶν
964 4422 1152 4472 σιτίων
1195 4424 1402 4493 τροφῆς
1438 4427 1733 4495 Οόπτάρου
1760 4430 1990 4499 διαρρα-

429 4505 634 4572 γέντος,
683 4507 837 4571 οὗτος
894 4511 1004 4580 γὰρ
1057 4513 1166 4565 τῶν
1217 4513 1436 4568 Οὓννων
1485 4517 1747 4588 κατῆρχε,
1802 4520 1987 4588 σφίσιν

428 4596 646 4651 ἅνωῖστὶ
676 4600 1016 4671 ἐπιθέμενοι,
1053 4605 1256 4675 σφόδρα
1280 4608 1508 4670 πολλοὺς
1542 4611 1944 4680 κατηκόντισαν
1968 4629 1983 4644 ·

2107 757 2176 810 Ει
2209 759 2447 813 universi
2489 760 2564 814 illi
2607 761 2688 815 vel
2730 761 2784 814 in
2835 761 3020 823 undis,
3065 762 3150 814 vel
3191 762 3244 814 in
3305 760 3679 830 pratcipitibus

2103 849 2247 903 saxis
2289 850 2615 917 periissem,
2641 851 2746 906 nisi
2787 851 2876 906 Dei
2918 852 3278 921 providentia,
3305 852 3394 904 vix
3437 851 3680 920 piscato-

2100 954 2190 994 res
2214 948 2268 992 et
2324 939 2416 994 alii
2470 951 2775 996 mercatura
2833 943 3038 997 victum
3095 943 3466 1011 quzeritantes,
3517 938 3680 994 Chri-

2085 1035 2264 1090 stiani
2297 1035 2571 1102 homines,
2604 1038 2786 1092 subito
2811 1039 3160 1093 extrahentes
3193 1045 3527 1101 servassent,
3562 1044 3674 1089 tum

2101 1126 2337 1193 primmn
2368 1126 2601 1181 fortasse
2641 1144 2745 1197 qua
2787 1128 3060 1182 dementia
3112 1125 3258 1194 capti
3307 1134 3513 1187 essent,
3546 1140 3674 1178 seu-

2087 1215 2317 1270 -tientes.
2373 1217 2437 1270 Hi
2503 1217 2660 1280 alios,
2691 1218 2987 1287 quominus
3022 1234 3080 1272 se
3113 1219 3167 1271 in
3219 1218 3415 1271 ﬂuctus
3442 1217 3676 1286 projice-

2098 1315 2238 1368 rent,
2268 1307 2687 1377 prohibuerunt,
2752 1324 2943 1363 eorum
2980 1309 3073 1378 qui
3107 1318 3269 1362 antea
3297 1308 3350 1361 id
3391 1307 3672 1371 fecissent,

2095 1396 2376 1451 interitum
2401 1398 2512 1454 illis
2536 1398 2866 1455 indicantes.
2895 1399 2996 1466 Qui
3034 1415 3164 1454 sane
3199 1414 3342 1470 aegre
3403 1399 3457 1452 in
3487 1398 3672 1452 animo

2097 1503 2211 1541 rem
2271 1503 2456 1542 secum
2510 1501 2846 1559 reputantes,
2895 1499 2952 1545 et
2999 1491 3250 1546 fraudem
3296 1490 3415 1544 sine
3459 1489 3672 1560 judicio

2095 1589 2362 1648 suscepta:
2409 1579 2534 1636 ﬁdei
2579 1591 2634 1635 et
2682 1581 3024 1636 credulitatis
3084 1581 3582 1652 deprehendentes,
3614 1586 3676 1632 ut

2095 1669 2462 1725 miserabilem
2512 1673 2568 1726 in
2598 1673 2820 1727 modum
2873 1683 3196 1738 enatarent,
3243 1673 3670 1728 sustinuerunt:

2087 1771 2149 1815 et
2221 1762 2439 1817 tandem
2513 1762 2919 1819 Pseudomosen
2998 1766 3148 1820 illum
3205 1762 3674 1834 comprehendere

2089 1859 2220 1901 sunt
2253 1850 2518 1918 aggressi.
2551 1852 2752 1907 Verum
2790 1853 3054 1922 perlicere
3106 1854 3158 1915 id
3216 1853 3444 1906 minime
3475 1860 3672 1921 potue-

2095 1949 2224 1992 runt
2263 1957 2276 1992 :
2327 1941 2614 1996 confestim
2646 1945 2793 1998 enim
2848 1945 2942 2019 ille
2981 1945 3274 2014 disparuit,
3303 1957 3360 2000 et
3415 1938 3669 2013 magnam

2097 2029 2466 2098 suspicionem
2524 2032 2777 2100 praebuit,
2813 2034 3185 2102 perniciosum
3207 2027 3518 2102 quempiam
3555 2032 3670 2084 dm-

2091 2135 2316 2174 ~monem
2344 2123 2446 2175 sub
2475 2121 2710 2177 humana
2743 2125 2925 2192 specie
2949 2133 3162 2194 gentem
3201 2139 3319 2178 eam
3361 2123 3415 2176 in
3444 2122 3670 2177 exitium

2078 2208 2439 2277 produxisse.
2473 2210 2708 2265 Proinde
2756 2212 2916 2266 multi
2954 2211 3264 2266 Judzcorum
3289 2209 3670 2278 superstitioni

2098 2299 2292 2352 nuntio
2319 2300 2574 2364 remisso,
2609 2303 2665 2355 in
2703 2301 2865 2356 Creta
2919 2302 3287 2356 Christianam
3351 2300 3669 2370 religionem

2099 2405 2414 2449 constanter
2461 2409 2844 2467 susceperunt.
2904 2397 3112 2452 Horum
3159 2403 3448 2452 innumera
3502 2411 3670 2465 prope

2097 2485 2201 2540 fuit
2225 2487 2538 2542 multitudo.
2564 2488 2756 2544 Simile
2783 2490 3039 2554 quiddam
3063 2491 3210 2544 aliud
3231 2506 3448 2559 quoque
3473 2491 3669 2544 eodem

2097 2587 2343 2647 tempore
2396 2580 2619 2641 accidit,
2677 2582 2822 2650 quod
2873 2591 2927 2636 et
2985 2582 3166 2648 ipsum
3201 2582 3666 2637 commemorabo.

2097 2667 2242 2722 Gens
2291 2672 2536 2739 quaedam
2593 2671 2828 2725 barbara
2884 2674 3200 2726 ulteriorem
3256 2673 3429 2726 Rheni
3492 2674 3670 2726 amnis

2088 2762 2270 2830 .ripam
2297 2763 2507 2817 accolit.
2541 2765 2963 2835 Burgundiones
3010 2767 3292 2829 dicuntur,
3352 2767 3669 2834 tranquilli-

2088 2855 2228 2909 tatis
2256 2864 2312 2910 et
2339 2857 2434 2909 otii
2457 2855 2617 2911 valde
2673 2857 2925 2911 studiosi.
2961 2857 3122 2912 Fabri
3159 2874 3393 2927 namque
3445 2860 3668 2927 tignarii

2097 2965 2288 3006 omnes
2325 2955 2438 3007 fere
2474 2962 2620 3018 sunt,
2645 2963 2700 3006 et
2728 2966 2790 3005 ea
2827 2963 2944 3006 arte
2972 2954 3098 3007 vita:
3124 2965 3374 3022 sumplus
3407 2954 3665 3006 tolerant.

2088 3043 2273 3096 Porro
2323 3041 2642 3097 Hunnorum
2691 3046 2840 3098 natio
2901 3045 2984 3099 eis
3015 3046 3325 3104 imminens.
3356 3045 3672 3115 frequentes

2099 3135 2451 3191 excursiones
2507 3139 2559 3190 in
2605 3153 2702 3192 eos
2760 3139 3015 3202 faciebat,
3047 3150 3102 3193 et
3132 3139 3413 3206 regionem
3474 3155 3668 3192 eorum

2101 3224 2407 3294 diripienda
2436 3227 2700 3282 vastabat.
2722 3227 2871 3282 Multi
2895 3229 3060 3283 etiam
3091 3244 3154 3283 ex
3183 3228 3309 3292 illis,
3337 3244 3460 3282 cum
3496 3229 3670 3283 hosti-

2101 3319 2206 3374 bus
2233 3333 2410 3388 pugna
2471 3320 2772 3387 congressi,
2824 3320 3313 3376 interficiebantur.
3349 3321 3483 3377 Cum
3540 3338 3672 3392 ergo

2101 3419 2326 3480 propter
2375 3409 2584 3464 cladem
2648 3410 2921 3480 ejusmodi
2954 3412 3022 3466 de
3061 3414 3224 3467 rebus
3273 3413 3389 3466 suis
3412 3413 3673 3482 despera-

2103 3513 2248 3567 rent,
2265 3513 2323 3556 ut
2347 3503 2450 3556 deo
2480 3503 2643 3558 alicui
2674 3517 2762 3556 res
2781 3518 2912 3558 suas
2930 3504 3356 3568 committerent,
3379 3505 3669 3559 consilium

2099 3608 2339 3663 cepere:
2369 3610 2602 3664 cumque
2638 3596 2690 3649 in
2725 3605 2961 3650 mentem
3007 3598 3087 3649 eis
3140 3597 3373 3660 veniret,
3405 3596 3674 3650 Christia-

2103 3703 2301 3741 norum
2340 3689 2508 3742 Deum
2546 3688 2850 3756 cultoribus
2879 3689 2992 3742 suis
3036 3698 3094 3742 ut
3132 3690 3460 3743 acerrimum
3519 3692 3672 3743 anxi-

2095 3781 2352 3835 -liatorem
2383 3781 2673 3850 plurimum
2692 3782 2812 3850 opis
2843 3779 3008 3846 ferre,
3023 3781 3090 3834 de
3115 3783 3388 3835 communi
3421 3782 3668 3836 omnium

2103 3886 2395 3933 consensu.
2429 3872 2494 3925 ad
2522 3872 2842 3942 religionem
2874 3874 2998 3942 ejus
3025 3886 3080 3929 et
3111 3875 3270 3928 Iidem
3295 3885 3665 3928 accesserunt.

2101 3964 2277 4028 Quam
2327 3963 2397 4017 ob
2448 3978 2669 4017 causam
2728 3973 2784 4018 et
2839 3965 2895 4018 in
2932 3967 3164 4034 quadam
3215 3965 3402 4020 Gallia:
3449 3967 3672 4020 civitate

2099 4054 2439 4124 episcopum,
2473 4065 2532 4109 ut
2556 4069 2654 4110 eos
2685 4055 3127 4110 Christianorum
3180 4057 3500 4126 religionem
3534 4057 3671 4111 edo-

2101 4155 2274 4208 ceret,
2331 4155 2387 4200 et
2443 4146 2628 4200 divino
2684 4147 2958 4216 baptismo
3021 4147 3363 4216 dignaretur,
3405 4147 3668 4202 obtestati

2099 4247 2249 4293 sunt.
2283 4237 2378 4292 Ille
2439 4253 2570 4292 vero
2627 4238 2717 4292 ubi
2761 4240 2840 4293 eis
2881 4247 3088 4308 septem
3133 4239 3348 4292 dierum
3397 4240 3666 4309 jejunium

2102 4329 2318 4394 indixit,
2343 4343 2548 4399 eosque
2589 4345 2711 4398 qua:
2741 4344 2880 4399 opus
2912 4338 3033 4385 erat
3059 4329 3128 4386 de
3159 4329 3333 4390 sacris
3365 4331 3530 4386 rebus
3579 4333 3668 4386 in-

2099 4423 2298 4486 stituit,
2349 4432 2542 4477 octavo
2579 4423 2667 4478 die
2715 4423 3040 4492 baptizatos,
3093 4439 3199 4477 una
3241 4439 3364 4478 cum
3406 4426 3669 4493 episcopo

2098 4530 2261 4584 quem
2287 4515 2368 4569 eis
2390 4515 2662 4578 attribuit,
2707 4515 2930 4569 domum
2977 4515 3157 4570 redire
3192 4517 3375 4585 jussit.
3409 4515 3569 4588 53aI
3599 4518 3666 4571 Et

2097 4624 2162 4662 ex
2194 4623 2256 4661 ea
2299 4623 2358 4662 re
2388 4607 2584 4662 ﬁducia
2632 4617 2922 4676 concepta,
2959 4619 3149 4662 contra
3189 4610 3373 4662 hostes
3421 4607 3665 4677 tyranni-

427 4691 720 4759 τρισχίλιοι
756 4695 864 4763 γὰρ
907 4695 1084 4758 ὄντες,
1125 4699 1352 4767 μυρίους
1386 4700 1732 4755 ἀπέκτειναν.
1773 4704 1883 4756 Καὶ
1932 4704 1990 4770 ἐξ

2097 4699 2221 4754 dem
2271 4707 2474 4754 tantam
2523 4709 2846 4753 exercentes
2889 4710 3279 4769 processerunt
3313 4717 3327 4752 :
3362 4713 3536 4767 neque
3568 4713 3664 4752 eos

426 4784 637 4837 ἐκείνου
669 4787 731 4836 τὸ
760 4785 910 4848 ἔθνος
931 4788 1090 4840 τοῦτο
1119 4789 1383 4859 διάπυρον
1415 4791 1539 4861 ἔσχε
1575 4793 1714 4863 πρὸς
1743 4795 1804 4846 τὸ
1829 4796 1991 4864 ἀκριο

429 4873 540 4936 6ῶς
571 4877 983 4945 Χριστιανίζειν
1006 4880 1099 4933 τὸν
1125 4881 1326 4951 ἔρωτα.
1361 4883 1522 4936 Οὕτω
1557 4886 1690 4947 Θεὸς
1715 4886 1784 4938 δι’
1812 4887 1990 4942 ἄλλων

428 4963 594 5036 ἔτερα
621 4970 914 5039 πανσόφως
947 4975 1224 5042 οἰκονομεῖ
1247 5015 1262 5040 ,
1300 4974 1482 5044 βυθοῖς
1505 4978 1766 5044 προνοίας
1798 4977 1874 5039 ὡς
1907 4980 1988 5030 εί-

427 5054 522 5116 κδς
556 5055 616 5108 τὸ
641 5059 750 5110 πᾶν
776 5058 1017 5114 διοικῶν.
1055 5063 1240 5115 Ταῦτα
1289 5064 1386 5132 μὲν
1420 5066 1548 5134 περὶ
1600 5066 1840 5118 τούτων’
1879 5067 1990 5134 ἐγὼ

426 5147 486 5200 δὲ
518 5150 610 5202 καὶ
636 5150 829 5221 ἑτέραν
862 5152 940 5221 τῷ
962 5155 1106 5225 λόγῳ
1140 5155 1293 5210 δώσω
1315 5157 1588 5226 διήγησιν,
1621 5159 1688 5211 ἵν’
1725 5159 1819 5230 ἐξῇ
1847 5162 1987 5213 πᾶσι

427 5236 738 5305 γινώσκειν,
767 5241 842 5302 ὡς
870 5245 960 5295 καὶ
990 5244 1056 5296 δι’
1109 5246 1343 5309 ἀναξίων
1393 5249 1652 5310 πολλάκις
1706 5249 1838 5311 Θεὸς
1895 5250 1988 5302 τὰ-

430 5329 644 5400 συνήθη
679 5333 940 5402 πράττων
970 5339 1228 5406 τεράστια
1258 5338 1517 5392 δείκνυσι.
1850 5323 1862 5350 i

2097 4809 2224 4863 spes
2253 4803 2310 4848 et
2338 4795 2676 4864 exspectatio
2715 4809 2813 4849 sua
2859 4795 3072 4848 fefellit.
3099 4793 3231 4847 Nam
3281 4791 3486 4861 Uptaro
3513 4787 3667 4844 Hun-

2097 4903 2295 4942 norum
2325 4889 2466 4944 duce
2487 4904 2555 4942 ex
2595 4887 2820 4956 crapula
2854 4888 3021 4942 nimia
3061 4897 3243 4954 rupto,
3273 4885 3342 4938 de
3368 4885 3664 4953 improviso

2099 4981 2284 5034 hostes
2316 4981 2455 5034 duce
2487 4980 2709 5034 orbatos
2735 4979 2924 5034 adorti
2963 4981 3162 5033 multos
3212 4977 3506 5032 admodum
3544 4978 3666 5032 telis
3720 5006 3728 5038 ς

2090 5070 2490 5133 confecerunt;
2517 5077 2681 5137 atque
2715 5069 2967 5138 ipsi-cum
2994 5071 3155 5124 trium
3194 5077 3398 5122 tantum
3432 5069 3662 5122 millium
3721 5129 3726 5136 _

2095 5176 2387 5215 numerum
2426 5154 2730 5228 explerent,
2764 5159 2952 5215 decem
2981 5159 3301 5214 Hunnorum
3354 5160 3542 5213 millia-
3576 5160 3664 5213 in-

2094 5262 2450 5308 teremerunt.
2478 5255 2553 5305 Ex
2575 5268 2640 5306 eo
2666 5263 2908 5322 tempore
2937 5253 3382 5323 Burgundionum
3409 5269 3540 5321 gens
3572 5268 3666 5306 ar-

2091 5342 2242 5396 denti
2299 5343 2365 5396 ad
2417 5343 2898 5397 Christianismum
2945 5359 3159 5398 summe
3213 5343 3660 5398 conservat—idum

427 5442 613 5482 amore
673 5429 934 5499 ﬂagravit.
1007 5433 1079 5486 Ita
1114 5435 1255 5489 Deus
1324 5438 1429 5489 alia
1472 5453 1568 5505 per
1645 5439 1748 5491 alia
1793 5454 1956 5508 quam
2012 5440 2416 5506 sapientissime
2475 5440 2775 5510 dispensat,
2851 5440 3207 5511 providentia:
3263 5455 3463 5495 arcano
3505 5442 3663 5510 longe

429 5521 634 5587 optime
687 5523 868 5577 omnia
908 5525 1318 5581 administrans.
1370 5529 1495 5585 llaec
1555 5531 1836 5590 hactenus.
1876 5531 1988 5601 Ego
2059 5547 2190 5587 vero
2255 5533 2414 5586 aliam
2448 5549 2666 5604 quoque
2696 5549 2808 5588 rem
2855 5535 3320 5602 commemorabo,
3365 5544 3422 5589 ut
3455 5548 3659 5604 cogno-

430 5631 582 5676 scere
622 5633 808 5676 omnes
851 5621 1273 5693 possint,D_t-u_m
1310 5638 1548 5693 persaape
1577 5617 1740 5684 etiam
1794 5641 1890 5698 per
1935 5625 2190 5696 indignos
2221 5627 2378 5681 solita
2421 5627 2774 5683 consucvisse
2805 5627 3051 5699 prodigia
3083 5629 3370 5688 exhibere.

2015 5839 2073 5854 -ςξ-
2094 5835 2101 5838 ’
