3962 6578
150 336 271 409 ῙΞΠ

1040 323 1637 387 ECCLESIASTIC/E
1678 320 2065 385 HiSTORI/E
2109 324 2249 385 LIB.
2300 320 2457 382 XIV.

3225 314 3362 380 1218

141 455 350 521 σθῆναι·
404 441 496 495 καὶ
546 438 779 508 χνῖιματα
830 437 1059 490 πλεῖστα
1096 439 1295 508 αἴφνης
1342 436 1721 505 ἀναδοθῆναιν

1822 454 1846 489 n
1873 446 2085 490 montes
2108 435 2357 505 ingentes
2378 428 2722 487 conformati.
2751 429 2893 485 Mare
2907 470 2923 496 ,
2949 430 3214 484 terminos
3232 446 3365 485 suos

140 544 212 605 είς
236 539 331 608 ὅρη
358 549 417 584 τε
453 531 667 599 μεγάλα
697 528 1088 598 σχεδιασθῆναι
1110 544 1124 557 ·
1164 526 1472 598 ὑπερϐῆναι
1511 528 1566 580 δι
1602 528 1707 579 καὶ·

137 625 227 701 τήν
272 625 540 682 θάλασσαν
586 620 713 682 τοὺς
761 620 998 681 οἰκείους
1042 620 1239 688 ὄρους’
1300 622 1398 674 καὶ
1459 621 1703 688 νεκροὺς

144 720 315 792 ἰχθύας
359 716 453 768 καὶ
498 713 607 765 τῶν
646 713 791 783 μάλα
848 712 1073 782 μεγέθει
1130 713 1419 783 ἐπισήμων
1468 712 1544 776 ὡς
1593 712 1702 766 ἀπὸ

147 807 424 880 σφενδόνης
457 804 771 873 ἐκπέμπειν
794 820 810 836 ο
842 804 1044 866 πολλάς
1068 821 1129 857 τε
1157 805 1350 876 νήσους
1381 805 1491 857 τῶν
1521 807 1577 857 ὲν
1604 805 1705 858 a6-

140 907 201 974 τῇ
233 896 544 961 καταδῦναι,
602 899 660 953 ἐς
722 896 885 967 δεῦρο
940 899 1172 966 ἀφανεῖς
1218 899 1555 968 γενομένας·
1609 899 1702 953 καὶ

141 993 290 1045 πλοῖα
316 987 425 1040 τῶν
446 985 657 1041 ὑδάτων
679 985 877 1054 ἀθρόον
902 986 1393 1055 ύπονοστησάντων
1414 988 1506 1040 ἐπὶ
1535 987 1707 1057 ξηρᾶς

140 1080 380 1149 ὀφθῆναι,
419 1070 572 1146 μέσῳ
602 1077 682 1145 τῷ
733 1078 964 1145 πελάγει
1014 1079 1103 1132 ἐπ’
1157 1081 1439 1148 ἀκινήτοις
1472 1080 1702 1133 ἑστῶτα.

140 1170 374 1238 Μετέσχε
403 1168 463 1222 δὲ
492 1167 604 1222 τῶν
644 1169 710 1221 lx
741 1168 975 1238 σεισμοῦ
1002 1169 1196 1223 δεινῶν
1227 1169 1298 1223 τὰ
1327 1171 1499 1224 πολλὰ
1541 1171 1705 1225 Βιθυέ

140 1263 223 1316 νία
248 1277 306 1314 τε
352 1263 449 1313 καὶ
505 1258 924 1328 Ἑλλήσποντος,
976 1262 1215 1332 ἑκατέρα
1247 1279 1306 1314 τε
1337 1262 1574 1331 Φρυγία,
1606 1262 1706 1315 καὶ

138 1352 229 1420 τῆς
259 1349 333 1402 ιω
358 1348 424 1402 τὰ
449 1347 704 1412 πλείστα,
731 1347 807 1410 ὡς
835 1332 1217 1418 εῐρηται.’Καὶ
1253 1350 1315 1403 τὸ
1342 1351 1504 1403 πλέον
1530 1351 1588 1406 δὲ
1609 1353 1707 1419 τῆς

140 1440 368 1509 ἑσπέρας
400 1438 701 1509 ἐπέδραμε.
734 1439 924 1510 Πολλῷ
955 1441 1014 1493 δὲ
1054 1442 1230 1512 χρόνῳ
1271 1443 1333 1495 τὸ
1387 1443 1557 1505 πάθος
1587 1445 1707 1497 ἔπι-

140 1531 432 1602 κρατῆσαν,
459 1531 557 1601 οὐχ
587 1531 781 1601 ὥσπερ
803 1531 864 1584 τὸ
897 1533 1179 1602 καταρχὰς
1244 1532 1537 1598 έπέὸαλεν,
1563 1531 1707 1586 οὕτω

140 1622 228 1677 καὶ
279 1621 518 1691 διέμεινε
580 1621 938 1692 σφοδρότερον
997 1623 1187 1676 έπιόνο
1231 1624 1361 1676 ἀλλ”
1402 1623 1567 1696 ἔληγε
1610 1623 1707 1675 κά-

140 1716 280 1770 κεῖνο
332 1711 517 1783 ἠρέμα
570 1713 648 1781 τῷ
702 1714 898 1784 χρόνῳ,
963 1714 1068 1777 ἕως
1117 1715 1181 1768 οῦ
1234 1716 1528 1770 παντάπαν
1576 1715 1708 1769 ἀπὲέ

1804 537 2230 598 transgressum,
2274 526 2452 595 pisces
2498 522 2733 591 ingentis
2778 522 3169 592 magnitudinis
3217 537 3361 575 tuor-

1804 633 1930 678 tuos
1977 622 2142 676 veluti
2184 620 2349 675 l‘untla
2385 619 2569 689 ejecit.
2615 617 2811 672 insulae
2842 617 3051 687 plures,
3091 632 3196 671 una
3238 631 3365 670 eum

1805 716 2005 772 incolis
2052 716 2167 769 suis
2209 714 2534 774 submersas,
2580 710 2745 764 hodie
2792 725 3009 779 quoque
3055 724 3161 763 non
3206 724 3373 779 appa~

1805 816 1947 860 rent.
1984 805 2160 859 Naves
2190 803 2351 856 undis
2380 799 2670 856 confertim
2706 797 3100 852 decedentibus
3129 799 3182 848 in
3215 795 3370 848 arida

1805 895 1986 950 medio
2038 895 2176 949 mari
2226 893 2537 948 immobiles
2592 890 2895 945 consistere
2946 889 3093 942 visae.
3143 886 3367 941 Cladem

1803 1005 1869 1044 ex
1903 1003 1969 1042 eo
2006 995 2321 1042 terrmmotu
2352 984 2644 1055 plurimum
2677 996 2898 1038 sensere
2931 978 3205 1046 Bithynia.
3236 976 3366 1030 Ilel-

1805 1081 2109 1149 lespontns,
2143 1088 2375 1143 utraque
2407 1075 2662 1145 Phrygia,
2692 1082 2744 1127 et
2771 1071 3010 1127 Orientis
3040 1084 3165 1138 pars
3196 1069 3377 1123 mari-

1809 1187 1894 1225 ma
1925 1188 1939 1224 :
1969 1171 2129 1224 sicuti
2171 1168 2379 1223 dictum
2411 1176 2516 1221 est.
2555 1165 2758 1219 Invasit
2799 1179 3017 1234 quoque
3056 1160 3373 1216 Occidentis

1810 1263 2059 1332 regiones
2102 1260 2307 1330 plures.
2358 1258 2423 1312 Et
2466 1272 2588 1311 cum
2638 1257 2799 1325 longo
2846 1255 3071 1308 duraret
3104 1262 3373 1321 tempore,

1807 1368 1917 1407 non
1965 1367 2030 1404 ea
2076 1365 2183 1419 qua
2227 1356 2470 1417 coeperat
2516 1345 2866 1400 vehementia
2908 1343 3142 1414 grassari
3187 1357 3378 1411 persc-

1807 1443 2039 1506 veravit,
2070 1456 2263 1495 verum
2301 1440 2506 1493 sensim
2542 1436 2613 1492 de
2646 1436 2851 1504 impetu
2896 1436 3101 1504 aliquid
3138 1434 3374 1497 remisit,

1809 1533 1987 1588 donec
2036 1544 2263 1601 prorsus
2313 1529 2653 1599 conquievit.
2709 1527 2903 1583 Clades
2956 1544 3018 1581 ea
3068 1526 3193 1580 talis
3249 1526 3372 1579 fuit.

1809 1622 2049 1694 Byzantii
2102 1631 2286 1675 autem
2339 1621 2393 1673 in
2440 1619 2737 1673 maximum
2788 1616 3021 1687 conjecti
3074 1625 3301 1676 metum,
3342 1629 3377 1668 a

1812 1714 1987 1769 minis
2025 1712 2382 1769 aediﬁciorum
2432 1710 2539 1765 sibi
2590 1710 2866 1770 timentes.
2905 1723 3092 1761 muros
3136 1707 3379 1775 relique-

139 1807 276 1860 λιπε.
310 1773 388 1857 ΤΞ
440 1773 542 1873 μὲν
596 1773 895 1868 όῡνῗιέἀθὲέ
942 1773 1224 1859 τοιοῦτον·
1270 1807 1321 1858 oi
1377 1807 1433 1859 δὲ
1478 1807 1577 1875 τὴν
1610 1805 1710 1859 Βύ-

1822 1816 1965 1872 runt,
2023 1814 2079 1860 et
2111 1815 2267 1860 extra
2303 1803 2492 1858 urbem
2534 1803 2587 1856 in
2622 1803 2846 1869 Campo,
2874 1801 2964 1868 qui
2998 1799 3225 1860 dicitur,
3257 1773 3380 1850 mo-

141 1899 325 1964 ζαντος
372 1894 677 1967 οἰκοῦντες,
733 1897 813 1960 είς
838 1897 963 1961 δέος
1013 1899 1271 1968 μέγιστον
1317 1900 1707 1966 καταστάντες,

141 1989 231 2043 καὶ
265 1986 334 2041 τὰ
400 1987 795 2058 συμπτώματα
846 1989 1166 2056 δεδοικότες,
1222 1991 1292 2044 τὰ
1328 1991 1480 2063 τείχη
1525 1990 1713 2044 λιπόν-

141 2097 259 2145 τες,
312 2079 473 2143 ἐκτὸς
527 2080 626 2150 τῆς
693 2081 903 2143 πόλεως
955 2077 1123 2152 ἦσαν,
1174 2085 1235 2137 ὲν
1288 2083 1369 2155 τῷ
1427 2085 1713 2156 λεγομένῳ

142 2175 355 2244 Κίμπῳ
383 2172 703 2242 ποιούμενοι
740 2173 837 2235 τὰς
866 2172 1176 2243 διατριϐάς,
1209 2178 1451 2246 συνεχεῖς
1492 2176 1713 2245 δεήσεις

144 2264 360 2333 σύναμα
397 2263 611 2333 βασιλεῖ
636 2262 905 2332 Θεοδοσίῳ
942 2267 1035 2317 καὶ
1071 2267 1302 2336 Πρόκλῳ
1332 2267 1410 2337 τῷ
1438 2269 1716 2338 πατριάρ-

142 2373 209 2428 In
241 2356 584 2426 ποιούμενοι,
608 2355 1061 2420 ίκδυσωποῦντες
1087 2358 1247 2414 ῑλεων
1270 2359 1531 2428 γενέσθαι
1558 2361 1712 2424 Θεὸν,

143 2451 233 2511 καὶ
288 2446 404 2500 τῶν
466 2448 836 2517 ἐπικειμένων
918 2449 1284 2505 ἀπαλλάττειν
1342 2451 1554 2505 δεινῶν.
1607 2450 1717 2506 Καί

142 2556 271 2593 ποτε
304 2538 701 2610 ῥαγδαιότερον
730 2539 828 2592 τοῦ
870 2539 1101 2609 σεισμοῦ
1147 2541 1557 2610 ἐπιϐρίσαντος,
1585 2544 1718 2611 σφό-

142 2633 243 2701 δρα
269 2647 331 2683 τε
364 2630 715 2700 παλλομένης
752 2633 847 2684 καὶ
895 2632 1098 2685 ὡσανεὶ
1133 2633 1718 2706 κυματιζομένηςκτῆς

143 2725 266 2795 γῆς,
298 2724 396 2779 καὶ
429 2726 492 2778 ἑκ
520 2724 738 2795 βάθρων
772 2725 1200 2801 ἀνασσπασθῆναι
1234 2726 1715 2796 προσδοκωμένης,

141 2816 292 2884 λιτῆς
329 2815 635 2886 ἀγομένης,
669 2817 870 2878 πάντες
894 2815 1197 2886 σύνδακρνς
1224 2811 1389 2887 ἦσαν,
1419 2817 1485 2869 ὲκ
1521 2816 1719 2884 βάθους

142 2906 230 2959 τὸν
252 2905 464 2960 ἄνωθεν
483 2904 633 2958 ἔλεον
663 2905 1083 2974 ἑκκαλούμενοι.
1111 2904 1427 2977 Τηνικαῦτα
1454 2908 1509 2961 δὲ
1535 2908 1719 2974 θαῦμα

142 2996 457 3066 παράδοξον
494 2995 802 3066 ἠκολούθει,
860 2998 1037 3050 πάντα
1071 2996 1195 3051 νοῦν
1239 2997 1492 3051 ίκδαίνον
1519 2996 1720 3051 ὡσανεὶ

142 3086 233 3139 καὶ
260 3085 528 3139 διάνοιαν.
565 3085 773 3154 Αἵφνης
824 3086 933 3155 γὰρ
968 3087 1032 3139 ἐκ
1071 3087 1240 3155 μέσου
1282 3085 1504 3139 πάντων
1543 3088 1719 3156 ὁρὼν-
1745 3108 1791 3171 c

144 3194 273 3241 τω),
311 3177 439 3246 θεία
488 3178 594 3229 τινὶ
625 3178 883 3247 δυνάμει,
930 3177 1142 3231 παιδίον
1165 3180 1246 3241 εἰς
1277 3177 1415 3247 ἀέρα
1448 3180 1722 3249 μετέωρον

141 3263 311 3340 ἦρτο’
377 3269 476 3322 καὶ
527 3268 604 3338 τῷ
652 3271 890 3339 οὐρανίῳ
939 3268 1148 3338 κύματι
1204 3270 1589 3337 προσπελάσαν
1648 3269 1724 3331 ὡς

142 3362 352 3430 ἀφανὲς
395 3360 494 3413 τοῦ
529 3360 717 3413 λοιποῦ
766 3356 929 3426 εἶναι,
976 3359 1126 3423 θείας
1160 3362 1217 3413 ὲν
1269 3360 1488 3431 μεθέξει
1540 3364 1725 3431 φωνῆς

141 3454 384 3519 γίνεται,
418 3452 565 3515 ὅπως
610 3450 862 3519 ἀγγέλοις
911 3450 1032 3513 έθος
1063 3451 1196 3504 Θεὸν
1230 3453 1515 3521 ἀνυμνεϊν.
1555 3453 1641 3515 Ὦς
1669 3455 1726 3507 δὲ

142 3543 298 3597 ταῦτ’
347 3543 608 3612 ἣκουσεν,
643 3542 821 3594 ὀπίσω
876 3542 1039 3595 πάλιν
1075 3543 1446 3612 ἐπιτραπῆναι
1493 3543 1592 3613 τὴν
1629 3544 1730 3597 αύο

140 3635 241 3704 τὴν
277 3635 478 3704 ἀερίαν
526 3633 644 3686 ὁδὸν
678 3633 963 3687 κατελθεῖν
990 3650 1005 3666 ο
1053 3634 1370 3701 ἀναγγεῖλαί
1403 3652 1461 3688 τε
1508 3638 1600 3689 καὶ
1651 3635 1729 3706 τῷ

144 3724 445 3794 ἐπισκόπει)
492 3722 737 3794 Πρόκλῳ,
790 3724 1001 3793 βασιλεῖ
1043 3742 1103 3778 τε
1151 3725 1245 3791 αὖ,
1297 3728 1392 3778 καὶ
1418 3727 1499 3796 τῷ
1535 3727 1729 3796 πλήθει

142 3818 337 3883 παντὶ,
366 3814 751 3879 λιτανεύοντάς
792 3832 852 3868 τε
878 3817 974 3871 καὶ
1003 3816 1182 3879 ἄλλως
1211 3820 1472 3887 ἅνυμνεῖν
1506 3820 1730 3890 ᾑρημέ-

142 3924 273 3971 νους
311 3906 475 3973 Θεὸν,
496 3908 594 3959 καὶ
626 3906 786 3961 ταυτὶ⁸
819 3908 962 3961 κατὰ
996 3905 1143 3972 λέξιν
1167 3906 1346 3975 λέγειν
1381 3909 1452 3962 τὰ
1483 3911 1728 3980 ῥήματα,

146 3997 297 4070 ἅπερ
357 3998 619 4053 ἀκούσειε
674 3999 769 4054 καὶ
855 3999 1090 4071 ᾀδόντων
1147 4000 1431 4068 ἀγγέλωνν
1475 4001 1666 4070 ’Δγιος
1701 4002 1735 4056 ό

147 4093 310 4158 Θεὸς,
338 4090 501 4160 ἅγιος
530 4091 775 4162 ἰσχυρὸς,
805 4091 961 4160 ἅγιος
1001 4093 1287 4159 ἀθάνατος,
1313 4094 1533 4164 ἐλέησον
1561 4096 1737 4167 ἡμᾶς.

1816 1900 1917 1954 rati
1961 1909 2111 1965 sunt,
2149 1912 2258 1953 una
2302 1912 2426 1951 cum
2478 1898 2812 1966 imperatore
2849 1891 3184 1956 Theodosio,
3218 1889 3382 1961 545.

1814 1999 1871 2047 et
1915 1990 2231 2061 patriarcha
2286 1990 2482 2045 Proclo
2535 1988 2814 2043 continuis
2864 1987 3121 2055 precibus
3167 1985 3383 2037 incum-

1817 2085 2030 2148 bentcs,
2062 2083 2340 2151 Deumque
2375 2093 2433 2137 ut
2468 2081 2739 2151 propitius
2768 2077 2850 2133 eis
2889 2086 3034 2132 esset
3077 2087 3129 2131 et
3174 2076 3243 2130 ab
3280 2075 3384 2128 im-

1818 2173 2047 2228 minenti
2093 2173 2403 2227 calamitate
2447 2173 2639 2226 orbem
2685 2168 2982 2234 liberaret,
3025 2167 3384 2222 obtestantes.

1814 2265 1883 2320 Et
1916 2281 2040 2320 cum
2075 2264 2399 2334 aliquando,
2440 2274 2590 2316 motu
2622 2277 2688 2317 eo
2709 2269 3010 2331 grassante,
3046 2269 3195 2314 terra
3217 2256 3385 2312 veluti

1817 2357 2091 2413 ﬂuctuans
2144 2366 2561 2420 concuteretur,
2616 2364 2672 2409 et
2724 2354 2975 2407 homines
3028 2367 3126 2422 per
3174 2361 3384 2405 metum

1816 2466 1939 2506 eam
1969 2466 2034 2505 ex
2068 2449 2442 2503 fundamentis
2472 2449 2606 2517 ipsis
2629 2448 2993 2515 exstirpatunt
3027 2445 3094 2499 iri
3125 2459 3389 2500 vereren-

1821 2552 1932 2608 tttr,
1969 2553 2026 2597 et
2075 2555 2267 2595 omnes
2313 2541 2519 2596 litaniis
2567 2550 2623 2595 et
2672 2538 3168 2610 supplicationibus
3213 2538 3389 2594 dediti

1819 2634 2291 2703 collacrymarent,
2322 2638 2380 2685 et
2425 2646 2492 2683 ex
2540 2629 2813 2699 profundo
2854 2629 3160 2697 intitnoque
3200 2629 3389 2682 animo

1820 2723 2255 2778 misericordiam
2308 2720 2553 2775 divinam
2608 2720 3012 2790 implorarent:
3052 2728 3166 2774 tum
3217 2720 3389 2773 mira-

1821 2815 2009 2868 culum
2060 2822 2258 2882 praeter
2312 2810 2628 2880 Opinionem
2680 2810 2948 2872 omnium,
2983 2810 3126 2880 quod
3162 2824 3386 2865 sensum

1822 2915 1876 2959 et
1904 2914 2140 2958 mentem
2169 2918 2385 2957 omnem
2411 2903 2660 2964 excedat,
2685 2902 3039 2957 subsecutum
3064 2910 3168 2956 est.
3193 2900 3390 2956 Subito

1822 3010 2057 3065 namque
2071 3009 2102 3048 e
2119 2993 2297 3049 medio
2314 2993 2749 3063 inspectantibus
2769 2993 3234 3055 omnibus,divina
3253 3008 3391 3062 qua-

1823 3085 1945 3138 dam
1976 3084 2028 3137 vi
2060 3099 2196 3153 puer
2224 3083 2280 3136 in
2310 3097 2492 3137 acrem
2518 3082 2770 3136 sublimis
2797 3081 2865 3135 ad
2893 3082 3171 3136 cwlestem
3213 3096 3390 3151 usque

1827 3186 2082 3241 tractum,
2116 3175 2187 3228 ita
2227 3183 2284 3228 ut
2311 3174 2422 3243 jam
2456 3188 2567 3226 non
2604 3182 2914 3242 appareret,
2954 3173 3223 3237 sublatus,
3252 3173 3394 3228 divis

1823 3282 2166 3322 namvocetn
2207 3282 2312 3335 qua
2355 3265 2564 3335 angelis
2599 3265 3051 3320 Deumlaudibns
3083 3268 3232 3320 ferre
3270 3281 3392 3321 mos

1824 3369 1931 3423 est,
1969 3359 2182 3414 audivit
2211 3375 2227 3412 :
2256 3373 2433 3427 eaque
2468 3371 2599 3412 voce
2634 3366 2910 3427 percepta,
2952 3373 3172 3412 rursum
3210 3360 3394 3426 priore

1827 3469 1925 3523 per
1978 3468 2163 3508 aerem
2213 3452 2296 3506 via
2357 3466 2616 3507 reversus
2666 3451 2993 3517 descendit;
3032 3461 3087 3506 et
3138 3454 3398 3525 episcopo

1828 3546 2055 3610 Prorlo,
2103 3545 2321 3615 ipsique
2374 3545 2692 3614 imperatori
2747 3554 2802 3599 et
2860 3546 3195 3601 multitudini
3243 3550 3397 3603 omni

1829 3636 2327 3707 supplicatidnibus
2370 3640 2645 3705 operanti,
2676 3637 2959 3705 Deumque
2995 3637 3212 3708 hymnis
3253 3641 3400 3695 cele-

1828 3731 2033 3794 branti,
2062 3731 2132 3786 ab
2157 3730 2366 3801 angelis
2395 3732 2724 3811 canentibus
2755 3747 2811 3787 se
2839 3737 3003 3787 verba
3033 3735 3146 3790 haec
3174 3735 3397 3791 audism

1831 3823 2172 3878 renuntiavit
2199 3840 2215 3877 :
2249 3823 2485 3879 Sanctus
2512 3824 2675 3883 Deus.
2705 3837 2928 3881 sanctus
2959 3827 3138 3895 fortis,
3172 3840 3399 3887 sanctus

1832 3914 2179 3978 immortalis,
2212 3914 2476 3970 miserere
2517 3915 2717 3970 nostri.
2759 3916 2890 3982 Quae
2925 3918 3015 3972 ubi
3055 3920 3276 3977 Proclus
3310 3922 3401 3976 in-

1835 4006 2066 4071 tellexit,
2109 4004 2293 4060 statim
2328 4005 2398 4059 ad
2437 4020 2567 4060 eum
2596 4007 2826 4062 modum
2867 4010 3128 4079 populum
3167 4014 3399 4081 psallere

1829 4098 1996 4169 jussit
2029 4115 2043 4153 :
2073 4106 2132 4153 et
2160 4105 2510 4154 terraemotus
2552 4100 2737 4154 statim
2785 4100 2948 4155 etiam
2983 4104 3251 4173 constitit,
3281 4121 3404 4163 om-

154 4186 224 4238 Ἀ
253 4185 407 4256 δῆτα
439 4184 678 4255 Πρόκλος
706 4184 971 4251 ἀκούσας,
999 4185 1201 4242 αὐτίκα
1229 4186 1375 4241 οὕτω
1399 4187 1627 4258 ψάλλειν
1655 4188 1721 4260 τᾷ

1835 4188 2081 4257 uinoque
2119 4187 2456 4258 conquievit.
2487 4186 2788 4257 imperator
2827 4205 2992 4260 porro
3027 4191 3398 4264 Theodosius,

143 4277 352 4348 πλήθει
388 4276 666 4331 ἐκέλευεν.
709 4273 769 4329 ⁸0
820 4275 877 4330 δὲ
920 4277 1143 4347 σεισμὸς
1191 4279 1356 4342 εὐθὺς
1383 4279 1536 4350 ἔστη,
1565 4280 1721 4352 λήξας

1835 4288 1905 4341 et,
1934 4280 2079 4333 inter
2116 4279 2349 4335 feminas
2382 4279 2749 4337 admiratione
2790 4284 3036 4339 omnium
3068 4286 3231 4357 digna
3271 4289 3402 4345 Pul-
3500 4268 3503 4271 γ

144 4371 507 4430 παντάπασι.
536 4367 799 4434 Βασιλεὺς
840 4369 899 4422 δὲ
932 4370 1211 4433 Θεοδόσιος
1242 4373 1338 4427 καὶ
1374 4374 1408 4444 ἡ
1444 4377 1721 4446 θαυμαστὶ

1837 4368 2046 4433 cberia,
2078 4378 2227 4424 tanto
2256 4370 2522 4425 miraculo
2560 4372 2824 4440 perculsi,
2855 4376 3250 4433 constitutione
3291 4380 3399 4434 itu-

140 4460 446 4530 γυναικῶν
477 4460 806 4531 Πουλχερία,
830 4461 912 4529 τῷ
948 4462 1239 4534 παραδόξῳ
1276 4464 1609 4530 ἀγασθέντες
1637 4465 1721 4519 τοῦ

1839 4460 2029 4529 periali
2076 4459 2387 4523 confestim,
2427 4468 2487 4515 ut
2535 4476 2635 4530 per
2689 4463 2880 4519 orbem
2924 4480 3144 4521 omnem
3184 4468 3408 4527 divinus

143 4554 467 4626 θαύματος,
515 4554 783 4625 βασιλικῷ
837 4553 1174 4624 θεσπίσματι
1218 4557 1382 4619 εὐθὺς
1427 4558 1738 4629 ιπεκύρουν

138 4649 297 4701 κατὰ
341 4648 529 4700 πᾶσαν
549 4646 647 4717 τὴν
677 4648 1003 4718 οἰκουμένην
1036 4647 1128 4701 τὴν
1160 4647 1306 4703 θεῖον
1332 4652 1546 4704 τουτονὶ
1568 4650 1738 4721 ὕμνον

141 4737 476 4809 ὲξᾴδεσθαι.
528 4736 619 4802 Ἐξ
672 4736 886 4790 ἐκείνου
937 4754 998 4792 τε
1052 4739 1085 4809 ἡ
1134 4739 1376 4809 Χριστοῦ
1436 4739 1741 4810 Ἐκκλησία

138 4830 354 4883 τοῦτον
381 4826 805 4898 παραλαϐοῦσα,
825 4828 888 4882 ού
906 4828 1031 4883 καθ’
1053 4830 1293 4900 ἑκάστην
1317 4831 1535 4902 ἡμέραν
1553 4832 1738 4901 μόνον,

139 4919 292 4971 ἀλλὰ
326 4919 434 4972 καὶ
462 4918 648 4981 ἁπλῶς
693 4919 895 4986 εἰπεῖν,
933 4922 1074 4975 κατὰ
1105 4922 1287 4975 πᾶσαν
1315 4921 1539 4993 εναρξιν
1568 4923 1742 4993 ὕμνου

140 5009 293 5063 Θεοῦ
327 5007 529 5062 τοῦτον
560 5009 666 5080 πρὸ
716 5012 936 5065 πάντων
975 5012 1172 5067 πλατεῖ
1196 5014 1273 5085 τῷ
1310 5015 1538 5085 στόματι
1567 5017 1742 5089 καθη-

140 5105 372 5168 γεῖται.
417 5100 492 5155 Τὸ
527 5102 713 5171 μέντοι
752 5103 965 5159 παιδίον
1000 5106 1141 5173 μετὰ
1167 5107 1267 5177 τὴν
1296 5107 1406 5161 τῶν
1428 5107 1603 5176 λόγων
1626 5109 1742 5161 δια-

138 5194 359 5248 κονίαν
392 5193 552 5257 eoos,
585 5194 841 5248 ἐτελεύτα
865 5195 957 5248 τὸν
987 5196 1101 5267 βίον
1122 5212 1137 5229 ⁸
1189 5199 1283 5252 καὶ
1322 5199 1463 5253 κατὰ
1499 5192 1598 5271 τὴῗδ
1630 5200 1744 5254 Με-

142 5289 346 5358 γάλην
407 5287 732 5357 ἐκκλησίαν.
780 5289 814 5359 ἢ
842 5289 942 5359 τῆς
974 5285 1209 5362 Εἶρήνὴς
1244 5293 1391 5346 ἐστὶν
1433 5294 1742 5364 ἐπώνυμος,

141 5376 469 5447 κατετέθη.
525 5376 582 5432 ’0
614 5378 671 5430 δὲ
718 5380 882 5442 τόπος
919 5374 962 5447 ᾧ
995 5380 1237 5449 διαέριον
1285 5383 1453 5453 ἤρθη,
1503 5385 1747 5457 ’Υψωμα

142 5470 306 5524 θεῖον
363 5467 466 5518 τοῦ
512 5466 703 5521 λοιποῦ
735 5469 1036 5539 ἐπεκλήθη,
1070 5472 1208 5540 πρὸς
1238 5474 1392 5525 νότον
1418 5475 1619 5544 ἄνεμον
1643 5477 1744 5547 τῆς

1838 4551 2077 4622 hymnus
2120 4551 2227 4607 iste
2272 4553 2691 4617 concineretur,
2722 4555 3109 4613 decreverunt.
3147 4559 3216 4616 Et
3244 4578 3309 4617 ex
3340 4579 3410 4619 eo

1841 4651 2088 4710 tempore
2118 4642 2361 4698 Ecclesia
2387 4642 2593 4699 Christi
2621 4660 2747 4700 eum
2782 4658 3069 4719 acceptum
3103 4666 3212 4707 non
3272 4669 3411 4724 quo-

1842 4733 1979 4788 libet
2009 4742 2220 4789 tantum
2247 4734 2338 4789 die
2378 4744 2626 4807 usurpat,
2655 4738 2749 4793 sed
2779 4740 2944 4794 etiam
2972 4747 3055 4808 (ut
3083 4743 3411 4815 simpliciter

1842 4825 2048 4896 dicam)
2087 4827 2376 4897 cujuslibet
2440 4829 2700 4885 carminis
2756 4841 2814 4888 et
2864 4832 3045 4889 laudis
3098 4834 3192 4891 Dei
3248 4838 3409 4894 initio

1844 4928 1972 4975 ante
2007 4921 2192 4974 omnia
2242 4920 2408 4990 pleno
2453 4935 2549 4975 ore
2594 4923 2898 4989 praemittit.
2938 4925 3083 4980 Puer
3112 4930 3404 4985 verborum

1841 5025 2033 5066 eorum
2080 5011 2449 5066 ministerium
2496 5021 2813 5080 exsecutus,
2854 5016 3037 5071 statim
3070 5018 3176 5074 vita
3211 5021 3411 5077 defuit-

1842 5113 1965 5159 ctus
2005 5115 2109 5169 est,
2145 5115 2202 5161 et
2245 5107 2301 5162 in
2343 5107 2534 5178 Magna
2582 5108 2815 5163 ecclesia
2849 5126 2972 5181 quae
3005 5114 3157 5169 Pacis
3209 5131 3410 5172 nomen

1843 5198 2078 5264 obtinet,
2113 5198 2390 5254 conditus.
2418 5199 2601 5254 Locus
2625 5210 2807 5257 autem
2844 5205 2897 5257 in
2943 5220 3052 5274 quo
3077 5206 3167 5261 ille
3194 5207 3248 5261 in
3272 5209 3410 5264 sub-

1844 5291 1974 5346 lime
2042 5302 2200 5347 actus
2251 5301 2359 5355 est,
2407 5305 2595 5363 postea
2645 5294 2839 5350 Divina
2879 5296 3148 5352 Exaltatio
3183 5311 3410 5357 vocatus

1845 5391 1951 5447 est,
1984 5393 2175 5437 notum
2222 5391 2445 5439 ventum
2490 5401 2591 5456 pro
2636 5386 2770 5441 urbe
2799 5386 3409 5462 Constantinopolitana

1846 5486 2120 5545 spectans.
2153 5475 2454 5546 Imperator
2483 5477 2571 5532 ubi
2604 5487 2950 5535 terraemotus
2982 5480 3177 5538 timore
3205 5484 3378 5540 libera

138 5558 591 5614 Κωνσταντίνου
620 5559 783 5630 ὀρῶν.
820 5559 970 5613 Ἐπεὶ
992 5560 1048 5613 δὲ
1068 5560 1162 5614 τοῦ
1191 5563 1300 5615 τῶν
1324 5566 1560 5633 σεισμῶν
1589 5566 1721 5619 δέουι

1850 5576 1938 5621 tus
1987 5576 2107 5634 est,
2157 5568 2301 5623 illico
2346 5565 2973 5639 Constantinopolitana
3024 5573 3175 5628 urbis
3226 5591 3416 5632 muros

140 5651 495 5722 ἀπήλλακτο
547 5650 819 5721 βασιλεὺς,
854 5650 1054 5706 αὐτίκα
1101 5653 1169 5704 τὰ
1226 5654 1324 5724 τῆς
1362 5655 1721 5710 Κωσταντίνοτ

1849 5659 2077 5713 reticere
2106 5673 2398 5729 aggressus
2431 5670 2513 5714 est
2546 5674 2561 5713 ι
2592 5671 2650 5717 et
2678 5663 2946 5734 majorum
2982 5668 3243 5722 manium
3286 5686 3414 5739 par-

141 5748 326 5817 τεέχη
393 5743 687 5799 ἐπέϐαλλεν
721 5745 969 5816 ἁνιστᾷν.
1022 5745 1131 5799 Καὶ
1159 5746 1227 5802 τὰ
1279 5744 1383 5817 μὲν
1426 5746 1524 5818 τῆς
1572 5747 1721 5822 ξηρᾶ

1852 5761 1984 5822 tem,
2017 5768 2138 5823 quas
2180 5754 2235 5809 in
2281 5755 2429 5812 sicco
2477 5755 2599 5812 loco
2642 5764 2793 5826 sunt,
2823 5773 2924 5830 per
2956 5758 3073 5817 dies
3109 5764 3412 5835 sexaginta,
