4036 6544
550 298 568 360 1
585 299 689 363 29.3

1733 293 2158 356 NICEPIIORI
2203 293 2548 358 C.-\l.LlST[

3653 299 3781 366 1-ἓὲ

545 408 786 464 nondum
819 406 874 460 in
908 405 1246 460 Pala‘stinam
1294 405 1449 467 ierat,
1499 404 1833 470 sollicitavit,
1871 421 2098 475 eamque

2223 405 2304 476 rip:
2365 405 2683 474 βασίλισσαν
2735 407 2991 463 Εὖδοκίαν
3047 410 3362 480 ὑπέρχεται,
3403 413 3572 482 μήπω
3624 414 3784 482 ἀφιει

543 501 801 570 paulatim
831 498 1091 552 adversus
1127 508 1354 550 matrem
1393 497 1738 550 Pulcheriam
1791 498 2098 556 concitans.

546 601 604 645 ut
635 594 982 660 pra'positum
1014 588 1089 642 illi
1121 589 1434 656 ademptum
1476 589 1577 641 sibi
1628 589 1945 650 aseiscvret,
1979 604 2105 640 sua—

545 684 673 735 dere
703 665 750 735 ei
811 681 999 749 cmpit.
1062 680 1390 748 Pracpositus
1416 682 1560 732 enim
1618 678 1921 733 Pulchcrize
1951 690 2106 746 pare-

543 777 658 839 bat,
736 782 793 826 ut
852 788 972 840 quze
1005 786 1189 825 rerum
1228 786 1495 823 summam
1530 770 1963 822 administraret.
1998 769 2106 822 En-

545 865 701 919 doeia
730 879 836 917 non
875 878 1065 931 parum
1099 861 1443 930 imperatoris
1473 861 1700 914 tentavit
1747 864 2015 919 animum.
2048 870 2106 914 ut

551 955 900 1025 prgrpositum
933 969 961 1006 a
991 953 1270 1006 Puleheria
1309 951 1628 1004 abduceret.
1690 951 1757 1004 At
1797 951 1889 1004 ille
1920 951 1988 1003 ab
2040 965 2104 1004 ea

555 1049 846 1115 persuasus
870 1061 975 1097 non
1009 1053 1112 1106 est,
1147 1043 1464 1111 petitionem
1521 1042 1777 1096 Eudocia:
1815 1043 2104 1096 refellens:

551 1139 696 1206 quod
729 1136 1014 1190 Pulchcria
1043 1151 1199 1187 soror
1223 1136 1340 1204 ejus
1377 1137 1430 1188 in
1467 1136 1694 1202 imperio
1741 1135 1916 1202 genita
1947 1145 2109 1203 atque

548 1231 777 1283 educata
802 1236 964 1288 esset,
995 1238 1048 1280 et
1078 1244 1239 1296 quam
1272 1227 1475 1295 optime
1508 1226 1896 1295 rempublicam
1930 1225 2107 1278 admi-

553 1324 832 1375 nistraret.
892 1321 1186 1389 Postquam
1243 1318 1584 1388 Chrysaphio
1644 1327 1880 1386 emptum
1917 1317 1967 1370 id
2001 1331 2108 1368 non

551 1413 843 1475 successit,
877 1411 1021 1464 aliud
1075 1419 1158 1464 est
1208 1421 1489 1478 expertus,
1523 1419 1576 1462 et
1610 1426 1824 1462 rursum
1857 1406 2108 1481 Eudocia:

552 1504 815 1557 molestus
843 1501 967 1562 fuit,
1003 1501 1389 1569 imperatorem
1437 1512 1494 1555 ut
1526 1501 1828 1568 instigaret,
1865 1515 1974 1568 quo
2021 1499 2112 1553 ille

549 1596 870 1666 patriarcha:
896 1605 1104 1647 secreto
1130 1595 1448 1656 insinuaret,
1475 1604 1533 1646 ut
1564 1593 1900 1647 Pttlcheriam
1929 1591 2112 1646 diaco-

553 1690 752 1742 nissam
812 1687 1112 1740 ordinaret.
1167 1685 1279 1738 lloc
1331 1685 1570 1738 Eudoria
1608 1701 1730 1738 cum
1761 1695 1967 1753 ageret,
2005 1685 2113 1738 fre-

2216 499 2388 568 μένην
2438 501 2518 563 είς
2574 502 2961 568 Παλαιστίνην,
2999 505 3092 555 καὶ
3121 504 3308 573 ἠρέμα
3353 506 3494 558 κατὰ
3542 505 3644 575 τῆς
3683 524 3783 576 μη⁸

2211 590 2336 658 τρδς
2393 591 2725 660 Πουλχερεας
2757 594 3106 662 διερεθίζειν.
3150 595 3260 647 Καὶ
3312 595 3531 648 ἔπειθεν
3584 597 3783 663 ἀφελέ-

2215 681 2335 732 σθαι
2382 681 2480 746 μὲν
2511 682 2680 749 αὐτῆς
2729 683 2818 734 τὸν
2875 685 3271 750 Πραιπόσιτον,
3306 686 3473 756 ἑαυτῇ
3507 689 3566 740 δὲ
3615 704 3781 755 προσ-

2216 773 2474 840 ποιῆσαιο
2535 773 2628 825 ὑπ’
2693 772 2881 845 ἐκείνῃ
2913 774 3020 844 γὰρ
3051 775 3206 841 οὗτος
3263 778 3538 842 ἐτάττετο,
3591 778 3688 832 ἆτε
3721 779 3782 848 δὴ

2213 864 2551 934 ἐφισταμένῃ
2582 868 2694 926 τοῖς
2722 867 3036 935 πράγμασι.
3079 867 3191 921 Καὶ
3239 871 3439 939 πεῖραν
3480 871 3538 922 οὖ
3579 869 3780 939 μικρὰν

2213 955 2490 1023 προσῆγεν
2524 959 2556 1024 η
2587 955 2817 1010 Εὐδοκία
2867 958 2944 1026 τῷ
2988 958 3215 1027 βασιλεῖ,
3272 962 3363 1014 τὸν
3410 962 3781 1033 Πραηιπόσιτον

2213 1047 2520 1117 ἀποστῆσαι
2549 1049 2648 1115 τῆς
2694 1049 3050 1119 Πουλχερίας.
3096 1052 3243 1104 Ἀλλ’
3291 1053 3538 1122 οὐδαμῶς
3587 1055 3780 1124 πειθή-

2215 1155 2325 1200 νιος
2370 1133 2437 1207 ἦν
2465 1139 2492 1189 6
2525 1139 2765 1208 κρατῶν,
2804 1142 3134 1211 ἀποτρέπων
3183 1140 3264 1206 οἷς
3308 1163 3364 1198 τε
3412 1126 3510 1214 τῇ.
3531 1146 3782 1216 βασιλεία

2215 1230 2499 1298 γεννηθείη
2521 1245 2578 1281 τε
2615 1233 2708 1282 καὶ
2740 1234 2994 1302 τραφείη,
3030 1236 3125 1287 καὶ
3153 1236 3228 1295 ὡς
3259 1234 3436 1305 χρεὼν
3465 1237 3532 1290 τὰ
3562 1239 3664 1303 τῆς
3688 1256 3780 1290 πο-

2216 1321 2418 1382 λιτείας
2447 1323 2478 1387 ἡ
2523 1322 2726 1390 ἀδελφὴ
2767 1323 3160 1394 διαχειρίζεται
3207 1327 3544 1396 πράγματα·
3587 1331 3708 1380 ἐπεὶ
3739 1326 3782 1380 δ’

2215 1414 2242 1463 ὁ
2279 1412 2589 1480 Χρυσάφιος
2637 1417 2733 1483 τῆς
2760 1415 2980 1484 πρώτης
3019 1418 3364 1486 απετύγχανε
3399 1421 3618 1488 πείρας,
3658 1416 3779 1474 δευ-

2217 1507 2382 1573 τέραν
2406 1504 2572 1572 ἄλλην
2594 1505 2863 1574 προσῆγε.
2891 1507 3000 1560 Καὶ
3025 1504 3182 1566 αὖθις
3206 1513 3270 1580 τῇ
3297 1511 3529 1581 Εὑδοκία
3550 1512 3781 1581 ἠνώχλει

2220 1595 2446 1664 βασιλέα
2478 1597 2798 1666 διερεθίζειν
2852 1599 2908 1651 ὲν
2970 1601 3272 1672 ἀπορρήτῳ
3327 1604 3643 1675 nato-app;
3693 1607 3783 1672 δη-

2219 1684 2364 1745 λοῦν,
2398 1684 2646 1737 διάκονον
2677 1685 2774 1755 τὴν
2823 1687 3163 1759 Πουλχερίαν
3207 1697 3557 1762 χειροτονεῖν.
3598 1694 3784 1756 υῦτως

553 1781 740 1850 quenti
762 1779 1108 1848 suggestione
1135 1782 1350 1830 tandem
1379 1777 1724 1832 mitissimum
1762 1777 2108 1845 imperatoris

2223 1769 2302 1826 n'w
2339 1775 2558 1843 ἔχουσα,
2594 1775 2838 1843 κάμπτει
2891 1779 3044 1846 μόλις
3085 1781 3161 1847 τῷ
3194 1782 3417 1845 πυκνῶς
3459 1783 3781 1836 ὑποϐάλλειν

553 1875 796 1927 animmu
844 1872 1013 1924 ﬂexit.
1085 1870 1216 1922 Nam
1250 1880 1300 1922 et
1354 1869 1586 1938 lapidem
1646 1885 1797 1939 aqua:
1831 1879 1984 1938 gutta
2011 1869 2120 1922 l're-

555 1965 810 2032 quentius
851 1962 1100 2015 deﬂuens
1131 1975 1395 2014 excavare
1451 1962 1606 2014 solet.
1645 1961 1985 2014 Theodosius
2016 1975 2114 2027 pa-

557 2055 804 2110 triarcha:
833 2053 898 2106 ad
967 2067 1025 2108 se
1088 2064 1281 2107 vocato
1336 2069 1594 2107 arcanum
1634 2052 1910 2108 indicavit.
1947 2051 2110 2123 548

558 2152 623 2204 lit
658 2149 746 2203 ille
783 2150 833 2201 in
869 2161 1159 2200 mmrorem
1188 2148 1470 2214 coniectus
1528 2148 1841 2216 imperatori
1893 2148 2112 2216 quidem

555 2247 700 2315 quod
731 2248 778 2301 ei
812 2257 1024 2316 gratum
1049 2255 1213 2309 esset,
1247 2245 1494 2298 facturus
1538 2245 1685 2296 visus
1729 2250 1850 2296 est:
1890 2243 2116 2295 Pulche-

556 2341 692 2392 riam
744 2349 923 2392 autem
973 2338 1168 2391 litteris
1217 2335 1607 2389 secretioribus
1645 2333 1936 2386 certiorem
1965 2334 2111 2397 fecit,

557 2441 620 2483 ut
645 2445 985 2497 nequaquam
1025 2429 1078 2481 in
1118 2437 1470 2495 conspectum
1497 2428 1620 2494 ejus
1644 2425 1876 2488 veniret,
1913 2442 1979 2478 ne
2007 2425 2116 2479 sci-

554 2520 842 2588 licetquod
865 2529 922 2572 et
948 2519 1048 2572 sibi
1070 2517 1168 2586 ipsi
1201 2526 1256 2572 et
1289 2517 1362 2570 illi
1395 2532 1585 2585 parum
1612 2527 1823 2586 gratum
1852 2525 2016 2581 esset,
2039 2516 2117 2570 la-

555 2626 680 2665 cere
733 2620 1038 2680 cogeretur.
1095 2608 1379 2661 Puleheria
1460 2608 1640 2661 statim
1688 2607 1818 2676 quid
1864 2618 2116 2676 ageretur

556 2703 884 2771 intelligens.
917 2700 1269 2770 praepositum
1302 2701 1534 2754 transire
1563 2699 1629 2754 ad
1661 2699 1958 2754 Eudociam
2003 2699 2119 2770 jus-

554 2795 664 2850 sit:
701 2804 757 2848 et
808 2794 922 2862 ipsa
976 2794 1112 2846 urbe
1137 2806 1379 2860 egressa,
1411 2789 1480 2844 ad
1517 2789 1819 2860 Septimum
1851 2791 2134 2859 tranquil:

556 2890 662 2943 lam
691 2886 902 2956 privata
968 2884 1130 2940 vitam
1171 2883 1302 2952 egit.
1334 2884 1638 2952 Imperator
1694 2895 1876 2936 autem
1915 2892 1971 2936 et
2005 2882 2114 2936 Eu-

557 2981 712 3033 docia
771 2976 1026 3031 Flaviano
1091 2976 1376 3044 deinceps,
1456 2976 1599 3043 quod
1665 2989 1923 3027 arranqu
1983 2973 2116 3026 illul

558 3072 846 3125 consilium
906 3070 1260 3139 propalasset,
1357 3068 1590 3139 maxime
1658 3076 2112 3122 succensucrunt.

2218 1867 2316 1934 τὴν
2343 1867 2436 1918 τοῦ
2489 1868 2758 1936 βασιλέως
2807 1871 3129 1940 πραῡτάτην
3162 1873 3364 1944 ψυχήν.
3404 1875 3511 1927 Ka't
3553 1877 3663 1944 γὰρ
3692 1875 3783 1944 τὴν

2223 1957 2427 2025 πέτραν
2476 1958 2735 2012 κοιλαίνει
2794 1962 2824 2029 ἡ
2882 1962 2978 2014 τοῦ
3027 1963 3218 2024 ὕδατος
3264 1965 3475 2035 συχνῶς
3523 1967 3784 2020 κατιοῦσα

2227 2051 2412 2119 ρανίς·
2480 2052 2571 2103 καὶ
2609 2052 2700 2103 τὸν
2734 2055 3084 2127 πατριάρχην
3137 2059 3670 2127 μεταστειλάμενος,
3728 2060 3784 2112 τὸ

2223 2144 2535 2213 ἀπόρρητον
2566 2145 2960 2214 ὑπεσήμαινεν.
3006 2147 3064 2200 ὐ
3096 2148 3142 2200 δ’
3191 2149 3247 2200 ἑν
3295 2149 3439 2220 λύπῃ
3475 2153 3736 2219 γενόμενο
3767 2190 3782 2216 ,

2226 2233 2438 2304 βασιλεῖ
2475 2235 2574 2305 μὲν
2598 2238 2979 2306 κεχαρισμένα
3013 2239 3216 2309 πρᾶξαι
3245 2242 3456 2296 ἐδόκει·
3497 2245 3784 2314 γράμμασι

2221 2325 2275 2378 δὲ
2303 2329 2676 2415 μυστικοῖςστῇ
2704 2329 3008 2401 Πουλχερίᾳ
3040 2332 3249 2401 ἐδήλου,
3279 2334 3546 2403 μηδαμῶς
3573 2335 3782 2389 ἑλέσθαι

2223 2420 2373 2490 αὐτῷ
2401 2424 2479 2483 είς
2504 2423 2793 2492 πρόσωπον
2822 2426 3134 2493 ἀφικέσθαι,
3163 2429 3280 2482 Ἵνα
3313 2433 3466 2499 μήτι,
3495 2432 3656 2500 φησὶ,
3685 2432 3783 2484 τῶν

2221 2515 2283 2566 οὐ
2313 2515 2670 2584 καταθυμίων
2702 2517 2823 2588 ἐμοί
2853 2534 2912 2571 τε
2948 2521 3042 2573 καὶ
3073 2522 3157 2576 σοὶ
3196 2523 3524 2590 ἀναγκασθῶ
3551 2525 3780 2595 δια-πρά·

2225 2601 2445 2669 ξασθαι.
2488 2607 2554 2660 Ἦ
2589 2608 2635 2661 δ’
2660 2609 2824 2674 εὐθὺς
2876 2613 3102 2665 συνεῖσα
3142 2613 3205 2666 τὸ
3253 2614 3649 2684 μελετώμενον,
3699 2619 3786 2670 τὸν

2228 2698 2326 2768 μὲν
2359 2699 2724 2767 Πραιπόσιτον
2756 2702 2904 2772 παρὰ
2935 2703 3033 2774 τὴν
3056 2705 3317 2759 Εὐδοκίαν
3350 2707 3486 2761 ἰέναι
3514 2709 3782 2763 ἐκέλευενο

2225 2791 2362 2862 αὑτὴ
2390 2791 2446 2844 δὲ
2474 2791 2574 2860 τῆς
2607 2793 2816 2854 πόλεως
2868 2794 3184 2860 ἐξελθοῦσα,
3237 2798 3370 2865 περὶ
3416 2800 3475 2850 τὸ
3521 2799 3787 2868 ’ἕϐδομον

2227 2887 2520 2953 γενομένη,
2573 2885 2696 2938 καθ’
2731 2887 2932 2957 ἑαυτὴν
2981 2889 3161 2958 ἡσυχῇ
3193 2890 3403 2959 διῆγεν.
3453 2891 3511 2946 ’0
3541 2891 3596 2944 δὲ
3643 2894 3791 2962 βασιε

2224 2977 2352 3039 λεὺς
2397 2978 2492 3030 καὶ
2538 2977 2834 3045 ήΕὑδοκία
2896 2981 3035 3032 κατὰ
3078 2981 3383 3035 Φλαϐιανοῦ
3436 2985 3503 3036 τα
3558 2985 3789 3054 μέγιστα

2226 3066 2413 3120 ὢδινον
2459 3066 2552 3119 τοῦ
2587 3067 2776 3120 λοιποῦ
2825 3067 2901 3130 ὡς
2930 3071 2990 3122 τὸ
3019 3071 3334 3140 ἀπόρρητον
3363 3073 3790 3141 ἐκκαλύψαντος.

560 3162 840 3218 Pulcheria
883 3132 948 3213 δἐι
1010 3132 1156 3213 hunc
1203 3159 1422 3212 modum
1473 3138 1666 3228 ejecta,
1717 3173 1813 3227 per
1865 3157 2116 3211 Eudocia:

2228 3154 2337 3222 Ῐῆς
2368 3155 2424 3208 δὲ
2455 3155 2789 3224 Ποιιλχερεας
2823 3156 3066 3209 ἐκποδὼν
3107 3132 3425 3230 γενομένης,
3474 3161 3563 3213 διὰ
3583 3132 3791 3230 ’χειρός

560 3271 751 3308 manus
803 3252 1110 3321 respublica
1144 3249 1666 3304 administrabatur:
1734 3264 1843 3318 quo
1878 3261 2122 3316 tempore

558 3349 724 3400 etiam
784 3343 1112 3411 suspicionis
1151 3343 1298 3395 illius
1330 3340 1545 3394 occasio
1579 3341 1757 3394 locum
1797 3339 2005 3404 habuit,
2055 3339 2122 3392 de

561 3437 762 3492 celebri
806 3436 900 3488 illo
959 3434 1120 3497 malo,
1175 3443 1397 3502 propter
1455 3433 1735 3486 Paulinum
1783 3432 2120 3500 magistrum,

559 3526 1018 3598 quemadmodum
1082 3541 1244 3594 supra
1307 3525 1513 3578 dictum
1542 3536 1645 3576 est.
1695 3523 1818 3575 l-lrcc
1855 3538 1980 3576 cum
2043 3523 2122 3575 sic

560 3627 906 3688 gererentur,
953 3615 1245 3674 Eusebius,
1281 3615 1348 3668 de
1377 3630 1487 3683 quo
1518 3615 1570 3667 in
1601 3614 1806 3683 synodo
1843 3614 2003 3666 tertia
2028 3629 2123 3666 an-

562 3721 646 3764 tea
686 3709 924 3763 diximus
981 3711 1129 3774 (nam
1158 3707 1366 3776 primus
1412 3707 1525 3775 ipse
1579 3706 1812 3761 Nestorii
1848 3706 2121 3759 vesaniam

561 3801 921 3871 deprehendit
953 3810 1117 3868 atque
1153 3799 1450 3868 redarguit,
1484 3799 1528 3852 si
1563 3799 1686 3869 quis
1729 3799 1890 3864 alius,
1921 3807 1975 3853 et
2009 3799 2123 3867 ipse

559 3897 696 3947 artis
728 3893 1016 3946 rhetoricae
1051 3890 1258 3959 peritus
1286 3908 1299 3943 :
1333 3900 1446 3943 tum
1477 3899 1658 3944 autem
1685 3889 1946 3944 Dorilaeus
2006 3888 2124 3957 epi-

559 4001 761 4056 scopus
789 3987 967 4054 erat),
1009 3982 1155 4053 quod
1187 3981 1508 4052 Eutychetis
1547 3981 1828 4036 familiaris
1853 3991 2018 4045 esset,
2056 3982 2123 4036 de

561 4079 667 4132 ﬁde
713 4076 1009 4146 aliquando
1035 4090 1160 4129 cum
1193 4090 1261 4129 eo
1312 4084 1396 4128 est
1429 4075 1754 4128 collocutus.
1813 4075 1991 4143 Atque
2029 4074 2121 4128 uhi

557 4187 682 4226 eum
714 4185 821 4224 non
869 4177 1016 4223 recte
1071 4168 1276 4222 sentire
1327 4167 1738 4232 animadvertit,
1777 4167 2019 4222 libellum
2057 4183 2123 4222 ea

558 4267 627 4316 de
646 4277 705 4315 re
729 4259 1052 4330 patriarcha
1080 4258 1342 4313 Flaviano
1364 4257 1580 4313 obtulit.
1607 4257 1893 4313 Flavianus
1913 4259 2124 4329 synodo

560 4352 880 4424 provinciali
915 4350 1386 4420 Constantinopoli
1415 4360 1623 4413 coacta,
1670 4349 1737 4404 ad
1777 4365 1939 4420 quam
1987 4366 2124 4420 qua-

2223 3250 2290 3316 τῇ
2354 3247 2584 3318 Εὑδοκιᾳ
2634 3248 2700 3301 τὰ,
2743 3247 2839 3318 τῆς
2897 3247 3171 3312 πολιτείας
3231 3251 3397 3318 ἤγετο
3453 3254 3787 3322 πράγματα·

2223 3339 2458 3408 ὁπηνίκα
2489 3340 2578 3391 καὶ
2605 3340 2636 3408 ἡ
2667 3341 2789 3391 κατ’
2835 3339 3005 3403 αὐτῆς
3039 3342 3310 3411 πρόφασις
3337 3342 3518 3412 χώραν
3553 3343 3680 3414 ἔσχε
3718 3345 3794 3414 τῷ

2228 3431 2535 3500 περιϐοήτῳ
2561 3428 2751 3500 ἐκείνῳ
2777 3433 2932 3502 μήλῳ
2955 3434 3043 3485 διὰ
3071 3434 3334 3486 Παυλῖνον
3354 3436 3442 3487 τὸν
3467 3437 3790 3504 μάγιστρον,

2224 3524 2365 3574 ὥστε
2425 3525 2769 3592 προείρηται.
2821 3523 3040 3575 Τούτων
3094 3524 3237 3576 οὕτω
3287 3529 3706 3595 γεγενημένων,
3766 3529 3794 3580 6

2225 3615 2366 3666 κατὰ
2401 3613 2499 3682 τὴν
2527 3616 2717 3684 τρίτην
2746 3613 2961 3666 σύνοδον
2987 3616 3385 3685 προειρημένος
3423 3617 3682 3681 Εὗσέῦιος
3714 3619 3790 3689 (ὃς

2225 3707 2318 3758 καὶ
2345 3705 2562 3774 πρῶτος
2590 3705 2687 3774 τῆς
2710 3705 3011 3774 Νεστορίου
3036 3707 3460 3776 φρενοϐλαϐείας
3484 3710 3791 3781 καθήψατο.

2225 3800 2318 3849 καὶ
2346 3797 2552 3865 ταύτην
2579 3795 2856 3865 διήλεγξε,
2893 3799 3191 3869 ῥητορικὴν
3219 3799 3379 3868 εἰπερ
3406 3818 3488 3863 τις
3511 3804 3755 3867 ἀσκήσας
3777 3820 3789 3834 ·

2223 3887 2345 3938 τότε
2373 3885 2428 3937 δὲ
2454 3886 2558 3955 την
2591 3886 2891 3954 Δορυλαίου
2926 3887 3130 3939 διέπων
3167 3888 3517 3959 ἐπισκοπὴν),
3556 3892 3794 3961 συνήθης

2223 3979 2301 4032 ὢν
2329 3979 2563 4048 Εὐτυχετ
2596 3979 2724 4043 περὶ
2756 3979 2990 4041 πίστεώς
3022 3996 3151 4032 ποτε
3186 3979 3380 4047 λόγους
3412 3983 3605 4039 ἐκίνει.
3645 3984 3795 4037 Ἐπεὶ

2222 4069 2280 4122 δὲ
2307 4068 2383 4138 μὴ
2413 4069 2582 4136 ὑγιῶς
2622 4069 2925 4140 φρονοῦντα
2949 4069 3266 4140 ἑφεύρισκε,
3287 4071 3529 4126 λὶϐελλον
3558 4077 3794 4144 γράψας,

2222 4161 2508 4231 Φλασιανῷ
2536 4160 2614 4228 τῷ
2646 4161 2961 4240 πατριάρχῃ
2990 4161 3180 4218 ἐδίδου.
3227 4163 3288 4215 ’0
3313 4164 3368 4216 δὲ
3397 4167 3636 4238 μερικὴν
3679 4169 3796 4220 σύν-

2223 4251 2342 4304 οδον
2367 4252 2508 4304 κατὰ
2541 4253 2641 4322 τὴν
2683 4253 3099 4305 Κωνσταντίνου
3148 4254 3428 4323 ἀθροίσας,
3479 4257 3546 4325 ἢν
3601 4273 3794 4312 τεσσα-

2227 4345 2462 4416 ράκοντα
2488 4344 2762 4414 ἐπλήρουν
2795 4345 3111 4408 ἐπίσκοποι,
3135 4346 3524 4416 μετεστέλλετο
3557 4351 3793 4420 Εὐτυχῆ.

559 4446 809 4512 draginta
871 4442 1109 4512 episc0pi
1167 4451 1452 4506 venerant,
1516 4441 1874 4511 Eutychetem
1906 4441 2115 4496 citavit.

2234 4435 2296 4490 '0
2329 4435 2386 4487 δὲ
2422 4436 2491 4488 τὰ
2527 4438 2627 4503 μὲν
2661 4433 2858 4500 πρῶτα
2889 4434 3150 4505 ἔρχεσθαι
3197 4439 3500 4506 παρῃτεῖτο
3523 4453 3537 4468 ⁸
3569 4441 3696 4494 ἐπεὶ
3741 4443 3796 4495 δὲ

562 4535 654 4589 Ille
681 4546 844 4602 porro
874 4530 1106 4600 primum
1135 4530 1330 4585 sistere
1371 4543 1428 4582 se
1457 4528 1752 4583 recusavit.
1799 4527 1902 4585 Ubi
1935 4536 2120 4582 autem

559 4637 783 4682 coactus
821 4623 1063 4685 advenit,
1092 4620 1400 4676 lmdissimo
1434 4620 1624 4673 morbo
1643 4619 1896 4674 laborare
1927 4618 2126 4688 depre-

560 4719 766 4774 hensus
791 4725 895 4770 est.
916 4714 974 4768 lu
995 4713 1172 4768 medio
1207 4713 1353 4767 enim
1371 4726 1655 4777 consessu,
1699 4727 1718 4761 ι
1759 4711 1892 4780 Ego,
1920 4710 2118 4780 inquit,

559 4826 625 4866 ex
643 4807 856 4863 duabus
886 4805 1095 4860 naturis
1121 4803 1360 4874 genitum
1387 4817 1507 4857 esse
1534 4801 1791 4872 proﬁteor
1833 4801 2122 4855 Dominum

560 4909 808 4955 nostrum
867 4895 1052 4950 Jesum
1112 4892 1416 4956 Christum,
1469 4899 1595 4945 ante
1662 4891 1943 4945 unionem.
1995 4889 2126 4946 Post

565 4992 822 5046 unionem
848 4996 1050 5048 autem,
1087 4999 1248 5039 unam
1269 4985 1391 5053 ejus
1423 4997 1544 5036 esse
1571 4991 1848 5044 naturam,
1906 4992 1956 5036 et
1983 4982 2128 5036 divi-

563 5099 695 5139 num
744 5083 864 5152 ejus
920 5093 1123 5148 corpus
1189 5093 1370 5146 neque
1420 5075 1885 5130 consubstantiale
1945 5075 2122 5140 nobis,

562 5190 740 5244 neque
772 5171 977 5227 eisdem
1013 5169 1298 5224 nobiscum
1359 5168 1806 5239 perpessionihus
1827 5167 2124 5222 obnoxium

561 5280 682 5322 esse
740 5265 995 5334 prmdico.
1069 5279 1086 5313 ι
1122 5261 1254 5328 Quze
1283 5261 1446 5316 verba
1515 5268 1799 5332 postquam
1881 5259 2126 5330 synodus

563 5357 772 5411 audivit
827 5357 926 5426 (l),
973 5355 1119 5408 illico
1166 5354 1312 5424 quod
1364 5353 1455 5407 ille
1506 5353 1828 5422 pceniteutia
1859 5367 1966 5406 non
2020 5352 2127 5404 du-

563 5457 804 5510 ceretur,
845 5449 1086 5516 legitime
1143 5455 1201 5500 et
1229 5446 1380 5517 juxta
1403 5453 1612 5500 certum
1662 5459 1931 5499 canonum
1975 5443 2126 5513 judi-

563 5545 734 5604 cium,
770 5539 1080 5604 hominem,
1104 5538 1367 5608 dignitate
1397 5538 1448 5592 ei
1475 5537 1752 5606 adempta,
1789 5537 1998 5607 rejecit.
2031 5534 2126 5590 Ille

637 5651 713 5722 (ι)
763 5649 1008 5722 δγῑιοόοε
1045 5650 1408 5722 provinciales
1454 5650 1782 5722 patriarchze
1835 5657 1889 5702 et
1939 5649 2124 5703 archi-

565 5723 804 5794 episcopi
827 5721 978 5788 olim,
999 5738 1120 5775 eum
1145 5724 1247 5777 hoc
1265 5721 1345 5777 sic
1370 5737 1497 5776 usus
1517 5721 1702 5788 ferret,
1716 5734 1913 5790 cogere
1933 5730 2126 5788 potuc-

2229 4521 2552 4592 βιαζόμενος
2609 4521 2984 4592 παρεγένετο,
3041 4524 3296 4594 φωρᾶται
3349 4527 3601 4599 αἰσχίστῃ
3661 4531 3798 4599 νόσῳ

2229 4615 2684 4685 προειλημμένος.
2721 4615 2868 4682 Ἔφη
2897 4615 3007 4686 γὰρ
3059 4617 3116 4669 ὲν
3170 4619 3322 4688 μέσῳ
3375 4620 3451 4690 τῷ
3492 4623 3796 4693 συνεδρίῳ⁶

2234 4725 2255 4758 ε
2302 4706 2446 4776 Ἐγὼ
2503 4709 2567 4760 ἐκ
2619 4706 2713 4760 δύο
2761 4707 2977 4777 φύσεων
3024 4709 3276 4779 ὁμολογῶ
3310 4713 3672 4782 γεγεννῆσθαι
3709 4717 3796 4767 τον

2191 4796 2440 4866 ’Κύριον
2471 4797 2632 4866 ἡμῶν
2696 4797 2906 4864 Ἰησοῦν
2938 4798 3176 4868 Χριστὸν
3223 4801 3332 4870 πρὸ
3379 4802 3475 4870 τῆς
3529 4802 3796 4870 ἐνώσεως,

2234 4893 2371 4962 μετὰ
2397 4892 2454 4946 δὲ
2479 4894 2578 4964 τὴν
2611 4893 2811 4947 ἕνωσιν
2837 4893 2969 4962 μίαν
3004 4893 3167 4962 φύσιν
3205 4895 3370 4948 αὑτὸν
3404 4891 3546 4949 εἶναι
3596 4899 3802 4967 κηρύτ-

2231 4999 2342 5038 τωο
2404 4986 2498 5037 καὶ
2559 4984 2620 5038 τὺ
2669 4985 2811 5038 θεῖον
2885 4985 3101 5037 ἐκείνου
3160 4985 3322 5056 σῶμα
3382 4988 3458 5058 μὴ
3514 4990 3799 5059 ὀμοούσιον

2232 5077 2372 5146 ἡμῖν
2405 5076 2500 5130 καὶ
2520 5076 2858 5145 ὁμοιοπαθὲς
2888 5076 3238 5130 καθεστάναι.
3279 5097 3298 5130 ι
3345 5081 3413 5132 ’Δ
3446 5081 3581 5151 δῆτα
3619 5086 3653 5153 ἡ
3683 5084 3802 5137 σύν-

2231 5169 2348 5232 οδος
2376 5167 2733 5232 διακούσασα,
2774 5169 2938 5232 εὐθὺς
2982 5170 3188 5222 ἐκεῖνον
3225 5172 3518 5240 μεταμέλῳ
3555 5176 3632 5244 μὴ
3663 5178 3802 5245 χρώ-

2235 5277 2417 5329 μενον,
2450 5259 2729 5330 ἐνθέσμως
2753 5261 2846 5313 καὶ
2882 5259 3024 5313 κατὰ
3069 5259 3312 5314 κανόνων
3357 5263 3562 5333 ἀκριϐῆ
3594 5267 3802 5320 δίαιταν

2231 5353 2522 5405 ἀπώσαντο
2545 5351 2890 5410 καθελόντες.
2934 5351 3173 5412 Ἐκεῖνος
3202 5351 3260 5405 δὲ
3293 5351 3506 5420 βασιλεῖ
3538 5359 3798 5426 προσιὼν,

2233 5444 2403 5498 ἐδεῖτο
2423 5442 2816 5512 ἀνακρίνεσθαι
2869 5438 3048 5508 αὖθις,
3113 5440 3312 5514 οἷάπερ
3345 5445 3455 5498 τῶν
3490 5448 3616 5500 κατ’
3641 5451 3800 5502 αὐτοῦ

2234 5537 2651 5606 ὑπομνημάτων
2674 5535 3235 5604 πλαστουργηθέντων
3263 5537 3568 5609 Φλαειανῴ.
3603 5542 3713 5594 Καὶ
3739 5542 3802 5612 δὴ

2234 5660 2397 5731 ruut_:
2425 5649 2656 5704 concilia
2673 5649 3013 5730 tecumenica
3028 5661 3079 5706 et
3105 5651 3457 5720 universalia,
3483 5654 3601 5710 sine
3621 5658 3805 5715 volun-

2235 5731 2342 5776 tate
2371 5732 2735 5787 Imperatoris,
2751 5735 2994 5775 minime.
