3962 6572
243 391 377 459 12ἓὸ
1160 381 1754 457 ECCLESM'STIOE
1799 381 2182 453 HISTORIA!
2219 380 2371 451 LIB.
2410 379 2549 452 XIV.
3340 382 3476 449 12'6

238 512 488 564 κεὶεύσει
544 511 639 565 τοῦ
694 510 1023 582 κρατοῦντος
1083 510 1188 578 πρὸ
1240 513 1338 580 τῆς
1392 509 1806 563 Κωνσταντίνου

1945 514 2294 574 imperatorem
2327 505 2484 569 adiit,
2511 511 2565 558 et
2601 513 2660 560 ut
2711 519 2875 561 causa
2901 505 3086 561 detmo
3113 503 3481 577 judicaretur,

241 602 402 668 ἑτέρα
450 601 801 665 συναλίζεται
851 601 1068 662 σύνοδος
1091 617 1106 632 '
1145 601 1202 652 ὲν
1243 594 1405 672 ᾖκαὶ
1429 599 1577 656 ἄλλοι
1619 611 1674 651 τε
1699 597 1806 651 τῶν

1947 597 2142 652 eriude
2178 606 2343 666 atque
2391 606 2509 650 acta
2543 605 2600 651 et
2631 598 2850 652 decreta
2891 609 3081 653 contra
3116 613 3242 656 eum
3281 599 3420 654 facta
3451 615 3480 653 a

240 693 436 760 ιερέων
473 694 727 762 παρῆσαν
782 693 876 745 καὶ
907 692 1018 745 τῶν
1043 691 1142 761 τῆς
1182 691 1488 760 συγκλήτου
1517 690 1682 752 τινές.
1723 688 1810 752 Ὠς

1945 690 2172 743 'laviano
2204 690 2435 744 conﬁcta
2468 699 2672 751 essent,
2702 690 2935 760 rogavit.
2968 691 3157 762 Itaque
3215 693 3482 763 principis

237 785 417 854 ἀληθῆ
447 785 504 836 δὲ
529 783 640 837 εῐεν
665 785 733 838 τὰ
763 785 1134 854 ὑπομνήματα
1167 783 1557 852 κυρωσάντων,
1594 783 1810 853 Χρυσά-

1945 797 2063 834 ussu
2109 782 2212 837 alia
2274 783 2329 834 in
2362 779 2684 836 suburbano
2731 782 3240 854 Constantinopolis
3291 794 3480 841 coacta

237 894 361 940 φιος
393 879 421 929 ό
447 876 704 947 εὐνοῦχος
751 879 1010 948 δμόφρων
1061 878 1255 948 ἐκείνῳ
1294 876 1360 930 τὰ
1401 877 1635 945 μάλιστα
1680 874 1810 943 κοθ-

1945 883 1996 927 st
2046 875 2307 943 synodus.
2351 875 2402 927 in
2457 891 2563 943 qua
2597 876 2749 931 multi
2795 877 2959 931 etiam
3007 877 3101 932 alii
3136 880 3378 949 cpiscOpi
3426 893 3484 933 ct

239 966 432 1031 εστὼς,
463 967 562 1037 τὴν
592 967 753 1038 ὓϐριν
781 969 977 1037 φέρειν·
995 969 1095 1038 οὐχ
1149 964 1261 1031 οἶός
1291 981 1350 1022 τε
1379 969 1477 1032 ὢν,
1530 969 1810 1022 έπιπλσῖον

1947 980 1977 1017 x
2023 975 2212 1018 senatu
2247 967 2466 1034 quidam
2518 968 2764 1023 adfuere.
2805 967 2975 1041 Porro
3008 970 3100 1025 ubi
3136 971 3211 1025 illi
3254 981 3370 1024 acta
3426 983 3484 1026 et

239 1057 340 1125 τήν
373 1060 514 1109 κατᾶ
561 1058 866 1110 Φλαδιανοῠ
923 1057 1122 1128 ηὔξανε
1187 1058 1387 1128 μῆνιν·
1437 1057 1532 1110 καὶ
1586 1057 1664 1126 τῷ
1715 1055 1812 1126 τῆς

1945 1058 2134 1110 ‘eCreta
2154 1056 2393 1126 legitima
2418 1073 2536 1112 esse
2563 1051 2888 1118 auctoritate
2907 1072 3003 1117 sua
3030 1064 3479 1134 comprobarunt.

254 1149 670 1218 Ἀλεξανδρείας
719 1137 990 1220 Διοσκόρω
1040 1149 1230 1216 ἐδήλου
1270 1149 1348 1218 τῷ
1397 1148 1666 1212 δυσσεϐεῖ,
1733 1151 1813 1211 εἰς

1945 1149 2287 1219 llirysaphius
2337 1153 2768 1222 eunuchusrqui
2824 1154 2964 1209 idem
2993 1172 3114 1210 cum
3153 1157 3244 1210 illo
3277 1158 3484 1212 sentie-

241 1241 438 1294 ἅπαντ’
465 1241 615 1309 αὐτῴ
669 1237 812 1294 εἶναι
859 1244 1256 1312 κεχαρισμένος
1303 1242 1370 1294 τὰ
1399 1241 1734 1308 καταθύμια.
1764 1242 1818 1295 ετ

1945 1251 2028 1303 vat,
2049 1256 2174 1294 cum
2202 1245 2587 1296 contumeliam
2609 1245 2756 1298 ferre
2771 1247 3037 1316 nequiret,
3061 1247 3223 1320 549
3241 1250 3374 1318 iram
3393 1259 3486 1304 ad-

242 1351 307 1400 γε
360 1335 627 1402 Εὑτυχέος
682 1336 780 1404 μὲν
839 1335 1323 1405 ὑπεραγωνίσηται
1385 1333 1810 1398 κινδυνεύοντος,

1945 1346 2108 1384 'ersus
2126 1330 2447 1388 Flavianum
2475 1349 2627 1388 suam
2656 1337 2891 1392 maxime
2925 1341 3078 1394 auxit
3099 1359 3113 1394 :
3133 1351 3187 1394 et
3222 1341 3484 1397 Dioscoro

242 1429 388 1480 κατὰ
433 1427 492 1480 δὲ
524 1427 831 1480 Φλαϐιανοῦ
891 1429 987 1480 καὶ
1038 1425 1302 1481 Εὑσεϐίου
1363 1428 1458 1482 τοῦ
1514 1428 1811 1497 Δορυλαίου

1945 1421 2284 1477 tlexandrino
2337 1425 2502 1494 impio
2547 1427 2622 1480 illi
2675 1427 2962 1494 indicavit,
3021 1446 3079 1486 se
3121 1432 3197 1486 illi
3233 1434 3284 1487 in
3323 1423 3485 1488 relius

241 1520 494 1585 γλῶτταν
535 1520 773 1588 κινήσοι.
833 1519 1064 1588 Ἐπίσης
1111 1519 1168 1574 δὲ
1202 1521 1299 1574 καὶ
1349 1520 1450 1590 τὴν
1499 1520 1814 1589 Αὑγούσταν

1945 1527 2035 1580 μη
2057 1513 2106 1567 ei
2137 1514 2346 1581 placitas
2385 1525 2591 1582 essent,
2633 1519 3064 1587 gratiﬁcatumln
3118 1526 3395 1588 omnibus,
3437 1529 3482 1581 si

249 1610 512 1662 Εὑδοκίαν
548 1610 861 1680 διερεθίζει,
901 1612 1071 1664 πολλὰ
1101 1613 1200 1680 μὲν
1229 1612 1498 1681 ἐπιλέγων
1533 1613 1628 1666 καὶ
1659 1612 1814 1674 ἄλλα,

1945 1604 2281 1674 Eutychetem
2333 1608 2732 1676 periclitantem
2787 1611 3130 1680 defenderet,
3167 1614 3484 1671 Flavianum

179 1719 183 1724 ‘
247 1704 486 1772 μάλιστα
512 1703 567 1755 δὲ
593 1704 662 1755 τὰ
685 1703 772 1755 διὰ
799 1703 1138 1773 Πουλχερίαν
1168 1705 1304 1774 αὐτῇ
1334 1705 1556 1775 λυπηρὰ
1584 1721 1817 1775 προσγε-

1945 1705 2098 1750 utem
2120 1706 2176 1750 et
2203 1698 2501 1754 Eusebium
2529 1701 2840 1772 Dorylaeum
2871 1718 3231 1777 oppugnaret.
3273 1707 3482 1764 Eodem

241 1799 450 1865 νόμενα
475 1811 488 1826 ⁶
524 1798 605 1850 ὅτι
649 1797 725 1866 μὴ
751 1797 812 1849 τὸ
855 1797 1170 1868 ἀπόρρητον
1211 1798 1506 1861 Φλαϐιανὸς
1537 1799 1814 1868 ἐταμίευε.

1945 1790 2084 1842 :tiam
2129 1790 2292 1845 modo
2346 1792 2645 1848 Eudociam
2690 1797 2990 1866 Augustam
3037 1800 3322 1868 excitavit,
3357 1785 3498 1857 cum

248 1820 450 1865 νομενα.
475 1820 488 1826 ⁷
524 1820 605 1850 οτι
751 1820 812 1849 το
855 1820 1170 1868 απορρητυν
1211 1820 1506 1861 Ψιαοιανος
1537 1820 1814 1868 εταμιευε.

248 1890 359 1941 Καὶ
393 1889 458 1958 δὴ
481 1887 649 1958 ἄμφω
683 1889 984 1964 γενόμενοι,
1025 1889 1234 1942 κινοῦσι
1271 1890 1363 1942 τὸν
1393 1889 1695 1954 Θεοδόσιον,
1725 1889 1818 1943 καὶ

1945 1820 2084 1842 tua“!
2129 1820 2292 1845 muuu
2346 1820 2645 1848 nuuuclalu
2690 1820 2990 1866 augustam
3037 1820 3322 1868 cxcuavu,
3357 1820 3483 1857 cum

1945 1880 2093 1933 nulta
2140 1881 2265 1944 alia,
2316 1892 2428 1936 tum
2458 1899 2519 1938 ca
2554 1886 2897 1956 potissimum
2931 1889 3167 1946 dicendo
3193 1910 3315 1964 quae
3345 1895 3395 1951 ei
3459 1820 3554 1964 ιι)

241 1980 509 2049 δευτέραν
532 1977 688 2042 αὖθις
720 1963 937 2033 σύνοδον
968 1981 1091 2034 κατ’
1140 1981 1376 2048 Ἔφεσον
1411 1981 1754 2049 συγκροτεῖν,
1781 1980 1816 2050 ἢ

1945 1967 2211 2024 ’ulcheria
2241 1973 2439 2028 acerba
2471 1977 2824 2042 accidissent,
2863 1994 3154 2051 propterea
3189 1963 3334 2054 quod
3365 1987 3489 2042 Fla-

244 2070 311 2138 δὴ
341 2069 411 2123 τὰ
441 2073 580 2123 κατὰ
613 2072 826 2142 Εὐτυχῆ
864 2072 957 2124 καὶ
988 2071 1286 2126 Φλαϐιανδν
1317 2073 1696 2144 διασκέψηται,
1725 2073 1821 2126 καὶ

1945 2059 2112 2114 rianus
2138 2077 2249 2115 rem
2268 2076 2480 2120 secreto
2499 2067 2909 2138 sihicreditam,
2938 2084 3130 2130 tectam
3161 2079 3491 2150 tacitamque

246 2165 358 2216 τῶν
385 2163 584 2233 ψήφων
615 2166 714 2233 τὴν
739 2165 950 2216 δίαιταν
981 2164 1262 2236 Διοσκόρω
1293 2163 1370 2234 τῷ
1418 2164 1674 2218 δυσσεϐεῖ
1703 2165 1820 2218 ἔπι-

1945 2165 2030 2203 ιοη
2081 2166 2370 2210 servasse‘t.
2407 2157 2474 2212 Hi
2512 2161 2672 2215 ambo
2726 2161 3097 2219 Theodosium
3147 2184 3489 2237 permovent,

245 2257 500 2324 τρέπειν,
558 2253 652 2307 καὶ
697 2254 796 2321 τῆς
842 2255 1066 2308 συνόδου
1120 2256 1450 2323 κατάρχειν*
1489 2255 1730 2325 πέμπειν
1762 2255 1820 2308 δὲ

1945 2253 1984 2296 ιι
2025 2243 2251 2300 alteram
2315 2247 2517 2316 Ephesi
2565 2252 2855 2322 synodum,
2884 2271 3004 2324 quae
3065 2257 3382 2329 Eutychetis
3437 2269 3494 2315 et

248 2349 348 2401 καὶ
373 2350 603 2418 στρατὸν
631 2347 930 2416 ἀξιόμαχον
958 2349 1072 2408 τοῖς
1116 2345 1515 2416 ψηφιζομένοις
1549 2349 1821 2419 προσϐοη-

1945 2336 2168 2390 Flaviani
2236 2353 2460 2394 causam
2513 2343 2861 2412 disceptaret,
2935 2347 3206 2403 celebrari
3278 2351 3491 2422 jubcat,

249 2444 507 2513 θήσοντα.
543 2441 632 2504 Ὠς
666 2442 723 2494 δὲ
752 2439 912 2494 τοῦτο
939 2439 1197 2510 βασιλεὺς
1249 2441 1488 2503 ἐκέλευε.
1550 2442 1648 2496 καὶ
1673 2443 1707 2513 ή
1729 2443 1823 2514 λῃ-

1945 2430 2433 2502 ienteutiarumque
2458 2433 3089 2509 ferendarumjudicium
3117 2440 3376 2498 Dioscoro
3399 2445 3499 2498 im-

250 2534 450 2605 στρικὴ
491 2533 752 2602 κληθεῖσα
809 2533 1028 2595 σύνοδος
1078 2531 1199 2584 κατ’
1260 2533 1498 2602 Ἔφεσον
1543 2534 1822 2606 ἤθροιστο,

1945 2522 2014 2577 rio
2036 2524 2368 2591 committat,
2392 2533 2450 2581 et
2474 2527 2727 2582 eumdem
2755 2531 2966 2601 synodo
2991 2531 3255 2602 praeﬁciat
3275 2555 3288 2589 :
3309 2535 3498 2605 copias

251 2626 594 2695 προκαθίσας
648 2626 964 2695 Διόσκορος,
1020 2627 1147 2689 τοὺς
1177 2626 1372 2690 ἄλλους
1422 2628 1824 2699 παρωσάμενος

1945 2617 2093 2670 :tlam
2152 2615 2443 2683 militares,
2503 2635 2625 2688 quae
2654 2622 2786 2681 satis
2809 2623 2946 2689 sint,
2979 2625 3184 2691 mittat,
3225 2643 3350 2698 qua:
3381 2645 3496 2684 rem

250 2719 556 2790 νοταρίους,
609 2721 738 2782 τοὺς
783 2719 950 2781 ἰδίους
1011 2718 1207 2788 μόνους
1257 2719 1525 2790 προῆγεν,
1583 2719 1727 2774 ὥστε
1757 2723 1827 2775 τὰ

1949 2705 2222 2761 udicatam
2264 2721 2730 2779 exsequerentur.
2766 2714 2867 2770 Ubi
2906 2715 2960 2769 id
3017 2711 3321 2787 imperator
3345 2734 3499 2774 man-

254 2815 628 2882 πραττόμενα,
746 2810 942 2881 ἐκείνῳ
998 2812 1197 2874 ιδόκει,
1233 2814 1465 2883 χάρταις
1501 2813 1824 2869 διατυποῦν.

1945 2794 2098 2864 lavit,
2137 2810 2193 2853 et
2222 2799 2468 2868 synodus
2497 2817 2618 2872 quze
2653 2807 2978 2874 praedatoria
3009 2819 3261 2873 vocatur,
3293 2811 3495 2882 Ephesi

254 2907 519 2975 Παρῆσαν
547 2906 605 2958 δὲ
635 2908 702 2975 τῇ
737 2905 939 2972 συνόδῳ
966 2906 1016 2958 οι
1044 2907 1135 2958 καὶ
1163 2906 1372 2960 ἄνωθεν
1402 2906 1685 2977 εἰρημένοι
1713 2908 1825 2960 τῶν

1945 2905 2254 2964 :ongregata
2319 2905 2437 2950 est:
2477 2899 2778 2966 praesidens
2806 2901 2856 2955 ei
2913 2901 3227 2970 Dioscorus,
3266 2907 3500 2961 notariis

253 2995 561 3065 ἐκκλησιῶν
595 2995 861 3066 ἡγεμόνες
905 3000 1044 3066 μετὰ
1075 2995 1182 3048 τῶν
1228 2996 1369 3066 ἀμφ’
1400 2997 1600 3060 αὐτοὺς
1631 2997 1828 3067 ιερέων

1945 2984 2053 3039 iliis
2117 2987 2360 3056 rejectis.
2416 3004 2549 3045 suos
2600 2999 2814 3046 tantum
2845 2993 3121 3060 adhibuit,
3160 3005 3222 3051 ut
3272 3007 3394 3053 acta
3431 3015 3497 3054 ex

254 3084 396 3152 πλὴν
426 3084 657 3146 Λέοντος
682 3081 777 3135 τοῦ
815 3084 916 3152 τῆς
953 3085 1337 3157 πρεσϐυτέρας
1377 3085 1597 3157 Ῥώμης
1631 3087 1828 3156 ποιμέ-

1945 3078 2205 3132 sententia
2242 3080 2363 3151 ejus
2393 3081 2446 3135 in
2480 3084 2748 3152 scriptum
2787 3084 3150 3142 referrentur.
3181 3088 3500 3145 Adfuerunt

251 3194 362 3237 vo;.
385 3175 426 3229 Τ
431 3175 592 3230 ούτου
625 3177 736 3248 γὰρ
767 3177 858 3230 τὸν
887 3178 1052 3232 τόπον
1087 3180 1390 3243 ἐπίσκοπος
1436 3179 1656 3258 Ἰούλιος
1683 3197 1826 3251 πεμ-

1945 3167 2172 3222 concilio
2196 3169 2246 3223 ei
2283 3186 2423 3238 quos
2475 3188 2640 3243 supra
2691 3174 3096 3233 nominavimus
3145 3181 3500 3237 ecclesiarum

252 3269 412 3337 φθεὶς
451 3267 787 3338 ἀνεπλήρου,
811 3332 813 3334 _
836 3267 933 3320 σὺν
982 3267 1165 3331 ἄλλοις
1198 3269 1294 3320 καὶ
1321 3267 1496 3321 ταῦτα
1517 3267 1652 3338 πρὸς
1681 3266 1826 3332 λέξιν

250 3361 542 3414 Θεοδοσίου
591 3359 980 3423 θεσπίσαντος⁸
1044 3375 1065 3410 ι
1122 3358 1248 3410 Τῶν
1303 3360 1434 3429 πρὶν
1478 3359 1824 3420 δικασάντων

253 3453 493 3522 Εὐτυχεῖ
519 3451 598 3521 τῷ
644 3449 1030 3520 εὖλαϐεστάτῳ
1075 3449 1505 3524 άρχιμανδρίτῃ,
1543 3445 1831 3520 παρόντων

257 3545 360 3612 μὲν
386 3544 478 3595 καὶ
507 3541 906 3612 ἡσυχαζόντων,
933 3538 1086 3604 τάξιν
1108 3539 1168 3594 δὲ
1195 3539 1472 3595 δικαστῶν
1496 3540 1574 3614 μὴ
1606 3541 1828 3612 ἐπεχόν-

252 3653 389 3697 των,
440 3633 577 3687 ain
611 3635 712 3702 τὴν
740 3631 925 3702 κοινὴν
959 3632 1180 3686 πάντων
1209 3633 1317 3686 τῶν
1367 3633 1690 3701 ἁγιωτάτων
1723 3636 1830 3687 [Ια-

254 3730 432 3798 τέρων
466 3726 869 3796 περιμενόντων
917 3725 1096 3794 ψῆφον
1120 3740 1134 3755 ⁶
1181 3745 1197 3777 ι
1253 3726 1444 3797 ἐπειδὴ
1476 3728 1544 3779 τά
1574 3727 1710 3798 παρ’
1735 3729 1831 3782 αὒ-

253 3821 366 3873 τῶν
391 3820 693 3887 κεκριμένα
718 3817 811 3870 νῦν
837 3818 1220 3887 δοκιμάζεται.
1269 3819 1560 3889 Ζητήσεως
1587 3820 1643 3872 δὲ
1677 3836 1831 3889 γενο-

258 3913 454 3980 μένης,
506 3911 768 3980 ἀπῃτεῖτο
826 3908 1149 3979 Εὐτυχὴςκᾶ.
1210 3911 1340 3981 περὶ
1387 3911 1525 3964 Θεοῦ
1579 3911 1832 3982 φρονοίη,

255 4005 395 4074 δῆλα
426 4004 686 4074 καθιστᾷν
715 4004 781 4072 τῇ
813 4003 1040 4074 συνόδῳ.
1087 4001 1175 4065 Ὦς
1197 4004 1243 4056 δ’
1271 4005 1483 4066 ἐκεῖνος
1505 4003 1540 4057 ἃ
1580 4006 1673 4057 καὶ
1704 4006 1834 4072 πρό-

257 4115 418 4167 τερον
459 4095 679 4165 εἴρηκεν
729 4097 825 4148 ἐπὶ
868 4096 1035 4166 μέσου
1093 4094 1439 4165 διωμολόγει,
1495 4099 1557 4148 ἐκ
1603 4095 1700 4148 δύο
1736 4097 1865 4165 μέν’

259 4193 480 4260 φύσεων
510 4190 836 4259 γεγενῆσθαι
873 4190 976 4259 πρὸ
1009 4190 1107 4259 τῆς
1140 4188 1408 4254 ἑνώσεως,
1446 4189 1588 4258 μετὰ,
1616 4190 1674 4242 δὲ
1704 4189 1837 4243 ταύ-

258 4307 361 4358 την
395 4291 524 4358 μίαν
546 4283 687 4338 εῖναι
722 4285 819 4355 τὴι
850 4283 1014 4353 φύσιν
1047 4283 1196 4352 αύτῷ
1221 4325 1236 4351 ,
1277 4285 1571 4338 ὑπολαϐὼν
1611 4287 1835 4339 Διόσκο-

263 4399 358 4451 ρος
385 4377 509 4433 εἷπε
532 4395 546 4410 ο
580 4380 686 4432 Καὶ
718 4381 878 4448 ἡμεῖς
907 4381 1107 4445 πάντες
1129 4385 1227 4451 τῆς
1251 4382 1426 4450 αὐτῆς
1455 4382 1614 4451 δόξης
1643 4382 1834 4451 ἐσμέν.

251 4476 329 4547 υἱ
358 4473 413 4524 δὲ
437 4471 530 4523 τοῦ
553 4471 754 4524 πάππα
797 4470 1028 4528 Λέοντος
1065 4471 1438 4540 τοποτηρηταὶ
1492 4470 1592 4533 τὰς
1626 4471 1837 4522 ἐκείνου

1931 3260 2210 3316 antistites
2259 3276 2384 3315 cum
2443 3264 2825 3320 sacerdOtibus
2877 3270 2994 3323 suis
3026 3268 3104 3337 (οι)
3139 3287 3153 3323 :
3185 3269 3368 3328 Leone
3407 3288 3504 3329 ve-

1936 3351 2097 3407 teris.
2130 3353 2316 3408 Romae
2370 3365 2590 3423 pastore
2639 3366 2890 3427 eat-cpta,
2923 3359 3083 3428 cujus
3115 3360 3294 3416 locum
3323 3362 3504 3420 Julius

1933 3444 2232 3516 episcopus
2283 3461 2352 3502 eo
2437 3449 2640 3505 missus
2673 3449 2935 3506 obtinuit.
2989 3447 3333 3511 Theodosius
3360 3457 3505 3512 inter

1932 3535 2044 3591 alia
2105 3535 2216 3592 hoc
2275 3536 2355 3592 sic
2392 3538 2578 3594 verbis
2607 3539 2946 3611 ejuscemodi
2993 3554 3251 3600 sanxerat
3285 3562 3300 3601 :
3335 3566 3355 3600 ι
3389 3525 3504 3615 ‘Qui

1934 3632 2098 3678 antea
2143 3624 2359 3694 iudices
2418 3627 2818 3699 religiosissimi
2869 3633 3312 3692 archimandritae
3334 3637 3506 3711 Euty-

1936 3716 2112 3770 chetis
2143 3716 2318 3782 fuere,
2353 3717 2589 3774 adsunto
2637 3723 2860 3791 quidem
2893 3739 2945 3778 et
2977 3738 3219 3791 tacente,
3256 3731 3505 3801 judicurn

1937 3817 2120 3861 autem
2139 3808 2388 3862 ordinem
2416 3825 2527 3864 non
2553 3811 2796 3868 habento
2821 3831 2835 3867 :
2865 3825 3125 3872 caeterum
3158 3834 3506 3878 commonent

1937 3899 2412 3955 sanctissimorum
2478 3905 2727 3957 omnium
2771 3905 2994 3962 Patrum
3048 3914 3380 3968 sententiam
3415 3933 3511 3970 ex-

1935 4002 2241 4062 spectanto,
2279 3996 2725 4067 quandoquidem
2755 4001 2822 4054 de
2857 4005 3021 4057 rebus
3050 4003 3119 4058 ah
3143 4006 3225 4060 eis
3250 4007 3512 4076 judicatis

1938 4099 2086 4140 nunc
2137 4086 2408 4156 judicium
2445 4092 2649 4160 agitur.
2687 4109 2705 4142 ι
2736 4091 2839 4146 Ubi
2873 4102 3056 4147 autem
3109 4095 3176 4150 de
3206 4098 3510 4166 quaestione

1939 4189 2143 4244 actum,
2172 4181 2568 4254 ab'Eutychete
2604 4185 2832 4253 petitum
2865 4195 2972 4250 est,
3001 4197 3139 4241 utea
3160 4204 3280 4258 qua:
3302 4190 3371 4246 de
3399 4192 3512 4247 Deo

1939 4274 2189 4340 sentiret,
2227 4277 2371 4345 apud
2393 4276 2662 4347 synodum
2694 4288 3030 4349 exponeret:
3100 4289 3215 4336 tum
3256 4283 3365 4349 ille,
3392 4301 3514 4354 quae

1939 4375 2100 4418 antea
2153 4380 2374 4436 quoque
2405 4369 2642 4435 dixerat,
2703 4371 2758 4424 in
2795 4372 3037 4427 medium
3070 4373 3352 4441 proferens
3386 4392 3517 4446 pro-

1942 4456 2121 4512 fessus
2148 4465 2254 4512 est.
2276 4459 2317 4512 Ε
2343 4459 2558 4514 duabus
2584 4461 2805 4530 quidem
2836 4465 3050 4518 naturis
3089 4465 3336 4534 genitum
3393 4482 3517 4523 esse

263 4561 581 4627 ἐπιστολὰς,
607 4561 709 4630 τήν
748 4575 804 4613 τε
844 4560 979 4630 πρὸς
1009 4559 1311 4614 Φλαϐιανὸν
1357 4561 1451 4612 καὶ
1481 4559 1579 4629 τὴν
1621 4559 1836 4613 σύνοδον

1946 4549 2282 4604 Salvatorcm
2339 4562 2466 4606 ante
2495 4553 2778 4619 unionem,
2809 4566 2935 4624 post
2963 4557 3104 4611 hanc
3133 4567 3315 4629 autem
3353 4575 3516 4614 uuam

262 4652 688 4724 ἀναγνωσθῆναι
739 4652 966 4708 ἐδέοντο.
1033 4651 1122 4713 Ὠς
1167 4650 1224 4704 δὲ
1256 4652 1515 4714 κάκείνας
1544 4653 1835 4719 Διόσκορος

261 4747 576 4807 ἀπεσείετο,
631 4743 935 4805 συνιδόντες
993 4744 1195 4795 ἐκεῖνοι
1263 4742 1324 4794 τὸ
1374 4741 1694 4811 παράφορον
1735 4740 1837 4808 τῆς

262 4838 446 4908 ὁρμῆς
487 4836 808 4906 Διοσκόρου,
872 4833 1138 4904 φυγόντες
1178 4836 1280 4904 τὴν
1329 4834 1567 4899 σύνοδον,
1627 4835 1707 4895 εἰς
1738 4831 1835 4903 τὴν

273 4929 502 5000 Ῥώμην
551 4928 865 4998 ἀνέτρεχον.
907 4929 1198 4995 Διόσκορος
1230 4927 1287 4980 δὲ
1323 4927 1414 4979 καὶ
1442 4927 1490 4978 οί
1518 4927 1655 4995 ἀμφ’
1676 4926 1838 4978 αὑτὸν

269 5023 504 5090 Εὑτυχεί
532 5020 630 5088 τὴν
668 5017 972 5088 ἱερωσύνην
1001 5019 1271 5070 ἀπέδυσαν
1292 5032 1305 5046 ⁸
1336 5016 1632 5070 Φλαϐιανδν
1659 5016 1715 5068 δὲ
1746 5019 1840 5068 καὶ

267 5113 532 5166 Εὐσέϐιον
561 5111 653 5164 τὸν
690 5110 984 5180 Δορυλαίου
1041 5108 1245 5178 ταύτης
1295 5110 1577 5176 ἀφείλοντο
1599 5124 1611 5137 ·
1633 5109 1838 5179 χρησά-

273 5221 426 5273 μενοι
461 5202 539 5270 τῷ
573 5201 756 5254 κανόνι
783 5200 919 5270 πρὸς
950 5200 1194 5270 ἀρωγὴν,
1217 5200 1277 5253 ὃν
1302 5201 1502 5253 έκεῖιοι
1532 5200 1674 5269 τάχα
1698 5217 1840 5270 παρ-

271 5297 501 5365 έὸησαν,
521 5292 577 5355 ὃς
607 5291 819 5346 κελεύει
863 5293 938 5364 μὴ
971 5292 1080 5344 δεῖν
1115 5293 1309 5361 έτέραν
1336 5292 1522 5344 πίστιν
1563 5295 1715 5362 παρὰ
1744 5292 1840 5362 τὴν

270 5392 332 5442 ὲν
353 5387 555 5459 Νικαίᾳ
611 5387 936 5439 ἐκτίθεσθαι.
999 5386 1297 5448 Φλαϐιανδς
1342 5386 1399 5438 δὲ
1453 5386 1482 5438 δ
1515 5386 1841 5453 άγιώτατος,

278 5480 418 5550 μετὰ
443 5479 540 5546 τὴν
571 5479 892 5548 παράνομον
935 5479 1150 5546 ὶκείνην
1201 5477 1546 5547 καθαίρεσιν,
1579 5477 1846 5544 ὠθισμοῖς

277 5573 373 5622 καὶ
408 5568 741 5638 λακτίσμασι
765 5569 920 5639 παρὰ
948 5567 1056 5619 τῶν
1083 5566 1213 5636 περὶ
1245 5567 1539 5636 Διόσκορον
1574 5569 1669 5618 καὶ
1700 5569 1846 5637 Χρυ-

281 5665 474 5731 σάφιον
513 5663 608 5731 τῆς
671 5659 893 5714 συνόδου
953 5646 1421 5726 ἀπελαυνόμενος,
1487 5662 1624 5728 μετὰ
1654 5660 1847 5729 τρίτην

355 5840 428 5905 (1)
463 5835 744 5891 Iuvenalis
778 5835 1009 5896 scilicet,
1055 5835 1317 5901 Domuus,
1351 5845 1456 5889 etc.

487 5933 727 5990 l’s‘ruut.
788 5931 903 5988 litt.
942 5929 1176 5987 CXLVI

1947 4643 1996 4696 ei
2037 4656 2159 4696 esse
2181 4652 2455 4698 naturam.
2488 4643 2790 4701 Dioscorus
2816 4663 2980 4716 porro
3019 4651 3396 4720 subinfereus,
3450 4655 3518 4708 Et

1950 4751 2052 4790 nos
2103 4751 2317 4802 omnes,
2376 4738 2477 4803 ait,
2525 4740 2768 4808 ejusdem
2831 4741 3109 4811 opinionis
3170 4761 3380 4800 sumus.
3441 4748 3515 4800 lbi

1957 4829 2164 4885 Leonis
2199 4845 2346 4901 papa:
2374 4832 2554 4886 locum
2579 4843 2829 4889 tenentes
2854 4837 3001 4892 illius
3025 4837 3090 4891 ad
3123 4837 3437 4893 Flavianum
3466 4852 3522 4893 ct

1950 4923 2218 4993 synodum
2263 4925 2438 4994 ipsam
2503 4924 2660 4980 datas
2702 4927 2915 4982 litteras
2966 4927 3073 4999 legi
3115 4929 3416 4998 petierunt.
3452 4929 3521 4986 Ut

1955 5031 2086 5070 vero
2118 5015 2416 5070 Dioscorus
2434 5032 2526 5070 eas
2549 5017 2762 5086 rejecit,
2789 5021 3118 5074 mandatarii
3140 5029 3513 5076 transversum

1956 5105 2194 5159 Dioscuri
2220 5106 2482 5176 impetum
2503 5105 3025 5173 animadvertentes,
3045 5125 3075 5163 e
3091 5113 3303 5181 synodo
3324 5111 3526 5166 disccso

1955 5212 2078 5251 sere
2107 5207 2162 5250 et
2196 5197 2422 5252 Romam
2459 5213 2764 5255 recurrere.
2799 5199 3119 5266 Dioscorus,
3154 5216 3279 5256 cum
3329 5203 3524 5257 factio-

1959 5295 2042 5345 nis
2075 5307 2187 5345 suze
2219 5290 2604 5359 pepularibus,
2635 5291 2995 5362 Eutychetem
3029 5293 3241 5347 reddita
3269 5297 3318 5347 ei
3345 5311 3528 5350 sacer-

1957 5384 2125 5438 dotali
2173 5385 2460 5454 dignitate,
2504 5386 2558 5438 in
2597 5386 2869 5455 integrum
2905 5387 3184 5441 restituit:
3218 5385 3381 5458 550
3403 5403 3525 5441 eam

1958 5491 2089 5529 vero
2112 5475 2372 5530 Flaviano
2401 5487 2457 5530 et
2477 5476 2715 5531 Eusebio
2737 5477 2980 5548 Dorylan
3009 5479 3340 5550 abrogavit,
3365 5494 3529 5534 cauo-

1962 5583 2085 5621 nem
2129 5568 2303 5632 illum,
2364 5584 2528 5638 quem
2599 5571 2715 5640 ipse
2780 5571 2919 5626 forte
2990 5581 3368 5642 transgressus
3419 5585 3531 5636 est,

1963 5661 2296 5728 obtendens,
2349 5664 2555 5718 nullam
2593 5665 2755 5719 aliam
2790 5665 2912 5720 fidei
2952 5665 3269 5731 formulam,
3310 5676 3513 5737 praeter

2237 5828 2311 5843 ανον.
2345 5828 2348 5830 ⁷

3065 5941 3144 5996 39
