3962 6540
522 352 653 419 1827

1748 362 2162 426 NICEPHORI
2208 363 2549 426 CALLISTI

3627 346 3760 417 1228

511 483 676 539 quam
721 482 846 538 quze
906 465 1227 531 Nicazarest
1276 466 1439 535 facta,
1480 471 1923 543 promulgandam
1964 489 2086 530 esse

2194 475 2404 545 ἡμέραν
2442 474 2533 527 τὸν
2586 456 2701 542 βίον
2745 467 3031 541 μακαρίως
3089 463 3413 537 μετήλλαξε,
3473 464 3571 517 καὶ
3598 463 3766 517 αὐτοῦ

513 568 876 619 statuentem.
944 560 1120 616 Porro
1170 560 1485 630 Flavianus,
1543 563 1628 617 vir
1681 566 2081 632 sanctissimus,

517 660 645 721 post
721 651 1061 725 ejuscemodi
1129 652 1467 723 illegitimam
1555 658 2084 727 exauctorationem,

514 741 849 799 turbulentis
911 741 1339 813 impulsionilius
1394 752 1450 798 et
1499 744 1730 800 calcium
1810 746 2009 804 ictibus
2053 764 2086 805 a

512 831 763 888 Dioscori
797 841 854 888 et
882 831 1211 906 Chrysaphii
1240 833 1479 889 factione
1514 850 1581 890 ex
1614 836 1827 907 synodo
1853 839 2083 910 ejectus,

515 926 679 981 tertio
739 934 866 996 post
891 926 980 981 die
1024 924 1189 980 vitam
1245 924 1480 981 feliciter
1509 927 1672 993 (iniit,
1702 944 1826 984 cum
1854 932 1942 987 ille
1971 932 2087 1002 ipse

515 1018 810 1074 Dioscorus
841 1017 1081 1073 calcibus
1103 1016 1157 1071 in
1201 1027 1447 1073 ventrem
1489 1019 1654 1074 etiam
1698 1021 1947 1078 veritatis
2001 1025 2084 1095 ip-

514 1108 631 1164 sius
662 1108 1085 1179 propugnatoris
1126 1108 1366 1165 defuncti
1405 1110 1703 1171 insiluerit.
1732 1113 1799 1169 Et
1827 1117 2089 1184 postridie

514 1200 784 1268 episcopi,
821 1200 1056 1256 militum
1088 1200 1181 1271 qui
1223 1217 1318 1256 eos
1351 1202 1522 1257 armis
1562 1203 1796 1259 sublatis
1833 1206 2079 1262 circum-

515 1300 803 1356 steterant,
836 1293 885 1346 vi
940 1294 1078 1348 actis
1129 1292 1395 1350 adversus
1444 1305 1693 1350 sanctum
1725 1296 1877 1351 illum
1925 1299 2090 1354 editis

515 1381 863 1437 subscribere
914 1397 1042 1437 sunt
1064 1382 1266 1438 coacti.
1303 1382 1438 1438 Cum
1497 1386 1701 1456 quibus
1720 1397 1778 1442 et
1815 1389 2088 1457 Domnus,

514 1468 743 1526 Joannis
775 1472 829 1526 in
866 1472 1114 1529 Ecclesia
1158 1473 1499 1530 Antiochena
1524 1492 1827 1545 successor,
1860 1479 2090 1535 adnota-

517 1563 669 1619 tione
723 1581 820 1620 sua
878 1580 942 1620 ea
982 1576 1100 1621 tum
1152 1567 1522 1623 conﬁrmavit.
1546 1570 1616 1625 At
1643 1571 1785 1627 idem
1834 1574 2090 1637 potestati

517 1672 631 1712 suae
679 1656 952 1722 redditus,
1008 1658 1154 1728 quod
1218 1659 1327 1716 illis
1399 1662 1677 1727 cessisset,
1749 1668 2089 1732 retractavit,

520 1748 782 1804 Dioscoro
809 1757 867 1805 et
899 1750 1244 1821 principibus
1278 1766 1347 1806 ex
1372 1753 1495 1807 aula
1520 1754 1795 1825 imperiali
1837 1756 1970 1813 viris
1999 1773 2089 1812 re-

2185 568 2400 621 ἐκείνου
2429 564 2748 636 Διοσκόρου,
2800 562 2902 628 λὰξ
2941 561 3309 630 ἐναλλομένου
3358 556 3505 611 κατά
3539 554 3654 610 τῶν
3681 572 3765 607 κε-

2185 661 2403 715 νεώνων
2426 659 2506 731 τῷ
2544 659 2647 728 τῆς
2689 656 2951 728 ἀληθείας
3006 655 3314 723 ἀγωνιστῇ.
3343 651 3424 722 Τῇ
3446 649 3493 703 δ’
3520 648 3652 718 ἑξῆς
3677 647 3771 718 βία

2184 753 2296 807 τῶν
2348 750 2669 822 περικύκλῳ
2723 747 3082 819 στρατιωτῶν
3151 740 3653 812 επανειλημμὲνων
3699 738 3770 792 τά

2186 844 2338 913 ξίφη,
2371 847 2486 907 τοῖς
2531 843 2674 897 κατὰ
2718 839 2811 894 τοῦ
2839 840 2989 894 ὁσίου
3043 837 3442 908 ὑπομνήμασιν
3466 833 3516 886 οί
3543 831 3770 883 ἐπίσκο-

2188 950 2282 988 ποι
2302 935 2662 1006 ,ὑπογράφειν
2695 931 3208 1004 κατηναγκάζοντο.
3257 927 3396 982 Μεθ’
3429 922 3506 980 ὧν
3541 926 3641 978 καὶ
3676 923 3769 975 Δό-

2192 1039 2325 1093 μνος
2361 1025 2390 1077 ό
2448 1027 2548 1095 τῆς
2587 1024 2870 1093 Ἀντιόχου
2924 1021 3065 1091 μετά
3152 1019 3411 1087 Ἰωάννην
3477 1015 3771 1084 γενόμενος

2189 1115 2638 1184 καθυπιγραφεν.
2714 1114 2807 1176 Εἰς
2858 1111 3049 1166 ἑαυτὸν
3095 1109 3154 1163 δὲ
3207 1108 3523 1179 γενόμενος,
3565 1106 3768 1158 ἀναπα-

2190 1204 2365 1258 λαίειν
2392 1206 2653 1274 ἐπειρᾶτο
2682 1203 2782 1274 τὴν
2814 1200 3018 1276 ἦττανο
3084 1199 3369 1269 Διοσκόρῳ
3405 1214 3469 1249 τε
3515 1194 3615 1247 καὶ
3660 1195 3769 1255 τοῖς

2189 1296 2256 1350 ex
2311 1295 2576 1366 βασιλέων
2619 1295 2912 1348 ἀνθίστατο
2968 1295 3239 1364 ἄρχουσι·
3278 1287 3521 1342 κατεϐόα
3568 1302 3631 1338 τε
3660 1284 3767 1337 τῶν

2192 1387 2551 1459 πραχθέντων
2574 1388 2648 1451 ὡς
2685 1386 2840 1458 παρά
2864 1386 2958 1439 τὸν
2983 1383 3443 1453 ἐκκλησιαστικὸν
3462 1380 3591 1450 ὅρον
3612 1392 3771 1444 γεγε·

2190 1480 2485 1551 νημένωνο
2539 1481 2634 1534 καὶ
2678 1480 2856 1551 ἀσεϐῆ
2906 1480 3006 1549 τὴν
3065 1476 3285 1531 σύνοδον
3336 1471 3767 1540 κατωνόμαζεν.

2194 1573 2291 1625 καὶ
2313 1570 2414 1642 τὴν
2437 1570 2646 1625 οἰκείαν
2670 1570 2847 1624 ὀπίσω
2891 1569 3146 1640 ἀνεζήτει
3174 1562 3525 1633 ὑπογραφὴν.
3564 1555 3704 1612 Ἀλλ’
3734 1559 3767 1626 ἧ

2195 1661 2417 1726 σύνοδος
2459 1663 2556 1715 καὶ
2589 1661 2782 1716 τοῦτον
2807 1661 2897 1715 διὰ
2928 1660 3104 1715 ταῦτα
3135 1655 3462 1720 καθελοῦσα,
3493 1652 3594 1720 τῆς
3619 1653 3770 1719 ἱερω-

2196 1755 2364 1822 σύνης
2386 1755 2614 1822 ἀφίστα.
2680 1753 2810 1808 Ἐπὶ
2844 1752 2910 1825 δὴ
2938 1752 3114 1822 ταύτῃ
3148 1753 3214 1822 τῇ
3249 1748 3454 1817 συνόδῳ
3481 1747 3581 1799 καὶ
3620 1741 3771 1803 Ἶσις

519 1841 745 1904 sistens,
801 1850 857 1897 et
905 1851 1094 1898 contra
1129 1842 1372 1907 decreta,
1432 1854 1621 1917 utpote
1651 1862 1774 1917 quae
1824 1849 2091 1905 adversus

2194 1847 2401 1907 ἐκεῖνος
2429 1847 2529 1916 τῆς
2570 1846 2912 1917 Ἐδεσσηνῶν
2942 1843 3335 1914 προεδρεύσας,
3393 1835 3770 1907 ἀποκηρύττε-

514 1932 923 1989 ecclesiasticas
985 1934 1413 1991 constitutiones
1462 1936 1603 1992 facta
1650 1948 1855 2005 essent,
1882 1940 2092 1996 vocife-

515 2036 666 2087 rans,
696 2024 1074 2094 synodumque
1114 2025 1339 2096 impiam
1390 2028 1695 2098 appellans,
1737 2039 1794 2084 et
1841 2033 2091 2087 subscri-

514 2113 763 2183 ptionem
793 2113 1028 2182 denique
1060 2130 1212 2168 suam
1241 2114 1397 2170 reddi
1429 2116 1531 2171 sibi
1559 2116 1835 2187 ﬂagitans.
1872 2118 2085 2175 Verum

519 2205 762 2276 synodus
806 2220 870 2260 ea
917 2206 983 2260 de
1011 2194 1176 2261 oauSa
1234 2207 1364 2261 huic
1401 2223 1622 2278 quoque
1679 2211 2083 2268 sacerdotalem

519 2295 727 2351 ademit
765 2295 1125 2368 dignitatem:
1166 2297 1218 2351 in
1260 2313 1368 2367 qua
1407 2310 1461 2353 et
1497 2298 1618 2354 lbas
1648 2300 1738 2355 ille
1779 2302 2122 2359 Edesseno-'

519 2403 641 2441 rum
664 2388 981 2460 episcopus,
1009 2399 1065 2445 et
1092 2391 1313 2460 sapiens
1331 2393 1691 2464 eruditusque
1723 2394 2093 2452 Tlieodoritus

524 2477 781 2533 Ecclesiae
831 2478 957 2551 Cyri
983 2490 1192 2551 pastor,
1229 2494 1494 2552 prmterea
1542 2484 1735 2539 Daniel
1769 2483 2090 2555 Carrarum,
2144 2489 2149 2494 “

521 2568 652 2623 item
711 2568 952 2624 Irenaeus
1004 2569 1156 2640 Tyri,
1212 2580 1269 2625 et
1332 2572 1626 2643 Aquilinns
1660 2573 1815 2645 Bybli
1845 2575 2092 2648 episcopi

524 2660 866 2717 exauctorati
897 2673 1049 2717 sunt.
1078 2662 1332 2717 Decrevit
1360 2663 1477 2719 haec
1509 2667 1751 2734 synodus
1778 2682 1996 2737 quoque
2023 2668 2093 2724 de

2191 1954 2308 1992 ται.
2363 1938 2486 1991 Ἔτι
2537 1937 2599 2007 δὲ
2630 1937 2982 2008 καθαιρεῖται
3031 1934 3127 1989 καὶ
3179 1935 3208 1986 ό
3262 1930 3430 1992 πολὺς
3470 1931 3528 1981 ὲν
3589 1927 3769 1993 λόγοις

2193 2028 2360 2098 σοφὸς
2385 2028 2757 2098 Θεοδώρητος,
2773 2028 2874 2098 τὴν
2896 2024 3192 2095 Κυρεστῶν
3224 2021 3544 2091 ποιμαίνειν
3568 2018 3767 2085 λαχώνο

2194 2118 2334 2189 πρὸς
2371 2119 2549 2189 τούτῳ
2580 2119 2637 2172 δὲ
2676 2121 2771 2173 καὶ
2805 2117 3007 2187 Δανιὴλ
3032 2116 3247 2187 Καρίας
3286 2115 3594 2174 ἐπίσκοπος
3613 2130 3628 2142 ·
3659 2112 3689 2163 ὅ
3714 2125 3771 2163 τε

2193 2210 2375 2281 Τύρου
2407 2211 2729 2281 Εἰρηναῖοςο
2759 2212 2855 2266 καὶ
2891 2210 3028 2278 πρός
3054 2225 3119 2277 γε
3157 2206 3442 2270 Ἀκυλίνος
3472 2207 3501 2259 ό
3538 2205 3770 2258 Βύϐλου.

2192 2302 2433 2374 Διῃτήθη
2477 2302 2534 2356 δὲ
2571 2302 2748 2375 ταύτῃ
2807 2301 2902 2355 καί
2963 2319 3086 2356 τινα
3139 2300 3457 2370 Σωφρονίου
3489 2299 3673 2369 χάριν,
3713 2297 3771 2361 ὃς

2193 2393 2295 2463 τὴν
2331 2392 2833 2448 Κωνσταντιναίων
2861 2394 3160 2447 ἐπεσκόπει
3191 2392 3270 2463 τῷ
3302 2391 3452 2455 τότε,
3499 2390 3599 2443 καὶ
3634 2388 3770 2444 ἄλλα

2192 2484 2316 2539 τινὰ
2346 2484 2381 2539 ἃ
2414 2486 2529 2549 τοῖς
2572 2485 2985 2556 γεγραμμένοις
3035 2484 3375 2554 ἀνείληπται.
3439 2483 3553 2537 Καὶ
3583 2484 3644 2536 τὸ
3676 2482 3772 2550 μιν

2192 2579 2251 2631 ὲν
2304 2575 2518 2648 Ἐφέσῳ
2542 2575 2837 2648 λῃστρικὸν
2878 2577 3156 2647 συνέδριον
3192 2574 3383 2630 τοῦτον
3420 2573 3647 2645 διελύθη
3682 2572 3772 2626 τὸν

2194 2671 2414 2739 τρόπον.

523 2754 836 2829 Sophronio
852 2758 1124 2831 quaedam,
1160 2760 1253 2829 qui
1286 2768 1399 2815 tum
1425 2758 1975 2832 Constantinopolim,
2046 2766 2286 2821 visendas
2334 2767 2456 2839 ejus
2516 2768 2709 2838 gratia,
2778 2775 3024 2835 venerat,
3054 2775 3113 2822 et
3140 2767 3245 2823 alia
3283 2768 3513 2839 insuper
3538 2780 3662 2838 qua:
3717 2766 3769 2820 in

507 2856 661 2915 actis
717 2858 1100 2912 continentur.
1138 2855 1535 2912 Praedatorium
1565 2857 1768 2928 Ephesi
1791 2861 2087 2918 concilium
2125 2863 2193 2919 ad
2222 2863 2370 2920 hunc
2396 2864 2635 2920 solutum
2660 2873 2750 2921 est
2782 2865 3027 2922 modum.

953 2968 1112 3039 551
1163 2968 1390 3026 CAPUT
1431 2970 1668 3029 XLVIII.
2118 2990 2164 3053 ε

525 3061 832 3144 ϐοηίιιιιειὲο
857 3062 1170 3148 eorumlqui
1197 3061 1631 3148 Christianorum
1658 3082 1816 3121 sacra
1862 3068 2094 3139 maligne

595 3133 915 3256 exagitant:
963 3140 1012 3185 et
1056 3131 1367 3188 ercarum
1398 3138 1777 3208 gentiliumque
1826 3131 2094 3209 nugar'um

564 3205 683 3257 'tra
729 3203 886 3257 actio.

594 3321 677 3377 Ne
708 3336 840 3377 vero
889 3321 968 3378 eis
1013 3322 1302 3395 quisquam
1350 3325 1446 3396 qui
1484 3326 1646 3384 aliter
1694 3328 1995 3399 opinantur
2039 3338 2097 3384 et

530 3412 690 3469 idolis
712 3413 916 3469 addicti
942 3423 1093 3476 sunt,
1114 3431 1215 3472 nos
1236 3418 1435 3484 rideat,
1454 3419 1684 3490 perinde
1705 3422 1860 3491 quasi
1887 3438 1986 3491 per
2008 3438 2096 3478 res

529 3521 698 3562 novas
719 3521 935 3578 semper
963 3506 1169 3579 aliquid
1200 3510 1268 3565 ad
1303 3511 1464 3567 iidem
1491 3511 1812 3577 efferamus,
1867 3525 1923 3569 et
1950 3515 2094 3587 apud

529 3608 633 3654 nos
675 3601 1009 3669 posteriores
1056 3601 1334 3671 prioribus
1389 3603 1679 3674 derogent.
1732 3606 1842 3660 Nos
1890 3608 2093 3661 etenim

528 3689 862 3745 ineﬂabilem
887 3700 1051 3760 atque
1082 3692 1695 3762 incomprehensibilem
1726 3696 1964 3767 Deierga
1992 3713 2095 3754 nos

532 3779 920 3852 benignitatem
951 3791 1008 3835 et
1056 3782 1492 3840 misericordiam
1545 3787 1909 3856 inquirentes,
1946 3804 2092 3844 eam-

529 3885 638 3939 que
696 3885 1043 3941 summopere
1070 3872 1253 3929 colere
1282 3884 1448 3945 atque
1494 3878 1843 3947 magniﬁcare
1861 3887 2093 3951 conten-

534 3962 748 4029 dentes,
795 3977 863 4019 eo
893 3962 1037 4034 quod
1069 3980 1182 4020 rem
1228 3982 1349 4021 eam
1381 3969 1603 4038 assequi
1629 3985 1738 4026 non
1774 3986 2089 4042 possumus,

532 4056 639 4112 huc
668 4065 831 4126 atque
858 4056 986 4113 illuc
1021 4073 1124 4113 nos
1170 4060 1558 4118 convertimus.
1590 4061 1781 4119 Nullus
1832 4082 1965 4122 sane
1995 4084 2093 4124 eo-

530 4164 646 4201 rum
674 4148 765 4219 qui
805 4149 857 4202 in
895 4149 1130 4206 luereses
1162 4151 1373 4221 delapsi
1409 4163 1558 4217 sunt,
1610 4154 1740 4209 illud
1767 4158 1824 4211 in
1861 4160 2095 4215 concilio

2722 2962 2729 2967 ’
2770 2980 3021 3035 neua.
3058 2981 3200 3037 MH'.

2209 3073 2547 3146 Ἀναλογία
2560 3072 2719 3146 πρὸς
2736 3072 3369 3146 τοὺς-διατῳθάζοντας
3386 3074 3463 3130 τὰ
3481 3079 3738 3146 ἡμέτερα
3752 3091 3771 3111 ⁸

2331 3142 2433 3196 καί
2469 3142 2805 3213 κατάλογος
2832 3143 2954 3198 τῶν
2998 3142 3377 3213 Ἑλληνικῶν
3398 3142 3627 3202 imiter.

2266 3321 2430 3375 Ἀλλά
2461 3323 2536 3393 μή
2564 3340 2649 3386 τις
2677 3324 2828 3394 ἡμᾶς
2852 3323 2963 3379 τῶν
2991 3323 3166 3387 ἄλλως
3191 3324 3550 3389 δοξαζόντων,
3578 3327 3672 3379 καὶ
3697 3327 3773 3380 εί-

2193 3414 2382 3481 δώλοις
2410 3418 2864 3487 προστετηκότων
2890 3416 3229 3487 ὲπιγελάσοι,
3257 3417 3335 3482 ὡς
3362 3419 3455 3472 ἀεὶ
3482 3421 3772 3491 καινότερα

2195 3510 2262 3579 τῇ
2311 3508 2495 3561 πίστει
2541 3510 2975 3581 ποριζομένους,
3023 3512 3120 3564 καὶ
3159 3510 3268 3565 τῶν
3320 3512 3603 3584 προτέρων
3647 3516 3770 3578 τοὺς

2196 3598 2484 3669 δευτέρους
2522 3598 2939 3670 καθαιροῦντας.
2983 3599 3180 3669 Ἦμετς
3222 3605 3325 3672 μὲν
3360 3607 3472 3677 γὰρ
3507 3588 3772 3679 τὴν-περί

2197 3693 2348 3763 ἡμᾶς
2390 3690 2683 3763 ἀδιήγητόν
2723 3709 2784 3746 τε
2828 3695 2925 3746 καὶ
2967 3694 3360 3764 ἀκατάληπτον
3400 3698 3539 3751 Θεοῦ
3581 3699 3773 3768 φίλαν-

2200 3784 2451 3858 θρωπίαν
2479 3786 2879 3855 ἀναδιφῶντες,
2911 3790 3006 3842 καὶ
3036 3790 3332 3859 ὑπερφυῶς
3363 3794 3651 3866 γεραίρειν
3677 3799 3770 3850 καὶ

2201 3875 2528 3947 μεγαλύνειν
2556 3877 2897 3949 βουλόμενοι,
2929 3880 3007 3951 τῷ
3033 3881 3472 3957 δυσκαταλήπτῳ
3503 3888 3597 3940 τοῦ
3630 3890 3773 3960 πράο

2196 3988 2406 4045 γματος
2434 3973 2588 4030 ἐνθεν
2616 3976 2872 4029 κάκεῖθεν
2900 3979 3350 4049 περιτρεπόμεθα
3368 3999 3385 4016 ο
3414 3983 3597 4048 οὐδεὶς
3645 3987 3772 4054 μέν-

2196 4084 2279 4120 τοι
2311 4068 2419 4120 τῶν
2452 4067 2533 4131 είς
2569 4067 2816 4138 αἱρέσεις
2846 4067 3249 4139 όλισοησάντων
3278 4072 3414 4126 αὐτὸ
3448 4075 3609 4128 τοῦτο
3646 4076 3771 4145 βλα-

2201 4164 2439 4231 σφημεῖν
2456 4163 2517 4215 τὸ
2529 4162 2684 4217 Θεῖον
2701 4162 3010 4238 ὴθέλησενῆ
3030 4166 3300 4237 ἀτιμάσαι
3319 4174 3766 4242 προηγουμέναιξ⁸

531 4243 803 4312 praecipue
844 4242 1058 4308 habuit,
1097 4253 1157 4296 ut
1192 4243 1439 4297 divinum
1482 4244 1695 4302 Numen
1742 4249 2091 4319 blaSphcmus

2202 4253 2337 4305 ἀλλὰ
2356 4254 2711 4326 λογισάμενος
2735 4259 2984 4327 κρεῖττον
2999 4262 3252 4330 ὲφευρείν
3268 4263 3370 4334 ήπε
3378 4282 3412 4334 ρ
3433 4267 3481 4317 oi
3500 4267 3577 4336 τῷ
3595 4269 3769 4340 χρόνῳ

531 4333 825 4388 maledicto
845 4337 1282 4390 autcoutumelia
1317 4337 1590 4394 alliceret:
1627 4341 1721 4395 sed
1747 4345 2091 4409 pramtantius

2202 4346 2610 4417 προειληφότες.
2658 4351 2774 4417 εἴγε
2819 4352 2937 4410 τόδε
2986 4333 3497 4422 πρεσϐεύσειεξτά
3546 4333 3769 4432 μὴν

531 4421 825 4492 quidquam
890 4439 949 4478 se
1004 4425 1348 4493 prolaturum
1405 4442 1547 4490 esse,
1627 4445 1791 4497 quam
1854 4431 2095 4510 majores

532 4516 777 4581 fecerint,
809 4518 855 4572 si
888 4517 992 4572 hoc
1022 4518 1102 4573 vel
1144 4518 1275 4573 illud
1302 4520 1702 4591 promulgaret,
1734 4521 2090 4579 existimavit.

529 4606 777 4663 Universi
824 4607 1406 4677 equidem‘communi
1480 4612 1727 4665 omnium
1774 4614 2091 4679 concordia,

529 4715 650 4768 quae
709 4699 783 4771 (l)
818 4701 1097 4771 praecipua
1146 4702 1427 4773 religionis
1468 4713 1665 4760 nostrae
1698 4715 1846 4767 sunt,
1874 4716 1932 4760 et
1972 4723 2093 4777 qua:

528 4791 708 4846 cultus
758 4791 930 4845 divini
986 4807 1208 4848 causam
1244 4795 1552 4858 continent,
1599 4795 1807 4864 capita,
1863 4797 2093 4866 proﬁte-

529 4900 672 4938 mur.
693 4883 931 4940 Triuitas
946 4885 1092 4940 enim
1110 4887 1164 4940 in
1198 4886 1401 4941 unitate
1422 4897 1637 4942 natura:
1659 4886 1858 4943 divinae
1877 4905 1908 4944 a
1929 4890 2092 4946 nobis

526 4976 941 5046 deprazdicatur
965 4994 978 5030 :
1014 4984 1071 5032 et
1096 4988 1219 5032 ante
1245 4977 1536 5032 luciferum
1576 4980 2091 5049 supersubstantiali

523 5066 672 5123 Patri
727 5069 941 5140 genitus
976 5069 1120 5125 Deus
1148 5068 1410 5134 Verbum,
1435 5070 1579 5140 quod
1613 5070 1897 5127 nativitate
1925 5074 2095 5133 altera

529 5165 847 5235 incorrupte
900 5175 1124 5235 propter
1182 5164 1506 5219 immensam
1581 5180 1709 5238 erga
1742 5186 1751 5219 ι
1781 5177 2091 5225 creaturam

526 5267 681 5307 suam
733 5253 1167 5310 misericordiam
1219 5266 1442 5308 carnem
1478 5254 1797 5325 assumpsit.
1848 5256 2002 5322 Quod
2042 5259 2088 5315 si

527 5354 791 5412 praeterea
814 5354 1042 5416 propter
1087 5338 1379 5400 obscuram
1430 5342 1685 5399 Numinis
1716 5347 2084 5418 cognitionem

522 5431 774 5488 homines
826 5434 957 5489 novi
1015 5433 1314 5505 quidquam
1335 5434 1596 5501 aderunt,
1637 5451 1750 5493 non
1779 5451 2007 5504 novum,
2032 5440 2084 5494 id

516 5531 619 5586 est,
656 5526 803 5595 quod
833 5527 1003 5592 Deus,
1030 5527 1360 5596 utequidem
1388 5519 1541 5595 puto,
1572 5538 1861 5598 propterea
1907 5532 2085 5590 libero

517 5616 752 5673 arbitrio
807 5621 991 5675 locum
1036 5619 1273 5687 dederit,
1315 5627 1374 5675 ut
1395 5619 1640 5676 Ecclesia
1668 5623 1783 5691 ejus
1815 5626 2085 5684 catholica

589 5795 665 5869 (ί)
693 5776 992 5852 Συνεκτικὰ
1028 5799 1121 5854 καὶ
1152 5799 1338 5873 κύρια.
1365 5802 1559 5868 Evagr.
1585 5802 1678 5858 lib.
1712 5817 1749 5866 t,
1785 5819 1905 5870 cap.
1942 5808 1996 5863 :2.

2199 4439 2354 4490 κοινὰ
2387 4440 2482 4493 καὶ
2513 4443 2702 4511 καίρια
2733 4444 2826 4496 καὶ
2860 4447 3299 4518 συνεκτικὼτερα
3330 4450 3430 4519 τῆς
3469 4453 3765 4525 θρησκείας

2195 4526 2403 4581 ἅπασιν
2439 4531 2789 4603 ὡμολόγηται
2816 4552 2827 4564 ·
2875 4535 3047 4606 Τριάς
3089 4537 3197 4609 γὰρ
3236 4542 3295 4593 τὸ
3341 4546 3765 4613 κηρυττόμενον.

2196 4621 2255 4672 ἐν
2285 4621 2487 4689 μονάδι·
2506 4624 2722 4691 φύσεως
2751 4631 3155 4708 γνωριζόμενον
3180 4648 3194 4662 ·
3228 4638 3323 4686 καὶ
3350 4636 3378 4687 ό
3407 4638 3517 4705 πρὸ
3548 4642 3765 4709 (proced-

2197 4727 2293 4779 ρου
2341 4714 2623 4783 γεννηθεὶς
2670 4715 2802 4781 Θεὸς
2852 4721 3025 4788 Λόγος
3069 4722 3148 4794 τῷ
3200 4725 3514 4799 ύπερουσίῳ
3564 4734 3762 4802 Πατρὶ,

2196 4806 2378 4871 σάρκα
2428 4807 2937 4879 προσειλημμένος,
2988 4813 3218 4886 δευτέρᾳ
3266 4819 3517 4890 γεννήσει
3571 4824 3765 4895 ἀῤῥεύο

2197 4911 2336 4958 στως
2369 4898 2543 4964 φειδοῖ
2571 4898 2665 4952 τοῦ
2699 4901 3040 4972 πλάσματος.
3071 4907 3132 4960 Et
3160 4907 3209 4961 δ’
3231 4910 3325 4963 ἐπὶ
3354 4911 3575 4978 τούτοις
3608 4922 3766 4970 καινά

2168 5003 2315 5040 -τινα
2336 4988 2414 5058 τῷ
2445 4990 2575 5060 περὶ
2605 4990 2666 5044 τὸ
2695 4991 2851 5046 Θεῐον
2874 4996 3053 5068 ἀδήλῳ
3081 5001 3195 5064 τοῖς
3224 5002 3546 5073 ἀνθρώποις
3576 5026 3766 5063 νεωτε-

2199 5078 2433 5149 ρίζεται,
2466 5082 2529 5135 τὸ
2549 5082 2739 5138 καινὸν
2770 5086 2959 5141 οὐδέν·
2984 5089 3121 5144 Θεοῦ
3155 5109 3245 5162 γε,
3273 5090 3451 5164 οἶμαι,
3479 5099 3559 5169 τῷ
3583 5102 3765 5167 αὖτεξο

2194 5171 2367 5242 ουσίῳ
2399 5172 2585 5245 χώραν
2630 5175 2902 5247 διδόντος,
2936 5179 3006 5234 ἶν’
3040 5183 3290 5239 ἐντεῦθεν
3322 5188 3356 5258 ή
3392 5190 3566 5244 αὐτοῦ
3601 5195 3759 5248 καθο-

2194 5261 2320 5334 λικὴ
2336 5265 2654 5337 Ἐκκλησία,
2675 5272 2928 5326 κάκεῖθεν
2942 5276 3005 5327 τὸ
3024 5281 3103 5341 είς
3121 5277 3353 5351 διάφορα
3374 5290 3757 5358 μεταρῥὲπειν,

2196 5356 2329 5422 πρὸς
2361 5358 2421 5409 τὸ
2451 5358 2571 5413 δέον
2602 5362 2698 5415 καὶ
2731 5364 3121 5438 εὐσεϐέστερον
3158 5372 3361 5439 μᾶλλον
3391 5377 3465 5430 τὰ
3498 5356 3759 5450 λεγόμενα

2194 5448 2610 5518 αἰχμαλωτίσοι,
2648 5456 2744 5508 καὶ
2774 5457 2915 5524 πρὸς
2946 5459 3076 5527 μίαν
3102 5461 3220 5515 ὁδὸν
3248 5464 3467 5521 εὐθεῖαν
3496 5474 3589 5524 xui
3631 5448 3757 5526 άπερ

2194 5538 2467 5611 ξεσμὲνην
2509 5543 2609 5614 τὴν
2659 5548 2754 5599 τοῦ
2806 5548 3041 5618 ἀληθοῦς
3096 5553 3298 5628 δηλαδή
3357 5559 3581 5631 εὕρεσιν
3627 5568 3757 5620 αὐτὶ

2194 5634 2512 5705 ποδηγήσοι,
2546 5637 2634 5707 ἐφ’
2659 5631 2704 5709 ᾧ
2734 5643 2826 5694 καὶ
2858 5643 3005 5710 μάλα
3048 5646 3344 5717 σύμφωνον
3379 5654 3558 5709 ἐκεῖνο
3590 5659 3648 5712 τὸ
3680 5663 3751 5731 τῷ
