4036 6572
268 399 406 464 1°29

1194 380 1795 455 ECCLESIASTlC/E
1832 390 2223 452 HlSTORI/E
2260 390 2403 452 LIB.
2449 375 2607 450 'Xt'v.

3391 389 3523 455 12m

266 513 581 584 Ἀποστόλῳ
615 511 783 584 ῥηθὲν
812 509 1048 581 εὓρηται
1076 525 1089 543 ι
1125 509 1224 563 Δεῖ
1254 508 1321 563 δὲ
1356 507 1453 561 καί
1485 505 1748 573 αἱρέσεις
1781 503 1843 556 ἐν

1953 512 2010 558 et
2050 504 2350 573 apostolica
2378 502 2505 556 hinc
2546 511 2602 555 et
2648 500 2771 554 inde
2836 499 2903 555 ad
2953 501 3202 558 diversas
3231 501 3523 573 opiniones

262 605 407 669 ὑμῖν
431 601 618 668 εἶναι,
650 604 753 658 ἵνα
783 605 880 657 καί
911 605 965 657 οἰ
996 602 1228 664 δόκιμοι
1252 587 1505 671 ’φανεροί
1537 598 1832 668 γίνωνται.

1940 595 2243 665 appellcus,
2269 595 2413 650 dicta
2434 594 2644 652 omnia,
2676 609 2777 663 pro
2808 607 2875 649 eo
2910 604 3076 663 atque
3133 595 3315 660 decet,
3344 597 3524 666 capti-

273 690 432 763 Ἐμολ
467 695 523 748 δὲ
561 696 664 749 κάν
696 692 1215 773 τούτῳκθαυμάζιιν
1247 694 1347 763 τὴν
1382 694 1624 766 ἄρρητον
1659 690 1837 744 ἔπεισι

1943 696 2050 747 vet,
2097 695 2149 743 et
2186 686 2253 741 ad
2317 684 2589 740 veriorem
2624 688 2879 754 pietatem
2914 684 3138 749 referat,
3217 701 3392 756 eaque
3458 687 3525 739 ad

153 860 161 867 .
260 786 357 842 τοῦ
398 787 533 841 Θεοῦ
581 788 795 857 σοφίαν.
834 788 925 842 διά
963 787 1059 840 τοῦ
1104 786 1269 841 αὐτοῦ
1295 786 1627 841 Ἀποστόλου
1671 783 1839 837 πάλαι

266 880 639 950 προειποῦσαν
666 896 681 912 ·
724 881 788 934 Ἠ
828 878 940 950 γὰρ
984 880 1242 949 δύναμίς
1282 895 1403 949 μου
1446 878 1516 931 ἐν
1558 877 1841 943 ἀσθενείᾳ

264 969 618 1024 τελειοῦται.
654 969 732 1039 Τῇ
765 972 875 1038 γὰρ
906 970 1161 1041 ἀσθενείᾳ
1190 971 1289 1035 τῆς
1319 968 1556 1039 ἀληθοῦς
1588 968 1841 1034 γνώσεως

263 1062 607 1132 διερρωγότα
638 1061 705 1114 τά
750 1062 889 1131 μέλη
926 1060 1025 1130 τῆς
1053 1058 1419 1128 Ἐκκλησίας,
1453 1058 1515 1112 τὸ
1556 1057 1711 1121 ιύθδς
1750 1058 1846 1110 καὶ

265 1151 643 1221 ἀπεξεσμένον
687 1150 798 1203 τῶν
838 1152 1127 1221 δογμάτων
1169 1150 1523 1222 ᾠκοδομήθη,
1565 1154 1661 1204 καὶ
1709 1149 1846 1219 πρὸς

277 1244 505 1312 μείζονα
535 1242 634 1313 τὴν
666 1242 837 1313 αὔξην
866 1244 1109 1297 ἐπέδωκε
1130 1284 1144 1307 ,
1176 1242 1317 1312 πρὸς
1344 1228 1600 1313 οὐράνιόν
1629 1258 1687 1293 τε
1718 1242 1845 1294 ἀνέ-

273 1335 486 1404 δραμεν
517 1330 721 1404 ὕψωμα
755 1337 789 1406 ἡ
824 1334 1089 1405 καθολικὴ
1123 1334 1221 1391 καί
1252 1333 1585 1405 ἀποστολικὴ
1610 1331 1847 1403 Ἐκκλη-

271 1428 383 1480 σία.
414 1428 478 1480 Oi
510 1427 565 1479 δὲ
595 1429 694 1497 τῆς
723 1426 1046 1497 Ἑλληνικῆς
1076 1425 1363 1497 τερθρείας
1393 1424 1753 1494 ἐντραφέντες
1780 1427 1848 1495 τῇ

270 1518 474 1591 πλάνῃ,
500 1516 626 1571 οὔτε
648 1518 784 1596 θεὸν
806 1519 834 1571 ὃ
858 1519 912 1573 τί
935 1518 1070 1572 ποτέ
1092 1520 1213 1572 ἐστι
1239 1517 1557 1588 βουλόμενοι
1580 1516 1848 1587 ἐξευρεῖν,

262 1611 298 1679 ἢ
329 1612 429 1678 τὴν
458 1611 738 1681 ἄφραστον
766 1611 931 1665 αὑτοῦ
960 1613 1052 1665 καὶ
1080 1611 1468 1679 ἀκατάληπτον
1497 1609 1848 1680 κηδεμονίαν,

263 1698 536 1769 ἀλλήλους
581 1716 642 1751 τε
690 1699 783 1751 καί⁵
829 1700 1060 1762 ἑαυτοὺς
1110 1699 1262 1752 ἐστιν
1306 1699 1397 1752 ὅτε
1445 1696 1809 1751 καταλύουσιν
1835 1712 1851 1728 ο

262 1789 404 1843 ἀλλά
430 1791 662 1853 πολλοὺς
690 1791 788 1845 καὶ
809 1789 1088 1853 ποικίλους
1110 1788 1451 1852 ἐπινοοῦντες
1472 1789 1654 1856 θεοὺς,
1683 1804 1855 1858 προσ-

1943 794 2106 833 unam
2175 788 2376 834 rectam
2438 778 2769 847 plauamqne
2863 776 3029 840 viam,
3081 777 3332 833 veritatis
3421 777 3526 832 sci-

1945 873 2073 932 licet
2124 872 2520 936 inventionem,
2564 871 2820 926 deducat.
2877 870 2976 927 Cui
3038 873 3328 946 sententia:
3388 872 3520 926 illud

1945 964 2150 1019 dictum
2182 963 2338 1017 valde
2369 978 2672 1018 consonum
2704 962 2773 1016 ab
2798 960 3061 1031 Aposmlo
3103 972 3189 1017 est
3213 964 3481 1032 prolatum
3508 982 3521 1016 :

1952 1075 1970 1109 ι
2006 1056 2221 1124 Oportet
2282 1065 2456 1112 autem
2508 1058 2731 1111 Itwreses
2771 1057 2928 1131 etiam
2986 1057 3051 1109 in.
3094 1055 3233 1109 vobis
3279 1072 3407 1121 esse,
3468 1065 3524 1110 ut

1946 1150 2035 1218 qui
2073 1149 2278 1211 probati
2319 1157 2467 1215 sunt,
2489 1134 2756 1219 manifesti
2783 1148 2919 1217 ﬁant
2947 1149 2986 1202 ‘.
3012 1149 3126 1213 Qua
3158 1149 3210 1200 in
3243 1165 3300 1202 re
3330 1147 3525 1202 ineﬂ’a-

1948 1242 2116 1297 bilem
2166 1256 2385 1312 quoque
2410 1242 2507 1296 Dei
2558 1240 2885 1310 sapientiam
2953 1241 3138 1294 mirari
3202 1240 3357 1305 libet,
3405 1256 3527 1309 qum

1949 1334 2081 1391 olim
2132 1350 2231 1403 per
2260 1332 2581 1402 Apostolum
2643 1348 2804 1386 suum
2838 1326 3128 1402 prtedix‘tt:
3176 1332 3351 1384 Virtus
3380 1331 3527 1383 enim

1952 1441 2092 1486 mea,
2130 1424 2417 1494 inquiens,
2466 1424 2526 1477 in
2567 1422 2886 1493 inﬁrmitate
2934 1422 3207 1490 perﬁcitur
3235 1424 3276 1476 ’.
3336 1422 3410 1476 Ex
3463 1437 3531 1475 eo

1953 1532 2193 1585 namque
2223 1516 2372 1587 quod
2394 1527 2622 1588 propter
2656 1517 3085 1570 imbecillitatem
3142 1532 3283 1569 sera:
3344 1517 3531 1584 cogni-

1954 1611 2123 1665 tionis
2164 1619 2354 1682 partes
2402 1612 2649 1680 quaedam
2705 1614 2775 1665 ab
2813 1610 3072 1665 Ecclesiae
3112 1620 3389 1665 structura
3440 1625 3529 1664 re-

1955 1713 2120 1759 secta:
2142 1712 2292 1771 sunt,
2328 1703 2585 1775 dogmata
2610 1715 2758 1759 recta
2798 1713 2853 1758 et
2884 1703 3042 1773 plana
3078 1718 3175 1773 per
3209 1700 3529 1756 a-diiicatio-

1956 1810 2083 1850 nem
2120 1796 2417 1852 constituta
2459 1806 2609 1861 sunt,
2635 1807 2691 1853 et
2725 1796 3080 1853 incrementis
3126 1794 3430 1865 majoribus
3461 1794 3527 1846 ad

264 1884 471 1953 φόρους
501 1887 616 1946 τοῖς
667 1884 822 1952 σφῶν
864 1880 1269 1952 ἐπιφημίζουσι
1319 1881 1561 1935 πάθεσι·
1600 1878 1843 1949 συγγνώ-

1951 1889 2228 1945 cmlestem
2297 1889 2691 1945 sublimitatem
2728 1888 3056 1943 universalis
3109 1896 3165 1940 et
3229 1884 3528 1955 apostolica

268 1993 402 2047 μην,
437 1976 514 2039 ὡς
550 1975 617 2029 ἀν
649 1993 736 2040 τις
771 1977 936 2042 εἴποι,
975 1977 1087 2039 ταῖς
1124 1974 1287 2039 ἰδίαις
1322 1973 1641 2037 ἀκολασίαις
1676 1990 1849 2044 προσ-

264 2064 661 2139 ποριζόμενοι,
704 2068 901 2133 ἀλλους
946 2069 1035 2122 ἐπ’
1064 2067 1259 2132 ἀλλους
1301 2065 1693 2139 χειροτονοῦσι.
1738 2066 1849 2120 Καὶ

260 2161 401 2232 δῆτα
434 2165 462 2216 ό
493 2163 623 2233 παρ’
644 2163 828 2226 αὐτοῖς
857 2162 1087 2225 ὕστατος
1116 2164 1314 2231 πατὴρ
1341 2154 1580 2230 ἀνδρῶν
1603 2176 1668 2214 τε
1695 2159 1849 2214 θεῶν

262 2270 350 2320 τε,
382 2255 478 2308 τὸν
506 2255 794 2309 νεανίσκον
820 2253 1009 2326 Φρύγα
1040 2256 1116 2319 εἰς
1145 2255 1334 2325 ὄρνεον
1359 2254 1456 2324 τὴν
1486 2252 1649 2323 φύσιν
1679 2269 1847 2324 μετα-

260 2346 468 2412 ϐαλὼν,
514 2346 867 2417 ἀνάρπαστον
908 2347 968 2411 ἐξ
1009 2346 1301 2415 ἀσελγείας
1343 2348 1519 2399 ἐποίει
1545 2360 1559 2374 '
1605 2347 1704 2399 καὶ
1743 2344 1847 2415 τὴν

257 2438 614 2509 ἀντιμισθίαν
665 2438 765 2508 τῆς
817 2439 1215 2509 αἰσχρουργίας
1267 2440 1470 2493 κύλικα
1520 2438 1844 2511 ἐχαρίζετο,

258 2531 569 2603 ἐπιτρέψας
613 2530 903 2601 προπίνειν
945 2534 1042 2601 τὴν
1086 2533 1448 2603 φιλοτησίαν·
1491 2532 1558 2586 ἰν*
1585 2532 1721 2603 ὁμοῦ
1766 2530 1847 2602 τῷ

258 2624 488 2692 νέκταρι
516 2623 611 2676 καλ.
634 2623 706 2689 τὰ
732 2622 913 2691 ὀνείδη
937 2624 1035 2693 τῆς
1064 2624 1279 2694 ὕϐρεως
1304 2625 1458 2696 κοινῇ
1488 2623 1718 2680 πίνοιεν.
1748 2624 1847 2685 Ὃς

255 2715 400 2787 δῆτα
450 2717 542 2769 καί
596 2715 813 2779 πολλοῖς
857 2717 1039 2781 ἀλλοις
1082 2735 1190 2772 των
1233 2719 1491 2788 ἀθέσμων
1529 2717 1713 2789 ἔργων
1751 2717 1846 2770 καὶ

258 2808 519 2879 πράξεων
539 2850 555 2874 ,
587 2807 625 2862 ἀ
661 2810 756 2861 καὶ
783 2812 901 2872 τοῖς
931 2809 1053 2863 λίαν
1082 2810 1298 2873 οὐδενὸς
1327 2809 1499 2875 ἀξίοις
1531 2809 1848 2881 ἀπηγόρευ-

257 2914 389 2963 ται,
423 2898 504 2960 εἰς
538 2897 801 2960 παντοίας
835 2898 981 2961 ἰδέας
1015 2899 1231 2966 ἀλόγων
1266 2898 1841 2970 μετασχηματισθεὶς,

257 2988 509 3061 αἰσχρῶς
537 2991 724 3061 ᾑρεῖτο
753 2989 903 3058 βιοῦν
924 3006 939 3021 δ
972 2991 1068 3043 καί
1092 2989 1211 3059 θεὸς
1239 2991 1568 3062 ἀνδρόγυνος
1593 2990 1805 3061 γίνεται
1826 3032 1842 3059 ,

257 3081 311 3132 εἰ
340 3083 437 3134 καὶ
471 3082 549 3151 μὴ
576 3084 642 3153 τῇ
674 3085 895 3152 γαστρὶ,
924 3082 1002 3153 τῷ
1038 3099 1102 3151 γε
1128 3082 1225 3141 νῦν
1256 3082 1438 3155 μηρῷ,
1467 3084 1755 3156 κυοφορῶν
1781 3084 1843 3138 τὸ

255 3173 451 3237 ἀτελὲς
490 3173 732 3245 ἔμϐρυον
758 3189 774 3206 ·
812 3176 902 3229 ἶνα
944 3193 1057 3238 πως
1099 3178 1202 3229 κάν
1235 3178 1447 3241 τούτοις
1485 3177 1591 3244 ἔξω
1627 3177 1844 3245 φύσεως
1870 3217 1912 3275 c

254 3266 319 3316 τὸ
351 3265 730 3337 πραττόμενον
757 3268 842 3336 εἰη
872 3283 886 3298 ⁸
918 3268 978 3334 ἐξ
1004 3267 1065 3320 οὗ
1095 3267 1334 3337 προῆλθε
1367 3268 1464 3321 καί
1490 3270 1549 3321 τὸ
1578 3268 1843 3339 διθύραμ-

256 3357 354 3412 ϐον
382 3358 573 3429 κύημα
597 3375 611 3390 ·
643 3358 717 3423 ὡς
748 3359 814 3412 ἂν
844 3360 937 3413 καὶ
964 3361 1098 3430 πρὸς
1128 3360 1397 3432 ἑκατέραν
1430 3360 1710 3433 ἰνυϐρίσοι
1742 3360 1844 3430 φύ-

256 3465 347 3502 σιν
399 3448 521 3512 θεὸς
572 3449 902 3521 ὀρχούμενος
953 3453 1012 3503 ὲν
1066 3453 1419 3524 ἀνδρογύνοις
1472 3453 1837 3523 λιγύσμασιν,

254 3539 492 3610 ἔξαρχος
523 3540 695 3611 μέθης
714 3580 730 3606 ,
762 3543 1075 3612 κραιπάλης
1105 3560 1165 3596 τε
1182 3545 1293 3597 -καί
1324 3544 1676 3613 οἰνοφλυγίας
1695 3586 1711 3612 ,
1747 3547 1841 3599 καί

254 3648 324 3701 γε
351 3632 750 3703 ἑωλοκρασίας,
779 3635 874 3687 καὶ
898 3634 1008 3687 τῶν
1031 3637 1097 3688 ἐκ
1125 3634 1233 3688 τῶν
1258 3636 1516 3690 τοιούτων
1541 3637 1843 3708 ἀπορρεόν-

253 3740 367 3778 των
398 3725 613 3782 δεινῶν.
649 3724 841 3796 Τούτῳ
886 3726 952 3797 δὴ
984 3726 1064 3797 τῷ
1098 3727 1217 3800 Θεῷ
1247 3728 1325 3797 τῷ
1360 3728 1693 3802 ὲριϐρεμέτῃ
1714 3769 1728 3792 ,
1764 3730 1843 3799 τῷ

255 3818 513 3889 αἰγιόχῳ,
558 3822 653 3875 καὶ
703 3820 834 3875 ἀλλο
885 3821 1231 3893 ὑπέρσεμνον
1275 3821 1597 3893 χαρίζονται
1643 3822 1839 3893 δνομα,

259 3911 601 3982 πατραλοίαν
629 3913 1037 3977 ἀποκαλοῦντες
1065 3914 1162 3984 τὴν
1192 3914 1434 3985 ὲσχάτην
1464 3916 1561 3969 καὶ
1612 3916 1841 3985 πρώτην

259 4007 398 4078 παρ’
422 4006 736 4078 ἀνθρώποις
776 4012 970 4079 ποινήν
991 4022 1007 4037 ⁸
1040 4009 1138 4063 am
1173 4009 1239 4075 δὴ
1279 4011 1484 4081 Κρόνον
1517 4011 1605 4063 τὸν
1640 4012 1840 4064 οἰκεῖον

258 4098 477 4165 πατέρα
504 4098 857 4166 προσήκοντα
885 4099 1027 4167 δρῶν
1055 4095 1131 4161 ὡς
1157 4098 1399 4153 τοιοῦτον
1423 4098 1502 4169 τῷ
1530 4098 1631 4170 βίῳ
1660 4117 1840 4171 παραο

258 4189 506 4263 γαγόντα
544 4190 636 4243 καί¹
668 4191 911 4261 αἰσχρῶς
943 4192 1041 4261 τῆς
1074 4192 1253 4262 ἀρχῆς
1288 4191 1658 4263 ὲξωθήσαντα.
1692 4192 1759 4245 Τί
1795 4193 1841 4246 δ’

255 4281 324 4334 ἀν
370 4297 455 4343 τις
500 4282 648 4334 εἴποι
691 4286 824 4351 περί
871 4282 972 4351 τῆς
1019 4282 1451 4354 θεουργηθείσης
1497 4286 1629 4355 παρ’
1657 4286 1859 4349 αὐτοῖς.

258 4373 556 4442 πσρνείαςς
591 4367 659 4445 ἦς
701 4372 896 4444 ἔφορον
921 4373 1252 4445 Ἀφροδίτην
1282 4374 1380 4444 τὴν
1410 4375 1708 4447 κοχλογενῆ
1742 4376 1842 4448 τὴν

257 4463 519 4533 Κυπρίαν
547 4465 841 4532 ὲφιστῶσιν
862 4482 875 4495 ο
905 4465 939 4536 ἢ
968 4466 1066 4536 τὴν
1099 4466 1197 4535 μὲν
1228 4466 1589 4537 σωφροσύνην
1615 4468 1690 4531 ὡς
1719 4472 1842 4523 ὲνα-

1948 1981 2193 2037 Ecclesia
2220 1980 2482 2037 excurrit.
2516 1980 2619 2048 Qui
2658 1992 2785 2035 vero
2815 1981 2867 2035 in
2902 1979 3226 2035 seductiune
3255 1986 3311 2031 et
3336 1992 3527 2032 errore

1947 2072 2149 2130 (ἔνεικε
2197 2074 2611 2146 superstitionis
2675 2068 2890 2130 educati
2942 2082 3107 2135 sunt,
3168 2071 3329 2142 552
3405 2085 3531 2141 pro-

1948 2176 2136 2236 pterea
2185 2167 2333 2238 quod
2387 2183 2565 2237 neque
2614 2168 2823 2228 Deum,
2878 2167 3141 2235 quidnam
3199 2172 3304 2224 sit.
3351 2176 3528 2232 nequa

1950 2259 2281 2317 ineﬂabilem
2351 2259 2472 2331 ejus
2539 2270 2594 2316 et
2660 2258 3276 2329 iucmnprebensibilem
3337 2270 3525 2312 curam

1941 2361 2111 2427 atque
2148 2353 2549 2424 providentiam
2595 2353 2841 2408 invenire
2894 2353 3088 2415 velint,
3138 2351 3230 2406 alii
3292 2350 3525 2404 aliorqu

1950 2443 2095 2498 inter
2125 2458 2206 2509 se,
2245 2453 2410 2513 atque
2443 2444 2544 2514 ipsi
2570 2444 2901 2513 quandoque
2930 2458 3058 2498 suas
3080 2442 3245 2498 etiam
3279 2442 3527 2509 ipsorum

1945 2536 2249 2590 sententias
2277 2534 2553 2590 refellunt.
2601 2535 2669 2589 Et
2714 2535 2918 2590 multos
2964 2534 3254 2601 variosque
3300 2533 3530 2588 commi-

1946 2626 2224 2681 niscentes
2251 2625 2419 2688 deos,
2470 2626 2790 2681 nominibus
2840 2640 2939 2680 eos
2983 2639 3105 2693 qua:
3144 2624 3531 2680 aﬂectionibus

1930 2716 2062 2787 .suis
2085 2717 2416 2772 conveniant
2448 2725 2877 2787 prosequuntur.
2917 2716 2985 2770 Et
3014 2730 3141 2770 cum
3176 2716 3315 2773 alios
3358 2731 3529 2785 super

1945 2808 2084 2864 alios
2115 2808 2219 2863 sibi
2254 2809 2356 2879 ipsi
2389 2809 2683 2880 designant
2713 2818 2770 2864 et
2794 2808 3027 2877 eligunt,
3064 2809 3305 2873 veniam,
3336 2817 3397 2863 ut
3425 2807 3530 2862 ali-

1944 2900 2071 2969 quis
2094 2899 2263 2966 dicat,
2283 2901 2516 2971 lmpuris
2540 2900 2864 2957 libidinibus
2886 2900 3003 2955 suis
3032 2909 3401 2970 aucupantur.
3433 2899 3527 2956 Sic

1944 2994 2039 3065 qui
2070 2994 2219 3065 apud
2248 2994 2370 3050 illos
2392 3001 2479 3049 est
2502 3008 2752 3050 summus

2238 3127 2595 3184 ...Hominum
2617 3138 2772 3201 pater
2798 3137 2956 3200 atque
2996 3128 3239 3193 deorum,

1946 3277 2146 3325 natura
2175 3283 2276 3322 sua
2306 3265 2362 3321 in
2409 3281 2565 3321 avem
2598 3280 2772 3331 versa,
2807 3263 2939 3321 ﬁndi
2981 3263 3157 3335 stupri
3187 3265 3361 3336 gratia
3391 3265 3527 3321 ado-

1945 3361 2311 3420 lescentulum
2333 3360 2602 3432 Phrygem
2624 3360 2829 3431 rapuit,
2847 3368 2904 3415 et
2925 3375 3020 3429 pro
3044 3361 3297 3432 mercede
3323 3360 3526 3432 impuri

1946 3454 2139 3527 ﬂagitii
2171 3454 2434 3526 pecu-ium
2489 3455 2542 3510 ei
2579 3453 2757 3511 dedit.
2814 3462 3083 3523 potestate
3112 3454 3201 3508 illa
3234 3455 3524 3524 permissa,

1948 3557 2011 3601 ut
2038 3548 2145 3603 sibi
2177 3547 2277 3603 ille
2314 3547 2757 3604 benevolentiam
2801 3556 2858 3601 et
2894 3560 3139 3601 amorem
3182 3548 3522 3616 propinaret,

1946 3650 2003 3697 et
2062 3649 2294 3710 uterque
2351 3639 2515 3695 simul
2575 3655 2699 3694 cum
2763 3647 2989 3693 nectare
3048 3639 3521 3709 constupratiouis

1945 3733 2209 3802 probrum
2262 3739 2321 3788 et
2375 3730 2619 3785 dedecus
2660 3740 2893 3799 putaret.
2927 3729 3031 3797 Qui
3060 3730 3286 3800 insuper
3336 3731 3525 3784 multis

1944 3808 2069 3881 aliis
2113 3824 2343 3879 nefariis
2379 3824 2705 3889 sceleribus,
2741 3839 2864 3892 qua:
2914 3823 3078 3879 etiam
3123 3823 3332 3878 nullius
3362 3823 3522 3894 pretii

1947 3915 2267 3971 hominibus
2304 3930 2563 3969 concessa
2594 3930 2703 3968 non
2733 3923 2884 3977 sunt,
2916 3914 2970 3968 in
3018 3916 3195 3969 varias
3227 3917 3520 3968 irrationa-

1944 4010 2080 4064 lium
2134 4008 2496 4063 animantium
2553 4008 2770 4083 Species
2801 4005 3245 4069 transformatns,
3284 4005 3523 4074 turpiter

1942 4101 2048 4155 sibi
2078 4101 2245 4155 vitam
2292 4098 2593 4169 degendam
2640 4098 2872 4152 statuit:
2914 4106 2969 4150 et
3016 4097 3388 4165 androgynus,
3417 4111 3520 4148 an-

1943 4196 2208 4266 cipitique
2250 4195 2393 4248 inter
2428 4208 2634 4245 marem
2689 4202 2744 4244 et
2798 4189 3058 4245 feminam
3092 4202 3225 4242 sexu
3271 4187 3407 4241 deus
3439 4188 3516 4259 fa-

1943 4297 2089 4348 ctus,
2121 4301 2232 4341 non
2283 4284 2535 4353 equidem
2567 4282 2619 4334 iu
2669 4290 2884 4344 ventre,
2931 4278 3026 4332 sed
3062 4278 3270 4332 iemorc
3300 4287 3519 4331 uterum

1943 4384 2182 4446 gestans.
2226 4373 2606 4443 imperfectum
2664 4372 2788 4424 tulit
2835 4368 3043 4433 fetmu,
3087 4378 3146 4422 ut
3176 4384 3241 4423 ea
3301 4384 3520 4438 quoque

1948 4482 2038 4523 res
2067 4477 2264 4536 praeter
2297 4476 2546 4520 naturam
2588 4464 2764 4518 ﬂeret.
2798 4462 2951 4519 Unde
2976 4462 3362 4533 dithyrambus
3421 4478 3518 4517 seu

256 4554 354 4623 γὶς
393 4556 749 4622 ἀπεσείσατο,
784 4557 1007 4621 ἀτόποις
1049 4556 1104 4608 δὲ
1145 4558 1281 4609 πᾶσι
1319 4557 1508 4626 σχεδὸν
1547 4561 1840 4629 αἰσχρουρ-

1945 4559 2029 4615 bis
2056 4561 2277 4629 genitus
2304 4558 2485 4613 infans
2504 4557 2729 4626 prodiit,
2762 4556 2857 4625 qui
2884 4556 3103 4624 utrique
3132 4567 3343 4610 natur-.e
3366 4556 3494 4626 igne

256 4650 505 4718 γήμασιν
531 4647 790 4718 ήδομὲνη,
822 4648 909 4700 διὰ
939 4648 1146 4701 τούτων
1177 4652 1272 4702 καὶ
1303 4650 1686 4714 ἐξιλάσκεσθαι
1717 4651 1842 4719 βούο

254 4740 438 4793 λεταισ
468 4740 588 4811 μεθ’
605 4736 672 4810 ἦς
695 4742 759 4792 Ἀ
771 4758 868 4809 ρης
893 4742 1248 4809 ἀσχημονῶν,
1273 4744 1490 4811 τέχναις
1514 4741 1838 4811 Ἡφαίστου,

253 4831 353 4884 καὶ
386 4831 745 4900 μηχανήμασι
774 4833 885 4893 τοῖς
920 4832 1125 4891 λοιποῖς
1154 4833 1263 4882 τῶν
1296 4830 1435 4884 θεῶν
1466 4831 1840 4903 θεατρίζεται,

255 4920 591 4992 παιζόμενός
631 4937 693 4972 τε
737 4922 872 4989 ὁμοῦ
921 4923 1013 4973 καὶ
1057 4920 1386 4991 γελώμενος.
1434 4925 1500 4975 Ol
1543 4923 1601 4975 δὲ
1650 4924 1845 4992 φαλλοὶ

255 5015 387 5085 παρ’
409 5015 594 5076 αὐτοῖς
622 5014 717 5066 καὶ
748 5012 1029 5081 ἰθύφαλλοι
1057 5016 1151 5067 καὶ
1176 5016 1246 5067 τὰ
1272 5016 1636 5085 φαλλαγώγια
1663 5018 1831 5072 πόσου

249 5108 319 5160 ἂν
351 5109 441 5175 εἴη
471 5105 566 5158 τοῦ
601 5104 880 5173 γέλωτος;
935 5108 963 5158 ὁ
996 5107 1052 5159 δὲ
1089 5107 1238 5173 ιιάν,
1283 5110 1311 5161 ό
1342 5107 1398 5159 δὲ
1434 5109 1683 5177 Πρίηπος
1705 5150 1718 5170 ,
1752 5110 1831 5181 τῷ

251 5201 407 5270 παρὰ
446 5200 607 5269 φύσιν
640 5200 913 5269 ἀσχήμονι
954 5202 1129 5272 μορίῳ
1162 5202 1459 5272 χαριέντως
1492 5205 1827 5275 τιμώμενος.

249 5291 316 5344 Τί
348 5292 406 5344 δέ
439 5309 521 5343 σοι
552 5292 803 5363 βούλεται
832 5294 930 5345 καὶ
956 5294 1024 5345 τὰ
1056 5298 1112 5346 ὲν
1147 5295 1416 5348 Ἐλευσῖνι
1449 5285 1761 5368 μυστήρια;
1794 5297 1832 5352 ἃ

246 5382 618 5451 διαφερόντως
652 5384 858 5461 μισῶν,
886 5384 1009 5438 καθ’
1031 5384 1089 5437 ἓν
1121 5387 1281 5461 μόνον
1306 5389 1591 5442 ἐπαινέσαι
1624 5392 1832 5460 βουλοί-

251 5492 386 5545 μην,
410 5477 491 5529 ὃτι
526 5476 603 5548 μὴ
627 5460 962 5548 όρᾷνταῦτα
988 5477 1080 5529 τὸν
1104 5479 1255 5548 ἥλιον
1282 5480 1615 5551 ἐδοκίμασαν
1638 5500 1651 5514 °
1683 5484 1831 5553 μάλα

249 5570 307 5621 δὲ
336 5568 415 5638 τῷ
445 5567 593 5640 ἔργῳ
621 5572 799 5623 οἰκεῖα
829 5573 1185 5641 πράττοντες,
1216 5575 1284 5642 τῇ
1315 5574 1552 5645 ἀφανείᾳ
1583 5575 1676 5629 τοῦ
1711 5578 1834 5630 σκό-

245 5677 371 5725 τους
408 5663 764 5733 κατέκριναν.
794 5662 960 5717 ’Λλλά
991 5663 1163 5717 ταῦτα
1198 5670 1312 5731 τοῖς
1348 5666 1591 5739 αἰσχρῶς
1626 5669 1831 5741 τιμῶσι

323 5842 340 5876 '
386 5842 564 5899 lCor.
602 5861 676 5909 sl,
716 5847 803 5904 i9.
886 5849 907 5880 ³
934 5846 1069 5902 Cor.
1104 5861 1202 5913 xu,
1230 5847 1289 5903 9.

702 5944 715 5959 4

1942 4649 2126 4703 minim
2148 4650 2394 4703 inureret
2426 4656 2637 4712 notam,
2663 4647 2916 4700 muliebri
2951 4656 3100 4700 motu
3124 4648 3329 4702 saltans
3352 4648 3519 4703 semi-

1942 4741 2027 4794 vir
2060 4739 2240 4794 deus:
2291 4738 2599 4803 ebrietatis,
2640 4739 2899 4808 crapulae,
2956 4739 3289 4796 vinulentiae.
3344 4744 3517 4792 tetuu-

1942 4834 2105 4889 lentae
2154 4831 2473 4902 gravedinis
2528 4832 2874 4900 aliorumque
2942 4830 3075 4883 inde
3125 4832 3514 4900 prolluentium

1943 4925 2214 4978 malorum
2279 4933 2494 4977 auctor.
2549 4922 2686 4977 [luic
2713 4924 2816 4976 deo
2850 4922 3163 4976 altitonanti
3202 4932 3259 4977 et
3289 4923 3515 4993 :vgidem

1940 5017 2137 5070 ferenti
2163 5015 2545 5069 admirandum
2566 5017 2731 5067 etiam
2761 5016 2908 5067 aliud
2940 5030 3137 5067 notnen
3170 5014 3511 5079 indiderunt;

1939 5125 2067 5163 nam
2103 5108 2431 5178 parricidam
2483 5116 2769 5168 vocarunt,
2801 5107 2891 5160 cui
2932 5106 3075 5174 apud
3116 5106 3369 5161 homines
3413 5124 3514 5162 cx-

1941 5210 2174 5255 tremum
2205 5210 2257 5253 et
2308 5202 2542 5269 primum
2591 5198 2952 5252 constitutum
3004 5208 3089 5251 est
3135 5198 3512 5267 supplicium:

1906 5317 1913 5324 ·
1941 5307 1999 5352 ιιι
2018 5298 2424 5367 quiSaturuum
2454 5308 2663 5364 patrem
2694 5311 2880 5357 suum,
2905 5309 3005 5364 pro
3034 5311 3101 5348 eo
3130 5306 3292 5362 atque
3324 5295 3513 5350 decuit

1936 5390 2164 5455 faciens,
2190 5389 2332 5459 quod
2354 5389 2513 5443 talem
2550 5390 2728 5457 ipsum
2755 5389 2844 5442 ille
2876 5389 2928 5440 in
2968 5387 3135 5440 vitam
3173 5388 3511 5455 protulisset,

1936 5481 2174 5550 turpiter
2225 5495 2393 5548 reguu
2437 5480 2675 5533 exuerit.
2736 5478 2880 5542 Quid
2926 5494 3055 5532 vero
3084 5478 3150 5531 de
3206 5479 3512 5533 meretricia

1938 5573 2185 5629 fmditate
2224 5572 2367 5641 apud
2396 5587 2491 5624 eos
2516 5570 2569 5624 in
2610 5584 2902 5624 numerum
2937 5569 3167 5626 deorum
3229 5570 3396 5624 relata
3428 5570 3513 5622 dt-

1920 5654 2056 5723 icam
2080 5668 2104 5722 ?
2126 5667 2211 5723 cui
2245 5667 2534 5722 tutelarem
2558 5666 2716 5719 deam
2754 5664 3019 5721 Venerem
3052 5663 3223 5735 ipsam
3255 5662 3514 5735 Cyprium
