3962 6532
544 471 680 534 1Ξ35

538 581 687 634 varia
725 579 943 636 vivendi
981 580 1118 633 ratio

539 675 759 744 pietatis
807 675 970 728 linem
1032 682 1300 742 spectant.
1353 673 1584 740 Quidam
1629 690 1866 744 namque
1937 674 2102 734 simul

538 767 748 822 eisdem
773 767 829 821 iu
853 766 1063 821 mdibus
1088 766 1298 830 vivunt,
1329 781 1388 820 re
1421 767 1570 820 nulla
1597 781 1719 835 quae
1757 765 2013 820 homines
2047 765 2104 818 in

1767 472 2183 535 NICEI‘JlORl
2221 471 2560 532 CALLlSTl

1178 598 1191 633 :
1249 581 1344 637 sed
1404 581 1486 637 ba:
1535 582 1600 637 ad
1655 599 1823 637 unum
1873 587 2147 653 prorsus}

2251 582 2311 651 Ξιρ
2333 580 2470 651 ὁμοῦ
2498 580 2744 643 διαζῶσι,
2779 578 2968 648 μηδενί⁵
2995 577 3176 638 τῶνές
3212 576 3314 641 γῆν
3365 572 3635 625 νευόντων
3677 588 3773 622 κα⁸

2208 675 2568 745 τασυρόμενοι
2594 689 2607 703 ·
2637 674 2694 726 ἐν
2715 667 2792 735 οἷς
2817 673 2880 724 ού
2933 670 3156 740 χρυσὸς,
3189 667 3308 720 ούδέ
3351 683 3404 718 τι
3439 666 3545 717 τῶν
3607 662 3778 715 ἄλλων

2211 766 2588 835 μεταλλικῶν,
2638 763 2756 816 ἀλλ’
2796 761 2906 815 οὐδ’
2969 760 3134 827 ἐσθὴς
3191 758 3495 824 ίδιάζουσα,
3552 756 3677 810 οὖδέ
3728 773 3778 808 τι

3641 457 3704 517 1?.
3723 456 3770 517 16

541 868 746 911 terram
773 857 1035 928 deprimit
1062 857 1336 913 distracti.
1383 857 1540 926 Apud
1573 857 1675 910 hos
1709 873 1884 926 neque
1910 870 2106 909 aurum

2251 858 2340 910 λλο
2375 857 2486 909 τῶν
2515 857 2614 908 ὅσα
2646 854 2851 907 σαίνειν
2879 847 2988 905 οἶδε
3036 851 3305 919 γαστέρα.
3355 852 3420 902 Ὀ
3462 850 3573 916 γὰρ
3626 839 3779 908 οἶτος

541 959 644 1016 est,
682 966 860 1019 neque
887 949 1034 1004 aliud
1078 949 1374 1020 quodpiam
1420 949 1737 1012 metallum;
1778 948 1875 1002 sed
1929 961 2108 1016 neque

543 1045 712 1096 vestis
738 1042 970 1111 alicujus
993 1041 1239 1109 prOpria,
1280 1056 1461 1110 neque
1487 1056 1671 1094 rerum
1697 1039 1926 1094 aliarum
1953 1037 2145 1108 quid-1.

544 1151 733 1206 quam,
788 1133 933 1203 quod
991 1140 1237 1186 ventrem
1283 1132 1617 1187 demulceat.
1667 1132 1822 1198 Quod
1876 1143 2113 1198 namque

547 1225 712 1279 hodie
741 1223 961 1294 pallium
992 1233 1085 1277 aut
1119 1223 1398 1284 humerale
1431 1222 1519 1279 hic
1545 1223 1669 1285 fert,
1699 1238 1765 1276 eo
1789 1237 1912 1277 cras
1942 1221 2112 1276 alium

549 1316 802 1368 indutum
832 1316 1141 1384 conSpicias
1179 1332 1192 1369 :
1226 1314 1367 1370 adeo.
1402 1324 1459 1368 ut
1493 1315 1656 1370 unius
1688 1323 1897 1369 vestem
1946 1330 2110 1368 unam

547 1409 814 1473 omnium,
874 1419 928 1462 et
979 1424 1195 1470 rursum
1253 1410 1501 1466 omnium
1557 1410 1722 1464 unius
1763 1423 1886 1464 esse
1937 1417 2116 1477 putes.

549 1500 816 1556 Omnibus
857 1511 1038 1555 autem
1063 1504 1372 1560 communis
1398 1502 1724 1571 proponitur
1761 1516 1969 1564 mensa,
2005 1516 2116 1553 non

552 1591 791 1646 conditis
833 1592 1110 1664 variisque
1148 1603 1204 1647 et
1239 1594 1531 1663 exquisitis
1579 1593 1826 1656 cibariis,
1868 1607 1964 1647 eas
1992 1607 2117 1661 qua:

553 1685 657 1738 sub
689 1695 883 1740 ventre
919 1696 1045 1745 sunt
1075 1687 1327 1754 corporis
1356 1697 1538 1756 partes
1564 1687 1631 1741 ad
1681 1687 1964 1742 lasciviam
1998 1685 2122 1739 irri-

557 1786 698 1840 taus,
731 1779 825 1832 sed
861 1779 1047 1846 paucis
1066 1779 1394 1848 quibusdam
1426 1779 1673 1835 oleribus
1699 1787 1865 1848 atque
1892 1777 2123 1848 legumi-

2214 949 2452 1018 σήμερον
2483 947 2769 1017 τριϐώνιον
2806 946 2837 1015 ἢ
2870 944 3110 1013 ἐξωμίδα
3167 942 3347 1011 φέρει,
3404 938 3599 1009 αὔριον
3655 940 3778 1000 ἴδοις

2215 1039 2282 1094 ἂν
2315 1039 2499 1106 ἕτερον
2533 1036 2950 1107 ἀμπεσχόμενον
2986 1051 3001 1067 ο
3033 1033 3109 1096 ὼς
3156 1030 3473 1097 λογίζεσθαι
3514 1030 3637 1090 ἐνὸς
3691 1030 3780 1079 καὶ

2218 1131 2345 1202 μίαν
2375 1129 2636 1198 εἶναιτὴν
2686 1129 2909 1181 πάντων
2941 1125 3164 1194 ἐσθῆτα,
3199 1123 3292 1176 καὶ
3324 1123 3423 1191 τὴν
3455 1117 3614 1182 αὖθις
3669 1119 3782 1179 ἐνὸς

2218 1223 2496 1277 ἁπάντων.
2528 1219 2818 1274 Ἀπασιδέ
2853 1218 3008 1286 κοινὴ
3057 1215 3307 1287 τράπεζα
3367 1214 3678 1282 πρόκειται,
3725 1212 3780 1262 οὗ

2219 1314 2537 1383 καρυκείαις
2571 1313 2682 1365 τισὶ
2713 1314 2805 1365 καὶ
2835 1310 3102 1370 ποικῖλοις
3161 1308 3424 1374 ἐδέσμασι
3473 1305 3542 1356 τὰ
3587 1303 3784 1369 ὑπογά-

2222 1421 2382 1474 στρια
2412 1402 2840 1472 γαργαλίζουσα,
2880 1399 3013 1451 ἀλλὰ
3077 1397 3303 1466 βραχέσι
3355 1392 3637 1462 λαχάνοις,
3697 1391 3786 1442 καί

2220 1514 2363 1550 τισιν
2409 1495 2680 1565 ὀσπρίοις,
2744 1494 2840 1545 καὶ
2898 1490 3146 1550 τούτοις,
3199 1491 3322 1541 ὅσον
3369 1486 3581 1554 ἁποζῇν
3637 1486 3788 1551 μόνον
3882 1501 3900 1518 κ

2221 1591 2563 1658 δεξιουμένη.
2593 1588 2786 1642 Κοιναλ.
2810 1585 2866 1638 δὲ
2890 1585 3074 1646 αὐτοῖς
3127 1585 3232 1634 εἰσι
3287 1582 3382 1633 καὶ
3404 1581 3460 1631 αί
3495 1578 3632 1648 προς
3664 1576 3790 1628 θεὸν

2223 1682 2386 1746 λιταὶ,
2408 1681 2474 1732 δι’
2506 1679 2720 1748 ἡμέρας
2753 1678 2846 1728 καὶ
2879 1678 3006 1742 ὅλης
3039 1677 3235 1732 νυκτὸς
3267 1671 3527 1730 πολλάκις
3565 1668 3674 1719 δέει
3705 1667 3793 1718 καὶ

2227 1771 2649 1839 κατεσταλμένῳ
2685 1769 2762 1838 τῷ
2785 1768 2906 1838 met.
2940 1766 3245 1834 γινόμεναι.
3286 1762 3444 1814 (ὶῦτω
3470 1763 3525 1812 δέ
3561 1761 3654 1811 καὶ
3686 1760 3794 1818 τοῖς

557 1869 741 1933 nibus,
777 1879 1038 1938 quantum
1075 1872 1139 1924 ad
1172 1872 1337 1926 vitam
1376 1871 1570 1926 saltem
1615 1870 1954 1926 tolerandam
1984 1869 2116 1923 satis

2251 1866 2412 1925 τόνοις
2447 1865 2587 1929 σφᾶς
2625 1861 2820 1923 αὐτοὺς
2853 1859 3221 1920 ἐκπιέζουσιν,
3249 1855 3321 1917 ὡς
3377 1855 3634 1920 ἄντικρυς
3669 1851 3797 1913 ζῶν-

2380 1953 2401 1960 -
2679 1954 2690 1960 -
2769 1953 2781 1960 .
2843 1953 2854 1960 .
2967 1951 2989 1960 -
3097 1942 3162 1960 λιν
3283 1948 3323 1960 ..
3465 1945 3511 1955 ..
3545 1944 3556 1956 .
3736 1959 3740 1960 ν
3779 1945 3793 1960 ι

558 1963 647 2025 sit,
676 1962 932 2016 convivas
963 1963 1264 2032 excipiens.
1302 1965 1633 2018 Communes
1661 1962 1851 2017 itidem
1880 1963 1962 2015 eis
1995 1968 2124 2014 sunt

560 2053 625 2102 ad
659 2052 822 2104 licunt
863 2054 1296 2122 supplicationes
1323 2064 1376 2107 et
1413 2070 1624 2124 preces,
1677 2070 1814 2123 quas
1859 2051 2125 2116 interdiu,

560 2155 614 2198 et
645 2159 785 2213 saepe
809 2147 972 2198 etiam
1009 2157 1170 2200 nocte
1199 2156 1333 2212 tota,
1363 2163 1488 2201 cum
1521 2147 1739 2209 timore,
1779 2146 1967 2200 habitu
2019 2155 2128 2199 sta-

567 2246 732 2304 tuque
783 2239 1032 2307 corporis
1087 2239 1386 2307 submisso,
1439 2248 1725 2308 peragunt.
1781 2237 1992 2292 Labore
2043 2251 2132 2290 se-

567 2331 715 2398 ipsos
751 2331 824 2384 ita
857 2331 1186 2397 conﬁciunt,
1221 2341 1280 2385 ut
1313 2331 1560 2386 viventes
1590 2330 1772 2384 adhuc
1817 2345 1984 2397 super
2022 2337 2130 2382 ter-

569 2438 682 2472 ram
740 2431 986 2474 mortuos
1036 2439 1262 2492 prorsus
1315 2439 1436 2477 esse
1491 2423 1662 2477 dicas.
1720 2420 1759 2474 li
1821 2419 2020 2487 saepius
2078 2419 2130 2470 in

575 2512 800 2564 biduum
833 2524 885 2566 et
920 2513 1161 2566 triduum
1193 2513 1470 2582 jejunium
1505 2512 1810 2581 proferunt.
1849 2509 1988 2563 Sunt
2033 2507 2129 2577 qui

570 2605 766 2659 diebus
798 2605 1061 2674 quinque,
1102 2616 1158 2660 et
1187 2607 1421 2676 longius,
1461 2607 1644 2659 cibum
1676 2621 1782 2658 non
1812 2605 2089 2673 attingunt
2117 2619 2133 2656 :

571 2695 734 2766 556
754 2712 989 2766 eumque
1019 2699 1236 2752 tandem
1271 2697 1604 2753 necessitate
1632 2703 1884 2765 urgente,
1917 2701 1974 2746 et
2013 2691 2136 2762 qui-

572 2787 696 2842 dem
725 2803 850 2842 eum
895 2789 1233 2857 parcitnonia
1265 2789 1457 2850 multa,
1488 2797 1738 2842 sumunt.
1785 2784 1968 2854 Aliqui
2004 2798 2138 2838 vero

574 2883 794 2936 diverso
823 2882 890 2934 ab
923 2881 1004 2934 eis
1029 2880 1124 2948 qui
1163 2881 1237 2933 ita
1271 2881 1433 2934 simul
1469 2880 1662 2934 vivunt
1696 2877 1882 2942 modo,
1930 2877 2140 2945 seipsos

574 2992 600 3026 ιι
650 2973 835 3029 multis
880 2981 1274 3041 segregantes,
1343 2972 1573 3026 solitarii
1635 2971 1877 3039 degunt,
1927 2969 2142 3038 exiguis

581 3067 812 3120 maxime
871 3066 1116 3122 a-dieulis
1166 3079 1226 3120 se
1284 3065 1650 3128 int-ludentes,
1707 3079 1831 3133 quae
1887 3078 1951 3118 ea
2014 3074 2142 3116 sunt

579 3158 869 3212 latitudine
900 3167 956 3211 et
988 3157 1305 3218 altitudine,
1360 3166 1418 3210 ut
1470 3172 1649 3226 neque
1699 3157 1914 3212 directe
1967 3165 2142 3219 stare,

2227 1975 2323 2019 τας
2353 1953 2739 2023 εἷναινεκροῦς
2762 1953 2902 2022 ὑπὲρ
2925 1951 3048 2018 γῆν.
3092 1942 3252 2001 Οὗτοι
3279 1948 3336 1998 δὲ
3393 1944 3655 2003 πολλάκις
3713 1945 3798 1993 καὶ

2227 2049 2308 2111 δίς
2340 2049 2437 2101 καὶ
2466 2049 2582 2117 τρὶς
2619 2045 2983 2116 ὑπερθέμενοι
3021 2042 3129 2094 τῶν
3171 2040 3392 2108 ἡμερῶν
3427 2053 3440 2067 ·
3493 2037 3602 2088 εἰσὶ
3649 2035 3709 2086 δέ
3755 2031 3800 2084 οῖ

2231 2139 2324 2191 καὶ
2385 2137 2690 2206 πεμπταῖοι
2750 2135 2843 2186 καὶ
2901 2131 3036 2202 πρὸς
3095 2127 3434 2182 διατελοῦσιν
3495 2127 3800 2191 ᾶγευστοιυ

2236 2230 2386 2298 μόλις
2417 2229 2474 2281 δὲ
2525 2229 2634 2280 τῶν
2664 2224 2979 2290 ἀεναγκαίων
3013 2221 3110 2274 καὶ
3166 2219 3374 2272 τούτων
3422 2217 3598 2285 φειδοῖ
3640 2214 3800 2280 πολλῇ

2235 2322 2515 2378 ἁπτονται.
2551 2318 2737 2371 ’Ἄλλοι
2765 2315 2810 2369 δ’
2844 2315 2936 2368 ἀπ’
2968 2313 3215 2374 ἐναντίας
3243 2312 3357 2372 τοῖς
3382 2307 3642 2375 ὁμιλαδὸν
3689 2323 3804 2356 σνν-

2234 2414 2474 2469 οικοῦσιν
2514 2415 2707 2474 ἰόντες,
2765 2389 2904 2476 steti;
2934 2405 3135 2469 αὐτοὺς
3177 2403 3286 2456 τῶν
3343 2401 3560 2453 πολλῶν
3585 2401 3830 2466 ἀποκρμ.

2241 2523 2446 2568 νοντες,
2476 2504 2598 2556 καθ’
2619 2504 2848 2562 ἑαυτοὺς
2874 2498 3150 2558 διαζῶσιν,
3175 2496 3441 2556 οἱκίσκοις
3472 2495 3581 2544 τισὶ
3610 2492 3806 2560 βραχυ-

2245 2593 2430 2659 τάτοις
2488 2597 2714 2656 ἑαυτοὺς
2779 2596 3076 2664 εἴργοντες,
3111 2590 3204 2642 ἐπὶ
3236 2589 3396 2641 τόσον
3431 2587 3642 2656 εὐρυνο,
3676 2586 3806 2642 ένοις

2239 2691 2334 2746 καὶ
2363 2694 2440 2753 εἰς
2473 2689 2604 2759 ὕψος
2631 2685 3037 2756 ἐκφερομένοις,
3071 2683 3146 2746 ὠς
3174 2683 3298 2751 μηδ’
3322 2678 3688 2747 ἀνορθοῦσθαι
3709 2671 3807 2726 οἶόν

2238 2801 2299 2836 τε
2326 2786 2418 2836 καὶ
2440 2782 2538 2842 τὰς
2590 2780 2792 2839 κλίσεις
2818 2777 3061 2851 εύχερῶς
3099 2775 3358 2844 πρᾴττειν
3393 2787 3408 2800 ·
3441 2770 3732 2839 σπηλαίοις
3760 2768 3809 2817 δέ

2239 2894 2350 2930 τισι
2375 2875 2468 2926 καὶ
2497 2876 2594 2942 τῆς
2624 2872 2726 2939 γῆς
2751 2871 2868 2928 ταῖς
2896 2869 3079 2929 ὀπαῖς,
3171 2883 3339 2934 φησιν
3382 2866 3411 2916 ὁ
3468 2861 3809 2923 Ἀπόστολος,

2242 2965 2687 3039 ἐμφωλεύοντεςο
2739 2963 2788 3015 οί
2831 2962 2875 3014 δ’
2945 2959 3204 3028 ὕπαιθροι
3263 2958 3480 3026 θηρίοις
3545 2953 3812 3005 συνοικίαν

2244 3059 2525 3121 ποιοῦντες
2561 3071 2574 3088 ·
2602 3057 2651 3107 ei
2685 3055 2741 3108 δέ
2789 3053 2887 3106 καὶ
2927 3052 3299 3121 ἀτεκμάρτοις
3333 3048 3442 3101 ὑπὸ
3486 3048 3596 3115 γῆν
3627 3046 3813 3106 οἰκίαις

2245 3150 2593 3222 κεχρημένοι,
2627 3149 2744 3200 ἐκεῖ
2774 3146 2838 3216 δὴ
2875 3145 3026 3214 μόνοι
3069 3142 3216 3212 μόνῳ
3262 3140 3630 3210 προσλαλοῦσι
3684 3137 3813 3204 Θεῷ.

583 3266 759 3319 neque
796 3250 954 3314 facile
990 3253 1193 3311 cubare
1242 3249 1472 3318 possint,
1501 3249 1781 3318 speluncis
1808 3249 2140 3319 quibusdam

2257 3248 2422 3316 Ἀτὰρ
2440 3246 2503 3318 δὴ
2530 3245 2626 3298 καὶ
2657 3243 2745 3297 Eva
2757 3259 2846 3314 ρον
2871 3237 3011 3302 εἶδος
3037 3243 3105 3308 τῇ
3136 3256 3203 3291 πε
3213 3240 3266 3309 pi.
3291 3237 3428 3290 Θεὸν
3462 3238 3673 3306 στροφῇ
3707 3233 3818 3286 τού-

583 3353 638 3395 ct
669 3352 826 3398 terrae
861 3343 1140 3406 cavernis,
1170 3343 1334 3396 sicuti
1363 3343 1660 3411 Apostolus
1709 3343 1889 3410 inquit
1921 3343 1960 3406 ⁸,
1994 3343 2148 3394 incu-

587 3436 801 3487 bantes.
835 3434 1098 3489 Nonnulli
1139 3435 1244 3490 sub
1299 3435 1391 3489 dio
1440 3450 1565 3490 eum
1623 3435 1756 3491 t'eris
1811 3434 2147 3496 habitantes,

585 3526 752 3595 aliqui
787 3542 916 3582 vero
942 3527 1176 3581 occultis
1205 3529 1307 3580 sub
1340 3539 1483 3580 terra
1521 3527 1779 3596 hospitiis
1808 3535 2045 3587 utentes,
2075 3522 2148 3577 ibi

587 3633 712 3671 cum
766 3621 884 3673 solo
951 3619 1347 3687 colloquuntur
1413 3618 1545 3672 Deo.
1611 3617 1814 3673 Verum
1870 3617 2153 3671 enimvero

589 3709 736 3764 aliud
773 3726 994 3778 quoque
1021 3725 1193 3779 genus
1225 3710 1672 3766 conversationis
1704 3709 1906 3763 divinae
1943 3708 2012 3762 ab
2046 3707 2156 3772 illis

593 3802 966 3870 excogitatum
1004 3812 1109 3865 est,
1140 3803 1286 3872 quod
1319 3818 1483 3857 omne
1532 3803 1712 3858 virilis
1749 3801 2073 3856 constantiae
2101 3809 2156 3854 et

594 3893 934 3948 fortitudinis
956 3898 1235 3963 Specimen
1260 3895 1421 3966 longe
1447 3905 1689 3964 superat.
1708 3895 1772 3952 In
1801 3894 2154 3948 solitudinem

593 3986 739 4040 enim
775 3987 1068 4055 quamdam
1097 3987 1212 4042 sole
1242 3987 1494 4042 adustam
1538 4001 1596 4041 se
1624 3985 1912 4050 abdentes,
1941 3997 1997 4040 et
2036 3999 2157 4038 eam

594 4079 766 4136 solum
817 4081 1067 4147 corporis
1114 4089 1323 4149 partem
1383 4094 1545 4148 quam
1598 4089 1811 4132 natura:
1859 4077 2160 4133 necessitas

598 4181 796 4226 tectam
829 4188 954 4229 esse
989 4174 1127 4238 vult,
1159 4172 1425 4233 velantes,
1462 4189 1574 4228 non
1605 4172 1707 4225 viri
1747 4174 1930 4234 modo,
1965 4173 2058 4226 sed
2105 4181 2163 4224 et

601 4265 840 4326 l’eminae,
875 4267 1068 4319 eodem
1091 4265 1245 4318 inter
1283 4281 1341 4318 se
1375 4264 1495 4318 vitae
1543 4263 1795 4318 instituto
1843 4272 2164 4316 concertan-

603 4367 706 4416 tes,
738 4357 942 4415 nullam
981 4356 1176 4425 reliqui
1209 4357 1462 4424 corporis
1491 4365 1690 4425 gerunt
1714 4369 1902 4409 curam
1923 4394 1938 4419 ,
1971 4353 2164 4424 frigori

605 4449 811 4517 ingenti
851 4459 1016 4518 atque
1043 4449 1225 4511 :estni,
1271 4449 1551 4515 variisque
1586 4449 1730 4504 aeris
1768 4449 2168 4503 mutationibus

605 4542 819 4610 seipsos
864 4541 1296 4603 committentes,
1342 4541 1582 4609 algorem
1629 4541 1782 4610 juxta
1823 4549 1878 4594 et
1926 4540 2165 4594 calorem

603 4634 882 4695 tolerant,
917 4643 970 4687 et
1010 4633 1205 4700 quovis
1235 4635 1378 4698 loco,
1419 4633 1488 4686 ita
1516 4644 1574 4686 ut
1609 4649 1732 4688 sors
1759 4632 1905 4696 tulit,
1936 4642 2082 4685 stant
2113 4642 2168 4686 et

607 4728 811 4781 cultant
847 4741 862 4779 :
899 4725 1161 4793 omnique
1190 4726 1432 4779 ltutnauo
1458 4727 1720 4779 alimento
1749 4725 1976 4778 omnino
2008 4738 2170 4790 repu-

607 4821 782 4880 diato,
811 4817 1003 4874 herbis
1032 4816 1364 4885 quibusdam
1405 4825 1462 4870 et
1509 4814 1807 4876 radicibus,
1837 4827 1978 4882 quas
2024 4823 2168 4867 terra

609 4927 706 4963 sua
739 4919 934 4978 sponte
979 4907 1109 4971 fert,
1137 4907 1331 4962 vivunt
1363 4925 1376 4958 :
1415 4905 1507 4975 qui
1536 4905 1702 4959 etiam
1732 4904 1802 4958 ab
1830 4901 2168 4972 ejuscemodi

613 5006 788 5057 vietus
831 5018 1032 5071 genere
1084 5001 1294 5069 βοσκοί,
1345 4999 1447 5054 hoc
1493 5008 1596 5062 est,
1647 4996 1999 5066 pabulatores
2045 4993 2178 5048 dicti

612 5105 757 5150 sunt.
791 5095 872 5150 llli
901 5095 1068 5150 etiam
1104 5105 1351 5162 tempore
1382 5093 1500 5161 ipso
1527 5091 1709 5160 specie
1731 5102 1924 5144 eorutn
1949 5096 2178 5150 mutata,

615 5189 746 5244 feris
780 5189 1181 5251 assimilautur,
1213 5194 1274 5248 et
1315 5197 1556 5240 mentem
1605 5197 1827 5253 quoque
1872 5197 1901 5234 a
1955 5180 2181 5246 reliquis

623 5281 937 5336 hominibus
959 5280 1198 5336 alienam
1226 5279 1497 5334 obtinent.
1532 5276 1681 5342 Quos
1709 5275 1754 5329 si
1789 5271 2012 5342 quando
2040 5273 2184 5324 forte

617 5375 916 5443 conspicati
958 5372 1186 5437 fuerint,
1234 5371 1470 5440 fugiunt.
1521 5367 1676 5435 Quod
1723 5367 1771 5422 si
1820 5366 1985 5419 etiam
2040 5363 2185 5414 inse-

622 5467 1230 5537 quentcm‘quempiam
1259 5467 1521 5526 sentiant,
1553 5461 1792 5516 celerius
1826 5473 1884 5512 se
1918 5458 1970 5510 in
2019 5453 2187 5524 pedes

623 5560 943 5628 conjiciunt,
976 5570 1200 5630 propter
1227 5560 1505 5616 levitatem
1532 5569 1759 5625 prorsus
1781 5555 1838 5606 in
1863 5567 1991 5606 aere
2018 5549 2190 5604 subli-

626 5664 741 5702 mes
771 5650 1038 5706 volantes.
1074 5638 1479 5720 Nonnunquam
1499 5659 1728 5714 quoque
1762 5645 2035 5716 inaccessa
2084 5639 2188 5694 sub

629 5755 772 5794 terra
806 5741 926 5794 loca
959 5741 1296 5805 subeuntes,
1333 5740 1518 5796 subito
1565 5737 1850 5806 disparem
1886 5751 1896 5786 :
1941 5730 2193 5802 plurimi-.-

715 5932 727 5962 ³
756 5927 925 5986 llcbr.
961 5940 1035 5989 XI,
1068 5923 1156 5979 δῖ.

2202 4583 2244 4638 D

2250 3357 2361 3403 τοις
2393 3338 2761 3405 ἐπινενόηται,
2783 3335 2984 3402 δεῖγμα
3017 3331 3201 3400 πάσης
3231 3329 3456 3399 ἀνδρίας
3497 3333 3590 3380 καὶ
3634 3345 3820 3394 καρτε-

2255 3430 2376 3503 ρίας
2411 3430 2468 3480 ἐν
2501 3427 2738 3494 δευτέρῳ
2777 3421 2952 3476 τιθέν.
3018 3421 3146 3475 Ἐπὶ
3210 3419 3319 3487 γὰρ
3369 3435 3477 3470 τινι
3514 3417 3708 3484 ἐρήμῳ
3752 3414 3820 3480 τῷ

2256 3518 2486 3590 φλογμῷ
2506 3517 2600 3569 τοῦ
2628 3515 2781 3586 ἡλίου
2807 3507 3204 3578 ἐκκεκαυμένοι
3237 3508 3376 3574 σφᾶς
3398 3506 3713 3571 cmest—.5;
3739 3504 3822 3554 καὶ

2255 3612 2324 3666 τὰ
2353 3611 2455 3679 τῆς
2483 3611 2695 3678 φύσεως
2723 3605 2782 3670 ἐξ
2807 3603 3108 3670 ἀναγκαίου
3144 3597 3600 3669 περιστέλλεσθαι
3641 3593 3819 3647 εἰωθὸ-

2255 3723 2325 3760 τα.
2361 3705 2498 3774 μόνα
2532 3697 3051 3770 περικαλύπτοντες,
3095 3692 3193 3744 οὐκ
3230 3690 3427 3759 ἄνδρες
3487 3689 3671 3756 μόνον,
3705 3685 3826 3738 ἀλλὰ

2259 3798 2353 3852 καὶ
2379 3795 2579 3863 γύναια
2609 3789 2745 3860 πρὸς
2769 3788 2871 3859 τὴν
2897 3786 3020 3855 ῐσην
3049 3783 3326 3836 πολιτείαν
3349 3776 3825 3844 ἁνθαμιλλιῖρλμενα,

2259 3891 2318 3943 τὸ
2344 3886 2532 3940 λοιπον
2605 3883 2737 3936 ἐῶσι
2797 3879 2958 3948 σῶμα
3023 3873 3360 3947 προμηθείας
3433 3873 3614 3939 πάσης
3661 3870 3825 3928 ἐκτὶλς,

2261 3983 2495 4054 κρυμοῖς
2521 3974 2783 4042 ἐξαισίοις
2833 3971 2931 4026 καὶ
2971 3970 3197 4022 καύσονι
3247 3967 3342 4019 καὶ
3393 3967 3514 4027 ταῖς
3563 3961 3829 4019 ποικίλαις

2262 4075 2356 4129 τοῦ
2387 4073 2546 4142 ἀέρος
2583 4065 2911 4140 μεταϐολαῖς
2965 4061 3195 4123 ἑαυτοὺς
3246 4058 3569 4117 ἐκδιδόντες,
3616 4056 3679 4105 ὲν
3741 4053 3830 4117 {np

2265 4169 2359 4221 καὶ
2382 4168 2548 4234 κρύος
2584 4163 2678 4213 καὶ
2719 4159 2923 4218 θάλπος
2952 4155 3046 4206 καλ⁸
3082 4153 3271 4205 στάσιν
3295 4149 3386 4200 καὶ
3423 4148 3603 4199 κλίσιν
3628 4145 3720 4196 ἐπὶ
3751 4143 3830 4192 τοῦ

2264 4257 2518 4326 τυχόντος
2542 4248 2852 4318 ποιούμενοι
2890 4259 2905 4275 ⁸
2933 4244 3114 4297 πᾶσαν
3144 4239 3186 4290 δ’
3213 4235 3568 4306 ἀνθρωπίνην
3622 4235 3831 4284 ἀποσει-

2267 4323 2450 4420 όμήενοι
2477 4345 2680 4407 τέλεον,
2707 4341 2864 4399 πόαις
2895 4336 3006 4388 τισὶ
3035 4333 3127 4384 καὶ
3163 4332 3344 4402 ῥίζαις
3374 4328 3440 4387 ἂς
3468 4329 3503 4396 ἡ
3556 4324 3633 4392 γῆ
3680 4323 3831 4420 αύτο-

2274 4416 2455 4513 μάτως
2499 4435 2744 4490 ἐκδίδωσι
2792 4430 3130 4500 τρέφονται·
3183 4423 3234 4476 οἳ
3295 4422 3386 4474 καὶ
3430 4416 3832 4513 Βοσκυὶᾼῦνομα

2274 4506 2431 4606 ἐσχον
2462 4531 2540 4602 τῷ
2563 4527 2748 4596 τοιῷδε
2780 4525 2880 4592 τῆς
2908 4521 3056 4589 ζωῆς
3088 4515 3368 4588 πορισμῷ.
3401 4511 3510 4564 Καί
3541 4528 3603 4576 γε
3640 4506 3834 4606 θηρίοις

2276 4631 2355 4697 τῷ
2384 4627 2563 4697 χρόνῳ
2608 4617 3024 4688 ἀφομοιοῦνται,
3082 4606 3582 4678 παρατρεπομὲνης
3631 4603 3726 4671 μὲν
3751 4603 3834 4662 τῆς

2281 4691 2450 4785 ista;
2484 4691 2582 4785 τῆς
2609 4715 2665 4767 δέ
2695 4709 2922 4780 γνώμης
2980 4701 3248 4774 μηδαμῶς
3278 4695 3689 4766 συμϐαινούσης
3732 4691 3836 4785 τοῖς

2277 4813 2484 4871 λοιποῖς
2513 4807 2623 4860 τῶν
2659 4799 2959 4869 ἀνθρώπων
2990 4813 3002 4826 ·
3050 4793 3143 4854 οὒς
3179 4791 3274 4858 καὶ
3312 4790 3364 4842 ετ
3417 4804 3550 4839 ποτε
3610 4780 3835 4851 συμϐαίη

2283 4901 2605 4961 θεάσασθαι,
2672 4889 3144 4959 διαδιδράσκουσιν
3172 4899 3186 4913 ·
3224 4881 3355 4934 είδέ
3407 4881 3500 4931 καὶ
3545 4880 3725 4946 γνοῖεν
3767 4875 3836 4923 ὅτι

2277 4995 2578 5053 διώκοιντο,
2617 4984 2912 5054 ἑπιμᾶλλον
2938 4981 3014 5048 τῶ
3038 4977 3189 5046 τάχει
3221 4977 3521 5044 κέχρηνται
3552 4971 3661 5022 τῶν
3680 4965 3837 5018 ποδῶν

2281 5089 2539 5153 ἄντικρυς
2601 5079 2832 5146 αἰθέριοι
2872 5075 2937 5142 τῇ
2971 5070 3262 5136 λεπτότητι
3304 5067 3668 5153 διιπτάμενοι.
3701 5059 3839 5153 ἐστι

2281 5178 2328 5232 δ’
2359 5150 2573 5228 ὅτε-καὶ
2616 5165 2969 5236 δυσεμϐόλοις
3017 5159 3235 5229 χωρίοις
3269 5156 3380 5208 τῶν
3424 5153 3533 5206 ὑπὸ
3584 5151 3685 5219 γῆν
3718 5150 3841 5213 ασα-

2285 5270 2400 5329 νεῖς
2421 5260 2759 5330 γίνονται,τὺ
2781 5253 2966 5308 λαθεῖν
2990 5251 3134 5303 οὕτω
3159 5247 3401 5318 βιοῦντες
3439 5244 3572 5312 περὶ
3604 5241 3839 5291 πλείστου

2294 5358 2606 5424 ποιούμενοι
2641 5367 2656 5383 ’
2685 5349 2780 5402 καὶ
2812 5347 3000 5416 ἕτερον
3030 5341 3085 5394 δὲ
3117 5338 3256 5397 εἶδος
3291 5336 3578 5405 ἀσκήσεως
3610 5331 3842 5424 διηγησο-

2299 5468 2419 5520 μαι,
2447 5449 2473 5500 ὃ
2502 5442 2700 5516 μικροῦ
2732 5457 2799 5511 με
2832 5436 3105 5504 διέδρασε,
3146 5433 3326 5483 καίτοι
3359 5444 3424 5494 γε
3474 5425 3544 5477 τὰ
3598 5419 3844 5491 πρεςῦεῖα

2295 5516 2438 5598 κατὰ
2481 5540 2700 5592 πάντων
2732 5533 2996 5605 φέρεσθαι
3025 5529 3237 5583 δίκαιον
3268 5527 3391 5593 ἕχον
3416 5536 3431 5552 ⁸
3474 5521 3532 5572 ἐν
3561 5516 3845 5585 ἐλαχίστοις

2295 5636 2354 5689 δὲ
2392 5632 2625 5703 μάλιστα
2643 5630 2702 5682 τὸ
2725 5629 2961 5681 τοιοῦτον
2987 5622 3290 5691 ἐγγίνεται.
3333 5617 3453 5670 Εἰσὶ
3484 5616 3595 5684 γὰρ
3627 5612 3688 5678 δή
3716 5619 3844 5703 τινες

2298 5726 2373 5792 οἳ,
2393 5697 2547 5780 ’ἐπὰν
2583 5721 2672 5774 διὰ
2697 5718 2907 5772 πολλῶν
2949 5714 3160 5787 μόχθων
3192 5712 3288 5779 τῆς
3322 5707 3527 5778 ἀρετῆς
3548 5705 3610 5757 τὸ
3637 5697 3844 5754 ἀπαθεῖς
