3962 6576
230 461 356 517 1'23?

1175 465 1771 528 ECCLESIASTICJ‘Z
1813 469 2197 530 llISTOiiLE
2239 471 2387 532 LIB.
2431 471 2578 533 XIV.

3314 471 3446 525 1238

222 565 360 620 εἶναι
390 567 779 638 κληρώσαιντο,
831 571 960 642 πρὸς
1007 574 1095 626 τὶν
1149 579 1352 646 κόσμον
1418 581 1780 650 ἐπανήκουσιν

1889 597 1996 652 que
2049 583 2137 644 id,
2173 583 2216 638 si
2260 584 2332 638 ita
2381 585 2547 638 vitam
2606 583 2869 637 ducentes
2917 582 3156 646 lateant,
3213 581 3443 634 faciunt.

222 654 400 720 αὖθις.
431 659 793 729 Παραφόρους
831 661 876 713 δ’
906 664 1134 728 ἑαυτοὺς
1169 663 1308 722 εἶναι
1351 673 1590 742 σχήμασί
1643 691 1784 726 τισιν

98 726 168 833 \~_
220 750 476 813 ἀτάκτοις
521 726 1009 822 ἐπαγγελλόμενοι,
1066 726 1210 810 ούτω
1269 726 1582 833 mntem
1625 764 1785 830 δόξαν

162 829 172 850 ⁵
227 840 668 910 περιφρονοῦσιν.
738 846 834 898 Ὃν
889 845 1200 902 τελευταῖον
1267 851 1503 920 χιτῶνα,
1561 855 1783 910 Πλάτων

217 934 382 1001 φησὶν
412 935 440 985 ὁ
473 935 785 1004 φιλόσοφος,
838 941 869 1006 ή
935 938 1081 1010 ψυχὴ
1122 943 1362 1012 πέφυκεν
1406 945 1782 1005 ἀποτίθεσθαι.

216 1028 322 1078 Καί
375 1045 439 1095 γε
513 1031 896 1099 φιλοσιφοῦσιν
970 1036 1261 1102 ἀπάθειαν,
1331 1039 1557 1104 ἀπαθῶς
1622 1043 1783 1112 δῆθεν

213 1118 506 1187 ἐσθίοντες,
541 1123 645 1176 κᾶν
682 1125 738 1176 ἐν
771 1126 1050 1198 καπηλείῳ
1097 1133 1127 1196 ἧ
1166 1134 1516 1204 μαστροπείῳ
1548 1136 1594 1188 εί
1623 1135 1781 1189 τοῦτο

210 1209 392 1278 δεήσοι
422 1212 574 1282 δρᾷν,
599 1212 722 1267 οὔτε
741 1217 1049 1286 ιπρόσωπον
1073 1215 1218 1276 οὗτοι
1243 1223 1310 1277 δι’
1341 1225 1521 1290 αίδοῦς
1564 1229 1781 1298 τιθέμε-

210 1318 308 1351 νοι.
356 1302 399 1352 Π
409 1302 762 1370 ροσϐάλλουσι
794 1306 845 1358 δὲ
869 1307 1063 1380 ἀθρόον
1091 1312 1183 1366 καὶ
1215 1312 1515 1382 βαλανείοις
1564 1321 1781 1386 γυναιξὶ

211 1392 585 1461 συλλούμενοι,
622 1396 883 1462 πολλάκις
947 1402 1372 1474 εὑρισκομέναις
1399 1412 1492 1460 καὶ
1527 1410 1602 1472 ὡς
1631 1411 1782 1478 έχου-

211 1501 261 1534 σι
299 1486 535 1552 φύσεως,
569 1489 664 1541 καὶ
696 1491 793 1543 σὺν
851 1492 1091 1558 ἐκείναις
1147 1496 1481 1562 αὐλίζονται.
1528 1502 1683 1556 Οὕτω
1724 1503 1780 1557 δὲ

209 1577 314 1627 τῶν
339 1579 528 1632 παθῶν
562 1583 956 1654 περιγίνονται,
985 1589 1061 1652 ὡς
1093 1591 1186 1643 καὶ
1213 1591 1313 1660 τῆς
1347 1596 1586 1664 φυσικῆς
1613 1598 1780 1668 ὑπερ-

209 1669 424 1722 κεῖσθαι
456 1673 760 1743 δυνάμεως,
791 1679 886 1730 καὶ
913 1684 1195 1748 τυραννεῖν
1226 1685 1396 1756 αὑτήν
1428 1703 1443 1719 ο
1484 1686 1597 1741 οὔτ’
1637 1690 1780 1760 ὄψει,

207 1761 331 1814 οὔτε
362 1763 498 1831 ἁφῇ,
532 1765 714 1834 πολλῷ
741 1784 804 1835 γε
861 1769 968 1838 μὴν
1001 1772 1184 1836 αὐτοῖς
1215 1776 1484 1846 φιλήμασι
1517 1785 1782 1851 τεχνικοῖς

208 1855 296 1904 καὶ
330 1856 693 1922 περιπλοκαῖς
710 1860 829 1920 ταῖς
851 1859 945 1912 τοῦ
972 1860 1164 1929 θήλεος
1189 1866 1322 1936 πρὸς
1348 1868 1413 1921 τὰ
1440 1870 1538 1939 τῆς
1565 1875 1781 1939 φύσεως

209 1941 606 2009 ἀποκρίνεσθαι
641 1944 910 2015 ἰδιώματα
937 1964 948 1976 ·
979 1949 1096 2002 ἀλλ’
1147 1951 1346 2007 ὡσανεὶ
1404 1956 1520 2024 μετ’
1571 1959 1781 2030 ἀνδρῶν

206 2033 602 2102 διατρίϐοντας,
634 2037 830 2105 ἄνδρας
874 2033 1036 2105 εἶναι,
1072 2044 1291 2112 γυναιξὶ
1321 2045 1366 2100 δ’
1413 2047 1568 2113 αὖθις
1609 2069 1779 2122 προσ-

205 2126 547 2193 ομιλοῦντας,
601 2134 868 2196 γυναῖκας
902 2149 916 2164 ·
954 2133 1168 2202 φύσεώς
1219 2155 1279 2191 τε
1323 2139 1590 2212 ἑκατέρας
1623 2147 1783 2213 μετέ-

205 2233 420 2284 χοντας,
446 2218 621 2274 δοκεῖν
646 2217 785 2276 εἶναι
818 2225 907 2277 ἐπὶ
943 2229 1073 2297 μιᾶς
1105 2243 1121 2260 ο
1163 2231 1256 2284 καὶ
1287 2232 1439 2296 τέλος
1489 2236 1685 2303 είπεῖν,
1725 2238 1786 2290 ἐν

206 2307 278 2377 τῷ
315 2310 546 2382 τοιούτῳ
581 2313 854 2384 ὑπερφυεῖ
887 2317 986 2388 βίῳ
1015 2319 1112 2390 τὴν
1144 2321 1346 2392 ἀρετὴν
1385 2325 1782 2397 ἀντιπράττου-

205 2419 302 2454 σαν
345 2402 510 2470 φύσει
537 2407 850 2476 καταπῆξαι
885 2410 1104 2478 νόμους,
1159 2412 1286 2466 ὥστ’
1333 2418 1391 2470 ἐν
1432 2417 1624 2487 μηδενὶ
1675 2419 1784 2473 τῶν

203 2493 522 2559 ἀναγκαίων
551 2496 762 2562 ἐφεῖναι
805 2498 975 2569 αὐτὴν
1025 2502 1188 2572 κόρον
1249 2507 1418 2575 σχεῖν.
1471 2508 1670 2579 Πεινῇν
1725 2511 1781 2565 δὲ

204 2585 384 2638 πάντα
417 2587 512 2639 καὶ
541 2587 724 2658 διψῇν,
755 2593 848 2644 καὶ
881 2593 951 2646 δι’
980 2595 1311 2665 ἐγκρατείας
1353 2598 1509 2668 ἥκειν
1563 2601 1784 2673 ἀπάσης

202 2680 229 2730 ό
260 2679 414 2746 σφῶν
441 2679 604 2749 νόμος
628 2685 931 2748 νομοθετεῖ.
979 2685 1104 2739 Ἐπὶ
1131 2687 1286 2741 τόσον
1313 2689 1368 2742 δὲ
1400 2694 1494 2744 καὶ
1522 2693 1585 2746 τὸ
1621 2695 1782 2766 σῶμα

205 2772 584 2838 περιστέλλειν
615 2775 813 2844 ὁρίζει,
837 2779 960 2833 ὅσον
983 2778 1076 2849 βίᾳ
1115 2781 1214 2850 τὴν
1236 2783 1480 2855 ἀνάγκην
1513 2787 1779 2859 συνέχειν.

205 2863 312 2914 Καὶ
345 2864 440 2916 ἐπὶ
467 2865 626 2918 τόσον
661 2869 846 2931 αὐτοῖς
866 2870 1273 2941 ὴκριϐωμένοις
1322 2876 1586 2946 σταθμοῖς
1631 2881 1782 2932 ἀντι-

204 2953 615 3022 ταλαντεύεται,
648 2957 722 3018 ὡς
752 2959 816 3011 ἐκ
870 2960 1164 3032 διαμέτρου
1210 2963 1502 3033 χωροῦσιν,
1557 2969 1784 3023 ἀνεπαί-

208 3045 408 3114 σθητον
441 3047 627 3110 αὐτοῖς
661 3048 763 3119 τὴν
799 3051 973 3122 ῥοπὴν
999 3053 1348 3110 καθεστάναι.
1381 3057 1488 3110 Καὶ
1517 3059 1674 3114 τόσον
1715 3059 1779 3131 δὴ

202 3139 467 3191 τάναντία
501 3143 698 3210 κρατεῖ
724 3142 854 3212 παρ’
887 3144 1073 3207 αὐτοῖς
1102 3147 1197 3198 καὶ
1247 3147 1545 3220 ὑπερφυῶς
1580 3153 1780 3225 κέκραο

1890 674 2050 728 Aliud
2091 685 2353 744 praeterea
2411 675 2698 729 monastici
2750 675 2996 730 exercitii
3049 689 3243 743 genus,
3297 675 3445 743 quml

1889 780 2080 834 parum
2113 766 2285 820 abluit
2323 769 2453 836 quin
2489 766 2845 836 prxlcrirem,
2880 766 3342 822 cmumemoralio.
3389 763 3444 816 Id

1889 870 2002 925 pra:
2034 855 2154 910 aliis
2187 858 2388 912 merito
2433 857 2636 926 primas
2688 857 2832 910 ferre
2881 859 3161 919 censetur,
3205 866 3260 909 et
3305 855 3445 923 apud

1889 946 2256 1014 paucissimos
2281 947 2575 1017 reperitur.
2611 947 2750 1002 Sunt
2779 961 3015 1015 namque
3045 946 3317 1007 nonnulli,
3351 946 3441 1013 qui

1890 1051 2015 1090 cum
2051 1052 2150 1105 per
2180 1038 2382 1093 multos
2414 1039 2637 1094 virtutis
2684 1037 2904 1092 labores
2952 1051 3017 1090 eo
3056 1037 3352 1097 evaserint,
3395 1044 3451 1088 ut

1887 1129 2145 1194 ἀπαθεῖς,
2181 1129 2286 1184 hoc
2320 1137 2424 1196 est,
2464 1129 2792 1192 indolentes,
2830 1136 2886 1182 et
2915 1127 3300 1182 allectionibus
3325 1141 3449 1194 per-

1889 1221 2352 1291 pessionibusque
2402 1221 2662 1276 onutilzus
2710 1221 2873 1275 liberi
2915 1221 3048 1284 sint,
3087 1219 3140 1273 in
3187 1217 3448 1272 mundum

1889 1323 2205 1366 recurrunt.
2258 1313 2323 1367 Et
2371 1312 2616 1383 gestibus
2675 1312 3008 1381 quibusdam
3073 1311 3450 1380 incompositis

1887 1403 2176 1457 dementes
2205 1421 2263 1459 se
2292 1421 2410 1459 esse
2438 1405 2848 1470 assimulantes,
2879 1406 2951 1459 ita
2989 1421 3182 1459 vanam
3208 1413 3450 1458 contmn-

1889 1502 2026 1545 nuut
2077 1493 2326 1561 gloriam,
2379 1509 2542 1563 quam
2601 1504 2907 1548 extremam
2961 1494 3200 1547 tunicam
3265 1493 3450 1562 (jux'a

1895 1581 2176 1638 Platonem
2208 1584 2618 1654 philosolihum)
2637 1585 2816 1638 anima
2861 1584 3138 1654 deponere
3179 1583 3338 1637 solet.
3391 1583 3447 1636 ln

1887 1675 2152 1746 ἀπαθείᾳ,
2188 1677 2292 1731 hoc
2313 1685 2418 1742 est,
2443 1675 2743 1731 indolentia
2776 1676 3256 1747 philosophantur,
3292 1671 3448 1744 557

1885 1767 2004 1824 sine
2055 1767 2346 1824 aﬂectioue
2388 1779 2553 1839 atque
2591 1768 2758 1823 animi
2803 1767 3192 1828 commotione,
3227 1766 3282 1821 in
3314 1780 3445 1820 cau-

1866 1876 2031 1932 .pona
2061 1868 2176 1928 aut,
2203 1861 2249 1916 si
2271 1877 2409 1932 opus
2441 1864 2533 1929 sit,
2567 1864 2621 1916 in
2651 1861 2899 1932 lupanari
2927 1861 3108 1915 cibum
3145 1858 3447 1928 capientes,
3543 1883 3566 1901 -

1888 1960 1944 2006 et
1975 1967 2153 2022 neque
2185 1961 2538 2022 conspectum
2567 1953 2912 2022 cujusquam,
2936 1966 3113 2019 neque
3146 1950 3323 2004 locum
3356 1946 3452 2000 ali-

1887 2058 2050 2112 quem
2083 2053 2425 2098 reverentes.
2452 2041 2651 2097 Balnea
2683 2057 2902 2113 quoque
2957 2039 3366 2110 ingrediuntur.
3399 2048 3452 2090 et

1887 2148 2013 2188 cum
2045 2133 2390 2189 mulierculis
2419 2149 2561 2204 smpe
2586 2133 2774 2197 etiam,
2805 2145 2862 2187 ut
2898 2143 3090 2187 natura
3135 2131 3259 2195 fert,
3293 2128 3453 2182 nudis

1886 2223 2092 2287 lavant,
2127 2231 2340 2278 etcum
2374 2224 2581 2278 eisdem
2627 2223 2898 2278 habitant.
2945 2222 3096 2280 Adeo
3141 2237 3271 2275 vero
3316 2219 3452 2273 all‘e-

1887 2315 2168 2372 ctionibus
2216 2315 2776 2384 perpessionibusque
2838 2315 3149 2382 superiores
3199 2322 3347 2376 sunt,
3395 2321 3454 2365 ut

1886 2413 2098 2460 natura:
2128 2405 2237 2458 vim
2269 2414 2554 2474 superent,
2589 2413 2644 2458 et
2673 2404 3020 2475 tyrannidem
3059 2403 3114 2457 in
3137 2419 3259 2458 eam
3299 2417 3455 2456 exer-

1885 2506 2045 2552 ceant
2073 2514 2088 2552 :
2117 2496 2356 2565 denique
2388 2506 2446 2551 ut
2484 2512 2662 2567 neque
2691 2506 2937 2566 aspectu,
2968 2509 3144 2564 neque
3175 2479 3450 2556 contactu,

1885 2603 2068 2657 neque
2101 2589 2243 2643 adeo
2284 2588 2352 2643 ab
2403 2599 2521 2643 arte
2556 2590 2744 2658 petitis
2770 2587 2996 2650 oswlis,
3039 2596 3206 2656 atque
3255 2584 3454 2638 mulie-

1889 2680 2080 2734 bribus
2105 2680 2506 2750 complexibus,
2540 2679 2605 2735 ad
2638 2695 2756 2734 eam
2803 2696 2924 2749 quae
2969 2678 3189 2748 propria
3241 2685 3454 2730 natura:

1883 2780 1968 2826 est
1994 2773 2495 2842 concupiscentiam
2526 2781 2999 2828 commoveantur.
3049 2771 3183 2825 Cum
3210 2770 3344 2822 viris
3373 2766 3451 2821 illi

1884 2874 2169 2918 versantes
2201 2864 2306 2919 viri
2347 2874 2495 2929 sunt,
2523 2880 2648 2919 cum
2681 2863 3008 2918 mulieribus
3057 2860 3335 2915 mulieres.
3389 2857 3454 2913 Et

1885 2973 2007 3014 cum
2041 2959 2324 3028 utriusque
2347 2975 2506 3014 sexus
2532 2959 2638 3013 vim
2668 2958 2918 3013 obtinere
2944 2957 3252 3018 videantur.
3281 2971 3449 3010 unum

1883 3052 2155 3107 obtinent.
2190 3051 2365 3121 Atque
2407 3059 2464 3106 ut
2489 3051 2655 3106 semel
2683 3051 2880 3117 dicam,
2915 3051 2968 3104 in
3001 3045 3108 3103 hoc
3142 3050 3264 3103 vita:
3288 3063 3453 3118 gene-

1886 3157 1966 3206 re,
2008 3142 2155 3212 quod
2184 3153 2404 3212 captum
2450 3151 2659 3198 natura)
2704 3151 2947 3212 superat,
3010 3142 3188 3194 virtus
3238 3149 3451 3194 naturae

202 3245 308 3293 ται,
334 3228 441 3321 τῇς
470 3230 615 3294 θείας
643 3231 866 3303 χάριτος
900 3236 978 3298 είς
1013 3235 1070 3288 ἓν
1101 3241 1442 3312 συναγούσης
1459 3244 1525 3296 τὰ
1547 3243 1776 3314 ἄμικτα,

1887 3236 2149 3291 adversas
2174 3234 2324 3306 leges
2367 3235 2505 3302 fixit,
2536 3245 2596 3290 ut
2625 3234 2681 3289 in
2715 3234 2861 3288 nulla
2889 3247 3074 3287 earum
3098 3246 3281 3285 rerum
3329 3246 3453 3300 quae

203 3321 296 3372 καὶ
337 3316 409 3374 αὖ
445 3321 608 3376 πάλιν
641 3325 814 3395 καιρῷ
874 3330 1206 3398 προσήκοντι
1249 3332 1586 3405 διαιρούσης,
1639 3336 1778 3392 ὥστε

104 3446 107 3449 -
201 3408 260 3459 τὸ
287 3407 440 3473 ξένον
473 3410 549 3473 είς
583 3411 752 3482 ἀκοὴν
814 3412 959 3484 ζωὴν
1013 3418 1070 3468 ἐν
1120 3419 1298 3490 ταυτῷ
1366 3423 1460 3475 καὶ
1513 3424 1781 3496 νέκρωσιν

207 3500 392 3564 αὐτοῖς
423 3505 719 3569 κατοικεῖν,
755 3507 914 3574 φύσει
945 3509 1324 3573 ἐναντιώτατα,
1349 3516 1444 3569 καὶ
1499 3516 1640 3587 λόγῳ
1687 3522 1782 3573 καὶ

206 3593 519 3660 πράγματι.
549 3595 723 3648 Ὅπου
770 3598 870 3666 μὲν
894 3601 1001 3669 γάρ
1037 3618 1088 3654 τι
1121 3601 1228 3656 τῶν
1286 3607 1474 3659 παθῶν
1525 3609 1778 3681 ὑφέρπει,

205 3683 335 3748 ίδοις
367 3684 434 3738 ἂν
469 3686 628 3756 σῶμα
678 3690 872 3758 νεκρὸν
923 3692 1090 3760 μηδὲν
1135 3693 1277 3766 δρῶν
1329 3698 1428 3751 ὅσα
1477 3701 1569 3751 καὶ
1623 3703 1780 3772 τάφῳ

210 3777 467 3845 κείμενον
501 3794 512 3808 ο
549 3778 676 3831 ἔνθα
711 3783 756 3833 δ’
785 3783 987 3852 ἀρετῆς
1026 3786 1260 3858 ἐργασία
1316 3789 1410 3842 καὶ
1468 3792 1600 3862 πρὶς
1649 3794 1780 3847 Θεὸν

206 3869 416 3939 ἱκετείᾳ
450 3870 640 3940 ῥώμην
661 3873 853 3943 καινὴν
879 3876 973 3926 καὶ
1011 3878 1169 3945 σῶμα
1211 3878 1377 3943 ξένως
1407 3884 1656 3952 σφριγῶν
1681 3885 1781 3955 τὴν
1817 3927 1827 3936 .

205 3961 398 4029 ἀκμήν
429 3976 442 3990 ⁸
481 3963 585 4014 xiv
613 3965 708 4017 καὶ
738 3968 1047 4036 γεγηρακὸς
1089 3970 1174 4038 εἴη
1203 3972 1405 4042 σφόδρα
1438 3979 1528 4028 καὶ
1557 3976 1778 4048 ἔξωρον.

209 4050 391 4119 Καίγ’
423 4053 682 4122 ἑκάτερος
736 4055 848 4123 βίος
879 4057 1052 4121 οὕτως
1107 4062 1335 4126 ἐκείνοις
1383 4067 1778 4136 συμπλέκεται,

203 4141 336 4195 ὥστ’
379 4144 576 4213 ἀμέλει
608 4148 696 4199 καὶ
719 4147 816 4216 τὴν
844 4151 1024 4219 σάρκα
1062 4153 1292 4223 πάμπαν
1325 4159 1699 4228 νεκρώσαντές
1718 4178 1778 4216 τε

205 4237 299 4289 καὶ
327 4235 682 4304 ἀποθέμενοι,
712 4237 880 4302 ζῶσιν
907 4241 994 4294 άεί
1021 4259 1034 4271 ο
1066 4243 1162 4296 καὶ
1228 4247 1365 4315 μετά
1405 4250 1514 4302 τῶν
1563 4249 1780 4314 ζώντων

202 4325 406 4378 ὡσανεὶ
448 4327 816 4395 συνδιάγουσι,
845 4332 913 4384 τά
948 4333 1174 4387 ἐκείνων
1205 4340 1471 4402 παντοίως
1506 4341 1782 4411 θεραπεύ-

203 4435 361 4479 οντες
388 4418 642 4487 σώματα,
669 4420 761 4473 καὶ
816 4422 915 4486 τὰς
966 4424 1075 4477 τῶν
1127 4427 1396 4497 δεομένων
1449 4431 1600 4496 λιτάς
1660 4435 1778 4505 Θεῷ

204 4510 592 4578 ἀναφέρουσιν,
628 4512 825 4582 ἐπίσης
868 4516 933 4584 τῇ
970 4517 1215 4588 προτέρᾳ
1247 4519 1396 4590 βιοτῇ
1459 4522 1773 4592 διαζῶντες,

1885 3327 2211 3384 necessaria:
2245 3336 2395 3390 sunt,
2437 3327 2659 3382 satietas
2709 3325 2825 3396 ipsa
2872 3325 3051 3380 locum
3106 3323 3322 3378 habeat.
3372 3323 3451 3376 lla

1885 3422 1960 3476 illi
1996 3436 2216 3490 semper
2263 3419 2518 3474 esuriunt
2563 3429 2618 3474 et
2652 3420 2869 3481 sitiunt,
2921 3415 3454 3487 temperantiamque

1885 3523 1939 3568 et
1971 3512 2376 3566 continentiam
2413 3513 2468 3565 in
2499 3511 2669 3565 rebus
2718 3510 2978 3565 omnibus
3026 3508 3264 3564 retinere
3304 3509 3453 3578 leges

1883 3620 2072 3659 eorum
2094 3605 2312 3675 jubent.
2338 3607 2488 3660 Adeo
2516 3607 2680 3660 etiam
2715 3603 2820 3658 ille
2848 3618 3047 3673 corpus
3079 3602 3452 3672 constringere

1883 3696 2229 3765 praecipiunt,
2274 3707 2331 3750 ut
2381 3696 2430 3750 vi
2479 3697 2644 3751 etiam
2691 3695 2994 3750 necessitas
3036 3694 3450 3762 comprimatur.

1883 3784 2014 3838 Tam
2065 3801 2218 3853 aequa
2251 3785 2414 3840 etiam
2451 3801 2546 3854 per
2574 3784 2976 3840 exactissimam
3013 3783 3281 3838 rationem
3336 3792 3449 3835 sta-

1882 3882 1998 3928 tera
2025 3875 2135 3929 vita
2190 3876 2270 3929 cis
2317 3875 2575 3938 libratur,
2626 3885 2684 3929 ut
2734 3876 2862 3929 dum
2907 3875 3034 3928 lanx
3095 3884 3327 3943 utraque
3353 3889 3450 3942 per

1881 3965 2215 4020 diametrum
2244 3975 2296 4020 et
2325 3965 2526 4018 lineam
2557 3965 2792 4017 mediam
2835 3966 2980 4018 inter
3027 3979 3084 4017 se
3115 3963 3299 4028 distat,
3328 3963 3449 4016 nul-

1881 4059 1990 4114 lum
2023 4061 2292 4112 sentiatur
2323 4066 2683 4110 momentum.
2717 4057 2784 4110 Et
2835 4067 3123 4124 tantOpere
3170 4071 3259 4109 res
3303 4056 3448 4107 inter

1882 4169 1941 4207 se
1974 4152 2263 4207 contraria:
2291 4152 2344 4204 in
2378 4151 2460 4206 eis
2495 4160 2550 4204 et
2582 4157 2801 4204 exstant
2827 4157 2882 4203 et
2913 4150 3235 4209 miscentur,
3263 4147 3448 4200 divina

1881 4241 2053 4309 gratia
2089 4254 2153 4292 ea
2204 4254 2326 4308 qua:
2373 4239 2592 4294 misceri
2638 4247 2920 4308 nequeunt
2965 4238 3352 4308 conjungente,
3394 4245 3446 4290 et

1883 4342 2131 4403 tempore
2165 4349 2382 4387 rursum
2415 4349 2515 4388 suo
2546 4333 2918 4402 disjuugeute,
2972 4341 3033 4386 ut
3061 4331 3206 4400 quod
3255 4332 3445 4384 auditu

1880 4426 2077 4479 mirum
2127 4435 2229 4490 est,
2275 4426 2329 4479 iu
2379 4425 2570 4480 eodem
2622 4438 2855 4494 corpore
2901 4432 2957 4478 et
3006 4423 3117 4479 vita
3172 4422 3332 4479 simul
3395 4432 3451 4478 et.

1881 4517 2228 4572 mortificatio
2263 4517 2490 4582 habitet,
2515 4532 2636 4586 qua:
2667 4525 2883 4581 natura,
2912 4517 3126 4569 ratione
3162 4522 3218 4570 et
3245 4529 3302 4570 re
3334 4513 3448 4583 ipsa

207 4601 344 4671 πλὴν
377 4601 486 4670 ὅσῳ
519 4603 592 4673 μὴ
621 4603 729 4656 τῶν
747 4606 1059 4674 ἀναγκαίων
1084 4608 1280 4672 ἐνδεεῖς
1314 4606 1453 4666 εἶναι
1497 4615 1590 4666 καὶ
1626 4616 1776 4688 τόπῳ

1884 4607 2028 4662 inter
2061 4622 2120 4662 se
2161 4607 2398 4662 maxime
2438 4618 2568 4662 sunt
2603 4605 2922 4677 pugnantia.
2969 4604 3105 4661 Cum
3138 4605 3283 4660 enim
3315 4604 3448 4661 aﬂ'e-

207 4692 652 4762 περιορίζεσθαι,
707 4697 840 4748 πᾶσι
884 4697 930 4749 δ’
974 4698 1170 4768 ἀκαρεὶ
1219 4704 1480 4766 συνεῖναι,
1526 4705 1620 4759 καὶ
1681 4708 1780 4772 τὰς

208 4785 471 4838 ἁπάντων
511 4786 731 4838 ἀκούειν
785 4789 993 4855 φωνάς,
1058 4792 1151 4843 καὶ
1200 4795 1332 4845 πᾶσι
1385 4796 1776 4864 συγγίνεσθαιο

208 4868 286 4926 ὧν
321 4877 518 4944 συχναὶ
548 4879 788 4944 γονάτων
821 4879 1029 4943 κλίσεις
1062 4883 1123 4932 τὸ
1156 4883 1336 4954 ἔργον,
1405 4887 1674 4955 σύμπονοί
1720 4909 1778 4944 τε

206 4965 627 5031 ἐπαναστάσεις,
655 4967 754 5035 τῆς
773 4968 1012 5035 ἐφέσεως
1037 4969 1206 5038 μόνης
1230 4973 1327 5042 τὴν
1354 4973 1570 5042 ἠλικίαν
1603 4975 1778 5028 ὑπαν-

206 5053 461 5122 εχηύσης,
502 5057 595 5107 καὶ
643 5061 740 5126 τὴν
787 5059 1033 5113 ἑκούσιον
1065 5060 1352 5116 ἀσθένειαν
1387 5064 1780 5138 ἀναζωπυρού-

208 5161 308 5213 σης
341 5160 354 5173 ο
386 5146 619 5214 ἄσαρκοί
650 5165 796 5210 τινες
848 5150 1078 5220 ἀθληταὶ
1111 5153 1208 5206 καὶ
1237 5153 1529 5224 ἀναίμονες
1578 5157 1778 5212 παλαι·-

212 5235 359 5288 σταί.
391 5230 484 5298 Οίς
504 5237 702 5309 ἀρίστη
731 5240 1032 5294 πανδαισία
1065 5244 1158 5296 καὶ
1187 5247 1368 5320 τρυφὴ
1416 5249 1669 5318 νηστείας
1718 5249 1780 5304 τὸ

209 5329 522 5396 κράτιστον,
548 5331 642 5382 καὶ
671 5331 958 5399 σφριγῶσα
987 5333 1237 5402 τράπεζα
1263 5336 1322 5389 τὸ
1358 5338 1526 5408 μηδὲν
1562 5340 1778 5394 ἑλέσθαι

207 5416 281 5478 ὡς
313 5411 426 5470 οἷόν
458 5435 517 5470 τε
555 5421 946 5488 ἀπογεύεσθαι.
981 5426 1042 5477 Εἰ
1076 5425 1132 5478 δέ
1166 5443 1270 5479 που
1308 5427 1455 5492 ξένος
1486 5429 1776 5502 ἑπιδημοίη

211 5503 316 5556 κᾶν
343 5504 400 5572 ἐξ
428 5505 672 5572 ἑωθινοῦ,
701 5505 844 5561 οὕτω
877 5510 1212 5579 φιλοφρόνως
1230 5513 1525 5570 διάκεινται
1559 5519 1782 5589 φιλοτηο

211 5593 360 5653 σίαις
384 5599 598 5658 καιναῖς
629 5598 985 5669 δεξιούμενοι,
1037 5603 1112 5666 ὡς
1140 5604 1356 5658 εἰκάσαι
1426 5608 1591 5677 μηδὲν
1650 5610 1778 5664 ἄλλο

213 5686 354 5751 σφᾶς
383 5685 470 5737 διὰ
503 5686 618 5755 βίου
655 5689 974 5758 σπουδάσαι,
1011 5691 1042 5762 ἢ
1074 5693 1204 5746 αὐτὸ
1238 5694 1302 5765 δὴ
1330 5694 1486 5750 τοῦτο
1521 5701 1733 5770 τρυφᾷν
1759 5717 1776 5734 ο

213 5778 672 5847 παρηλλαγμένον
699 5778 855 5844 εἶδος
884 5789 1140 5854 νηστείας
1171 5788 1518 5852 ἐπινοοῦντες
1555 5807 1571 5822 ⁸
1603 5791 1778 5854 ἀδεῶς

212 5869 372 5936 cum
427 5872 626 5924 ἐσθίειν
682 5875 754 5944 μὴ
819 5875 1173 5947 βου-θράνους
1207 5896 1220 5912 ⁸
1279 5881 1352 5944 ὡς
1403 5881 1664 5945 ἔκπληξιν
1717 5885 1776 5938 τὸ

1881 4700 1992 4754 ctio
2023 4699 2293 4768 quaepiam
2329 4713 2425 4752 seu
2453 4697 2738 4767 perpessio
2767 4697 3068 4766 subrepsit,
3101 4705 3220 4750 tum
3247 4710 3448 4765 corpus

1882 4791 2072 4846 videas
2102 4797 2380 4844 mortuum
2413 4799 2468 4844 et
2495 4788 2631 4842 nihil
2675 4802 2866 4856 agens,
2905 4781 3134 4858 perin'de
3185 4796 3354 4856 atque
3389 4789 3446 4842 in

1881 4882 2138 4952 sepulcro
2190 4881 2493 4951 repositum
2546 4889 2712 4935 esset.
2761 4879 2897 4934 Cum
2934 4889 3119 4933 autem
3160 4879 3444 4948 egregium

1879 4973 2099 5027 virtutis
2128 4987 2268 5042 opus
2292 4974 2686 5042 peragendum,
2719 4979 2770 5024 et
2803 4985 2990 5040 preces
3019 4969 3087 5023 ad
3115 4969 3282 5023 Deum
3312 4970 3438 5021 fun-

1880 5061 2074 5117 dentia:
2108 5069 2260 5128 sunt,
2289 5072 2404 5117 tum
2442 5061 2611 5117 robur
2634 5075 2838 5116 novum
2870 5069 2926 5115 et
2967 5075 3172 5131 corpus
3214 5060 3446 5115 miriﬁce

1879 5153 2125 5208 vividum
2149 5168 2364 5219 cernas,
2399 5154 2610 5208 etiamsi
2641 5153 2693 5208 id
2730 5153 2888 5209 senio
2908 5154 3020 5224 jam
3047 5153 3362 5208 conlectum
3391 5161 3446 5209 et

1879 5243 2156 5298 exoletum
2183 5243 2478 5298 admodum
2515 5244 2608 5300 sit.
2660 5244 2839 5299 Vitam
2886 5255 3115 5313 utraque
3148 5243 3250 5310 illi,
3309 5260 3446 5314 pra:-

1879 5343 2092 5389 sentem
2141 5334 2399 5390 videlicet
2447 5345 2502 5391 et
2550 5335 2828 5402 futuram,
2883 5337 2954 5392 ita
3018 5337 3356 5407 complicaut
3390 5346 3446 5392 et

1879 5428 2243 5498 coniungunt,
2280 5436 2342 5483 ut
2381 5443 2546 5483 carne
2576 5443 2806 5498 prorsus
2836 5429 2893 5484 in
2926 5431 3082 5485 obitu
3114 5429 3446 5486 mortiﬁcata

1879 5528 2045 5588 atque
2080 5519 2354 5590 deposita,
2397 5535 2619 5590 semper
2663 5521 2871 5589 vivant,
2931 5531 2987 5577 et
3033 5521 3442 5592 quodammodo

1879 5627 2005 5667 cum
2040 5612 2357 5668 viventibus
2387 5615 2555 5669 simul
2583 5625 3008 5681 conversentur,
3041 5631 3274 5686 corpora
3317 5616 3442 5670 illo-

1880 5719 2002 5757 rum
2031 5703 2184 5759 varie
2229 5714 2510 5772 curantes,
2561 5716 2616 5762 et
2661 5707 3087 5778 supplicantium
3135 5723 3330 5778 preces
3371 5707 3442 5768 ad

1881 5789 2051 5849 Deum
2087 5795 2391 5852 referentes
2425 5814 2437 5851 :
2473 5797 2662 5852 itidem
2690 5807 2751 5852 ut
2779 5815 2832 5854 in
2863 5801 3047 5870 priore
3083 5802 3189 5855 vita
3238 5799 3442 5867 degen-

1884 5896 1986 5947 tes.
2015 5901 2380 5946 uracteruuam
2412 5889 2558 5947 quod
2595 5891 2764 5946 rebus
2806 5891 3132 5947 necessariis
3159 5907 3266 5947 non
3293 5890 3408 5945 indi
3437 5921 3441 5926 ι
