4036 6552
504 421 643 484 1239

1715 415 2132 478 NiCEPIiORi
2176 417 2518 479 CALLISTI

3610 416 3751 481 1240

497 549 686 606 geaut,
719 544 772 587 et
798 534 920 590 loco
947 532 1097 586 nullo
1117 529 1671 585 circumscrilutntur.
1707 528 1978 586 Omnibus
2014 533 2065 585 in

2179 533 2545 601 πραττόμενον
2570 525 2733 596 εἶναι,
2769 529 2932 582 πόσον
2985 530 3038 594 ἐς
3076 530 3281 602 τροφὴν
3312 532 3563 603 αὐτάρκη
3625 537 3746 588 δεό-

499 635 779 681 momento
811 623 1035 688 adsunt,
1069 622 1314 676 omnium
1363 638 1524 676 voces
1561 621 1816 687 audiunt,
1843 631 1897 677 et
1941 638 2067 677 cum

497 715 753 772 omnibus
776 723 1094 771 versantur.
1125 713 1289 784 558
1322 713 1524 767 llorum
1549 728 1686 782 opus
1707 724 1791 769 est
1817 712 2073 782 frequen~

499 822 578 864 tes
598 825 837 880 genuum
873 809 1256 863 inclinationes
1285 819 1339 860 et
1371 823 1563 877 graves
1607 822 1828 860 rursum
1877 807 2070 861 statio-

500 920 619 967 nes,
665 900 942 956 desiderio
975 900 1093 954 solo
1123 914 1356 969 corpora
1394 915 1585 952 eorum
1639 899 1972 962 sustinente,
2013 907 2070 952 ct

501 994 868 1048 voluntariam
899 991 1337 1047 imbecillitatem
1375 1000 1684 1046 recreante.
1713 990 1796 1044 Illi
1849 989 2071 1044 athleta:

499 1083 722 1151 quidam
758 1090 888 1136 sunt
921 1096 1088 1136 carne
1111 1091 1466 1146 carentes,—et
1503 1082 1805 1136 luctatores
1845 1080 2068 1150 sangui-

501 1172 589 1225 nis
618 1182 900 1240 expertes.
944 1171 1056 1225 lllis
1103 1172 1356 1226 convivia
1411 1171 1699 1240 splendida
1749 1180 1805 1225 et
1860 1169 2071 1224 deliciae

500 1278 726 1317 summa:
750 1273 901 1329 sunt,
935 1263 1215 1319 assiduum
1244 1265 1515 1335 jejunium
1561 1283 1574 1318 :
1619 1275 1676 1319 et
1715 1279 1904 1319 mensa
1947 1262 2069 1332 Opi-

503 1369 652 1422 para,
681 1363 738 1406 ut
781 1353 965 1422 quoad
999 1354 1118 1423 ejus
1145 1354 1260 1407 lleri
1301 1364 1504 1424 potest.
1565 1352 1701 1407 nihil
1739 1351 1849 1406 cibi
1900 1350 2070 1419 deguo

499 1455 665 1500 stent.
696 1444 852 1511 Quod
893 1445 938 1500 si
969 1445 1224 1500 alicunde
1263 1446 1464 1515 hospes
1493 1443 1773 1505 adveniat,
1800 1440 2071 1496 matutino

500 1535 668 1591 etiam
725 1544 996 1605 tempore,
1054 1543 1163 1589 tam
1219 1535 1455 1604 benigne
1509 1545 1566 1588 et
1620 1541 1872 1586 amanter
1927 1545 2070 1584 novo

502 1623 890 1694 hospitalitatis
915 1639 1117 1696 genere
1157 1639 1284 1678 eum
1321 1623 1627 1692 excipiunt,
1660 1630 1720 1677 ut
1751 1622 1887 1676 nihil
1917 1619 2066 1675 aliud

500 1730 595 1770 eos
626 1731 723 1784 per
775 1715 964 1779 vitam,
1001 1731 1165 1786 quatn
1224 1715 1290 1770 ad
1353 1731 1478 1770 eum
1542 1714 1763 1770 modum
1821 1711 2069 1767 deliciari

500 1806 782 1860 studuisse
815 1813 977 1876 putes
1012 1823 1026 1860 :
1060 1805 1208 1860 aliud
1237 1821 1364 1861 mox
1414 1820 1610 1860 rursus
1648 1803 1844 1876 jejunii
1894 1816 2070 1873 genus

2176 641 2352 692 μενοι,
2387 623 2582 694 κομιδῆ
2636 623 2947 695 βραχυτάτῃ
2997 622 3225 688 διαζῶσι
3273 628 3490 697 τροφῇο
3541 626 3747 698 ,ἐχθροὶ

2174 717 2386 779 ἑαυτοῖς
2416 715 2779 779 καθεστῶτες,
2809 713 3033 768 καὶτῶν
3090 715 3237 769 ίδίων
3279 715 3588 788 βουλήσεων
3645 719 3751 772 καὶ

2172 811 2269 878 τῆς
2303 809 2516 877 φύσεως
2546 808 2750 862 ἔκδοτοι
2773 811 2888 871 τοῖς
2922 808 3090 862 πάλαι
3144 808 3444 878 θελήμασιν
3476 825 3491 840 ·
3543 810 3618 872 ὡς
3675 810 3751 864 ἇν

2172 899 2261 952 διὰ
2285 901 2506 954 πάντων
2540 900 2724 962 αὐτοῖς
2749 900 2809 951 τὸ
2843 895 2970 969 ἦδον
3001 900 3099 969 τῆς
3151 900 3357 968 σαρκὸς
3411 900 3753 970 ἀποσφαιρι-

2175 992 2350 1060 σθείη,
2379 992 2471 1044 καὶ
2504 991 2651 1063 ψυχὴ
2685 991 2905 1064 διεξάγῃ
2933 992 3002 1045 τὰ
3053 991 3335 1054 κάλλιστα,
3365 993 3465 1046 ὃσα
3515 993 3580 1062 δὴ
3626 992 3754 1061 Θεῷ

2175 1083 2310 1154 πρὸς
2356 1084 2652 1153 ἀρέσκειαν
2697 1085 2969 1154 νουνεχῶς
3017 1084 3380 1155 ἐπιλεγομένη
3414 1087 3506 1138 καὶ
3544 1085 3753 1139 διασὼο

2173 1175 2364 1240 ζουσα.
2399 1177 2682 1248 Μακάριοι
2709 1176 2880 1242 οὕτως
2909 1178 3008 1246 τῆς
3043 1177 3092 1230 τ’
3117 1176 3371 1231 ἐνταυθοῖ
3402 1177 3613 1247 διαίτης
3651 1180 3752 1231 καὶ

2174 1269 2455 1333 πολιτείας
2490 1285 2503 1299 ·
2544 1269 2726 1339 πολλῷ
2749 1270 2805 1324 δὲ
2842 1271 3044 1341 μᾶλλον
3076 1269 3489 1340 μακαριώτεροι
3522 1270 3621 1337 τῆς
3661 1271 3754 1322 ὲν-

2172 1359 2362 1416 τεῦθεν
2393 1363 2864 1430 μεταναστάσεως.
2887 1365 2941 1425 ἐς
2970 1364 3036 1434 ἢν
3060 1362 3150 1415 διὰ
3176 1364 3376 1426 παντδς
3403 1363 3652 1434 χαίνουσι
3684 1363 3752 1415 τέ.

2172 1453 2506 1524 ποθούμενον
2536 1456 2666 1509 ίδεῖν
2714 1456 3080 1524 ἐπειγόμενοι.
3114 1455 3218 1511 Καὶ
3248 1457 3430 1509 τοίνυν
3461 1457 3492 1526 ἡ
3537 1455 3750 1524 βασιλὶς

2174 1547 2407 1602 Εύδοκία
2461 1547 2674 1612 πολλοῖς
2706 1549 2972 1612 τοιούτοις
3026 1549 3416 1620 περιτυχοῦσα,
3463 1548 3634 1602 πολλά
3661 1566 3748 1610 τε,

2172 1639 2248 1702 ὡς
2281 1640 2520 1711 εἴρηται.
2552 1641 2835 1710 μοναστῶν
2869 1642 3263 1713 ἐνδιαιτήματά
3283 1659 3340 1695 τε
3363 1642 3456 1694 καὶ
3486 1641 3751 1710 καταγώ-

2172 1749 2269 1799 για
2319 1734 2666 1802 δειμαμένη,
2719 1733 2815 1789 καὶ
2846 1733 2913 1786 τὰ
2972 1734 3078 1786 τῶν
3149 1733 3540 1804 Ἱεροσολύμων
3592 1733 3749 1802 τείχη

2175 1823 2458 1895 εύρύνασα
2523 1825 2620 1880 καὶ
2672 1824 3049 1892 ἀνανεώσασα,
3118 1827 3212 1880 καὶ
3263 1826 3397 1898 πρὸς
3434 1826 3494 1879 te.
3545 1826 3751 1896 εὐπρε-

500 1898 897 1967 εκεοςὶιειηιεε.
960 1899 1258 1967 οῖὺιιιηίιυθ
1330 1898 1606 1952 arbitram
1689 1912 1790 1952 δυο
1871 1909 2070 1965 capere
2105 1903 2440 1980 Βπὲστερον
2511 1913 3027 1986 διασκευασαμένη,
3094 1917 3188 1968 καὶ
3259 1915 3319 1969 τδ
3396 1915 3752 1968 ἐπισκοπεῖον

500 1990 773 2055 nolentes,
821 1991 959 2046 adeo
1013 2001 1073 2046 ut
1123 2005 1212 2047 res
1256 2005 1320 2046 ea
1371 1990 1627 2044 omnibus
1682 1989 1737 2044 in
1792 1998 2071 2059 stuporem

500 2084 716 2148 evadat,
756 2098 881 2138 cum
933 2085 1001 2138 ad
1048 2085 1256 2138 victum
1319 2083 1681 2139 suiiicientem
1729 2091 1942 2136 tantum
1993 2081 2076 2136 eis

501 2175 666 2239 desit,
702 2178 980 2246 quomodo
1012 2187 1122 2232 tam
1153 2179 1353 2247 exiguo
1397 2178 1660 2232 alimento
1709 2176 1894 2230 vivere
1949 2191 2075 2244 pos-

501 2269 634 2322 sint.
697 2268 906 2324 Inimici
987 2271 1027 2324 ii
1087 2270 1194 2326 sibi
1250 2271 1382 2338 ipsis
1448 2278 1611 2333 sunt,
1663 2268 2074 2336 voluntatisque

500 2344 738 2430 propria’.
765 2371 820 2415 et
851 2373 1062 2416 naturae
1118 2361 1492 2416 destinatione
1535 2360 1703 2413 animi
1747 2357 2072 2428 jamdudum

500 2462 790 2521 concepta,
825 2454 1155 2522 proditores,
1190 2461 1248 2506 ut
1279 2453 1333 2506 in
1358 2452 1523 2508 rebus
1553 2452 1816 2507 omnibus
1849 2451 2075 2506 delicias

499 2543 687 2597 carnis
716 2543 880 2614 longe
911 2561 939 2596 a
978 2559 1036 2598 se
1081 2543 1358 2614 rejiciant,
1399 2553 1455 2598 et
1495 2543 1677 2597 anima
1711 2545 1794 2596 eis
1833 2542 1886 2594 in
1929 2549 2072 2596 statu

499 2651 600 2690 suo
674 2637 1046 2706 pulcherrime
1118 2637 1388 2691 consistat
1458 2653 1472 2689 :
1553 2650 1894 2705 quaecunque
1961 2633 2074 2687 Deo

501 2729 702 2796 placita
733 2740 882 2792 sunt,
915 2729 1218 2798 prudenter
1243 2729 1488 2799 deligens
1522 2737 1685 2797 atque
1713 2731 2072 2780 conservans.

505 2819 714 2875 Felices
743 2821 821 2878 illi
875 2835 1102 2890 prorsus
1153 2820 1489 2890 ejuscemodi
1539 2817 1957 2873 conversatione
2019 2825 2075 2870 et

504 2913 628 2967 vita:
665 2913 920 2968 instituto
948 2930 962 2966 :
995 2915 1156 2983 longe
1191 2922 1373 2968 autem
1412 2912 1694 2966 feliciores
1726 2925 1822 2964 sua
1854 2925 1921 2964 ex
1972 2909 2075 2962 hac

498 3005 612 3058 vita
655 3005 1011 3076 migratione,
1039 3005 1106 3059 ad
1134 3020 1298 3073 quam
1344 3004 1420 3059 illi
1453 3019 1674 3070 semper
1705 3001 1975 3071 aspirant,
2009 3001 2073 3052 ad

498 3107 746 3166 optatum
804 3098 960 3152 illum
1009 3098 1497 3166 desideratumque
1547 3095 1843 3149 vivendum
1899 3093 2073 3147 anhe-

497 3191 701 3245 lantes.
765 3189 952 3260 Itaque
1004 3190 1248 3246 Eudoeia
1299 3190 1544 3259 Augusta
1596 3203 1719 3241 cum
1783 3186 1971 3241 multis
2019 3185 2070 3238 id

499 3300 673 3356 genus
719 3286 1011 3342 monachis
1060 3285 1335 3341 collocuta
1379 3294 1486 3345 est.
1540 3292 1596 3337 et
1650 3282 1822 3336 multa
1869 3279 2070 3350 (sicuti

501 3376 708 3432 dictum
742 3378 847 3447 est)
883 3377 1280 3431 monachorum
1305 3376 1583 3432 domicilia
1616 3384 1672 3429 et
1705 3373 2074 3428 habitationes

500 3473 832 3525 construxit.
870 3470 1376 3541 Hierosolymorum
1410 3470 1575 3523 etiam
1626 3483 1816 3520 muros
1847 3466 2078 3534 protulit

501 3572 558 3618 et
609 3565 921 3620 renovavit.
982 3560 1364 3633 Episc0palem
1423 3570 1685 3630 praeterea
1724 3561 1947 3613 domum
1999 3558 2074 3611 ibi

502 3672 564 3710 ex
607 3655 984 3711 fundamentis
1007 3655 1140 3724 ipsis
1172 3663 1411 3710 erectam
1443 3651 1814 3723 pulcherrime
1847 3666 2079 3704 exorna-

501 3749 604 3810 vit,
630 3747 924 3816 eidemque
951 3747 1098 3802 inille
1126 3746 1515 3800 numismatum
1541 3743 1778 3799 reditum
1800 3743 2075 3796 attribuit.

507 3839 562 3891 In
592 3835 900 3893 Phordisiis
934 3852 1235 3906 pauperum
1264 3835 1603 3889 domicilium
1631 3834 1946 3895 :cdilieavit,
1984 3834 2075 3887 ubi

505 3927 896 3996 quadringenti
949 3941 1108 3980 sacro
1155 3925 1348 3979 morbo
1388 3925 1704 3979 laborantes
1738 3924 2076 3978 habitarent.

507 4021 629 4075 Alia
659 4019 788 4074 item
819 4035 1124 4088 pauperum
1157 4020 1438 4088 hospitum
1472 4027 1528 4072 et
1558 4017 1847 4071 viduarum
1894 4017 2080 4070 diver-

509 4113 661 4167 soria
691 4111 967 4178 condidit,
1005 4111 1196 4178 eisque
1227 4111 1598 4165 substantiam
1632 4124 1790 4162 suam
1829 4108 2078 4162 donavit.

511 4206 799 4270 Eccletiis,
867 4204 1206 4259 nosocomiis
1279 4220 1374 4258 seu
1447 4219 1720 4272 aegrorum
1800 4202 2080 4268 domibus,

513 4299 886 4354 sacrosanctis
935 4297 1182 4361 aedibus,
1243 4305 1301 4350 et
1353 4296 1670 4352 monasticis
1725 4295 1970 4348 virorum
2029 4305 2084 4349 ct

513 4392 813 4446 mulierum
843 4389 1161 4453 domiciliis,
1196 4388 1432 4443 vicesies
1477 4387 1624 4443 tnille
1673 4387 2085 4458 quandningen-

517 4495 600 4539 tas
627 4491 685 4538 et
718 4483 996 4550 octoginta
1031 4495 1212 4534 aureze
1260 4491 1493 4534 moneta:
1527 4480 1699 4534 libras
1754 4479 2032 4534 dedicavit
2065 4497 2080 4532 :

2102 3251 2144 3309 C

2175 2004 2240 2055 ἐκ
2307 2002 2522 2071 βάθρων
2579 2005 2759 2058 αὐτῶν
2807 2006 3044 2071 ἀνίστα,
3093 2008 3547 2080 ἀποχαρισαμένη
3618 2009 3750 2062 19'3-

2173 2110 2253 2164 τῳ
2311 2098 2403 2147 καὶ
2480 2096 2746 2169 πρόσοδον
2829 2098 3183 2168 νομισμάτων
3259 2100 3469 2169 χιλίων.
3544 2099 3634 2152 Ἐν
3691 2099 3750 2152 δὲ

2173 2186 2476 2256 Φορδισίοις
2530 2189 2795 2257 πτωχεῖον
2848 2187 3067 2260 ἀνίστη.
3107 2189 3168 2242 ἐν
3215 2183 3259 2259 ᾧ
3303 2189 3652 2259 τετρακόσιοι
3681 2191 3751 2258 τῇ

2175 2279 2297 2350 ίερᾲ
2323 2283 2462 2352 νόσῳ
2515 2280 2976 2359 προσειλημμένοι
3026 2282 3351 2353 ἐνδιαίτημα
3403 2278 3575 2352 εἶχον.
3641 2281 3753 2335 Καὶ

2173 2372 2308 2426 ἄλλα
2367 2373 2426 2428 δὲ
2487 2374 2730 2442 πτωχεῖα
2782 2372 2876 2426 καὶ
2941 2372 3177 2439 ξενῶνας
3249 2376 3343 2426 καὶ
3407 2376 3748 2444 γηροκομεῖα

2172 2467 2432 2537 ἀνήγειρε
2471 2482 2485 2497 ο
2547 2469 2638 2518 καὶ
2697 2467 2758 2519 τὸ
2819 2467 3010 2538 περιὸν
3061 2466 3197 2537 αύτῇ
3255 2467 3351 2536 τῆς
3391 2467 3584 2529 οὐσίας
3639 2470 3750 2528 τοῖς

2173 2562 2442 2633 τοιούτοις
2502 2561 2896 2632 ἀπεκλήρωσεν
2929 2579 2944 2594 ·
2999 2563 3338 2632 ἐκκλησίαις,
3379 2564 3754 2632 νοσοκομείοις

2175 2657 2268 2709 καὶ
2323 2658 2594 2726 σεμνείοις
2661 2659 2908 2729 εύαγέσι,
2964 2661 3059 2714 καὶ
3107 2660 3426 2730 διαιτήμασι
3499 2659 3755 2728 μοναχῶν

2174 2750 2387 2823 ἀνδρῶν
2408 2769 2468 2805 τε
2499 2753 2599 2804 κάϊ
2631 2752 2930 2820 γυναικῶν,
2959 2753 3053 2807 δύο
3085 2752 3353 2824 μυριάδας
3375 2753 3470 2805 καὶ
3491 2752 3755 2820 τετρακό-

2175 2860 2264 2895 σια
2316 2842 2412 2895 καὶ
2469 2843 2804 2912 ὀγδοήκοντα
2876 2845 3103 2914 χρυσίου
3155 2843 3344 2912 λίτρας
3395 2845 3753 2912 νομισμάτων

2173 2935 2381 2999 τούτοις
2411 2936 2795 3006 ἀφιερώσασα,
2824 2937 2953 2990 ἄνευ
2984 2938 3092 2991 τῶν
3119 2936 3308 2990 ἄλλοτε
3359 2952 3748 3005 προσαφιερω⁴

2175 3027 2377 3080 θέντων
2414 3027 2573 3081 θείων
2622 3028 2924 3098 προσόδων,
2976 3029 3072 3082 καὶ
3127 3028 3239 3082 τῶν
3290 3028 3562 3097 διαφόρως
3611 3028 3753 3096 αὗτῇ

2173 3118 2480 3188 κειμηλίων
2511 3119 2673 3188 ιερῶν
2698 3120 3104 3189 γεγενημένων,
3147 3119 3334 3181 τόποις
3363 3119 3589 3185 εύαγέσι
3615 3119 3752 3170 τισί.

2178 3209 2288 3264 Καί
2319 3226 2452 3262 ποτε
2485 3212 2551 3277 τῇ
2581 3209 2673 3262 τοῦ
2720 3210 2909 3279 Πάσχα
2940 3211 3124 3280 ἡμέρᾳ
3164 3210 3242 3272 είς
3278 3208 3375 3279 τὴν
3435 3210 3603 3276 ἁγίαν
3655 3209 3756 3261 τοῦ

2179 3297 2418 3370 Χριστοῦ
2459 3299 2754 3353 ἀνάστασιν
2817 3299 3153 3364 εἰσελθοῦσα,
3217 3303 3300 3363 είς
3346 3301 3503 3368 λόγον
3554 3303 3756 3368 φώτων

2177 3391 2429 3462 ἐδωρεῖτο
2457 3389 2638 3444 ἐλαίου
2665 3389 2853 3455 ξέστας
2888 3391 3114 3461 μυρίους
3137 3411 3149 3424 ·
3179 3393 3270 3445 καὶ
3299 3395 3410 3455 τοῖς
3429 3397 3614 3463 χοροῖς
3641 3392 3760 3446 τῶν

2181 3482 2536 3536 σπουδαστῶν
2572 3483 2669 3553 τῆς
2699 3485 2862 3552 ἁγίας
2894 3487 3132 3554 Χριστοῦ
3197 3487 3356 3558 ἡμῶν
3404 3490 3762 3550 ἀναστάσεως

2180 3573 2443 3642 ⁴πρόσοδον
2501 3574 2772 3628 ἐνιαύσιον
2809 3577 3125 3646 νομίσματα
3169 3580 3517 3648 τετρακόσια.
3549 3580 3760 3633 Τελευο

2178 3667 2330 3717 ταίον
2355 3664 2409 3717 δέ
2432 3665 2650 3718 πάντων
2678 3669 2901 3735 τέμενος
2929 3669 3072 3737 μέγα
3102 3669 3318 3738 ἀνίστη,
3352 3671 3507 3740 ἐξοχῇ
3542 3690 3602 3724 τε
3660 3675 3761 3727 καὶ

2180 3759 2368 3812 κάλλει
2398 3760 2654 3829 προῦχον.
2681 3758 2757 3829 τῷ
2792 3764 2988 3830 πρώτῳ
3017 3763 3074 3813 ἐν
3102 3763 3368 3825 διακόνοις
3388 3764 3480 3816 καὶ
3512 3765 3762 3832 μάρτυσι

2182 3851 2440 3921 Στεφάνῳ
2459 3851 2536 3921 τῷ
2568 3851 2865 3924 θαυμαστῷ
2896 3855 2952 3918 ἐξ
2973 3853 3220 3922 ἐσχάτων
3235 3856 3517 3924 κρηπίδων
3545 3857 3760 3918 αὐτ-ὒν,

2179 3945 2398 3998 ούπάνυ
2431 3962 2483 3997 τι
2511 3942 2732 4006 διεστὼς
2793 3945 3209 4015 Ἰεροσολύμων,
3264 3947 3406 4016 πλὴν
3453 3949 3578 4000 ὅσον
3629 3966 3764 4002 στα.-

2179 4038 2293 4091 δίου
2327 4039 2444 4100 ἐνός
2472 4053 2486 4066 '
2517 4037 2644 4090 ἔνθα
2700 4037 2854 4104 λόγος
2891 4039 2995 4090 ὑπὸ
3028 4039 3136 4092 τῶν
3191 4040 3572 4109 Κυριοκτόνων
3626 4041 3765 4109 βλη-

2183 4128 2345 4182 θέντα
2383 4129 2573 4192 λίθοις,
2607 4130 2700 4184 τον
2748 4133 3122 4202 ἀμαράντινον
3163 4135 3497 4202 κομίσασθαι
3551 4138 3762 4204 στέφα-

2185 4236 2274 4271 νον
2306 4234 2320 4248 ο
2349 4219 2406 4269 ἐν
2433 4213 2477 4286 ᾧ
2526 4219 2622 4272 καὶ
2685 4220 2825 4288 αὐτὴ
2874 4223 3050 4292 πολλῷ
3096 4225 3442 4278 κατατίθεται
3505 4226 3761 4295 ὕστερον,

2187 4310 2323 4380 πρὸς
2361 4310 2460 4381 τὴν
2509 4311 2699 4380 ἀγήρω
2749 4316 3197 4383 μεταχωρήσασα
3253 4316 3457 4387 βιοτὴν,
3513 4321 3765 4388 τετάρτῳ

2187 4407 2294 4455 ἔτει
2323 4404 2420 4470 τῆς
2467 4402 2558 4455 τοῦ
2613 4405 2853 4472 μεγάλου
2899 4405 3127 4466 Λέοντος
3176 4407 3477 4475 βασιλείας,
3518 4411 3764 4474 εὐσεϐῶς

2189 4498 2282 4546 καὶ
2329 4495 2637 4562 θεαρέστως
2699 4496 2966 4564 βιώσασα.
3045 4498 3328 4551 Ἐτελεύτα
3382 4501 3440 4553 δὲ
3495 4502 3588 4553 τὸν
3644 4503 3764 4572 βίον

515 4586 723 4646 printer
750 4577 890 4630 alios
922 4591 1064 4642 quos
1103 4575 1208 4628 alio
1241 4574 1514 4628 convertit
1547 4589 1735 4627 sacros
1761 4583 2077 4642 proventus,

2196 4587 2328 4640 ἑτῶν
2360 4587 2624 4650 ἑξήκοντα
2666 4589 2759 4640 καὶ
2789 4588 2929 4640 ἑπτὰ
2979 4591 3240 4661 γενομένη
3278 4607 3293 4621 ·
3353 4594 3600 4648 είκοστὺν
3655 4598 3771 4666 γὰρ

513 4679 570 4725 et
609 4669 749 4724 varii
795 4669 1013 4739 generis
1050 4668 1300 4732 donaria,
1343 4685 1465 4736 quae
1511 4667 1718 4721 sanctis
1749 4665 2082 4735 quihusdam

515 4766 653 4822 locis
703 4760 1067 4821 consecravit.
1109 4761 1173 4817 Et
1206 4761 1502 4832 aliquando
1545 4762 1633 4815 die
1690 4762 1830 4815 festo
1863 4759 2086 4815 Pascha:

519 4859 783 4927 templum
807 4856 874 4910 ad
915 4864 1160 4910 sanctam
1192 4854 1395 4910 Christi
1431 4853 1910 4908 liesurrectionem
1945 4854 2118 4912 cele-_

517 4951 781 5005 braudatn
815 4949 1085 5018 ingressa,
1120 4949 1173 5001 in
1201 4948 1552 5002 lucernarum
1584 4949 1851 5001 rationem
1902 4947 2088 5000 decies

517 5045 668 5100 mille
699 5043 969 5097 sextarios
1003 5041 1108 5096 olei
1142 5042 1350 5096 retulit.
1387 5039 1550 5112 559
1571 5041 1633 5094 Et
1663 5041 1849 5093 eboris
1883 5054 2088 5092 metuo-

519 5141 657 5192 riam
697 5152 865 5192 saera:
889 5135 1097 5191 Christi
1142 5135 1589 5191 Rosurrectionis
1619 5134 1953 5193 colentibus.
1987 5149 2086 5186 an-

519 5248 689 5286 nuum
733 5240 1062 5298 proventum
1110 5228 1638 5296 quadringentorum
1693 5227 2089 5299 nmnismatum

519 5326 826 5379 constituit.
863 5324 1152 5377 Postremo
1190 5321 1455 5390 templum
1495 5323 1691 5390 ingens
1728 5321 2092 5388 amplitudine

519 5432 577 5473 et
607 5424 783 5472 forma
809 5416 1158 5486 praeclarum.
1193 5429 1256 5469 ex
1304 5415 1442 5483 ipsis
1475 5413 1872 5478 fundamentis,
1914 5414 2092 5468 admi-.

522 5512 698 5566 rando
757 5511 834 5564 illi
891 5522 947 5564 et
1010 5507 1190 5578 primo
1248 5506 1484 5562 diacono
1538 5507 1704 5560 simul
1754 5518 1810 5562 et
1859 5508 2090 5576 martyri

521 5603 802 5671 Stephano
837 5601 1015 5654 stadio
1044 5615 1154 5654 uno
1189 5599 1259 5653 ab
1293 5597 1689 5668 Hierosolymis
1723 5599 1899 5652 erexit
1937 5614 1951 5648 :
1981 5613 2093 5665 quo

522 5696 646 5752 loco
696 5709 724 5745 a
772 5691 1195 5761 percussoribus
1233 5689 1447 5744 Domini
1497 5691 1642 5743 saxis
1694 5689 1784 5743 ille
1832 5690 2090 5753 obrutus,

523 5783 1040 5841 ianmarcescibilem
1091 5799 1352 5836 coronam
1408 5791 1717 5849 reportasse
1765 5781 1993 5836 dicitur.
2035 5783 2090 5834 In

530 5892 641 5954 quo
670 5877 872 5952 templo
921 5878 1108 5948 aliquo
1157 5886 1276 5946 post
1320 5887 1568 5944 tempore
1601 5886 1653 5929 et
1683 5876 1819 5948 ipsa,
1869 5892 1994 5930 cum
2027 5876 2090 5930 ad

2187 4681 2307 4743 ἔτος
2347 4679 2573 4747 ἄγουσα,
2621 4680 2699 4746 τῷ
2751 4679 2964 4749 βασιλεῐ
3013 4681 3279 4754 Θεοδοσίῳ
3335 4686 3620 4758 συνήφθηο
3670 4693 3770 4744 καὶ

2186 4772 2372 4824 διεϐίω
2398 4773 2506 4827 τοῖς
2531 4771 2877 4841 ἀνακτόροις,
2917 4773 3022 4826 ὑπὸ
3059 4777 3226 4843 μητρὶ
3256 4777 3350 4830 καὶ
3376 4779 3665 4852 Αύγούστῃ
3692 4787 3764 4852 τῇ

2192 4862 2495 4933 ιῐουλχερίςι
2518 4863 2612 4932 ἔτη
2660 4863 3027 4917 είκοσιεννέαο
3088 4868 3182 4919 καὶ
3229 4869 3368 4937 μόνη
3427 4871 3766 4941 Πουλχερίας

2191 4959 2318 5010 ἄνευ
2346 4958 2444 5024 τὴν
2495 4956 2778 5027 βασιλείαν
2839 4958 3074 5012 διίθυνεν
3135 4964 3230 5016 ἐπὶ
3271 4963 3366 5034 ἐτη
3425 4965 3616 5019 ἑπτά·
3671 4970 3768 5020 καὶ

2189 5049 2381 5102 ἕνδεκα
2414 5050 2508 5118 ἐτη
2541 5049 2600 5100 ἐν
2640 5048 3035 5118 Ἰεροσολύμοις
3067 5052 3354 5120 διήγαγεν.
3399 5056 3493 5109 Ἐκ
3551 5058 3763 5111 τούτων

2189 5143 2244 5193 δὲ
2269 5144 2513 5210 τέσσαρα
2539 5139 2844 5194 διεϐίϐασεν
2876 5141 2972 5210 ἐτη
3006 5142 3104 5212 τὴν
3141 5147 3196 5194 ἐν
3249 5147 3558 5217 Χαλκηδόνι
3594 5151 3769 5219 μηδα-

2195 5235 2314 5303 μῶς
2355 5233 2771 5302 παραδεχομένη
2799 5232 3017 5285 σύνοδον
3053 5237 3468 5306 οἰκουμενικὴν,
3494 5241 3572 5304 ὡς
3604 5249 3768 5312 προῖ-

2190 5325 2342 5383 ὀντες
2372 5320 2715 5390 δηλώσομεν,
2751 5322 2906 5374 Μετά
2949 5323 3007 5378 δὲ
3034 5323 3094 5376 τὸ
3123 5325 3221 5394 τὴν
3251 5326 3470 5382 σύνοδον
3522 5334 3764 5404 παραδέ-

2193 5413 2413 5478 ξασθαι,
2451 5413 2546 5470 καὶ
2601 5413 2736 5468 ἄλλα
2804 5415 3047 5484 τέσσαρα
3110 5419 3312 5472 ἐπεϐίω
3363 5421 3458 5491 ἐτη
3497 5439 3511 5454 ·
3571 5423 3766 5479 ἔπειτα

2192 5504 2451 5558 ἐτελεύτα
2487 5520 2503 5535 ο
2537 5505 2670 5574 περὶ
2700 5499 2770 5574 ἧς
2795 5521 2930 5570 φασι
2960 5509 3054 5557 καὶ
3090 5507 3180 5558 τὸν
3212 5512 3505 5580 προφήτην
3543 5515 3764 5584 ειρηχέ-

2193 5614 2280 5649 ναι
2313 5596 2476 5648 Δαυῖδ
2502 5613 2516 5626 ·
2558 5595 2908 5662 Ἀγάθυνον,
2937 5599 3135 5666 Κύριε,
3169 5600 3238 5653 ἐν
3258 5601 3331 5670 τῇ
3361 5604 3606 5673 εὐδοκία
3646 5623 3766 5661 σου

2192 5690 2308 5758 τὴν
2334 5692 2486 5744 Σιών
2509 5707 2522 5721 ·
2544 5690 2640 5743 καί
2661 5691 3104 5762 οίκοδομηθήτω
3135 5697 3207 5749 τὰ
3258 5697 3424 5764 τείχη
3471 5699 3762 5765 Ἰερουσα-

2193 5784 2340 5851 λήμ.
2385 5783 2545 5837 ’Λλλὰ
2576 5783 2645 5835 τὰ
2679 5785 2779 5852 μὲν
2816 5787 2955 5839 κατὰ
2983 5785 3083 5855 τὴν
3118 5789 3441 5856 βασίλισσαν
3504 5791 3764 5844 Εύξοκίσλ

2193 5876 2380 5932 τοῦτον
2405 5876 2976 5947 γενέσθαιξυνηνέγθη
3021 5880 3113 5934 τὸν
3149 5882 3368 5937 τρόπον.
