3962 6570
319 390 359 469 ,1
375 390 469 452 941
1252 401 1847 464 ECCLESIASTlC/E
1889 406 1917 464 li

2020 405 2270 477 TOBI.E
2305 407 2447 470 LIB.
2494 408 2647 472 XIV.
3447 411 3581 481 1242

332 504 698 559 immortalem
726 506 1045 577 emigrasset
1069 519 1256 575 Vitam,
1285 513 1507 569 condita
1535 526 1642 583 est,
1690 526 1892 585 quarto
1934 521 2110 589 magni
2155 517 2356 574 Leonis
2415 518 2631 588 imperii
2669 534 2838 584 anno,
2904 536 3029 577 cum
3061 521 3151 577 hic
3185 522 3331 592 piam
3359 523 3580 596 Deoque

333 599 588 682 placitam
628 620 635 625 κ
673 605 947 674 exegisset
1005 607 1192 660 vitam.
1260 609 1525 665 Deluncta
1601 621 1783 667 autem
1851 623 1935 669 est
2008 614 2185 668 a-tatis
2248 616 2587 686 sexagesimo
2643 608 2880 687 septimo
2940 633 3123 674 anno:
3190 634 3316 673 nam
3378 621 3575 693 viginti
3660 616 3675 627 ’

331 709 510 748 annos
549 705 700 762 nata,
745 698 1060 769 imperatori
1093 701 1406 758 Theodosio
1427 705 1718 775 conjuncta
1746 715 1852 762 est.
1906 705 1972 760 Et
2012 706 2063 760 in
2095 707 2217 761 aula
2254 708 2528 778 imperiali
2578 707 2683 765 sub
2735 698 2935 776 matre,
2970 711 3274 782 eademque
3333 713 3579 783 Augusta

330 786 642 859 Pulcheria,
675 794 871 872 viginti
904 812 1097 850 novem
1122 800 1407 870 transegit.
1453 801 1574 871 ipsa
1598 816 1729 857 vero
1759 802 1896 866 sola,
1934 803 2141 872 absque
2181 804 2499 871 Pulcheria,
2534 805 2832 877 imperium
2861 807 3026 862 annis
3072 817 3281 876 septem
3331 808 3577 863 admini-

331 881 549 937 stravit.
582 883 753 940 Porro
777 885 1174 961 Hierosolymis
1206 893 1460 949 undecim
1492 895 1778 965 transegit.
1811 896 1891 952 Es
1930 911 1997 951 eo
2066 907 2311 968 tempore
2338 911 2579 968 quatuor
2644 900 2784 955 vixit
2814 915 3010 963 annos.
3065 900 3391 956 universalis
3417 901 3576 957 Chal~

331 976 557 1031 ccdonis
581 979 773 1048 synodi
804 991 924 1036 acta
974 999 1085 1039 non
1132 987 1466 1055 approbans,
1516 988 1681 1045 sicuti
1714 1001 1901 1059 postea
1939 989 2210 1047 dicemus.
2279 991 2574 1064 Postquam
2637 1002 2820 1049 autem
2854 990 3049 1065 synodi
3077 993 3443 1063 ejns'decreta
3466 1008 3580 1048 rata

331 1079 598 1161 strataque
625 1073 840 1144 habuit,
877 1078 1015 1134 alios
1050 1080 1214 1135 etiam
1262 1083 1524 1154 transegit
1565 1094 1844 1154 quatuor;
1884 1096 1941 1140 et
1983 1088 2201 1141 tandem
2251 1096 2467 1144 mortua
2499 1097 2606 1146 est.
2684 1089 2757 1147 De
2799 1105 2908 1161 qua
2951 1089 3275 1159 prOphetam
3318 1090 3577 1144 Davidem

275 1158 281 1163 ’
332 1159 464 1216 illud
496 1164 660 1221 etiam
701 1168 905 1227 dixisse
951 1173 1137 1230 ferunt
1171 1191 1186 1230 :
1228 1174 1369 1231 Bene
1417 1177 1520 1247 (ac,
1568 1175 1818 1241 Domine,
1865 1179 1920 1232 in
1963 1179 2099 1234 bona
2142 1179 2414 1236 voluntate
2446 1190 2540 1236 tua
2573 1181 2727 1249 Sion,
2762 1158 2831 1237 etv
2873 1158 3201 1248 ediﬁcentur
3239 1182 3381 1236 muri
3422 1181 3583 1237 Jeru-

329 1259 494 1313 salem
533 1261 573 1316 ³.
603 1263 713 1321 lies
755 1265 1010 1325 Eudocize
1041 1270 1410 1341 imperatricis
1438 1272 1507 1329 ad
1539 1274 1688 1331 hunc
1726 1290 1784 1331 se
1809 1274 2055 1331 habuere
2088 1277 2337 1334 modum.

905 1376 1157 1463 κεοιλ.
1212 1409 1344 1465 NA'.

2625 1414 2852 1471 CAPUT
2898 1400 3029 1471 LL’

335 1515 469 1585 Περί
500 1515 605 1571 τοῦ
631 1517 803 1599 ἁγίου
834 1518 1099 1599 Συμξὼν,
1123 1521 1203 1599 ’ὃς
1243 1521 1474 1599 πρῶτος
1520 1522 1635 1594 τὴν
1663 1523 1764 1579 ἐπὶ
1795 1524 1903 1580 τοῦ

2020 1521 2085 1579 De
2112 1533 2300 1581 sancto
2329 1525 2607 1599 Symeone,
2644 1531 2735 1599 qui
2777 1532 2980 1596 primus
3020 1532 3183 1584 vitam
3222 1538 3271 1585 et
3298 1539 3582 1588 stationem

730 1589 934 1655 κίονος
952 1590 1249 1658 ἐπενόησε
1274 1589 1519 1650 στάσιν.

405 1701 560 1755 Κατὰ
613 1701 670 1755 δὲ
740 1702 932 1758 τοῦτον
979 1705 1071 1759 τὸν
1128 1708 1321 1778 χρόνον
1378 1709 1474 1763 καὶ
1537 1709 1833 1782 Συμεώνης
1876 1711 1907 1764 6

336 1794 501 1855 πάνυ,
532 1794 561 1845 ό
595 1797 691 1864 τῆς
743 1795 898 1860 ὁσίας
938 1798 1032 1850 καὶ
1089 1799 1333 1868 ἀοιδίμου
1393 1801 1638 1873 μνήμης,
1691 1802 1907 1872 πρῶτος

336 1884 433 1954 τὴν
463 1885 559 1938 ἐπὶ
594 1886 773 1950 κίονος
830 1889 1025 1944 στάσιν
1090 1891 1406 1962 ἐπινοήσας,
1459 1893 1674 1965 ἠκμαζέ
1700 1912 1756 1949 τε
1810 1894 1906 1949 καὶ

334 1977 683 2047 ἑγνωρίζετο,
716 1979 854 2051 ἔχων
884 1982 945 2035 τὸ
982 1983 1190 2037 ἄνωθεν
1220 1982 1314 2037 τοῦ
1344 1985 1521 2049 κίονος
1556 1986 1902 2058 ἐνδιαίτημα.

334 2071 537 2141 δίπηχυ
563 2071 623 2126 τὸ
661 2072 782 2127 δλον
844 2073 1178 2145 περίμετρον
1209 2090 1225 2107 ο
1256 2076 1491 2148 ὁπηνίκα
1548 2077 1752 2145 Δόμνος
1806 2080 1908 2140 τὰς

338 2164 491 2233 ἱερὰς
520 2167 677 2235 ἡνίας
737 2165 836 2237 τῆς
904 2166 1181 2237 Ἀντιόχου
1237 2166 1611 2249 διεχειρίζετο.
1660 2171 1758 2233 ὐς
1812 2169 1909 2224 καὶ

338 2255 526 2326 ἐπειδὴ
556 2256 797 2320 ἀκούσας
824 2257 885 2311 τδ
942 2256 1104 2330 ἔργον
1146 2257 1278 2329 παρ’
1304 2258 1468 2313 αὑτὸν
1515 2259 1774 2328 ἐγεγόνει,
1815 2260 1907 2313 ικ-

336 2347 578 2418 πληκτος
608 2348 727 2410 ὅλος
752 2343 840 2419 ἢν,
871 2350 965 2402 καὶ
1009 2351 1433 2421 μυστικωτέρως
1483 2351 1665 2419 ἐφίετο
1716 2352 1907 2405 συνελ-

337 2440 472 2497 δεῖν,
512 2439 569 2492 Ἐ
582 2442 664 2492 πεὶ
682 2439 727 2493 δ’
767 2438 860 2497 οὖν
881 2441 1053 2514 ἄμφω
1082 2442 1370 2513 συνῆλθον,
1397 2444 1495 2512 τὴν
1519 2443 1783 2513 ἄχραντον
1814 2440 1933 2496 καὶ,

337 2532 676 2601 ἀναίμακτον
730 2534 922 2588 θυσίαν
950 2534 1291 2600 τελέσαντες,
1323 2536 1418 2604 τῆς
1475 2535 1741 2600 ζωοποιοῦ
1796 2553 1908 2589 κοι-

339 2623 534 2690 νωνίας
553 2624 800 2694 ἀλλήλοις
828 2625 1143 2696 μετέδοσαν.
1170 2627 1277 2679 Καὶ
1298 2627 1479 2679 τοίνυν
1510 2629 1537 2679 6
1560 2629 1732 2696 μέγας
1755 2621 1909 2689 οὗτος

341 2715 481 2785 μετὰ
507 2716 600 2770 τοῦ
628 2717 782 2771 κάτω
806 2716 1086 2789 βρίθοντος
1112 2720 1386 2788 σώματος,
1414 2720 1512 2791 τὴν
1534 2719 1641 2771 τῶν
1663 2718 1909 2787 ἀγγέλων

340 2806 623 2861 πολιτείαν
654 2806 1130 2879 ἐκμιμησάμενος,
1172 2809 1338 2862 πᾶσιν
1367 2810 1737 2864 ἀποτάσσεται
1766 2810 1910 2877 πρά-

340 2916 515 2969 γμασι
549 2916 563 2932 ·
597 2899 691 2971 βίᾳ
738 2899 796 2954 δὲ
847 2900 1067 2970 φύσεως
1128 2902 1195 2955 τὰ
1263 2902 1517 2972 μετέωρα
1582 2902 1913 2956 καταλαϐεῖν

339 2994 715 3061 ἐπειγόμενος.
749 2993 919 3062 μέσον
955 2993 1188 3064 ούρανοῦ
1219 2994 1315 3048 καὶ
1345 2992 1451 3063 γῆς
1489 2996 1551 3048 τὸ
1590 2994 1917 3067 ἐνδιαίτημα

340 3088 634 3157 πήγνυσιν,
670 3084 811 3140 ὥστε
836 3086 967 3140 Θεδν
992 3087 1279 3160 ἀταράχως
1306 3088 1629 3156 δοξολογεῖν,
1662 3089 1758 3143 καὶ
1782 3090 1913 3164 μετ’

342 3180 593 3250 ἀγγέλων
614 3181 881 3251 ἀσίγητον
918 3182 1115 3251 ἐκείνῳ
1169 3181 1397 3235 πλέκειν
1438 3182 1538 3251 τὴν
1599 3183 1913 3252 ὑμνῳδίαν·

345 3271 410 3321 ἐκ
440 3268 541 3339 μὲν
573 3268 679 3337 γῆς
737 3271 838 3333 τὰς
890 3270 1001 3325 τῶν
1063 3270 1368 3341 ἀνθρώπων
1417 3272 1631 3344 δεήσεις
1697 3269 1788 3328 οἷά
1831 3290 1917 3337 τις

347 3361 512 3428 μέσος
541 3361 921 3433 καθεστηκὼς,
948 3363 1243 3432 προσάγων
1274 3360 1419 3433 Θεῷ,
1453 3365 1663 3418 ἐκεῖθεν
1696 3364 1760 3419 δὲ
1817 3366 1917 3437 τὴν

345 3452 574 3522 ἄφθονον
602 3454 765 3525 χάριν
792 3455 886 3507 καὶ
909 3456 968 3508 τὸ
1003 3454 1235 3525 ἄπειρον
1266 3455 1364 3526 τῆς
1411 3458 1698 3527 εὐμενείας
1743 3458 1906 3513 κατὰ·

346 3546 691 3610 γωνιαύτοϊς.
727 3538 803 3599 Ob
850 3546 918 3600 τὰ
977 3547 1256 3619 παράδοξα
1314 3548 1423 3601 τῶν
1476 3550 1651 3618 ἔργων
1701 3550 1917 3615 πολλοῖς

349 3642 446 3706 μὶν
480 3638 757 3707 ἱστόρηται
794 3639 1090 3703 αὖτόπταις
1124 3640 1234 3695 τῶν
1263 3643 1582 3713 παραδόξων
1615 3646 1920 3715 γεγενημί⁴

345 3747 454 3790 νοις
481 3745 497 3762 ·
525 3727 765 3794 ἐπαξίως
796 3730 851 3783 δὲ
889 3732 1034 3799 μάλα
1068 3735 1160 3799 καὶ
1181 3732 1379 3800 λογίως
1426 3736 1521 3786 καὶ
1569 3733 1929 3805 Θεοδὼρητοςν

348 3822 744 3891 καθιστόρησεν
771 3824 799 3874 6
826 3823 926 3893 τὴν
955 3823 1325 3893 Κυρεστηνῶν
1364 3823 1660 3894 ἐκκλησίαν
1693 3824 1919 3879 ἐτεισκο-

349 3913 527 3982 πήσας
556 3913 613 3965 ἐν
645 3915 710 3984 τῇ
743 3916 874 3984 παρ’
899 3913 1046 3983 αὐτῷ
1097 3915 1358 3982 Φιλοθέῳ
1407 3919 1640 3985 ἱστορίᾳ
1692 3918 1921 3989 ιπιγρα-

2494 1602 2549 1653 in
2584 1601 2833 1653 columna
2865 1601 3082 1655 invenit.

2076 1707 2190 1764 Hoc
2230 1708 2349 1779 ipso
2407 1718 2651 1779 tempore
2708 1711 2882 1765 etiam
2942 1728 3176 1783 magnus
3245 1713 3576 1784 Symeones,

2004 1809 2207 1861 sancta;
2252 1796 2327 1855 et‘
2342 1801 2578 1856 celebris
2636 1801 3063 1883 recordationis,
3097 1804 3189 1873 qni
3225 1805 3439 1874 primtts
3468 1815 3581 1883 sta:

2010 1891 2211 1945 tionem
2273 1893 2325 1946 in
2380 1892 2632 1947 columna
2687 1893 2923 1957 invenit,
2976 1874 3200 1966 viguit:
3252 1907 3308 1952 et
3365 1874 3585 1952 celebre

2007 1993 2340 2037 consecutus
2377 1994 2462 2039 est
2501 1999 2728 2048 nomen,
2750 1984 3097 2040 domicilium
3128 2002 3294 2058 super
3326 1989 3583 2041 columna

2007 2070 2308 2127 bicubitale
2341 2076 2707 2145 undeqnaque
2740 2076 2972 2141 habens,
3003 2092 3116 2148 quo
3144 2086 3391 2147 tempore
3423 2078 3587 2133 Dom—

2007 2178 2114 2218 nus
2169 2178 2353 2217 sacras
2409 2164 2769 2220 Antiocheam
2836 2165 2993 2221 urbis
3046 2167 3293 2223 habenas
3349 2168 3582 2223 tenuit:

2007 2253 2101 2323 qui
2130 2254 2295 2307 etiam
2329 2270 2393 2309 ea
2447 2270 2509 2310 re
2577 2256 2786 2320 audita,
2824 2272 2950 2312 cum
3010 2257 3077 2312 ad
3145 2274 3273 2313 eum
3320 2260 3583 2323 venisset.

2010 2354 2157 2399 totus
2181 2353 2571 2402 consternatus
2602 2356 2710 2411 est,
2737 2358 2795 2402 et
2824 2362 2949 2402 cum
2981 2364 3049 2403 eo
3075 2352 3309 2421 mystico
3356 2365 3587 2404 arcano-

2008 2452 2117 2509 que
2146 2452 2440 2507 congressu
2473 2440 2774 2494 convenire
2804 2442 3110 2513 exoptavit.
3160 2441 3587 2498 Conveneruntu

2010 2545 2117 2599 que
2159 2529 2296 2585 adeo
2343 2530 2529 2597 ambo,
2579 2540 2635 2586 et
2675 2531 2947 2588 sacriﬁcio
3004 2534 3360 2589 immaculato
3422 2542 3587 2605 atque

2012 2623 2301 2678 incruento
2326 2633 2572 2694 peracto,
2600 2625 2741 2680 alter
2762 2624 2920 2679 alteri
2949 2625 3220 2680 viviﬁcam
3245 2627 3588 2680 communio-

2011 2729 2136 2767 nem
2170 2714 2434 2784 porrexit.
2462 2714 2625 2786 560
2661 2715 2891 2787 Magnus
2941 2710 3113 2785 igitur
3143 2722 3229 2772 vir
3267 2718 3394 2781 iste,
3418 2717 3585 2772 etiam

2014 2806 2069 2860 in
2129 2821 2365 2878 corpore
2399 2806 2661 2863 deorsum
2696 2824 2916 2864 versum
2950 2818 3235 2880 vergente,
3270 2810 3588 2879 angelorum

2011 2896 2230 2954 vivendi
2312 2900 2624 2955 institutum
2672 2900 2942 2968 imitatus,
3020 2902 3187 2957 rebus
3242 2900 3586 2973 negatiisque

2011 2991 2271 3047 omnibus
2304 2993 2557 3048 nuntium
2588 2993 2814 3073 ⁸ι-ιξιιιίεἰι
2839 3011 2852 3047 :
2878 3003 2934 3048 ct
2962 2993 3012 3048 vi
3041 3003 3247 3051 natura:
3278 2994 3452 3059 illata,
3518 2993 3588 3047 ad

2014 3083 2270 3141 sublimia
2301 3085 2586 3155 aspiravit,
2624 3095 2791 3155 atque
2818 3087 3062 3141 medium
3106 3086 3254 3141 inter
3288 3086 3490 3141 cmlum
3534 3094 3592 3140 et

2017 3186 2219 3232 terram
2277 3179 2617 3234 domicilium
2670 3179 2777 3233 sibi
2817 3178 2957 3236 lisit.
2996 3189 3055 3234 nt
3093 3190 3248 3234 extra
3284 3178 3503 3233 turbam
3536 3187 3594 3232 et

2018 3273 2310 3328 tumultum
2346 3287 2567 3327 omnem
2618 3276 2853 3344 positus.
2919 3274 3091 3328 Deum
3127 3274 3499 3343 gloriﬁcarct,
3537 3282 3595 3327 et

2015 3366 2300 3436 perpetuis
2330 3381 2455 3419 cum
2504 3364 2716 3437 angelis
2750 3366 3078 3437 hymnorum
3131 3366 3392 3420 laudibus
3450 3366 3595 3420 cclc-

2017 3457 2227 3511 braret.
2272 3456 2411 3512 Hinc
2438 3458 2662 3528 quidem
2695 3458 2866 3513 veluti
2911 3457 3181 3512 mediator
3210 3457 3432 3526 quidam
3464 3473 3598 3526 sup-

2019 3549 2347 3619 plicantium
2405 3550 2696 3605 hominum
2735 3566 2927 3620 preces
2967 3549 3035 3603 ad
3099 3549 3271 3605 Deum
3324 3548 3593 3610 referens.

2018 3641 2147 3696 inde
2184 3650 2368 3697 autem
2400 3640 2714 3698 alllucntcm
2744 3651 2908 3711 atque
2936 3640 3263 3694 immensam
3288 3637 3598 3708 benignita-

2022 3734 2092 3789 tis
2124 3734 2359 3804 gratiam
2386 3732 2497 3787 illis
2541 3733 2885 3802 impertiens.
2903 3733 3073 3804 Cujus
3089 3730 3409 3784 admiranda
3430 3744 3597 3800 opera

2018 3841 2051 3880 a
2090 3825 2278 3880 multis
2312 3825 2559 3896 quidem,
2590 3826 2683 3894 qui
2709 3842 2772 3880 ea
2819 3826 3001 3880 oculis
3031 3826 3133 3895 ipsi
3167 3826 3287 3881 suis
3315 3824 3594 3878 viderunt.

2022 3917 2305 3972 memoriae
2327 3918 2539 3986 prodita
2570 3927 2722 3971 sunt.
2751 3915 3055 3972 Commode
3079 3927 3263 3973 autem
3287 3926 3344 3971 et
3370 3914 3600 3984 pulchre

348 4006 529 4077 φείσῃ.
571 4007 701 4059 Ὅτε
730 4007 911 4061 τοίνυν
936 4008 964 4059 ό
994 4008 1235 4077 ἐπίγειος
1264 4001 1416 4071 οὗτος
1440 4009 1672 4078 ἅγγελος
1698 4010 1917 4079 Συμεώ-

2023 4025 2085 4063 ea
2120 4007 2489 4063 Theodoritus
2534 4007 2660 4078 Cyri
2697 4009 3012 4077 episcopus,
3049 4008 3103 4061 in
3171 4007 3267 4062 Dei
3316 4013 3598 4060 amantum

350 4115 471 4167 νης,
502 4100 597 4152 καὶ
614 4102 670 4153 ἐν
692 4101 856 4169 σαρκὶ
908 4104 975 4171 τῇ
1002 4102 1267 4155 ἀνωτάτω
1317 4102 1776 4173 πολιτευσάμενος
1819 4103 1917 4156 Ἱε-

2029 4100 2256 4154 historia
2286 4110 2374 4155 cst
2397 4109 2744 4170 prosecutus.
2771 4099 2876 4155 Sed
2902 4099 3048 4154 enim
3080 4098 3173 4153 ubi
3207 4109 3467 4153 terrenus
3495 4097 3601 4150 iste

356 4191 784 4263 ρουσαλὴμ,τὴν
834 4194 1036 4265 ἀτριϐῆ
1095 4195 1187 4247 καὶ
1246 4193 1403 4265 ξένην
1460 4195 1687 4263 ταυτηνὶ
1736 4195 1917 4264 τρίϐον

2023 4193 2271 4262 angelus,
2305 4201 2470 4262 atque
2510 4193 2808 4247 etiamnum
2839 4192 2892 4246 in
2929 4206 3095 4246 carne
3127 4205 3398 4260 supremae
3448 4188 3599 4242 illius

353 4284 539 4338 ἀνύειν
568 4286 827 4348 ἐπέϐαλε.
890 4285 1288 4359 φιλανθρώπως
1345 4287 1395 4339 οἱ
1455 4285 1552 4349 τὰς
1598 4287 1708 4339 τῶν
1750 4288 1917 4358 ὀρέων

2024 4283 2327 4339 Jerusalem
2366 4283 2505 4338 civis
2535 4292 2589 4336 ct
2621 4283 2798 4338 incola
2827 4283 3152 4356 Symeoncs,
3179 4297 3210 4334 a
3250 4279 3469 4334 nemine
3504 4294 3601 4332 an-

354 4376 597 4442 κορυφὰς
658 4373 1051 4442 κατειληφότες
1106 4376 1344 4441 Πατέρες
1406 4375 1767 4438 διατεθέντες,
1813 4376 1917 4428 τῶν

2027 4388 2112 4432 tea
2167 4376 2350 4430 tritam
2406 4391 2713 4446 novamque
2765 4377 2925 4445 plane
2978 4375 3119 4429 viam
3167 4374 3443 4443 ingressus
3493 4382 3600 4434 est,

352 4484 501 4529 τινας
527 4466 734 4520 ἑαυτῶν
765 4468 1191 4538 ἀποκρίναντες,
1222 4467 1503 4524 στέλλουσι
1551 4467 1679 4540 παρ’
1733 4469 1917 4534 αὐτὸν,

2020 4476 2274 4521 summos
2313 4465 2582 4519 montium
2626 4465 2862 4519 vertices
2892 4464 3196 4518 incolentes
3235 4455 3426 4516 Patres
3473 4475 3603 4529 per-

354 4557 509 4611 ταῦτ’
539 4559 716 4611 εἰπεῖν
745 4558 1155 4626 ἐντειλάμενοι·
1192 4559 1259 4611 Τί
1291 4576 1373 4611 σοι
1423 4558 1676 4628 βούλεται
1712 4562 1744 4630 ή
1776 4559 1924 4624 ξενο-

354 4651 570 4720 πρεπὴς
625 4649 763 4715 αὕτη
819 4649 1080 4717 οἷκησιςς
1133 4651 1202 4703 Τί
1249 4650 1350 4722 τὴν
1414 4654 1784 4723 τετριμμένην
1832 4656 1926 4706 γαὶ

354 4743 537 4810 σχεδὸν
565 4743 681 4805 τοῖς
710 4743 877 4795 πᾶσιν
909 4743 1087 4808 ἁγίοις
1114 4742 1513 4811 πεπατημινην
1542 4742 1658 4795 ὁδὸν
1690 4742 1922 4811 διαφεὶς,

355 4834 824 4906 παρηλλαγμένην
883 4834 1009 4886 τινὰ
1054 4835 1148 4886 καὶ
1198 4834 1419 4901 ἀγνῶτα
1471 4835 1729 4900 καθάπαξ
1781 4837 1928 4891 εἵλου

353 4925 561 4979 ὁδεύειν
585 4943 601 4992 ;
636 4926 776 4994 Πρὸς
797 4924 863 4997 δὴ
886 4925 1097 4988 τούτοις
1128 4925 1553 4995 ὲπιτετράφασι,
1579 4928 1930 4983 καταϐαίνειν

358 5018 572 5072 ἐκεῖθεν
629 5017 907 5085 κελεῦσαι,
942 5018 1039 5072 καὶ⁵
1074 5019 1175 5088 τὴν
1198 5017 1311 5072 τῶν
1357 5018 1627 5073 ἐκλεκτῶν
1671 5021 1930 5091 Πατέρων

354 5110 559 5165 ὁδεύειν
591 5109 869 5180 αἱρεῖσθαι
900 5125 916 5140 ο
953 5108 1054 5164 κᾶν
1087 5110 1186 5171 μὲν
1214 5110 1493 5180 πρόθυμος
1547 5111 1758 5180 γένοιτο
1794 5115 1929 5184 πρὶς

356 5204 455 5274 τὴν
482 5201 693 5256 ἐκεῖθεν
725 5201 1032 5256 κατάϐασιν
1062 5203 1254 5255 ἑαυτὸν
1300 5203 1588 5265 ἐκδιδόναι,
1626 5208 1931 5275 συγχωρεῖν

358 5292 627 5361 ἐκέλευον,
654 5292 748 5345 καὶ
779 5290 997 5361 τρέχειν
1022 5292 1089 5356 ἢν
1128 5293 1453 5364 ᾑρετίσατο*
1492 5293 1652 5363 δῆλον
1708 5293 1816 5366 γὰρ
1863 5298 1930 5368 τῇ

359 5383 573 5454 ὑπακοῇ
595 5381 823 5445 ὡς’Θεδς
839 5382 1034 5451 ὀδηγός
1068 5384 1216 5437 ἐστιν
1243 5376 1343 5451 ᾧδε
1365 5386 1601 5438 διαθλεῖν
1619 5387 1882 5458 ᾑρημένῳ
1913 5406 1926 5419 ·

2029 4558 2265 4629 benigne
2303 4572 2431 4628 erga
2457 4572 2584 4611 eum
2618 4556 2870 4619 animati,
2900 4556 3144 4610 delectos
3177 4569 3243 4607 ex
3278 4567 3471 4606 eorum
3502 4558 3604 4603 nu-

2032 4666 2181 4705 mero
2217 4649 2478 4718 quosdam
2506 4648 2573 4701 ad
2614 4663 2740 4703 eum
2797 4649 3020 4711 misere.
3047 4646 3210 4715 eique
3255 4645 3369 4698 haec
3400 4658 3603 4697 renun'

2029 4742 2168 4796 tiare
2187 4741 2402 4812 jnssere
2427 4757 2441 4794 :
2473 4739 2615 4806 Quid
2653 4739 2758 4793 sibi
2801 4739 2919 4793 vult
2949 4738 3201 4792 insolens
3221 4736 3337 4789 haec
3361 4744 3416 4790 et
3445 4738 3606 4804 pere?

2028 4832 2183 4905 grina
2219 4831 2525 4886 habitatio?
2549 4829 2664 4886 Cur
2687 4830 2868 4884 tritam
2916 4829 3062 4883 hanc
3086 4838 3144 4882 et
3181 4842 3212 4880 a
3247 4826 3453 4880 sanctis
3492 4824 3607 4878 fere

2031 4924 2291 4979 omnibus
2338 4923 2605 4979 calcatam
2639 4921 2781 4975 viain
2824 4919 3165 4989 relinquens,
3198 4916 3361 4972 aliam
3416 4932 3609 4985 quam-

2032 5015 2157 5073 dam
2214 5023 2272 5070 et
2310 5030 2538 5086 prorsus
2599 5014 2839 5084 ignotam
2894 5012 3148 5067 semitam
3198 5004 3412 5063 iniistil
3471 5007 3608 5061 Illud

2033 5117 2299 5177 praeterea
2338 5106 2655 5161 mandatum
2698 5104 2781 5161 eis
2822 5103 3050 5171 dedere,
3085 5111 3147 5157 ut
3174 5099 3516 5171 descendere
3546 5099 3613 5152 il~
3638 5172 3651 5185 .

2034 5202 2171 5262 lum.
2195 5208 2251 5255 et
2277 5199 2582 5255 electorum
2615 5197 2838 5252 Patrum
2862 5195 3093 5266 vestigia
3124 5194 3284 5265 sequi
3315 5193 3605 5264 juberent.

2033 5293 2111 5347 Ac
2143 5291 2420 5359 siquidem
2480 5299 2799 5360 promptum
2847 5303 2930 5354 se,
2989 5295 3047 5342 ut
3097 5300 3168 5342 ex
3200 5285 3458 5340 columna
3508 5283 3608 5336 de-

2035 5384 2352 5449 scenderet,
2377 5384 2689 5453 praeberet:
2722 5382 3047 5454 permittere
3076 5380 3152 5446 ei,
3175 5387 3235 5435 ut
3259 5393 3422 5450 quam
3445 5376 3607 5431 vellet

357 5476 407 5530 εί
436 5475 492 5529 δέ
520 5492 582 5544 γε
613 5473 797 5539 δοῦλος
831 5476 968 5538 ἰδίας
985 5475 1215 5547 ὀρέξεως
1246 5476 1476 5543 γένοιτο,
1534 5481 1631 5531 καὶ
1681 5479 1917 5533 ἀντιϐαί-

2036 5475 2257 5530 vivendi
2327 5475 2599 5530 rationem
2670 5482 3150 5545 persequeretur,
3202 5479 3606 5543 praceperunt.

358 5584 470 5619 νειν
506 5564 766 5636 πειρῷτο,
794 5567 892 5619 καὶ
927 5567 1007 5637 μὴ
1044 5567 1180 5636 πρὸς
1237 5566 1337 5637 τὴν
1396 5567 1700 5638 ἐπιτροπὴν
1750 5567 1924 5633 ὀξέως

358 5648 780 5729 εὐθυδρομήσειε
830 5659 965 5729 πρὸς
1002 5660 1121 5731 βίαν
1169 5661 1234 5712 ἐκ
1265 5658 1423 5723 ποδός
1465 5658 1667 5728 ἕλκειν,
1699 5662 1791 5714 καὶ
1845 5662 1923 5726 είς

469 5845 481 5876 ¹
524 5841 661 5902 Psal.
700 5855 750 5906 ι,
779 5840 871 5894 ‘20.

2032 5567 2417 5624 Obedientiam
2457 5583 2700 5639 namque
2737 5568 2882 5639 ejus,
2909 5567 2955 5622 si
2995 5569 3136 5622 Deus
3166 5563 3404 5621 instituti
3457 5562 3607 5632 ejus-

2034 5660 2247 5715 cemodi
2283 5660 2392 5714 dux
2427 5671 2595 5728 esset,
2642 5659 3046 5716 declaraturam
3078 5672 3198 5715 csse
3248 5661 3609 5712 censuerunt.
