3962 6576
402 424 537 494 lin

1619 434 2045 497 NlCEPHOllI
2089 434 2432 497 CALLlSTl

3513 433 3640 497 12M

398 541 499 597 Sin
529 543 819 613 cupiditati
849 545 967 617 ipse
1008 563 1123 605 sua:
1149 550 1465 619 inserviret,
1498 560 1553 607 et
1609 560 1798 606 contra
1856 549 1960 606 sibi

2067 548 2173 616 γῆν
2201 548 2363 611 εὐθὺς
2394 549 2705 619 κατασπᾷν.
2745 545 2833 610 Ὠς
2868 544 2928 599 δὲ
2983 546 3119 617 πρὸς
3163 545 3324 600 αὑτὸν
3367 547 3640 615 ἐγένοντο,

399 636 684 692 nitendum
742 652 863 694 esse
911 640 1161 707 duceret,
1234 659 1412 721 neque
1472 644 1727 699 celeriter
1780 645 1966 701 statim

398 730 714 785 mandatum
775 733 1085 802 bujusmodi
1153 745 1566 805 exsequeretur,
1640 738 1872 807 pedibus
1915 738 1967 794 vi

398 836 685 893 arreptum
726 826 874 881 illico
892 826 1189 883 detrahere
1212 830 1516 896 jusserunt.
1554 830 1624 886 Ut
1649 831 1724 886 illi
1749 832 1816 885 ad
1839 847 1967 887 eum

401 924 687 977 venerunt,
725 925 779 969 et
809 916 1033 971 Patrum
1070 918 1385 972 mandatum
1411 930 1808 989 exposuerunt,
1840 936 1970 977 con-

398 1002 576 1057 festim
603 1004 694 1059 ille
723 1005 898 1059 altern
931 1007 1067 1075 pede
1109 1008 1345 1076 prolato,
1392 1009 1460 1064 ad
1490 1009 1965 1078 descendendum,

396 1100 453 1147 ct
485 1098 694 1164 absque
758 1096 867 1151 ulla
913 1098 1318 1156 deliberatione
1375 1110 1433 1156 et
1478 1101 1850 1170 dissensione,
1898 1105 1967 1160 ad

399 1196 729 1255 praeceptum
747 1204 938 1245 eorum
964 1191 1304 1260 implendum
1333 1204 1618 1264 promptus
1631 1205 1969 1266 paratusque

399 1278 504 1333 fuit
535 1297 549 1333 :
579 1289 635 1335 et
664 1282 867 1351 gratias
894 1283 1003 1337 illis
1036 1286 1168 1355 egit,
1196 1285 1293 1354 qui
1353 1295 1558 1340 tantam
1595 1288 1663 1343 de
1696 1304 1764 1342 eo
1814 1304 1970 1359 gere-

400 1380 523 1425 rent
547 1386 759 1437 curam,
819 1374 993 1429 veluti
1033 1377 1334 1446 quidquam
1382 1388 1581 1447 praeter
1630 1381 1967 1438 voluntatem

395 1471 453 1517 et
472 1466 798 1520 sententiam
829 1467 926 1522 Dei
951 1468 1136 1524 facere
1166 1472 1515 1540 occmpisset.
1541 1470 1715 1527 Porro
1737 1473 1813 1527 illi
1840 1490 1968 1530 eum

398 1555 452 1607 in
478 1555 754 1621 instituto,
780 1558 928 1626 quod
959 1559 1064 1629 sibi
1093 1569 1473 1630 proposuerat,
1500 1578 1819 1631 permanere
1840 1570 1968 1619 sunt

398 1647 542 1717 passi
575 1651 862 1721 :potestati
886 1653 1006 1721 ejus
1034 1654 1433 1722 permittentes,
1459 1664 1518 1710 ut
1547 1671 1707 1729 quem
1731 1658 1968 1727 cepisset

397 1756 617 1795 cursum
654 1751 869 1799 teneret
902 1761 919 1799 :
972 1745 1104 1799 illud
1138 1745 1366 1815 insuper
1394 1748 1740 1819 adjicientes,
1804 1747 1962 1820 561

399 1831 574 1886 Fortis
606 1844 747 1897 esto,
784 1843 840 1887 et
866 1834 1102 1891 viriliter
1126 1852 1247 1907 age.
1275 1838 1491 1894 Videris
1543 1855 1784 1911 namque
1818 1842 1963 1896 divi-

396 1923 549 1976 nitus
576 1924 643 1977 ad
680 1924 825 1979 hanc
858 1925 1080 1979 vivendi
1119 1928 1260 1981 viam
1294 1928 1600 1999 perductus
1624 1910 1769 1996 esse,
1800 1943 1962 1988 antea
1996 1910 2037 1963 Β

398 2013 661 2081 ignotam.
724 2018 911 2087 itaque
973 2018 1236 2088 deinceps
1284 2037 1477 2092 magna
1551 2023 1642 2078 ille
1700 2036 1964 2091 concepta

401 2104 621 2171 ﬁducia,
649 2117 891 2177 coeptum
946 2109 999 2163 id
1065 2112 1238 2182 magis
1291 2123 1375 2168 est
1435 2124 1777 2183 prosccutus.
1831 2116 1962 2170 'l‘atn

398 2197 606 2265 prolixe
635 2210 819 2255 autem
861 2200 1049 2257 divina
1081 2204 1133 2257 in
1171 2219 1239 2259 eo
1273 2205 1393 2261 viro
1427 2206 1626 2261 enituit
1659 2208 1853 2278 gratia,
1908 2221 1965 2265 ut

394 2302 518 2343 cum
551 2289 898 2349 Theodosius
926 2295 1211 2350 sanctione
1240 2298 1475 2366 quadam
1507 2298 1710 2353 Judmis
1732 2316 1937 2371 synago

394 2398 488 2449 gas
523 2382 576 2436 in
606 2385 739 2438 urbe
765 2385 1101 2441 Antiochena
1153 2402 1186 2440 a
1214 2385 1542 2443 Christianis
1574 2391 1655 2446 eis
1680 2392 1965 2461 ademptas

397 2472 686 2528 restituere
714 2475 988 2545 jussissct,
1014 2487 1071 2530 et
1102 2476 1404 2548 Symeones
1436 2495 1629 2550 magna
1658 2481 1877 2535 dicendi
1908 2492 1964 2538 et

394 2563 720 2634 objurgandi
758 2567 1012 2621 libertate
1042 2584 1193 2633 usus,
1224 2570 1436 2625 litteras
1457 2571 1522 2624 ad
1541 2587 1666 2625 cum
1692 2572 1958 2639 dedisset,

399 2651 652 2720 princeps
673 2652 740 2716 is,
768 2654 1110 2721 jussionibns
1138 2657 1251 2712 suis
1278 2659 1523 2725 abolitis,
1547 2677 1610 2715 ea
1631 2679 1750 2732 quae
1771 2673 1964 2719 sancto

403 2740 519 2794 viro
548 2750 602 2797 et
630 2742 960 2800 Christianis
994 2744 1352 2815 placuissent,
1389 2750 1603 2817 fecerit,
1629 2762 1793 2825 atque
1826 2772 1964 2825 prae-

395 2831 537 2886 fecto
564 2833 636 2898 ei,
664 2834 821 2903 cujus
852 2851 1017 2890 suasu
1056 2852 1142 2893 res
1183 2853 1247 2893 ea
1298 2841 1546 2895 instituta
1584 2843 1781 2915 fuerat,
1846 2855 1960 2900 tum

394 2924 717 2993 dignitatem
753 2926 1064 2983 ademerit:
1097 2940 1526 3003 prec‘atoresque
1574 2937 1840 2993 maximos
1890 2939 1958 2993 ad

394 3031 614 3071 aereum
669 3029 962 3091 martyrem
1018 3023 1249 3086 miserit,
1300 3027 1407 3095 qui.
1437 3026 1589 3080 illum
1645 3037 1705 3083 ut
1741 3011 1856 3099 pro
1900 3046 1960 3086 se

396 3109 563 3163 Deum
588 3120 844 3166 exoraret
860 3123 1124 3183 etpreces
1151 3132 1278 3171 suas
1298 3133 1482 3173 secum
1504 3123 1956 3190 communicaret,

395 3208 664 3268 rogarent.
694 3199 825 3266 Quae.
860 3211 1043 3257 autem
1079 3204 1171 3259 ille
1196 3205 1515 3263 admiranda
1555 3210 1790 3265 ediderit
1824 3212 1957 3267 faci-
1983 3244 2027 3301 ρ

392 3300 636 3367 ποι-ιιηει
666 3308 828 3361 quam
851 3297 1140 3351 commode
1170 3312 1291 3351 cum
1324 3299 1632 3369 quibusque
1650 3301 1957 3358 collocutus

392 3382 484 3444 sit,
507 3385 632 3453 quis
663 3384 941 3455 sigillatim
973 3389 1250 3457 exponat?
1276 3389 1406 3456 Qum
1435 3389 1482 3446 si
1515 3392 1641 3461 quis
1673 3408 1835 3448 nosse
1864 3409 1961 3448 ve-

396 3473 477 3535 lit,
504 3491 628 3529 eum
683 3475 752 3529 ad
802 3477 1090 3531 historiam
1119 3479 1238 3549 ejus
1268 3479 1557 3549 legendam
1596 3484 1955 3550 remittimus,

391 3582 553 3635 quan
597 3576 721 3636 post
747 3584 1004 3639 magnum
1039 3569 1439 3629 Theodoritum
1488 3574 1695 3643 optime
1751 3591 1959 3646 cogno-

395 3661 559 3714 minis
590 3660 642 3713 ei
684 3660 921 3731 Symeon
947 3660 1345 3730 Metaphrastcs
1374 3665 1728 3736 conscripsit,
1755 3682 1955 3722 novum

391 3752 664 3820 quoddam
693 3763 750 3807 et
775 3753 1162 3807 admirandum
1206 3756 1260 3808 in
1289 3770 1354 3810 ea
1385 3773 1451 3812 ex
1501 3760 1681 3813 omnis
1738 3759 1959 3828 generis

391 3842 617 3896 cibariis
640 3844 954 3896 convivium
974 3844 1230 3899 omnibus
1249 3860 1580 3917 proponens.
1616 3848 1675 3902 In
1703 3840 1807 3904 hoc
1836 3851 1959 3905 vitae

392 3934 642 3987 instituto
680 3933 991 4001 decertans,
1039 3935 1437 4007 quinquaginta
1501 3948 1557 3994 et
1598 3955 1694 3994 sex
1746 3943 1959 4012 peregit

389 4040 580 4080 annos.
608 4026 812 4081 Novem
843 4027 988 4082 enim
1016 4028 1071 4082 in
1104 4030 1309 4098 priore,
1342 4029 1437 4085 ubi
1475 4031 1759 4102 principiis
1790 4048 1959 4090 sacra:

305 4142 312 4149 -
392 4119 672 4189 religionis
704 4120 948 4175 imbutus
997 4133 1104 4189 est,
1149 4123 1337 4178 schola
1389 4126 1771 4196 consumpsit:
1824 4143 1956 4198 qua.

389 4211 637 4281 draginta
667 4221 848 4267 autem
889 4221 944 4268 et
978 4223 1209 4283 septem,
1242 4216 1296 4269 in
1328 4231 1392 4271 ea
1428 4232 1549 4285 qua:
1574 4217 1778 4272 dicitur
1803 4219 1956 4275 Man-

388 4307 485 4358 dra
517 4323 531 4359 :
564 4306 677 4361 sive
716 4315 777 4360 ut
805 4306 896 4361 alii
933 4307 1181 4371 tradunt,
1212 4309 1402 4364 decem
1454 4310 1546 4364 hic
1590 4310 1645 4364 in
1686 4314 1957 4383 angustiis

388 4398 715 4463 quibusdam
752 4401 980 4471 peregit;
1017 4409 1227 4472 septem
1274 4417 1406 4457 vero
1438 4401 1489 4456 in
1530 4402 1840 4461 minoribus
1866 4421 1950 4461 co-

388 4487 609 4550 lumnis.
639 4499 695 4545 et
719 4493 935 4547 tandem
967 4493 1018 4547 in
1056 4494 1311 4549 columna
1346 4495 1707 4564 quadraginta
1738 4497 1955 4552 cubito-

2071 640 2168 693 καὶ
2227 638 2327 710 τὴν
2369 640 2480 693 τῶν
2531 639 2794 710 Πατέρων
2854 636 3078 707 ἐντολὴν
3133 637 3423 708 ἧγγελλον,
3480 637 3644 702 εὐθὺς

2070 729 2419 801 θάτεροντῶν
2446 730 2624 784 ποδῶν
2670 730 2981 801 προτείνας,
3024 730 3273 783 κατιέναι
3302 729 3398 783 τοῦ
3447 729 3640 782 στύλον

2069 823 2284 891 ἕτοιμος
2303 818 2395 894 ἦν,
2427 823 2525 878 καὶ
2544 824 2645 893 τὴν
2684 823 2795 877 τῶν
2854 821 3114 891 Πατέρων
3163 822 3471 889 ἐπιτροπὴν
3531 820 3645 873 ἁδι-

2072 910 2321 975 στάκτως
2379 911 2597 965 ἀνύειν·
2632 912 2728 965 καὶ
2786 912 2948 981 χάριν
2996 911 3217 964 είδέναι
3247 910 3461 971 τούτοις
3513 909 3641 962 διωο

2075 1003 2296 1073 μολόγει
2326 1045 2341 1070 ,
2392 1002 2537 1057 οὕτω
2602 1003 2922 1074 κηδομένοις
2966 1004 3215 1067 ἐκείνου,
3271 1007 3346 1075 μὴ
3400 1004 3541 1057 κατὰ
3580 1003 3642 1055 τὸ

2068 1095 2225 1160 δόξαν
2251 1095 2372 1167 Θεῷ
2403 1095 2607 1150 ὡσανεὶ
2648 1098 3001 1166 πράττοντος.
3037 1097 3101 1150 Ol
3131 1097 3177 1150 δ’
3224 1096 3399 1158 οὕτως
3449 1097 3641 1164 ἔχοντα

2072 1187 2295 1258 μᾶλλον,
2349 1187 2425 1251 ὥς
2480 1204 2544 1257 γε
2599 1184 2667 1259 ἦν
2726 1188 3073 1258 ὡρισμένον,
3115 1188 3278 1251 ετων,
3321 1187 3643 1258 ἐπιτρέπον-

2004 1297 2020 1305 ‘
2067 1297 2160 1343 τες
2214 1281 2316 1348 τὴν
2370 1281 2441 1351 ἢν
2486 1281 2757 1350 προύθετο
2813 1281 3041 1350 πορείαν
3072 1279 3291 1333 ἁνύτειν
3326 1295 3344 1310 ·
3379 1281 3638 1333 ἐπειπόν-

2068 1388 2183 1437 τες,
2222 1371 2404 1441 Ἴσχυι
2437 1373 2533 1424 καὶ
2573 1371 2826 1441 ἀνδρίζου
2852 1361 2893 1403 θ’
2917 1369 3104 1432 ἔοικας
3145 1369 3254 1444 γὰρ
3285 1371 3472 1425 θεόθεν
3505 1372 3643 1442 πρὸς

2067 1465 2170 1537 τὴν
2227 1463 2416 1537 τρίϐον
2481 1462 2691 1534 ταύτην
2755 1462 3176 1532 ποδηγηθῆναι,
3228 1464 3446 1530 ἀγνῶτα
3506 1466 3641 1531 πρό-

2066 1572 2226 1626 τερον
2255 1554 2443 1609 οὖσαν.
2490 1554 2548 1609 '0
2581 1553 2683 1626 μὲν
2712 1553 2805 1608 οὖν
2837 1553 3127 1607 τουλοιποῦ
3162 1554 3469 1625 θαρρήσας,
3516 1556 3638 1607 ὲπι-

2073 1647 2274 1717 μᾶλλον
2311 1648 2390 1718 τῷ
2430 1648 2580 1718 ἔργῳ
2627 1645 2884 1701 ὲπέῦαλε.
2939 1647 3111 1699 Τόσον
3158 1646 3266 1716 δ’ή
3313 1645 3436 1699 θεία
3480 1647 3638 1717 χάρις

2069 1738 2335 1809 ἐνέσκηψε
2379 1740 2459 1809 τῷ
2490 1740 2666 1810 ἀνδρὶ,
2715 1740 2791 1802 ὡς
2837 1740 2932 1795 καὶ
2988 1741 3295 1804 Θεοδόσιον,
3348 1741 3638 1810 γράμματι

2070 1827 2409 1882 θεσπίσαντα
2441 1830 2543 1893 τὰς
2571 1831 2969 1900 άφαιρεθείσας
2997 1832 3165 1885 πάλαι
3210 1832 3484 1888 Ἰουδαίων
3512 1851 3639 1887 συν·-

2065 1921 2289 1989 αγωγάς
2318 1921 2461 1975 κατὰ
2490 1922 2590 1992 τὴν
2627 1923 2913 1993 Ἀντιόχου
2936 1923 3087 1997 παρὰ
3114 1925 3462 1994 Χριστιανῶν
3486 1922 3641 1990 αὖθις

2067 2012 2423 2082 ἀποδοθῆναι,
2458 2014 2602 2067 οἶτω
2633 2015 2731 2067 σῦν
2760 2016 3048 2089 παρρησίᾳ
3080 2016 3248 2089 πολλῇ
3291 2018 3503 2088 γράψαι
3546 2020 3645 2073 καὶ

2065 2106 2402 2177 ἐπιτιμῆσαι
2439 2108 2826 2179 σφοδρότερον,
2863 2109 2935 2173 ὡς
2975 2114 3073 2164 καί⁸
3101 2110 3266 2163 αὐτὸν
3305 2112 3514 2164 ἐκεῖνον
3549 2112 3642 2166 τὸν

2065 2198 2374 2269 κρατοῦντα
2400 2200 2498 2262 τὰς
2547 2204 2819 2271 σφετέρας
2865 2202 3354 2272 ἁνακαλεσάμενον
3399 2219 3644 2273 προστα-

2062 2289 2188 2354 γὰς,
2220 2288 2289 2340 τά
2317 2287 2451 2361 πρὸς
2489 2289 2651 2360 χάριν
2679 2290 2760 2361 τῷ
2796 2290 2932 2358 ὁσίῳ
2969 2292 3066 2345 καὶ
3110 2291 3460 2362 Χριστιανοῐς
3482 2294 3641 2361 ἐκτε-

2064 2379 2217 2433 λέσαι
2244 2394 2258 2409 ·
2306 2381 2624 2451 παραλῦσαι
2674 2381 2733 2435 δὲ
2771 2382 2868 2436 καὶ
2916 2380 3007 2437 τὸν
3049 2382 3350 2453 τηνικαῦτα
3396 2382 3643 2456 ὕπαρχον

2062 2470 2162 2540 τῆς
2190 2472 2371 2537 ἀξίας,
2392 2471 2491 2545 τὴν
2515 2474 2717 2547 πρᾶξιν
2748 2469 3215 2546 είσηγησάμενὸν’
3242 2475 3343 2529 καὶ
3374 2475 3643 2545 μεγίστην

2064 2563 2370 2633 ἐπιπέμψαι
2393 2564 2470 2635 τῷ
2500 2566 2672 2637 ἀερίῳ
2706 2561 2945 2639 μάρτυρι
2969 2567 3177 2638 δέησιν,
3207 2565 3341 2620 ὥσθ’
3372 2566 3512 2638 ὑπὲρ
3540 2569 3641 2621 αὐο

2062 2654 2156 2707 τοῦ
2203 2655 2337 2708 Θεὸν
2394 2655 2690 2723 δυσωπεῖν,
2736 2659 2836 2712 καὶ
2878 2658 2990 2711 τῶν
3023 2658 3246 2712 οίκείων
3294 2657 3640 2731 μεταδιδόναι

2063 2747 2259 2816 εὐχῶν.
2314 2749 2460 2802 Ὅσα
2511 2750 2570 2803 δὲ
2626 2750 2773 2803 κατὰ
2825 2750 2991 2821 μέρος
3042 2750 3251 2821 ἔπραξε
3300 2749 3413 2804 τῶν
3462 2749 3644 2821 εργων

2063 2840 2363 2909 παράδοξα,
2395 2842 2489 2895 καὶ
2514 2842 2710 2911 ὡμίλει
2755 2842 2971 2908 ἑκάστῳ
3003 2844 3073 2895 τὰ
3098 2843 3409 2913 πρόσφορα,
3440 2843 3528 2906 τίς
3573 2841 3641 2894 ἂν

2063 2926 2204 2980 κατά
2254 2927 2419 2998 μέρος
2449 2928 2876 2999 ἑκδιηγήσαιτο;
2924 2927 3015 2999 Τῷ
3058 2944 3124 2998 γε
3180 2928 3288 3000 μὴν
3321 2927 3640 2999 βουλομένῳ

2063 3022 2128 3090 τῇ
2161 3018 2281 3073 κατ’
2326 3020 2491 3074 αὑτὸν
2527 3019 2743 3091 ίστορίᾳ
2788 3021 3056 3090 ἐντυχεῖν·
3085 3019 3538 3091 προτρεπόμεθα,
3571 3019 3641 3090 ἢν

2018 3112 2261 3182 οᾶριστα
2324 3112 2463 3182 μετὰ
2511 3112 2605 3165 τὸν
2651 3112 2825 3165 πολὺν
2879 3111 3232 3183 Θεοδώρητον
3276 3112 3305 3165 ὁ
3347 3111 3639 3182 ὁμώνυμος

2062 3200 2210 3271 αύτῷ
2240 3200 2468 3270 Συμεὼν
2496 3203 2524 3256 ό
2569 3202 2982 3273 Μεταφραστὴς
3013 3199 3304 3273 ἐπεξῆλθε,
3354 3204 3493 3256 πᾶσι
3518 3220 3639 3257 και-

2061 3290 2157 3361 νήν
2187 3308 2309 3344 τινα
2361 3290 2456 3343 καὶ
2493 3289 2651 3357 ξένην
2691 3291 3026 3345 πανδαισίαν
3076 3293 3146 3345 τὰ
3191 3291 3401 3345 ἐκείνου
3441 3291 3644 3362 προθέ-

2060 3400 2240 3452 μενος.
2279 3385 2402 3437 Ἐπὶ
2436 3384 2493 3437 δὲ
2520 3383 2698 3457 ταύτῃ
2736 3386 2804 3457 τῇ
2840 3384 3093 3457 διατριϐῇ
3119 3384 3419 3450 ἀεθλεύων,
3452 3383 3513 3449 ἒξ
3544 3386 3641 3437 καὶ

2060 3478 2405 3549 πεντήκοντα
2451 3476 2759 3530 διετέλεσεν
2790 3477 2888 3547 ἐτη
2915 3493 2931 3508 ο
2963 3476 3120 3529 ἐννέα
3156 3478 3255 3546 μὲν
3281 3475 3359 3548 τῷ
3386 3475 3639 3546 προτέρῳ

2060 3569 2466 3639 φροντιστηρίῳ
2506 3567 2635 3623 ἔνθα
2674 3570 3006 3640 κατήχηται,
3043 3570 3184 3623 ἑπτὰ
3226 3569 3271 3623 δ’
3323 3572 3380 3622 ὲν
3418 3572 3486 3641 τῇ
3532 3587 3636 3622 και

2061 3660 2305 3733 λουμένῃ
2333 3662 2562 3732 Μάνδρα
2590 3660 2687 3715 καὶ
2723 3660 3157 3732 τεσσαράκοντα’
3185 3659 3319 3714 δέκα
3347 3660 3449 3733 μὲν
3484 3660 3634 3713 ἔτεσι

2061 3751 2323 3823 στενωπῷ
2356 3769 2461 3805 τινι
2490 3753 2581 3806 τὸν
2616 3752 2805 3823 ἀγῶνα
2827 3753 3118 3824 διηνυκὼς,
3151 3752 3297 3806 κίοσι
3331 3753 3387 3806 δὲ
3422 3753 3631 3824 βραχυ-

2058 3845 2236 3913 τέροις
2283 3843 2446 3896 ἑπτά·
2498 3844 2592 3896 ἐπὶ
2642 3843 2698 3898 δὲ
2735 3845 2826 3897 τὸν
2874 3845 3483 3916 τεσσαρακοντάπηχυν
3537 3846 3629 3917 Ετη

2058 3935 2373 4005 τριάκοντα.
2408 3933 2482 3987 Ui}
2514 3934 2575 3987 τὸ
2621 3934 2766 4004 ίερὸν
2816 3936 2912 3990 καὶ
2949 3934 3255 3988 πολύαθλον
3299 3935 3461 4006 σῶμα
3495 3937 3631 4005 μετὰ

2057 4031 2157 4094 τὴν
2188 4028 2399 4082 ἐνθένδε
2440 4028 2767 4098 ἀπαλλαγὴν
2800 4028 2973 4098 χρόνῳ
3009 4026 3239 4097 ὕστερον
3273 4030 3505 4093 Λέοντος
3533 4028 3630 4082 τοῦ

2061 4118 2301 4187 μεγάλου
2325 4120 2393 4172 τὰ
2428 4121 2683 4191 σκῆπτρα
2724 4119 3014 4190 Ῥωμαίων
3043 4120 3326 4186 διέποντος
3369 4123 3515 4176 κατὰ
3539 4124 3630 4176 τὸν

2070 4210 2343 4278 Ἀντιόχου
2393 4211 2647 4281 είσήχθη,
2694 4211 3019 4281 Μαρτυρίου
3068 4229 3131 4265 τε
3178 4213 3271 4267 ἐπὶ
3316 4213 3428 4267 τῶν
3462 4215 3627 4285 ἱερῶν

2056 4302 2254 4355 οἰάκων
2282 4303 2722 4374 προκαθημένου,
2770 4304 3157 4375 Ἀρδαϐουρίου
3193 4305 3252 4358 δὲ
3287 4305 3396 4360 τῶν
3445 4306 3628 4378 Ἐᾠων

2057 4395 2360 4465 ἡγουμένου
2384 4397 2683 4466 ταγμάτων
2709 4396 2851 4465 μετὰ
2878 4397 2985 4449 τῶν
3012 4398 3151 4467 ἀμφ’
3177 4398 3339 4453 αὐτὸν
3366 4417 3629 4470 στρατιω-

2056 4489 2185 4551 τῶν,
2233 4489 2324 4541 καὶ
2360 4487 2536 4541 ἄλλων
2567 4487 2838 4543 πλείστων
2872 4488 2982 4542 τῶν
3025 4493 3083 4543 έν
3132 4490 3280 4544 τέλει
3322 4495 3622 4562 παρόντων.

391 4594 509 4631 rum
579 4579 940 4650 longitudinis
995 4584 1370 4653 undetriginta
1426 4587 1690 4659 transegit
1745 4603 1941 4644 annos.

2059 4578 2115 4630 Ui
2143 4579 2207 4648 δὴ
2237 4579 2436 4643 πάντες
2459 4577 2577 4648 ἃμα
2612 4580 2707 4632 καὶ
2732 4579 2962 4650 ἀπείρου
2992 4584 3219 4651 στίφους
3258 4584 3622 4652 έφεπομένου,

387 4671 557 4741 Cujus
584 4686 797 4725 sacrum
832 4673 1066 4729 cadaver
1093 4683 1213 4745 post
1246 4684 1326 4730 tot
1357 4677 1684 4741 certamina,
1721 4688 1778 4732 et
1807 4694 1950 4732 mor-

390 4774 496 4815 tem
531 4764 699 4832 ipsam
727 4765 952 4830 oliitam,
981 4776 1167 4835 postea
1205 4770 1307 4822 sub
1346 4768 1551 4823 Leonis
1573 4768 1750 4839 Magni
1781 4770 1951 4840 impe~

391 4855 469 4925 rio
490 4855 834 4910 Antiochiam
874 4869 957 4912 est
987 4858 1272 4925 perlatum,
1307 4859 1586 4930 Martyrio,
1607 4862 1703 4930 qui
1735 4869 1846 4915 tum
1875 4860 1950 4915 ibi

384 4947 755 5016 episcopatum
786 4949 1032 5015 gerebat,
1062 4960 1225 5019 atque
1256 4951 1567 5009 Ardaburio
1593 4951 1950 5006 Orientalium

386 5040 666 5116 cupiarum
714 5039 962 5107 ductore,
999 5057 1124 5096 cum
1187 5044 1459 5098 militibus
1516 5046 1654 5109 suis,
1709 5053 1766 5099 et
1826 5043 1951 5098 aliis

360 5132 637 5198 .plnrimis
714 5133 1131 5204 magistratibus
1181 5136 1573 5206 praesentibus.
1623 5136 1725 5201 Qui
1786 5137 1949 5191 simul

384 5240 593 5291 mutnus,
626 5226 861 5280 maximo
882 5243 975 5281 eos
997 5228 1293 5283 comitante
1308 5230 1575 5289 exercitu,
1604 5229 1669 5282 ad
1697 5229 1950 5283 divinum

386 5316 518 5368 illud
552 5318 887 5387 tuguriolum
950 5318 1243 5388 advenere,
1273 5328 1330 5373 et
1383 5320 1760 5373 venerandum
1806 5320 1952 5375 illius

384 5408 613 5461 cadaver
632 5423 755 5463 cum
788 5412 1095 5465 reverentia
1134 5420 1187 5466 et
1231 5412 1492 5465 comitatu
1535 5411 1711 5466 multo
1769 5412 1949 5483 (multi

384 5508 623 5562 namque
649 5496 811 5551 etiam
844 5513 910 5553 ex
932 5500 1248 5556 monasticis
1296 5500 1636 5571 philosophis
1668 5502 1950 5571 undequa-

382 5598 490 5650 que
543 5600 609 5639 ex
655 5587 851 5643 vicinis
901 5591 1035 5646 locis
1091 5592 1159 5645 ad
1224 5606 1435 5647 sacram
1496 5592 1749 5661 corporis
1802 5593 1951 5648 illius

384 5677 798 5743 productionem
823 5692 879 5737 et
907 5699 1156 5753 pompam
1193 5699 1257 5739 eo
1286 5699 1344 5751 se
1390 5686 1757 5755 contulerant)
1790 5684 1949 5756 562

384 5783 762 5837 asservarunt,
801 5790 867 5828 nc
904 5776 1150 5830 finitimae
1180 5777 1342 5830 urbes
1377 5774 1721 5832 conﬂuentes
1773 5778 1825 5830 id
1865 5794 1951 5831 ra-

386 5872 574 5918 ucrcnt
613 5881 623 5916 :
655 5868 797 5924 quo!
854 5866 957 5920 ilhc
984 5868 1124 5921 inter
1152 5884 1228 5926 sc.
1272 5884 1518 5924 (ttucnam
1556 5868 1689 5923 illud
1723 5870 1941 5924 sortire-

2054 4671 2194 4723 κατὰ
2219 4670 2316 4741 τὴν
2352 4670 2503 4724 θείαν
2537 4672 2779 4742 μάνδραν
2815 4672 3126 4742 γενόμενοι,
3179 4675 3272 4727 τὸν
3306 4676 3621 4729 πάνσεπτον

2052 4763 2264 4817 ἐκείνου
2291 4765 2481 4834 νεκρὸν
2523 4765 2619 4818 σὺν
2664 4764 2807 4819 αἰδοῖ
2843 4767 2938 4818 καὶ
2973 4766 3277 4838 δορυφορίᾳ
3307 4768 3476 4840 πολλῇ
3516 4775 3625 4821 διε-

2053 4856 2301 4907 σώσαντο
2330 4853 2550 4924 (πολλοῦ
2585 4856 2649 4926 δὴ
2682 4855 2926 4927 πλήθους
2972 4859 3283 4926 φιλοσόφων
3312 4860 3523 4930 ἀνδρῶν
3564 4861 3626 4912 ἐκ

2050 4948 2161 4999 τῶν
2191 4946 2512 5017 περικύκλῳ
2537 4950 3065 5025 καταφοιτησέιντων
3095 4953 3160 5021 τῇ
3185 4950 3458 5019 τοῢνίεροῦ
3488 4953 3629 5005 ὲκεί-

2052 5056 2143 5091 νου
2175 5039 2411 5110 σκήνους
2453 5040 2574 5109 ίερᾷ
2603 5041 2955 5111 προπομπῇ),
3010 5041 3086 5105 ὡς
3131 5042 3195 5095 ἂν
3245 5047 3321 5113 μὴ
3364 5045 3421 5096 al
3462 5044 3625 5115 πέριξ

2052 5132 2231 5193 πόλεις
2292 5134 2639 5202 ἑπιρρυείσαι
2693 5136 2783 5186 τὸν
2836 5135 3123 5205 ζωηφόρον
3167 5138 3358 5208 νεκρὸν
3391 5138 3626 5206 διαρπά-

2054 5241 2208 5290 σωσι,
2243 5223 2670 5295 φιλονεικοῦσαι,
2702 5227 2830 5280 ποία
2867 5230 2997 5281 ποτε
3024 5231 3241 5298 γένοιτο
3268 5230 3464 5284 τοῦτον
3492 5231 3620 5301 κλη-

2028 5318 2359 5387 ρώσασθαι.
2392 5320 2561 5382 Μόλις
2595 5320 2651 5373 δὲ
2684 5320 2964 5389 διαφυγὼν
2992 5325 3118 5385 τοὺς
3153 5324 3502 5392 ἁρπάζοντας
3530 5324 3625 5376 σὺν

2052 5409 2300 5480 θαύμασι
2333 5412 2473 5465 κατὰ
2516 5413 2616 5480 τὴν
2661 5414 2978 5484 ὁδοιπορίαν
3023 5416 3434 5484 γεγενημένοις,
3484 5396 3634 5468 κατὰ.

2050 5502 2151 5570 τὴν
2194 5501 2473 5570 Ἀντιόχου
2501 5501 2685 5570 ἐτέθη,
2742 5502 2809 5554 Ὃ
2843 5503 2938 5555 καὶ
2967 5503 3117 5555 Λέων
3148 5502 3379 5571 ’ὕστερον
3404 5505 3433 5555 ὁ
3462 5503 3623 5556 αὐτο-

2051 5595 2275 5662 κράτωρ
2337 5593 2660 5663 Ἀντιοχέων
2700 5595 2872 5648 ἐδεῖτο
2916 5594 3206 5666 λήψεσθαι.
3253 5596 3317 5648 Οί
3356 5595 3413 5647 δὲ
3439 5593 3622 5663 δέησιν

2051 5680 2486 5750 ἐπιπέμψαντες,
2519 5681 2653 5751 πρὸς
2677 5683 2789 5745 τοῖς
2817 5681 2997 5746 ἄλλοις
3020 5684 3114 5735 καὶ
3137 5681 3312 5735 ταῦτα
3340 5684 3410 5753 τῇ
3440 5682 3621 5751 δεήσει

2052 5774 2409 5843 γεγράφασι·
2444 5790 2463 5824 ι
2499 5775 2600 5827 Διὰ
2637 5773 2699 5826 τὸ
2730 5774 2804 5844 μὴ
2844 5776 3111 5846 ὑπάρχειν
3142 5777 3321 5846 τεῖχος
3352 5778 3421 5845 τῇ
3469 5774 3622 5829 πόλει

2054 5866 2336 5923 (πέπτωκε
2375 5864 2485 5930 γὰρ
2518 5868 2577 5919 ἐν
2623 5865 2760 5931 ὀργῇ
2792 5864 3016 5932 σεισμοῦ
3048 5866 3284 5932 μεγάλου
3319 5868 3615 5933 γεγενημέ·
