4036 6544
435 447 567 511 3245

424 658 580 728 ἡμῖν,
612 657 845 727 γένηται
905 662 1085 732 τεῖχος
1146 662 1242 715 καὶ
1293 662 1598 734 ὀχύρωμαο
1644 682 1662 716 ι
1709 661 1792 728 οἷς
1844 665 1997 736 μόλις

421 748 792 819 δυσωπηθεὶς,
820 751 1006 816 ἐνδούς
1035 769 1097 806 τε
1121 756 1193 823 τῇ
1219 754 1409 825 δεήσει
1444 756 1693 822 ἐκείνων,
1714 755 1776 810 τὸ
1797 757 1999 810 σεπτὸν

423 841 656 906 ἐκείνοις
690 843 839 896 εῑασε
873 844 1034 912 σῶμα
1062 844 1156 899 τοῦ
1194 840 1445 916 Συμεὼν,
1479 848 1508 901 δ
1546 848 1641 901 καὶ
1686 849 1848 919 μέχρι
1891 849 2000 901 τῶν

420 930 725 1017 ,κατωτέρω
779 932 991 1001 χρόνων
1044 937 1227 987 ὲκεῖσε
1280 935 1345 1006 δὴ
1393 936 1759 1005 φυλάττεσθαι
1814 938 1907 991 καὶ
1942 937 2000 1002 ἐς

423 1020 587 1091 δεῦρο
614 1022 818 1092 ἔγνων.
857 1024 973 1092 Ἐφ’
1000 1019 1045 1095 ᾧ
1068 1027 1131 1097 δὴ
1165 1027 1262 1082 καί
1289 1044 1342 1081 τι
1369 1029 1677 1097 παράδοξον
1705 1030 2000 1101 ἱστορεῖται

426 1119 534 1178 τοῖς
563 1117 903 1186 θεωρήσασι.
941 1119 1053 1181 Τὰς
1090 1120 1199 1190 γὰρ
1227 1122 1368 1174 κατὰ
1394 1121 1494 1191 τῆς
1522 1122 1763 1193 κεφαλῆς
1791 1122 1999 1178 καὶτοῦ

426 1209 690 1278 πώγωνος
721 1211 1035 1281 προσούσας
1056 1213 1251 1284 τρίχας
1281 1218 1358 1285 μὴ
1385 1215 1688 1279 διαπεσεῖν,
1717 1217 1856 1285 μήτε
1891 1218 1996 1288 μὴν

425 1301 501 1370 τῷ
523 1302 702 1373 χρόνῳ
725 1304 1115 1375 διαφθαρῆναι,
1154 1309 1311 1376 φασί’
1340 1310 1637 1375 νικήσασαι
1666 1310 1722 1362 δὲ
1752 1310 1843 1362 τὸν
1873 1312 1997 1380 χρό-

427 1412 535 1460 νον,
571 1395 655 1450 ἔτι
708 1398 1092 1467 διαφαίνονται
1144 1399 1539 1473 σώζουσαι-τῷ
1588 1402 1722 1474 ὁσίῳ
1762 1402 1852 1455 τὸν
1896 1421 1999 1474 χα-

427 1489 700 1559 ρακτῆρα,
730 1489 920 1560 ὥσπερ
952 1492 1117 1556 ζῶντι
1158 1494 1252 1547 καὶ
1285 1493 1596 1563 ἀνθρώποις
1629 1495 1993 1566 διομιλοῦντι⁹

428 1580 827 1648 περισώζεσθαι
855 1583 911 1637 δὲ
941 1584 1093 1655 αὑτῷ
1128 1586 1222 1639 καὶ
1269 1586 1502 1647 divorso
1535 1587 1730 1658 δέρμα,
1781 1588 1861 1659 τῷ
1896 1604 2000 1657 μα-

430 1673 542 1743 κρῴ
575 1676 724 1746 πόνῳ
757 1680 853 1730 καὶ
897 1679 1077 1750 χρόνῳ
1125 1682 1556 1751 ὲρῤυτιδωμένον
1604 1699 1665 1736 τε
1714 1682 1812 1735 καὶ⁸
1857 1683 1998 1735 ἀπε-

430 1769 687 1838 σκληκός*
718 1772 854 1840 πρὶς
881 1772 937 1825 δὲ
967 1773 1063 1825 καὶ
1089 1775 1138 1825 oi
1171 1777 1312 1827 atati
1341 1773 1437 1825 τοῦ
1472 1775 1741 1845 στόματος
1765 1775 1999 1840 ὀδόντες,

1362 457 1957 549 ΕΟΕιΕΞΙΑδΤΙΕίΕ
1996 461 2381 524 HISTORIA!
2422 467 2559 530 LIB.
2605 469 2763 531 XIV.

425 564 539 634 νου)
568 565 854 636 ἠγάγομεν
880 567 939 620 τὸ
959 570 1228 638 πανὰγιον
1258 572 1417 639 σῶμα
1451 571 1546 625 τοῦ
1569 573 1818 642 Συμεὼν,
1844 573 1992 635 ὅπως

2110 589 2208 639 .ur.
2244 576 2595 633 decertarent

3545 471 3681 538 i‘2i6

2643 595 2658 635 :
2708 589 2874 651 atque
2914 581 2965 636 id
3025 581 3113 636 vix
3160 582 3381 638 tandem
3442 584 3675 646 saqum.

2101 667 2287 723 multis
2318 670 2376 723 in
2405 669 2604 727 itinere
2635 672 2917 728 miraculis
2935 673 3220 740 exhibitis,
3254 675 3559 730 Antiochia:
3592 691 3685 731 re-

2101 759 2340 831 positum
2370 771 2474 816 est.
2515 762 2572 817 ld
2607 764 2774 818 etiam
2810 774 2994 834 postea
3028 766 3330 836 imperator
3363 767 3408 821 is
3442 768 3512 822 ab
3569 765 3681 822 An-

2103 853 2376 908 tiochenis
2405 854 2508 910 sibi
2537 854 2655 911 dari
2693 857 2871 927 petiit.
2925 859 2993 913 At
3037 858 3110 913 illi
3170 859 3555 928 preeatoribus
3607 860 3674 914 ad

2100 961 2228 999 eum
2259 946 2461 1011 missis,
2502 947 2649 1002 inter
2670 948 2775 1003 alia
2801 961 2856 1003 et
2889 949 3004 1002 hazc
3028 950 3281 1018 precibus
3306 952 3420 1006 suis
3449 951 3680 1005 addide-

2101 1053 2161 1093 re
2191 1056 2204 1094 :
2241 1057 2258 1090 ι
2299 1040 2597 1108 Propterea
2630 1043 2772 1110 quod
2811 1043 2943 1097 urbs
2967 1052 3152 1096 nostra
3182 1059 3397 1097 murum
3433 1062 3540 1099 oon
3582 1044 3684 1099 lia-

2100 1132 2278 1195 beret,
2305 1132 2399 1201 qui
2450 1148 2648 1202 magno
2685 1142 3035 1189 terraemotus
3079 1138 3284 1203 impetu
3320 1115 3550 1198 corruit,
3590 1124 3681 1190 sa-

2100 1234 2446 1279 crosanctum
2484 1223 2775 1296 Symeonis
2829 1241 3031 1296 corpus
3077 1230 3184 1291 huc
3216 1228 3571 1293 adduximus,
3624 1236 3683 1280 ut

2104 1317 2263 1371 nobis
2287 1331 2387 1387 pro
2447 1333 2605 1371 muro
2636 1328 2692 1372 et
2727 1319 2870 1372 vallo
2909 1329 3078 1373 esset.
3156 1338 3175 1371 ι
3228 1321 3441 1385 Quibus
3499 1319 3683 1373 verbis

2101 1425 2246 1481 «egre
2297 1409 2407 1465 Leo
2473 1419 2773 1476 exoratus,
2816 1412 3076 1480 precibus
3129 1424 3320 1468 eorum
3382 1411 3570 1477 cessit,
3629 1421 3683 1467 et

2103 1514 2354 1557 sanctum
2386 1502 2677 1574 Symeonis
2737 1518 2943 1573 corpus
2974 1505 3056 1559 eis
3097 1504 3339 1573 reliquit.
3398 1503 3559 1570 Quod
3606 1502 3683 1559 ibi

2105 1596 2512 1665 posterioribus
2565 1596 2903 1665 temporibus
2946 1600 3013 1650 ad
3072 1596 3177 1651 hoc
3226 1613 3402 1666 usque
3464 1607 3684 1666 tempus

2106 1700 2384 1743 servatum
2407 1702 2529 1743 esse
2562 1688 2768 1743 scimus
2802 1688 2902 1759 (Ι).
2941 1688 3016 1743 De
3044 1688 3149 1744 hoc
3179 1688 3491 1743 mirandum
3524 1689 3685 1758 quid-

2106 1781 2253 1844 dam,
2295 1781 2390 1851 qui
2414 1781 2467 1836 id
2507 1781 2784 1839 viderunt.
2811 1792 3140 1836 memorant.
3170 1781 3303 1836 Nam
3333 1781 3527 1851 capitis
3562 1782 3686 1848 ejus

428 1860 569 1930 πλὴν
625 1863 852 1917 ἐκείνων
901 1865 1018 1917 ὅσοι
1073 1866 1282 1917 πιστῶν
1342 1867 1532 1937 χερσὶν
1583 1867 2005 1936 ἀνεσπάσθησαν

2110 1882 2162 1927 et
2220 1873 2402 1928 barbas
2440 1873 2668 1942 capillos
2700 1888 2810 1928 non
2864 1873 3157 1937 excidisse,
3208 1888 3388 1942 neque
3429 1884 3679 1943 tempore

308 1990 325 2007 .
428 1953 636 2025 φίλτρῳ
658 1954 736 2025 τῷ
760 1958 895 2025 πρὸς
923 1957 1109 2012 αὐτόν.
1148 1959 1214 2011 "A
1244 1958 1307 2028 δὴ
1345 1960 1519 2013 πάντα
1557 1958 1891 2029 κηρύττουσι
1914 1959 2005 2012 διὰ

428 2043 522 2096 τοῦ
557 2045 863 2113 σχήματος,
903 2042 1017 2111 οἷος
1049 2065 1107 2099 τε
1140 2049 1236 2101 καὶ
1260 2048 1449 2113 πόσος,
1486 2049 1712 2119 πηλίκος
1748 2066 1808 2101 τε
1844 2051 1871 2102 ὁ
1908 2048 2003 2103 τοῦ

428 2138 565 2190 Θεοῦ
588 2140 878 2221 ἄνθρωπος
922 2138 993 2211 ἦν
1024 2142 1272 2211 Συμεών.
1319 2142 1661 2212 Παράκειται
1691 2143 1745 2195 δὲ
1792 2142 1870 2212 τῷ
1901 2142 2007 2196 σώ-

433 2249 565 2297 ματι
597 2232 696 2285 καὶ
724 2235 754 2286 ὁ
802 2236 864 2286 ὲκ
913 2235 1140 2304 σιδήρου
1180 2236 1558 2304 πεποιημένος
1585 2235 1786 2298 κλοιὸς·
1820 2236 1878 2298 δς
1909 2236 2002 2287 καὶ

429 2325 610 2393 αὐτὸς,
641 2327 863 2397 σύναμα
894 2328 972 2396 τῷ
997 2328 1315 2400 καρτερικῴ
1339 2329 1554 2381 ἐκείνου
1587 2327 1684 2380 καὶ
1718 2327 2004 2397 πολυὰθλῳ

430 2420 645 2489 σώματι
677 2421 1077 2484 συναεθὶεύων,
1128 2425 1225 2477 καὶ
1273 2416 1384 2477 τῶν
1430 2428 1493 2476 ἐκ
1527 2423 1664 2476 Θεοῦ
1697 2424 2002 2492 μετέσχηκε

425 2510 670 2582 δωρεῶν.
708 2512 845 2565 Οὐδὲ
881 2515 985 2580 γὰρ
1015 2513 1221 2584 καίπερ
1270 2513 1620 2567 ἀποθανόντα
1657 2513 1748 2567 τὸν
1778 2512 2004 2582 Συμεὼν

426 2605 453 2654 ὁ
481 2606 722 2675 ἐραστὴς
753 2604 926 2675 αὐτῷ,
958 2608 1100 2659 είπω
1133 2606 1179 2658 δ’
1208 2606 1290 2658 ὅτι
1333 2607 1427 2659 καὶ
1471 2604 1749 2675 ἐρώμενος
1786 2605 2004 2675 σίδηρος

426 2697 815 2762 ἀπολέλοιπεν,
835 2696 1031 2768 ὥσπερ
1056 2699 1476 2768 ἀποσκιρτήσας
1501 2700 1598 2768 τῆς
1617 2697 1785 2765 καλῆς
1811 2698 2003 2762 ξυναυ-

428 2788 568 2851 λίαςο
600 2789 717 2843 ἀλλ’
749 2790 946 2858 ἐκείνῳ
980 2789 1340 2858 παράκειται,
1372 2790 1472 2844 ὅσα
1494 2789 1560 2859 δὴ
1592 2791 1688 2843 καὶ
1712 2788 1774 2842 τὸ
1794 2788 2004 2841 ἐκείνου

432 2882 593 2952 σῶμα
631 2882 1130 2951 διαπραττόμενος.
1168 2880 1356 2944 Οὕτως
1396 2883 1587 2951 ἔμοιγε
1617 2884 1732 2944 τοῖς
1765 2881 2005 2934 καθέκα-

432 2993 557 3033 στον
603 2976 711 3027 τῶν
745 2976 956 3028 ἐκείνου
999 2976 1139 3044 ἔρως
1170 2975 1516 3040 ἐπεξελθεῖν,
1566 2975 1838 3045 ὠφέλειαν
1874 2991 2007 3055 προο

431 3065 718 3138 ξενήσουσι
736 3066 1082 3137 διηγουμένῳ
1109 3067 1202 3120 καὶ
1230 3069 1344 3130 τοῖς
1375 3067 1821 3136 ἐντυγχάνουσιν,
1853 3068 1903 3119 εί
1930 3067 2006 3135 μὴ

430 3160 862 3231 προειρημένοις
893 3159 1059 3223 θείοις
1090 3158 1348 3228 ἀνδράσιν
1375 3158 1542 3225 ἀξίως
1571 3159 1665 3213 καὶ
1698 3158 1844 3228 μάλα
1865 3148 2015 3229 λαμ-ἶ

430 3254 588 3325 πρῶς
619 3254 715 3307 καὶ
748 3253 830 3316 είς
879 3252 1083 3316 πλάτος
1132 3252 1315 3308 πάντα
1366 3253 1674 3322 πεπόνηται
1695 3267 1711 3282 ·
1741 3250 1914 3314 ἄλλως
1943 3269 2005 3305 τε

431 3348 529 3400 καὶ
564 3345 704 3416 πρὸς
748 3344 885 3399 ἄλλα
914 3345 1018 3413 τῆς
1056 3344 1395 3413 ἐπαγγελίας
1438 3345 1565 3414 ἐμοὶ
1609 3343 2005 3413 προκειμένης,

430 3436 569 3497 τέως
643 3434 782 3503 ὅπερ
847 3433 1081 3495 ἐκείνοις
1147 3432 1586 3503 παραλέλειπται
1648 3432 2007 3503 διηγήσομαι.

433 3523 692 3594 Μάνδραν
745 3523 869 3594 μὲν,
912 3521 987 3585 ὡς
1026 3519 1269 3591 εἴρηται,
1316 3521 1408 3574 τὸν
1442 3522 1620 3591 χῶρον
1669 3519 1924 3575 καλοῦσιν
1957 3519 2009 3572 οί

434 3612 724 3686 ἐπιχώριοι
750 3616 850 3684 τῆς
871 3614 1187 3684 ἀσκήσεως,
1216 3612 1323 3675 τοῦ¹
1340 3614 1488 3669 ὁσίου
1511 3614 1609 3684 τὴν
1639 3612 1833 3682 κλῆσιν
1860 3610 2010 3682 αὑτῷ

435 3706 846 3769 ἐπιδεδωκότος.
877 3706 1143 3777 Διέστηκε
1177 3706 1235 3760 δὲ
1269 3705 1619 3768 Θεουπόλεως
1646 3704 1881 3769 σταδίοις
1907 3706 2011 3775 μά-

437 3800 594 3855 λιστα
641 3799 980 3870 τριακοσίοις
1026 3800 1165 3869 πρὸς
1197 3798 1330 3851 αὐτὸ
1358 3798 1420 3851 τδ
1451 3797 1681 3861 ἄναντες
1714 3797 1812 3867 τῆς
1846 3814 2011 3868 κορυ-

437 3893 544 3962 φῆς
566 3892 661 3946 τοῦ
691 3892 849 3963 ὅρους
877 3891 1225 3962 διακειμένηο
1252 3891 1313 3943 τὸ
1344 3890 1390 3943 δ’
1418 3890 1678 3944 ἐπέκεινα
1707 3889 2009 3958 πρόσαντες

434 3987 620 4056 διήκει
656 3987 893 4049 σταδίοις
923 3984 1157 4039 εἴκοσιν·
1195 3984 1280 4053 ἐφ’
1329 3982 1359 4035 ὃ
1405 3982 1500 4037 καὶ
1528 3980 1664 4045 νεὼς
1704 3981 1902 4050 ἀνέστη
1932 3977 2011 4049 τῷ

439 4080 584 4150 ἁγίῳ
627 4081 684 4140 ἐς
732 4077 974 4149 σταυροῦ
1005 4077 1193 4148 σχῆμα
1229 4073 1681 4149 διατυπούμενος,
1722 4074 1788 4127 ὲκ
1812 4073 2012 4126 τεσσά-

442 4188 550 4240 ρων
591 4168 846 4240 πλευρῶν
875 4168 1055 4232 θόλοις
1087 4166 1492 4237 κοσμούμενος.
1517 4162 1709 4227 Κίονες
1731 4163 1789 4216 δὲ
1820 4162 2011 4227 ξεστοῦ

439 4266 591 4338 λίθου
618 4262 988 4334 πεποιημένοι
1016 4260 1475 4331 παρατετάχαται
1506 4258 1629 4320 ταῖς
1662 4257 1846 4315 στοαῖς
1876 4254 2012 4324 πρὸς

437 4358 500 4412 τὸ
531 4355 1000 4429 εὐπρεπέστερον,
1047 4353 1110 4408 εὖ
1167 4352 1316 4423 μάλα
1368 4353 1467 4420 τὴν
1512 4348 1721 4421 ὀροφὴν
1758 4350 1838 4410 είς
1882 4346 2014 4418 ὕψος

439 4450 782 4520 ἐπαίροντεςθ
825 4449 888 4502 τδ
937 4447 995 4502 δὲ
1039 4445 1204 4515 μέσον
1243 4444 1381 4514 αὐλή
1406 4444 1489 4507 τίς
1517 4445 1666 4497 ἐστιν
1702 4440 2010 4509 ὑπαίθριος,

2108 1962 2426 2031 longissimo
2465 1963 2815 2018 intercidisse
2843 1962 3041 2017 aiunt:
3076 1961 3171 2031 qui
3208 1963 3258 2014 vi
3291 1962 3559 2030 temporis
3588 1976 3683 2016 su-

2106 2065 2316 2126 perata,
2347 2056 2578 2111 formam
2604 2055 2786 2111 adhuc
2811 2055 2914 2111 viri
2938 2054 3118 2110 sancti
3159 2055 3331 2109 veluti
3370 2055 3607 2108 viventis
3628 2062 3684 2107 et

2106 2151 2248 2205 inter
2287 2150 2539 2205 homines
2561 2150 2832 2204 versantis
2861 2150 3257 2205 conservarint.
3282 2149 3498 2219 integra
3515 2147 3683 2202 etiam

2106 2243 2227 2310 ejus
2265 2242 2412 2297 dicta
2440 2252 2524 2296 est
2577 2242 2747 2296 fuisse
2776 2240 3158 2307 cutisjomnis,
3195 2250 3359 2310 atque
3392 2240 3448 2294 in
3502 2237 3683 2293 fronte

2107 2334 2592 2404 praacipuelabore
2629 2344 2683 2387 et
2713 2343 2961 2403 tempore
3015 2333 3190 2386 multo
3226 2331 3479 2402 rugosior
3516 2341 3684 2399 atque

2107 2424 2301 2478 durior
2332 2423 2495 2477 facta.
2520 2422 2645 2478 Oris
2669 2423 2800 2477 item
2831 2422 3053 2485 dentes,
3090 2422 3200 2476 illis
3249 2420 3496 2490 exceptis
3545 2434 3686 2489 quos

2108 2517 2349 2572 fidelium
2382 2532 2576 2571 manus
2614 2524 2839 2586 propter
2871 2516 3152 2583 egregium
3200 2515 3255 2569 in
3285 2530 3410 2568 eum
3439 2526 3683 2567 amorem

2106 2609 2407 2665 abstulere.
2443 2608 2574 2675 Quae
2600 2624 2733 2662 sane
2766 2609 2950 2661 omnia
2984 2618 3256 2662 staturam
3292 2607 3412 2673 ejus
3442 2615 3498 2659 et
3528 2604 3686 2658 habi-

2109 2711 2248 2764 tum,
2281 2701 2463 2771 qualis
2485 2710 2540 2755 et
2590 2711 2833 2771 quantus
2884 2700 2977 2753 Dei
3016 2700 3184 2753 homo
3211 2698 3514 2768 Symeones
3563 2695 3686 2749 fue-

2109 2796 2201 2855 rit.
2239 2795 2505 2849 declarat.
2542 2793 2703 2849 Juxta
2730 2807 2937 2859 corpus
2966 2791 3089 2860 ejus
3113 2791 3281 2860 etiam
3315 2799 3542 2857 torques
3573 2786 3713 2841 fer-’

2109 2903 2239 2942 rens
2264 2888 2479 2955 positus
2504 2895 2590 2941 est
2628 2903 2642 2939 :
2671 2883 2768 2954 qui
2804 2893 2861 2939 et
2899 2885 3040 2953 ipse,
3082 2883 3229 2952 quod
3262 2882 3536 2937 constanti
3601 2881 3682 2935 illi

2107 2989 2163 3035 et
2196 2979 2327 3033 forti
2386 2977 2442 3032 in
2487 2976 2886 3034 certaminibus
2929 2976 3099 3029 variis
3148 2973 3371 3042 corpori
3420 2970 3684 3036 adfuerit,

2109 3071 2379 3126 honorem
2411 3084 2538 3124 eum
2587 3083 2616 3121 a
2647 3068 2759 3122 Deo
2789 3076 3123 3122 consecutus
3170 3072 3276 3118 est.
3333 3061 3466 3116 Nam
3508 3074 3685 3129 quan-

2110 3162 2312 3218 tumvis
2344 3161 2664 3216 deiunctum
2694 3159 3027 3231 Symeonem
3067 3171 3258 3211 amans
3298 3155 3468 3216 illius,
3501 3152 3682 3207 dicam

2108 3258 2273 3312 etiam
2295 3261 2537 3310 amatum
2560 3254 2628 3308 ab
2651 3253 2742 3308 illo
2770 3254 3005 3315 ferrum,
3024 3266 3133 3305 non
3159 3248 3404 3316 reliquit,
3427 3254 3684 3314 tanquam

2108 3345 2177 3400 ab
2209 3338 2358 3400 illius
2387 3340 3058 3413 pulchra-consuetudine
3095 3338 3348 3393 resiliens
3372 3352 3387 3390 :
3413 3336 3507 3390 sed
3527 3335 3683 3405 juxta

2108 3439 2263 3494 illum
2296 3436 2463 3493 situm
2488 3446 2591 3499 est,
2629 3435 2797 3491 veluti
2833 3448 3036 3503 corpus
3058 3432 3208 3488 illius
3236 3429 3557 3501 perliciens.
3592 3429 3682 3481 In-

2109 3548 2245 3604 gens
2274 3547 2407 3587 vero
2441 3530 2578 3585 mihi
2630 3529 2833 3599 cupido
2874 3529 3199 3590 incesserat,
3223 3539 3312 3579 res
3334 3524 3459 3592 ejus
3483 3521 3687 3591 sigilla-

2113 3624 2209 3680 tim
2255 3622 2603 3687 recensendi,
2637 3621 2928 3675 utilitatem
2960 3628 3015 3675 et
3040 3616 3173 3671 mihi
3201 3614 3685 3676 commemoranti.

2110 3725 2166 3769 et
2197 3715 2486 3770 historiam
2521 3716 2662 3770 hanc
2690 3712 2891 3784 legenti
2953 3710 3222 3766 allaturas
3264 3727 3279 3764 :
3321 3708 3426 3763 nisi
3476 3706 3547 3761 ab
3580 3704 3687 3769 eis,

2110 3823 2248 3875 quos
2271 3806 2406 3872 dixi,
2438 3806 2642 3860 sanctis
2667 3806 2799 3860 viris
2830 3796 2928 3873 pro
2955 3818 3024 3857 eo
3079 3811 3246 3870 atque
3283 3802 3466 3863 decet,
3521 3798 3684 3852 lucu-

2111 3897 2290 3952 lenter
2316 3906 2373 3951 et
2395 3896 2621 3966 copiose
2648 3904 2836 3951 essent
2866 3894 3163 3963 descriptae
3197 3910 3210 3946 :
3243 3892 3518 3961 praecipue
3559 3902 3686 3941 cum

2113 3987 2178 4043 ad
2211 3988 2317 4042 alia
2350 4002 2471 4057 qua:
2504 3988 2741 4043 instituti
2772 3986 3137 4056 promissique
3168 3986 3347 4038 nostri
3391 3992 3522 4037 sunt
3547 3979 3690 4034 reie-

2116 4080 2285 4134 remla
2312 4080 2474 4134 nobis
2514 4078 2920 4149 properandum
2948 4080 3041 4133 sit.
3081 4078 3262 4143 Quare
3295 4090 3466 4128 unum
3494 4074 3687 4127 saltem

2113 4171 2261 4240 quod
2297 4171 2366 4225 ab
2392 4171 2501 4225 illis
2533 4171 2968 4240 praetermissum
3015 4179 3122 4235 est,
3164 4185 3311 4223 nunc
3350 4178 3690 4220 commemo-

2116 4265 2268 4319 rabo.
2295 4264 2600 4326 Mandram,
2628 4263 2791 4318 sicuti
2823 4262 3030 4317 dictum
3073 4268 3180 4325 est,
3207 4257 3495 4312 monastici
3527 4270 3687 4317 eser—

2116 4357 2233 4411 citii
2266 4357 2389 4427 ejus
2417 4356 2601 4412 locum
2631 4356 2827 4411 incolae
2850 4358 3162 4416 nominant,
3195 4351 3563 4421 appellatione
3597 4347 3692 4401 tali

2114 4448 2166 4501 ei
2194 4463 2222 4501 a
2256 4458 2447 4503 sancto
2472 4449 2588 4517 ipso
2621 4449 2740 4502 viro
2762 4447 3037 4517 imposita.
3057 4444 3217 4516 563
3245 4444 3417 4498 Distat
3455 4457 3484 4494 a
3511 4440 3696 4495 Theo-

438 4543 603 4613 τέχνῃ
630 4543 694 4611 δή
741 4559 847 4595 τινι
898 4541 1128 4614 πλείστῃ
1174 4538 1363 4608 ἄκρως
1408 4534 1833 4607 ὲξειργασμένη·
1876 4535 2007 4587 ὃπου

2118 4541 2226 4610 poli
2259 4541 2452 4597 stadiis
2478 4542 2778 4612 plurimum
2826 4541 3111 4601 trecentis,
3143 4538 3212 4592 ad
3247 4535 3511 4591 acclivem
3540 4548 3696 4585 mon-

440 4636 582 4692 κατὰ
620 4635 786 4701 μέσον
821 4637 860 4688 ’ὁ
915 4632 1519 4704 τεσσαρακοντάπηχυς
1572 4632 1781 4692 ἐκεῖνος
1833 4629 2017 4698 ἵδρυτο

442 4725 611 4777 κίων·
661 4717 706 4792 ᾧ
756 4723 1112 4794 χρησάμενος
1154 4722 1186 4775 ὁ
1229 4724 1379 4785 ὅσιος
1412 4723 1665 4791 κλίμακι,
1699 4722 1727 4772 ὁ
1753 4719 2017 4787 ἐνσαρκος

440 4816 673 4883 ἄγγελος
704 4816 839 4884 πρὸς
870 4814 960 4873 τὸν
988 4815 1246 4884 οὐράνιον
1273 4814 1551 4883 ἀνέδραμε
1584 4813 1786 4882 χῶρον.
1818 4811 1940 4865 Τῶν
1974 4808 2017 4863 δ’

441 4907 750 4979 εἰρημένων
786 4925 877 4977 μοι
927 4907 1102 4962 στοῶν
1147 4906 1285 4975 πρὸς
1336 4909 1403 4975 τῇ
1448 4909 1666 4975 κορυφῇ
1715 4903 2017 4972 κλειθρίδιὰ

441 5015 563 5051 τινα
588 4997 944 5061 καθεστᾶσιν,
968 4997 1115 5066 ἅπερ
1146 4996 1280 5049 ἔνιοι
1306 4994 1531 5065 θυρίδας
1564 4994 2012 5051 καλεῖν,εἱὼθασι.

446 5090 591 5161 Πρὸς
623 5090 818 5151 αὑταῖς
845 5089 912 5159 δὴ
935 5091 1056 5152 τοῖς
1090 5090 1278 5150 στοαῖς
1310 5090 1406 5142 καὶ
1430 5089 1492 5140 τὸ
1525 5086 1692 5158 ῥηθὲν
1724 5084 2017 5156 προαύλιον

412 5182 715 5253 ὕπαιθρον
762 5183 1150 5254 ἀποκρίνεται,
1210 5182 1309 5236 καὶ
1355 5182 1541 5252 χώραν
1598 5180 1870 5244 διδούσαις
1905 5182 2016 5240 τοῖς

444 5275 746 5355 ᾑρημένοις
796 5273 953 5333 ἐκτὸς
991 5273 1127 5343 ὁρᾷν
1161 5270 1386 5336 ἔσωθεν,
1426 5272 1522 5326 καὶ
1563 5269 1674 5323 ἔσω
1723 5270 1886 5323 πάλιν
1913 5268 2020 5322 ἀπὸ

443 5366 555 5419 τῶν
595 5365 819 5432 ἔξωθεν.
879 5364 1051 5417 Ἔνθα
1096 5364 1190 5419 τὸν
1230 5363 1666 5433 παρακύπτοντα
1709 5363 1845 5432 ὁρᾷν
1869 5362 2019 5414 ἐστιν

442 5458 652 5529 ἀστέρα.
677 5458 803 5512 τινὰ
831 5456 1193 5529 ὑπερμεγέθη
1220 5456 1343 5512 καθ’
1374 5456 1520 5511 ἆπαν
1550 5457 1610 5510 τὸ
1635 5457 1874 5527 θυρίδιον
1901 5456 2020 5509 δια-

446 5551 638 5603 Οέοντα
672 5550 765 5604 καὶ
795 5549 1112 5627 περιφανῶς
1140 5549 1629 5617 σελαγίζοντα,καὶ
1652 5550 1853 5602 ὡσανεὶ
1875 5565 2015 5600 παυ-

516 5708 595 5779 (ι)
642 5708 857 5778 Corpus
894 5708 1165 5764 Simeonis
1200 5724 1370 5779 usque
1401 5710 1467 5763 ad
1522 5708 1737 5779 Evagrii
1789 5706 2015 5763 Schola-

446 5780 567 5831 stici
593 5791 837 5847 tempora
861 5780 1132 5848 integrum
1161 5781 1396 5833 duravit.
1416 5779 1587 5850 llnjtts
1612 5789 1775 5849 caput
1800 5794 1857 5833 se
1884 5794 2009 5831 cum

451 5850 637 5903 nntltis
665 5850 1041 5904 sacerdotibus
1087 5851 1287 5902 vidisse
1333 5849 1523 5905 :criltit
1575 5850 1837 5918 Evagrius
1894 5849 2010 5917 cpi.

450 5935 673 5982 scopum
726 5919 1028 5975 Antiochia;
1083 5930 1274 5982 attente
1330 5922 1687 5977 celeberrimo
1723 5920 2007 5980 Gregorio.

2128 4634 2195 4687 tis
2224 4632 2491 4711 verticem
2526 4634 2654 4689 sita.
2693 4634 2973 4688 Ascensus
3030 4630 3238 4686 arduus
3276 4626 3582 4683 stadiorum
3613 4623 3696 4675 vi-

2120 4728 2258 4796 ginti
2287 4735 2393 4789 est.
2442 4725 2537 4780 ubi
2582 4734 2639 4780 et
2684 4725 2951 4793 templum
2986 4722 3107 4777 viro
3136 4729 3348 4784 sancto,
3401 4718 3456 4770 in
3511 4712 3696 4768 crucis

2120 4818 2359 4887 speciem
2396 4816 2895 4881 conformatum,et
2926 4832 2995 4870 ex
3024 4823 3275 4893 quatuor.
3291 4808 3545 4881 partibus
3566 4822 3696 4874 por-

2125 4910 2323 4966 ticibus
2351 4919 2706 4975 exornatum,
2738 4910 3042 4964 excitatum
3107 4915 3215 4962 est.
3250 4905 3412 4960 Juxta
3446 4902 3697 4973 porticus

2118 5016 2213 5056 cas
2238 5018 2308 5057 ex
2351 5016 2484 5057 saxo
2510 5001 2677 5070 polito
2702 5001 2977 5054 columna:
2998 4996 3389 5052 decentissime
3408 5003 3700 5049 construc-

2124 5106 2190 5149 ιω
2222 5103 2371 5158 ευιιι,
2402 5109 2526 5164 quae
2579 5108 2850 5148 summam
2884 5091 3218 5146 testudinem
3251 5087 3588 5158 perpulehre
3637 5087 3695 5139 in

2120 5186 2354 5241 sublime
2375 5184 2652 5239 attollunt.
2688 5183 2745 5236 ιιι
2779 5181 2961 5236 medio
2987 5180 3290 5252 hypaetltra,
3323 5178 3441 5233 sive
3464 5178 3694 5233 subdia—

2121 5278 2191 5333 lis
2217 5278 2339 5332 aula
2365 5287 2470 5343 cst,
2504 5286 2623 5331 arte
2648 5274 2922 5345 exquisita
2953 5280 3018 5326 at
3050 5286 3329 5334 summum
3392 5271 3689 5326 elaborata.

2121 5370 2179 5425 In
2206 5369 2382 5423 media
2416 5384 2504 5431 ea,
2538 5369 2796 5423 columna
2832 5367 2922 5422 illa
2955 5364 3321 5435 quadraginta
3375 5363 3695 5418 cubitorum
3735 5385 3739 5389 ν

2119 5471 2250 5523 stat,
2299 5442 2404 5529 qua
2444 5468 2667 5516 sanctus
2698 5461 2787 5515 ille
2817 5460 2901 5514 vir
2948 5466 3005 5512 et
3025 5456 3265 5512 carnalis
3315 5455 3543 5525 angelus
3575 5462 3697 5505 lan—

2121 5569 2285 5623 quam
2316 5553 2478 5608 scalis
2507 5567 2661 5618 usus,
2694 5552 2762 5607 ad
2798 5549 3081 5606 caelestem
3115 5547 3444 5605 conscendit
3507 5544 3690 5614 regio—

2118 5709 2248 5762 cnm’
2276 5705 2615 5776 Philippicus
2645 5702 2991 5759 orientalium
3024 5702 3306 5776 copiarum
3343 5700 3468 5776 dux.
3501 5693 3697 5776 praesi-

2115 5780 2186 5832 dii
2211 5793 2377 5904 1causa
2407 5765 2510 5833 sibi
2543 5791 2725 5832 sacras
2749 5781 3062 5856 sanctorum
3093 5765 3362 5843 reliquias
3398 5765 3539 5822 mitti
3591 5778 3691 5836 po-

2116 5865 2201 5903 Sill
2235 5857 2367 5904 ποι.

2116 5865 2367 5904 ειιιιηι-υι.
