  <div class='ocr_page' id='page_1' title='image "/cluster/home/n/w/nwhite01/storage/ocr_20150623/146/hvd.32044019208347/631.png"; bbox 0 0 4036 6606; ppageno 0'>
   <div class='ocr_carea' id='block_1_1' title="bbox 367 448 504 512">
    <p class='ocr_par' dir='ltr' id='par_1_1' title="bbox 367 448 504 512">
     <span class='ocr_line' id='line_1_1' title="bbox 367 448 504 512; baseline 0 0"><span class='ocrx_word' id='word_1_1' title='bbox 367 448 504 512; x_wconf 61' lang='grc'><strong>1247</strong></span> 
     </span>
    </p>
   </div>
   <div class='ocr_carea' id='block_1_2' title="bbox 1593 453 2391 515">
    <p class='ocr_par' dir='ltr' id='par_1_2' title="bbox 1593 453 2391 515">
     <span class='ocr_line' id='line_1_2' title="bbox 1593 453 2391 515; baseline 0.001 -4"><span class='ocrx_word' id='word_1_2' title='bbox 1593 453 2010 514; x_wconf 65' lang='lat' dir='ltr'><strong>NICEPIIORI</strong></span> <span class='ocrx_word' id='word_1_3' title='bbox 2047 454 2391 515; x_wconf 77' lang='lat' dir='ltr'><strong>CALLISTI</strong></span> 
     </span>
    </p>
   </div>
   <div class='ocr_carea' id='block_1_3' title="bbox 3475 455 3610 519">
    <p class='ocr_par' dir='ltr' id='par_1_3' title="bbox 3475 455 3610 519">
     <span class='ocr_line' id='line_1_3' title="bbox 3475 455 3610 519; baseline 0 -1"><span class='ocrx_word' id='word_1_4' title='bbox 3475 455 3610 519; x_wconf 65' lang='lat'><strong>1218</strong></span> 
     </span>
    </p>
   </div>
   <div class='ocr_carea' id='block_1_4' title="bbox 363 567 1948 643">
    <p class='ocr_par' dir='ltr' id='par_1_4' title="bbox 363 567 1936 639">
     <span class='ocr_line' id='line_1_4' title="bbox 363 567 1936 639; baseline 0.003 -19"><span class='ocrx_word' id='word_1_5' title='bbox 363 567 602 638; x_wconf 63' lang='lat' dir='ltr'><strong>nem.ln</strong></span> <span class='ocrx_word' id='word_1_6' title='bbox 657 571 740 623; x_wconf 88' lang='lat' dir='ltr'><strong>eis</strong></span> <span class='ocrx_word' id='word_1_7' title='bbox 798 583 934 638; x_wconf 88' lang='lat' dir='ltr'><strong>quas</strong></span> <span class='ocrx_word' id='word_1_8' title='bbox 978 567 1091 623; x_wconf 83' lang='lat' dir='ltr'><strong>dixi</strong></span> <span class='ocrx_word' id='word_1_9' title='bbox 1157 569 1490 638; x_wconf 88' lang='lat' dir='ltr'><strong>porticibus,</strong></span> <span class='ocrx_word' id='word_1_10' title='bbox 1541 573 1609 625; x_wconf 83' lang='lat' dir='ltr'><strong>ad</strong></span> <span class='ocrx_word' id='word_1_11' title='bbox 1657 571 1936 639; x_wconf 75' lang='lat' dir='ltr'><strong>fastigium</strong></span> 
     </span>
    </p>
   </div>
   <div class='ocr_carea' id='block_1_5' title="bbox 2052 567 3615 643">
    <p class='ocr_par' dir='ltr' id='par_1_5' title="bbox 2052 569 3615 643">
     <span class='ocr_line' id='line_1_5' title="bbox 2052 569 3615 643; baseline 0.001 -21"><span class='ocrx_word' id='word_1_12' title='bbox 2052 571 2256 638; x_wconf 70' lang='grc' dir='ltr'>ίμενον,</span> <span class='ocrx_word' id='word_1_13' title='bbox 2316 573 2410 626; x_wconf 82' lang='grc' dir='ltr'>καὶ</span> <span class='ocrx_word' id='word_1_14' title='bbox 2443 569 2602 636; x_wconf 79' lang='grc' dir='ltr'>αὖθις</span> <span class='ocrx_word' id='word_1_15' title='bbox 2650 574 2914 643; x_wconf 73' lang='grc' dir='ltr'><strong>ἐξαπίνης</strong></span> <span class='ocrx_word' id='word_1_16' title='bbox 2963 573 3424 642; x_wconf 77' lang='grc' dir='ltr'><strong>ἀναφαινόμενον·</strong></span> <span class='ocrx_word' id='word_1_17' title='bbox 3452 574 3615 625; x_wconf 81' lang='grc' dir='ltr'>τοῦτο</span> 
     </span>
    </p>
   </div>
   <div class='ocr_carea' id='block_1_6' title="bbox 363 659 1936 730">
    <p class='ocr_par' dir='ltr' id='par_1_6' title="bbox 363 659 1936 730">
     <span class='ocr_line' id='line_1_6' title="bbox 363 659 1936 730; baseline 0.003 -19"><span class='ocrx_word' id='word_1_18' title='bbox 363 673 640 714; x_wconf 88' lang='lat' dir='ltr'><strong>summum</strong></span> <span class='ocrx_word' id='word_1_19' title='bbox 696 659 924 714; x_wconf 86' lang='lat' dir='ltr'><strong>cancelli</strong></span> <span class='ocrx_word' id='word_1_20' title='bbox 988 660 1230 730; x_wconf 83' lang='lat' dir='ltr'><strong>(quidam</strong></span> <span class='ocrx_word' id='word_1_21' title='bbox 1303 659 1574 717; x_wconf 75' lang='lat' dir='ltr'><strong>fenestras</strong></span> <span class='ocrx_word' id='word_1_22' title='bbox 1658 662 1936 730; x_wconf 90' lang='lat' dir='ltr'><strong>appellare</strong></span> 
     </span>
    </p>
   </div>
   <div class='ocr_carea' id='block_1_7' title="bbox 359 749 1938 821">
    <p class='ocr_par' dir='ltr' id='par_1_7' title="bbox 359 749 1938 821">
     <span class='ocr_line' id='line_1_7' title="bbox 359 749 1938 821; baseline 0.004 -22"><span class='ocrx_word' id='word_1_23' title='bbox 359 749 724 810; x_wconf 89' lang='lat' dir='ltr'><strong>consuevere)</strong></span> <span class='ocrx_word' id='word_1_24' title='bbox 748 758 902 814; x_wconf 88' lang='lat' dir='ltr'><strong>sunt,</strong></span> <span class='ocrx_word' id='word_1_25' title='bbox 935 750 1248 820; x_wconf 72' lang='lat' dir='ltr'><strong>porticibus</strong></span> <span class='ocrx_word' id='word_1_26' title='bbox 1290 750 1424 821; x_wconf 87' lang='lat' dir='ltr'><strong>ipsis</strong></span> <span class='ocrx_word' id='word_1_27' title='bbox 1455 759 1510 805; x_wconf 87' lang='lat' dir='ltr'><strong>et</strong></span> <span class='ocrx_word' id='word_1_28' title='bbox 1549 750 1784 804; x_wconf 87' lang='lat' dir='ltr'><strong>subdiali</strong></span> <span class='ocrx_word' id='word_1_29' title='bbox 1814 766 1938 821; x_wconf 68' lang='grc' dir='ltr'><strong>ηοω</strong></span> 
     </span>
    </p>
   </div>
   <div class='ocr_carea' id='block_1_8' title="bbox 363 836 1936 912">
    <p class='ocr_par' dir='ltr' id='par_1_8' title="bbox 363 836 1936 912">
     <span class='ocr_line' id='line_1_8' title="bbox 363 836 1936 912; baseline 0.007 -25"><span class='ocrx_word' id='word_1_30' title='bbox 363 836 508 891; x_wconf 83' lang='lat' dir='ltr'><strong>dicta</strong></span> <span class='ocrx_word' id='word_1_31' title='bbox 545 849 628 898; x_wconf 86' lang='lat' dir='ltr'><strong>est</strong></span> <span class='ocrx_word' id='word_1_32' title='bbox 656 843 798 895; x_wconf 81' lang='lat' dir='ltr'><strong>aula:</strong></span> <span class='ocrx_word' id='word_1_33' title='bbox 837 842 1256 911; x_wconf 87' lang='lat' dir='ltr'><strong>respondentes,</strong></span> <span class='ocrx_word' id='word_1_34' title='bbox 1300 843 1592 912; x_wconf 86' lang='lat' dir='ltr'><strong>locumque</strong></span> <span class='ocrx_word' id='word_1_35' title='bbox 1622 843 1936 898; x_wconf 81' lang='lat' dir='ltr'><strong>volentibus</strong></span> 
     </span>
    </p>
   </div>
   <div class='ocr_carea' id='block_1_9' title="bbox 363 927 1933 1004">
    <p class='ocr_par' dir='ltr' id='par_1_9' title="bbox 363 927 1933 1004">
     <span class='ocr_line' id='line_1_9' title="bbox 363 927 1933 1004; baseline 0.005 -24"><span class='ocrx_word' id='word_1_36' title='bbox 363 927 577 992; x_wconf 87' lang='lat' dir='ltr'><strong>dantes,</strong></span> <span class='ocrx_word' id='word_1_37' title='bbox 607 941 664 985; x_wconf 93' lang='lat' dir='ltr'><strong>ut</strong></span> <span class='ocrx_word' id='word_1_38' title='bbox 689 948 756 986; x_wconf 85' lang='lat' dir='ltr'><strong>ex</strong></span> <span class='ocrx_word' id='word_1_39' title='bbox 790 933 906 1002; x_wconf 89' lang='lat' dir='ltr'><strong>ipso</strong></span> <span class='ocrx_word' id='word_1_40' title='bbox 939 936 1141 1004; x_wconf 91' lang='lat' dir='ltr'><strong>templo</strong></span> <span class='ocrx_word' id='word_1_41' title='bbox 1174 946 1350 998; x_wconf 81' lang='lat' dir='ltr'><strong>extra,</strong></span> <span class='ocrx_word' id='word_1_42' title='bbox 1384 943 1442 989; x_wconf 89' lang='lat' dir='ltr'><strong>et</strong></span> <span class='ocrx_word' id='word_1_43' title='bbox 1489 950 1710 989; x_wconf 83' lang='lat' dir='ltr'><strong>rursum</strong></span> <span class='ocrx_word' id='word_1_44' title='bbox 1740 935 1808 988; x_wconf 86' lang='lat' dir='ltr'><strong>ab</strong></span> <span class='ocrx_word' id='word_1_45' title='bbox 1836 951 1933 988; x_wconf 85' lang='lat' dir='ltr'><strong>ex-</strong></span> 
     </span>
    </p>
   </div>
   <div class='ocr_carea' id='block_1_10' title="bbox 364 1018 1934 1095">
    <p class='ocr_par' dir='ltr' id='par_1_10' title="bbox 364 1018 1934 1095">
     <span class='ocr_line' id='line_1_10' title="bbox 364 1018 1934 1095; baseline 0.006 -25"><span class='ocrx_word' id='word_1_46' title='bbox 364 1018 553 1072; x_wconf 85' lang='lat' dir='ltr'><strong>teriori</strong></span> <span class='ocrx_word' id='word_1_47' title='bbox 596 1023 780 1090; x_wconf 81' lang='lat' dir='ltr'><strong>templi</strong></span> <span class='ocrx_word' id='word_1_48' title='bbox 809 1032 961 1092; x_wconf 88' lang='lat' dir='ltr'><strong>parte</strong></span> <span class='ocrx_word' id='word_1_49' title='bbox 995 1025 1050 1077; x_wconf 87' lang='lat' dir='ltr'><strong>in</strong></span> <span class='ocrx_word' id='word_1_50' title='bbox 1078 1026 1336 1094; x_wconf 86' lang='lat' dir='ltr'><strong>templum</strong></span> <span class='ocrx_word' id='word_1_51' title='bbox 1357 1025 1672 1095; x_wconf 86' lang='lat' dir='ltr'><strong>prospicere</strong></span> <span class='ocrx_word' id='word_1_52' title='bbox 1703 1024 1934 1093; x_wconf 83' lang='lat' dir='ltr'><strong>possint.</strong></span> 
     </span>
    </p>
   </div>
   <div class='ocr_carea' id='block_1_11' title="bbox 367 1109 1938 1171">
    <p class='ocr_par' dir='ltr' id='par_1_11' title="bbox 367 1109 1938 1171">
     <span class='ocr_line' id='line_1_11' title="bbox 367 1109 1938 1171; baseline 0.005 -8"><span class='ocrx_word' id='word_1_53' title='bbox 367 1109 469 1164; x_wconf 57' lang='lat' dir='ltr'><strong>Ulli</strong></span> <span class='ocrx_word' id='word_1_54' title='bbox 505 1110 573 1165; x_wconf 84' lang='lat' dir='ltr'><strong>ad</strong></span> <span class='ocrx_word' id='word_1_55' title='bbox 607 1112 798 1168; x_wconf 71' lang='lat' dir='ltr'><strong>Levant</strong></span> <span class='ocrx_word' id='word_1_56' title='bbox 827 1115 1092 1169; x_wconf 72' lang='lat' dir='ltr'><strong>columna:</strong></span> <span class='ocrx_word' id='word_1_57' title='bbox 1124 1117 1268 1170; x_wconf 87' lang='lat' dir='ltr'><strong>latus</strong></span> <span class='ocrx_word' id='word_1_58' title='bbox 1324 1118 1376 1170; x_wconf 93' lang='lat' dir='ltr'><strong>in</strong></span> <span class='ocrx_word' id='word_1_59' title='bbox 1406 1117 1776 1171; x_wconf 86' lang='lat' dir='ltr'><strong>cancellorum</strong></span> <span class='ocrx_word' id='word_1_60' title='bbox 1830 1131 1938 1171; x_wconf 91' lang='lat' dir='ltr'><strong>uno</strong></span> 
     </span>
    </p>
   </div>
   <div class='ocr_carea' id='block_1_12' title="bbox 360 1200 1940 1278">
    <p class='ocr_par' dir='ltr' id='par_1_12' title="bbox 360 1200 1940 1278">
     <span class='ocr_line' id='line_1_12' title="bbox 360 1200 1940 1278; baseline 0.006 -26"><span class='ocrx_word' id='word_1_61' title='bbox 360 1200 697 1256; x_wconf 86' lang='lat' dir='ltr'><strong>cmicantem</strong></span> <span class='ocrx_word' id='word_1_62' title='bbox 725 1220 951 1260; x_wconf 87' lang='lat' dir='ltr'><strong>cernere</strong></span> <span class='ocrx_word' id='word_1_63' title='bbox 984 1217 1067 1261; x_wconf 89' lang='lat' dir='ltr'><strong>est</strong></span> <span class='ocrx_word' id='word_1_64' title='bbox 1109 1208 1430 1263; x_wconf 84' lang='lat' dir='ltr'><strong>immensam</strong></span> <span class='ocrx_word' id='word_1_65' title='bbox 1463 1209 1754 1278; x_wconf 81' lang='lat' dir='ltr'><strong>quamda‘tn</strong></span> <span class='ocrx_word' id='word_1_66' title='bbox 1802 1208 1940 1262; x_wconf 91' lang='lat' dir='ltr'><strong>stel-</strong></span> 
     </span>
    </p>
   </div>
   <div class='ocr_carea' id='block_1_13' title="bbox 361 1297 1940 1374">
    <p class='ocr_par' dir='ltr' id='par_1_13' title="bbox 361 1297 1940 1374">
     <span class='ocr_line' id='line_1_13' title="bbox 361 1297 1940 1374; baseline 0.007 -26"><span class='ocrx_word' id='word_1_67' title='bbox 361 1297 472 1353; x_wconf 86' lang='lat' dir='ltr'><strong>lam</strong></span> <span class='ocrx_word' id='word_1_68' title='bbox 509 1297 607 1368; x_wconf 81' lang='grc' dir='ltr'>(ί),</span> <span class='ocrx_word' id='word_1_69' title='bbox 638 1315 735 1368; x_wconf 88' lang='lat' dir='ltr'><strong>per</strong></span> <span class='ocrx_word' id='word_1_70' title='bbox 770 1301 1060 1356; x_wconf 86' lang='lat' dir='ltr'><strong>fenestram</strong></span> <span class='ocrx_word' id='word_1_71' title='bbox 1109 1302 1515 1359; x_wconf 83' lang='lat' dir='ltr'><strong>discurrentem</strong></span> <span class='ocrx_word' id='word_1_72' title='bbox 1567 1313 1623 1358; x_wconf 87' lang='lat' dir='ltr'><strong>et</strong></span> <span class='ocrx_word' id='word_1_73' title='bbox 1651 1305 1940 1374; x_wconf 86' lang='lat' dir='ltr'><strong>splendide</strong></span> 
     </span>
    </p>
   </div>
   <div class='ocr_carea' id='block_1_14' title="bbox 358 1391 1940 1456">
    <p class='ocr_par' dir='ltr' id='par_1_14' title="bbox 358 1391 1940 1456">
     <span class='ocr_line' id='line_1_14' title="bbox 358 1391 1940 1456; baseline 0.006 -20"><span class='ocrx_word' id='word_1_74' title='bbox 358 1397 774 1453; x_wconf 68' lang='lat' dir='ltr'><strong>coruscantem,</strong></span> <span class='ocrx_word' id='word_1_75' title='bbox 807 1397 862 1442; x_wconf 91' lang='lat' dir='ltr'><strong>et</strong></span> <span class='ocrx_word' id='word_1_76' title='bbox 896 1391 1060 1444; x_wconf 85' lang='lat' dir='ltr'><strong>modo</strong></span> <span class='ocrx_word' id='word_1_77' title='bbox 1087 1391 1254 1445; x_wconf 87' lang='lat' dir='ltr'><strong>veluti</strong></span> <span class='ocrx_word' id='word_1_78' title='bbox 1280 1401 1610 1456; x_wconf 81' lang='lat' dir='ltr'><strong>cessantem,</strong></span> <span class='ocrx_word' id='word_1_79' title='bbox 1641 1407 1768 1445; x_wconf 81' lang='lat' dir='ltr'><strong>mox</strong></span> <span class='ocrx_word' id='word_1_80' title='bbox 1807 1406 1940 1446; x_wconf 89' lang='lat' dir='ltr'><strong>vero</strong></span> 
     </span>
    </p>
   </div>
   <div class='ocr_carea' id='block_1_15' title="bbox 369 1477 1943 1553">
    <p class='ocr_par' dir='ltr' id='par_1_15' title="bbox 369 1477 1943 1553">
     <span class='ocr_line' id='line_1_15' title="bbox 369 1477 1943 1553; baseline 0.006 -27"><span class='ocrx_word' id='word_1_81' title='bbox 369 1490 584 1529; x_wconf 86' lang='lat' dir='ltr'><strong>rursum</strong></span> <span class='ocrx_word' id='word_1_82' title='bbox 626 1477 926 1549; x_wconf 88' lang='lat' dir='ltr'><strong>derepente</strong></span> <span class='ocrx_word' id='word_1_83' title='bbox 973 1482 1352 1553; x_wconf 78' lang='lat' dir='ltr'><strong>all’ulgentem.</strong></span> <span class='ocrx_word' id='word_1_84' title='bbox 1412 1484 1468 1537; x_wconf 88' lang='lat' dir='ltr'><strong>ld</strong></span> <span class='ocrx_word' id='word_1_85' title='bbox 1509 1483 1655 1553; x_wconf 90' lang='lat' dir='ltr'><strong>quod</strong></span> <span class='ocrx_word' id='word_1_86' title='bbox 1693 1484 1773 1536; x_wconf 89' lang='lat' dir='ltr'><strong>eis</strong></span> <span class='ocrx_word' id='word_1_87' title='bbox 1821 1492 1943 1536; x_wconf 88' lang='lat' dir='ltr'><strong>tan-</strong></span> 
     </span>
    </p>
   </div>
   <div class='ocr_carea' id='block_1_16' title="bbox 366 1569 1937 1642">
    <p class='ocr_par' dir='ltr' id='par_1_16' title="bbox 366 1569 1937 1642">
     <span class='ocr_line' id='line_1_16' title="bbox 366 1569 1937 1642; baseline 0.005 -20"><span class='ocrx_word' id='word_1_88' title='bbox 366 1579 482 1622; x_wconf 86' lang='lat' dir='ltr'><strong>tum</strong></span> <span class='ocrx_word' id='word_1_89' title='bbox 517 1569 711 1626; x_wconf 87' lang='lat' dir='ltr'><strong>diebus</strong></span> <span class='ocrx_word' id='word_1_90' title='bbox 738 1571 815 1636; x_wconf 82' lang='lat' dir='ltr'><strong>fit,</strong></span> <span class='ocrx_word' id='word_1_91' title='bbox 851 1575 1052 1642; x_wconf 88' lang='lat' dir='ltr'><strong>quibus</strong></span> <span class='ocrx_word' id='word_1_92' title='bbox 1081 1577 1340 1630; x_wconf 86' lang='lat' dir='ltr'><strong>memoria</strong></span> <span class='ocrx_word' id='word_1_93' title='bbox 1371 1575 1545 1629; x_wconf 82' lang='lat' dir='ltr'><strong>sancti</strong></span> <span class='ocrx_word' id='word_1_94' title='bbox 1578 1575 1679 1630; x_wconf 86' lang='lat' dir='ltr'><strong>viri</strong></span> <span class='ocrx_word' id='word_1_95' title='bbox 1712 1575 1937 1630; x_wconf 88' lang='lat' dir='ltr'><strong>colitur.</strong></span> 
     </span>
    </p>
   </div>
   <div class='ocr_carea' id='block_1_17' title="bbox 372 1658 1942 1737">
    <p class='ocr_par' dir='ltr' id='par_1_17' title="bbox 372 1658 1942 1737">
     <span class='ocr_line' id='line_1_17' title="bbox 372 1658 1942 1737; baseline 0.008 -27"><span class='ocrx_word' id='word_1_96' title='bbox 372 1658 512 1714; x_wconf 78' lang='lat' dir='ltr'><strong>Sunt</strong></span> <span class='ocrx_word' id='word_1_97' title='bbox 552 1662 719 1716; x_wconf 87' lang='lat' dir='ltr'><strong>etiam</strong></span> <span class='ocrx_word' id='word_1_98' title='bbox 748 1665 842 1733; x_wconf 90' lang='lat' dir='ltr'><strong>qui</strong></span> <span class='ocrx_word' id='word_1_99' title='bbox 874 1667 1153 1720; x_wconf 71' lang='lat' dir='ltr'><strong>memoria:</strong></span> <span class='ocrx_word' id='word_1_100' title='bbox 1182 1667 1570 1736; x_wconf 87' lang='lat' dir='ltr'><strong>prodiderunt,</strong></span> <span class='ocrx_word' id='word_1_101' title='bbox 1601 1668 1775 1736; x_wconf 83' lang='lat' dir='ltr'><strong>ipsius</strong></span> <span class='ocrx_word' id='word_1_102' title='bbox 1801 1683 1942 1737; x_wconf 65' lang='lat' dir='ltr'><strong>queo</strong></span> 
     </span>
    </p>
   </div>
   <div class='ocr_carea' id='block_1_18' title="bbox 371 1749 1944 1830">
    <p class='ocr_par' dir='ltr' id='par_1_18' title="bbox 371 1749 1944 1830">
     <span class='ocr_line' id='line_1_18' title="bbox 371 1749 1944 1830; baseline 0.005 -24"><span class='ocrx_word' id='word_1_103' title='bbox 371 1766 476 1819; x_wconf 58' lang='lat' dir='ltr'><strong>qui!</strong></span> <span class='ocrx_word' id='word_1_104' title='bbox 509 1749 802 1824; x_wconf 79' lang='lat' dir='ltr'><strong>Symeouis</strong></span> <span class='ocrx_word' id='word_1_105' title='bbox 823 1758 1019 1813; x_wconf 88' lang='lat' dir='ltr'><strong>faciem</strong></span> <span class='ocrx_word' id='word_1_106' title='bbox 1054 1761 1200 1814; x_wconf 87' lang='lat' dir='ltr'><strong>illam</strong></span> <span class='ocrx_word' id='word_1_107' title='bbox 1264 1760 1373 1814; x_wconf 89' lang='lat' dir='ltr'><strong>huc</strong></span> <span class='ocrx_word' id='word_1_108' title='bbox 1429 1771 1596 1830; x_wconf 86' lang='lat' dir='ltr'><strong>atque</strong></span> <span class='ocrx_word' id='word_1_109' title='bbox 1643 1760 1774 1815; x_wconf 89' lang='lat' dir='ltr'><strong>illuc</strong></span> <span class='ocrx_word' id='word_1_110' title='bbox 1807 1760 1944 1814; x_wconf 82' lang='lat' dir='ltr'><strong>voli-</strong></span> 
     </span>
    </p>
   </div>
   <div class='ocr_carea' id='block_1_19' title="bbox 2041 663 3616 736">
    <p class='ocr_par' dir='ltr' id='par_1_19' title="bbox 2041 663 3616 736">
     <span class='ocr_line' id='line_1_19' title="bbox 2041 663 3616 736; baseline 0.003 -22"><span class='ocrx_word' id='word_1_111' title='bbox 2041 663 2087 714; x_wconf 85' lang='grc' dir='ltr'>δ’</span> <span class='ocrx_word' id='word_1_112' title='bbox 2115 666 2173 714; x_wconf 84' lang='grc' dir='ltr'><strong>ἐν</strong></span> <span class='ocrx_word' id='word_1_113' title='bbox 2199 667 2266 732; x_wconf 76' lang='grc' dir='ltr'>τῇ</span> <span class='ocrx_word' id='word_1_114' title='bbox 2321 665 2512 736; x_wconf 81' lang='grc' dir='ltr'><strong>μνήμῃ</strong></span> <span class='ocrx_word' id='word_1_115' title='bbox 2565 665 2728 735; x_wconf 87' lang='grc' dir='ltr'>μόνον</span> <span class='ocrx_word' id='word_1_116' title='bbox 2758 665 2854 718; x_wconf 80' lang='grc' dir='ltr'>τοῦ</span> <span class='ocrx_word' id='word_1_117' title='bbox 2894 667 3053 732; x_wconf 82' lang='grc' dir='ltr'>ἁγίου</span> <span class='ocrx_word' id='word_1_118' title='bbox 3096 664 3433 733; x_wconf 85' lang='grc' dir='ltr'>ἐγγίνεσθαι.</span> <span class='ocrx_word' id='word_1_119' title='bbox 3490 665 3616 719; x_wconf 74' lang='grc' dir='ltr'><strong>Εἰσὶ</strong></span> 
     </span>
    </p>
   </div>
   <div class='ocr_carea' id='block_1_20' title="bbox 2041 753 3615 825">
    <p class='ocr_par' dir='ltr' id='par_1_20' title="bbox 2041 753 3615 825">
     <span class='ocr_line' id='line_1_20' title="bbox 2041 753 3615 825; baseline -0.001 -19"><span class='ocrx_word' id='word_1_120' title='bbox 2041 753 2096 807; x_wconf 86' lang='grc' dir='ltr'><strong>δέ</strong></span> <span class='ocrx_word' id='word_1_121' title='bbox 2145 755 2193 807; x_wconf 82' lang='grc' dir='ltr'><strong>οῖ</strong></span> <span class='ocrx_word' id='word_1_122' title='bbox 2233 755 2660 825; x_wconf 79' lang='grc' dir='ltr'>καθιστόρησαν,</span> <span class='ocrx_word' id='word_1_123' title='bbox 2711 756 2809 810; x_wconf 76' lang='grc' dir='ltr'>καὶ</span> <span class='ocrx_word' id='word_1_124' title='bbox 2836 757 2972 810; x_wconf 79' lang='grc' dir='ltr'>αὐτὸ</span> <span class='ocrx_word' id='word_1_125' title='bbox 2999 758 3176 810; x_wconf 87' lang='grc' dir='ltr'>ἐκεῖνο</span> <span class='ocrx_word' id='word_1_126' title='bbox 3219 755 3281 808; x_wconf 82' lang='grc' dir='ltr'>τὸ</span> <span class='ocrx_word' id='word_1_127' title='bbox 3323 754 3415 807; x_wconf 83' lang='grc' dir='ltr'><strong>τοῦ</strong></span> <span class='ocrx_word' id='word_1_128' title='bbox 3461 753 3615 807; x_wconf 83' lang='grc' dir='ltr'>ὁσίου</span> 
     </span>
    </p>
   </div>
   <div class='ocr_carea' id='block_1_21' title="bbox 2045 845 3615 920">
    <p class='ocr_par' dir='ltr' id='par_1_21' title="bbox 2045 845 3615 920">
     <span class='ocr_line' id='line_1_21' title="bbox 2045 845 3615 920; baseline 0.002 -23"><span class='ocrx_word' id='word_1_129' title='bbox 2045 847 2340 916; x_wconf 83' lang='grc' dir='ltr'>πρόσωπον</span> <span class='ocrx_word' id='word_1_130' title='bbox 2397 845 2502 902; x_wconf 76' lang='grc' dir='ltr'>ὧδε</span> <span class='ocrx_word' id='word_1_131' title='bbox 2563 852 2786 903; x_wconf 79' lang='grc' dir='ltr'>κάκεῖσε</span> <span class='ocrx_word' id='word_1_132' title='bbox 2842 851 3301 920; x_wconf 81' lang='grc' dir='ltr'>περιιπτάμενον,</span> <span class='ocrx_word' id='word_1_133' title='bbox 3356 849 3465 903; x_wconf 77' lang='grc' dir='ltr'><strong>ἀνὰ</strong></span> <span class='ocrx_word' id='word_1_134' title='bbox 3522 849 3615 901; x_wconf 76' lang='grc' dir='ltr'>τὸν</span> 
     </span>
    </p>
   </div>
   <div class='ocr_carea' id='block_1_22' title="bbox 2045 937 3616 1012">
    <p class='ocr_par' dir='ltr' id='par_1_22' title="bbox 2045 937 3616 1012">
     <span class='ocr_line' id='line_1_22' title="bbox 2045 937 3616 1012; baseline 0.014 -25"><span class='ocrx_word' id='word_1_135' title='bbox 2045 937 2238 990; x_wconf 82' lang='grc' dir='ltr'>στῦλον</span> <span class='ocrx_word' id='word_1_136' title='bbox 2266 939 2516 1002; x_wconf 83' lang='grc' dir='ltr'>θεᾶσθαι,</span> <span class='ocrx_word' id='word_1_137' title='bbox 2561 940 2655 1012; x_wconf 80' lang='grc' dir='ltr'>τὴν</span> <span class='ocrx_word' id='word_1_138' title='bbox 2709 942 2927 1012; x_wconf 81' lang='grc' dir='ltr'><strong>ὑπήνην</strong></span> <span class='ocrx_word' id='word_1_139' title='bbox 2982 942 3310 1012; x_wconf 73' lang='grc' dir='ltr'><strong>καθειμένον</strong></span> <span class='ocrx_word' id='word_1_140' title='bbox 3344 942 3422 1006; x_wconf 84' lang='grc' dir='ltr'><strong>ὡς</strong></span> <span class='ocrx_word' id='word_1_141' title='bbox 3477 943 3616 1012; x_wconf 79' lang='grc' dir='ltr'><strong>σχή-</strong></span> 
     </span>
    </p>
   </div>
   <div class='ocr_carea' id='block_1_23' title="bbox 2047 1025 3612 1103">
    <p class='ocr_par' dir='ltr' id='par_1_23' title="bbox 2047 1025 3612 1103">
     <span class='ocr_line' id='line_1_23' title="bbox 2047 1025 3612 1103; baseline 0.004 -24"><span class='ocrx_word' id='word_1_142' title='bbox 2047 1045 2218 1096; x_wconf 89' lang='grc' dir='ltr'>ματος</span> <span class='ocrx_word' id='word_1_143' title='bbox 2241 1025 2379 1099; x_wconf 78' lang='grc' dir='ltr'>εἶχε,</span> <span class='ocrx_word' id='word_1_144' title='bbox 2416 1032 2512 1083; x_wconf 83' lang='grc' dir='ltr'>καὶ</span> <span class='ocrx_word' id='word_1_145' title='bbox 2555 1031 2722 1102; x_wconf 72' lang='grc' dir='ltr'>τιάρᾳ</span> <span class='ocrx_word' id='word_1_146' title='bbox 2746 1032 2847 1103; x_wconf 81' lang='grc' dir='ltr'>τὴν</span> <span class='ocrx_word' id='word_1_147' title='bbox 2891 1035 3135 1102; x_wconf 79' lang='grc' dir='ltr'>κεφαλὴν</span> <span class='ocrx_word' id='word_1_148' title='bbox 3171 1033 3612 1102; x_wconf 80' lang='grc' dir='ltr'><strong>καλυπτόμενον,</strong></span> 
     </span>
    </p>
   </div>
   <div class='ocr_carea' id='block_1_24' title="bbox 2045 1117 3616 1196">
    <p class='ocr_par' dir='ltr' id='par_1_24' title="bbox 2045 1117 3616 1196">
     <span class='ocr_line' id='line_1_24' title="bbox 2045 1117 3616 1196; baseline 0.004 -24"><span class='ocrx_word' id='word_1_149' title='bbox 2045 1117 2120 1182; x_wconf 83' lang='grc' dir='ltr'>ὥς</span> <span class='ocrx_word' id='word_1_150' title='bbox 2160 1137 2222 1187; x_wconf 91' lang='grc' dir='ltr'><strong>γε</strong></span> <span class='ocrx_word' id='word_1_151' title='bbox 2258 1117 2325 1190; x_wconf 84' lang='grc' dir='ltr'>ἦν</span> <span class='ocrx_word' id='word_1_152' title='bbox 2355 1121 2564 1185; x_wconf 75' lang='grc' dir='ltr'>εἰωθός.</span> <span class='ocrx_word' id='word_1_153' title='bbox 2607 1123 2815 1193; x_wconf 86' lang='grc' dir='ltr'>Ὀρῶσι</span> <span class='ocrx_word' id='word_1_154' title='bbox 2847 1124 2904 1176; x_wconf 82' lang='grc' dir='ltr'>δὲ</span> <span class='ocrx_word' id='word_1_155' title='bbox 2935 1125 3135 1188; x_wconf 80' lang='grc' dir='ltr'>πάντες</span> <span class='ocrx_word' id='word_1_156' title='bbox 3174 1125 3236 1177; x_wconf 81' lang='grc' dir='ltr'>τὸ</span> <span class='ocrx_word' id='word_1_157' title='bbox 3278 1125 3490 1196; x_wconf 82' lang='grc' dir='ltr'>θαῦμα,</span> <span class='ocrx_word' id='word_1_158' title='bbox 3523 1127 3616 1182; x_wconf 70' lang='grc' dir='ltr'>καὶ</span> 
     </span>
    </p>
   </div>
   <div class='ocr_carea' id='block_1_25' title="bbox 2045 1214 3614 1287">
    <p class='ocr_par' dir='ltr' id='par_1_25' title="bbox 2045 1214 3614 1287">
     <span class='ocr_line' id='line_1_25' title="bbox 2045 1214 3614 1287; baseline 0.002 -21"><span class='ocrx_word' id='word_1_159' title='bbox 2045 1215 2302 1282; x_wconf 85' lang='grc' dir='ltr'>γυναῖκες</span> <span class='ocrx_word' id='word_1_160' title='bbox 2335 1214 2440 1278; x_wconf 78' lang='grc' dir='ltr'><strong>ἔξω</strong></span> <span class='ocrx_word' id='word_1_161' title='bbox 2470 1216 2600 1285; x_wconf 72' lang='grc' dir='ltr'>περὶ</span> <span class='ocrx_word' id='word_1_162' title='bbox 2630 1216 2730 1277; x_wconf 70' lang='grc' dir='ltr'><strong>τὰς</strong></span> <span class='ocrx_word' id='word_1_163' title='bbox 2761 1215 2922 1284; x_wconf 72' lang='grc' dir='ltr'>φλιὰς</span> <span class='ocrx_word' id='word_1_164' title='bbox 2975 1216 3212 1269; x_wconf 75' lang='grc' dir='ltr'>ἑστῶσαι</span> <span class='ocrx_word' id='word_1_165' title='bbox 3246 1231 3262 1248; x_wconf 79' lang='grc' dir='ltr'><strong>ο</strong></span> <span class='ocrx_word' id='word_1_166' title='bbox 3306 1219 3340 1287; x_wconf 80' lang='grc' dir='ltr'><strong>ή</strong></span> <span class='ocrx_word' id='word_1_167' title='bbox 3373 1217 3484 1286; x_wconf 86' lang='grc' dir='ltr'>γὰρ</span> <span class='ocrx_word' id='word_1_168' title='bbox 3518 1218 3614 1286; x_wconf 82' lang='grc' dir='ltr'><strong>μία</strong></span> 
     </span>
    </p>
   </div>
   <div class='ocr_carea' id='block_1_26' title="bbox 2046 1303 3616 1377">
    <p class='ocr_par' dir='ltr' id='par_1_26' title="bbox 2046 1303 3616 1377">
     <span class='ocr_line' id='line_1_26' title="bbox 2046 1303 3616 1377; baseline 0.003 -20"><span class='ocrx_word' id='word_1_169' title='bbox 2046 1305 2157 1358; x_wconf 81' lang='grc' dir='ltr'><strong>τῶν</strong></span> <span class='ocrx_word' id='word_1_170' title='bbox 2216 1303 2450 1373; x_wconf 78' lang='grc' dir='ltr'><strong>θυρίδων</strong></span> <span class='ocrx_word' id='word_1_171' title='bbox 2509 1307 2736 1376; x_wconf 80' lang='grc' dir='ltr'>ἀντικρὺ</span> <span class='ocrx_word' id='word_1_172' title='bbox 2790 1307 2884 1360; x_wconf 86' lang='grc' dir='ltr'>τοῦ</span> <span class='ocrx_word' id='word_1_173' title='bbox 2945 1307 3324 1374; x_wconf 66' lang='grc' dir='ltr'>σελαγίςοντος</span> <span class='ocrx_word' id='word_1_174' title='bbox 3383 1309 3616 1377; x_wconf 80' lang='grc' dir='ltr'><strong>ἀστέρος</strong></span> 
     </span>
    </p>
   </div>
   <div class='ocr_carea' id='block_1_27' title="bbox 2043 1397 3614 1469">
    <p class='ocr_par' dir='ltr' id='par_1_27' title="bbox 2043 1397 3614 1469">
     <span class='ocr_line' id='line_1_27' title="bbox 2043 1397 3614 1469; baseline 0.001 -19"><span class='ocrx_word' id='word_1_175' title='bbox 2043 1398 2180 1452; x_wconf 80' lang='grc' dir='ltr'>ἐστί.</span> <span class='ocrx_word' id='word_1_176' title='bbox 2220 1397 2396 1467; x_wconf 77' lang='grc' dir='ltr'>Πολλὴ</span> <span class='ocrx_word' id='word_1_177' title='bbox 2426 1399 2533 1466; x_wconf 73' lang='grc' dir='ltr'>γάρ</span> <span class='ocrx_word' id='word_1_178' title='bbox 2563 1413 2648 1462; x_wconf 88' lang='grc' dir='ltr'><strong>τις</strong></span> <span class='ocrx_word' id='word_1_179' title='bbox 2674 1399 2853 1452; x_wconf 76' lang='grc' dir='ltr'>ἔνεστι</span> <span class='ocrx_word' id='word_1_180' title='bbox 2887 1399 3103 1468; x_wconf 79' lang='grc' dir='ltr'>φυλακὴ</span> <span class='ocrx_word' id='word_1_181' title='bbox 3129 1399 3206 1466; x_wconf 78' lang='grc' dir='ltr'>τῷ</span> <span class='ocrx_word' id='word_1_182' title='bbox 3237 1399 3420 1469; x_wconf 84' lang='grc' dir='ltr'>χώρῳ,</span> <span class='ocrx_word' id='word_1_183' title='bbox 3446 1398 3523 1461; x_wconf 82' lang='grc' dir='ltr'>ὡς</span> <span class='ocrx_word' id='word_1_184' title='bbox 3549 1400 3614 1452; x_wconf 76' lang='grc' dir='ltr'>ἂν</span> 
     </span>
    </p>
   </div>
   <div class='ocr_carea' id='block_1_28' title="bbox 2048 1488 3611 1559">
    <p class='ocr_par' dir='ltr' id='par_1_28' title="bbox 2048 1488 3611 1559">
     <span class='ocr_line' id='line_1_28' title="bbox 2048 1488 3611 1559; baseline 0.004 -23"><span class='ocrx_word' id='word_1_185' title='bbox 2048 1488 2127 1557; x_wconf 80' lang='grc' dir='ltr'>μὴ</span> <span class='ocrx_word' id='word_1_186' title='bbox 2153 1488 2292 1559; x_wconf 74' lang='grc' dir='ltr'>λάθῃ</span> <span class='ocrx_word' id='word_1_187' title='bbox 2317 1490 2455 1559; x_wconf 85' lang='grc' dir='ltr'>γυνὴ</span> <span class='ocrx_word' id='word_1_188' title='bbox 2481 1489 2588 1542; x_wconf 84' lang='grc' dir='ltr'>τῶν</span> <span class='ocrx_word' id='word_1_189' title='bbox 2621 1489 2784 1559; x_wconf 77' lang='grc' dir='ltr'>ἱερῶν</span> <span class='ocrx_word' id='word_1_190' title='bbox 2811 1489 3117 1559; x_wconf 77' lang='grc' dir='ltr'>περιόόλων</span> <span class='ocrx_word' id='word_1_191' title='bbox 3146 1489 3255 1542; x_wconf 80' lang='grc' dir='ltr'><strong>ἐσω</strong></span> <span class='ocrx_word' id='word_1_192' title='bbox 3287 1493 3611 1559; x_wconf 74' lang='grc' dir='ltr'>φοιτήσασα.</span> 
     </span>
    </p>
   </div>
   <div class='ocr_carea' id='block_1_29' title="bbox 2043 1578 3615 1650">
    <p class='ocr_par' dir='ltr' id='par_1_29' title="bbox 2043 1578 3615 1650">
     <span class='ocr_line' id='line_1_29' title="bbox 2043 1578 3615 1650; baseline -0.002 -16"><span class='ocrx_word' id='word_1_193' title='bbox 2043 1578 2110 1635; x_wconf 79' lang='lat' dir='ltr'><strong>Ol</strong></span> <span class='ocrx_word' id='word_1_194' title='bbox 2139 1580 2183 1633; x_wconf 83' lang='grc' dir='ltr'>δ’</span> <span class='ocrx_word' id='word_1_195' title='bbox 2215 1579 2406 1650; x_wconf 80' lang='grc' dir='ltr'>ἄνδρες</span> <span class='ocrx_word' id='word_1_196' title='bbox 2438 1582 2533 1633; x_wconf 75' lang='grc' dir='ltr'>καὶ</span> <span class='ocrx_word' id='word_1_197' title='bbox 2569 1581 2678 1632; x_wconf 83' lang='grc' dir='ltr'><strong>τῶν</strong></span> <span class='ocrx_word' id='word_1_198' title='bbox 2711 1583 2987 1650; x_wconf 75' lang='grc' dir='ltr'>ἀγροίκων</span> <span class='ocrx_word' id='word_1_199' title='bbox 3017 1581 3253 1634; x_wconf 80' lang='grc' dir='ltr'>εἰσίασιν</span> <span class='ocrx_word' id='word_1_200' title='bbox 3291 1580 3439 1634; x_wconf 74' lang='grc' dir='ltr'>ἔνδον</span> <span class='ocrx_word' id='word_1_201' title='bbox 3477 1580 3615 1648; x_wconf 83' lang='grc' dir='ltr'>μετᾶ</span> 
     </span>
    </p>
   </div>
   <div class='ocr_carea' id='block_1_30' title="bbox 2042 1671 3614 1743">
    <p class='ocr_par' dir='ltr' id='par_1_30' title="bbox 2042 1671 3614 1743">
     <span class='ocr_line' id='line_1_30' title="bbox 2042 1671 3614 1743; baseline 0.002 -21"><span class='ocrx_word' id='word_1_202' title='bbox 2042 1671 2153 1724; x_wconf 82' lang='grc' dir='ltr'>τῶν</span> <span class='ocrx_word' id='word_1_203' title='bbox 2175 1672 2496 1742; x_wconf 71' lang='grc' dir='ltr'>νωτοφόρων</span> <span class='ocrx_word' id='word_1_204' title='bbox 2537 1675 2711 1741; x_wconf 79' lang='grc' dir='ltr'>σφίσι,</span> <span class='ocrx_word' id='word_1_205' title='bbox 2746 1673 3008 1736; x_wconf 82' lang='grc' dir='ltr'>πολλάκις</span> <span class='ocrx_word' id='word_1_206' title='bbox 3050 1671 3483 1743; x_wconf 80' lang='grc' dir='ltr'>περιπολοῦντες</span> <span class='ocrx_word' id='word_1_207' title='bbox 3523 1672 3614 1725; x_wconf 80' lang='grc' dir='ltr'>τὸν</span> 
     </span>
    </p>
   </div>
   <div class='ocr_carea' id='block_1_31' title="bbox 2044 1763 3070 1834">
    <p class='ocr_par' dir='ltr' id='par_1_31' title="bbox 2044 1763 3070 1834">
     <span class='ocr_line' id='line_1_31' title="bbox 2044 1763 3070 1834; baseline 0.004 -21"><span class='ocrx_word' id='word_1_208' title='bbox 2044 1763 2222 1814; x_wconf 74' lang='grc' dir='ltr'>κίονα.</span> <span class='ocrx_word' id='word_1_209' title='bbox 2255 1763 2508 1816; x_wconf 78' lang='grc' dir='ltr'>Τοσαῦτα</span> <span class='ocrx_word' id='word_1_210' title='bbox 2534 1766 2664 1834; x_wconf 75' lang='grc' dir='ltr'>περὶ</span> <span class='ocrx_word' id='word_1_211' title='bbox 2691 1765 2786 1817; x_wconf 77' lang='grc' dir='ltr'><strong>τοῦ</strong></span> <span class='ocrx_word' id='word_1_212' title='bbox 2817 1764 3070 1833; x_wconf 85' lang='grc' dir='ltr'>Συμεών.</span> 
     </span>
    </p>
   </div>
   <div class='ocr_carea' id='block_1_32' title="bbox 371 1854 3610 1929">
    <p class='ocr_par' dir='ltr' id='par_1_32' title="bbox 371 1854 3610 1929">
     <span class='ocr_line' id='line_1_32' title="bbox 371 1854 3610 1929; baseline 0.002 -26"><span class='ocrx_word' id='word_1_213' title='bbox 371 1861 598 1912; x_wconf 89' lang='lat' dir='ltr'><strong>tantem,</strong></span> <span class='ocrx_word' id='word_1_214' title='bbox 659 1854 726 1907; x_wconf 89' lang='lat' dir='ltr'><strong>ad</strong></span> <span class='ocrx_word' id='word_1_215' title='bbox 760 1855 1072 1910; x_wconf 88' lang='lat' dir='ltr'><strong>columnam</strong></span> <span class='ocrx_word' id='word_1_216' title='bbox 1123 1857 1320 1922; x_wconf 78' lang='lat' dir='ltr'><strong>videri,</strong></span> <span class='ocrx_word' id='word_1_217' title='bbox 1363 1857 1552 1921; x_wconf 88' lang='lat' dir='ltr'><strong>barba,</strong></span> <span class='ocrx_word' id='word_1_218' title='bbox 1601 1855 1765 1911; x_wconf 89' lang='lat' dir='ltr'><strong>sicuti</strong></span> <span class='ocrx_word' id='word_1_219' title='bbox 1819 1871 1938 1910; x_wconf 91' lang='lat' dir='ltr'><strong>eam</strong></span> <span class='ocrx_word' id='word_1_220' title='bbox 1977 1867 2306 1927; x_wconf 78' lang='lat' dir='ltr'><strong>gestaverat,</strong></span> <span class='ocrx_word' id='word_1_221' title='bbox 2349 1858 2728 1925; x_wconf 85' lang='lat' dir='ltr'><strong>submissiore,</strong></span> <span class='ocrx_word' id='word_1_222' title='bbox 2785 1869 2841 1914; x_wconf 92' lang='lat' dir='ltr'><strong>et</strong></span> <span class='ocrx_word' id='word_1_223' title='bbox 2877 1858 3054 1929; x_wconf 83' lang='lat' dir='ltr'><strong>capite</strong></span> <span class='ocrx_word' id='word_1_224' title='bbox 3125 1859 3261 1912; x_wconf 88' lang='lat' dir='ltr'><strong>tiara</strong></span> <span class='ocrx_word' id='word_1_225' title='bbox 3285 1867 3610 1922; x_wconf 88' lang='lat' dir='ltr'><strong>tecto;nam</strong></span> 
     </span>
    </p>
   </div>
   <div class='ocr_carea' id='block_1_33' title="bbox 371 1937 3612 2022">
    <p class='ocr_par' dir='ltr' id='par_1_33' title="bbox 371 1937 3612 2022">
     <span class='ocr_line' id='line_1_33' title="bbox 371 1937 3612 2022; baseline 0.002 -27"><span class='ocrx_word' id='word_1_226' title='bbox 371 1943 450 1998; x_wconf 80' lang='lat' dir='ltr'><strong>sic</strong></span> <span class='ocrx_word' id='word_1_227' title='bbox 479 1961 699 2016; x_wconf 87' lang='lat' dir='ltr'><strong>quoque</strong></span> <span class='ocrx_word' id='word_1_228' title='bbox 737 1948 826 2002; x_wconf 89' lang='lat' dir='ltr'><strong>ille</strong></span> <span class='ocrx_word' id='word_1_229' title='bbox 856 1937 1107 2005; x_wconf 86' lang='lat' dir='ltr'><strong>incedere</strong></span> <span class='ocrx_word' id='word_1_230' title='bbox 1131 1951 1326 2005; x_wconf 90' lang='lat' dir='ltr'><strong>solitus</strong></span> <span class='ocrx_word' id='word_1_231' title='bbox 1357 1949 1558 2006; x_wconf 87' lang='lat' dir='ltr'><strong>fuerat.</strong></span> <span class='ocrx_word' id='word_1_232' title='bbox 1602 1949 1925 2004; x_wconf 87' lang='lat' dir='ltr'><strong>Miraculum</strong></span> <span class='ocrx_word' id='word_1_233' title='bbox 1961 1949 2066 2005; x_wconf 84' lang='lat' dir='ltr'><strong>hoc</strong></span> <span class='ocrx_word' id='word_1_234' title='bbox 2127 1962 2378 2020; x_wconf 89' lang='lat' dir='ltr'><strong>spectant</strong></span> <span class='ocrx_word' id='word_1_235' title='bbox 2437 1968 2649 2016; x_wconf 87' lang='lat' dir='ltr'><strong>omnes,</strong></span> <span class='ocrx_word' id='word_1_236' title='bbox 2725 1952 2986 2006; x_wconf 90' lang='lat' dir='ltr'><strong>mulieres</strong></span> <span class='ocrx_word' id='word_1_237' title='bbox 3029 1967 3269 2022; x_wconf 83' lang='lat' dir='ltr'><strong>quoque,</strong></span> <span class='ocrx_word' id='word_1_238' title='bbox 3315 1952 3411 2006; x_wconf 84' lang='lat' dir='ltr'><strong>sed</strong></span> <span class='ocrx_word' id='word_1_239' title='bbox 3463 1959 3612 2006; x_wconf 87' lang='lat' dir='ltr'><strong>extra</strong></span> 
     </span>
    </p>
   </div>
   <div class='ocr_carea' id='block_1_34' title="bbox 371 2039 3615 2116">
    <p class='ocr_par' dir='ltr' id='par_1_34' title="bbox 371 2039 3615 2116">
     <span class='ocr_line' id='line_1_34' title="bbox 371 2039 3615 2116; baseline 0.002 -27"><span class='ocrx_word' id='word_1_240' title='bbox 371 2039 632 2106; x_wconf 84' lang='lat' dir='ltr'><strong>templum</strong></span> <span class='ocrx_word' id='word_1_241' title='bbox 683 2055 746 2096; x_wconf 89' lang='lat' dir='ltr'><strong>ac</strong></span> <span class='ocrx_word' id='word_1_242' title='bbox 801 2052 986 2112; x_wconf 88' lang='lat' dir='ltr'><strong>postes</strong></span> <span class='ocrx_word' id='word_1_243' title='bbox 1025 2053 1250 2100; x_wconf 85' lang='lat' dir='ltr'><strong>stantes.</strong></span> <span class='ocrx_word' id='word_1_244' title='bbox 1302 2045 1475 2100; x_wconf 83' lang='lat' dir='ltr'><strong>Jauua</strong></span> <span class='ocrx_word' id='word_1_245' title='bbox 1517 2047 1662 2100; x_wconf 89' lang='lat' dir='ltr'><strong>enim</strong></span> <span class='ocrx_word' id='word_1_246' title='bbox 1716 2062 1822 2099; x_wconf 87' lang='lat' dir='ltr'><strong>una</strong></span> <span class='ocrx_word' id='word_1_247' title='bbox 1902 2058 1969 2097; x_wconf 85' lang='lat' dir='ltr'><strong>ex</strong></span> <span class='ocrx_word' id='word_1_248' title='bbox 2009 2043 2242 2099; x_wconf 85' lang='lat' dir='ltr'><strong>adverso</strong></span> <span class='ocrx_word' id='word_1_249' title='bbox 2275 2046 2445 2101; x_wconf 68' lang='lat' dir='ltr'><strong>stellae</strong></span> <span class='ocrx_word' id='word_1_250' title='bbox 2475 2045 2704 2116; x_wconf 79' lang='lat' dir='ltr'><strong>fulgenti</strong></span> <span class='ocrx_word' id='word_1_251' title='bbox 2736 2045 2916 2100; x_wconf 86' lang='lat' dir='ltr'><strong>locata</strong></span> <span class='ocrx_word' id='word_1_252' title='bbox 2951 2057 3057 2101; x_wconf 88' lang='lat' dir='ltr'><strong>est.</strong></span> <span class='ocrx_word' id='word_1_253' title='bbox 3123 2045 3200 2100; x_wconf 80' lang='lat' dir='ltr'><strong>Ne</strong></span> <span class='ocrx_word' id='word_1_254' title='bbox 3222 2046 3370 2099; x_wconf 90' lang='lat' dir='ltr'><strong>enim</strong></span> <span class='ocrx_word' id='word_1_255' title='bbox 3416 2045 3615 2098; x_wconf 85' lang='lat' dir='ltr'><strong>mulier</strong></span> 
     </span>
    </p>
   </div>
   <div class='ocr_carea' id='block_1_35' title="bbox 369 2133 3614 2210">
    <p class='ocr_par' dir='ltr' id='par_1_35' title="bbox 369 2133 3614 2210">
     <span class='ocr_line' id='line_1_35' title="bbox 369 2133 3614 2210; baseline 0.002 -26"><span class='ocrx_word' id='word_1_256' title='bbox 369 2133 639 2200; x_wconf 69' lang='lat' dir='ltr'><strong>quaepiam</strong></span> <span class='ocrx_word' id='word_1_257' title='bbox 667 2149 876 2190; x_wconf 87' lang='lat' dir='ltr'><strong>sacram</strong></span> <span class='ocrx_word' id='word_1_258' title='bbox 906 2137 1078 2192; x_wconf 70' lang='lat' dir='ltr'><strong>mdem</strong></span> <span class='ocrx_word' id='word_1_259' title='bbox 1103 2137 1244 2193; x_wconf 89' lang='lat' dir='ltr'><strong>forte</strong></span> <span class='ocrx_word' id='word_1_260' title='bbox 1271 2139 1634 2210; x_wconf 82' lang='lat' dir='ltr'><strong>ingrediatur,</strong></span> <span class='ocrx_word' id='word_1_261' title='bbox 1665 2139 1831 2195; x_wconf 88' lang='lat' dir='ltr'><strong>etiam</strong></span> <span class='ocrx_word' id='word_1_262' title='bbox 1870 2147 2036 2210; x_wconf 87' lang='lat' dir='ltr'><strong>atque</strong></span> <span class='ocrx_word' id='word_1_263' title='bbox 2065 2139 2232 2194; x_wconf 88' lang='lat' dir='ltr'><strong>etiam</strong></span> <span class='ocrx_word' id='word_1_264' title='bbox 2265 2141 2454 2195; x_wconf 83' lang='lat' dir='ltr'><strong>nescio</strong></span> <span class='ocrx_word' id='word_1_265' title='bbox 2488 2156 2652 2210; x_wconf 88' lang='lat' dir='ltr'><strong>quam</strong></span> <span class='ocrx_word' id='word_1_266' title='bbox 2687 2141 2759 2196; x_wconf 90' lang='lat' dir='ltr'><strong>ob</strong></span> <span class='ocrx_word' id='word_1_267' title='bbox 2790 2156 3010 2196; x_wconf 83' lang='lat' dir='ltr'><strong>causam</strong></span> <span class='ocrx_word' id='word_1_268' title='bbox 3036 2156 3133 2210; x_wconf 87' lang='lat' dir='ltr'><strong>per</strong></span> <span class='ocrx_word' id='word_1_269' title='bbox 3162 2139 3469 2194; x_wconf 85' lang='lat' dir='ltr'><strong>custodiam</strong></span> <span class='ocrx_word' id='word_1_270' title='bbox 3493 2140 3614 2194; x_wconf 86' lang='lat' dir='ltr'><strong>loco</strong></span> 
     </span>
    </p>
   </div>
   <div class='ocr_carea' id='block_1_36' title="bbox 368 2222 3618 2304">
    <p class='ocr_par' dir='ltr' id='par_1_36' title="bbox 368 2222 3618 2304">
     <span class='ocr_line' id='line_1_36' title="bbox 368 2222 3618 2304; baseline 0.002 -27"><span class='ocrx_word' id='word_1_271' title='bbox 368 2222 422 2278; x_wconf 88' lang='lat' dir='ltr'><strong>ei</strong></span> <span class='ocrx_word' id='word_1_272' title='bbox 451 2223 762 2294; x_wconf 87' lang='lat' dir='ltr'><strong>impositam</strong></span> <span class='ocrx_word' id='word_1_273' title='bbox 796 2239 1046 2284; x_wconf 85' lang='lat' dir='ltr'><strong>cavetur.</strong></span> <span class='ocrx_word' id='word_1_274' title='bbox 1087 2229 1198 2285; x_wconf 86' lang='lat' dir='ltr'><strong>Viri</strong></span> <span class='ocrx_word' id='word_1_275' title='bbox 1228 2243 1438 2299; x_wconf 88' lang='lat' dir='ltr'><strong>autem,</strong></span> <span class='ocrx_word' id='word_1_276' title='bbox 1467 2233 1634 2287; x_wconf 87' lang='lat' dir='ltr'><strong>etiam</strong></span> <span class='ocrx_word' id='word_1_277' title='bbox 1663 2249 1730 2287; x_wconf 90' lang='lat' dir='ltr'><strong>ex</strong></span> <span class='ocrx_word' id='word_1_278' title='bbox 1779 2231 2026 2297; x_wconf 89' lang='lat' dir='ltr'><strong>rusticis,</strong></span> <span class='ocrx_word' id='word_1_279' title='bbox 2090 2247 2199 2286; x_wconf 90' lang='lat' dir='ltr'><strong>una</strong></span> <span class='ocrx_word' id='word_1_280' title='bbox 2237 2247 2362 2288; x_wconf 91' lang='lat' dir='ltr'><strong>cum</strong></span> <span class='ocrx_word' id='word_1_281' title='bbox 2428 2233 2698 2304; x_wconf 86' lang='lat' dir='ltr'><strong>jumentis</strong></span> <span class='ocrx_word' id='word_1_282' title='bbox 2745 2233 2863 2289; x_wconf 89' lang='lat' dir='ltr'><strong>suis</strong></span> <span class='ocrx_word' id='word_1_283' title='bbox 2895 2231 3309 2304; x_wconf 76' lang='lat' dir='ltr'><strong>ingrediuntur</strong></span> <span class='ocrx_word' id='word_1_284' title='bbox 3332 2269 3349 2296; x_wconf 85' lang='lat'><strong>,</strong></span> <span class='ocrx_word' id='word_1_285' title='bbox 3417 2233 3618 2300; x_wconf 61' lang='lat' dir='ltr'><strong>sapius</strong></span> 
     </span>
    </p>
   </div>
   <div class='ocr_carea' id='block_1_37' title="bbox 369 2317 1938 2397">
    <p class='ocr_par' dir='ltr' id='par_1_37' title="bbox 369 2317 1938 2397">
     <span class='ocr_line' id='line_1_37' title="bbox 369 2317 1938 2397; baseline 0.006 -26"><span class='ocrx_word' id='word_1_286' title='bbox 369 2317 684 2374; x_wconf 89' lang='lat' dir='ltr'><strong>columnam</strong></span> <span class='ocrx_word' id='word_1_287' title='bbox 709 2320 881 2391; x_wconf 89' lang='lat' dir='ltr'><strong>ipsam</strong></span> <span class='ocrx_word' id='word_1_288' title='bbox 914 2325 1346 2381; x_wconf 83' lang='lat' dir='ltr'><strong>circumeuntes.</strong></span> <span class='ocrx_word' id='word_1_289' title='bbox 1386 2325 1516 2382; x_wconf 68' lang='grc' dir='ltr'>Ηίεο</span> <span class='ocrx_word' id='word_1_290' title='bbox 1541 2327 1609 2381; x_wconf 86' lang='lat' dir='ltr'><strong>de</strong></span> <span class='ocrx_word' id='word_1_291' title='bbox 1645 2325 1938 2397; x_wconf 83' lang='lat' dir='ltr'><strong>Symeone.</strong></span> 
     </span>
    </p>
   </div>
   <div class='ocr_carea' id='block_1_38' title="bbox 895 2438 1454 2511">
    <p class='ocr_par' dir='ltr' id='par_1_38' title="bbox 895 2438 1454 2511">
     <span class='ocr_line' id='line_1_38' title="bbox 895 2438 1454 2511; baseline 0.004 -17"><span class='ocrx_word' id='word_1_292' title='bbox 895 2438 1058 2511; x_wconf 64' lang='lat'><strong>56:.</strong></span> <span class='ocrx_word' id='word_1_293' title='bbox 1095 2439 1320 2497; x_wconf 87' lang='lat' dir='ltr'><strong>CAPUT</strong></span> <span class='ocrx_word' id='word_1_294' title='bbox 1344 2441 1454 2498; x_wconf 88' lang='lat' dir='ltr'><strong>LII.</strong></span> 
     </span>
    </p>
   </div>
   <div class='ocr_carea' id='block_1_39' title="bbox 374 2529 1945 2606">
    <p class='ocr_par' dir='ltr' id='par_1_39' title="bbox 374 2529 1945 2606">
     <span class='ocr_line' id='line_1_39' title="bbox 374 2529 1945 2606; baseline 0.003 -22"><span class='ocrx_word' id='word_1_295' title='bbox 374 2529 450 2584; x_wconf 78' lang='lat' dir='ltr'><strong>De</strong></span> <span class='ocrx_word' id='word_1_296' title='bbox 493 2538 681 2585; x_wconf 74' lang='lat' dir='ltr'><strong>sancto</strong></span> <span class='ocrx_word' id='word_1_297' title='bbox 710 2539 759 2584; x_wconf 80' lang='lat' dir='ltr'><strong>et</strong></span> <span class='ocrx_word' id='word_1_298' title='bbox 795 2548 988 2602; x_wconf 86' lang='lat' dir='ltr'><strong>magno</strong></span> <span class='ocrx_word' id='word_1_299' title='bbox 1029 2531 1338 2606; x_wconf 75' lang='lat' dir='ltr'><strong>Euthymio,</strong></span> <span class='ocrx_word' id='word_1_300' title='bbox 1384 2534 1610 2604; x_wconf 71' lang='lat' dir='ltr'><strong>aliisque</strong></span> <span class='ocrx_word' id='word_1_301' title='bbox 1643 2535 1734 2606; x_wconf 78' lang='lat' dir='ltr'><strong>qui</strong></span> <span class='ocrx_word' id='word_1_302' title='bbox 1763 2543 1945 2589; x_wconf 73' lang='lat' dir='ltr'><strong>sancte</strong></span> 
     </span>
    </p>
   </div>
   <div class='ocr_carea' id='block_1_40' title="bbox 791 2604 1520 2675">
    <p class='ocr_par' dir='ltr' id='par_1_40' title="bbox 791 2604 1520 2675">
     <span class='ocr_line' id='line_1_40' title="bbox 791 2604 1520 2675; baseline 0.004 -20"><span class='ocrx_word' id='word_1_303' title='bbox 791 2607 976 2673; x_wconf 80' lang='lat' dir='ltr'><strong>pieque</strong></span> <span class='ocrx_word' id='word_1_304' title='bbox 1014 2604 1176 2657; x_wconf 77' lang='lat' dir='ltr'><strong>vitam</strong></span> <span class='ocrx_word' id='word_1_305' title='bbox 1213 2616 1520 2675; x_wconf 69' lang='lat' dir='ltr'><strong>exegerunt.</strong></span> 
     </span>
    </p>
   </div>
   <div class='ocr_carea' id='block_1_41' title="bbox 444 2713 1947 2790">
    <p class='ocr_par' dir='ltr' id='par_1_41' title="bbox 444 2713 1947 2790">
     <span class='ocr_line' id='line_1_41' title="bbox 444 2713 1947 2790; baseline 0.003 -21"><span class='ocrx_word' id='word_1_306' title='bbox 444 2713 560 2770; x_wconf 85' lang='lat' dir='ltr'><strong>Sub</strong></span> <span class='ocrx_word' id='word_1_307' title='bbox 590 2715 784 2772; x_wconf 89' lang='lat' dir='ltr'><strong>eodem</strong></span> <span class='ocrx_word' id='word_1_308' title='bbox 815 2718 1046 2789; x_wconf 91' lang='lat' dir='ltr'><strong>imperio</strong></span> <span class='ocrx_word' id='word_1_309' title='bbox 1079 2734 1312 2788; x_wconf 79' lang='lat' dir='ltr'><strong>magnus</strong></span> <span class='ocrx_word' id='word_1_310' title='bbox 1341 2721 1505 2774; x_wconf 90' lang='lat' dir='ltr'><strong>etiam</strong></span> <span class='ocrx_word' id='word_1_311' title='bbox 1562 2719 1652 2775; x_wconf 90' lang='lat' dir='ltr'><strong>ille</strong></span> <span class='ocrx_word' id='word_1_312' title='bbox 1686 2727 1742 2773; x_wconf 84' lang='lat' dir='ltr'><strong>et</strong></span> <span class='ocrx_word' id='word_1_313' title='bbox 1773 2720 1947 2790; x_wconf 78' lang='lat' dir='ltr'><strong>incly-</strong></span> 
     </span>
    </p>
   </div>
   <div class='ocr_carea' id='block_1_42' title="bbox 374 2807 1947 2879">
    <p class='ocr_par' dir='ltr' id='par_1_42' title="bbox 374 2807 1947 2879">
     <span class='ocr_line' id='line_1_42' title="bbox 374 2807 1947 2879; baseline 0.004 -19"><span class='ocrx_word' id='word_1_314' title='bbox 374 2816 464 2860; x_wconf 90' lang='lat' dir='ltr'><strong>tus</strong></span> <span class='ocrx_word' id='word_1_315' title='bbox 495 2807 825 2878; x_wconf 78' lang='lat' dir='ltr'><strong>Eutliymius</strong></span> <span class='ocrx_word' id='word_1_316' title='bbox 864 2811 915 2864; x_wconf 91' lang='lat' dir='ltr'><strong>in</strong></span> <span class='ocrx_word' id='word_1_317' title='bbox 949 2811 1236 2865; x_wconf 63' lang='lat' dir='ltr'><strong>Palmstina</strong></span> <span class='ocrx_word' id='word_1_318' title='bbox 1269 2811 1550 2866; x_wconf 84' lang='lat' dir='ltr'><strong>excelluit.</strong></span> <span class='ocrx_word' id='word_1_319' title='bbox 1582 2812 1684 2879; x_wconf 88' lang='lat' dir='ltr'><strong>Qui</strong></span> <span class='ocrx_word' id='word_1_320' title='bbox 1711 2813 1815 2867; x_wconf 89' lang='lat' dir='ltr'><strong>sub</strong></span> <span class='ocrx_word' id='word_1_321' title='bbox 1852 2811 1947 2867; x_wconf 80' lang='lat' dir='ltr'><strong>Va-</strong></span> 
     </span>
    </p>
   </div>
   <div class='ocr_carea' id='block_1_43' title="bbox 371 2900 1946 2975">
    <p class='ocr_par' dir='ltr' id='par_1_43' title="bbox 371 2900 1946 2975">
     <span class='ocr_line' id='line_1_43' title="bbox 371 2900 1946 2975; baseline 0.003 -21"><span class='ocrx_word' id='word_1_322' title='bbox 371 2900 522 2954; x_wconf 86' lang='lat' dir='ltr'><strong>lente</strong></span> <span class='ocrx_word' id='word_1_323' title='bbox 542 2903 841 2971; x_wconf 89' lang='lat' dir='ltr'><strong>quidemex</strong></span> <span class='ocrx_word' id='word_1_324' title='bbox 875 2904 1247 2972; x_wconf 83' lang='lat' dir='ltr'><strong>promissione</strong></span> <span class='ocrx_word' id='word_1_325' title='bbox 1269 2914 1453 2969; x_wconf 89' lang='lat' dir='ltr'><strong>natus,</strong></span> <span class='ocrx_word' id='word_1_326' title='bbox 1486 2919 1516 2959; x_wconf 94' lang='lat' dir='ltr'><strong>a</strong></span> <span class='ocrx_word' id='word_1_327' title='bbox 1549 2919 1746 2975; x_wconf 77' lang='lat' dir='ltr'><strong>magno</strong></span> <span class='ocrx_word' id='word_1_328' title='bbox 1761 2915 1946 2960; x_wconf 87' lang='lat' dir='ltr'><strong>autem</strong></span> 
     </span>
    </p>
   </div>
   <div class='ocr_carea' id='block_1_44' title="bbox 371 2993 1949 3067">
    <p class='ocr_par' dir='ltr' id='par_1_44' title="bbox 371 2993 1949 3067">
     <span class='ocr_line' id='line_1_44' title="bbox 371 2993 1949 3067; baseline 0.003 -19"><span class='ocrx_word' id='word_1_329' title='bbox 371 2993 561 3048; x_wconf 83' lang='lat' dir='ltr'><strong>Otreio</strong></span> <span class='ocrx_word' id='word_1_330' title='bbox 590 2995 789 3048; x_wconf 80' lang='lat' dir='ltr'><strong>Acacio</strong></span> <span class='ocrx_word' id='word_1_331' title='bbox 818 2995 1181 3051; x_wconf 84' lang='lat' dir='ltr'><strong>Melitinensis</strong></span> <span class='ocrx_word' id='word_1_332' title='bbox 1215 2995 1482 3052; x_wconf 79' lang='lat' dir='ltr'><strong>Ecclesiae</strong></span> <span class='ocrx_word' id='word_1_333' title='bbox 1516 2999 1792 3067; x_wconf 88' lang='lat' dir='ltr'><strong>episcopis</strong></span> <span class='ocrx_word' id='word_1_334' title='bbox 1840 3000 1949 3053; x_wconf 91' lang='lat' dir='ltr'><strong>rite</strong></span> 
     </span>
    </p>
   </div>
   <div class='ocr_carea' id='block_1_45' title="bbox 375 3086 1946 3162">
    <p class='ocr_par' dir='ltr' id='par_1_45' title="bbox 375 3086 1946 3162">
     <span class='ocr_line' id='line_1_45' title="bbox 375 3086 1946 3162; baseline 0.005 -23"><span class='ocrx_word' id='word_1_335' title='bbox 375 3086 570 3141; x_wconf 90' lang='lat' dir='ltr'><strong>doctus</strong></span> <span class='ocrx_word' id='word_1_336' title='bbox 603 3096 767 3156; x_wconf 84' lang='lat' dir='ltr'><strong>atque</strong></span> <span class='ocrx_word' id='word_1_337' title='bbox 791 3087 1027 3143; x_wconf 80' lang='lat' dir='ltr'><strong>eductus</strong></span> <span class='ocrx_word' id='word_1_338' title='bbox 1064 3107 1077 3143; x_wconf 90' lang='lat'><strong>:</strong></span> <span class='ocrx_word' id='word_1_339' title='bbox 1114 3089 1319 3144; x_wconf 88' lang='lat' dir='ltr'><strong>deinde</strong></span> <span class='ocrx_word' id='word_1_340' title='bbox 1369 3090 1423 3144; x_wconf 90' lang='lat' dir='ltr'><strong>in</strong></span> <span class='ocrx_word' id='word_1_341' title='bbox 1489 3091 1946 3162; x_wconf 87' lang='lat' dir='ltr'><strong>presbyterorum</strong></span> 
     </span>
    </p>
   </div>
   <div class='ocr_carea' id='block_1_46' title="bbox 367 3179 1946 3241">
    <p class='ocr_par' dir='ltr' id='par_1_46' title="bbox 367 3179 1946 3241">
     <span class='ocr_line' id='line_1_46' title="bbox 367 3179 1946 3241; baseline 0.003 -8"><span class='ocrx_word' id='word_1_342' title='bbox 367 3179 622 3233; x_wconf 87' lang='lat' dir='ltr'><strong>ordinem</strong></span> <span class='ocrx_word' id='word_1_343' title='bbox 655 3180 905 3241; x_wconf 87' lang='lat' dir='ltr'><strong>allectus,</strong></span> <span class='ocrx_word' id='word_1_344' title='bbox 930 3194 1210 3234; x_wconf 89' lang='lat' dir='ltr'><strong>sacrarum</strong></span> <span class='ocrx_word' id='word_1_345' title='bbox 1246 3190 1454 3236; x_wconf 86' lang='lat' dir='ltr'><strong>tantum</strong></span> <span class='ocrx_word' id='word_1_346' title='bbox 1513 3198 1695 3237; x_wconf 89' lang='lat' dir='ltr'><strong>rerum</strong></span> <span class='ocrx_word' id='word_1_347' title='bbox 1755 3200 1946 3238; x_wconf 88' lang='lat' dir='ltr'><strong>curam</strong></span> 
     </span>
    </p>
   </div>
   <div class='ocr_carea' id='block_1_47' title="bbox 369 3271 1948 3339">
    <p class='ocr_par' dir='ltr' id='par_1_47' title="bbox 369 3271 1948 3339">
     <span class='ocr_line' id='line_1_47' title="bbox 369 3271 1948 3339; baseline 0.003 -14"><span class='ocrx_word' id='word_1_348' title='bbox 369 3272 567 3339; x_wconf 68' lang='lat' dir='ltr'><strong>gessit.</strong></span> <span class='ocrx_word' id='word_1_349' title='bbox 621 3271 815 3325; x_wconf 87' lang='lat' dir='ltr'><strong>Postea</strong></span> <span class='ocrx_word' id='word_1_350' title='bbox 853 3272 906 3325; x_wconf 90' lang='lat' dir='ltr'><strong>in</strong></span> <span class='ocrx_word' id='word_1_351' title='bbox 955 3271 1241 3326; x_wconf 67' lang='lat' dir='ltr'><strong>Palwstina</strong></span> <span class='ocrx_word' id='word_1_352' title='bbox 1291 3289 1396 3326; x_wconf 83' lang='lat' dir='ltr'><strong>una</strong></span> <span class='ocrx_word' id='word_1_353' title='bbox 1437 3289 1560 3328; x_wconf 90' lang='lat' dir='ltr'><strong>cum</strong></span> <span class='ocrx_word' id='word_1_354' title='bbox 1623 3275 1948 3329; x_wconf 91' lang='lat' dir='ltr'><strong>admlrando</strong></span> 
     </span>
    </p>
   </div>
   <div class='ocr_carea' id='block_1_48' title="bbox 377 3363 1942 3434">
    <p class='ocr_par' dir='ltr' id='par_1_48' title="bbox 377 3363 1942 3434">
     <span class='ocr_line' id='line_1_48' title="bbox 377 3363 1942 3434; baseline 0.004 -19"><span class='ocrx_word' id='word_1_355' title='bbox 377 3363 694 3418; x_wconf 82' lang='lat' dir='ltr'><strong>&#39;l‘ueoctisto</strong></span> <span class='ocrx_word' id='word_1_356' title='bbox 723 3365 776 3418; x_wconf 92' lang='lat' dir='ltr'><strong>in</strong></span> <span class='ocrx_word' id='word_1_357' title='bbox 812 3375 972 3418; x_wconf 90' lang='lat' dir='ltr'><strong>antro</strong></span> <span class='ocrx_word' id='word_1_358' title='bbox 1009 3365 1254 3434; x_wconf 87' lang='lat' dir='ltr'><strong>quodam</strong></span> <span class='ocrx_word' id='word_1_359' title='bbox 1281 3367 1502 3419; x_wconf 82' lang='lat' dir='ltr'><strong>virtutis</strong></span> <span class='ocrx_word' id='word_1_360' title='bbox 1533 3367 1726 3421; x_wconf 88' lang='lat' dir='ltr'><strong>statuit</strong></span> <span class='ocrx_word' id='word_1_361' title='bbox 1773 3366 1942 3422; x_wconf 79' lang='lat' dir='ltr'><strong>uilici-</strong></span> 
     </span>
    </p>
   </div>
   <div class='ocr_carea' id='block_1_49' title="bbox 331 3457 1950 3529">
    <p class='ocr_par' dir='ltr' id='par_1_49' title="bbox 331 3457 1950 3529">
     <span class='ocr_line' id='line_1_49' title="bbox 331 3457 1950 3529; baseline 0.003 -20"><span class='ocrx_word' id='word_1_362' title='bbox 331 3525 340 3529; x_wconf 92' lang='lat'><em>_</em></span> <span class='ocrx_word' id='word_1_363' title='bbox 377 3473 501 3510; x_wconf 80' lang='lat' dir='ltr'><strong>nam</strong></span> <span class='ocrx_word' id='word_1_364' title='bbox 535 3473 550 3510; x_wconf 91' lang='lat'><strong>:</strong></span> <span class='ocrx_word' id='word_1_365' title='bbox 587 3457 880 3527; x_wconf 79' lang='lat' dir='ltr'><strong>multisque</strong></span> <span class='ocrx_word' id='word_1_366' title='bbox 908 3467 964 3512; x_wconf 91' lang='lat' dir='ltr'><strong>et</strong></span> <span class='ocrx_word' id='word_1_367' title='bbox 991 3457 1156 3512; x_wconf 88' lang='lat' dir='ltr'><strong>variis</strong></span> <span class='ocrx_word' id='word_1_368' title='bbox 1178 3457 1350 3523; x_wconf 82' lang='lat' dir='ltr'><strong>cellis,</strong></span> <span class='ocrx_word' id='word_1_369' title='bbox 1383 3459 1676 3514; x_wconf 86' lang='lat' dir='ltr'><strong>sanctioris</strong></span> <span class='ocrx_word' id='word_1_370' title='bbox 1706 3459 1950 3528; x_wconf 82' lang='lat' dir='ltr'><strong>philoso-</strong></span> 
     </span>
    </p>
   </div>
   <div class='ocr_carea' id='block_1_50' title="bbox 380 3550 1951 3622">
    <p class='ocr_par' dir='ltr' id='par_1_50' title="bbox 380 3550 1951 3622">
     <span class='ocr_line' id='line_1_50' title="bbox 380 3550 1951 3622; baseline 0.003 -18"><span class='ocrx_word' id='word_1_371' title='bbox 380 3551 523 3618; x_wconf 65' lang='lat' dir='ltr'><strong>phiae</strong></span> <span class='ocrx_word' id='word_1_372' title='bbox 581 3550 758 3604; x_wconf 90' lang='lat' dir='ltr'><strong>mellis</strong></span> <span class='ocrx_word' id='word_1_373' title='bbox 803 3551 1041 3620; x_wconf 90' lang='lat' dir='ltr'><strong>stipandi</strong></span> <span class='ocrx_word' id='word_1_374' title='bbox 1101 3551 1275 3619; x_wconf 71' lang='lat' dir='ltr'><strong>gratia</strong></span> <span class='ocrx_word' id='word_1_375' title='bbox 1335 3552 1695 3617; x_wconf 88' lang='lat' dir='ltr'><strong>constructis,</strong></span> <span class='ocrx_word' id='word_1_376' title='bbox 1758 3553 1951 3622; x_wconf 77' lang='lat' dir='ltr'><strong>ingens</strong></span> 
     </span>
    </p>
   </div>
   <div class='ocr_carea' id='block_1_51' title="bbox 380 3642 1949 3700">
    <p class='ocr_par' dir='ltr' id='par_1_51' title="bbox 380 3642 1949 3700">
     <span class='ocr_line' id='line_1_51' title="bbox 380 3642 1949 3700; baseline 0.004 -7"><span class='ocrx_word' id='word_1_377' title='bbox 380 3642 628 3698; x_wconf 69' lang='lat' dir='ltr'><strong>condidit</strong></span> <span class='ocrx_word' id='word_1_378' title='bbox 671 3643 1088 3697; x_wconf 86' lang='lat' dir='ltr'><strong>monasterium.</strong></span> <span class='ocrx_word' id='word_1_379' title='bbox 1141 3644 1197 3697; x_wconf 92' lang='lat' dir='ltr'><strong>lu</strong></span> <span class='ocrx_word' id='word_1_380' title='bbox 1257 3653 1468 3698; x_wconf 89' lang='lat' dir='ltr'><strong>tantum</strong></span> <span class='ocrx_word' id='word_1_381' title='bbox 1512 3655 1696 3699; x_wconf 89' lang='lat' dir='ltr'><strong>autem</strong></span> <span class='ocrx_word' id='word_1_382' title='bbox 1747 3645 1949 3700; x_wconf 83' lang='lat' dir='ltr'><strong>virtute</strong></span> 
     </span>
    </p>
   </div>
   <div class='ocr_carea' id='block_1_52' title="bbox 377 3734 1945 3800">
    <p class='ocr_par' dir='ltr' id='par_1_52' title="bbox 377 3734 1945 3800">
     <span class='ocr_line' id='line_1_52' title="bbox 377 3734 1945 3800; baseline 0.004 -14"><span class='ocrx_word' id='word_1_383' title='bbox 377 3734 599 3798; x_wconf 90' lang='lat' dir='ltr'><strong>enituit,</strong></span> <span class='ocrx_word' id='word_1_384' title='bbox 637 3745 694 3787; x_wconf 93' lang='lat' dir='ltr'><strong>ut</strong></span> <span class='ocrx_word' id='word_1_385' title='bbox 727 3751 852 3788; x_wconf 91' lang='lat' dir='ltr'><strong>cum</strong></span> <span class='ocrx_word' id='word_1_386' title='bbox 885 3751 1060 3789; x_wconf 88' lang='lat' dir='ltr'><strong>canon</strong></span> <span class='ocrx_word' id='word_1_387' title='bbox 1094 3747 1258 3800; x_wconf 86' lang='lat' dir='ltr'><strong>esset,</strong></span> <span class='ocrx_word' id='word_1_388' title='bbox 1291 3745 1349 3792; x_wconf 89' lang='lat' dir='ltr'><strong>et</strong></span> <span class='ocrx_word' id='word_1_389' title='bbox 1408 3736 1651 3792; x_wconf 88' lang='lat' dir='ltr'><strong>formula</strong></span> <span class='ocrx_word' id='word_1_390' title='bbox 1710 3737 1945 3793; x_wconf 90' lang='lat' dir='ltr'><strong>instituti</strong></span> 
     </span>
    </p>
   </div>
   <div class='ocr_carea' id='block_1_53' title="bbox 383 3825 1947 3900">
    <p class='ocr_par' dir='ltr' id='par_1_53' title="bbox 383 3825 1947 3900">
     <span class='ocr_line' id='line_1_53' title="bbox 383 3825 1947 3900; baseline 0.004 -23"><span class='ocrx_word' id='word_1_391' title='bbox 383 3825 692 3887; x_wconf 78' lang='lat' dir='ltr'><strong>ttionastici,</strong></span> <span class='ocrx_word' id='word_1_392' title='bbox 719 3835 831 3880; x_wconf 88' lang='lat' dir='ltr'><strong>tum</strong></span> <span class='ocrx_word' id='word_1_393' title='bbox 859 3827 1136 3881; x_wconf 87' lang='lat' dir='ltr'><strong>miraculis</strong></span> <span class='ocrx_word' id='word_1_394' title='bbox 1163 3830 1327 3882; x_wconf 89' lang='lat' dir='ltr'><strong>etiam</strong></span> <span class='ocrx_word' id='word_1_395' title='bbox 1358 3829 1586 3884; x_wconf 85' lang='lat' dir='ltr'><strong>edendis</strong></span> <span class='ocrx_word' id='word_1_396' title='bbox 1619 3831 1947 3900; x_wconf 71' lang='lat' dir='ltr'><strong>praeclarum</strong></span> 
     </span>
    </p>
   </div>
   <div class='ocr_carea' id='block_1_54' title="bbox 380 3917 1952 3992">
    <p class='ocr_par' dir='ltr' id='par_1_54' title="bbox 380 3917 1952 3992">
     <span class='ocr_line' id='line_1_54' title="bbox 380 3917 1952 3992; baseline 0.007 -26"><span class='ocrx_word' id='word_1_397' title='bbox 380 3917 655 3970; x_wconf 89' lang='lat' dir='ltr'><strong>obtineret</strong></span> <span class='ocrx_word' id='word_1_398' title='bbox 694 3932 916 3972; x_wconf 89' lang='lat' dir='ltr'><strong>nomen.</strong></span> <span class='ocrx_word' id='word_1_399' title='bbox 951 3918 1082 3973; x_wconf 88' lang='lat' dir='ltr'><strong>Nam</strong></span> <span class='ocrx_word' id='word_1_400' title='bbox 1111 3921 1400 3975; x_wconf 87' lang='lat' dir='ltr'><strong>Persarum</strong></span> <span class='ocrx_word' id='word_1_401' title='bbox 1419 3923 1707 3992; x_wconf 86' lang='lat' dir='ltr'><strong>cujusdam</strong></span> <span class='ocrx_word' id='word_1_402' title='bbox 1741 3924 1952 3978; x_wconf 75' lang='lat' dir='ltr'><strong>tribuni</strong></span> 
     </span>
    </p>
   </div>
   <div class='ocr_carea' id='block_1_55' title="bbox 384 4006 1954 4077">
    <p class='ocr_par' dir='ltr' id='par_1_55' title="bbox 384 4006 1954 4077">
     <span class='ocr_line' id='line_1_55' title="bbox 384 4006 1954 4077; baseline 0.006 -19"><span class='ocrx_word' id='word_1_403' title='bbox 384 4006 556 4059; x_wconf 85' lang='lat' dir='ltr'><strong>lilium</strong></span> <span class='ocrx_word' id='word_1_404' title='bbox 599 4007 792 4061; x_wconf 84' lang='lat' dir='ltr'><strong>morbo</strong></span> <span class='ocrx_word' id='word_1_405' title='bbox 823 4008 1112 4063; x_wconf 88' lang='lat' dir='ltr'><strong>liberatum</strong></span> <span class='ocrx_word' id='word_1_406' title='bbox 1134 4011 1200 4064; x_wconf 82' lang='lat' dir='ltr'><strong>ad</strong></span> <span class='ocrx_word' id='word_1_407' title='bbox 1242 4012 1675 4067; x_wconf 89' lang='lat' dir='ltr'><strong>incolumitatem</strong></span> <span class='ocrx_word' id='word_1_408' title='bbox 1708 4013 1954 4077; x_wconf 76' lang='lat' dir='ltr'><strong>reduxit,</strong></span> 
     </span>
    </p>
   </div>
   <div class='ocr_carea' id='block_1_56' title="bbox 380 4097 1952 4170">
    <p class='ocr_par' dir='ltr' id='par_1_56' title="bbox 380 4097 1952 4170">
     <span class='ocr_line' id='line_1_56' title="bbox 380 4097 1952 4170; baseline 0.006 -20"><span class='ocrx_word' id='word_1_409' title='bbox 380 4105 439 4150; x_wconf 87' lang='lat' dir='ltr'><strong>ct</strong></span> <span class='ocrx_word' id='word_1_410' title='bbox 469 4097 591 4152; x_wconf 72' lang='lat' dir='ltr'><strong>caeli</strong></span> <span class='ocrx_word' id='word_1_411' title='bbox 629 4099 826 4168; x_wconf 86' lang='lat' dir='ltr'><strong>januas</strong></span> <span class='ocrx_word' id='word_1_412' title='bbox 856 4101 1098 4169; x_wconf 88' lang='lat' dir='ltr'><strong>aperuit,</strong></span> <span class='ocrx_word' id='word_1_413' title='bbox 1149 4112 1312 4170; x_wconf 86' lang='lat' dir='ltr'><strong>atque</strong></span> <span class='ocrx_word' id='word_1_414' title='bbox 1341 4104 1518 4156; x_wconf 72' lang='lat' dir='ltr'><strong>Sterili</strong></span> <span class='ocrx_word' id='word_1_415' title='bbox 1561 4113 1718 4158; x_wconf 75' lang='lat' dir='ltr'><strong>terra:</strong></span> <span class='ocrx_word' id='word_1_416' title='bbox 1755 4105 1952 4159; x_wconf 82' lang='lat' dir='ltr'><strong>fertili-</strong></span> 
     </span>
    </p>
   </div>
   <div class='ocr_carea' id='block_1_57' title="bbox 385 4188 1954 4263">
    <p class='ocr_par' dir='ltr' id='par_1_57' title="bbox 385 4188 1954 4263">
     <span class='ocr_line' id='line_1_57' title="bbox 385 4188 1954 4263; baseline 0.006 -22"><span class='ocrx_word' id='word_1_417' title='bbox 385 4197 548 4242; x_wconf 85' lang='lat' dir='ltr'><strong>tatem</strong></span> <span class='ocrx_word' id='word_1_418' title='bbox 580 4188 927 4245; x_wconf 81' lang='lat' dir='ltr'><strong>orationibus</strong></span> <span class='ocrx_word' id='word_1_419' title='bbox 966 4193 1300 4246; x_wconf 86' lang='lat' dir='ltr'><strong>conciliavit.</strong></span> <span class='ocrx_word' id='word_1_420' title='bbox 1341 4193 1534 4248; x_wconf 75' lang='lat' dir='ltr'><strong>Effecit</strong></span> <span class='ocrx_word' id='word_1_421' title='bbox 1560 4195 1724 4249; x_wconf 87' lang='lat' dir='ltr'><strong>etiam</strong></span> <span class='ocrx_word' id='word_1_422' title='bbox 1750 4238 1764 4263; x_wconf 74' lang='lat'><strong>,</strong></span> <span class='ocrx_word' id='word_1_423' title='bbox 1800 4205 1858 4249; x_wconf 89' lang='lat' dir='ltr'><strong>ttt</strong></span> <span class='ocrx_word' id='word_1_424' title='bbox 1888 4212 1954 4250; x_wconf 87' lang='lat' dir='ltr'><strong>ex</strong></span> 
     </span>
    </p>
   </div>
   <div class='ocr_carea' id='block_1_58' title="bbox 384 4280 1955 4353">
    <p class='ocr_par' dir='ltr' id='par_1_58' title="bbox 384 4280 1955 4353">
     <span class='ocr_line' id='line_1_58' title="bbox 384 4280 1955 4353; baseline 0.005 -22"><span class='ocrx_word' id='word_1_425' title='bbox 384 4281 727 4348; x_wconf 77' lang='lat' dir='ltr'><strong>paucissimis</strong></span> <span class='ocrx_word' id='word_1_426' title='bbox 757 4280 980 4350; x_wconf 88' lang='lat' dir='ltr'><strong>plurimi</strong></span> <span class='ocrx_word' id='word_1_427' title='bbox 1017 4298 1182 4351; x_wconf 82' lang='lat' dir='ltr'><strong>panes</strong></span> <span class='ocrx_word' id='word_1_428' title='bbox 1213 4282 1430 4349; x_wconf 64' lang='lat' dir='ltr'><strong>fierent,</strong></span> <span class='ocrx_word' id='word_1_429' title='bbox 1461 4285 1661 4353; x_wconf 85' lang='lat' dir='ltr'><strong>quibus</strong></span> <span class='ocrx_word' id='word_1_430' title='bbox 1693 4286 1955 4353; x_wconf 83' lang='lat' dir='ltr'><strong>quadrin-</strong></span> 
     </span>
    </p>
   </div>
   <div class='ocr_carea' id='block_1_59' title="bbox 292 4375 1958 4443">
    <p class='ocr_par' dir='ltr' id='par_1_59' title="bbox 292 4375 1958 4443">
     <span class='ocr_line' id='line_1_59' title="bbox 292 4375 1958 4443; baseline 0.005 -18"><span class='ocrx_word' id='word_1_431' title='bbox 292 4391 300 4401; x_wconf 58' lang='grc' dir='ltr'><strong>ε</strong></span> <span class='ocrx_word' id='word_1_432' title='bbox 382 4375 528 4443; x_wconf 71' lang='lat' dir='ltr'><strong>genti</strong></span> <span class='ocrx_word' id='word_1_433' title='bbox 561 4375 662 4429; x_wconf 87' lang='lat' dir='ltr'><strong>viri</strong></span> <span class='ocrx_word' id='word_1_434' title='bbox 699 4375 886 4431; x_wconf 88' lang='lat' dir='ltr'><strong>refecti</strong></span> <span class='ocrx_word' id='word_1_435' title='bbox 917 4387 1041 4431; x_wconf 90' lang='lat' dir='ltr'><strong>sunt</strong></span> <span class='ocrx_word' id='word_1_436' title='bbox 1072 4395 1085 4431; x_wconf 91' lang='lat'><strong>:</strong></span> <span class='ocrx_word' id='word_1_437' title='bbox 1124 4379 1388 4432; x_wconf 78' lang='lat' dir='ltr'><strong>mulieres</strong></span> <span class='ocrx_word' id='word_1_438' title='bbox 1421 4379 1640 4434; x_wconf 85' lang='lat' dir='ltr'><strong>steriles</strong></span> <span class='ocrx_word' id='word_1_439' title='bbox 1690 4379 1958 4434; x_wconf 87' lang='lat' dir='ltr'><strong>fecundas</strong></span> 
     </span>
    </p>
   </div>
   <div class='ocr_carea' id='block_1_60' title="bbox 383 4467 1958 4541">
    <p class='ocr_par' dir='ltr' id='par_1_60' title="bbox 383 4467 1958 4541">
     <span class='ocr_line' id='line_1_60' title="bbox 383 4467 1958 4541; baseline 0.004 -22"><span class='ocrx_word' id='word_1_440' title='bbox 383 4467 643 4522; x_wconf 86' lang='lat' dir='ltr'><strong>reddidit.</strong></span> <span class='ocrx_word' id='word_1_441' title='bbox 674 4468 808 4522; x_wconf 88' lang='lat' dir='ltr'><strong>Cum</strong></span> <span class='ocrx_word' id='word_1_442' title='bbox 851 4471 1020 4524; x_wconf 86' lang='lat' dir='ltr'><strong>sacris</strong></span> <span class='ocrx_word' id='word_1_443' title='bbox 1044 4471 1290 4541; x_wconf 86' lang='lat' dir='ltr'><strong>mysticis</strong></span> <span class='ocrx_word' id='word_1_444' title='bbox 1323 4483 1671 4540; x_wconf 89' lang='lat' dir='ltr'><strong>operaretur,</strong></span> <span class='ocrx_word' id='word_1_445' title='bbox 1705 4474 1797 4526; x_wconf 88' lang='lat' dir='ltr'><strong>lux</strong></span> <span class='ocrx_word' id='word_1_446' title='bbox 1847 4488 1958 4526; x_wconf 70' lang='lat' dir='ltr'><strong>coe-</strong></span> 
     </span>
    </p>
   </div>
   <div class='ocr_carea' id='block_1_61' title="bbox 384 4559 1952 4634">
    <p class='ocr_par' dir='ltr' id='par_1_61' title="bbox 384 4559 1952 4634">
     <span class='ocr_line' id='line_1_61' title="bbox 384 4559 1952 4634; baseline 0.004 -21"><span class='ocrx_word' id='word_1_447' title='bbox 384 4561 515 4614; x_wconf 75' lang='lat' dir='ltr'><strong>litus</strong></span> <span class='ocrx_word' id='word_1_448' title='bbox 532 4559 762 4628; x_wconf 88' lang='lat' dir='ltr'><strong>perinde</strong></span> <span class='ocrx_word' id='word_1_449' title='bbox 785 4569 949 4630; x_wconf 86' lang='lat' dir='ltr'><strong>atque</strong></span> <span class='ocrx_word' id='word_1_450' title='bbox 968 4562 1220 4616; x_wconf 89' lang='lat' dir='ltr'><strong>columna</strong></span> <span class='ocrx_word' id='word_1_451' title='bbox 1248 4563 1536 4634; x_wconf 71' lang='lat' dir='ltr'><strong>aﬂulgens,</strong></span> <span class='ocrx_word' id='word_1_452' title='bbox 1559 4580 1684 4618; x_wconf 90' lang='lat' dir='ltr'><strong>eum</strong></span> <span class='ocrx_word' id='word_1_453' title='bbox 1713 4567 1952 4619; x_wconf 86' lang='lat' dir='ltr'><strong>circum-</strong></span> 
     </span>
    </p>
   </div>
   <div class='ocr_carea' id='block_1_62' title="bbox 385 4652 1956 4727">
    <p class='ocr_par' dir='ltr' id='par_1_62' title="bbox 385 4652 1956 4727">
     <span class='ocr_line' id='line_1_62' title="bbox 385 4652 1956 4727; baseline 0.008 -27"><span class='ocrx_word' id='word_1_454' title='bbox 385 4652 536 4705; x_wconf 69' lang='lat' dir='ltr'><strong>dedit</strong></span> <span class='ocrx_word' id='word_1_455' title='bbox 567 4670 581 4705; x_wconf 90' lang='lat'><strong>:</strong></span> <span class='ocrx_word' id='word_1_456' title='bbox 619 4653 788 4706; x_wconf 86' lang='lat' dir='ltr'><strong>veluti</strong></span> <span class='ocrx_word' id='word_1_457' title='bbox 836 4669 971 4708; x_wconf 88' lang='lat' dir='ltr'><strong>voce</strong></span> <span class='ocrx_word' id='word_1_458' title='bbox 1003 4655 1229 4718; x_wconf 87' lang='lat' dir='ltr'><strong>emissa,</strong></span> <span class='ocrx_word' id='word_1_459' title='bbox 1291 4665 1497 4725; x_wconf 87' lang='lat' dir='ltr'><strong>quanta</strong></span> <span class='ocrx_word' id='word_1_460' title='bbox 1560 4659 1684 4710; x_wconf 67' lang='lat' dir='ltr'><strong>vitae</strong></span> <span class='ocrx_word' id='word_1_461' title='bbox 1717 4659 1956 4727; x_wconf 87' lang='lat' dir='ltr'><strong>puritate</strong></span> 
     </span>
    </p>
   </div>
   <div class='ocr_carea' id='block_1_63' title="bbox 384 4740 1958 4814">
    <p class='ocr_par' dir='ltr' id='par_1_63' title="bbox 384 4740 1958 4814">
     <span class='ocr_line' id='line_1_63' title="bbox 384 4740 1958 4814; baseline 0.006 -21"><span class='ocrx_word' id='word_1_462' title='bbox 384 4740 537 4795; x_wconf 75' lang='lat' dir='ltr'><strong>viris</strong></span> <span class='ocrx_word' id='word_1_463' title='bbox 569 4749 714 4795; x_wconf 89' lang='lat' dir='ltr'><strong>esset</strong></span> <span class='ocrx_word' id='word_1_464' title='bbox 745 4741 1014 4796; x_wconf 86' lang='lat' dir='ltr'><strong>indicans.</strong></span> <span class='ocrx_word' id='word_1_465' title='bbox 1043 4743 1106 4796; x_wconf 85' lang='lat' dir='ltr'><strong>Et</strong></span> <span class='ocrx_word' id='word_1_466' title='bbox 1141 4759 1252 4812; x_wconf 89' lang='lat' dir='ltr'><strong>quo</strong></span> <span class='ocrx_word' id='word_1_467' title='bbox 1281 4745 1515 4814; x_wconf 81' lang='lat' dir='ltr'><strong>quisque</strong></span> <span class='ocrx_word' id='word_1_468' title='bbox 1544 4763 1735 4801; x_wconf 88' lang='lat' dir='ltr'><strong>eorum</strong></span> <span class='ocrx_word' id='word_1_469' title='bbox 1767 4751 1958 4802; x_wconf 87' lang='lat' dir='ltr'><strong>animo</strong></span> 
     </span>
    </p>
   </div>
   <div class='ocr_carea' id='block_1_64' title="bbox 381 4833 1956 4907">
    <p class='ocr_par' dir='ltr' id='par_1_64' title="bbox 381 4833 1956 4907">
     <span class='ocr_line' id='line_1_64' title="bbox 381 4833 1956 4907; baseline 0.004 -21"><span class='ocrx_word' id='word_1_470' title='bbox 381 4846 548 4898; x_wconf 86' lang='lat' dir='ltr'><strong>esset,</strong></span> <span class='ocrx_word' id='word_1_471' title='bbox 580 4833 676 4903; x_wconf 85' lang='lat' dir='ltr'><strong>qui</strong></span> <span class='ocrx_word' id='word_1_472' title='bbox 715 4835 782 4888; x_wconf 85' lang='lat' dir='ltr'><strong>ad</strong></span> <span class='ocrx_word' id='word_1_473' title='bbox 818 4850 1032 4889; x_wconf 89' lang='lat' dir='ltr'><strong>sacram</strong></span> <span class='ocrx_word' id='word_1_474' title='bbox 1065 4837 1507 4890; x_wconf 87' lang='lat' dir='ltr'><strong>communionem</strong></span> <span class='ocrx_word' id='word_1_475' title='bbox 1547 4840 1956 4907; x_wconf 85' lang='lat' dir='ltr'><strong>percipiendam</strong></span> 
     </span>
    </p>
   </div>
   <div class='ocr_carea' id='block_1_65' title="bbox 381 4925 1959 4999">
    <p class='ocr_par' dir='ltr' id='par_1_65' title="bbox 381 4925 1959 4999">
     <span class='ocr_line' id='line_1_65' title="bbox 381 4925 1959 4999; baseline 0.004 -22"><span class='ocrx_word' id='word_1_476' title='bbox 381 4925 738 4990; x_wconf 86' lang='lat' dir='ltr'><strong>accedebant,</strong></span> <span class='ocrx_word' id='word_1_477' title='bbox 769 4942 867 4995; x_wconf 91' lang='lat' dir='ltr'><strong>per</strong></span> <span class='ocrx_word' id='word_1_478' title='bbox 895 4943 1150 4981; x_wconf 87' lang='lat' dir='ltr'><strong>arcanam</strong></span> <span class='ocrx_word' id='word_1_479' title='bbox 1209 4927 1601 4982; x_wconf 86' lang='lat' dir='ltr'><strong>revelationem</strong></span> <span class='ocrx_word' id='word_1_480' title='bbox 1658 4931 1959 4999; x_wconf 83' lang='lat' dir='ltr'><strong>perspicie-</strong></span> 
     </span>
    </p>
   </div>
   <div class='ocr_carea' id='block_1_66' title="bbox 386 5019 1959 5092">
    <p class='ocr_par' dir='ltr' id='par_1_66' title="bbox 386 5019 1959 5092">
     <span class='ocr_line' id='line_1_66' title="bbox 386 5019 1959 5092; baseline 0.004 -23"><span class='ocrx_word' id='word_1_481' title='bbox 386 5019 499 5082; x_wconf 84' lang='lat' dir='ltr'><strong>bat,</strong></span> <span class='ocrx_word' id='word_1_482' title='bbox 531 5020 676 5087; x_wconf 80' lang='lat' dir='ltr'><strong>quod</strong></span> <span class='ocrx_word' id='word_1_483' title='bbox 709 5020 1078 5073; x_wconf 90' lang='lat' dir='ltr'><strong>clarissimum</strong></span> <span class='ocrx_word' id='word_1_484' title='bbox 1132 5036 1360 5089; x_wconf 87' lang='lat' dir='ltr'><strong>prorsus</strong></span> <span class='ocrx_word' id='word_1_485' title='bbox 1417 5020 1798 5075; x_wconf 65' lang='lat' dir='ltr'><strong>sanctimoniae</strong></span> <span class='ocrx_word' id='word_1_486' title='bbox 1837 5026 1959 5092; x_wconf 82' lang='lat' dir='ltr'><strong>ejus</strong></span> 
     </span>
    </p>
   </div>
   <div class='ocr_carea' id='block_1_67' title="bbox 2651 2433 3042 2492">
    <p class='ocr_par' dir='ltr' id='par_1_67' title="bbox 2651 2433 3042 2492">
     <span class='ocr_line' id='line_1_67' title="bbox 2651 2433 3042 2492; baseline -0.01 0"><span class='ocrx_word' id='word_1_487' title='bbox 2651 2437 2904 2492; x_wconf 67' lang='grc' dir='ltr'><strong>ΚΕΦΛΔ.</strong></span> <span class='ocrx_word' id='word_1_488' title='bbox 2947 2433 3042 2489; x_wconf 86' lang='lat' dir='ltr'><strong>lB&#39;.</strong></span> 
     </span>
    </p>
   </div>
   <div class='ocr_carea' id='block_1_68' title="bbox 2048 2528 3618 2600">
    <p class='ocr_par' dir='ltr' id='par_1_68' title="bbox 2048 2528 3618 2600">
     <span class='ocr_line' id='line_1_68' title="bbox 2048 2528 3618 2600; baseline -0.002 -16"><span class='ocrx_word' id='word_1_489' title='bbox 2048 2532 2186 2600; x_wconf 71' lang='grc' dir='ltr'>Περὶ</span> <span class='ocrx_word' id='word_1_490' title='bbox 2222 2530 2328 2585; x_wconf 83' lang='grc' dir='ltr'>τοῦ</span> <span class='ocrx_word' id='word_1_491' title='bbox 2356 2531 2533 2597; x_wconf 76' lang='grc' dir='ltr'>ἁγίου</span> <span class='ocrx_word' id='word_1_492' title='bbox 2557 2528 2658 2600; x_wconf 53' lang='grc' dir='ltr'><strong>καί</strong></span> <span class='ocrx_word' id='word_1_493' title='bbox 2679 2531 2950 2598; x_wconf 63' lang='grc' dir='ltr'>μεγάλου</span> <span class='ocrx_word' id='word_1_494' title='bbox 3005 2532 3332 2599; x_wconf 81' lang='grc' dir='ltr'>Εὑθυμίου,</span> <span class='ocrx_word' id='word_1_495' title='bbox 3384 2529 3484 2582; x_wconf 75' lang='grc' dir='ltr'><strong>καί</strong></span> <span class='ocrx_word' id='word_1_496' title='bbox 3511 2528 3618 2582; x_wconf 67' lang='grc' dir='ltr'><strong>ἄλ·-</strong></span> 
     </span>
    </p>
   </div>
   <div class='ocr_carea' id='block_1_69' title="bbox 2242 2598 3413 2668">
    <p class='ocr_par' dir='ltr' id='par_1_69' title="bbox 2242 2598 3413 2668">
     <span class='ocr_line' id='line_1_69' title="bbox 2242 2598 3413 2668; baseline -0.001 -14"><span class='ocrx_word' id='word_1_497' title='bbox 2242 2604 2370 2654; x_wconf 70' lang='grc' dir='ltr'><strong>λων</strong></span> <span class='ocrx_word' id='word_1_498' title='bbox 2401 2598 2694 2668; x_wconf 68' lang='grc' dir='ltr'>θεοφιλῶς</span> <span class='ocrx_word' id='word_1_499' title='bbox 2725 2601 2833 2654; x_wconf 74' lang='grc' dir='ltr'><strong>τὸν</strong></span> <span class='ocrx_word' id='word_1_500' title='bbox 2855 2600 3000 2664; x_wconf 79' lang='grc' dir='ltr'>,βίον</span> <span class='ocrx_word' id='word_1_501' title='bbox 3020 2598 3413 2668; x_wconf 77' lang='grc' dir='ltr'>διηνὺκότων.</span> 
     </span>
    </p>
   </div>
   <div class='ocr_carea' id='block_1_70' title="bbox 2127 2715 3607 2785">
    <p class='ocr_par' dir='ltr' id='par_1_70' title="bbox 2127 2715 3607 2785">
     <span class='ocr_line' id='line_1_70' title="bbox 2127 2715 3607 2785; baseline -0.003 -15"><span class='ocrx_word' id='word_1_502' title='bbox 2127 2715 2253 2770; x_wconf 79' lang='grc' dir='ltr'><strong>Ἐπὶ</strong></span> <span class='ocrx_word' id='word_1_503' title='bbox 2285 2717 2340 2769; x_wconf 77' lang='grc' dir='ltr'>δὲ</span> <span class='ocrx_word' id='word_1_504' title='bbox 2373 2715 2472 2784; x_wconf 81' lang='grc' dir='ltr'>τῆς</span> <span class='ocrx_word' id='word_1_505' title='bbox 2498 2715 2670 2784; x_wconf 78' lang='grc' dir='ltr'>αὐτῆς</span> <span class='ocrx_word' id='word_1_506' title='bbox 2699 2715 2994 2785; x_wconf 76' lang='grc' dir='ltr'><strong>ἡγεμονίας</strong></span> <span class='ocrx_word' id='word_1_507' title='bbox 3029 2717 3127 2769; x_wconf 72' lang='grc' dir='ltr'>καὶ</span> <span class='ocrx_word' id='word_1_508' title='bbox 3155 2715 3431 2783; x_wconf 83' lang='grc' dir='ltr'>Εὐθύμιος</span> <span class='ocrx_word' id='word_1_509' title='bbox 3459 2716 3607 2767; x_wconf 79' lang='grc' dir='ltr'>ἐκεῖ·</span> 
     </span>
    </p>
   </div>
   <div class='ocr_carea' id='block_1_71' title="bbox 2046 2806 3618 2877">
    <p class='ocr_par' dir='ltr' id='par_1_71' title="bbox 2046 2806 3618 2877">
     <span class='ocr_line' id='line_1_71' title="bbox 2046 2806 3618 2877; baseline -0.004 -16"><span class='ocrx_word' id='word_1_510' title='bbox 2046 2825 2135 2871; x_wconf 88' lang='grc' dir='ltr'><strong>νος</strong></span> <span class='ocrx_word' id='word_1_511' title='bbox 2162 2810 2190 2861; x_wconf 80' lang='grc' dir='ltr'><strong><em>ὁ</em></strong></span> <span class='ocrx_word' id='word_1_512' title='bbox 2242 2807 2415 2877; x_wconf 76' lang='grc' dir='ltr'>μέγας</span> <span class='ocrx_word' id='word_1_513' title='bbox 2467 2808 2561 2860; x_wconf 79' lang='grc' dir='ltr'>καὶ</span> <span class='ocrx_word' id='word_1_514' title='bbox 2597 2807 2929 2876; x_wconf 80' lang='grc' dir='ltr'>περιϐόητος</span> <span class='ocrx_word' id='word_1_515' title='bbox 2978 2807 3080 2860; x_wconf 83' lang='grc' dir='ltr'><strong>ἀνὰ</strong></span> <span class='ocrx_word' id='word_1_516' title='bbox 3113 2807 3212 2876; x_wconf 74' lang='grc' dir='ltr'>τὴν</span> <span class='ocrx_word' id='word_1_517' title='bbox 3245 2806 3618 2872; x_wconf 81' lang='grc' dir='ltr'>Παλαιστίνην</span> 
     </span>
    </p>
   </div>
   <div class='ocr_carea' id='block_1_72' title="bbox 2046 2898 3617 2969">
    <p class='ocr_par' dir='ltr' id='par_1_72' title="bbox 2046 2898 3617 2969">
     <span class='ocr_line' id='line_1_72' title="bbox 2046 2898 3617 2969; baseline -0.001 -17"><span class='ocrx_word' id='word_1_518' title='bbox 2046 2899 2364 2969; x_wconf 76' lang='grc' dir='ltr'>διέλαμπενο</span> <span class='ocrx_word' id='word_1_519' title='bbox 2401 2899 2461 2963; x_wconf 81' lang='grc' dir='ltr'>ἐξ</span> <span class='ocrx_word' id='word_1_520' title='bbox 2496 2898 2831 2966; x_wconf 73' lang='grc' dir='ltr'>ἐπαγγελίας</span> <span class='ocrx_word' id='word_1_521' title='bbox 2875 2899 2974 2968; x_wconf 74' lang='grc' dir='ltr'>μὲν</span> <span class='ocrx_word' id='word_1_522' title='bbox 3026 2899 3436 2967; x_wconf 79' lang='grc' dir='ltr'>γεγεννημένος</span> <span class='ocrx_word' id='word_1_523' title='bbox 3475 2900 3617 2951; x_wconf 78' lang='grc' dir='ltr'>κατὰ</span> 
     </span>
    </p>
   </div>
   <div class='ocr_carea' id='block_1_73' title="bbox 2045 2991 3618 3072">
    <p class='ocr_par' dir='ltr' id='par_1_73' title="bbox 2045 2991 3618 3072">
     <span class='ocr_line' id='line_1_73' title="bbox 2045 2991 3618 3072; baseline -0.001 -26"><span class='ocrx_word' id='word_1_524' title='bbox 2045 2994 2172 3072; x_wconf 53' lang='lat' dir='ltr'><strong>tog;</strong></span> <span class='ocrx_word' id='word_1_525' title='bbox 2199 2993 2422 3064; x_wconf 76' lang='grc' dir='ltr'>χρόνους</span> <span class='ocrx_word' id='word_1_526' title='bbox 2454 2992 2782 3055; x_wconf 75' lang='grc' dir='ltr'><strong>Οὐάλεντος,</strong></span> <span class='ocrx_word' id='word_1_527' title='bbox 2827 2992 3063 3062; x_wconf 83' lang='grc' dir='ltr'>ὐτρηῖῳ</span> <span class='ocrx_word' id='word_1_528' title='bbox 3109 2991 3166 3044; x_wconf 69' lang='grc' dir='ltr'>δὲ</span> <span class='ocrx_word' id='word_1_529' title='bbox 3211 2992 3290 3060; x_wconf 79' lang='grc' dir='ltr'>τῷ</span> <span class='ocrx_word' id='word_1_530' title='bbox 3336 2991 3481 3045; x_wconf 78' lang='grc' dir='ltr'>πάνυ</span> <span class='ocrx_word' id='word_1_531' title='bbox 3525 2995 3618 3045; x_wconf 78' lang='grc' dir='ltr'>καὶ</span> 
     </span>
    </p>
   </div>
   <div class='ocr_carea' id='block_1_74' title="bbox 2061 3082 3617 3156">
    <p class='ocr_par' dir='ltr' id='par_1_74' title="bbox 2061 3082 3617 3156">
     <span class='ocr_line' id='line_1_74' title="bbox 2061 3082 3617 3156; baseline -0.001 -18"><span class='ocrx_word' id='word_1_532' title='bbox 2061 3085 2303 3156; x_wconf 79' lang='grc' dir='ltr'>Ἀκακίιρ</span> <span class='ocrx_word' id='word_1_533' title='bbox 2330 3086 2445 3147; x_wconf 87' lang='grc' dir='ltr'>τοῖς</span> <span class='ocrx_word' id='word_1_534' title='bbox 2474 3084 2573 3153; x_wconf 80' lang='grc' dir='ltr'>τῆς</span> <span class='ocrx_word' id='word_1_535' title='bbox 2605 3083 2912 3137; x_wconf 80' lang='grc' dir='ltr'>Μελιτινῶν</span> <span class='ocrx_word' id='word_1_536' title='bbox 2937 3082 3238 3151; x_wconf 75' lang='grc' dir='ltr'>ἐκκλησίας</span> <span class='ocrx_word' id='word_1_537' title='bbox 3259 3082 3428 3146; x_wconf 79' lang='grc' dir='ltr'>θείοις</span> <span class='ocrx_word' id='word_1_538' title='bbox 3446 3082 3617 3152; x_wconf 86' lang='grc' dir='ltr'>καθη-</span> 
     </span>
    </p>
   </div>
   <div class='ocr_carea' id='block_1_75' title="bbox 2048 3175 3616 3248">
    <p class='ocr_par' dir='ltr' id='par_1_75' title="bbox 2048 3175 3616 3248">
     <span class='ocr_line' id='line_1_75' title="bbox 2048 3175 3616 3248; baseline -0.003 -18"><span class='ocrx_word' id='word_1_539' title='bbox 2048 3179 2248 3248; x_wconf 81' lang='grc' dir='ltr'>γεμόσι</span> <span class='ocrx_word' id='word_1_540' title='bbox 2293 3178 2526 3246; x_wconf 78' lang='grc' dir='ltr'>τραφεὶς</span> <span class='ocrx_word' id='word_1_541' title='bbox 2575 3175 2744 3243; x_wconf 77' lang='grc' dir='ltr'>ἀξίως</span> <span class='ocrx_word' id='word_1_542' title='bbox 2782 3178 2877 3228; x_wconf 81' lang='grc' dir='ltr'><strong>καὶ</strong></span> <span class='ocrx_word' id='word_1_543' title='bbox 2934 3175 3188 3238; x_wconf 79' lang='grc' dir='ltr'>παιδείας</span> <span class='ocrx_word' id='word_1_544' title='bbox 3234 3175 3616 3246; x_wconf 83' lang='grc' dir='ltr'>μετειληχὼς⁶</span> 
     </span>
    </p>
   </div>
   <div class='ocr_carea' id='block_1_76' title="bbox 2049 3265 3619 3340">
    <p class='ocr_par' dir='ltr' id='par_1_76' title="bbox 2049 3265 3619 3340">
     <span class='ocr_line' id='line_1_76' title="bbox 2049 3265 3619 3340; baseline -0.004 -16"><span class='ocrx_word' id='word_1_545' title='bbox 2049 3268 2168 3324; x_wconf 77' lang='grc' dir='ltr'>εἶτα</span> <span class='ocrx_word' id='word_1_546' title='bbox 2194 3268 2294 3340; x_wconf 82' lang='grc' dir='ltr'><strong>τὴν</strong></span> <span class='ocrx_word' id='word_1_547' title='bbox 2327 3268 2422 3322; x_wconf 86' lang='grc' dir='ltr'>τοῦ</span> <span class='ocrx_word' id='word_1_548' title='bbox 2461 3267 2836 3338; x_wconf 81' lang='grc' dir='ltr'>πρεσϐυτέρου</span> <span class='ocrx_word' id='word_1_549' title='bbox 2865 3266 3084 3335; x_wconf 64' lang='grc' dir='ltr'>δέχεται</span> <span class='ocrx_word' id='word_1_550' title='bbox 3119 3265 3486 3336; x_wconf 86' lang='grc' dir='ltr'>χειροτονίαν,</span> <span class='ocrx_word' id='word_1_551' title='bbox 3522 3267 3619 3317; x_wconf 63' lang='grc' dir='ltr'><strong>καὶ⁵</strong></span> 
     </span>
    </p>
   </div>
   <div class='ocr_carea' id='block_1_77' title="bbox 2047 3357 3619 3432">
    <p class='ocr_par' dir='ltr' id='par_1_77' title="bbox 2047 3357 3619 3432">
     <span class='ocr_line' id='line_1_77' title="bbox 2047 3357 3619 3432; baseline -0.004 -15"><span class='ocrx_word' id='word_1_552' title='bbox 2047 3364 2157 3417; x_wconf 83' lang='grc' dir='ltr'><strong>τῶν</strong></span> <span class='ocrx_word' id='word_1_553' title='bbox 2185 3363 2347 3432; x_wconf 77' lang='grc' dir='ltr'>ἱερῶν</span> <span class='ocrx_word' id='word_1_554' title='bbox 2379 3360 2558 3432; x_wconf 84' lang='grc' dir='ltr'>μονῶν</span> <span class='ocrx_word' id='word_1_555' title='bbox 2577 3362 2676 3430; x_wconf 80' lang='grc' dir='ltr'><strong>την</strong></span> <span class='ocrx_word' id='word_1_556' title='bbox 2701 3359 3025 3428; x_wconf 73' lang='grc' dir='ltr'>ἐπιμέλειαν</span> <span class='ocrx_word' id='word_1_557' title='bbox 3044 3358 3364 3428; x_wconf 82' lang='grc' dir='ltr'>ἐκληροῦτο.</span> <span class='ocrx_word' id='word_1_558' title='bbox 3383 3357 3619 3413; x_wconf 79' lang='grc' dir='ltr'>Ἔπειτα</span> 
     </span>
    </p>
   </div>
   <div class='ocr_carea' id='block_1_78' title="bbox 2050 3448 3620 3522">
    <p class='ocr_par' dir='ltr' id='par_1_78' title="bbox 2050 3448 3620 3522">
     <span class='ocr_line' id='line_1_78' title="bbox 2050 3448 3620 3522; baseline -0.004 -13"><span class='ocrx_word' id='word_1_559' title='bbox 2050 3458 2193 3510; x_wconf 76' lang='grc' dir='ltr'>κατὰ</span> <span class='ocrx_word' id='word_1_560' title='bbox 2227 3454 2600 3522; x_wconf 81' lang='grc' dir='ltr'>Παλαιστίνην</span> <span class='ocrx_word' id='word_1_561' title='bbox 2623 3453 2942 3522; x_wconf 85' lang='grc' dir='ltr'>γενόμενος,</span> <span class='ocrx_word' id='word_1_562' title='bbox 2974 3451 3032 3504; x_wconf 72' lang='grc' dir='ltr'><strong>ἐν</strong></span> <span class='ocrx_word' id='word_1_563' title='bbox 3061 3467 3172 3504; x_wconf 84' lang='grc' dir='ltr'>τινι</span> <span class='ocrx_word' id='word_1_564' title='bbox 3210 3451 3468 3520; x_wconf 79' lang='grc' dir='ltr'>σπηλαίῳ</span> <span class='ocrx_word' id='word_1_565' title='bbox 3496 3448 3620 3502; x_wconf 87' lang='grc' dir='ltr'>σύν-</span> 
     </span>
    </p>
   </div>
   <div class='ocr_carea' id='block_1_79' title="bbox 2051 3545 3623 3619">
    <p class='ocr_par' dir='ltr' id='par_1_79' title="bbox 2051 3545 3623 3619">
     <span class='ocr_line' id='line_1_79' title="bbox 2051 3545 3623 3619; baseline -0.004 -17"><span class='ocrx_word' id='word_1_566' title='bbox 2051 3566 2166 3618; x_wconf 87' lang='grc' dir='ltr'><strong>αμα</strong></span> <span class='ocrx_word' id='word_1_567' title='bbox 2199 3548 2275 3619; x_wconf 80' lang='grc' dir='ltr'>τῷ</span> <span class='ocrx_word' id='word_1_568' title='bbox 2304 3545 2609 3617; x_wconf 80' lang='grc' dir='ltr'>θαυμαστῷ</span> <span class='ocrx_word' id='word_1_569' title='bbox 2637 3545 2949 3614; x_wconf 84' lang='grc' dir='ltr'>Θεοκτίστῳ</span> <span class='ocrx_word' id='word_1_570' title='bbox 2970 3545 3032 3596; x_wconf 78' lang='grc' dir='ltr'>τὸ</span> <span class='ocrx_word' id='word_1_571' title='bbox 3051 3545 3154 3614; x_wconf 82' lang='grc' dir='ltr'>τῆς</span> <span class='ocrx_word' id='word_1_572' title='bbox 3183 3545 3400 3615; x_wconf 71' lang='grc' dir='ltr'>ἀρετῆς</span> <span class='ocrx_word' id='word_1_573' title='bbox 3414 3545 3623 3612; x_wconf 81' lang='grc' dir='ltr'>πήγνυο</span> 
     </span>
    </p>
   </div>
   <div class='ocr_carea' id='block_1_80' title="bbox 2051 3636 3621 3714">
    <p class='ocr_par' dir='ltr' id='par_1_80' title="bbox 2051 3636 3621 3714">
     <span class='ocr_line' id='line_1_80' title="bbox 2051 3636 3621 3714; baseline -0.004 -22"><span class='ocrx_word' id='word_1_574' title='bbox 2051 3656 2140 3692; x_wconf 88' lang='grc' dir='ltr'><strong>ται</strong></span> <span class='ocrx_word' id='word_1_575' title='bbox 2171 3641 2556 3709; x_wconf 71' lang='grc' dir='ltr'>ἐργαστήριον,</span> <span class='ocrx_word' id='word_1_576' title='bbox 2593 3639 2689 3692; x_wconf 75' lang='grc' dir='ltr'>καὶ</span> <span class='ocrx_word' id='word_1_577' title='bbox 2724 3637 2786 3690; x_wconf 79' lang='grc' dir='ltr'>τὸ</span> <span class='ocrx_word' id='word_1_578' title='bbox 2824 3639 2921 3706; x_wconf 79' lang='grc' dir='ltr'>τῆς</span> <span class='ocrx_word' id='word_1_579' title='bbox 2953 3636 3276 3705; x_wconf 80' lang='grc' dir='ltr'>φιλοσοφίας</span> <span class='ocrx_word' id='word_1_580' title='bbox 3309 3637 3621 3714; x_wconf 81' lang='grc' dir='ltr'>ἐκπονεῖται</span> 
     </span>
    </p>
   </div>
   <div class='ocr_carea' id='block_1_81' title="bbox 2055 3727 3624 3801">
    <p class='ocr_par' dir='ltr' id='par_1_81' title="bbox 2055 3727 3624 3801">
     <span class='ocr_line' id='line_1_81' title="bbox 2055 3727 3624 3801; baseline -0.004 -17"><span class='ocrx_word' id='word_1_581' title='bbox 2055 3733 2152 3785; x_wconf 70' lang='grc' dir='ltr'><strong>σὺν</strong></span> <span class='ocrx_word' id='word_1_582' title='bbox 2183 3731 2378 3801; x_wconf 86' lang='grc' dir='ltr'>ἐκείνῳ</span> <span class='ocrx_word' id='word_1_583' title='bbox 2409 3731 2531 3800; x_wconf 79' lang='grc' dir='ltr'>μέλι</span> <span class='ocrx_word' id='word_1_584' title='bbox 2565 3731 2672 3782; x_wconf 75' lang='grc' dir='ltr'>ὑπὸ</span> <span class='ocrx_word' id='word_1_585' title='bbox 2701 3729 2916 3790; x_wconf 84' lang='grc' dir='ltr'>πολλοῖς</span> <span class='ocrx_word' id='word_1_586' title='bbox 2939 3728 3034 3780; x_wconf 78' lang='grc' dir='ltr'>καὶ</span> <span class='ocrx_word' id='word_1_587' title='bbox 3064 3727 3344 3797; x_wconf 74' lang='grc' dir='ltr'>διαφόροις</span> <span class='ocrx_word' id='word_1_588' title='bbox 3374 3742 3624 3793; x_wconf 83' lang='grc' dir='ltr'>καταγω-</span> 
     </span>
    </p>
   </div>
   <div class='ocr_carea' id='block_1_82' title="bbox 2053 3819 3624 3892">
    <p class='ocr_par' dir='ltr' id='par_1_82' title="bbox 2053 3819 3624 3892">
     <span class='ocr_line' id='line_1_82' title="bbox 2053 3819 3624 3892; baseline -0.004 -15"><span class='ocrx_word' id='word_1_589' title='bbox 2053 3825 2216 3891; x_wconf 76' lang='grc' dir='ltr'>γίοις⁴</span> <span class='ocrx_word' id='word_1_590' title='bbox 2250 3824 2341 3876; x_wconf 76' lang='grc' dir='ltr'>καὶ</span> <span class='ocrx_word' id='word_1_591' title='bbox 2385 3823 2596 3892; x_wconf 84' lang='grc' dir='ltr'>λαύραν</span> <span class='ocrx_word' id='word_1_592' title='bbox 2640 3820 3002 3892; x_wconf 73' lang='grc' dir='ltr'>ὑπερμεγέθη</span> <span class='ocrx_word' id='word_1_593' title='bbox 3038 3820 3346 3890; x_wconf 74' lang='grc' dir='ltr'><strong>συνίστησι⁹</strong></span> <span class='ocrx_word' id='word_1_594' title='bbox 3391 3819 3486 3872; x_wconf 73' lang='grc' dir='ltr'>καὶ</span> <span class='ocrx_word' id='word_1_595' title='bbox 3530 3819 3624 3870; x_wconf 63' lang='lat' dir='ltr'><strong>sui.</strong></span> 
     </span>
    </p>
   </div>
   <div class='ocr_carea' id='block_1_83' title="bbox 2053 3895 3625 3984">
    <p class='ocr_par' dir='ltr' id='par_1_83' title="bbox 2053 3895 3625 3984">
     <span class='ocr_line' id='line_1_83' title="bbox 2053 3895 3625 3984; baseline -0.004 -15"><span class='ocrx_word' id='word_1_596' title='bbox 2053 3916 2212 3969; x_wconf 84' lang='grc' dir='ltr'>τόσον</span> <span class='ocrx_word' id='word_1_597' title='bbox 2242 3913 2530 3984; x_wconf 80' lang='grc' dir='ltr'>προελθεῖν</span> <span class='ocrx_word' id='word_1_598' title='bbox 2559 3895 2785 3984; x_wconf 77' lang='grc' dir='ltr'>ἀρετῆς,</span> <span class='ocrx_word' id='word_1_599' title='bbox 2813 3915 2887 3976; x_wconf 85' lang='grc' dir='ltr'>ὡς</span> <span class='ocrx_word' id='word_1_600' title='bbox 2911 3913 3116 3965; x_wconf 81' lang='grc' dir='ltr'>κανόνα</span> <span class='ocrx_word' id='word_1_601' title='bbox 3145 3913 3240 3965; x_wconf 74' lang='grc' dir='ltr'>καὶ</span> <span class='ocrx_word' id='word_1_602' title='bbox 3267 3913 3441 3964; x_wconf 88' lang='grc' dir='ltr'>τύπον</span> <span class='ocrx_word' id='word_1_603' title='bbox 3472 3911 3625 3979; x_wconf 81' lang='grc' dir='ltr'>γενέ-</span> 
     </span>
    </p>
   </div>
   <div class='ocr_carea' id='block_1_84' title="bbox 2057 4001 3696 4076">
    <p class='ocr_par' dir='ltr' id='par_1_84' title="bbox 2057 4001 3696 4076">
     <span class='ocr_line' id='line_1_84' title="bbox 2057 4001 3696 4076; baseline -0.004 -15"><span class='ocrx_word' id='word_1_604' title='bbox 2057 4007 2180 4061; x_wconf 83' lang='grc' dir='ltr'>σθαι</span> <span class='ocrx_word' id='word_1_605' title='bbox 2211 4007 2306 4059; x_wconf 79' lang='grc' dir='ltr'>τὸν</span> <span class='ocrx_word' id='word_1_606' title='bbox 2332 4006 2449 4076; x_wconf 79' lang='grc' dir='ltr'>βίον</span> <span class='ocrx_word' id='word_1_607' title='bbox 2484 4006 2786 4076; x_wconf 82' lang='grc' dir='ltr'>μοναδικῆς</span> <span class='ocrx_word' id='word_1_608' title='bbox 2822 4005 3230 4066; x_wconf 59' lang='grc' dir='ltr'>καταστάσεως</span> <span class='ocrx_word' id='word_1_609' title='bbox 3266 4005 3546 4074; x_wconf 79' lang='grc' dir='ltr'>περιφανῆ</span> <span class='ocrx_word' id='word_1_610' title='bbox 3568 4001 3625 4054; x_wconf 73' lang='grc' dir='ltr'><strong>ὁὶ</strong></span> <span class='ocrx_word' id='word_1_611' title='bbox 3692 4071 3696 4074; x_wconf 26' lang='grc' dir='ltr'><strong><em>π</em></strong></span> 
     </span>
    </p>
   </div>
   <div class='ocr_carea' id='block_1_85' title="bbox 2053 4094 3624 4169">
    <p class='ocr_par' dir='ltr' id='par_1_85' title="bbox 2053 4094 3624 4169">
     <span class='ocr_line' id='line_1_85' title="bbox 2053 4094 3624 4169; baseline -0.004 -17"><span class='ocrx_word' id='word_1_612' title='bbox 2053 4098 2309 4169; x_wconf 78' lang='grc' dir='ltr'>γενέσθαι</span> <span class='ocrx_word' id='word_1_613' title='bbox 2348 4101 2461 4161; x_wconf 87' lang='grc' dir='ltr'>τοῖς</span> <span class='ocrx_word' id='word_1_614' title='bbox 2497 4098 2766 4167; x_wconf 86' lang='grc' dir='ltr'>θαύμασι.</span> <span class='ocrx_word' id='word_1_615' title='bbox 2797 4098 2905 4150; x_wconf 81' lang='grc' dir='ltr'>Τοῦ</span> <span class='ocrx_word' id='word_1_616' title='bbox 2941 4097 3052 4166; x_wconf 73' lang='grc' dir='ltr'><strong>γὰρ</strong></span> <span class='ocrx_word' id='word_1_617' title='bbox 3087 4097 3314 4165; x_wconf 82' lang='grc' dir='ltr'>Περσῶν</span> <span class='ocrx_word' id='word_1_618' title='bbox 3346 4094 3624 4165; x_wconf 78' lang='grc' dir='ltr'>φυλάρχου</span> 
     </span>
    </p>
   </div>
   <div class='ocr_carea' id='block_1_86' title="bbox 2055 4185 3623 4262">
    <p class='ocr_par' dir='ltr' id='par_1_86' title="bbox 2055 4185 3623 4262">
     <span class='ocr_line' id='line_1_86' title="bbox 2055 4185 3623 4262; baseline -0.004 -18"><span class='ocrx_word' id='word_1_619' title='bbox 2055 4193 2146 4244; x_wconf 72' lang='grc' dir='ltr'><strong>τδν</strong></span> <span class='ocrx_word' id='word_1_620' title='bbox 2182 4191 2345 4244; x_wconf 80' lang='grc' dir='ltr'>παῖδα</span> <span class='ocrx_word' id='word_1_621' title='bbox 2377 4192 2648 4262; x_wconf 78' lang='grc' dir='ltr'>ἀρτιμελῆ</span> <span class='ocrx_word' id='word_1_622' title='bbox 2683 4191 2779 4243; x_wconf 58' lang='grc' dir='ltr'><strong>κοιλ⁵</strong></span> <span class='ocrx_word' id='word_1_623' title='bbox 2825 4191 2964 4243; x_wconf 84' lang='grc' dir='ltr'>σῶον</span> <span class='ocrx_word' id='word_1_624' title='bbox 2995 4189 3230 4255; x_wconf 79' lang='grc' dir='ltr'>ἐδείκνυ,</span> <span class='ocrx_word' id='word_1_625' title='bbox 3269 4189 3360 4242; x_wconf 74' lang='grc' dir='ltr'>καὶ</span> <span class='ocrx_word' id='word_1_626' title='bbox 3393 4187 3493 4248; x_wconf 76' lang='grc' dir='ltr'><strong>τὰς</strong></span> <span class='ocrx_word' id='word_1_627' title='bbox 3529 4185 3623 4238; x_wconf 73' lang='grc' dir='ltr'>τοῦ</span> 
     </span>
    </p>
   </div>
   <div class='ocr_carea' id='block_1_87' title="bbox 2056 4279 3629 4354">
    <p class='ocr_par' dir='ltr' id='par_1_87' title="bbox 2056 4279 3629 4354">
     <span class='ocr_line' id='line_1_87' title="bbox 2056 4279 3629 4354; baseline -0.006 -17"><span class='ocrx_word' id='word_1_628' title='bbox 2056 4285 2290 4354; x_wconf 81' lang='grc' dir='ltr'>ούρανοῦ</span> <span class='ocrx_word' id='word_1_629' title='bbox 2321 4283 2492 4354; x_wconf 85' lang='grc' dir='ltr'>θύρας</span> <span class='ocrx_word' id='word_1_630' title='bbox 2532 4284 2760 4354; x_wconf 77' lang='grc' dir='ltr'>ἀνέῳξε,</span> <span class='ocrx_word' id='word_1_631' title='bbox 2801 4283 2897 4335; x_wconf 58' lang='grc' dir='ltr'><strong>καὶ⁵</strong></span> <span class='ocrx_word' id='word_1_632' title='bbox 2927 4283 3154 4350; x_wconf 87' lang='grc' dir='ltr'>γόνιμον</span> <span class='ocrx_word' id='word_1_633' title='bbox 3179 4280 3278 4351; x_wconf 81' lang='grc' dir='ltr'>τὴν</span> <span class='ocrx_word' id='word_1_634' title='bbox 3317 4280 3422 4350; x_wconf 82' lang='grc' dir='ltr'>γῆν</span> <span class='ocrx_word' id='word_1_635' title='bbox 3447 4279 3629 4347; x_wconf 80' lang='grc' dir='ltr'>ἀκαρ-</span> 
     </span>
    </p>
   </div>
   <div class='ocr_carea' id='block_1_88' title="bbox 2057 4371 3628 4447">
    <p class='ocr_par' dir='ltr' id='par_1_88' title="bbox 2057 4371 3628 4447">
     <span class='ocr_line' id='line_1_88' title="bbox 2057 4371 3628 4447; baseline -0.006 -17"><span class='ocrx_word' id='word_1_636' title='bbox 2057 4378 2188 4431; x_wconf 88' lang='grc' dir='ltr'>πίαν</span> <span class='ocrx_word' id='word_1_637' title='bbox 2212 4377 2480 4433; x_wconf 75' lang='grc' dir='ltr'>νοσοῦσαν</span> <span class='ocrx_word' id='word_1_638' title='bbox 2514 4379 2972 4447; x_wconf 73' lang='grc' dir='ltr'>παρεσκευάσατο</span> <span class='ocrx_word' id='word_1_639' title='bbox 3016 4377 3139 4437; x_wconf 85' lang='grc' dir='ltr'>ταῖς</span> <span class='ocrx_word' id='word_1_640' title='bbox 3171 4373 3377 4442; x_wconf 77' lang='grc' dir='ltr'>εὐχαῖς.</span> <span class='ocrx_word' id='word_1_641' title='bbox 3415 4371 3628 4440; x_wconf 79' lang='grc' dir='ltr'>Πλῆθος</span> 
     </span>
    </p>
   </div>
   <div class='ocr_carea' id='block_1_89' title="bbox 2057 4461 3624 4539">
    <p class='ocr_par' dir='ltr' id='par_1_89' title="bbox 2057 4461 3624 4539">
     <span class='ocr_line' id='line_1_89' title="bbox 2057 4461 3624 4539; baseline -0.006 -17"><span class='ocrx_word' id='word_1_642' title='bbox 2057 4471 2111 4522; x_wconf 87' lang='grc' dir='ltr'><strong>δέ</strong></span> <span class='ocrx_word' id='word_1_643' title='bbox 2145 4471 2322 4539; x_wconf 77' lang='grc' dir='ltr'>ἄρτων</span> <span class='ocrx_word' id='word_1_644' title='bbox 2355 4473 2417 4522; x_wconf 87' lang='grc' dir='ltr'><strong>ἐκ</strong></span> <span class='ocrx_word' id='word_1_645' title='bbox 2465 4470 2606 4522; x_wconf 77' lang='grc' dir='ltr'>πάνυ</span> <span class='ocrx_word' id='word_1_646' title='bbox 2665 4466 3026 4538; x_wconf 80' lang='grc' dir='ltr'>βραχυτάτων</span> <span class='ocrx_word' id='word_1_647' title='bbox 3059 4465 3312 4534; x_wconf 80' lang='grc' dir='ltr'>πηγάσαι</span> <span class='ocrx_word' id='word_1_648' title='bbox 3346 4461 3624 4530; x_wconf 74' lang='grc' dir='ltr'>ἐποίησεν,</span> 
     </span>
    </p>
   </div>
   <div class='ocr_carea' id='block_1_90' title="bbox 2059 4555 3628 4633">
    <p class='ocr_par' dir='ltr' id='par_1_90' title="bbox 2059 4555 3628 4633">
     <span class='ocr_line' id='line_1_90' title="bbox 2059 4555 3628 4633; baseline -0.005 -17"><span class='ocrx_word' id='word_1_649' title='bbox 2059 4563 2118 4622; x_wconf 73' lang='grc' dir='ltr'>ἐξ</span> <span class='ocrx_word' id='word_1_650' title='bbox 2165 4557 2240 4616; x_wconf 84' lang='grc' dir='ltr'>ὧν</span> <span class='ocrx_word' id='word_1_651' title='bbox 2277 4563 2374 4616; x_wconf 74' lang='grc' dir='ltr'><strong>καλ</strong></span> <span class='ocrx_word' id='word_1_652' title='bbox 2415 4561 2765 4633; x_wconf 85' lang='grc' dir='ltr'>τετρακόσιοι</span> <span class='ocrx_word' id='word_1_653' title='bbox 2794 4559 2988 4628; x_wconf 75' lang='grc' dir='ltr'>ἄνδρες</span> <span class='ocrx_word' id='word_1_654' title='bbox 3035 4559 3378 4628; x_wconf 77' lang='grc' dir='ltr'>ἐτράφησαν·</span> <span class='ocrx_word' id='word_1_655' title='bbox 3411 4555 3628 4623; x_wconf 80' lang='grc' dir='ltr'>γυναιξὶ</span> 
     </span>
    </p>
   </div>
   <div class='ocr_carea' id='block_1_91' title="bbox 2057 4647 3626 4724">
    <p class='ocr_par' dir='ltr' id='par_1_91' title="bbox 2057 4647 3626 4724">
     <span class='ocr_line' id='line_1_91' title="bbox 2057 4647 3626 4724; baseline -0.004 -17"><span class='ocrx_word' id='word_1_656' title='bbox 2057 4655 2100 4707; x_wconf 86' lang='grc' dir='ltr'>δ’</span> <span class='ocrx_word' id='word_1_657' title='bbox 2135 4654 2561 4724; x_wconf 77' lang='grc' dir='ltr'>ἐστειρωμέναις</span> <span class='ocrx_word' id='word_1_658' title='bbox 2595 4654 2693 4716; x_wconf 78' lang='grc' dir='ltr'>τὰς</span> <span class='ocrx_word' id='word_1_659' title='bbox 2732 4652 2951 4722; x_wconf 84' lang='grc' dir='ltr'>μήτρας</span> <span class='ocrx_word' id='word_1_660' title='bbox 2980 4649 3342 4711; x_wconf 76' lang='grc' dir='ltr'>εὐτεκνούςας</span> <span class='ocrx_word' id='word_1_661' title='bbox 3371 4647 3626 4701; x_wconf 80' lang='grc' dir='ltr'>καθίστα.</span> 
     </span>
    </p>
   </div>
   <div class='ocr_carea' id='block_1_92' title="bbox 2059 4739 3629 4818">
    <p class='ocr_par' dir='ltr' id='par_1_92' title="bbox 2059 4739 3629 4818">
     <span class='ocr_line' id='line_1_92' title="bbox 2059 4739 3629 4818; baseline -0.006 -19"><span class='ocrx_word' id='word_1_662' title='bbox 2059 4747 2170 4818; x_wconf 81' lang='grc' dir='ltr'><strong>Τὴν</strong></span> <span class='ocrx_word' id='word_1_663' title='bbox 2201 4747 2245 4799; x_wconf 81' lang='grc' dir='ltr'>δ’</span> <span class='ocrx_word' id='word_1_664' title='bbox 2279 4747 2432 4816; x_wconf 77' lang='grc' dir='ltr'>ἱερὰν</span> <span class='ocrx_word' id='word_1_665' title='bbox 2463 4744 2842 4806; x_wconf 73' lang='grc' dir='ltr'>ἐπιτελοῦντος</span> <span class='ocrx_word' id='word_1_666' title='bbox 2877 4741 3294 4813; x_wconf 78' lang='grc' dir='ltr'>μυσταγωγίαν,</span> <span class='ocrx_word' id='word_1_667' title='bbox 3319 4741 3435 4808; x_wconf 81' lang='grc' dir='ltr'><strong>φῶς</strong></span> <span class='ocrx_word' id='word_1_668' title='bbox 3470 4739 3629 4808; x_wconf 82' lang='grc' dir='ltr'>οὐρα-</span> 
     </span>
    </p>
   </div>
   <div class='ocr_carea' id='block_1_93' title="bbox 2059 4830 3629 4907">
    <p class='ocr_par' dir='ltr' id='par_1_93' title="bbox 2059 4830 3629 4907">
     <span class='ocr_line' id='line_1_93' title="bbox 2059 4830 3629 4907; baseline -0.009 -12"><span class='ocrx_word' id='word_1_669' title='bbox 2059 4841 2210 4895; x_wconf 83' lang='grc' dir='ltr'>νόθεν</span> <span class='ocrx_word' id='word_1_670' title='bbox 2234 4835 2432 4907; x_wconf 76' lang='grc' dir='ltr'>οἷάπερ</span> <span class='ocrx_word' id='word_1_671' title='bbox 2465 4838 2658 4900; x_wconf 76' lang='grc' dir='ltr'>στῦλος</span> <span class='ocrx_word' id='word_1_672' title='bbox 2699 4835 3044 4906; x_wconf 79' lang='grc' dir='ltr'>περιλάμπον</span> <span class='ocrx_word' id='word_1_673' title='bbox 3093 4833 3178 4885; x_wconf 87' lang='grc' dir='ltr'>ἐπ’</span> <span class='ocrx_word' id='word_1_674' title='bbox 3213 4833 3378 4886; x_wconf 77' lang='grc' dir='ltr'>αὑτὸν</span> <span class='ocrx_word' id='word_1_675' title='bbox 3411 4830 3629 4884; x_wconf 81' lang='grc' dir='ltr'>καθεῖτο</span> 
     </span>
    </p>
   </div>
   <div class='ocr_carea' id='block_1_94' title="bbox 2062 4919 3628 5000">
    <p class='ocr_par' dir='ltr' id='par_1_94' title="bbox 2062 4919 3628 5000">
     <span class='ocr_line' id='line_1_94' title="bbox 2062 4919 3628 5000; baseline -0.006 -18"><span class='ocrx_word' id='word_1_676' title='bbox 2062 4931 2486 5000; x_wconf 82' lang='grc' dir='ltr'>συμπαρεστὼς·</span> <span class='ocrx_word' id='word_1_677' title='bbox 2525 4931 2618 4982; x_wconf 72' lang='grc' dir='ltr'>καὶ</span> <span class='ocrx_word' id='word_1_678' title='bbox 2647 4929 2812 4982; x_wconf 72' lang='grc' dir='ltr'>οἱονεὶ</span> <span class='ocrx_word' id='word_1_679' title='bbox 2843 4927 3029 4996; x_wconf 77' lang='grc' dir='ltr'>φωνὴν</span> <span class='ocrx_word' id='word_1_680' title='bbox 3057 4925 3262 4993; x_wconf 75' lang='grc' dir='ltr'>ἀφιεὶς,</span> <span class='ocrx_word' id='word_1_681' title='bbox 3295 4919 3406 4984; x_wconf 75' lang='grc' dir='ltr'>οἷος</span> <span class='ocrx_word' id='word_1_682' title='bbox 3441 4925 3510 4992; x_wconf 77' lang='grc' dir='ltr'>τῇ</span> <span class='ocrx_word' id='word_1_683' title='bbox 3533 4921 3628 4975; x_wconf 77' lang='grc' dir='ltr'>τοῦ</span> 
     </span>
    </p>
   </div>
   <div class='ocr_carea' id='block_1_95' title="bbox 2063 5014 3629 5092">
    <p class='ocr_par' dir='ltr' id='par_1_95' title="bbox 2063 5014 3629 5092">
     <span class='ocr_line' id='line_1_95' title="bbox 2063 5014 3629 5092; baseline -0.006 -21"><span class='ocrx_word' id='word_1_684' title='bbox 2063 5022 2177 5092; x_wconf 77' lang='grc' dir='ltr'><strong>βίου</strong></span> <span class='ocrx_word' id='word_1_685' title='bbox 2211 5020 2563 5090; x_wconf 82' lang='grc' dir='ltr'>λαμπρότητι</span> <span class='ocrx_word' id='word_1_686' title='bbox 2618 5021 2646 5072; x_wconf 81' lang='grc' dir='ltr'><strong>ὁ</strong></span> <span class='ocrx_word' id='word_1_687' title='bbox 2697 5019 2857 5088; x_wconf 76' lang='grc' dir='ltr'>ἀνήρ’</span> <span class='ocrx_word' id='word_1_688' title='bbox 2896 5017 2991 5070; x_wconf 76' lang='grc' dir='ltr'>καὶ</span> <span class='ocrx_word' id='word_1_689' title='bbox 3039 5015 3150 5067; x_wconf 84' lang='grc' dir='ltr'><strong>τῶν</strong></span> <span class='ocrx_word' id='word_1_690' title='bbox 3195 5014 3534 5082; x_wconf 78' lang='grc' dir='ltr'>προσιόντων</span> <span class='ocrx_word' id='word_1_691' title='bbox 3563 5014 3629 5080; x_wconf 84' lang='grc' dir='ltr'>τῇ</span> 
     </span>
    </p>
   </div>
   <div class='ocr_carea' id='block_1_96' title="bbox 382 5103 1948 5190">
    <p class='ocr_par' dir='ltr' id='par_1_96' title="bbox 382 5103 1948 5178">
     <span class='ocr_line' id='line_1_96' title="bbox 382 5103 1948 5178; baseline 0.003 -15"><span class='ocrx_word' id='word_1_692' title='bbox 382 5127 613 5166; x_wconf 67' lang='lat' dir='ltr'><strong>summa:</strong></span> <span class='ocrx_word' id='word_1_693' title='bbox 645 5111 907 5168; x_wconf 90' lang='lat' dir='ltr'><strong>indicium</strong></span> <span class='ocrx_word' id='word_1_694' title='bbox 939 5112 1062 5167; x_wconf 88' lang='lat' dir='ltr'><strong>fttit.</strong></span> <span class='ocrx_word' id='word_1_695' title='bbox 1109 5113 1363 5178; x_wconf 74' lang='lat' dir='ltr'><strong>Migravit</strong></span> <span class='ocrx_word' id='word_1_696' title='bbox 1405 5103 1588 5168; x_wconf 89' lang='lat' dir='ltr'><strong>autem</strong></span> <span class='ocrx_word' id='word_1_697' title='bbox 1618 5115 1704 5167; x_wconf 85' lang='lat' dir='ltr'><strong>vir</strong></span> <span class='ocrx_word' id='word_1_698' title='bbox 1764 5115 1948 5168; x_wconf 72' lang='lat' dir='ltr'><strong>beatus</strong></span> 
     </span>
    </p>
   </div>
   <div class='ocr_carea' id='block_1_97' title="bbox 2052 5103 3633 5190">
    <p class='ocr_par' dir='ltr' id='par_1_97' title="bbox 2066 5103 3633 5184">
     <span class='ocr_line' id='line_1_97' title="bbox 2066 5103 3633 5184; baseline -0.007 -20"><span class='ocrx_word' id='word_1_699' title='bbox 2066 5113 2187 5184; x_wconf 78' lang='grc' dir='ltr'>θείᾳ</span> <span class='ocrx_word' id='word_1_700' title='bbox 2243 5111 2498 5180; x_wconf 77' lang='grc' dir='ltr'>κοινωνίᾳ</span> <span class='ocrx_word' id='word_1_701' title='bbox 2537 5105 2650 5173; x_wconf 73' lang='grc' dir='ltr'>οἷος</span> <span class='ocrx_word' id='word_1_702' title='bbox 2701 5109 2936 5171; x_wconf 79' lang='grc' dir='ltr'>ῑκαστος</span> <span class='ocrx_word' id='word_1_703' title='bbox 2992 5105 3090 5176; x_wconf 83' lang='grc' dir='ltr'>τὴν</span> <span class='ocrx_word' id='word_1_704' title='bbox 3140 5105 3380 5158; x_wconf 82' lang='grc' dir='ltr'>διάθεσιν</span> <span class='ocrx_word' id='word_1_705' title='bbox 3429 5103 3633 5172; x_wconf 84' lang='grc' dir='ltr'>νοερῶς</span> 
     </span>
    </p>
   </div>
   <div class='ocr_carea' id='block_1_98' title="bbox 279 5203 1958 5275">
    <p class='ocr_par' dir='ltr' id='par_1_98' title="bbox 279 5203 1958 5275">
     <span class='ocr_line' id='line_1_98' title="bbox 279 5203 1958 5275; baseline 0.003 -18"><span class='ocrx_word' id='word_1_706' title='bbox 279 5217 286 5223; x_wconf 85' lang='grc'><strong>·</strong></span> <span class='ocrx_word' id='word_1_707' title='bbox 383 5203 452 5258; x_wconf 83' lang='lat' dir='ltr'><strong>ad</strong></span> <span class='ocrx_word' id='word_1_708' title='bbox 486 5205 798 5269; x_wconf 89' lang='lat' dir='ltr'><strong>Dominum,</strong></span> <span class='ocrx_word' id='word_1_709' title='bbox 861 5221 986 5260; x_wconf 91' lang='lat' dir='ltr'><strong>cum</strong></span> <span class='ocrx_word' id='word_1_710' title='bbox 1047 5205 1343 5275; x_wconf 78' lang='lat' dir='ltr'><strong>nonaginta</strong></span> <span class='ocrx_word' id='word_1_711' title='bbox 1407 5213 1464 5259; x_wconf 89' lang='lat' dir='ltr'><strong>et</strong></span> <span class='ocrx_word' id='word_1_712' title='bbox 1514 5216 1723 5275; x_wconf 84' lang='lat' dir='ltr'><strong>septem</strong></span> <span class='ocrx_word' id='word_1_713' title='bbox 1783 5223 1958 5262; x_wconf 88' lang='lat' dir='ltr'><strong>annos</strong></span> 
     </span>
    </p>
   </div>
   <div class='ocr_carea' id='block_1_99' title="bbox 380 5297 1955 5370">
    <p class='ocr_par' dir='ltr' id='par_1_99' title="bbox 380 5297 1955 5370">
     <span class='ocr_line' id='line_1_99' title="bbox 380 5297 1955 5370; baseline -0.002 -17"><span class='ocrx_word' id='word_1_714' title='bbox 380 5297 674 5366; x_wconf 74' lang='lat' dir='ltr'><strong>exegisset,</strong></span> <span class='ocrx_word' id='word_1_715' title='bbox 708 5297 893 5352; x_wconf 87' lang='lat' dir='ltr'><strong>Leone</strong></span> <span class='ocrx_word' id='word_1_716' title='bbox 933 5313 1131 5370; x_wconf 76' lang='lat' dir='ltr'><strong>magno</strong></span> <span class='ocrx_word' id='word_1_717' title='bbox 1171 5298 1502 5366; x_wconf 88' lang='lat' dir='ltr'><strong>imperante.</strong></span> <span class='ocrx_word' id='word_1_718' title='bbox 1534 5298 1654 5352; x_wconf 71' lang='lat' dir='ltr'><strong>Vita</strong></span> <span class='ocrx_word' id='word_1_719' title='bbox 1697 5297 1955 5351; x_wconf 84' lang='lat' dir='ltr'><strong>modera-</strong></span> 
     </span>
    </p>
   </div>
   <div class='ocr_carea' id='block_1_100' title="bbox 2064 5194 3634 5275">
    <p class='ocr_par' dir='ltr' id='par_1_100' title="bbox 2064 5194 3634 5275">
     <span class='ocr_line' id='line_1_100' title="bbox 2064 5194 3634 5275; baseline -0.006 -19"><span class='ocrx_word' id='word_1_720' title='bbox 2064 5205 2312 5275; x_wconf 86' lang='grc' dir='ltr'>ἐμυεῖτο,</span> <span class='ocrx_word' id='word_1_721' title='bbox 2343 5203 2372 5256; x_wconf 86' lang='grc' dir='ltr'><strong>ὃ</strong></span> <span class='ocrx_word' id='word_1_722' title='bbox 2391 5204 2693 5272; x_wconf 66' lang='grc' dir='ltr'>τεκμήριον</span> <span class='ocrx_word' id='word_1_723' title='bbox 2718 5198 3132 5270; x_wconf 81' lang='grc' dir='ltr'>ἐμφανέστατον</span> <span class='ocrx_word' id='word_1_724' title='bbox 3154 5196 3398 5265; x_wconf 80' lang='grc' dir='ltr'>ἀτεχνῶς</span> <span class='ocrx_word' id='word_1_725' title='bbox 3423 5194 3523 5263; x_wconf 80' lang='grc' dir='ltr'>τῆς</span> <span class='ocrx_word' id='word_1_726' title='bbox 3553 5196 3634 5256; x_wconf 85' lang='grc' dir='ltr'><strong>είς</strong></span> 
     </span>
    </p>
   </div>
   <div class='ocr_carea' id='block_1_101' title="bbox 2066 5284 3636 5363">
    <p class='ocr_par' dir='ltr' id='par_1_101' title="bbox 2066 5284 3636 5363">
     <span class='ocr_line' id='line_1_101' title="bbox 2066 5284 3636 5363; baseline -0.01 -14"><span class='ocrx_word' id='word_1_727' title='bbox 2066 5297 2231 5363; x_wconf 68' lang='grc' dir='ltr'>ἄκρον</span> <span class='ocrx_word' id='word_1_728' title='bbox 2254 5294 2465 5347; x_wconf 85' lang='grc' dir='ltr'>ἐκείνου</span> <span class='ocrx_word' id='word_1_729' title='bbox 2491 5294 2842 5362; x_wconf 66' lang='grc' dir='ltr'>καθάρσεως.</span> <span class='ocrx_word' id='word_1_730' title='bbox 2874 5288 3158 5359; x_wconf 79' lang='grc' dir='ltr'>Ἑξεδήμει</span> <span class='ocrx_word' id='word_1_731' title='bbox 3179 5285 3237 5340; x_wconf 75' lang='grc' dir='ltr'><strong>δέ</strong></span> <span class='ocrx_word' id='word_1_732' title='bbox 3267 5285 3404 5355; x_wconf 78' lang='grc' dir='ltr'>πρὸς</span> <span class='ocrx_word' id='word_1_733' title='bbox 3430 5284 3636 5353; x_wconf 82' lang='grc' dir='ltr'>Κύριον</span> 
     </span>
    </p>
   </div>
   <div class='ocr_carea' id='block_1_102' title="bbox 384 5376 1948 5468">
    <p class='ocr_par' dir='ltr' id='par_1_102' title="bbox 384 5391 1948 5468">
     <span class='ocr_line' id='line_1_102' title="bbox 384 5391 1948 5468; baseline 0.001 -24"><span class='ocrx_word' id='word_1_734' title='bbox 384 5402 479 5445; x_wconf 82' lang='lat' dir='ltr'><strong>tus</strong></span> <span class='ocrx_word' id='word_1_735' title='bbox 528 5399 586 5446; x_wconf 88' lang='lat' dir='ltr'><strong>et</strong></span> <span class='ocrx_word' id='word_1_736' title='bbox 644 5391 893 5447; x_wconf 86' lang='lat' dir='ltr'><strong>moribus</strong></span> <span class='ocrx_word' id='word_1_737' title='bbox 947 5408 1212 5464; x_wconf 86' lang='lat' dir='ltr'><strong>perquam</strong></span> <span class='ocrx_word' id='word_1_738' title='bbox 1266 5392 1497 5460; x_wconf 85' lang='lat' dir='ltr'><strong>simplex</strong></span> <span class='ocrx_word' id='word_1_739' title='bbox 1550 5391 1656 5445; x_wconf 86' lang='lat' dir='ltr'><strong>fuit</strong></span> <span class='ocrx_word' id='word_1_740' title='bbox 1701 5407 1748 5468; x_wconf 36' lang='grc' dir='ltr'>τε</span> <span class='ocrx_word' id='word_1_741' title='bbox 1779 5391 1948 5445; x_wconf 82' lang='lat' dir='ltr'><strong>colort</strong></span> 
     </span>
    </p>
   </div>
   <div class='ocr_carea' id='block_1_103' title="bbox 2052 5376 3636 5468">
    <p class='ocr_par' dir='ltr' id='par_1_103' title="bbox 2067 5376 3636 5458">
     <span class='ocr_line' id='line_1_103' title="bbox 2067 5376 3636 5458; baseline -0.01 -17"><span class='ocrx_word' id='word_1_742' title='bbox 2067 5391 2094 5441; x_wconf 80' lang='grc' dir='ltr'>ὁ</span> <span class='ocrx_word' id='word_1_743' title='bbox 2133 5391 2405 5458; x_wconf 78' lang='grc' dir='ltr'>μακάριος</span> <span class='ocrx_word' id='word_1_744' title='bbox 2460 5387 2660 5440; x_wconf 75' lang='grc' dir='ltr'>ἑκατὸν</span> <span class='ocrx_word' id='word_1_745' title='bbox 2717 5384 2852 5438; x_wconf 83' lang='grc' dir='ltr'>ἐτῶν</span> <span class='ocrx_word' id='word_1_746' title='bbox 2908 5380 3147 5451; x_wconf 84' lang='grc' dir='ltr'>γεγονὼς</span> <span class='ocrx_word' id='word_1_747' title='bbox 3194 5380 3422 5431; x_wconf 82' lang='grc' dir='ltr'>δεόντων</span> <span class='ocrx_word' id='word_1_748' title='bbox 3458 5376 3636 5445; x_wconf 89' lang='grc' dir='ltr'>μόνων</span> 
     </span>
    </p>
   </div>
   <div class='ocr_carea' id='block_1_104' title="bbox 384 5468 1948 5556">
    <p class='ocr_par' dir='ltr' id='par_1_104' title="bbox 384 5483 1948 5556">
     <span class='ocr_line' id='line_1_104' title="bbox 384 5483 1948 5556; baseline 0.001 -19"><span class='ocrx_word' id='word_1_749' title='bbox 384 5483 682 5549; x_wconf 81' lang='lat' dir='ltr'><strong>candidus,</strong></span> <span class='ocrx_word' id='word_1_750' title='bbox 717 5496 775 5541; x_wconf 87' lang='lat' dir='ltr'><strong>et</strong></span> <span class='ocrx_word' id='word_1_751' title='bbox 802 5485 868 5539; x_wconf 87' lang='lat' dir='ltr'><strong>ad</strong></span> <span class='ocrx_word' id='word_1_752' title='bbox 900 5485 1108 5542; x_wconf 88' lang='lat' dir='ltr'><strong>femora</strong></span> <span class='ocrx_word' id='word_1_753' title='bbox 1144 5501 1314 5556; x_wconf 82' lang='lat' dir='ltr'><strong>usque</strong></span> <span class='ocrx_word' id='word_1_754' title='bbox 1339 5484 1691 5556; x_wconf 86' lang='lat' dir='ltr'><strong>promissam,</strong></span> <span class='ocrx_word' id='word_1_755' title='bbox 1729 5499 1948 5552; x_wconf 65' lang='lat' dir='ltr'><strong>eamque</strong></span> 
     </span>
    </p>
   </div>
   <div class='ocr_carea' id='block_1_105' title="bbox 2052 5468 3632 5556">
    <p class='ocr_par' dir='ltr' id='par_1_105' title="bbox 2066 5468 3632 5554">
     <span class='ocr_line' id='line_1_105' title="bbox 2066 5468 3632 5554; baseline -0.01 -21"><span class='ocrx_word' id='word_1_756' title='bbox 2066 5482 2258 5552; x_wconf 77' lang='grc' dir='ltr'>τριῶν,</span> <span class='ocrx_word' id='word_1_757' title='bbox 2289 5482 2518 5554; x_wconf 82' lang='grc' dir='ltr'>Λέρντος</span> <span class='ocrx_word' id='word_1_758' title='bbox 2551 5479 2644 5532; x_wconf 81' lang='grc' dir='ltr'>τοῦ</span> <span class='ocrx_word' id='word_1_759' title='bbox 2677 5477 2916 5548; x_wconf 80' lang='grc' dir='ltr'>μεγάλου</span> <span class='ocrx_word' id='word_1_760' title='bbox 2944 5474 3044 5544; x_wconf 82' lang='grc' dir='ltr'>τὴν</span> <span class='ocrx_word' id='word_1_761' title='bbox 3079 5471 3256 5543; x_wconf 81' lang='grc' dir='ltr'>ἀρχὴν</span> <span class='ocrx_word' id='word_1_762' title='bbox 3281 5468 3632 5528; x_wconf 69' lang='grc' dir='ltr'>διιθύνοντοςο</span> 
     </span>
    </p>
   </div>
   <div class='ocr_carea' id='block_1_106' title="bbox 385 5577 1964 5648">
    <p class='ocr_par' dir='ltr' id='par_1_106' title="bbox 385 5577 1964 5648">
     <span class='ocr_line' id='line_1_106' title="bbox 385 5577 1964 5648; baseline -0.001 -17"><span class='ocrx_word' id='word_1_763' title='bbox 385 5578 618 5631; x_wconf 75' lang='lat' dir='ltr'><strong>densam</strong></span> <span class='ocrx_word' id='word_1_764' title='bbox 683 5577 894 5634; x_wconf 86' lang='lat' dir='ltr'><strong>habens</strong></span> <span class='ocrx_word' id='word_1_765' title='bbox 949 5580 1198 5635; x_wconf 88' lang='lat' dir='ltr'><strong>barbam.</strong></span> <span class='ocrx_word' id='word_1_766' title='bbox 1258 5578 1336 5633; x_wconf 88' lang='lat' dir='ltr'><strong>De</strong></span> <span class='ocrx_word' id='word_1_767' title='bbox 1377 5594 1488 5648; x_wconf 90' lang='lat' dir='ltr'><strong>quo</strong></span> <span class='ocrx_word' id='word_1_768' title='bbox 1537 5577 1671 5631; x_wconf 89' lang='lat' dir='ltr'><strong>illud</strong></span> <span class='ocrx_word' id='word_1_769' title='bbox 1723 5577 1964 5630; x_wconf 73' lang='lat' dir='ltr'><strong>ltistoritt:</strong></span> 
     </span>
    </p>
   </div>
   <div class='ocr_carea' id='block_1_107' title="bbox 395 5669 1960 5740">
    <p class='ocr_par' dir='ltr' id='par_1_107' title="bbox 395 5669 1960 5740">
     <span class='ocr_line' id='line_1_107' title="bbox 395 5669 1960 5740; baseline -0.003 -16"><span class='ocrx_word' id='word_1_770' title='bbox 395 5679 750 5725; x_wconf 86' lang='lat' dir='ltr'><strong>metuerant:</strong></span> <span class='ocrx_word' id='word_1_771' title='bbox 792 5686 918 5726; x_wconf 91' lang='lat' dir='ltr'><strong>cum</strong></span> <span class='ocrx_word' id='word_1_772' title='bbox 987 5671 1291 5726; x_wconf 83' lang='lat' dir='ltr'><strong>monachus</strong></span> <span class='ocrx_word' id='word_1_773' title='bbox 1351 5669 1575 5740; x_wconf 87' lang='lat' dir='ltr'><strong>quidam</strong></span> <span class='ocrx_word' id='word_1_774' title='bbox 1629 5679 1960 5732; x_wconf 88' lang='lat' dir='ltr'><strong>moreretur,</strong></span> 
     </span>
    </p>
   </div>
   <div class='ocr_carea' id='block_1_108' title="bbox 389 5760 1961 5834">
    <p class='ocr_par' dir='ltr' id='par_1_108' title="bbox 389 5760 1961 5834">
     <span class='ocr_line' id='line_1_108' title="bbox 389 5760 1961 5834; baseline -0.003 -18"><span class='ocrx_word' id='word_1_775' title='bbox 389 5765 485 5833; x_wconf 81' lang='lat' dir='ltr'><strong>qui</strong></span> <span class='ocrx_word' id='word_1_776' title='bbox 512 5764 786 5834; x_wconf 73' lang='lat' dir='ltr'><strong>egregiam</strong></span> <span class='ocrx_word' id='word_1_777' title='bbox 809 5763 1029 5819; x_wconf 89' lang='lat' dir='ltr'><strong>virtutis</strong></span> <span class='ocrx_word' id='word_1_778' title='bbox 1047 5775 1101 5820; x_wconf 84' lang='lat' dir='ltr'><strong>et</strong></span> <span class='ocrx_word' id='word_1_779' title='bbox 1128 5763 1399 5818; x_wconf 89' lang='lat' dir='ltr'><strong>castitatis</strong></span> <span class='ocrx_word' id='word_1_780' title='bbox 1420 5762 1616 5815; x_wconf 79' lang='lat' dir='ltr'><strong>fumant</strong></span> <span class='ocrx_word' id='word_1_781' title='bbox 1660 5760 1961 5827; x_wconf 73' lang='lat' dir='ltr'><strong>obtineret,</strong></span> 
     </span>
    </p>
   </div>
   <div class='ocr_carea' id='block_1_109' title="bbox 2071 5559 3634 5645">
    <p class='ocr_par' dir='ltr' id='par_1_109' title="bbox 2071 5559 3634 5645">
     <span class='ocr_line' id='line_1_109' title="bbox 2071 5559 3634 5645; baseline -0.011 -18"><span class='ocrx_word' id='word_1_782' title='bbox 2071 5576 2290 5645; x_wconf 79' lang='grc' dir='ltr'>μέτριος</span> <span class='ocrx_word' id='word_1_783' title='bbox 2319 5571 2395 5625; x_wconf 86' lang='grc' dir='ltr'>ὢν</span> <span class='ocrx_word' id='word_1_784' title='bbox 2412 5575 2472 5625; x_wconf 75' lang='grc' dir='ltr'>τὸ</span> <span class='ocrx_word' id='word_1_785' title='bbox 2501 5569 2652 5642; x_wconf 76' lang='grc' dir='ltr'>ἦθος,</span> <span class='ocrx_word' id='word_1_786' title='bbox 2687 5572 2782 5623; x_wconf 76' lang='grc' dir='ltr'>καὶ</span> <span class='ocrx_word' id='word_1_787' title='bbox 2808 5569 2904 5623; x_wconf 83' lang='grc' dir='ltr'><strong>τδν</strong></span> <span class='ocrx_word' id='word_1_788' title='bbox 2926 5568 3130 5638; x_wconf 85' lang='grc' dir='ltr'>τρόπον</span> <span class='ocrx_word' id='word_1_789' title='bbox 3158 5565 3304 5631; x_wconf 79' lang='grc' dir='ltr'>μάλα</span> <span class='ocrx_word' id='word_1_790' title='bbox 3324 5559 3634 5614; x_wconf 80' lang='grc' dir='ltr'>ἁπλούστα-</span> 
     </span>
    </p>
   </div>
   <div class='ocr_carea' id='block_1_110' title="bbox 2064 5653 3636 5737">
    <p class='ocr_par' dir='ltr' id='par_1_110' title="bbox 2064 5653 3636 5737">
     <span class='ocr_line' id='line_1_110' title="bbox 2064 5653 3636 5737; baseline -0.013 -16"><span class='ocrx_word' id='word_1_791' title='bbox 2064 5684 2174 5732; x_wconf 73' lang='grc' dir='ltr'>τος*</span> <span class='ocrx_word' id='word_1_792' title='bbox 2209 5668 2268 5720; x_wconf 81' lang='grc' dir='ltr'>τὸ</span> <span class='ocrx_word' id='word_1_793' title='bbox 2299 5667 2354 5720; x_wconf 82' lang='grc' dir='ltr'>δὲ</span> <span class='ocrx_word' id='word_1_794' title='bbox 2381 5665 2581 5737; x_wconf 81' lang='grc' dir='ltr'>χρῶμα</span> <span class='ocrx_word' id='word_1_795' title='bbox 2606 5664 2825 5725; x_wconf 73' lang='grc' dir='ltr'>λευκὸς,</span> <span class='ocrx_word' id='word_1_796' title='bbox 2882 5661 3013 5731; x_wconf 55' lang='grc' dir='ltr'>ἄλρι</span> <span class='ocrx_word' id='word_1_797' title='bbox 3051 5657 3160 5712; x_wconf 83' lang='grc' dir='ltr'>τῶν</span> <span class='ocrx_word' id='word_1_798' title='bbox 3200 5655 3390 5726; x_wconf 83' lang='grc' dir='ltr'>μηρῶν</span> <span class='ocrx_word' id='word_1_799' title='bbox 3417 5653 3636 5706; x_wconf 80' lang='grc' dir='ltr'>δασεῖαν</span> 
     </span>
    </p>
   </div>
   <div class='ocr_carea' id='block_1_111' title="bbox 2067 5745 3635 5830">
    <p class='ocr_par' dir='ltr' id='par_1_111' title="bbox 2067 5745 3635 5830">
     <span class='ocr_line' id='line_1_111' title="bbox 2067 5745 3635 5830; baseline -0.013 -15"><span class='ocrx_word' id='word_1_800' title='bbox 2067 5761 2398 5830; x_wconf 73' lang='grc' dir='ltr'>καθειμένην</span> <span class='ocrx_word' id='word_1_801' title='bbox 2440 5757 2538 5830; x_wconf 81' lang='grc' dir='ltr'>τὴν</span> <span class='ocrx_word' id='word_1_802' title='bbox 2596 5759 2810 5829; x_wconf 79' lang='grc' dir='ltr'>ὑπήνην</span> <span class='ocrx_word' id='word_1_803' title='bbox 2863 5757 3022 5826; x_wconf 69' lang='grc' dir='ltr'>ἔχων.</span> <span class='ocrx_word' id='word_1_804' title='bbox 3085 5751 3392 5820; x_wconf 76' lang='grc' dir='ltr'>Ἱστὸρηται</span> <span class='ocrx_word' id='word_1_805' title='bbox 3448 5745 3635 5814; x_wconf 76' lang='grc' dir='ltr'>μέντοι</span> 
     </span>
    </p>
   </div>
   <div class='ocr_carea' id='block_1_112' title="bbox 470 5899 2486 5978">
    <p class='ocr_par' dir='ltr' id='par_1_112' title="bbox 470 5899 2486 5978">
     <span class='ocr_line' id='line_1_112' title="bbox 470 5899 2486 5978; baseline -0.003 -20"><span class='ocrx_word' id='word_1_806' title='bbox 470 5905 547 5978; x_wconf 90' lang='lat' dir='ltr'><strong>(l)</strong></span> <span class='ocrx_word' id='word_1_807' title='bbox 579 5904 727 5962; x_wconf 87' lang='lat' dir='ltr'><strong>llauc</strong></span> <span class='ocrx_word' id='word_1_808' title='bbox 775 5906 988 5962; x_wconf 88' lang='lat' dir='ltr'><strong>stellam</strong></span> <span class='ocrx_word' id='word_1_809' title='bbox 1053 5920 1114 5960; x_wconf 87' lang='lat' dir='ltr'><strong>se</strong></span> <span class='ocrx_word' id='word_1_810' title='bbox 1163 5903 1364 5958; x_wconf 85' lang='lat' dir='ltr'><strong>vidisse</strong></span> <span class='ocrx_word' id='word_1_811' title='bbox 1436 5903 1627 5959; x_wconf 89' lang='lat' dir='ltr'><strong>scribit</strong></span> <span class='ocrx_word' id='word_1_812' title='bbox 1682 5901 1968 5970; x_wconf 67' lang='lat' dir='ltr'><strong>Emgrius,</strong></span> <span class='ocrx_word' id='word_1_813' title='bbox 2020 5899 2113 5952; x_wconf 88' lang='lat' dir='ltr'><strong>lib.</strong></span> <span class='ocrx_word' id='word_1_814' title='bbox 2153 5916 2190 5963; x_wconf 86' lang='grc' dir='ltr'><strong>ι,</strong></span> <span class='ocrx_word' id='word_1_815' title='bbox 2245 5916 2364 5967; x_wconf 82' lang='lat' dir='ltr'><strong>cap.</strong></span> <span class='ocrx_word' id='word_1_816' title='bbox 2403 5900 2486 5953; x_wconf 66' lang='grc' dir='ltr'>ιιι.</span> 
     </span>
    </p>
   </div>
  </div>
