  <div class='ocr_page' id='page_1' title='image "/cluster/home/n/w/nwhite01/storage/ocr_20150623/146/hvd.32044019208347/632.png"; bbox 0 0 4036 6550; ppageno 0'>
   <div class='ocr_carea' id='block_1_1' title="bbox 362 423 494 490">
    <p class='ocr_par' dir='ltr' id='par_1_1' title="bbox 362 423 494 490">
     <span class='ocr_line' id='line_1_1' title="bbox 362 423 494 490; baseline -0.038 0"><span class='ocrx_word' id='word_1_1' title='bbox 362 423 494 490; x_wconf 62' lang='grc'>124)</span> 
     </span>
    </p>
   </div>
   <div class='ocr_carea' id='block_1_2' title="bbox 1278 395 2700 472">
    <p class='ocr_par' dir='ltr' id='par_1_2' title="bbox 1278 395 2700 472">
     <span class='ocr_line' id='line_1_2' title="bbox 1278 395 2700 472; baseline -0.008 0"><span class='ocrx_word' id='word_1_2' title='bbox 1278 405 1888 472; x_wconf 64' lang='grc' dir='ltr'><strong>ΕΕΟΕΕΞΙᾹΞΤΙΕΑΞ</strong></span> <span class='ocrx_word' id='word_1_3' title='bbox 1921 395 2311 467; x_wconf 62' lang='grc' dir='ltr'><strong>ΠΙΞΤΟΠΙᾸΕ</strong></span> <span class='ocrx_word' id='word_1_4' title='bbox 2352 401 2496 462; x_wconf 84' lang='lat' dir='ltr'><strong>LIB.</strong></span> <span class='ocrx_word' id='word_1_5' title='bbox 2543 399 2700 460; x_wconf 82' lang='lat' dir='ltr'><strong>XIV.</strong></span> 
     </span>
    </p>
   </div>
   <div class='ocr_carea' id='block_1_3' title="bbox 3456 393 3598 455">
    <p class='ocr_par' dir='ltr' id='par_1_3' title="bbox 3456 393 3598 455">
     <span class='ocr_line' id='line_1_3' title="bbox 3456 393 3598 455; baseline 0.007 -1"><span class='ocrx_word' id='word_1_6' title='bbox 3456 393 3598 455; x_wconf 64' lang='lat'><strong>1250</strong></span> 
     </span>
    </p>
   </div>
   <div class='ocr_carea' id='block_1_4' title="bbox 360 505 1952 613">
    <p class='ocr_par' dir='ltr' id='par_1_4' title="bbox 360 519 1926 613">
     <span class='ocr_line' id='line_1_4' title="bbox 360 519 1926 613; baseline -0.014 -17"><span class='ocrx_word' id='word_1_7' title='bbox 360 541 486 613; x_wconf 80' lang='grc' dir='ltr'>περὶ</span> <span class='ocrx_word' id='word_1_8' title='bbox 513 538 702 604; x_wconf 77' lang='grc' dir='ltr'>αὑτοῦ,</span> <span class='ocrx_word' id='word_1_9' title='bbox 737 538 813 600; x_wconf 85' lang='grc' dir='ltr'><strong>ὡς</strong></span> <span class='ocrx_word' id='word_1_10' title='bbox 852 536 994 598; x_wconf 67' lang='grc' dir='ltr'>τινος</span> <span class='ocrx_word' id='word_1_11' title='bbox 1029 519 1288 604; x_wconf 75' lang='grc' dir='ltr'>τελευτᾷν</span> <span class='ocrx_word' id='word_1_12' title='bbox 1324 526 1562 598; x_wconf 88' lang='grc' dir='ltr'>μοναχοῦ</span> <span class='ocrx_word' id='word_1_13' title='bbox 1617 527 1926 597; x_wconf 48' lang='lat' dir='ltr'><strong>piumve;</strong></span> 
     </span>
    </p>
   </div>
   <div class='ocr_carea' id='block_1_5' title="bbox 2055 505 3595 613">
    <p class='ocr_par' dir='ltr' id='par_1_5' title="bbox 2057 505 3595 587">
     <span class='ocr_line' id='line_1_5' title="bbox 2057 505 3595 587; baseline -0.01 -16"><span class='ocrx_word' id='word_1_14' title='bbox 2057 519 2344 587; x_wconf 77' lang='lat' dir='ltr'><strong>Inpudicus</strong></span> <span class='ocrx_word' id='word_1_15' title='bbox 2413 526 2592 569; x_wconf 75' lang='lat' dir='ltr'><strong>autem</strong></span> <span class='ocrx_word' id='word_1_16' title='bbox 2645 526 2868 580; x_wconf 84' lang='lat' dir='ltr'><strong>prorsus</strong></span> <span class='ocrx_word' id='word_1_17' title='bbox 2918 517 3080 572; x_wconf 68' lang='lat' dir='ltr'><strong>essm,</strong></span> <span class='ocrx_word' id='word_1_18' title='bbox 3139 515 3388 561; x_wconf 86' lang='lat' dir='ltr'><strong>sanctum</strong></span> <span class='ocrx_word' id='word_1_19' title='bbox 3451 505 3595 558; x_wconf 74' lang='lat' dir='ltr'><strong>hunc</strong></span> 
     </span>
    </p>
   </div>
   <div class='ocr_carea' id='block_1_6' title="bbox 355 615 1930 701">
    <p class='ocr_par' dir='ltr' id='par_1_6' title="bbox 355 615 1930 701">
     <span class='ocr_line' id='line_1_6' title="bbox 355 615 1930 701; baseline -0.013 -15"><span class='ocrx_word' id='word_1_20' title='bbox 355 635 410 697; x_wconf 73' lang='grc' dir='ltr'>ὃς</span> <span class='ocrx_word' id='word_1_21' title='bbox 435 632 594 698; x_wconf 82' lang='grc' dir='ltr'>δόξαν</span> <span class='ocrx_word' id='word_1_22' title='bbox 624 630 831 701; x_wconf 81' lang='grc' dir='ltr'>ἀρετῆς</span> <span class='ocrx_word' id='word_1_23' title='bbox 867 628 1106 700; x_wconf 82' lang='grc' dir='ltr'>μάλιστα</span> <span class='ocrx_word' id='word_1_24' title='bbox 1142 625 1234 678; x_wconf 76' lang='grc' dir='ltr'>καὶ</span> <span class='ocrx_word' id='word_1_25' title='bbox 1265 623 1327 675; x_wconf 78' lang='grc' dir='ltr'>τὸ</span> <span class='ocrx_word' id='word_1_26' title='bbox 1375 620 1542 673; x_wconf 88' lang='grc' dir='ltr'>πλέον</span> <span class='ocrx_word' id='word_1_27' title='bbox 1574 615 1930 686; x_wconf 78' lang='grc' dir='ltr'><strong>σωφροσύνης</strong></span> 
     </span>
    </p>
   </div>
   <div class='ocr_carea' id='block_1_7' title="bbox 357 707 1930 794">
    <p class='ocr_par' dir='ltr' id='par_1_7' title="bbox 357 707 1930 794">
     <span class='ocr_line' id='line_1_7' title="bbox 357 707 1930 794; baseline -0.012 -17"><span class='ocrx_word' id='word_1_28' title='bbox 357 725 516 794; x_wconf 79' lang='grc' dir='ltr'>δῆθεν</span> <span class='ocrx_word' id='word_1_29' title='bbox 563 718 701 792; x_wconf 76' lang='grc' dir='ltr'>εἷχε,</span> <span class='ocrx_word' id='word_1_30' title='bbox 766 719 842 791; x_wconf 80' lang='grc' dir='ltr'><strong>μη</strong></span> <span class='ocrx_word' id='word_1_31' title='bbox 892 716 1138 780; x_wconf 80' lang='grc' dir='ltr'>τοιοῦτός</span> <span class='ocrx_word' id='word_1_32' title='bbox 1176 730 1239 783; x_wconf 87' lang='grc' dir='ltr'><strong>γε</strong></span> <span class='ocrx_word' id='word_1_33' title='bbox 1273 713 1373 776; x_wconf 81' lang='grc' dir='ltr'><strong>ὢν,</strong></span> <span class='ocrx_word' id='word_1_34' title='bbox 1431 709 1571 763; x_wconf 81' lang='grc' dir='ltr'>ἀλλὰ</span> <span class='ocrx_word' id='word_1_35' title='bbox 1616 707 1930 760; x_wconf 81' lang='grc' dir='ltr'>τούναντίον</span> 
     </span>
    </p>
   </div>
   <div class='ocr_carea' id='block_1_8' title="bbox 363 799 1930 886">
    <p class='ocr_par' dir='ltr' id='par_1_8' title="bbox 363 799 1930 886">
     <span class='ocr_line' id='line_1_8' title="bbox 363 799 1930 886; baseline -0.013 -15"><span class='ocrx_word' id='word_1_36' title='bbox 363 815 562 886; x_wconf 81' lang='grc' dir='ltr'>μᾶλλον</span> <span class='ocrx_word' id='word_1_37' title='bbox 591 814 914 878; x_wconf 81' lang='grc' dir='ltr'>ἀκόλαστος,</span> <span class='ocrx_word' id='word_1_38' title='bbox 946 811 1078 881; x_wconf 81' lang='grc' dir='ltr'>όρᾷν</span> <span class='ocrx_word' id='word_1_39' title='bbox 1113 809 1206 861; x_wconf 56' lang='grc' dir='ltr'><strong>τον</strong></span> <span class='ocrx_word' id='word_1_40' title='bbox 1237 805 1510 876; x_wconf 84' lang='grc' dir='ltr'>μακάριον</span> <span class='ocrx_word' id='word_1_41' title='bbox 1545 799 1780 869; x_wconf 76' lang='grc' dir='ltr'>ἄγγελόν</span> <span class='ocrx_word' id='word_1_42' title='bbox 1808 814 1930 850; x_wconf 86' lang='grc' dir='ltr'>τινα</span> 
     </span>
    </p>
   </div>
   <div class='ocr_carea' id='block_1_9' title="bbox 363 887 1933 976">
    <p class='ocr_par' dir='ltr' id='par_1_9' title="bbox 363 887 1933 976">
     <span class='ocr_line' id='line_1_9' title="bbox 363 887 1933 976; baseline -0.01 -17"><span class='ocrx_word' id='word_1_43' title='bbox 363 907 593 976; x_wconf 72' lang='grc' dir='ltr'>φοϐερὸν</span> <span class='ocrx_word' id='word_1_44' title='bbox 617 907 676 958; x_wconf 83' lang='grc' dir='ltr'>ὲν</span> <span class='ocrx_word' id='word_1_45' title='bbox 705 905 924 975; x_wconf 79' lang='grc' dir='ltr'><strong>τριαίνῃ</strong></span> <span class='ocrx_word' id='word_1_46' title='bbox 947 903 1096 973; x_wconf 79' lang='grc' dir='ltr'>δεινῇ</span> <span class='ocrx_word' id='word_1_47' title='bbox 1129 899 1227 969; x_wconf 77' lang='grc' dir='ltr'><strong>τὴν</strong></span> <span class='ocrx_word' id='word_1_48' title='bbox 1263 895 1476 950; x_wconf 76' lang='grc' dir='ltr'>ἐκείνου</span> <span class='ocrx_word' id='word_1_49' title='bbox 1509 892 1686 961; x_wconf 71' lang='grc' dir='ltr'>ψυχὴν</span> <span class='ocrx_word' id='word_1_50' title='bbox 1707 887 1933 958; x_wconf 78' lang='grc' dir='ltr'><strong>ἀπηνῶς</strong></span> 
     </span>
    </p>
   </div>
   <div class='ocr_carea' id='block_1_10' title="bbox 361 977 1929 1063">
    <p class='ocr_par' dir='ltr' id='par_1_10' title="bbox 361 977 1929 1063">
     <span class='ocr_line' id='line_1_10' title="bbox 361 977 1929 1063; baseline -0.015 -12"><span class='ocrx_word' id='word_1_51' title='bbox 361 997 714 1050; x_wconf 68' lang='grc' dir='ltr'>ἀνασπῶντω</span> <span class='ocrx_word' id='word_1_52' title='bbox 745 995 841 1047; x_wconf 78' lang='grc' dir='ltr'>καὶ</span> <span class='ocrx_word' id='word_1_53' title='bbox 870 993 986 1063; x_wconf 76' lang='grc' dir='ltr'>ἅμα</span> <span class='ocrx_word' id='word_1_54' title='bbox 1018 989 1202 1060; x_wconf 77' lang='grc' dir='ltr'>φωνῆς</span> <span class='ocrx_word' id='word_1_55' title='bbox 1232 986 1444 1041; x_wconf 75' lang='grc' dir='ltr'>ἀνωθεν</span> <span class='ocrx_word' id='word_1_56' title='bbox 1479 977 1929 1040; x_wconf 75' lang='grc' dir='ltr'>ὲπαισθάνεσθαι,</span> 
     </span>
    </p>
   </div>
   <div class='ocr_carea' id='block_1_11' title="bbox 362 1072 1925 1157">
    <p class='ocr_par' dir='ltr' id='par_1_11' title="bbox 362 1072 1925 1157">
     <span class='ocr_line' id='line_1_11' title="bbox 362 1072 1925 1157; baseline -0.013 -15"><span class='ocrx_word' id='word_1_57' title='bbox 362 1089 430 1143; x_wconf 72' lang='grc' dir='ltr'><strong>τά</strong></span> <span class='ocrx_word' id='word_1_58' title='bbox 482 1086 706 1157; x_wconf 84' lang='grc' dir='ltr'>κρυπτὰ</span> <span class='ocrx_word' id='word_1_59' title='bbox 761 1085 862 1154; x_wconf 80' lang='grc' dir='ltr'>τῆς</span> <span class='ocrx_word' id='word_1_60' title='bbox 909 1081 1173 1150; x_wconf 74' lang='grc' dir='ltr'><strong>αἰσχύνης</strong></span> <span class='ocrx_word' id='word_1_61' title='bbox 1224 1079 1364 1148; x_wconf 78' lang='grc' dir='ltr'>ἔργα</span> <span class='ocrx_word' id='word_1_62' title='bbox 1416 1073 1715 1145; x_wconf 71' lang='grc' dir='ltr'><strong>διαρρήδην</strong></span> <span class='ocrx_word' id='word_1_63' title='bbox 1763 1072 1925 1123; x_wconf 78' lang='grc' dir='ltr'>ἑκκα-</span> 
     </span>
    </p>
   </div>
   <div class='ocr_carea' id='block_1_12' title="bbox 363 1161 1935 1248">
    <p class='ocr_par' dir='ltr' id='par_1_12' title="bbox 363 1161 1935 1248">
     <span class='ocr_line' id='line_1_12' title="bbox 363 1161 1935 1248; baseline -0.013 -14"><span class='ocrx_word' id='word_1_64' title='bbox 363 1172 693 1248; x_wconf 83' lang='grc' dir='ltr'>λυπτούσης.</span> <span class='ocrx_word' id='word_1_65' title='bbox 733 1177 925 1229; x_wconf 76' lang='grc' dir='ltr'>’Δλλον</span> <span class='ocrx_word' id='word_1_66' title='bbox 950 1175 1005 1228; x_wconf 85' lang='grc' dir='ltr'><strong>δέ</strong></span> <span class='ocrx_word' id='word_1_67' title='bbox 1040 1190 1161 1244; x_wconf 59' lang='grc' dir='ltr'>τινα</span> <span class='ocrx_word' id='word_1_68' title='bbox 1190 1171 1401 1238; x_wconf 75' lang='grc' dir='ltr'>πένητα</span> <span class='ocrx_word' id='word_1_69' title='bbox 1438 1165 1652 1236; x_wconf 73' lang='grc' dir='ltr'>γυμνὸν</span> <span class='ocrx_word' id='word_1_70' title='bbox 1683 1165 1768 1216; x_wconf 74' lang='grc' dir='ltr'><strong>ἐπ’</strong></span> <span class='ocrx_word' id='word_1_71' title='bbox 1815 1161 1935 1214; x_wconf 65' lang='grc' dir='ltr'>ἐδά-</span> 
     </span>
    </p>
   </div>
   <div class='ocr_carea' id='block_1_13' title="bbox 367 1249 1933 1338">
    <p class='ocr_par' dir='ltr' id='par_1_13' title="bbox 367 1249 1933 1338">
     <span class='ocr_line' id='line_1_13' title="bbox 367 1249 1933 1338; baseline -0.013 -16"><span class='ocrx_word' id='word_1_72' title='bbox 367 1286 498 1337; x_wconf 65' lang='grc' dir='ltr'>φους</span> <span class='ocrx_word' id='word_1_73' title='bbox 536 1266 872 1338; x_wconf 82' lang='grc' dir='ltr'>ὲρριμμένον</span> <span class='ocrx_word' id='word_1_74' title='bbox 906 1263 1002 1316; x_wconf 55' lang='grc' dir='ltr'><strong>καὶ⁸</strong></span> <span class='ocrx_word' id='word_1_75' title='bbox 1045 1258 1383 1331; x_wconf 73' lang='grc' dir='ltr'>διερρωγότα</span> <span class='ocrx_word' id='word_1_76' title='bbox 1432 1256 1663 1324; x_wconf 82' lang='grc' dir='ltr'>πάμπαν</span> <span class='ocrx_word' id='word_1_77' title='bbox 1705 1251 1800 1303; x_wconf 86' lang='grc' dir='ltr'>καὶ</span> <span class='ocrx_word' id='word_1_78' title='bbox 1837 1249 1933 1302; x_wconf 77' lang='grc' dir='ltr'>δύ·</span> 
     </span>
    </p>
   </div>
   <div class='ocr_carea' id='block_1_14' title="bbox 367 1343 1934 1429">
    <p class='ocr_par' dir='ltr' id='par_1_14' title="bbox 367 1343 1934 1429">
     <span class='ocr_line' id='line_1_14' title="bbox 367 1343 1934 1429; baseline -0.012 -18"><span class='ocrx_word' id='word_1_79' title='bbox 367 1377 539 1427; x_wconf 86' lang='grc' dir='ltr'>στηνα</span> <span class='ocrx_word' id='word_1_80' title='bbox 571 1360 737 1429; x_wconf 80' lang='grc' dir='ltr'>ῥάκια</span> <span class='ocrx_word' id='word_1_81' title='bbox 768 1354 1140 1426; x_wconf 72' lang='grc' dir='ltr'>ἠμφιεσμένον</span> <span class='ocrx_word' id='word_1_82' title='bbox 1184 1352 1283 1404; x_wconf 74' lang='grc' dir='ltr'><strong>σὺν</strong></span> <span class='ocrx_word' id='word_1_83' title='bbox 1311 1349 1452 1401; x_wconf 83' lang='grc' dir='ltr'>αίδοῖ</span> <span class='ocrx_word' id='word_1_84' title='bbox 1486 1347 1585 1416; x_wconf 81' lang='grc' dir='ltr'>τὴν</span> <span class='ocrx_word' id='word_1_85' title='bbox 1629 1343 1807 1414; x_wconf 78' lang='grc' dir='ltr'>ψυχὴν</span> <span class='ocrx_word' id='word_1_86' title='bbox 1839 1343 1934 1394; x_wconf 83' lang='grc' dir='ltr'><strong>ὲκ-</strong></span> 
     </span>
    </p>
   </div>
   <div class='ocr_carea' id='block_1_15' title="bbox 368 1431 1933 1516">
    <p class='ocr_par' dir='ltr' id='par_1_15' title="bbox 368 1431 1933 1516">
     <span class='ocr_line' id='line_1_15' title="bbox 368 1431 1933 1516; baseline -0.015 -10"><span class='ocrx_word' id='word_1_87' title='bbox 368 1451 656 1508; x_wconf 78' lang='grc' dir='ltr'>καλεῖσθαι</span> <span class='ocrx_word' id='word_1_88' title='bbox 693 1449 906 1502; x_wconf 82' lang='grc' dir='ltr'>πολλῶν</span> <span class='ocrx_word' id='word_1_89' title='bbox 950 1445 1236 1516; x_wconf 77' lang='grc' dir='ltr'>παρόντων</span> <span class='ocrx_word' id='word_1_90' title='bbox 1273 1440 1556 1509; x_wconf 67' lang='grc' dir='ltr'>ἁγγέλωνυ</span> <span class='ocrx_word' id='word_1_91' title='bbox 1588 1437 1845 1505; x_wconf 85' lang='grc' dir='ltr'>παρεῖναι</span> <span class='ocrx_word' id='word_1_92' title='bbox 1876 1431 1933 1484; x_wconf 74' lang='grc' dir='ltr'>δὲ</span> 
     </span>
    </p>
   </div>
   <div class='ocr_carea' id='block_1_16' title="bbox 371 1522 1936 1610">
    <p class='ocr_par' dir='ltr' id='par_1_16' title="bbox 371 1522 1936 1610">
     <span class='ocr_line' id='line_1_16' title="bbox 371 1522 1936 1610; baseline -0.015 -12"><span class='ocrx_word' id='word_1_93' title='bbox 371 1545 462 1598; x_wconf 77' lang='grc' dir='ltr'>καὶ</span> <span class='ocrx_word' id='word_1_94' title='bbox 513 1541 678 1595; x_wconf 75' lang='grc' dir='ltr'><strong>Δαυῖδ</strong></span> <span class='ocrx_word' id='word_1_95' title='bbox 728 1543 796 1610; x_wconf 80' lang='grc' dir='ltr'>τῇ</span> <span class='ocrx_word' id='word_1_96' title='bbox 841 1538 1200 1610; x_wconf 80' lang='grc' dir='ltr'>παναρμονίῳ</span> <span class='ocrx_word' id='word_1_97' title='bbox 1248 1534 1449 1601; x_wconf 78' lang='grc' dir='ltr'>κιθάρᾳ</span> <span class='ocrx_word' id='word_1_98' title='bbox 1495 1530 1802 1600; x_wconf 81' lang='grc' dir='ltr'>χρώμενον,</span> <span class='ocrx_word' id='word_1_99' title='bbox 1839 1522 1936 1576; x_wconf 77' lang='grc' dir='ltr'><strong>καὶ</strong></span> 
     </span>
    </p>
   </div>
   <div class='ocr_carea' id='block_1_17' title="bbox 367 1622 1936 1702">
    <p class='ocr_par' dir='ltr' id='par_1_17' title="bbox 367 1622 1936 1702">
     <span class='ocr_line' id='line_1_17' title="bbox 367 1622 1936 1702; baseline -0.016 -10"><span class='ocrx_word' id='word_1_100' title='bbox 367 1638 531 1692; x_wconf 83' lang='grc' dir='ltr'>οιονεὶ</span> <span class='ocrx_word' id='word_1_101' title='bbox 568 1632 979 1702; x_wconf 81' lang='grc' dir='ltr'>κατακηλοῦντα</span> <span class='ocrx_word' id='word_1_102' title='bbox 1029 1629 1235 1696; x_wconf 78' lang='grc' dir='ltr'>ταύτην</span> <span class='ocrx_word' id='word_1_103' title='bbox 1276 1627 1373 1679; x_wconf 72' lang='grc' dir='ltr'><strong>καὶ</strong></span> <span class='ocrx_word' id='word_1_104' title='bbox 1428 1628 1524 1676; x_wconf 55' lang='grc' dir='ltr'><strong>σιν</strong></span> <span class='ocrx_word' id='word_1_105' title='bbox 1565 1622 1728 1692; x_wconf 68' lang='grc' dir='ltr'>ᾠδαῖς</span> <span class='ocrx_word' id='word_1_106' title='bbox 1767 1633 1936 1686; x_wconf 80' lang='grc' dir='ltr'>παρα-</span> 
     </span>
    </p>
   </div>
   <div class='ocr_carea' id='block_1_18' title="bbox 373 1711 1938 1799">
    <p class='ocr_par' dir='ltr' id='par_1_18' title="bbox 373 1711 1938 1799">
     <span class='ocr_line' id='line_1_18' title="bbox 373 1711 1938 1799; baseline -0.013 -17"><span class='ocrx_word' id='word_1_107' title='bbox 373 1731 685 1799; x_wconf 78' lang='grc' dir='ltr'>πέμποντα.</span> <span class='ocrx_word' id='word_1_108' title='bbox 747 1724 884 1778; x_wconf 79' lang='grc' dir='ltr'>Ὑπὸ</span> <span class='ocrx_word' id='word_1_109' title='bbox 934 1723 992 1776; x_wconf 80' lang='grc' dir='ltr'><strong>δὲ</strong></span> <span class='ocrx_word' id='word_1_110' title='bbox 1044 1722 1134 1774; x_wconf 78' lang='grc' dir='ltr'><strong>τὸν</strong></span> <span class='ocrx_word' id='word_1_111' title='bbox 1191 1719 1397 1771; x_wconf 79' lang='grc' dir='ltr'>ἐκεῖνον</span> <span class='ocrx_word' id='word_1_112' title='bbox 1429 1715 1624 1787; x_wconf 78' lang='grc' dir='ltr'>χρόνον</span> <span class='ocrx_word' id='word_1_113' title='bbox 1663 1713 1758 1765; x_wconf 68' lang='grc' dir='ltr'><strong>καὶ</strong></span> <span class='ocrx_word' id='word_1_114' title='bbox 1788 1711 1938 1763; x_wconf 72' lang='grc' dir='ltr'>ἄλλοι</span> 
     </span>
    </p>
   </div>
   <div class='ocr_carea' id='block_1_19' title="bbox 375 1801 1937 1888">
    <p class='ocr_par' dir='ltr' id='par_1_19' title="bbox 375 1801 1937 1888">
     <span class='ocr_line' id='line_1_19' title="bbox 375 1801 1937 1888; baseline -0.015 -13"><span class='ocrx_word' id='word_1_115' title='bbox 375 1822 619 1875; x_wconf 82' lang='grc' dir='ltr'>πλεῖστοι</span> <span class='ocrx_word' id='word_1_116' title='bbox 652 1817 1040 1888; x_wconf 84' lang='grc' dir='ltr'>συνήκμασαν·</span> <span class='ocrx_word' id='word_1_117' title='bbox 1077 1809 1188 1874; x_wconf 73' lang='grc' dir='ltr'>οἷος</span> <span class='ocrx_word' id='word_1_118' title='bbox 1230 1811 1440 1870; x_wconf 77' lang='grc' dir='ltr'>ἐκεῖνος</span> <span class='ocrx_word' id='word_1_119' title='bbox 1489 1807 1810 1865; x_wconf 86' lang='grc' dir='ltr'>Θεόκτιστος</span> <span class='ocrx_word' id='word_1_120' title='bbox 1845 1801 1937 1854; x_wconf 73' lang='grc' dir='ltr'>καὶ</span> 
     </span>
    </p>
   </div>
   <div class='ocr_carea' id='block_1_20' title="bbox 2030 595 3596 684">
    <p class='ocr_par' dir='ltr' id='par_1_20' title="bbox 2030 595 3596 684">
     <span class='ocr_line' id='line_1_20' title="bbox 2030 595 3596 684; baseline -0.011 -19"><span class='ocrx_word' id='word_1_121' title='bbox 2030 611 2211 684; x_wconf 79' lang='lat' dir='ltr'><strong>virum</strong></span> <span class='ocrx_word' id='word_1_122' title='bbox 2261 609 2518 679; x_wconf 77' lang='lat' dir='ltr'><strong>angelum</strong></span> <span class='ocrx_word' id='word_1_123' title='bbox 2579 601 2854 660; x_wconf 88' lang='lat' dir='ltr'><strong>horrenda</strong></span> <span class='ocrx_word' id='word_1_124' title='bbox 2911 599 3096 671; x_wconf 88' lang='lat' dir='ltr'><strong>specie</strong></span> <span class='ocrx_word' id='word_1_125' title='bbox 3158 598 3398 652; x_wconf 92' lang='lat' dir='ltr'><strong>tridente</strong></span> <span class='ocrx_word' id='word_1_126' title='bbox 3447 595 3596 666; x_wconf 76' lang='lat' dir='ltr'><strong>gravi</strong></span> 
     </span>
    </p>
   </div>
   <div class='ocr_carea' id='block_1_21' title="bbox 2031 689 3602 761">
    <p class='ocr_par' dir='ltr' id='par_1_21' title="bbox 2031 689 3602 761">
     <span class='ocr_line' id='line_1_21' title="bbox 2031 689 3602 761; baseline -0.01 -5"><span class='ocrx_word' id='word_1_127' title='bbox 2031 701 2270 757; x_wconf 89' lang='lat' dir='ltr'><strong>animam</strong></span> <span class='ocrx_word' id='word_1_128' title='bbox 2327 698 2497 761; x_wconf 88' lang='lat' dir='ltr'><strong>illius,</strong></span> <span class='ocrx_word' id='word_1_129' title='bbox 2559 695 2841 754; x_wconf 81' lang='lat' dir='ltr'><strong>crudelem</strong></span> <span class='ocrx_word' id='word_1_130' title='bbox 2898 693 2954 746; x_wconf 90' lang='lat' dir='ltr'><strong>in</strong></span> <span class='ocrx_word' id='word_1_131' title='bbox 3006 689 3314 754; x_wconf 88' lang='lat' dir='ltr'><strong>modum,e</strong></span> <span class='ocrx_word' id='word_1_132' title='bbox 3366 702 3602 754; x_wconf 91' lang='lat' dir='ltr'><strong>corpore</strong></span> 
     </span>
    </p>
   </div>
   <div class='ocr_carea' id='block_1_22' title="bbox 2033 778 3603 847">
    <p class='ocr_par' dir='ltr' id='par_1_22' title="bbox 2033 778 3603 847">
     <span class='ocr_line' id='line_1_22' title="bbox 2033 778 3603 847; baseline -0.011 0"><span class='ocrx_word' id='word_1_133' title='bbox 2033 792 2413 847; x_wconf 77' lang='lat' dir='ltr'><strong>extrahentem</strong></span> <span class='ocrx_word' id='word_1_134' title='bbox 2475 788 2683 843; x_wconf 80' lang='lat' dir='ltr'><strong>vidisse</strong></span> <span class='ocrx_word' id='word_1_135' title='bbox 2744 804 2758 841; x_wconf 89' lang='lat'><strong>:</strong></span> <span class='ocrx_word' id='word_1_136' title='bbox 2823 793 2880 840; x_wconf 88' lang='lat' dir='ltr'><strong>et</strong></span> <span class='ocrx_word' id='word_1_137' title='bbox 2919 796 3110 837; x_wconf 85' lang='lat' dir='ltr'><strong>vocem</strong></span> <span class='ocrx_word' id='word_1_138' title='bbox 3146 779 3311 836; x_wconf 84' lang='lat' dir='ltr'><strong>simul</strong></span> <span class='ocrx_word' id='word_1_139' title='bbox 3363 778 3603 842; x_wconf 67' lang='lat' dir='ltr'><strong>caelitus,</strong></span> 
     </span>
    </p>
   </div>
   <div class='ocr_carea' id='block_1_23' title="bbox 2033 873 3600 951">
    <p class='ocr_par' dir='ltr' id='par_1_23' title="bbox 2033 873 3600 951">
     <span class='ocr_line' id='line_1_23' title="bbox 2033 873 3600 951; baseline -0.011 -12"><span class='ocrx_word' id='word_1_140' title='bbox 2033 884 2248 939; x_wconf 90' lang='lat' dir='ltr'><strong>occulta</strong></span> <span class='ocrx_word' id='word_1_141' title='bbox 2296 881 2659 951; x_wconf 81' lang='lat' dir='ltr'><strong>turpitudinis</strong></span> <span class='ocrx_word' id='word_1_142' title='bbox 2720 877 2969 932; x_wconf 79' lang='lat' dir='ltr'><strong>facinora</strong></span> <span class='ocrx_word' id='word_1_143' title='bbox 3016 880 3204 943; x_wconf 83' lang='lat' dir='ltr'><strong>aperte</strong></span> <span class='ocrx_word' id='word_1_144' title='bbox 3241 873 3600 931; x_wconf 73' lang='lat' dir='ltr'><strong>revelantem,</strong></span> 
     </span>
    </p>
   </div>
   <div class='ocr_carea' id='block_1_24' title="bbox 2032 963 3600 1043">
    <p class='ocr_par' dir='ltr' id='par_1_24' title="bbox 2032 963 3600 1043">
     <span class='ocr_line' id='line_1_24' title="bbox 2032 963 3600 1043; baseline -0.011 -13"><span class='ocrx_word' id='word_1_145' title='bbox 2032 975 2273 1030; x_wconf 78' lang='lat' dir='ltr'><strong>audisse.</strong></span> <span class='ocrx_word' id='word_1_146' title='bbox 2303 972 2462 1043; x_wconf 77' lang='lat'><strong>565</strong></span> <span class='ocrx_word' id='word_1_147' title='bbox 2485 971 2666 1025; x_wconf 78' lang='lat' dir='ltr'><strong>Alium</strong></span> <span class='ocrx_word' id='word_1_148' title='bbox 2707 982 2925 1038; x_wconf 88' lang='lat' dir='ltr'><strong>quoque</strong></span> <span class='ocrx_word' id='word_1_149' title='bbox 2957 980 3255 1037; x_wconf 83' lang='lat' dir='ltr'><strong>pauperem</strong></span> <span class='ocrx_word' id='word_1_150' title='bbox 3312 963 3600 1033; x_wconf 80' lang='lat' dir='ltr'><strong>quemdam</strong></span> 
     </span>
    </p>
   </div>
   <div class='ocr_carea' id='block_1_25' title="bbox 2032 1061 3601 1134">
    <p class='ocr_par' dir='ltr' id='par_1_25' title="bbox 2032 1061 3601 1134">
     <span class='ocr_line' id='line_1_25' title="bbox 2032 1061 3601 1134; baseline -0.008 -13"><span class='ocrx_word' id='word_1_151' title='bbox 2032 1067 2241 1122; x_wconf 89' lang='lat' dir='ltr'><strong>nudum</strong></span> <span class='ocrx_word' id='word_1_152' title='bbox 2278 1067 2332 1120; x_wconf 92' lang='lat' dir='ltr'><strong>in</strong></span> <span class='ocrx_word' id='word_1_153' title='bbox 2366 1071 2485 1119; x_wconf 88' lang='lat' dir='ltr'><strong>solo</strong></span> <span class='ocrx_word' id='word_1_154' title='bbox 2517 1066 2790 1134; x_wconf 81' lang='lat' dir='ltr'><strong>jacentem</strong></span> <span class='ocrx_word' id='word_1_155' title='bbox 2849 1061 2918 1115; x_wconf 90' lang='lat' dir='ltr'><strong>ab</strong></span> <span class='ocrx_word' id='word_1_156' title='bbox 2948 1076 3016 1115; x_wconf 89' lang='lat' dir='ltr'><strong>eo</strong></span> <span class='ocrx_word' id='word_1_157' title='bbox 3071 1067 3427 1127; x_wconf 88' lang='lat' dir='ltr'><strong>conspectum</strong></span> <span class='ocrx_word' id='word_1_158' title='bbox 3457 1070 3601 1117; x_wconf 84' lang='lat' dir='ltr'><strong>esse.</strong></span> 
     </span>
    </p>
   </div>
   <div class='ocr_carea' id='block_1_26' title="bbox 2032 1147 3606 1228">
    <p class='ocr_par' dir='ltr' id='par_1_26' title="bbox 2032 1147 3606 1228">
     <span class='ocr_line' id='line_1_26' title="bbox 2032 1147 3606 1228; baseline -0.009 -15"><span class='ocrx_word' id='word_1_159' title='bbox 2032 1159 2285 1213; x_wconf 74' lang='lat' dir='ltr'><strong>lacerum&quot;</strong></span> <span class='ocrx_word' id='word_1_160' title='bbox 2309 1171 2534 1228; x_wconf 81' lang='lat' dir='ltr'><strong>prorsus</strong></span> <span class='ocrx_word' id='word_1_161' title='bbox 2560 1166 2615 1210; x_wconf 87' lang='lat' dir='ltr'><strong>et</strong></span> <span class='ocrx_word' id='word_1_162' title='bbox 2651 1153 2846 1223; x_wconf 89' lang='lat' dir='ltr'><strong>pannis</strong></span> <span class='ocrx_word' id='word_1_163' title='bbox 2878 1153 3082 1206; x_wconf 79' lang='lat' dir='ltr'><strong>vilibus</strong></span> <span class='ocrx_word' id='word_1_164' title='bbox 3130 1149 3370 1204; x_wconf 91' lang='lat' dir='ltr'><strong>obsitum</strong></span> <span class='ocrx_word' id='word_1_165' title='bbox 3403 1166 3416 1202; x_wconf 89' lang='lat'><strong>:</strong></span> <span class='ocrx_word' id='word_1_166' title='bbox 3449 1147 3606 1216; x_wconf 86' lang='lat' dir='ltr'><strong>cujus</strong></span> 
     </span>
    </p>
   </div>
   <div class='ocr_carea' id='block_1_27' title="bbox 2033 1240 3602 1319">
    <p class='ocr_par' dir='ltr' id='par_1_27' title="bbox 2033 1240 3602 1319">
     <span class='ocr_line' id='line_1_27' title="bbox 2033 1240 3602 1319; baseline -0.008 -15"><span class='ocrx_word' id='word_1_167' title='bbox 2033 1253 2294 1312; x_wconf 76' lang='lat' dir='ltr'><strong>animum,</strong></span> <span class='ocrx_word' id='word_1_168' title='bbox 2321 1249 2414 1319; x_wconf 83' lang='lat' dir='ltr'><strong>qui</strong></span> <span class='ocrx_word' id='word_1_169' title='bbox 2452 1248 2607 1301; x_wconf 89' lang='lat' dir='ltr'><strong>multi</strong></span> <span class='ocrx_word' id='word_1_170' title='bbox 2637 1247 2685 1300; x_wconf 92' lang='lat' dir='ltr'><strong>ei</strong></span> <span class='ocrx_word' id='word_1_171' title='bbox 2731 1255 2933 1315; x_wconf 67' lang='lat' dir='ltr'><strong>praasto</strong></span> <span class='ocrx_word' id='word_1_172' title='bbox 2964 1245 3190 1297; x_wconf 87' lang='lat' dir='ltr'><strong>aderant</strong></span> <span class='ocrx_word' id='word_1_173' title='bbox 3224 1240 3425 1311; x_wconf 80' lang='lat' dir='ltr'><strong>angeli,</strong></span> <span class='ocrx_word' id='word_1_174' title='bbox 3450 1253 3602 1319; x_wconf 78' lang='lat' dir='ltr'><strong>reve-</strong></span> 
     </span>
    </p>
   </div>
   <div class='ocr_carea' id='block_1_28' title="bbox 2037 1311 3605 1406">
    <p class='ocr_par' dir='ltr' id='par_1_28' title="bbox 2037 1311 3605 1406">
     <span class='ocr_line' id='line_1_28' title="bbox 2037 1311 3605 1406; baseline -0.01 -10"><span class='ocrx_word' id='word_1_175' title='bbox 2037 1354 2223 1398; x_wconf 86' lang='lat' dir='ltr'><strong>renter</strong></span> <span class='ocrx_word' id='word_1_176' title='bbox 2263 1341 2586 1406; x_wconf 81' lang='lat' dir='ltr'><strong>evocarint;</strong></span> <span class='ocrx_word' id='word_1_177' title='bbox 2627 1340 2715 1394; x_wconf 90' lang='lat' dir='ltr'><strong>cui</strong></span> <span class='ocrx_word' id='word_1_178' title='bbox 2745 1337 2912 1391; x_wconf 81' lang='lat' dir='ltr'><strong>David</strong></span> <span class='ocrx_word' id='word_1_179' title='bbox 2968 1350 3200 1404; x_wconf 65' lang='lat' dir='ltr'><strong>quoque,</strong></span> <span class='ocrx_word' id='word_1_180' title='bbox 3249 1348 3370 1402; x_wconf 88' lang='lat' dir='ltr'><strong>cum</strong></span> <span class='ocrx_word' id='word_1_181' title='bbox 3406 1311 3605 1385; x_wconf 81' lang='lat' dir='ltr'><strong>summi</strong></span> 
     </span>
    </p>
   </div>
   <div class='ocr_carea' id='block_1_29' title="bbox 2035 1422 3606 1491">
    <p class='ocr_par' dir='ltr' id='par_1_29' title="bbox 2035 1422 3606 1491">
     <span class='ocr_line' id='line_1_29' title="bbox 2035 1422 3606 1491; baseline -0.011 -3"><span class='ocrx_word' id='word_1_182' title='bbox 2035 1445 2338 1489; x_wconf 86' lang='lat' dir='ltr'><strong>concentus</strong></span> <span class='ocrx_word' id='word_1_183' title='bbox 2362 1434 2568 1488; x_wconf 86' lang='lat' dir='ltr'><strong>cithara</strong></span> <span class='ocrx_word' id='word_1_184' title='bbox 2626 1447 2722 1486; x_wconf 89' lang='lat' dir='ltr'><strong>sua</strong></span> <span class='ocrx_word' id='word_1_185' title='bbox 2785 1429 3044 1491; x_wconf 79' lang='lat' dir='ltr'><strong>adfuerit,</strong></span> <span class='ocrx_word' id='word_1_186' title='bbox 3092 1425 3430 1482; x_wconf 69' lang='lat' dir='ltr'><strong>carn&#39;iinibus</strong></span> <span class='ocrx_word' id='word_1_187' title='bbox 3464 1422 3606 1475; x_wconf 81' lang='lat' dir='ltr'><strong>illam</strong></span> 
     </span>
    </p>
   </div>
   <div class='ocr_carea' id='block_1_30' title="bbox 2036 1516 3607 1590">
    <p class='ocr_par' dir='ltr' id='par_1_30' title="bbox 2036 1516 3607 1590">
     <span class='ocr_line' id='line_1_30' title="bbox 2036 1516 3607 1590; baseline -0.01 -10"><span class='ocrx_word' id='word_1_188' title='bbox 2036 1527 2208 1580; x_wconf 87' lang='lat' dir='ltr'><strong>veluti</strong></span> <span class='ocrx_word' id='word_1_189' title='bbox 2281 1524 2600 1580; x_wconf 86' lang='lat' dir='ltr'><strong>demulcens</strong></span> <span class='ocrx_word' id='word_1_190' title='bbox 2658 1532 2824 1590; x_wconf 85' lang='lat' dir='ltr'><strong>atque</strong></span> <span class='ocrx_word' id='word_1_191' title='bbox 2887 1519 3222 1590; x_wconf 81' lang='lat' dir='ltr'><strong>producens.</strong></span> <span class='ocrx_word' id='word_1_192' title='bbox 3291 1517 3406 1571; x_wconf 88' lang='lat' dir='ltr'><strong>Sub</strong></span> <span class='ocrx_word' id='word_1_193' title='bbox 3465 1516 3607 1569; x_wconf 83' lang='lat' dir='ltr'><strong>idem</strong></span> 
     </span>
    </p>
   </div>
   <div class='ocr_carea' id='block_1_31' title="bbox 2039 1609 3611 1687">
    <p class='ocr_par' dir='ltr' id='par_1_31' title="bbox 2039 1609 3611 1687">
     <span class='ocr_line' id='line_1_31' title="bbox 2039 1609 3611 1687; baseline -0.01 -13"><span class='ocrx_word' id='word_1_194' title='bbox 2039 1629 2254 1687; x_wconf 87' lang='lat' dir='ltr'><strong>tempus</strong></span> <span class='ocrx_word' id='word_1_195' title='bbox 2291 1617 2382 1670; x_wconf 87' lang='lat' dir='ltr'><strong>alii</strong></span> <span class='ocrx_word' id='word_1_196' title='bbox 2418 1617 2602 1669; x_wconf 81' lang='lat' dir='ltr'><strong>itidem</strong></span> <span class='ocrx_word' id='word_1_197' title='bbox 2639 1614 2860 1684; x_wconf 85' lang='lat' dir='ltr'><strong>plurimi</strong></span> <span class='ocrx_word' id='word_1_198' title='bbox 2892 1613 3199 1667; x_wconf 78' lang='lat' dir='ltr'><strong>ﬂoruerunt</strong></span> <span class='ocrx_word' id='word_1_199' title='bbox 3235 1628 3248 1663; x_wconf 92' lang='lat'>:</span> <span class='ocrx_word' id='word_1_200' title='bbox 3286 1610 3465 1680; x_wconf 91' lang='lat' dir='ltr'><strong>qualis</strong></span> <span class='ocrx_word' id='word_1_201' title='bbox 3519 1609 3611 1661; x_wconf 89' lang='lat' dir='ltr'><strong>illc</strong></span> 
     </span>
    </p>
   </div>
   <div class='ocr_carea' id='block_1_32' title="bbox 2037 1707 3610 1772">
    <p class='ocr_par' dir='ltr' id='par_1_32' title="bbox 2037 1707 3610 1772">
     <span class='ocr_line' id='line_1_32' title="bbox 2037 1707 3610 1772; baseline -0.01 -7"><span class='ocrx_word' id='word_1_202' title='bbox 2037 1712 2140 1765; x_wconf 82' lang='lat' dir='ltr'><strong>fuit</strong></span> <span class='ocrx_word' id='word_1_203' title='bbox 2165 1711 2520 1764; x_wconf 76' lang='lat' dir='ltr'><strong>Theoctistus</strong></span> <span class='ocrx_word' id='word_1_204' title='bbox 2551 1716 2606 1762; x_wconf 87' lang='lat' dir='ltr'><strong>et</strong></span> <span class='ocrx_word' id='word_1_205' title='bbox 2642 1707 2983 1769; x_wconf 81' lang='lat' dir='ltr'><strong>Gerasimus,</strong></span> <span class='ocrx_word' id='word_1_206' title='bbox 3041 1718 3362 1772; x_wconf 82' lang='lat' dir='ltr'><strong>magnorum</strong></span> <span class='ocrx_word' id='word_1_207' title='bbox 3421 1715 3610 1754; x_wconf 65' lang='lat' dir='ltr'><strong>emno-</strong></span> 
     </span>
    </p>
   </div>
   <div class='ocr_carea' id='block_1_33' title="bbox 2040 1796 3606 1872">
    <p class='ocr_par' dir='ltr' id='par_1_33' title="bbox 2040 1796 3606 1872">
     <span class='ocr_line' id='line_1_33' title="bbox 2040 1796 3606 1872; baseline -0.009 -13"><span class='ocrx_word' id='word_1_208' title='bbox 2040 1805 2254 1859; x_wconf 89' lang='lat' dir='ltr'><strong>biorum</strong></span> <span class='ocrx_word' id='word_1_209' title='bbox 2281 1803 2559 1872; x_wconf 70' lang='lat' dir='ltr'><strong>praesides,</strong></span> <span class='ocrx_word' id='word_1_210' title='bbox 2583 1803 2675 1871; x_wconf 89' lang='lat' dir='ltr'><strong>qui</strong></span> <span class='ocrx_word' id='word_1_211' title='bbox 2710 1800 2775 1853; x_wconf 82' lang='lat' dir='ltr'><strong>ad</strong></span> <span class='ocrx_word' id='word_1_212' title='bbox 2806 1815 3004 1853; x_wconf 88' lang='lat' dir='ltr'><strong>novum</strong></span> <span class='ocrx_word' id='word_1_213' title='bbox 3029 1796 3321 1866; x_wconf 79' lang='lat' dir='ltr'><strong>quemdam</strong></span> <span class='ocrx_word' id='word_1_214' title='bbox 3341 1809 3606 1848; x_wconf 74' lang='lat' dir='ltr'><strong>cntionem</strong></span> 
     </span>
    </p>
   </div>
   <div class='ocr_carea' id='block_1_34' title="bbox 374 1887 1952 1985">
    <p class='ocr_par' dir='ltr' id='par_1_34' title="bbox 374 1898 1942 1985">
     <span class='ocr_line' id='line_1_34' title="bbox 374 1898 1942 1985; baseline 0.013 -57"><span class='ocrx_word' id='word_1_215' title='bbox 374 1914 704 1985; x_wconf 54' lang='grc' dir='ltr'><strong>Ιηεράσιμος,</strong></span> <span class='ocrx_word' id='word_1_216' title='bbox 743 1907 1032 1963; x_wconf 76' lang='grc' dir='ltr'>κοινοϐίων</span> <span class='ocrx_word' id='word_1_217' title='bbox 1062 1903 1317 1975; x_wconf 85' lang='grc' dir='ltr'>μεγάλων</span> <span class='ocrx_word' id='word_1_218' title='bbox 1361 1898 1811 1971; x_wconf 81' lang='grc' dir='ltr'>ήγεμονεὺοντες,</span> <span class='ocrx_word' id='word_1_219' title='bbox 1839 1913 1942 1949; x_wconf 86' lang='grc' dir='ltr'>κα-</span> 
     </span>
    </p>
   </div>
   <div class='ocr_carea' id='block_1_35' title="bbox 2055 1887 3610 1985">
    <p class='ocr_par' dir='ltr' id='par_1_35' title="bbox 2055 1887 3610 1957">
     <span class='ocr_line' id='line_1_35' title="bbox 2055 1887 3610 1957; baseline -0.008 -5"><span class='ocrx_word' id='word_1_220' title='bbox 2055 1900 2171 1953; x_wconf 75' lang='lat' dir='ltr'><strong>vita:</strong></span> <span class='ocrx_word' id='word_1_221' title='bbox 2224 1913 2335 1952; x_wconf 78' lang='lat' dir='ltr'><strong>sua:</strong></span> <span class='ocrx_word' id='word_1_222' title='bbox 2391 1898 2660 1950; x_wconf 87' lang='lat' dir='ltr'><strong>rationem</strong></span> <span class='ocrx_word' id='word_1_223' title='bbox 2719 1894 3099 1947; x_wconf 88' lang='lat' dir='ltr'><strong>instituerunt.</strong></span> <span class='ocrx_word' id='word_1_224' title='bbox 3158 1890 3231 1943; x_wconf 87' lang='lat' dir='ltr'><strong>De</strong></span> <span class='ocrx_word' id='word_1_225' title='bbox 3281 1889 3365 1943; x_wconf 88' lang='lat' dir='ltr'><strong>his</strong></span> <span class='ocrx_word' id='word_1_226' title='bbox 3401 1887 3610 1957; x_wconf 79' lang='lat' dir='ltr'><strong>singula</strong></span> 
     </span>
    </p>
   </div>
   <div class='ocr_carea' id='block_1_36' title="bbox 267 1987 1938 2073">
    <p class='ocr_par' dir='ltr' id='par_1_36' title="bbox 267 1987 1938 2073">
     <span class='ocr_line' id='line_1_36' title="bbox 267 1987 1938 2073; baseline -0.014 -12"><span class='ocrx_word' id='word_1_227' title='bbox 267 2001 270 2004; x_wconf 61' lang='grc'><em>’</em></span> <span class='ocrx_word' id='word_1_228' title='bbox 372 2008 493 2059; x_wconf 87' lang='grc' dir='ltr'>νόνι·</span> <span class='ocrx_word' id='word_1_229' title='bbox 514 2021 574 2057; x_wconf 87' lang='grc' dir='ltr'><strong>τε</strong></span> <span class='ocrx_word' id='word_1_230' title='bbox 612 2003 748 2073; x_wconf 85' lang='grc' dir='ltr'>ξένῳ</span> <span class='ocrx_word' id='word_1_231' title='bbox 779 1997 1132 2070; x_wconf 79' lang='grc' dir='ltr'>κεχρημένοι·</span> <span class='ocrx_word' id='word_1_232' title='bbox 1168 1994 1202 2048; x_wconf 79' lang='grc' dir='ltr'>ἃ</span> <span class='ocrx_word' id='word_1_233' title='bbox 1247 1992 1384 2062; x_wconf 69' lang='grc' dir='ltr'>πρὸς</span> <span class='ocrx_word' id='word_1_234' title='bbox 1429 1990 1625 2042; x_wconf 77' lang='grc' dir='ltr'>λεπτὸν</span> <span class='ocrx_word' id='word_1_235' title='bbox 1655 1987 1938 2057; x_wconf 83' lang='grc' dir='ltr'>καταγρά-</span> 
     </span>
    </p>
   </div>
   <div class='ocr_carea' id='block_1_37' title="bbox 373 2077 1943 2164">
    <p class='ocr_par' dir='ltr' id='par_1_37' title="bbox 373 2077 1943 2164">
     <span class='ocr_line' id='line_1_37' title="bbox 373 2077 1943 2164; baseline -0.015 -14"><span class='ocrx_word' id='word_1_236' title='bbox 373 2115 495 2164; x_wconf 73' lang='grc' dir='ltr'>φειν</span> <span class='ocrx_word' id='word_1_237' title='bbox 527 2096 588 2149; x_wconf 69' lang='grc' dir='ltr'>οὕ</span> <span class='ocrx_word' id='word_1_238' title='bbox 643 2112 734 2164; x_wconf 89' lang='grc' dir='ltr'><strong>μοι</strong></span> <span class='ocrx_word' id='word_1_239' title='bbox 769 2091 981 2161; x_wconf 84' lang='grc' dir='ltr'>καιρός.</span> <span class='ocrx_word' id='word_1_240' title='bbox 1026 2087 1162 2140; x_wconf 84' lang='grc' dir='ltr'>’Υπὸ</span> <span class='ocrx_word' id='word_1_241' title='bbox 1214 2084 1280 2154; x_wconf 79' lang='grc' dir='ltr'><strong>δὴ</strong></span> <span class='ocrx_word' id='word_1_242' title='bbox 1310 2082 1486 2152; x_wconf 79' lang='grc' dir='ltr'>τούτῳ</span> <span class='ocrx_word' id='word_1_243' title='bbox 1537 2078 1693 2149; x_wconf 68' lang='grc' dir='ltr'>καὶὴ</span> <span class='ocrx_word' id='word_1_244' title='bbox 1734 2077 1943 2147; x_wconf 77' lang='grc' dir='ltr'><strong>βασιλὶς</strong></span> 
     </span>
    </p>
   </div>
   <div class='ocr_carea' id='block_1_38' title="bbox 376 2166 1942 2250">
    <p class='ocr_par' dir='ltr' id='par_1_38' title="bbox 376 2166 1942 2250">
     <span class='ocr_line' id='line_1_38' title="bbox 376 2166 1942 2250; baseline -0.016 -11"><span class='ocrx_word' id='word_1_245' title='bbox 376 2185 630 2247; x_wconf 75' lang='grc' dir='ltr'>Ιζὺδοκία,</span> <span class='ocrx_word' id='word_1_246' title='bbox 663 2182 762 2250; x_wconf 79' lang='grc' dir='ltr'>τῆς</span> <span class='ocrx_word' id='word_1_247' title='bbox 792 2178 962 2249; x_wconf 84' lang='grc' dir='ltr'>ὀρθῆς</span> <span class='ocrx_word' id='word_1_248' title='bbox 1001 2174 1273 2244; x_wconf 77' lang='grc' dir='ltr'>πρότερον</span> <span class='ocrx_word' id='word_1_249' title='bbox 1304 2169 1732 2240; x_wconf 81' lang='grc' dir='ltr'>παρατραπεϊσα</span> <span class='ocrx_word' id='word_1_250' title='bbox 1763 2166 1942 2234; x_wconf 76' lang='grc' dir='ltr'>δόξης,</span> 
     </span>
    </p>
   </div>
   <div class='ocr_carea' id='block_1_39' title="bbox 375 2258 1944 2346">
    <p class='ocr_par' dir='ltr' id='par_1_39' title="bbox 375 2258 1944 2346">
     <span class='ocr_line' id='line_1_39' title="bbox 375 2258 1944 2346; baseline -0.014 -16"><span class='ocrx_word' id='word_1_251' title='bbox 375 2275 606 2346; x_wconf 77' lang='grc' dir='ltr'>τάληθὲς</span> <span class='ocrx_word' id='word_1_252' title='bbox 641 2272 868 2341; x_wconf 76' lang='grc' dir='ltr'>ὕστερον</span> <span class='ocrx_word' id='word_1_253' title='bbox 895 2266 1212 2335; x_wconf 84' lang='grc' dir='ltr'>διαγνοῦσα,</span> <span class='ocrx_word' id='word_1_254' title='bbox 1248 2263 1349 2332; x_wconf 81' lang='grc' dir='ltr'><strong>τῆς</strong></span> <span class='ocrx_word' id='word_1_255' title='bbox 1370 2261 1476 2314; x_wconf 84' lang='grc' dir='ltr'>τῶν</span> <span class='ocrx_word' id='word_1_256' title='bbox 1509 2258 1944 2330; x_wconf 83' lang='grc' dir='ltr'>Εὑτυχιανιστῶν</span> 
     </span>
    </p>
   </div>
   <div class='ocr_carea' id='block_1_40' title="bbox 379 2350 1948 2438">
    <p class='ocr_par' dir='ltr' id='par_1_40' title="bbox 379 2350 1948 2438">
     <span class='ocr_line' id='line_1_40' title="bbox 379 2350 1948 2438; baseline -0.015 -16"><span class='ocrx_word' id='word_1_257' title='bbox 379 2366 692 2438; x_wconf 77' lang='grc' dir='ltr'>συμμορίας</span> <span class='ocrx_word' id='word_1_258' title='bbox 728 2362 940 2430; x_wconf 81' lang='grc' dir='ltr'><strong>διέστη.</strong></span> <span class='ocrx_word' id='word_1_259' title='bbox 971 2357 1164 2426; x_wconf 81' lang='grc' dir='ltr'>Τούτῳ</span> <span class='ocrx_word' id='word_1_260' title='bbox 1202 2355 1266 2420; x_wconf 78' lang='grc' dir='ltr'>δὴ</span> <span class='ocrx_word' id='word_1_261' title='bbox 1297 2355 1392 2406; x_wconf 76' lang='grc' dir='ltr'><strong>καὶ</strong></span> <span class='ocrx_word' id='word_1_262' title='bbox 1422 2354 1450 2404; x_wconf 87' lang='grc' dir='ltr'><strong>ό</strong></span> <span class='ocrx_word' id='word_1_263' title='bbox 1489 2351 1586 2421; x_wconf 79' lang='grc' dir='ltr'>τὴν</span> <span class='ocrx_word' id='word_1_264' title='bbox 1625 2350 1828 2420; x_wconf 79' lang='grc' dir='ltr'>ἀρετὴν</span> <span class='ocrx_word' id='word_1_265' title='bbox 1851 2365 1948 2400; x_wconf 87' lang='grc' dir='ltr'>πο-</span> 
     </span>
    </p>
   </div>
   <div class='ocr_carea' id='block_1_41' title="bbox 375 2442 1948 2523">
    <p class='ocr_par' dir='ltr' id='par_1_41' title="bbox 375 2442 1948 2523">
     <span class='ocr_line' id='line_1_41' title="bbox 375 2442 1948 2523; baseline -0.014 -11"><span class='ocrx_word' id='word_1_266' title='bbox 375 2460 474 2523; x_wconf 81' lang='grc' dir='ltr'><strong>λὺς</strong></span> <span class='ocrx_word' id='word_1_267' title='bbox 503 2457 719 2518; x_wconf 79' lang='grc' dir='ltr'>Σάόσας</span> <span class='ocrx_word' id='word_1_268' title='bbox 753 2453 873 2514; x_wconf 73' lang='grc' dir='ltr'>νέος</span> <span class='ocrx_word' id='word_1_269' title='bbox 912 2451 992 2504; x_wconf 78' lang='grc' dir='ltr'>ἔτι</span> <span class='ocrx_word' id='word_1_270' title='bbox 1030 2448 1106 2502; x_wconf 82' lang='grc' dir='ltr'><strong>ὢν</strong></span> <span class='ocrx_word' id='word_1_271' title='bbox 1133 2447 1445 2516; x_wconf 73' lang='grc' dir='ltr'>πρόσεισινο</span> <span class='ocrx_word' id='word_1_272' title='bbox 1477 2443 1536 2496; x_wconf 84' lang='grc' dir='ltr'>ὃν</span> <span class='ocrx_word' id='word_1_273' title='bbox 1580 2442 1729 2506; x_wconf 82' lang='grc' dir='ltr'>ἰδὼν,</span> <span class='ocrx_word' id='word_1_274' title='bbox 1761 2442 1948 2502; x_wconf 75' lang='grc' dir='ltr'>ὁποῖος</span> 
     </span>
    </p>
   </div>
   <div class='ocr_carea' id='block_1_42' title="bbox 379 2533 1948 2616">
    <p class='ocr_par' dir='ltr' id='par_1_42' title="bbox 379 2533 1948 2616">
     <span class='ocr_line' id='line_1_42' title="bbox 379 2533 1948 2616; baseline -0.013 -13"><span class='ocrx_word' id='word_1_275' title='bbox 379 2551 539 2603; x_wconf 69' lang='grc' dir='ltr'>ἔσται</span> <span class='ocrx_word' id='word_1_276' title='bbox 583 2545 774 2615; x_wconf 67' lang='grc' dir='ltr'>σαφῶς</span> <span class='ocrx_word' id='word_1_277' title='bbox 801 2541 1195 2616; x_wconf 76' lang='grc' dir='ltr'>προεφοίῦασε.</span> <span class='ocrx_word' id='word_1_278' title='bbox 1222 2539 1331 2591; x_wconf 74' lang='grc' dir='ltr'><strong>Καὶ</strong></span> <span class='ocrx_word' id='word_1_279' title='bbox 1373 2538 1526 2597; x_wconf 79' lang='grc' dir='ltr'>Τῖτος</span> <span class='ocrx_word' id='word_1_280' title='bbox 1571 2534 1616 2587; x_wconf 85' lang='grc' dir='ltr'>δ’</span> <span class='ocrx_word' id='word_1_281' title='bbox 1641 2537 1668 2587; x_wconf 84' lang='grc' dir='ltr'>ὁ</span> <span class='ocrx_word' id='word_1_282' title='bbox 1697 2533 1948 2601; x_wconf 86' lang='grc' dir='ltr'>Βόστρων</span> 
     </span>
    </p>
   </div>
   <div class='ocr_carea' id='block_1_43' title="bbox 378 2623 1950 2706">
    <p class='ocr_par' dir='ltr' id='par_1_43' title="bbox 378 2623 1950 2706">
     <span class='ocr_line' id='line_1_43' title="bbox 378 2623 1950 2706; baseline -0.015 -9"><span class='ocrx_word' id='word_1_283' title='bbox 378 2644 465 2697; x_wconf 76' lang='grc' dir='ltr'>ἐπ’</span> <span class='ocrx_word' id='word_1_284' title='bbox 515 2641 747 2701; x_wconf 74' lang='grc' dir='ltr'>ἐκείνοις</span> <span class='ocrx_word' id='word_1_285' title='bbox 801 2635 1022 2706; x_wconf 79' lang='grc' dir='ltr'>ἧκμαζε</span> <span class='ocrx_word' id='word_1_286' title='bbox 1054 2635 1167 2694; x_wconf 83' lang='grc' dir='ltr'>τοῖς</span> <span class='ocrx_word' id='word_1_287' title='bbox 1201 2630 1416 2699; x_wconf 82' lang='grc' dir='ltr'>καιροῖς</span> <span class='ocrx_word' id='word_1_288' title='bbox 1445 2643 1460 2658; x_wconf 79' lang='lat'>&#39;</span> <span class='ocrx_word' id='word_1_289' title='bbox 1500 2627 1688 2682; x_wconf 78' lang='grc' dir='ltr'>Βάσσα</span> <span class='ocrx_word' id='word_1_290' title='bbox 1743 2642 1800 2678; x_wconf 81' lang='grc' dir='ltr'><strong>τε</strong></span> <span class='ocrx_word' id='word_1_291' title='bbox 1855 2623 1950 2676; x_wconf 83' lang='grc' dir='ltr'>καὶ</span> 
     </span>
    </p>
   </div>
   <div class='ocr_carea' id='block_1_44' title="bbox 380 2717 1949 2801">
    <p class='ocr_par' dir='ltr' id='par_1_44' title="bbox 380 2717 1949 2801">
     <span class='ocr_line' id='line_1_44' title="bbox 380 2717 1949 2801; baseline -0.013 -12"><span class='ocrx_word' id='word_1_292' title='bbox 380 2733 622 2801; x_wconf 80' lang='grc' dir='ltr'>Τατιανὴ</span> <span class='ocrx_word' id='word_1_293' title='bbox 648 2732 746 2786; x_wconf 69' lang='grc' dir='ltr'>καὶ</span> <span class='ocrx_word' id='word_1_294' title='bbox 773 2728 998 2795; x_wconf 81' lang='grc' dir='ltr'>Μελάνη</span> <span class='ocrx_word' id='word_1_295' title='bbox 1027 2727 1061 2797; x_wconf 82' lang='grc' dir='ltr'><strong>ἡ</strong></span> <span class='ocrx_word' id='word_1_296' title='bbox 1087 2723 1406 2794; x_wconf 77' lang='grc' dir='ltr'>θαυμαστήο</span> <span class='ocrx_word' id='word_1_297' title='bbox 1438 2720 1578 2791; x_wconf 77' lang='grc' dir='ltr'>πρὸς</span> <span class='ocrx_word' id='word_1_298' title='bbox 1606 2719 1662 2772; x_wconf 76' lang='grc' dir='ltr'><strong>δὲ</strong></span> <span class='ocrx_word' id='word_1_299' title='bbox 1689 2717 1784 2772; x_wconf 71' lang='grc' dir='ltr'><strong>καὶ</strong></span> <span class='ocrx_word' id='word_1_300' title='bbox 1806 2718 1949 2786; x_wconf 87' lang='grc' dir='ltr'>Ξένη</span> 
     </span>
    </p>
   </div>
   <div class='ocr_carea' id='block_1_45' title="bbox 379 2811 1948 2898">
    <p class='ocr_par' dir='ltr' id='par_1_45' title="bbox 379 2811 1948 2898">
     <span class='ocr_line' id='line_1_45' title="bbox 379 2811 1948 2898; baseline -0.013 -18"><span class='ocrx_word' id='word_1_301' title='bbox 379 2834 413 2898; x_wconf 82' lang='grc' dir='ltr'>ὴ</span> <span class='ocrx_word' id='word_1_302' title='bbox 444 2826 794 2896; x_wconf 79' lang='grc' dir='ltr'>περιϐόητος,</span> <span class='ocrx_word' id='word_1_303' title='bbox 827 2816 896 2893; x_wconf 77' lang='grc' dir='ltr'>ἧς</span> <span class='ocrx_word' id='word_1_304' title='bbox 921 2819 1018 2890; x_wconf 74' lang='grc' dir='ltr'>τὴν</span> <span class='ocrx_word' id='word_1_305' title='bbox 1041 2818 1139 2887; x_wconf 82' lang='grc' dir='ltr'>τῆς</span> <span class='ocrx_word' id='word_1_306' title='bbox 1172 2818 1372 2886; x_wconf 81' lang='grc' dir='ltr'>ἀρετῆς</span> <span class='ocrx_word' id='word_1_307' title='bbox 1416 2812 1699 2865; x_wconf 84' lang='grc' dir='ltr'>τελείωσιν</span> <span class='ocrx_word' id='word_1_308' title='bbox 1737 2811 1948 2862; x_wconf 67' lang='grc' dir='ltr'>ἐδείκνυ</span> 
     </span>
    </p>
   </div>
   <div class='ocr_carea' id='block_1_46' title="bbox 385 2899 1952 2987">
    <p class='ocr_par' dir='ltr' id='par_1_46' title="bbox 385 2899 1952 2987">
     <span class='ocr_line' id='line_1_46' title="bbox 385 2899 1952 2987; baseline -0.013 -15"><span class='ocrx_word' id='word_1_309' title='bbox 385 2919 647 2987; x_wconf 83' lang='grc' dir='ltr'>στέφανος</span> <span class='ocrx_word' id='word_1_310' title='bbox 677 2915 944 2984; x_wconf 82' lang='grc' dir='ltr'>ἄστρασιν</span> <span class='ocrx_word' id='word_1_311' title='bbox 973 2909 1267 2980; x_wconf 73' lang='grc' dir='ltr'>ἐπισήμοις</span> <span class='ocrx_word' id='word_1_312' title='bbox 1301 2904 1663 2975; x_wconf 85' lang='grc' dir='ltr'>περιπλακείς</span> <span class='ocrx_word' id='word_1_313' title='bbox 1687 2917 1702 2933; x_wconf 91' lang='grc'><strong>·</strong></span> <span class='ocrx_word' id='word_1_314' title='bbox 1731 2901 1869 2972; x_wconf 76' lang='grc' dir='ltr'>πρὸς</span> <span class='ocrx_word' id='word_1_315' title='bbox 1896 2899 1952 2953; x_wconf 70' lang='grc' dir='ltr'>δὲ</span> 
     </span>
    </p>
   </div>
   <div class='ocr_carea' id='block_1_47' title="bbox 386 2991 1952 3076">
    <p class='ocr_par' dir='ltr' id='par_1_47' title="bbox 386 2991 1952 3076">
     <span class='ocr_line' id='line_1_47' title="bbox 386 2991 1952 3076; baseline -0.015 -12"><span class='ocrx_word' id='word_1_316' title='bbox 386 3013 480 3064; x_wconf 73' lang='grc' dir='ltr'><strong>καὶ</strong></span> <span class='ocrx_word' id='word_1_317' title='bbox 505 3007 758 3076; x_wconf 74' lang='grc' dir='ltr'>Ξενοφῶν</span> <span class='ocrx_word' id='word_1_318' title='bbox 786 3007 992 3066; x_wconf 78' lang='grc' dir='ltr'>ἐκεῖνος</span> <span class='ocrx_word' id='word_1_319' title='bbox 1020 3001 1049 3054; x_wconf 78' lang='grc' dir='ltr'><strong>ὁ</strong></span> <span class='ocrx_word' id='word_1_320' title='bbox 1081 2999 1458 3076; x_wconf 78' lang='grc' dir='ltr'>πολυύμνητος</span> <span class='ocrx_word' id='word_1_321' title='bbox 1507 2994 1609 3063; x_wconf 82' lang='grc' dir='ltr'>τῆς</span> <span class='ocrx_word' id='word_1_322' title='bbox 1644 2991 1952 3062; x_wconf 81' lang='grc' dir='ltr'><strong>συγκλήτου</strong></span> 
     </span>
    </p>
   </div>
   <div class='ocr_carea' id='block_1_48' title="bbox 386 3071 1951 3170">
    <p class='ocr_par' dir='ltr' id='par_1_48' title="bbox 386 3081 1951 3170">
     <span class='ocr_line' id='line_1_48' title="bbox 386 3081 1951 3170; baseline -0.016 -14"><span class='ocrx_word' id='word_1_323' title='bbox 386 3103 452 3156; x_wconf 81' lang='grc' dir='ltr'><strong>τὰ</strong></span> <span class='ocrx_word' id='word_1_324' title='bbox 487 3099 679 3170; x_wconf 84' lang='grc' dir='ltr'>πρῶτα</span> <span class='ocrx_word' id='word_1_325' title='bbox 709 3097 901 3159; x_wconf 84' lang='grc' dir='ltr'>τελῶν,</span> <span class='ocrx_word' id='word_1_326' title='bbox 942 3093 1042 3162; x_wconf 82' lang='grc' dir='ltr'><strong>οὐχ</strong></span> <span class='ocrx_word' id='word_1_327' title='bbox 1067 3087 1229 3162; x_wconf 76' lang='grc' dir='ltr'>ἦττον</span> <span class='ocrx_word' id='word_1_328' title='bbox 1265 3089 1342 3158; x_wconf 81' lang='grc' dir='ltr'>τῷ</span> <span class='ocrx_word' id='word_1_329' title='bbox 1395 3085 1601 3152; x_wconf 74' lang='grc' dir='ltr'>ἔξωθεν</span> <span class='ocrx_word' id='word_1_330' title='bbox 1652 3083 1868 3152; x_wconf 78' lang='grc' dir='ltr'>πλούτῳ</span> <span class='ocrx_word' id='word_1_331' title='bbox 1915 3081 1951 3152; x_wconf 80' lang='grc' dir='ltr'>ἢ</span> 
     </span>
    </p>
   </div>
   <div class='ocr_carea' id='block_1_49' title="bbox 387 3174 1954 3264">
    <p class='ocr_par' dir='ltr' id='par_1_49' title="bbox 387 3174 1954 3264">
     <span class='ocr_line' id='line_1_49' title="bbox 387 3174 1954 3264; baseline -0.015 -15"><span class='ocrx_word' id='word_1_332' title='bbox 387 3194 465 3264; x_wconf 80' lang='grc' dir='ltr'>τῷ</span> <span class='ocrx_word' id='word_1_333' title='bbox 494 3191 708 3247; x_wconf 70' lang='grc' dir='ltr'>ἔνδοθεν</span> <span class='ocrx_word' id='word_1_334' title='bbox 759 3187 959 3259; x_wconf 81' lang='grc' dir='ltr'>μᾶλλον</span> <span class='ocrx_word' id='word_1_335' title='bbox 987 3183 1378 3255; x_wconf 75' lang='grc' dir='ltr'>ὡραῖζόμενος.</span> <span class='ocrx_word' id='word_1_336' title='bbox 1418 3179 1539 3232; x_wconf 75' lang='grc' dir='ltr'><strong>Ἐπὶ</strong></span> <span class='ocrx_word' id='word_1_337' title='bbox 1571 3178 1628 3230; x_wconf 71' lang='grc' dir='ltr'>δὲ</span> <span class='ocrx_word' id='word_1_338' title='bbox 1683 3176 1815 3246; x_wconf 91' lang='grc' dir='ltr'>μίαν</span> <span class='ocrx_word' id='word_1_339' title='bbox 1845 3174 1954 3227; x_wconf 85' lang='grc' dir='ltr'><strong>τῶν</strong></span> 
     </span>
    </p>
   </div>
   <div class='ocr_carea' id='block_1_50' title="bbox 390 3271 1407 3345">
    <p class='ocr_par' dir='ltr' id='par_1_50' title="bbox 390 3271 1407 3345">
     <span class='ocr_line' id='line_1_50' title="bbox 390 3271 1407 3345; baseline -0.015 -10"><span class='ocrx_word' id='word_1_340' title='bbox 390 3282 530 3335; x_wconf 80' lang='grc' dir='ltr'>κατὰ</span> <span class='ocrx_word' id='word_1_341' title='bbox 579 3278 836 3345; x_wconf 81' lang='grc' dir='ltr'>Φοινίκην</span> <span class='ocrx_word' id='word_1_342' title='bbox 897 3274 1107 3327; x_wconf 76' lang='grc' dir='ltr'>πόλεων</span> <span class='ocrx_word' id='word_1_343' title='bbox 1166 3271 1407 3340; x_wconf 83' lang='grc' dir='ltr'>Βήρυτον</span> 
     </span>
    </p>
   </div>
   <div class='ocr_carea' id='block_1_51' title="bbox 396 3353 1959 3443">
    <p class='ocr_par' dir='ltr' id='par_1_51' title="bbox 396 3353 1959 3443">
     <span class='ocr_line' id='line_1_51' title="bbox 396 3353 1959 3443; baseline -0.013 -17"><span class='ocrx_word' id='word_1_344' title='bbox 396 3374 594 3443; x_wconf 82' lang='grc' dir='ltr'>μελέτῃ</span> <span class='ocrx_word' id='word_1_345' title='bbox 621 3370 807 3438; x_wconf 87' lang='grc' dir='ltr'>νόμων</span> <span class='ocrx_word' id='word_1_346' title='bbox 837 3366 963 3427; x_wconf 81' lang='grc' dir='ltr'>τοὺς</span> <span class='ocrx_word' id='word_1_347' title='bbox 1013 3362 1253 3424; x_wconf 76' lang='grc' dir='ltr'>οἰκείους</span> <span class='ocrx_word' id='word_1_348' title='bbox 1303 3359 1501 3422; x_wconf 82' lang='grc' dir='ltr'>παῖδας</span> <span class='ocrx_word' id='word_1_349' title='bbox 1539 3356 1822 3428; x_wconf 83' lang='grc' dir='ltr'>Ἀρκάδιον</span> <span class='ocrx_word' id='word_1_350' title='bbox 1863 3353 1959 3406; x_wconf 75' lang='grc' dir='ltr'><strong>καὶ</strong></span> 
     </span>
    </p>
   </div>
   <div class='ocr_carea' id='block_1_52' title="bbox 401 3445 1956 3531">
    <p class='ocr_par' dir='ltr' id='par_1_52' title="bbox 401 3445 1956 3531">
     <span class='ocr_line' id='line_1_52' title="bbox 401 3445 1956 3531; baseline -0.014 -11"><span class='ocrx_word' id='word_1_351' title='bbox 401 3466 656 3531; x_wconf 84' lang='grc' dir='ltr'>Ἰωάννην</span> <span class='ocrx_word' id='word_1_352' title='bbox 683 3459 815 3514; x_wconf 83' lang='grc' dir='ltr'>ὲκπέ</span> <span class='ocrx_word' id='word_1_353' title='bbox 826 3459 994 3528; x_wconf 84' lang='grc' dir='ltr'>μψας,</span> <span class='ocrx_word' id='word_1_354' title='bbox 1030 3455 1152 3508; x_wconf 71' lang='grc' dir='ltr'>ἐπεὶ</span> <span class='ocrx_word' id='word_1_355' title='bbox 1177 3453 1254 3522; x_wconf 84' lang='grc' dir='ltr'>τῷ</span> <span class='ocrx_word' id='word_1_356' title='bbox 1277 3452 1421 3506; x_wconf 80' lang='grc' dir='ltr'>κατὰ</span> <span class='ocrx_word' id='word_1_357' title='bbox 1462 3449 1735 3503; x_wconf 82' lang='grc' dir='ltr'>θάλατταν</span> <span class='ocrx_word' id='word_1_358' title='bbox 1766 3445 1956 3514; x_wconf 79' lang='grc' dir='ltr'>περιέ-</span> 
     </span>
    </p>
   </div>
   <div class='ocr_carea' id='block_1_53' title="bbox 394 3537 1962 3620">
    <p class='ocr_par' dir='ltr' id='par_1_53' title="bbox 394 3537 1962 3620">
     <span class='ocr_line' id='line_1_53' title="bbox 394 3537 1962 3620; baseline -0.014 -11"><span class='ocrx_word' id='word_1_359' title='bbox 394 3571 562 3608; x_wconf 88' lang='grc' dir='ltr'>πεσον</span> <span class='ocrx_word' id='word_1_360' title='bbox 595 3551 862 3620; x_wconf 80' lang='grc' dir='ltr'>ναυαγίῳ,</span> <span class='ocrx_word' id='word_1_361' title='bbox 897 3547 1038 3619; x_wconf 81' lang='grc' dir='ltr'>πρὸς</span> <span class='ocrx_word' id='word_1_362' title='bbox 1082 3547 1182 3616; x_wconf 81' lang='grc' dir='ltr'>τὴν</span> <span class='ocrx_word' id='word_1_363' title='bbox 1220 3542 1442 3596; x_wconf 76' lang='grc' dir='ltr'>ἐκείνων</span> <span class='ocrx_word' id='word_1_364' title='bbox 1484 3540 1714 3610; x_wconf 81' lang='grc' dir='ltr'>ζήτησιν</span> <span class='ocrx_word' id='word_1_365' title='bbox 1744 3537 1962 3606; x_wconf 81' lang='grc' dir='ltr'>σύναμα</span> 
     </span>
    </p>
   </div>
   <div class='ocr_carea' id='block_1_54' title="bbox 315 3629 1960 3716">
    <p class='ocr_par' dir='ltr' id='par_1_54' title="bbox 315 3629 1960 3716">
     <span class='ocr_line' id='line_1_54' title="bbox 315 3629 1960 3716; baseline -0.012 -16"><span class='ocrx_word' id='word_1_366' title='bbox 315 3636 330 3652; x_wconf 60' lang='grc'><em>“</em></span> <span class='ocrx_word' id='word_1_367' title='bbox 395 3646 617 3716; x_wconf 74' lang='grc' dir='ltr'>γυναικὶ</span> <span class='ocrx_word' id='word_1_368' title='bbox 663 3641 847 3707; x_wconf 74' lang='grc' dir='ltr'>ἐξιὼν,</span> <span class='ocrx_word' id='word_1_369' title='bbox 877 3642 1001 3692; x_wconf 78' lang='grc' dir='ltr'>ἐπεὶ</span> <span class='ocrx_word' id='word_1_370' title='bbox 1029 3641 1096 3692; x_wconf 75' lang='grc' dir='ltr'>τὰ</span> <span class='ocrx_word' id='word_1_371' title='bbox 1140 3635 1388 3707; x_wconf 82' lang='grc' dir='ltr'>μοναχῶν</span> <span class='ocrx_word' id='word_1_372' title='bbox 1423 3633 1728 3706; x_wconf 80' lang='grc' dir='ltr'>μυηθέντας</span> <span class='ocrx_word' id='word_1_373' title='bbox 1752 3630 1811 3682; x_wconf 74' lang='grc' dir='ltr'>ὲν</span> <span class='ocrx_word' id='word_1_374' title='bbox 1861 3629 1960 3681; x_wconf 78' lang='grc' dir='ltr'>Ἰεο</span> 
     </span>
    </p>
   </div>
   <div class='ocr_carea' id='block_1_55' title="bbox 397 3720 1964 3809">
    <p class='ocr_par' dir='ltr' id='par_1_55' title="bbox 397 3720 1964 3809">
     <span class='ocr_line' id='line_1_55' title="bbox 397 3720 1964 3809; baseline -0.013 -16"><span class='ocrx_word' id='word_1_375' title='bbox 397 3738 722 3809; x_wconf 84' lang='grc' dir='ltr'>ροσολύμοις</span> <span class='ocrx_word' id='word_1_376' title='bbox 775 3736 1018 3803; x_wconf 75' lang='grc' dir='ltr'>ἐνέτυχε,</span> <span class='ocrx_word' id='word_1_377' title='bbox 1077 3731 1138 3783; x_wconf 81' lang='grc' dir='ltr'><strong>τὸ</strong></span> <span class='ocrx_word' id='word_1_378' title='bbox 1191 3731 1293 3800; x_wconf 81' lang='grc' dir='ltr'>τῆς</span> <span class='ocrx_word' id='word_1_379' title='bbox 1343 3727 1578 3798; x_wconf 78' lang='grc' dir='ltr'>ἡσυχίας</span> <span class='ocrx_word' id='word_1_380' title='bbox 1627 3723 1833 3791; x_wconf 74' lang='grc' dir='ltr'>ενδυμα</span> <span class='ocrx_word' id='word_1_381' title='bbox 1867 3720 1964 3774; x_wconf 81' lang='grc' dir='ltr'>καὶ</span> 
     </span>
    </p>
   </div>
   <div class='ocr_carea' id='block_1_56' title="bbox 396 3812 1962 3896">
    <p class='ocr_par' dir='ltr' id='par_1_56' title="bbox 396 3812 1962 3896">
     <span class='ocr_line' id='line_1_56' title="bbox 396 3812 1962 3896; baseline -0.014 -11"><span class='ocrx_word' id='word_1_382' title='bbox 396 3833 559 3893; x_wconf 84' lang='grc' dir='ltr'>αὐτὸς</span> <span class='ocrx_word' id='word_1_383' title='bbox 590 3831 685 3883; x_wconf 73' lang='grc' dir='ltr'><strong>καὶ</strong></span> <span class='ocrx_word' id='word_1_384' title='bbox 711 3829 744 3896; x_wconf 77' lang='grc' dir='ltr'>ἡ</span> <span class='ocrx_word' id='word_1_385' title='bbox 777 3826 1012 3891; x_wconf 78' lang='grc' dir='ltr'>σύζυγος</span> <span class='ocrx_word' id='word_1_386' title='bbox 1041 3820 1388 3878; x_wconf 74' lang='grc' dir='ltr'>ὑποδύονται.</span> <span class='ocrx_word' id='word_1_387' title='bbox 1428 3818 1551 3869; x_wconf 80' lang='grc' dir='ltr'><strong>Ἐπὶ</strong></span> <span class='ocrx_word' id='word_1_388' title='bbox 1578 3816 1731 3868; x_wconf 83' lang='grc' dir='ltr'>τόσον</span> <span class='ocrx_word' id='word_1_389' title='bbox 1759 3812 1804 3865; x_wconf 77' lang='grc' dir='ltr'>δ’</span> <span class='ocrx_word' id='word_1_390' title='bbox 1839 3814 1962 3864; x_wconf 81' lang='grc' dir='ltr'>ὲπι-</span> 
     </span>
    </p>
   </div>
   <div class='ocr_carea' id='block_1_57' title="bbox 397 3903 1965 3988">
    <p class='ocr_par' dir='ltr' id='par_1_57' title="bbox 397 3903 1965 3988">
     <span class='ocr_line' id='line_1_57' title="bbox 397 3903 1965 3988; baseline -0.013 -12"><span class='ocrx_word' id='word_1_391' title='bbox 397 3924 582 3976; x_wconf 84' lang='grc' dir='ltr'>δοῦναι</span> <span class='ocrx_word' id='word_1_392' title='bbox 620 3920 815 3988; x_wconf 75' lang='grc' dir='ltr'>συνέϐη</span> <span class='ocrx_word' id='word_1_393' title='bbox 844 3918 1054 3980; x_wconf 81' lang='grc' dir='ltr'>πάντας</span> <span class='ocrx_word' id='word_1_394' title='bbox 1078 3915 1213 3983; x_wconf 84' lang='grc' dir='ltr'>πρὸς</span> <span class='ocrx_word' id='word_1_395' title='bbox 1237 3911 1458 3982; x_wconf 74' lang='grc' dir='ltr'>ἀρετὴν,</span> <span class='ocrx_word' id='word_1_396' title='bbox 1485 3909 1560 3970; x_wconf 82' lang='grc' dir='ltr'>ὡς</span> <span class='ocrx_word' id='word_1_397' title='bbox 1590 3908 1683 3959; x_wconf 78' lang='grc' dir='ltr'><strong>καὶ</strong></span> <span class='ocrx_word' id='word_1_398' title='bbox 1709 3903 1965 3972; x_wconf 77' lang='grc' dir='ltr'>Θαύματα</span> 
     </span>
    </p>
   </div>
   <div class='ocr_carea' id='block_1_58' title="bbox 399 3995 1967 4085">
    <p class='ocr_par' dir='ltr' id='par_1_58' title="bbox 399 3995 1967 4085">
     <span class='ocr_line' id='line_1_58' title="bbox 399 3995 1967 4085; baseline -0.015 -17"><span class='ocrx_word' id='word_1_399' title='bbox 399 4016 534 4085; x_wconf 75' lang='grc' dir='ltr'>δρᾷν</span> <span class='ocrx_word' id='word_1_400' title='bbox 567 4015 736 4082; x_wconf 81' lang='grc' dir='ltr'>γέρας</span> <span class='ocrx_word' id='word_1_401' title='bbox 764 4010 1046 4078; x_wconf 73' lang='grc' dir='ltr'>εἰληφέναι</span> <span class='ocrx_word' id='word_1_402' title='bbox 1074 4006 1228 4074; x_wconf 74' lang='grc' dir='ltr'>παρὰ</span> <span class='ocrx_word' id='word_1_403' title='bbox 1258 4001 1413 4056; x_wconf 83' lang='grc' dir='ltr'>Θεοῦ.</span> <span class='ocrx_word' id='word_1_404' title='bbox 1438 3999 1536 4052; x_wconf 73' lang='grc' dir='ltr'><strong>Διά</strong></span> <span class='ocrx_word' id='word_1_405' title='bbox 1568 3997 1682 4068; x_wconf 87' lang='grc' dir='ltr'>βίου</span> <span class='ocrx_word' id='word_1_406' title='bbox 1709 3995 1754 4049; x_wconf 77' lang='grc' dir='ltr'>δ’</span> <span class='ocrx_word' id='word_1_407' title='bbox 1777 3996 1967 4066; x_wconf 77' lang='grc' dir='ltr'>εὐάρε-</span> 
     </span>
    </p>
   </div>
   <div class='ocr_carea' id='block_1_59' title="bbox 401 4089 1962 4174">
    <p class='ocr_par' dir='ltr' id='par_1_59' title="bbox 401 4089 1962 4174">
     <span class='ocr_line' id='line_1_59' title="bbox 401 4089 1962 4174; baseline -0.014 -15"><span class='ocrx_word' id='word_1_408' title='bbox 401 4124 516 4159; x_wconf 87' lang='grc' dir='ltr'>στοι</span> <span class='ocrx_word' id='word_1_409' title='bbox 571 4103 691 4174; x_wconf 83' lang='grc' dir='ltr'><strong>Θεῷ</strong></span> <span class='ocrx_word' id='word_1_410' title='bbox 749 4100 1079 4170; x_wconf 79' lang='grc' dir='ltr'>γεγονότες,</span> <span class='ocrx_word' id='word_1_411' title='bbox 1138 4095 1275 4166; x_wconf 79' lang='grc' dir='ltr'>πρὸς</span> <span class='ocrx_word' id='word_1_412' title='bbox 1327 4091 1491 4146; x_wconf 81' lang='grc' dir='ltr'>αὐτὸν</span> <span class='ocrx_word' id='word_1_413' title='bbox 1547 4089 1962 4160; x_wconf 83' lang='grc' dir='ltr'>μετεχώρησαν.</span> 
     </span>
    </p>
   </div>
   <div class='ocr_carea' id='block_1_60' title="bbox 404 4179 1966 4268">
    <p class='ocr_par' dir='ltr' id='par_1_60' title="bbox 404 4179 1966 4268">
     <span class='ocr_line' id='line_1_60' title="bbox 404 4179 1966 4268; baseline -0.013 -17"><span class='ocrx_word' id='word_1_414' title='bbox 404 4195 751 4268; x_wconf 76' lang='grc' dir='ltr'>ιιροσεχὼρει</span> <span class='ocrx_word' id='word_1_415' title='bbox 795 4195 852 4247; x_wconf 82' lang='grc' dir='ltr'>δὲ</span> <span class='ocrx_word' id='word_1_416' title='bbox 880 4189 1183 4262; x_wconf 82' lang='grc' dir='ltr'>τηνικαῦτα</span> <span class='ocrx_word' id='word_1_417' title='bbox 1206 4190 1271 4257; x_wconf 77' lang='grc' dir='ltr'>τῇ</span> <span class='ocrx_word' id='word_1_418' title='bbox 1305 4186 1475 4255; x_wconf 77' lang='grc' dir='ltr'>ἀρετῇ</span> <span class='ocrx_word' id='word_1_419' title='bbox 1508 4181 1827 4244; x_wconf 77' lang='grc' dir='ltr'>ἑπαυξάνων</span> <span class='ocrx_word' id='word_1_420' title='bbox 1872 4179 1966 4232; x_wconf 74' lang='grc' dir='ltr'><strong>καὶ</strong></span> 
     </span>
    </p>
   </div>
   <div class='ocr_carea' id='block_1_61' title="bbox 400 4271 1967 4358">
    <p class='ocr_par' dir='ltr' id='par_1_61' title="bbox 400 4271 1967 4358">
     <span class='ocr_line' id='line_1_61' title="bbox 400 4271 1967 4358; baseline -0.016 -11"><span class='ocrx_word' id='word_1_421' title='bbox 400 4292 687 4358; x_wconf 70' lang='grc' dir='ltr'>Λύξέγτιος</span> <span class='ocrx_word' id='word_1_422' title='bbox 716 4291 924 4349; x_wconf 76' lang='grc' dir='ltr'>ἐκεῖνος</span> <span class='ocrx_word' id='word_1_423' title='bbox 957 4288 984 4338; x_wconf 84' lang='grc' dir='ltr'>ὁ</span> <span class='ocrx_word' id='word_1_424' title='bbox 1011 4282 1396 4351; x_wconf 78' lang='grc' dir='ltr'>πολυύμνητος</span> <span class='ocrx_word' id='word_1_425' title='bbox 1437 4275 1705 4345; x_wconf 82' lang='grc' dir='ltr'>ἀσκητὴς,</span> <span class='ocrx_word' id='word_1_426' title='bbox 1737 4275 1879 4325; x_wconf 80' lang='grc' dir='ltr'>κατὰ</span> <span class='ocrx_word' id='word_1_427' title='bbox 1906 4271 1967 4323; x_wconf 75' lang='grc' dir='ltr'>τὸ</span> 
     </span>
    </p>
   </div>
   <div class='ocr_carea' id='block_1_62' title="bbox 400 4367 1964 4454">
    <p class='ocr_par' dir='ltr' id='par_1_62' title="bbox 400 4367 1964 4454">
     <span class='ocr_line' id='line_1_62' title="bbox 400 4367 1964 4454; baseline -0.013 -16"><span class='ocrx_word' id='word_1_428' title='bbox 400 4386 630 4454; x_wconf 82' lang='grc' dir='ltr'>ἀντικρὺ</span> <span class='ocrx_word' id='word_1_429' title='bbox 660 4379 955 4446; x_wconf 76' lang='grc' dir='ltr'>Βυζαντίου</span> <span class='ocrx_word' id='word_1_430' title='bbox 1001 4377 1348 4444; x_wconf 83' lang='grc' dir='ltr'>διακείμενον</span> <span class='ocrx_word' id='word_1_431' title='bbox 1376 4371 1504 4442; x_wconf 76' lang='grc' dir='ltr'>ὅρος</span> <span class='ocrx_word' id='word_1_432' title='bbox 1543 4370 1646 4422; x_wconf 72' lang='grc' dir='ltr'><strong>ἀνὰ</strong></span> <span class='ocrx_word' id='word_1_433' title='bbox 1674 4369 1774 4438; x_wconf 83' lang='grc' dir='ltr'><strong>τὴν</strong></span> <span class='ocrx_word' id='word_1_434' title='bbox 1804 4367 1964 4420; x_wconf 79' lang='grc' dir='ltr'>Βιθυο</span> 
     </span>
    </p>
   </div>
   <div class='ocr_carea' id='block_1_63' title="bbox 401 4461 1968 4542">
    <p class='ocr_par' dir='ltr' id='par_1_63' title="bbox 401 4461 1968 4542">
     <span class='ocr_line' id='line_1_63' title="bbox 401 4461 1968 4542; baseline -0.013 -11"><span class='ocrx_word' id='word_1_435' title='bbox 401 4477 532 4542; x_wconf 82' lang='grc' dir='ltr'>νῶν,</span> <span class='ocrx_word' id='word_1_436' title='bbox 560 4477 769 4537; x_wconf 83' lang='grc' dir='ltr'>πάντας</span> <span class='ocrx_word' id='word_1_437' title='bbox 811 4473 938 4534; x_wconf 76' lang='grc' dir='ltr'>τοὺς</span> <span class='ocrx_word' id='word_1_438' title='bbox 988 4466 1307 4538; x_wconf 81' lang='grc' dir='ltr'>περικύκλῳ</span> <span class='ocrx_word' id='word_1_439' title='bbox 1350 4462 1590 4535; x_wconf 78' lang='grc' dir='ltr'>’βουνοὺς</span> <span class='ocrx_word' id='word_1_440' title='bbox 1635 4461 1968 4531; x_wconf 80' lang='grc' dir='ltr'>ὑπερκείμε-</span> 
     </span>
    </p>
   </div>
   <div class='ocr_carea' id='block_1_64' title="bbox 401 4588 514 4627">
    <p class='ocr_par' dir='ltr' id='par_1_64' title="bbox 401 4588 514 4627">
     <span class='ocr_line' id='line_1_64' title="bbox 401 4588 514 4627; baseline -0.027 0"><span class='ocrx_word' id='word_1_441' title='bbox 401 4588 490 4627; x_wconf 82' lang='grc' dir='ltr'><strong>νον</strong></span> <span class='ocrx_word' id='word_1_442' title='bbox 497 4606 514 4625; x_wconf 81' lang='grc' dir='ltr'><strong>ο</strong></span> 
     </span>
    </p>
   </div>
   <div class='ocr_carea' id='block_1_65' title="bbox 988 4671 1378 4728">
    <p class='ocr_par' dir='ltr' id='par_1_65' title="bbox 988 4671 1378 4728">
     <span class='ocr_line' id='line_1_65' title="bbox 988 4671 1378 4728; baseline -0.003 0"><span class='ocrx_word' id='word_1_443' title='bbox 988 4673 1243 4728; x_wconf 77' lang='grc' dir='ltr'><strong>ΚΕΦᾹΛ.</strong></span> <span class='ocrx_word' id='word_1_444' title='bbox 1278 4671 1378 4727; x_wconf 86' lang='grc' dir='ltr'><strong>1Γ’.</strong></span> 
     </span>
    </p>
   </div>
   <div class='ocr_carea' id='block_1_66' title="bbox 403 4759 1969 4843">
    <p class='ocr_par' dir='ltr' id='par_1_66' title="bbox 403 4759 1969 4843">
     <span class='ocr_line' id='line_1_66' title="bbox 403 4759 1969 4843; baseline -0.013 -12"><span class='ocrx_word' id='word_1_445' title='bbox 403 4777 541 4843; x_wconf 78' lang='grc' dir='ltr'>Περὶ</span> <span class='ocrx_word' id='word_1_446' title='bbox 565 4773 672 4828; x_wconf 86' lang='grc' dir='ltr'>τοῦ</span> <span class='ocrx_word' id='word_1_447' title='bbox 709 4771 878 4840; x_wconf 64' lang='lat' dir='ltr'><strong>drr’ov</strong></span> <span class='ocrx_word' id='word_1_448' title='bbox 899 4766 1207 4843; x_wconf 66' lang='grc' dir='ltr'>Ἰσιιᾷῴρου</span> <span class='ocrx_word' id='word_1_449' title='bbox 1236 4763 1816 4843; x_wconf 37' lang='grc' dir='ltr'>τοῦ-Πηλουσιωςοιζυ</span> <span class='ocrx_word' id='word_1_450' title='bbox 1869 4759 1969 4811; x_wconf 78' lang='grc' dir='ltr'>καὶ</span> 
     </span>
    </p>
   </div>
   <div class='ocr_carea' id='block_1_67' title="bbox 473 4833 1971 4909">
    <p class='ocr_par' dir='ltr' id='par_1_67' title="bbox 473 4833 1971 4909">
     <span class='ocr_line' id='line_1_67' title="bbox 473 4833 1971 4909; baseline -0.014 -8"><span class='ocrx_word' id='word_1_451' title='bbox 473 4833 569 4901; x_wconf 66' lang='grc' dir='ltr'>δῖα</span> <span class='ocrx_word' id='word_1_452' title='bbox 597 4833 867 4909; x_wconf 61' lang='grc' dir='ltr'><strong>Κινρίλλῳ</strong></span> <span class='ocrx_word' id='word_1_453' title='bbox 889 4839 988 4892; x_wconf 74' lang='grc' dir='ltr'><strong>καί</strong></span> <span class='ocrx_word' id='word_1_454' title='bbox 1005 4838 1219 4901; x_wconf 67' lang='grc' dir='ltr'>ἄλλοις</span> <span class='ocrx_word' id='word_1_455' title='bbox 1244 4835 1397 4902; x_wconf 83' lang='grc' dir='ltr'>ὑπὲρ</span> <span class='ocrx_word' id='word_1_456' title='bbox 1426 4834 1532 4886; x_wconf 83' lang='grc' dir='ltr'>τοῦ</span> <span class='ocrx_word' id='word_1_457' title='bbox 1553 4833 1712 4902; x_wconf 77' lang='grc' dir='ltr'>ἱεροῦ</span> <span class='ocrx_word' id='word_1_458' title='bbox 1745 4833 1971 4899; x_wconf 84' lang='grc' dir='ltr'>Χρυσο-</span> 
     </span>
    </p>
   </div>
   <div class='ocr_carea' id='block_1_68' title="bbox 473 4914 968 4982">
    <p class='ocr_par' dir='ltr' id='par_1_68' title="bbox 473 4914 968 4982">
     <span class='ocr_line' id='line_1_68' title="bbox 473 4914 968 4982; baseline -0.02 -11"><span class='ocrx_word' id='word_1_459' title='bbox 473 4921 702 4982; x_wconf 79' lang='grc' dir='ltr'>στόμου</span> <span class='ocrx_word' id='word_1_460' title='bbox 735 4914 968 4981; x_wconf 67' lang='grc' dir='ltr'>γράφει.</span> 
     </span>
    </p>
   </div>
   <div class='ocr_carea' id='block_1_69' title="bbox 472 5017 1973 5096">
    <p class='ocr_par' dir='ltr' id='par_1_69' title="bbox 472 5017 1973 5096">
     <span class='ocr_line' id='line_1_69' title="bbox 472 5017 1973 5096; baseline -0.01 -13"><span class='ocrx_word' id='word_1_461' title='bbox 472 5032 584 5084; x_wconf 83' lang='grc' dir='ltr'>Οὐκ</span> <span class='ocrx_word' id='word_1_462' title='bbox 619 5027 820 5096; x_wconf 82' lang='grc' dir='ltr'>ἀρετῆς</span> <span class='ocrx_word' id='word_1_463' title='bbox 858 5025 914 5076; x_wconf 76' lang='grc' dir='ltr'>δὲ</span> <span class='ocrx_word' id='word_1_464' title='bbox 951 5024 1114 5092; x_wconf 69' lang='grc' dir='ltr'>μόνον</span> <span class='ocrx_word' id='word_1_465' title='bbox 1163 5021 1358 5091; x_wconf 76' lang='grc' dir='ltr'>ἄνδρες</span> <span class='ocrx_word' id='word_1_466' title='bbox 1390 5017 1698 5090; x_wconf 77' lang='grc' dir='ltr'>τηνικαῦτα</span> <span class='ocrx_word' id='word_1_467' title='bbox 1749 5017 1973 5087; x_wconf 71' lang='grc' dir='ltr'>διέλαμ-</span> 
     </span>
    </p>
   </div>
   <div class='ocr_carea' id='block_1_70' title="bbox 404 5111 1974 5185">
    <p class='ocr_par' dir='ltr' id='par_1_70' title="bbox 404 5111 1974 5185">
     <span class='ocr_line' id='line_1_70' title="bbox 404 5111 1974 5185; baseline -0.009 -10"><span class='ocrx_word' id='word_1_468' title='bbox 404 5140 525 5185; x_wconf 88' lang='grc' dir='ltr'>πον,</span> <span class='ocrx_word' id='word_1_469' title='bbox 567 5121 702 5172; x_wconf 77' lang='grc' dir='ltr'>ἀλλὰ</span> <span class='ocrx_word' id='word_1_470' title='bbox 732 5119 826 5170; x_wconf 73' lang='grc' dir='ltr'>καὶ</span> <span class='ocrx_word' id='word_1_471' title='bbox 852 5117 1011 5182; x_wconf 80' lang='grc' dir='ltr'>λόγος</span> <span class='ocrx_word' id='word_1_472' title='bbox 1047 5116 1104 5166; x_wconf 78' lang='grc' dir='ltr'><strong>έν</strong></span> <span class='ocrx_word' id='word_1_473' title='bbox 1137 5113 1322 5182; x_wconf 84' lang='grc' dir='ltr'>ταυτῷ</span> <span class='ocrx_word' id='word_1_474' title='bbox 1350 5113 1594 5183; x_wconf 80' lang='grc' dir='ltr'>συνᾴδων</span> <span class='ocrx_word' id='word_1_475' title='bbox 1636 5114 1747 5174; x_wconf 86' lang='grc' dir='ltr'>τοῖς</span> <span class='ocrx_word' id='word_1_476' title='bbox 1787 5111 1974 5179; x_wconf 79' lang='grc' dir='ltr'>ἔργοις</span> 
     </span>
    </p>
   </div>
   <div class='ocr_carea' id='block_1_71' title="bbox 402 5203 1973 5281">
    <p class='ocr_par' dir='ltr' id='par_1_71' title="bbox 402 5203 1973 5281">
     <span class='ocr_line' id='line_1_71' title="bbox 402 5203 1973 5281; baseline -0.009 -13"><span class='ocrx_word' id='word_1_477' title='bbox 402 5217 628 5276; x_wconf 68' lang='grc' dir='ltr'>ἐκείνοις</span> <span class='ocrx_word' id='word_1_478' title='bbox 652 5212 939 5281; x_wconf 85' lang='grc' dir='ltr'>διέπρεπε.</span> <span class='ocrx_word' id='word_1_479' title='bbox 963 5207 1129 5274; x_wconf 83' lang='grc' dir='ltr'>Διττὴ</span> <span class='ocrx_word' id='word_1_480' title='bbox 1147 5209 1255 5276; x_wconf 76' lang='grc' dir='ltr'><strong>γάρ</strong></span> <span class='ocrx_word' id='word_1_481' title='bbox 1279 5205 1568 5273; x_wconf 73' lang='grc' dir='ltr'>φιλοσοφία</span> <span class='ocrx_word' id='word_1_482' title='bbox 1593 5203 1973 5272; x_wconf 80' lang='grc' dir='ltr'>συνδραμοῦσα</span> 
     </span>
    </p>
   </div>
   <div class='ocr_carea' id='block_1_72' title="bbox 402 5295 1967 5372">
    <p class='ocr_par' dir='ltr' id='par_1_72' title="bbox 402 5295 1967 5372">
     <span class='ocr_line' id='line_1_72' title="bbox 402 5295 1967 5372; baseline -0.008 -10"><span class='ocrx_word' id='word_1_483' title='bbox 402 5311 601 5362; x_wconf 79' lang='grc' dir='ltr'>θᾶττον</span> <span class='ocrx_word' id='word_1_484' title='bbox 655 5304 851 5372; x_wconf 82' lang='grc' dir='ltr'>ἀνάγει</span> <span class='ocrx_word' id='word_1_485' title='bbox 891 5303 984 5355; x_wconf 76' lang='grc' dir='ltr'><strong>τὸν</strong></span> <span class='ocrx_word' id='word_1_486' title='bbox 1037 5300 1186 5362; x_wconf 81' lang='grc' dir='ltr'>νοῦν,</span> <span class='ocrx_word' id='word_1_487' title='bbox 1218 5301 1312 5352; x_wconf 81' lang='grc' dir='ltr'><strong>καὶ</strong></span> <span class='ocrx_word' id='word_1_488' title='bbox 1344 5299 1423 5368; x_wconf 83' lang='grc' dir='ltr'><strong>τῷ</strong></span> <span class='ocrx_word' id='word_1_489' title='bbox 1472 5297 1795 5366; x_wconf 77' lang='grc' dir='ltr'>ποθουμένῳ</span> <span class='ocrx_word' id='word_1_490' title='bbox 1840 5295 1967 5349; x_wconf 79' lang='grc' dir='ltr'>ἑνοῖ.</span> 
     </span>
    </p>
   </div>
   <div class='ocr_carea' id='block_1_73' title="bbox 403 5385 1974 5469">
    <p class='ocr_par' dir='ltr' id='par_1_73' title="bbox 403 5385 1974 5469">
     <span class='ocr_line' id='line_1_73' title="bbox 403 5385 1974 5469; baseline -0.01 -16"><span class='ocrx_word' id='word_1_491' title='bbox 403 5397 505 5453; x_wconf 85' lang='grc' dir='ltr'><strong>Οἷα</strong></span> <span class='ocrx_word' id='word_1_492' title='bbox 535 5401 641 5469; x_wconf 82' lang='grc' dir='ltr'><strong>γάρ</strong></span> <span class='ocrx_word' id='word_1_493' title='bbox 695 5413 808 5449; x_wconf 90' lang='grc' dir='ltr'>τισι</span> <span class='ocrx_word' id='word_1_494' title='bbox 864 5396 986 5447; x_wconf 74' lang='grc' dir='ltr'>δυσὶ</span> <span class='ocrx_word' id='word_1_495' title='bbox 1037 5393 1321 5460; x_wconf 78' lang='grc' dir='ltr'>πτέρυξιν,</span> <span class='ocrx_word' id='word_1_496' title='bbox 1359 5385 1402 5458; x_wconf 83' lang='grc' dir='ltr'>ᾧ</span> <span class='ocrx_word' id='word_1_497' title='bbox 1438 5391 1532 5443; x_wconf 75' lang='grc' dir='ltr'>καὶ</span> <span class='ocrx_word' id='word_1_498' title='bbox 1573 5390 1739 5458; x_wconf 66' lang='grc' dir='ltr'>ἄμφω</span> <span class='ocrx_word' id='word_1_499' title='bbox 1772 5388 1974 5454; x_wconf 83' lang='grc' dir='ltr'>συγγέ-</span> 
     </span>
    </p>
   </div>
   <div class='ocr_carea' id='block_1_74' title="bbox 402 5475 1972 5562">
    <p class='ocr_par' dir='ltr' id='par_1_74' title="bbox 402 5475 1972 5562">
     <span class='ocr_line' id='line_1_74' title="bbox 402 5475 1972 5562; baseline -0.01 -18"><span class='ocrx_word' id='word_1_500' title='bbox 402 5509 599 5557; x_wconf 86' lang='grc' dir='ltr'>νοιντο,</span> <span class='ocrx_word' id='word_1_501' title='bbox 636 5489 868 5562; x_wconf 79' lang='grc' dir='ltr'>χρῆσθαι</span> <span class='ocrx_word' id='word_1_502' title='bbox 903 5483 1197 5554; x_wconf 79' lang='grc' dir='ltr'>συμὸαίνει</span> <span class='ocrx_word' id='word_1_503' title='bbox 1222 5498 1237 5513; x_wconf 82' lang='lat'><strong>&#39;</strong></span> <span class='ocrx_word' id='word_1_504' title='bbox 1278 5475 1373 5534; x_wconf 65' lang='lat' dir='ltr'><strong>iui.</strong></span> <span class='ocrx_word' id='word_1_505' title='bbox 1415 5484 1548 5552; x_wconf 75' lang='grc' dir='ltr'>πρὸς</span> <span class='ocrx_word' id='word_1_506' title='bbox 1581 5481 1812 5551; x_wconf 81' lang='grc' dir='ltr'>οὐρανὸν</span> <span class='ocrx_word' id='word_1_507' title='bbox 1857 5479 1972 5531; x_wconf 83' lang='grc' dir='ltr'>ἁνί-</span> 
     </span>
    </p>
   </div>
   <div class='ocr_carea' id='block_1_75' title="bbox 403 5570 1972 5643">
    <p class='ocr_par' dir='ltr' id='par_1_75' title="bbox 403 5570 1972 5643">
     <span class='ocr_line' id='line_1_75' title="bbox 403 5570 1972 5643; baseline -0.01 -6"><span class='ocrx_word' id='word_1_508' title='bbox 403 5584 642 5638; x_wconf 83' lang='grc' dir='ltr'>πτασθαι</span> <span class='ocrx_word' id='word_1_509' title='bbox 673 5581 883 5642; x_wconf 82' lang='grc' dir='ltr'>ὁλικαῖς</span> <span class='ocrx_word' id='word_1_510' title='bbox 909 5577 1243 5633; x_wconf 74' lang='grc' dir='ltr'>ἀναϐάσεσιν</span> <span class='ocrx_word' id='word_1_511' title='bbox 1265 5577 1338 5638; x_wconf 83' lang='grc' dir='ltr'><strong>ὡς</strong></span> <span class='ocrx_word' id='word_1_512' title='bbox 1362 5575 1522 5643; x_wconf 85' lang='grc' dir='ltr'>τάχος</span> <span class='ocrx_word' id='word_1_513' title='bbox 1552 5575 1789 5642; x_wconf 72' lang='grc' dir='ltr'>ἐπαίρει.</span> <span class='ocrx_word' id='word_1_514' title='bbox 1816 5570 1972 5633; x_wconf 75' lang='grc' dir='ltr'>Οἴους</span> 
     </span>
    </p>
   </div>
   <div class='ocr_carea' id='block_1_76' title="bbox 403 5667 1970 5746">
    <p class='ocr_par' dir='ltr' id='par_1_76' title="bbox 403 5667 1970 5746">
     <span class='ocr_line' id='line_1_76' title="bbox 403 5667 1970 5746; baseline -0.007 -18"><span class='ocrx_word' id='word_1_515' title='bbox 403 5675 600 5746; x_wconf 74' lang='grc' dir='ltr'>ἄιδρας</span> <span class='ocrx_word' id='word_1_516' title='bbox 635 5674 731 5727; x_wconf 80' lang='grc' dir='ltr'>καὶ</span> <span class='ocrx_word' id='word_1_517' title='bbox 779 5673 807 5725; x_wconf 84' lang='grc' dir='ltr'><strong>ὀ</strong></span> <span class='ocrx_word' id='word_1_518' title='bbox 839 5669 1144 5742; x_wconf 86' lang='grc' dir='ltr'>τηνικαῦτα</span> <span class='ocrx_word' id='word_1_519' title='bbox 1175 5671 1362 5738; x_wconf 80' lang='grc' dir='ltr'>χρόνος</span> <span class='ocrx_word' id='word_1_520' title='bbox 1391 5668 1754 5736; x_wconf 78' lang='grc' dir='ltr'>προήνεγκεν,</span> <span class='ocrx_word' id='word_1_521' title='bbox 1801 5667 1970 5732; x_wconf 76' lang='grc' dir='ltr'>ἀρετῇ</span> 
     </span>
    </p>
   </div>
   <div class='ocr_carea' id='block_1_77' title="bbox 404 5754 1971 5837">
    <p class='ocr_par' dir='ltr' id='par_1_77' title="bbox 404 5754 1971 5837">
     <span class='ocr_line' id='line_1_77' title="bbox 404 5754 1971 5837; baseline -0.01 -16"><span class='ocrx_word' id='word_1_522' title='bbox 404 5770 498 5821; x_wconf 77' lang='grc' dir='ltr'>καὶ</span> <span class='ocrx_word' id='word_1_523' title='bbox 541 5768 686 5837; x_wconf 87' lang='grc' dir='ltr'>λόγῳ</span> <span class='ocrx_word' id='word_1_524' title='bbox 743 5767 805 5819; x_wconf 83' lang='grc' dir='ltr'>τὸ</span> <span class='ocrx_word' id='word_1_525' title='bbox 859 5766 1147 5832; x_wconf 80' lang='grc' dir='ltr'>εὐδόκιμον</span> <span class='ocrx_word' id='word_1_526' title='bbox 1198 5760 1547 5830; x_wconf 74' lang='grc' dir='ltr'>ἐσχηκότας·</span> <span class='ocrx_word' id='word_1_527' title='bbox 1603 5754 1713 5817; x_wconf 77' lang='grc' dir='ltr'>οἷος</span> <span class='ocrx_word' id='word_1_528' title='bbox 1769 5759 1971 5816; x_wconf 80' lang='grc' dir='ltr'>ἐκεῖνος</span> 
     </span>
    </p>
   </div>
   <div class='ocr_carea' id='block_1_78' title="bbox 415 5850 1968 5930">
    <p class='ocr_par' dir='ltr' id='par_1_78' title="bbox 415 5850 1968 5930">
     <span class='ocr_line' id='line_1_78' title="bbox 415 5850 1968 5930; baseline -0.01 -16"><span class='ocrx_word' id='word_1_529' title='bbox 415 5861 738 5930; x_wconf 80' lang='grc' dir='ltr'>Ἰσίδωροςό</span> <span class='ocrx_word' id='word_1_530' title='bbox 770 5859 863 5914; x_wconf 80' lang='grc' dir='ltr'><strong>τοῦ</strong></span> <span class='ocrx_word' id='word_1_531' title='bbox 918 5855 1219 5929; x_wconf 77' lang='grc' dir='ltr'>Πηλουσίου</span> <span class='ocrx_word' id='word_1_532' title='bbox 1271 5854 1431 5924; x_wconf 76' lang='grc' dir='ltr'>ὅρους</span> <span class='ocrx_word' id='word_1_533' title='bbox 1484 5850 1968 5921; x_wconf 76' lang='grc' dir='ltr'>καθηγηςάμενος,</span> 
     </span>
    </p>
   </div>
   <div class='ocr_carea' id='block_1_79' title="bbox 1455 3223 2028 3333">
    <p class='ocr_par' dir='ltr' id='par_1_79' title="bbox 1455 3223 2028 3333">
     <span class='ocr_line' id='line_1_79' title="bbox 1455 3223 2028 3333; baseline -0.01 -14"><span class='ocrx_word' id='word_1_534' title='bbox 1455 3223 1549 3319; x_wconf 48' lang='lat' dir='ltr'><strong>ea</strong></span> <span class='ocrx_word' id='word_1_535' title='bbox 1575 3223 1818 3333; x_wconf 60' lang='grc' dir='ltr'>Ῑιαὲζεῐέι</span> <span class='ocrx_word' id='word_1_536' title='bbox 1856 3223 1956 3316; x_wconf 49' lang='lat' dir='ltr'><strong>In</strong></span> <span class='ocrx_word' id='word_1_537' title='bbox 1982 3223 2028 3287; x_wconf 75' lang='grc' dir='ltr'>ο</span> 
     </span>
    </p>
   </div>
   <div class='ocr_carea' id='block_1_80' title="bbox 2045 1981 3607 2053">
    <p class='ocr_par' dir='ltr' id='par_1_80' title="bbox 2045 1981 3607 2053">
     <span class='ocr_line' id='line_1_80' title="bbox 2045 1981 3607 2053; baseline -0.01 -8"><span class='ocrx_word' id='word_1_538' title='bbox 2045 1989 2322 2045; x_wconf 85' lang='lat' dir='ltr'><strong>scribendi</strong></span> <span class='ocrx_word' id='word_1_539' title='bbox 2347 2002 2501 2042; x_wconf 82' lang='lat' dir='ltr'><strong>nunc</strong></span> <span class='ocrx_word' id='word_1_540' title='bbox 2531 1988 2683 2041; x_wconf 92' lang='lat' dir='ltr'><strong>locus</strong></span> <span class='ocrx_word' id='word_1_541' title='bbox 2711 2001 2818 2039; x_wconf 92' lang='lat' dir='ltr'><strong>non</strong></span> <span class='ocrx_word' id='word_1_542' title='bbox 2840 1996 2942 2039; x_wconf 90' lang='lat' dir='ltr'><strong>est.</strong></span> <span class='ocrx_word' id='word_1_543' title='bbox 2965 1984 3102 2038; x_wconf 88' lang='lat' dir='ltr'><strong>Tum</strong></span> <span class='ocrx_word' id='word_1_544' title='bbox 3122 1997 3344 2053; x_wconf 86' lang='lat' dir='ltr'><strong>quoque</strong></span> <span class='ocrx_word' id='word_1_545' title='bbox 3365 1981 3607 2036; x_wconf 83' lang='lat' dir='ltr'><strong>Eudocia</strong></span> 
     </span>
    </p>
   </div>
   <div class='ocr_carea' id='block_1_81' title="bbox 2046 2075 3612 2154">
    <p class='ocr_par' dir='ltr' id='par_1_81' title="bbox 2046 2075 3612 2154">
     <span class='ocr_line' id='line_1_81' title="bbox 2046 2075 3612 2154; baseline -0.01 -14"><span class='ocrx_word' id='word_1_546' title='bbox 2046 2087 2311 2154; x_wconf 80' lang='lat' dir='ltr'><strong>Angusta,</strong></span> <span class='ocrx_word' id='word_1_547' title='bbox 2344 2097 2464 2152; x_wconf 74' lang='lat' dir='ltr'><strong>qua:</strong></span> <span class='ocrx_word' id='word_1_548' title='bbox 2493 2097 2520 2133; x_wconf 91' lang='lat' dir='ltr'><strong>a</strong></span> <span class='ocrx_word' id='word_1_549' title='bbox 2555 2091 2703 2135; x_wconf 87' lang='lat' dir='ltr'><strong>recta</strong></span> <span class='ocrx_word' id='word_1_550' title='bbox 2737 2079 2818 2133; x_wconf 74' lang='lat' dir='ltr'><strong>ria</strong></span> <span class='ocrx_word' id='word_1_551' title='bbox 2845 2079 3219 2139; x_wconf 83' lang='lat' dir='ltr'><strong>aberraverat,</strong></span> <span class='ocrx_word' id='word_1_552' title='bbox 3241 2075 3469 2128; x_wconf 81' lang='lat' dir='ltr'><strong>veritate</strong></span> <span class='ocrx_word' id='word_1_553' title='bbox 3494 2089 3612 2126; x_wconf 33' lang='lat' dir='ltr'><strong>rur&#39;</strong></span> 
     </span>
    </p>
   </div>
   <div class='ocr_carea' id='block_1_82' title="bbox 2046 2167 3608 2246">
    <p class='ocr_par' dir='ltr' id='par_1_82' title="bbox 2046 2167 3608 2246">
     <span class='ocr_line' id='line_1_82' title="bbox 2046 2167 3608 2246; baseline -0.008 -15"><span class='ocrx_word' id='word_1_554' title='bbox 2046 2192 2140 2231; x_wconf 89' lang='lat' dir='ltr'><strong>sus</strong></span> <span class='ocrx_word' id='word_1_555' title='bbox 2178 2177 2392 2246; x_wconf 78' lang='lat' dir='ltr'><strong>cdgnita</strong></span> <span class='ocrx_word' id='word_1_556' title='bbox 2453 2174 2521 2228; x_wconf 91' lang='lat' dir='ltr'><strong>ab</strong></span> <span class='ocrx_word' id='word_1_557' title='bbox 2555 2172 3020 2242; x_wconf 82' lang='lat' dir='ltr'><strong>Eutychianorum</strong></span> <span class='ocrx_word' id='word_1_558' title='bbox 3079 2167 3317 2222; x_wconf 78' lang='lat' dir='ltr'><strong>factione</strong></span> <span class='ocrx_word' id='word_1_559' title='bbox 3354 2167 3608 2220; x_wconf 90' lang='lat' dir='ltr'><strong>secessit.</strong></span> 
     </span>
    </p>
   </div>
   <div class='ocr_carea' id='block_1_83' title="bbox 2047 2258 3615 2338">
    <p class='ocr_par' dir='ltr' id='par_1_83' title="bbox 2047 2258 3615 2338">
     <span class='ocr_line' id='line_1_83' title="bbox 2047 2258 3615 2338; baseline -0.01 -14"><span class='ocrx_word' id='word_1_560' title='bbox 2047 2269 2127 2324; x_wconf 86' lang='lat' dir='ltr'><strong>Ad</strong></span> <span class='ocrx_word' id='word_1_561' title='bbox 2173 2267 2528 2338; x_wconf 81' lang='lat' dir='ltr'><strong>Enthymium</strong></span> <span class='ocrx_word' id='word_1_562' title='bbox 2585 2267 2749 2319; x_wconf 87' lang='lat' dir='ltr'><strong>etiam</strong></span> <span class='ocrx_word' id='word_1_563' title='bbox 2803 2264 3009 2316; x_wconf 87' lang='lat' dir='ltr'><strong>virtute</strong></span> <span class='ocrx_word' id='word_1_564' title='bbox 3057 2261 3353 2331; x_wconf 68' lang='lat' dir='ltr'><strong>praeclarus</strong></span> <span class='ocrx_word' id='word_1_565' title='bbox 3387 2258 3615 2315; x_wconf 86' lang='lat' dir='ltr'><strong>Sabbas.</strong></span> 
     </span>
    </p>
   </div>
   <div class='ocr_carea' id='block_1_84' title="bbox 2050 2351 3617 2425">
    <p class='ocr_par' dir='ltr' id='par_1_84' title="bbox 2050 2351 3617 2425">
     <span class='ocr_line' id='line_1_84' title="bbox 2050 2351 3617 2425; baseline -0.007 -11"><span class='ocrx_word' id='word_1_566' title='bbox 2050 2361 2371 2415; x_wconf 78' lang='lat' dir='ltr'><strong>adolescens</strong></span> <span class='ocrx_word' id='word_1_567' title='bbox 2398 2360 2602 2421; x_wconf 84' lang='lat' dir='ltr'><strong>adhuc,</strong></span> <span class='ocrx_word' id='word_1_568' title='bbox 2645 2358 2795 2410; x_wconf 87' lang='lat' dir='ltr'><strong>venit</strong></span> <span class='ocrx_word' id='word_1_569' title='bbox 2828 2378 2839 2410; x_wconf 93' lang='lat'><strong>:</strong></span> <span class='ocrx_word' id='word_1_570' title='bbox 2868 2370 3033 2425; x_wconf 88' lang='lat' dir='ltr'><strong>quem</strong></span> <span class='ocrx_word' id='word_1_571' title='bbox 3097 2353 3189 2407; x_wconf 88' lang='lat' dir='ltr'><strong>ubi</strong></span> <span class='ocrx_word' id='word_1_572' title='bbox 3227 2353 3318 2407; x_wconf 91' lang='lat' dir='ltr'><strong>ille</strong></span> <span class='ocrx_word' id='word_1_573' title='bbox 3372 2351 3617 2412; x_wconf 82' lang='lat' dir='ltr'><strong>vidisset,</strong></span> 
     </span>
    </p>
   </div>
   <div class='ocr_carea' id='block_1_85' title="bbox 2049 2444 3621 2523">
    <p class='ocr_par' dir='ltr' id='par_1_85' title="bbox 2049 2444 3621 2523">
     <span class='ocr_line' id='line_1_85' title="bbox 2049 2444 3621 2523; baseline -0.006 -17"><span class='ocrx_word' id='word_1_574' title='bbox 2049 2452 2226 2522; x_wconf 86' lang='lat' dir='ltr'><strong>qualis</strong></span> <span class='ocrx_word' id='word_1_575' title='bbox 2261 2451 2480 2523; x_wconf 73' lang='lat' dir='ltr'><strong>futurus</strong></span> <span class='ocrx_word' id='word_1_576' title='bbox 2523 2457 2669 2504; x_wconf 86' lang='lat' dir='ltr'><strong>esset</strong></span> <span class='ocrx_word' id='word_1_577' title='bbox 2709 2449 2852 2502; x_wconf 89' lang='lat' dir='ltr'><strong>clare</strong></span> <span class='ocrx_word' id='word_1_578' title='bbox 2889 2445 3160 2516; x_wconf 64' lang='lat' dir='ltr'><strong>praedixit.</strong></span> <span class='ocrx_word' id='word_1_579' title='bbox 3201 2444 3421 2498; x_wconf 90' lang='lat' dir='ltr'><strong>Eisdem</strong></span> <span class='ocrx_word' id='word_1_580' title='bbox 3480 2453 3621 2498; x_wconf 80' lang='lat' dir='ltr'><strong>tem-</strong></span> 
     </span>
    </p>
   </div>
   <div class='ocr_carea' id='block_1_86' title="bbox 2051 2533 3619 2613">
    <p class='ocr_par' dir='ltr' id='par_1_86' title="bbox 2051 2533 3619 2613">
     <span class='ocr_line' id='line_1_86' title="bbox 2051 2533 3619 2613; baseline -0.007 -18"><span class='ocrx_word' id='word_1_581' title='bbox 2051 2543 2280 2613; x_wconf 86' lang='lat' dir='ltr'><strong>poribus</strong></span> <span class='ocrx_word' id='word_1_582' title='bbox 2318 2550 2373 2594; x_wconf 87' lang='lat' dir='ltr'><strong>et</strong></span> <span class='ocrx_word' id='word_1_583' title='bbox 2428 2541 2586 2594; x_wconf 85' lang='lat' dir='ltr'><strong>Titus</strong></span> <span class='ocrx_word' id='word_1_584' title='bbox 2641 2538 2952 2591; x_wconf 86' lang='lat' dir='ltr'><strong>Bostrensis</strong></span> <span class='ocrx_word' id='word_1_585' title='bbox 2989 2537 3162 2605; x_wconf 78' lang='lat' dir='ltr'><strong>viguit</strong></span> <span class='ocrx_word' id='word_1_586' title='bbox 3216 2553 3231 2589; x_wconf 90' lang='lat'><strong>:</strong></span> <span class='ocrx_word' id='word_1_587' title='bbox 3268 2536 3399 2589; x_wconf 86' lang='lat' dir='ltr'><strong>item</strong></span> <span class='ocrx_word' id='word_1_588' title='bbox 3433 2533 3619 2594; x_wconf 85' lang='lat' dir='ltr'><strong>Bassa,</strong></span> 
     </span>
    </p>
   </div>
   <div class='ocr_carea' id='block_1_87' title="bbox 2051 2627 3624 2688">
    <p class='ocr_par' dir='ltr' id='par_1_87' title="bbox 2051 2627 3624 2688">
     <span class='ocr_line' id='line_1_87' title="bbox 2051 2627 3624 2688; baseline -0.006 0"><span class='ocrx_word' id='word_1_589' title='bbox 2051 2635 2279 2688; x_wconf 85' lang='lat' dir='ltr'><strong>Tatiana</strong></span> <span class='ocrx_word' id='word_1_590' title='bbox 2315 2642 2369 2687; x_wconf 93' lang='lat' dir='ltr'><strong>et</strong></span> <span class='ocrx_word' id='word_1_591' title='bbox 2398 2631 2716 2686; x_wconf 87' lang='lat' dir='ltr'><strong>admiranda</strong></span> <span class='ocrx_word' id='word_1_592' title='bbox 2770 2630 3013 2685; x_wconf 78' lang='lat' dir='ltr'><strong>Melana.</strong></span> <span class='ocrx_word' id='word_1_593' title='bbox 3054 2630 3322 2682; x_wconf 68' lang='lat' dir='ltr'><strong>Prmterea</strong></span> <span class='ocrx_word' id='word_1_594' title='bbox 3386 2627 3624 2681; x_wconf 80' lang='lat' dir='ltr'><strong>celebris</strong></span> 
     </span>
    </p>
   </div>
   <div class='ocr_carea' id='block_1_88' title="bbox 2054 2717 3625 2790">
    <p class='ocr_par' dir='ltr' id='par_1_88' title="bbox 2054 2717 3625 2790">
     <span class='ocr_line' id='line_1_88' title="bbox 2054 2717 3625 2790; baseline -0.004 -13"><span class='ocrx_word' id='word_1_595' title='bbox 2054 2724 2144 2777; x_wconf 87' lang='lat' dir='ltr'><strong>illa</strong></span> <span class='ocrx_word' id='word_1_596' title='bbox 2177 2721 2352 2786; x_wconf 81' lang='lat' dir='ltr'><strong>Xena,</strong></span> <span class='ocrx_word' id='word_1_597' title='bbox 2386 2722 2438 2775; x_wconf 92' lang='lat' dir='ltr'><strong>in</strong></span> <span class='ocrx_word' id='word_1_598' title='bbox 2472 2737 2578 2790; x_wconf 85' lang='lat' dir='ltr'><strong>qua</strong></span> <span class='ocrx_word' id='word_1_599' title='bbox 2601 2721 2823 2774; x_wconf 90' lang='lat' dir='ltr'><strong>virtutis</strong></span> <span class='ocrx_word' id='word_1_600' title='bbox 2847 2719 3243 2788; x_wconf 83' lang='lat' dir='ltr'><strong>perfectionem</strong></span> <span class='ocrx_word' id='word_1_601' title='bbox 3268 2717 3400 2771; x_wconf 88' lang='lat' dir='ltr'><strong>satis</strong></span> <span class='ocrx_word' id='word_1_602' title='bbox 3422 2731 3625 2770; x_wconf 85' lang='lat' dir='ltr'><strong>corona</strong></span> 
     </span>
    </p>
   </div>
   <div class='ocr_carea' id='block_1_89' title="bbox 2053 2809 3626 2882">
    <p class='ocr_par' dir='ltr' id='par_1_89' title="bbox 2053 2809 3626 2882">
     <span class='ocr_line' id='line_1_89' title="bbox 2053 2809 3626 2882; baseline -0.005 -12"><span class='ocrx_word' id='word_1_603' title='bbox 2053 2816 2141 2870; x_wconf 93' lang='lat' dir='ltr'><strong>illa</strong></span> <span class='ocrx_word' id='word_1_604' title='bbox 2180 2814 2489 2882; x_wconf 79' lang='lat' dir='ltr'><strong>insignibus</strong></span> <span class='ocrx_word' id='word_1_605' title='bbox 2512 2813 2684 2868; x_wconf 80' lang='lat' dir='ltr'><strong>Stellis</strong></span> <span class='ocrx_word' id='word_1_606' title='bbox 2712 2819 2964 2866; x_wconf 83' lang='lat' dir='ltr'><strong>contexta</strong></span> <span class='ocrx_word' id='word_1_607' title='bbox 3000 2810 3262 2865; x_wconf 83' lang='lat' dir='ltr'><strong>declarat.</strong></span> <span class='ocrx_word' id='word_1_608' title='bbox 3294 2809 3626 2864; x_wconf 79' lang='lat' dir='ltr'><strong>Decantams</strong></span> 
     </span>
    </p>
   </div>
   <div class='ocr_carea' id='block_1_90' title="bbox 2055 2891 3626 2979">
    <p class='ocr_par' dir='ltr' id='par_1_90' title="bbox 2055 2891 3626 2979">
     <span class='ocr_line' id='line_1_90' title="bbox 2055 2891 3626 2979; baseline -0.007 -16"><span class='ocrx_word' id='word_1_609' title='bbox 2055 2924 2273 2979; x_wconf 92' lang='lat' dir='ltr'><strong>quoque</strong></span> <span class='ocrx_word' id='word_1_610' title='bbox 2319 2906 2620 2976; x_wconf 79' lang='lat' dir='ltr'><strong>XenOphon</strong></span> <span class='ocrx_word' id='word_1_611' title='bbox 2687 2904 2800 2966; x_wconf 89' lang='lat' dir='ltr'><strong>ille,</strong></span> <span class='ocrx_word' id='word_1_612' title='bbox 2833 2903 2927 2972; x_wconf 90' lang='lat' dir='ltr'><strong>qui</strong></span> <span class='ocrx_word' id='word_1_613' title='bbox 2965 2902 3018 2954; x_wconf 84' lang='lat' dir='ltr'><strong>in</strong></span> <span class='ocrx_word' id='word_1_614' title='bbox 3073 2891 3390 2954; x_wconf 80' lang='lat' dir='ltr'><strong>senatorum</strong></span> <span class='ocrx_word' id='word_1_615' title='bbox 3426 2898 3626 2952; x_wconf 86' lang='lat' dir='ltr'><strong>ordine</strong></span> 
     </span>
    </p>
   </div>
   <div class='ocr_carea' id='block_1_91' title="bbox 2057 2991 3627 3071">
    <p class='ocr_par' dir='ltr' id='par_1_91' title="bbox 2057 2991 3627 3071">
     <span class='ocr_line' id='line_1_91' title="bbox 2057 2991 3627 3071; baseline -0.008 -16"><span class='ocrx_word' id='word_1_616' title='bbox 2057 3003 2209 3071; x_wconf 88' lang='lat' dir='ltr'><strong>prius</strong></span> <span class='ocrx_word' id='word_1_617' title='bbox 2266 2999 2469 3062; x_wconf 77' lang='lat' dir='ltr'><strong>fuerat,</strong></span> <span class='ocrx_word' id='word_1_618' title='bbox 2523 3012 2632 3051; x_wconf 89' lang='lat' dir='ltr'><strong>non</strong></span> <span class='ocrx_word' id='word_1_619' title='bbox 2671 2996 2852 3049; x_wconf 88' lang='lat' dir='ltr'><strong>minus</strong></span> <span class='ocrx_word' id='word_1_620' title='bbox 2889 2994 3122 3048; x_wconf 86' lang='lat' dir='ltr'><strong>internis</strong></span> <span class='ocrx_word' id='word_1_621' title='bbox 3163 2992 3332 3046; x_wconf 88' lang='lat' dir='ltr'><strong>animi</strong></span> <span class='ocrx_word' id='word_1_622' title='bbox 3377 2991 3627 3054; x_wconf 79' lang='lat' dir='ltr'><strong>dotibus,</strong></span> 
     </span>
    </p>
   </div>
   <div class='ocr_carea' id='block_1_92' title="bbox 2056 3083 3630 3165">
    <p class='ocr_par' dir='ltr' id='par_1_92' title="bbox 2056 3083 3630 3165">
     <span class='ocr_line' id='line_1_92' title="bbox 2056 3083 3630 3165; baseline -0.008 -17"><span class='ocrx_word' id='word_1_623' title='bbox 2056 3109 2218 3165; x_wconf 89' lang='lat' dir='ltr'><strong>quam</strong></span> <span class='ocrx_word' id='word_1_624' title='bbox 2256 3092 2499 3148; x_wconf 80' lang='lat' dir='ltr'><strong>externis</strong></span> <span class='ocrx_word' id='word_1_625' title='bbox 2530 3090 2845 3145; x_wconf 88' lang='lat' dir='ltr'><strong>divitiarum</strong></span> <span class='ocrx_word' id='word_1_626' title='bbox 2885 3087 3084 3157; x_wconf 91' lang='lat' dir='ltr'><strong>opibus</strong></span> <span class='ocrx_word' id='word_1_627' title='bbox 3113 3085 3354 3140; x_wconf 89' lang='lat' dir='ltr'><strong>enitens.</strong></span> <span class='ocrx_word' id='word_1_628' title='bbox 3406 3083 3630 3138; x_wconf 81' lang='lat' dir='ltr'><strong>Miserat</strong></span> 
     </span>
    </p>
   </div>
   <div class='ocr_carea' id='block_1_93' title="bbox 2059 3176 3630 3256">
    <p class='ocr_par' dir='ltr' id='par_1_93' title="bbox 2059 3176 3630 3256">
     <span class='ocr_line' id='line_1_93' title="bbox 2059 3176 3630 3256; baseline -0.006 -16"><span class='ocrx_word' id='word_1_629' title='bbox 2059 3187 2108 3241; x_wconf 92' lang='lat' dir='ltr'><strong>is</strong></span> <span class='ocrx_word' id='word_1_630' title='bbox 2137 3185 2418 3256; x_wconf 80' lang='lat' dir='ltr'><strong>Berytum,</strong></span> <span class='ocrx_word' id='word_1_631' title='bbox 2454 3198 2575 3252; x_wconf 69' lang='lat' dir='ltr'><strong>quae</strong></span> <span class='ocrx_word' id='word_1_632' title='bbox 2607 3179 2904 3236; x_wconf 63' lang='lat' dir='ltr'><strong>Phoenicia:</strong></span> <span class='ocrx_word' id='word_1_633' title='bbox 2945 3177 3081 3232; x_wconf 88' lang='lat' dir='ltr'><strong>urbs</strong></span> <span class='ocrx_word' id='word_1_634' title='bbox 3117 3185 3201 3232; x_wconf 90' lang='lat' dir='ltr'><strong>est</strong></span> <span class='ocrx_word' id='word_1_635' title='bbox 3235 3176 3540 3246; x_wconf 63' lang='lat' dir='ltr'><strong>disciplina:</strong></span> <span class='ocrx_word' id='word_1_636' title='bbox 3569 3184 3630 3231; x_wconf 80' lang='lat' dir='ltr'><strong>et</strong></span> 
     </span>
    </p>
   </div>
   <div class='ocr_carea' id='block_1_94' title="bbox 2061 3269 3623 3349">
    <p class='ocr_par' dir='ltr' id='par_1_94' title="bbox 2061 3269 3623 3349">
     <span class='ocr_line' id='line_1_94' title="bbox 2061 3269 3623 3349; baseline -0.009 -15"><span class='ocrx_word' id='word_1_637' title='bbox 2061 3281 2241 3349; x_wconf 84' lang='lat' dir='ltr'><strong>legum</strong></span> <span class='ocrx_word' id='word_1_638' title='bbox 2274 3277 2657 3342; x_wconf 72' lang='lat' dir='ltr'><strong>discendorum</strong></span> <span class='ocrx_word' id='word_1_639' title='bbox 2691 3273 2889 3344; x_wconf 83' lang='lat' dir='ltr'><strong>gratia,</strong></span> <span class='ocrx_word' id='word_1_640' title='bbox 2931 3270 3228 3326; x_wconf 85' lang='lat' dir='ltr'><strong>Arcadium</strong></span> <span class='ocrx_word' id='word_1_641' title='bbox 3255 3278 3311 3323; x_wconf 90' lang='lat' dir='ltr'><strong>et</strong></span> <span class='ocrx_word' id='word_1_642' title='bbox 3357 3269 3623 3323; x_wconf 83' lang='lat' dir='ltr'><strong>Joannem</strong></span> 
     </span>
    </p>
   </div>
   <div class='ocr_carea' id='block_1_95' title="bbox 2062 3359 3628 3432">
    <p class='ocr_par' dir='ltr' id='par_1_95' title="bbox 2062 3359 3628 3432">
     <span class='ocr_line' id='line_1_95' title="bbox 2062 3359 3628 3432; baseline -0.008 -8"><span class='ocrx_word' id='word_1_643' title='bbox 2062 3372 2205 3425; x_wconf 86' lang='lat' dir='ltr'><strong>lilios</strong></span> <span class='ocrx_word' id='word_1_644' title='bbox 2235 3384 2386 3425; x_wconf 88' lang='lat' dir='ltr'><strong>suos.</strong></span> <span class='ocrx_word' id='word_1_645' title='bbox 2421 3368 2557 3423; x_wconf 89' lang='lat' dir='ltr'><strong>Cum</strong></span> <span class='ocrx_word' id='word_1_646' title='bbox 2606 3376 2789 3420; x_wconf 90' lang='lat' dir='ltr'><strong>autem</strong></span> <span class='ocrx_word' id='word_1_647' title='bbox 2826 3364 3172 3432; x_wconf 77' lang='lat' dir='ltr'><strong>naufragium</strong></span> <span class='ocrx_word' id='word_1_648' title='bbox 3229 3375 3325 3416; x_wconf 90' lang='lat' dir='ltr'><strong>eos</strong></span> <span class='ocrx_word' id='word_1_649' title='bbox 3380 3359 3436 3413; x_wconf 92' lang='lat' dir='ltr'><strong>in</strong></span> <span class='ocrx_word' id='word_1_650' title='bbox 3489 3359 3628 3413; x_wconf 90' lang='lat' dir='ltr'><strong>mari</strong></span> 
     </span>
    </p>
   </div>
   <div class='ocr_carea' id='block_1_96' title="bbox 2063 3454 3628 3534">
    <p class='ocr_par' dir='ltr' id='par_1_96' title="bbox 2063 3454 3628 3534">
     <span class='ocr_line' id='line_1_96' title="bbox 2063 3454 3628 3534; baseline -0.008 -16"><span class='ocrx_word' id='word_1_651' title='bbox 2063 3478 2255 3534; x_wconf 88' lang='lat' dir='ltr'><strong>passos</strong></span> <span class='ocrx_word' id='word_1_652' title='bbox 2283 3478 2401 3518; x_wconf 90' lang='lat' dir='ltr'><strong>esse</strong></span> <span class='ocrx_word' id='word_1_653' title='bbox 2428 3461 2816 3521; x_wconf 80' lang='lat' dir='ltr'><strong>intellexisset,</strong></span> <span class='ocrx_word' id='word_1_654' title='bbox 2853 3458 2920 3510; x_wconf 87' lang='lat' dir='ltr'><strong>ad</strong></span> <span class='ocrx_word' id='word_1_655' title='bbox 2958 3454 3325 3526; x_wconf 87' lang='lat' dir='ltr'><strong>inquirendos</strong></span> <span class='ocrx_word' id='word_1_656' title='bbox 3373 3467 3469 3507; x_wconf 87' lang='lat' dir='ltr'><strong>eos</strong></span> <span class='ocrx_word' id='word_1_657' title='bbox 3520 3469 3628 3506; x_wconf 84' lang='lat' dir='ltr'><strong>una</strong></span> 
     </span>
    </p>
   </div>
   <div class='ocr_carea' id='block_1_97' title="bbox 2063 3541 3632 3623">
    <p class='ocr_par' dir='ltr' id='par_1_97' title="bbox 2063 3541 3632 3623">
     <span class='ocr_line' id='line_1_97' title="bbox 2063 3541 3632 3623; baseline -0.01 -14"><span class='ocrx_word' id='word_1_658' title='bbox 2063 3569 2186 3609; x_wconf 91' lang='lat' dir='ltr'><strong>cum</strong></span> <span class='ocrx_word' id='word_1_659' title='bbox 2218 3552 2449 3623; x_wconf 75' lang='lat' dir='ltr'><strong>conjuge</strong></span> <span class='ocrx_word' id='word_1_660' title='bbox 2479 3565 2577 3604; x_wconf 86' lang='lat' dir='ltr'><strong>sua</strong></span> <span class='ocrx_word' id='word_1_661' title='bbox 2609 3547 2889 3619; x_wconf 82' lang='lat' dir='ltr'><strong>profectus</strong></span> <span class='ocrx_word' id='word_1_662' title='bbox 2916 3555 3018 3600; x_wconf 88' lang='lat' dir='ltr'><strong>est.</strong></span> <span class='ocrx_word' id='word_1_663' title='bbox 3054 3545 3224 3600; x_wconf 84' lang='lat' dir='ltr'><strong>Porro</strong></span> <span class='ocrx_word' id='word_1_664' title='bbox 3246 3543 3338 3598; x_wconf 90' lang='lat' dir='ltr'><strong>ubi</strong></span> <span class='ocrx_word' id='word_1_665' title='bbox 3371 3558 3469 3599; x_wconf 86' lang='lat' dir='ltr'><strong>eos</strong></span> <span class='ocrx_word' id='word_1_666' title='bbox 3496 3541 3632 3596; x_wconf 89' lang='lat' dir='ltr'><strong>llie-</strong></span> 
     </span>
    </p>
   </div>
   <div class='ocr_carea' id='block_1_98' title="bbox 2064 3637 3632 3716">
    <p class='ocr_par' dir='ltr' id='par_1_98' title="bbox 2064 3637 3632 3716">
     <span class='ocr_line' id='line_1_98' title="bbox 2064 3637 3632 3716; baseline -0.007 -16"><span class='ocrx_word' id='word_1_667' title='bbox 2064 3647 2353 3716; x_wconf 85' lang='lat' dir='ltr'><strong>rosolymis</strong></span> <span class='ocrx_word' id='word_1_668' title='bbox 2407 3643 2764 3698; x_wconf 88' lang='lat' dir='ltr'><strong>monasticam</strong></span> <span class='ocrx_word' id='word_1_669' title='bbox 2827 3649 3151 3696; x_wconf 78' lang='lat' dir='ltr'><strong>exercentes</strong></span> <span class='ocrx_word' id='word_1_670' title='bbox 3207 3637 3433 3706; x_wconf 85' lang='lat' dir='ltr'><strong>reperit,</strong></span> <span class='ocrx_word' id='word_1_671' title='bbox 3513 3637 3632 3704; x_wconf 85' lang='lat' dir='ltr'><strong>ipse</strong></span> 
     </span>
    </p>
   </div>
   <div class='ocr_carea' id='block_1_99' title="bbox 2063 3727 3635 3808">
    <p class='ocr_par' dir='ltr' id='par_1_99' title="bbox 2063 3727 3635 3808">
     <span class='ocr_line' id='line_1_99' title="bbox 2063 3727 3635 3808; baseline -0.006 -18"><span class='ocrx_word' id='word_1_672' title='bbox 2063 3753 2302 3808; x_wconf 87' lang='lat' dir='ltr'><strong>quoque,</strong></span> <span class='ocrx_word' id='word_1_673' title='bbox 2337 3745 2391 3790; x_wconf 85' lang='lat' dir='ltr'><strong>et</strong></span> <span class='ocrx_word' id='word_1_674' title='bbox 2422 3752 2524 3789; x_wconf 81' lang='lat' dir='ltr'><strong>una</strong></span> <span class='ocrx_word' id='word_1_675' title='bbox 2556 3749 2682 3788; x_wconf 85' lang='lat' dir='ltr'><strong>eum</strong></span> <span class='ocrx_word' id='word_1_676' title='bbox 2715 3733 2808 3786; x_wconf 90' lang='lat' dir='ltr'><strong>illo</strong></span> <span class='ocrx_word' id='word_1_677' title='bbox 2849 3749 3006 3797; x_wconf 77' lang='lat' dir='ltr'><strong>uxor,</strong></span> <span class='ocrx_word' id='word_1_678' title='bbox 3062 3729 3462 3800; x_wconf 86' lang='lat' dir='ltr'><strong>tranquillioris</strong></span> <span class='ocrx_word' id='word_1_679' title='bbox 3505 3727 3635 3782; x_wconf 63' lang='lat' dir='ltr'><strong>vitae</strong></span> 
     </span>
    </p>
   </div>
   <div class='ocr_carea' id='block_1_100' title="bbox 2064 3820 3630 3894">
    <p class='ocr_par' dir='ltr' id='par_1_100' title="bbox 2064 3820 3630 3894">
     <span class='ocr_line' id='line_1_100' title="bbox 2064 3820 3630 3894; baseline -0.008 -12"><span class='ocrx_word' id='word_1_680' title='bbox 2064 3831 2324 3883; x_wconf 85' lang='lat' dir='ltr'><strong>vestitum</strong></span> <span class='ocrx_word' id='word_1_681' title='bbox 2362 3825 2613 3894; x_wconf 87' lang='lat' dir='ltr'><strong>sumpsit.</strong></span> <span class='ocrx_word' id='word_1_682' title='bbox 2670 3823 2751 3877; x_wconf 80' lang='lat' dir='ltr'><strong>Ad</strong></span> <span class='ocrx_word' id='word_1_683' title='bbox 2789 3839 2909 3877; x_wconf 87' lang='lat' dir='ltr'><strong>eam</strong></span> <span class='ocrx_word' id='word_1_684' title='bbox 2965 3837 3096 3877; x_wconf 84' lang='lat' dir='ltr'><strong>vero</strong></span> <span class='ocrx_word' id='word_1_685' title='bbox 3130 3836 3324 3875; x_wconf 88' lang='lat' dir='ltr'><strong>omnes</strong></span> <span class='ocrx_word' id='word_1_686' title='bbox 3369 3820 3630 3874; x_wconf 89' lang='lat' dir='ltr'><strong>virtutem</strong></span> 
     </span>
    </p>
   </div>
   <div class='ocr_carea' id='block_1_101' title="bbox 2068 3910 3632 3992">
    <p class='ocr_par' dir='ltr' id='par_1_101' title="bbox 2068 3910 3632 3992">
     <span class='ocr_line' id='line_1_101' title="bbox 2068 3910 3632 3992; baseline -0.01 -16"><span class='ocrx_word' id='word_1_687' title='bbox 2068 3933 2392 3992; x_wconf 86' lang='lat' dir='ltr'><strong>pervenere,</strong></span> <span class='ocrx_word' id='word_1_688' title='bbox 2425 3927 2484 3972; x_wconf 91' lang='lat' dir='ltr'><strong>ut</strong></span> <span class='ocrx_word' id='word_1_689' title='bbox 2514 3932 2543 3970; x_wconf 89' lang='lat' dir='ltr'><strong>a</strong></span> <span class='ocrx_word' id='word_1_690' title='bbox 2572 3917 2685 3970; x_wconf 89' lang='lat' dir='ltr'><strong>Deo</strong></span> <span class='ocrx_word' id='word_1_691' title='bbox 2713 3913 3107 3968; x_wconf 90' lang='lat' dir='ltr'><strong>miraculorum</strong></span> <span class='ocrx_word' id='word_1_692' title='bbox 3146 3912 3486 3967; x_wconf 88' lang='lat' dir='ltr'><strong>edendorum</strong></span> <span class='ocrx_word' id='word_1_693' title='bbox 3529 3910 3632 3964; x_wconf 78' lang='lat' dir='ltr'><strong>ho-</strong></span> 
     </span>
    </p>
   </div>
   <div class='ocr_carea' id='block_1_102' title="bbox 2065 4004 3632 4082">
    <p class='ocr_par' dir='ltr' id='par_1_102' title="bbox 2065 4004 3632 4082">
     <span class='ocr_line' id='line_1_102' title="bbox 2065 4004 3632 4082; baseline -0.008 -13"><span class='ocrx_word' id='word_1_694' title='bbox 2065 4030 2252 4069; x_wconf 89' lang='lat' dir='ltr'><strong>norem</strong></span> <span class='ocrx_word' id='word_1_695' title='bbox 2294 4024 2350 4067; x_wconf 91' lang='lat' dir='ltr'><strong>et</strong></span> <span class='ocrx_word' id='word_1_696' title='bbox 2379 4010 2661 4082; x_wconf 65' lang='lat' dir='ltr'><strong>praemium</strong></span> <span class='ocrx_word' id='word_1_697' title='bbox 2700 4007 3048 4076; x_wconf 86' lang='lat' dir='ltr'><strong>acceperint;</strong></span> <span class='ocrx_word' id='word_1_698' title='bbox 3083 4015 3137 4059; x_wconf 89' lang='lat' dir='ltr'><strong>et</strong></span> <span class='ocrx_word' id='word_1_699' title='bbox 3173 4019 3297 4058; x_wconf 89' lang='lat' dir='ltr'><strong>cum</strong></span> <span class='ocrx_word' id='word_1_700' title='bbox 3331 4019 3429 4073; x_wconf 91' lang='lat' dir='ltr'><strong>per</strong></span> <span class='ocrx_word' id='word_1_701' title='bbox 3463 4004 3632 4057; x_wconf 85' lang='lat' dir='ltr'><strong>vitam</strong></span> 
     </span>
    </p>
   </div>
   <div class='ocr_carea' id='block_1_103' title="bbox 2074 4095 3635 4176">
    <p class='ocr_par' dir='ltr' id='par_1_103' title="bbox 2074 4095 3635 4176">
     <span class='ocr_line' id='line_1_103' title="bbox 2074 4095 3635 4176; baseline -0.008 -16"><span class='ocrx_word' id='word_1_702' title='bbox 2074 4107 2259 4176; x_wconf 86' lang='lat' dir='ltr'><strong>placiti</strong></span> <span class='ocrx_word' id='word_1_703' title='bbox 2297 4105 2407 4158; x_wconf 88' lang='lat' dir='ltr'><strong>Deo</strong></span> <span class='ocrx_word' id='word_1_704' title='bbox 2438 4104 2684 4166; x_wconf 79' lang='lat' dir='ltr'><strong>fuerunt,</strong></span> <span class='ocrx_word' id='word_1_705' title='bbox 2720 4109 2832 4153; x_wconf 91' lang='lat' dir='ltr'><strong>tum</strong></span> <span class='ocrx_word' id='word_1_706' title='bbox 2862 4114 2926 4152; x_wconf 90' lang='lat' dir='ltr'><strong>ea</strong></span> <span class='ocrx_word' id='word_1_707' title='bbox 2960 4107 3150 4151; x_wconf 82' lang='lat' dir='ltr'><strong>exacta</strong></span> <span class='ocrx_word' id='word_1_708' title='bbox 3178 4095 3246 4150; x_wconf 93' lang='lat' dir='ltr'><strong>ad</strong></span> <span class='ocrx_word' id='word_1_709' title='bbox 3307 4095 3459 4149; x_wconf 84' lang='lat' dir='ltr'><strong>illum</strong></span> <span class='ocrx_word' id='word_1_710' title='bbox 3491 4095 3635 4148; x_wconf 84' lang='lat' dir='ltr'><strong>emi-</strong></span> 
     </span>
    </p>
   </div>
   <div class='ocr_carea' id='block_1_104' title="bbox 2067 4185 3634 4268">
    <p class='ocr_par' dir='ltr' id='par_1_104' title="bbox 2067 4185 3634 4268">
     <span class='ocr_line' id='line_1_104' title="bbox 2067 4185 3634 4268; baseline -0.008 -18"><span class='ocrx_word' id='word_1_711' title='bbox 2067 4206 2314 4268; x_wconf 80' lang='lat' dir='ltr'><strong>grarunt.</strong></span> <span class='ocrx_word' id='word_1_712' title='bbox 2335 4195 2540 4250; x_wconf 83' lang='lat' dir='ltr'><strong>Eodem</strong></span> <span class='ocrx_word' id='word_1_713' title='bbox 2566 4192 2728 4246; x_wconf 86' lang='lat' dir='ltr'><strong>etiam</strong></span> <span class='ocrx_word' id='word_1_714' title='bbox 2761 4199 3007 4258; x_wconf 84' lang='lat' dir='ltr'><strong>tempore</strong></span> <span class='ocrx_word' id='word_1_715' title='bbox 3028 4187 3249 4241; x_wconf 90' lang='lat' dir='ltr'><strong>virtutis</strong></span> <span class='ocrx_word' id='word_1_716' title='bbox 3276 4185 3634 4240; x_wconf 85' lang='lat' dir='ltr'><strong>incrementis</strong></span> 
     </span>
    </p>
   </div>
   <div class='ocr_carea' id='block_1_105' title="bbox 2067 4261 3684 4358">
    <p class='ocr_par' dir='ltr' id='par_1_105' title="bbox 2067 4261 3684 4358">
     <span class='ocr_line' id='line_1_105' title="bbox 2067 4261 3684 4358; baseline -0.011 -14"><span class='ocrx_word' id='word_1_717' title='bbox 2067 4290 2228 4358; x_wconf 82' lang='lat' dir='ltr'><strong>longe</strong></span> <span class='ocrx_word' id='word_1_718' title='bbox 2299 4286 2572 4358; x_wconf 86' lang='lat' dir='ltr'><strong>processit</strong></span> <span class='ocrx_word' id='word_1_719' title='bbox 2666 4281 3064 4337; x_wconf 81' lang='lat' dir='ltr'><strong>celeberrimus</strong></span> <span class='ocrx_word' id='word_1_720' title='bbox 3163 4277 3253 4332; x_wconf 90' lang='lat' dir='ltr'><strong>ille</strong></span> <span class='ocrx_word' id='word_1_721' title='bbox 3332 4261 3684 4330; x_wconf 35' lang='lat' dir='ltr'><strong>monachus.</strong></span> 
     </span>
    </p>
   </div>
   <div class='ocr_carea' id='block_1_106' title="bbox 2069 4366 3638 4442">
    <p class='ocr_par' dir='ltr' id='par_1_106' title="bbox 2069 4366 3638 4442">
     <span class='ocr_line' id='line_1_106' title="bbox 2069 4366 3638 4442; baseline -0.008 -8"><span class='ocrx_word' id='word_1_722' title='bbox 2069 4381 2391 4441; x_wconf 76' lang='lat' dir='ltr'><strong>Auxentius,</strong></span> <span class='ocrx_word' id='word_1_723' title='bbox 2419 4379 2474 4432; x_wconf 91' lang='lat' dir='ltr'><strong>in</strong></span> <span class='ocrx_word' id='word_1_724' title='bbox 2509 4383 2693 4429; x_wconf 89' lang='lat' dir='ltr'><strong>monte</strong></span> <span class='ocrx_word' id='word_1_725' title='bbox 2728 4371 2997 4442; x_wconf 73' lang='lat' dir='ltr'><strong>Bithynia:</strong></span> <span class='ocrx_word' id='word_1_726' title='bbox 3043 4384 3110 4426; x_wconf 88' lang='lat' dir='ltr'><strong>eo</strong></span> <span class='ocrx_word' id='word_1_727' title='bbox 3137 4369 3231 4439; x_wconf 88' lang='lat' dir='ltr'><strong>qui</strong></span> <span class='ocrx_word' id='word_1_728' title='bbox 3284 4384 3351 4423; x_wconf 81' lang='lat' dir='ltr'><strong>ex</strong></span> <span class='ocrx_word' id='word_1_729' title='bbox 3402 4366 3638 4422; x_wconf 85' lang='lat' dir='ltr'><strong>adverso</strong></span> 
     </span>
    </p>
   </div>
   <div class='ocr_carea' id='block_1_107' title="bbox 2069 4462 3641 4540">
    <p class='ocr_par' dir='ltr' id='par_1_107' title="bbox 2069 4462 3641 4540">
     <span class='ocr_line' id='line_1_107' title="bbox 2069 4462 3641 4540; baseline -0.009 -13"><span class='ocrx_word' id='word_1_730' title='bbox 2069 4471 2538 4540; x_wconf 85' lang='lat' dir='ltr'><strong>Constantinopoli</strong></span> <span class='ocrx_word' id='word_1_731' title='bbox 2593 4468 2753 4532; x_wconf 69' lang='lat' dir='ltr'><strong>situs;</strong></span> <span class='ocrx_word' id='word_1_732' title='bbox 2819 4479 3013 4519; x_wconf 85' lang='lat' dir='ltr'><strong>omnes</strong></span> <span class='ocrx_word' id='word_1_733' title='bbox 3055 4462 3414 4518; x_wconf 74' lang='lat' dir='ltr'><strong>circumcirca</strong></span> <span class='ocrx_word' id='word_1_734' title='bbox 3468 4462 3641 4515; x_wconf 83' lang='lat' dir='ltr'><strong>Colles</strong></span> 
     </span>
    </p>
   </div>
   <div class='ocr_carea' id='block_1_108' title="bbox 2005 4563 2621 4632">
    <p class='ocr_par' dir='ltr' id='par_1_108' title="bbox 2005 4563 2621 4632">
     <span class='ocr_line' id='line_1_108' title="bbox 2005 4563 2621 4632; baseline -0.008 -13"><span class='ocrx_word' id='word_1_735' title='bbox 2005 4564 2051 4627; x_wconf 85' lang='grc' dir='ltr'><strong>Ι)</strong></span> <span class='ocrx_word' id='word_1_736' title='bbox 2075 4563 2359 4618; x_wconf 89' lang='lat' dir='ltr'><strong>altitudine</strong></span> <span class='ocrx_word' id='word_1_737' title='bbox 2377 4569 2621 4632; x_wconf 86' lang='lat' dir='ltr'><strong>superat.</strong></span> 
     </span>
    </p>
   </div>
   <div class='ocr_carea' id='block_1_109' title="bbox 2562 4669 3148 4744">
    <p class='ocr_par' dir='ltr' id='par_1_109' title="bbox 2562 4669 3148 4744">
     <span class='ocr_line' id='line_1_109' title="bbox 2562 4669 3148 4744; baseline -0.007 -15"><span class='ocrx_word' id='word_1_738' title='bbox 2562 4674 2724 4744; x_wconf 69' lang='lat'><strong>563</strong></span> <span class='ocrx_word' id='word_1_739' title='bbox 2754 4670 2978 4728; x_wconf 83' lang='lat' dir='ltr'><strong>CAPUT</strong></span> <span class='ocrx_word' id='word_1_740' title='bbox 3010 4669 3148 4725; x_wconf 84' lang='lat' dir='ltr'><strong>un.</strong></span> 
     </span>
    </p>
   </div>
   <div class='ocr_carea' id='block_1_110' title="bbox 2077 4761 3636 4833">
    <p class='ocr_par' dir='ltr' id='par_1_110' title="bbox 2077 4761 3636 4833">
     <span class='ocr_line' id='line_1_110' title="bbox 2077 4761 3636 4833; baseline -0.006 -11"><span class='ocrx_word' id='word_1_741' title='bbox 2077 4769 2153 4824; x_wconf 83' lang='lat' dir='ltr'><strong>De</strong></span> <span class='ocrx_word' id='word_1_742' title='bbox 2185 4781 2369 4823; x_wconf 70' lang='lat' dir='ltr'><strong>sancto</strong></span> <span class='ocrx_word' id='word_1_743' title='bbox 2419 4769 2621 4824; x_wconf 79' lang='lat' dir='ltr'><strong>Isidoro</strong></span> <span class='ocrx_word' id='word_1_744' title='bbox 2680 4767 2974 4820; x_wconf 77' lang='lat' dir='ltr'><strong>Pelusiota.</strong></span> <span class='ocrx_word' id='word_1_745' title='bbox 3022 4765 3088 4818; x_wconf 78' lang='lat' dir='ltr'><strong>Et</strong></span> <span class='ocrx_word' id='word_1_746' title='bbox 3137 4780 3254 4833; x_wconf 82' lang='lat' dir='ltr'><strong>qtur</strong></span> <span class='ocrx_word' id='word_1_747' title='bbox 3300 4761 3552 4832; x_wconf 72' lang='lat' dir='ltr'><strong>Cyrillus,</strong></span> <span class='ocrx_word' id='word_1_748' title='bbox 3590 4769 3636 4813; x_wconf 71' lang='lat' dir='ltr'><strong>et</strong></span> 
     </span>
    </p>
   </div>
   <div class='ocr_carea' id='block_1_111' title="bbox 2195 4835 3508 4908">
    <p class='ocr_par' dir='ltr' id='par_1_111' title="bbox 2195 4835 3508 4908">
     <span class='ocr_line' id='line_1_111' title="bbox 2195 4835 3508 4908; baseline -0.008 -16"><span class='ocrx_word' id='word_1_749' title='bbox 2195 4841 2318 4894; x_wconf 75' lang='lat' dir='ltr'><strong>item</strong></span> <span class='ocrx_word' id='word_1_750' title='bbox 2352 4841 2447 4894; x_wconf 78' lang='lat' dir='ltr'><strong>alii</strong></span> <span class='ocrx_word' id='word_1_751' title='bbox 2492 4843 2555 4894; x_wconf 82' lang='lat' dir='ltr'><strong>de</strong></span> <span class='ocrx_word' id='word_1_752' title='bbox 2582 4856 2734 4893; x_wconf 75' lang='lat' dir='ltr'><strong>sacro</strong></span> <span class='ocrx_word' id='word_1_753' title='bbox 2762 4838 3128 4908; x_wconf 61' lang='lat' dir='ltr'><strong>Chrysostomo</strong></span> <span class='ocrx_word' id='word_1_754' title='bbox 3165 4835 3508 4902; x_wconf 72' lang='lat' dir='ltr'><strong>scripserunt.</strong></span> 
     </span>
    </p>
   </div>
   <div class='ocr_carea' id='block_1_112' title="bbox 2143 5011 3637 5084">
    <p class='ocr_par' dir='ltr' id='par_1_112' title="bbox 2143 5011 3637 5084">
     <span class='ocr_line' id='line_1_112' title="bbox 2143 5011 3637 5084; baseline -0.008 -7"><span class='ocrx_word' id='word_1_755' title='bbox 2143 5021 2261 5077; x_wconf 82' lang='lat' dir='ltr'><strong>Non</strong></span> <span class='ocrx_word' id='word_1_756' title='bbox 2288 5023 2492 5078; x_wconf 78' lang='lat' dir='ltr'><strong>virtute</strong></span> <span class='ocrx_word' id='word_1_757' title='bbox 2517 5028 2726 5071; x_wconf 88' lang='lat' dir='ltr'><strong>tantum</strong></span> <span class='ocrx_word' id='word_1_758' title='bbox 2748 5015 2952 5084; x_wconf 83' lang='lat' dir='ltr'><strong>egregii</strong></span> <span class='ocrx_word' id='word_1_759' title='bbox 2980 5024 3092 5068; x_wconf 89' lang='lat' dir='ltr'><strong>tum</strong></span> <span class='ocrx_word' id='word_1_760' title='bbox 3121 5011 3358 5065; x_wconf 79' lang='lat' dir='ltr'><strong>ﬂoruere</strong></span> <span class='ocrx_word' id='word_1_761' title='bbox 3385 5011 3507 5069; x_wconf 89' lang='lat' dir='ltr'><strong>viri.</strong></span> <span class='ocrx_word' id='word_1_762' title='bbox 3541 5011 3637 5065; x_wconf 76' lang='lat' dir='ltr'><strong>sed</strong></span> 
     </span>
    </p>
   </div>
   <div class='ocr_carea' id='block_1_113' title="bbox 2074 5103 3638 5176">
    <p class='ocr_par' dir='ltr' id='par_1_113' title="bbox 2074 5103 3638 5176">
     <span class='ocr_line' id='line_1_113' title="bbox 2074 5103 3638 5176; baseline -0.006 -10"><span class='ocrx_word' id='word_1_763' title='bbox 2074 5121 2132 5166; x_wconf 85' lang='lat' dir='ltr'><strong>et</strong></span> <span class='ocrx_word' id='word_1_764' title='bbox 2187 5113 2435 5167; x_wconf 88' lang='lat' dir='ltr'><strong>doctrina</strong></span> <span class='ocrx_word' id='word_1_765' title='bbox 2489 5108 2646 5163; x_wconf 76' lang='lat' dir='ltr'><strong>factis</strong></span> <span class='ocrx_word' id='word_1_766' title='bbox 2692 5109 2824 5176; x_wconf 89' lang='lat' dir='ltr'><strong>ipsis</strong></span> <span class='ocrx_word' id='word_1_767' title='bbox 2854 5122 3095 5161; x_wconf 90' lang='lat' dir='ltr'><strong>consona</strong></span> <span class='ocrx_word' id='word_1_768' title='bbox 3139 5104 3361 5159; x_wconf 87' lang='lat' dir='ltr'><strong>enituit.</strong></span> <span class='ocrx_word' id='word_1_769' title='bbox 3389 5103 3638 5172; x_wconf 86' lang='lat' dir='ltr'><strong>Utraque</strong></span> 
     </span>
    </p>
   </div>
   <div class='ocr_carea' id='block_1_114' title="bbox 2073 5196 3639 5272">
    <p class='ocr_par' dir='ltr' id='par_1_114' title="bbox 2073 5196 3639 5272">
     <span class='ocr_line' id='line_1_114' title="bbox 2073 5196 3639 5272; baseline -0.008 -12"><span class='ocrx_word' id='word_1_770' title='bbox 2073 5205 2222 5260; x_wconf 87' lang='lat' dir='ltr'><strong>enim</strong></span> <span class='ocrx_word' id='word_1_771' title='bbox 2279 5201 2625 5272; x_wconf 86' lang='lat' dir='ltr'><strong>philosophia</strong></span> <span class='ocrx_word' id='word_1_772' title='bbox 2680 5198 2728 5253; x_wconf 90' lang='lat' dir='ltr'><strong>si</strong></span> <span class='ocrx_word' id='word_1_773' title='bbox 2760 5208 3092 5262; x_wconf 88' lang='lat' dir='ltr'><strong>concurrat,</strong></span> <span class='ocrx_word' id='word_1_774' title='bbox 3123 5196 3360 5253; x_wconf 85' lang='lat' dir='ltr'><strong>celerius</strong></span> <span class='ocrx_word' id='word_1_775' title='bbox 3394 5205 3639 5249; x_wconf 85' lang='lat' dir='ltr'><strong>mentem</strong></span> 
     </span>
    </p>
   </div>
   <div class='ocr_carea' id='block_1_115' title="bbox 2077 5289 3641 5360">
    <p class='ocr_par' dir='ltr' id='par_1_115' title="bbox 2077 5289 3641 5360">
     <span class='ocr_line' id='line_1_115' title="bbox 2077 5289 3641 5360; baseline -0.008 -9"><span class='ocrx_word' id='word_1_776' title='bbox 2077 5297 2133 5351; x_wconf 92' lang='lat' dir='ltr'><strong>in</strong></span> <span class='ocrx_word' id='word_1_777' title='bbox 2168 5297 2403 5351; x_wconf 83' lang='lat' dir='ltr'><strong>sublime</strong></span> <span class='ocrx_word' id='word_1_778' title='bbox 2443 5294 2605 5355; x_wconf 90' lang='lat' dir='ltr'><strong>tollit,</strong></span> <span class='ocrx_word' id='word_1_779' title='bbox 2639 5303 2693 5345; x_wconf 90' lang='lat' dir='ltr'><strong>et</strong></span> <span class='ocrx_word' id='word_1_780' title='bbox 2722 5293 2867 5346; x_wconf 91' lang='lat' dir='ltr'><strong>bono</strong></span> <span class='ocrx_word' id='word_1_781' title='bbox 2901 5292 2952 5345; x_wconf 89' lang='lat' dir='ltr'><strong>ei</strong></span> <span class='ocrx_word' id='word_1_782' title='bbox 2984 5289 3129 5360; x_wconf 92' lang='lat' dir='ltr'><strong>quod</strong></span> <span class='ocrx_word' id='word_1_783' title='bbox 3180 5289 3453 5344; x_wconf 84' lang='lat' dir='ltr'><strong>desiderio</strong></span> <span class='ocrx_word' id='word_1_784' title='bbox 3483 5299 3641 5341; x_wconf 78' lang='lat' dir='ltr'><strong>voto-</strong></span> 
     </span>
    </p>
   </div>
   <div class='ocr_carea' id='block_1_116' title="bbox 2074 5384 3642 5460">
    <p class='ocr_par' dir='ltr' id='par_1_116' title="bbox 2074 5384 3642 5460">
     <span class='ocr_line' id='line_1_116' title="bbox 2074 5384 3642 5460; baseline -0.006 -15"><span class='ocrx_word' id='word_1_785' title='bbox 2074 5407 2181 5460; x_wconf 89' lang='lat' dir='ltr'><strong>que</strong></span> <span class='ocrx_word' id='word_1_786' title='bbox 2229 5392 2375 5443; x_wconf 89' lang='lat' dir='ltr'><strong>omni</strong></span> <span class='ocrx_word' id='word_1_787' title='bbox 2407 5388 2753 5456; x_wconf 72' lang='lat' dir='ltr'><strong>expetimus,</strong></span> <span class='ocrx_word' id='word_1_788' title='bbox 2797 5387 2916 5439; x_wconf 85' lang='lat' dir='ltr'><strong>unit</strong></span> <span class='ocrx_word' id='word_1_789' title='bbox 2961 5397 3125 5454; x_wconf 83' lang='lat' dir='ltr'><strong>atque</strong></span> <span class='ocrx_word' id='word_1_790' title='bbox 3166 5385 3468 5456; x_wconf 75' lang='lat' dir='ltr'><strong>conjungit.</strong></span> <span class='ocrx_word' id='word_1_791' title='bbox 3504 5384 3642 5438; x_wconf 80' lang='lat' dir='ltr'><strong>Nam</strong></span> 
     </span>
    </p>
   </div>
   <div class='ocr_carea' id='block_1_117' title="bbox 2075 5477 3642 5547">
    <p class='ocr_par' dir='ltr' id='par_1_117' title="bbox 2075 5477 3642 5547">
     <span class='ocr_line' id='line_1_117' title="bbox 2075 5477 3642 5547; baseline -0.004 -13"><span class='ocrx_word' id='word_1_792' title='bbox 2075 5482 2246 5537; x_wconf 87' lang='lat' dir='ltr'><strong>veluti</strong></span> <span class='ocrx_word' id='word_1_793' title='bbox 2307 5481 2522 5533; x_wconf 84' lang='lat' dir='ltr'><strong>duabus</strong></span> <span class='ocrx_word' id='word_1_794' title='bbox 2583 5479 2726 5540; x_wconf 87' lang='lat' dir='ltr'><strong>alis.</strong></span> <span class='ocrx_word' id='word_1_795' title='bbox 2789 5479 2882 5532; x_wconf 82' lang='lat' dir='ltr'><strong>cui</strong></span> <span class='ocrx_word' id='word_1_796' title='bbox 2943 5486 3176 5546; x_wconf 89' lang='lat' dir='ltr'><strong>utraque</strong></span> <span class='ocrx_word' id='word_1_797' title='bbox 3235 5478 3326 5531; x_wconf 83' lang='lat' dir='ltr'><strong>illa</strong></span> <span class='ocrx_word' id='word_1_798' title='bbox 3387 5477 3642 5547; x_wconf 74' lang='lat' dir='ltr'><strong>contigit,</strong></span> 
     </span>
    </p>
   </div>
   <div class='ocr_carea' id='block_1_118' title="bbox 2077 5571 3645 5642">
    <p class='ocr_par' dir='ltr' id='par_1_118' title="bbox 2077 5571 3645 5642">
     <span class='ocr_line' id='line_1_118' title="bbox 2077 5571 3645 5642; baseline -0.003 -13"><span class='ocrx_word' id='word_1_799' title='bbox 2077 5576 2293 5628; x_wconf 87' lang='lat' dir='ltr'><strong>utitur:</strong></span> <span class='ocrx_word' id='word_1_800' title='bbox 2328 5584 2496 5642; x_wconf 86' lang='lat' dir='ltr'><strong>atque</strong></span> <span class='ocrx_word' id='word_1_801' title='bbox 2535 5571 2587 5624; x_wconf 93' lang='lat' dir='ltr'><strong>in</strong></span> <span class='ocrx_word' id='word_1_802' title='bbox 2620 5572 2820 5626; x_wconf 66' lang='lat' dir='ltr'><strong>malum</strong></span> <span class='ocrx_word' id='word_1_803' title='bbox 2857 5571 3104 5633; x_wconf 83' lang='lat' dir='ltr'><strong>evolans,</strong></span> <span class='ocrx_word' id='word_1_804' title='bbox 3148 5585 3311 5639; x_wconf 90' lang='lat' dir='ltr'><strong>quam</strong></span> <span class='ocrx_word' id='word_1_805' title='bbox 3349 5571 3645 5626; x_wconf 84' lang='lat' dir='ltr'><strong>celerrime</strong></span> 
     </span>
    </p>
   </div>
   <div class='ocr_carea' id='block_1_119' title="bbox 2076 5662 3641 5734">
    <p class='ocr_par' dir='ltr' id='par_1_119' title="bbox 2076 5662 3641 5734">
     <span class='ocr_line' id='line_1_119' title="bbox 2076 5662 3641 5734; baseline 0 -18"><span class='ocrx_word' id='word_1_806' title='bbox 2076 5679 2364 5734; x_wconf 78' lang='lat' dir='ltr'><strong>progressu</strong></span> <span class='ocrx_word' id='word_1_807' title='bbox 2394 5664 2559 5732; x_wconf 82' lang='lat' dir='ltr'><strong>pleno</strong></span> <span class='ocrx_word' id='word_1_808' title='bbox 2607 5663 2878 5732; x_wconf 88' lang='lat' dir='ltr'><strong>pervenit.</strong></span> <span class='ocrx_word' id='word_1_809' title='bbox 2913 5662 3114 5728; x_wconf 88' lang='lat' dir='ltr'><strong>Quales</strong></span> <span class='ocrx_word' id='word_1_810' title='bbox 3143 5665 3292 5717; x_wconf 90' lang='lat' dir='ltr'><strong>viros</strong></span> <span class='ocrx_word' id='word_1_811' title='bbox 3333 5677 3394 5716; x_wconf 85' lang='lat' dir='ltr'><strong>ea</strong></span> <span class='ocrx_word' id='word_1_812' title='bbox 3429 5672 3641 5727; x_wconf 62' lang='lat' dir='ltr'><strong>tempe--</strong></span> 
     </span>
    </p>
   </div>
   <div class='ocr_carea' id='block_1_120' title="bbox 2077 5755 3642 5826">
    <p class='ocr_par' dir='ltr' id='par_1_120' title="bbox 2077 5755 3642 5826">
     <span class='ocr_line' id='line_1_120' title="bbox 2077 5755 3642 5826; baseline -0.004 -14"><span class='ocrx_word' id='word_1_813' title='bbox 2077 5769 2190 5812; x_wconf 86' lang='lat' dir='ltr'><strong>stas</strong></span> <span class='ocrx_word' id='word_1_814' title='bbox 2222 5757 2472 5826; x_wconf 83' lang='lat' dir='ltr'><strong>protulit,</strong></span> <span class='ocrx_word' id='word_1_815' title='bbox 2514 5756 2715 5809; x_wconf 85' lang='lat' dir='ltr'><strong>virtute</strong></span> <span class='ocrx_word' id='word_1_816' title='bbox 2746 5766 2801 5809; x_wconf 88' lang='lat' dir='ltr'><strong>et</strong></span> <span class='ocrx_word' id='word_1_817' title='bbox 2833 5756 3087 5810; x_wconf 88' lang='lat' dir='ltr'><strong>doctrina</strong></span> <span class='ocrx_word' id='word_1_818' title='bbox 3127 5769 3374 5826; x_wconf 79' lang='lat' dir='ltr'><strong>magnam</strong></span> <span class='ocrx_word' id='word_1_819' title='bbox 3407 5755 3642 5825; x_wconf 76' lang='lat' dir='ltr'><strong>gloriam</strong></span> 
     </span>
    </p>
   </div>
   <div class='ocr_carea' id='block_1_121' title="bbox 2077 5846 3640 5918">
    <p class='ocr_par' dir='ltr' id='par_1_121' title="bbox 2077 5846 3640 5918">
     <span class='ocr_line' id='line_1_121' title="bbox 2077 5846 3640 5918; baseline -0.003 -14"><span class='ocrx_word' id='word_1_820' title='bbox 2077 5859 2439 5905; x_wconf 67' lang='lat' dir='ltr'><strong>co..5CCUIOS&#39;.</strong></span> <span class='ocrx_word' id='word_1_821' title='bbox 2473 5851 2597 5904; x_wconf 68' lang='lat' dir='ltr'><strong>talis</strong></span> <span class='ocrx_word' id='word_1_822' title='bbox 2631 5847 2876 5903; x_wconf 85' lang='lat' dir='ltr'><strong>Isidorus</strong></span> <span class='ocrx_word' id='word_1_823' title='bbox 2910 5849 3000 5918; x_wconf 78' lang='lat' dir='ltr'><strong>ille</strong></span> <span class='ocrx_word' id='word_1_824' title='bbox 3037 5849 3164 5913; x_wconf 71' lang='lat' dir='ltr'><strong>fuit,</strong></span> <span class='ocrx_word' id='word_1_825' title='bbox 3195 5849 3291 5918; x_wconf 89' lang='lat' dir='ltr'><strong>qui</strong></span> <span class='ocrx_word' id='word_1_826' title='bbox 3333 5846 3388 5900; x_wconf 85' lang='lat' dir='ltr'><strong>in</strong></span> <span class='ocrx_word' id='word_1_827' title='bbox 3421 5846 3640 5899; x_wconf 57' lang='lat' dir='ltr'><strong>Pelusio</strong></span> 
     </span>
    </p>
   </div>
  </div>
