4036 6538
431 389 563 455 1251

1620 387 2036 448 NICEPHORI
2076 383 2421 448 CALLISTI

3551 377 3573 440 1
3586 373 3687 438 25"}.

430 515 615 559 monte
642 501 925 558 monachis
950 497 1168 570 prmfuit
1193 515 1207 554 :
1237 498 1396 554 Nilus
1419 506 1473 552 et
1501 498 1714 552 Marcus
1745 498 1993 568 praeclari

2118 496 2290 557 Ἷεῑλός
2330 512 2388 546 τε
2426 492 2521 544 καὶ
2570 489 2803 561 Μάρκος
2848 490 2896 542 οἱ
2951 486 3265 559 περιϐόητοι
3300 487 3573 558 ἀσκηταί·
3605 487 3667 541 Et

429 604 654 659 ascetie,
688 603 745 648 et
801 591 1018 660 sapiens
1058 592 1186 644 item
1221 589 1348 660 Cyri
1381 588 1456 658 (1)
1493 589 1738 642 θεειοεὶαι
1777 589 2006 644 antistes

430 687 802 743 'l‘beodoritus
823 724 839 748 ,
872 698 1108 753 quorum
1151 696 1344 750 magna
1377 680 1548 750 gloria
1581 688 1666 734 est
1687 719 1702 743 ,
1745 689 1804 733 ut
1832 690 2008 749 poelze

431 780 619 835 verbis
651 788 796 832 utar.
843 778 1184 845 Pra'ceptore
1230 775 1266 827 ii
1304 773 1356 826 in
1391 781 1625 840 utraque
1657 773 2008 842 phi1050phia

431 885 630 940 magno
664 869 749 924 usi
799 877 929 922 sunt
971 865 1388 936 Chrysostomo.
1440 863 1609 933 lgitur
1651 863 1868 920 divinus
1912 864 2010 919 lsi-

431 964 603 1017 dorus
639 962 750 1032 jam
796 959 926 1013 inde
973 956 1454 1021 abadolescentia
1488 957 1562 1010 ita
1599 957 1652 1010 in
1689 955 2009 1011 monasticis

431 1055 713 1110 laboribus
742 1051 1064 1116 desudavit,
1095 1060 1151 1106 et
1188 1053 1259 1107 ita
1295 1067 1542 1119 carnem,
1573 1052 1812 1107 animam
1845 1066 2009 1106 arca-

437 1146 521 1199 nis
551 1143 1078 1211 sublimioribusque
1120 1141 1392 1197 doctrinis
1423 1142 1648 1208 fovens,
1684 1143 2006 1209 maceravit,

435 1247 495 1291 ut
543 1236 908 1306 evangelicam
961 1250 1192 1304 prorsus
1242 1235 1467 1304 degeret
1519 1235 1730 1300 vitam;
1781 1245 1837 1288 et
1885 1235 2008 1290 viva

435 1320 786 1397 anit'nataque
818 1326 1102 1380 monastici
1137 1325 1378 1380 instituti
1416 1325 1726 1394 divinaeque
1759 1336 2009 1380 contem-

437 1421 693 1489 plationis
725 1399 978 1473 columna
1002 1459 1016 1484 ,
1051 1427 1108 1472 et
1145 1416 1312 1470 veluti
1351 1417 1679 1485 primarium
1725 1417 2006 1485 quoddam

435 1511 744 1578 exemplum
778 1510 1057 1579 ﬂagrantis
1087 1509 1453 1564 aamulationis
1488 1508 1867 1578 doctrinaeque
1899 1509 2011 1578 spi-

439 1603 648 1656 ritualis
681 1611 845 1656 esset.
880 1602 1048 1655 Multa
1081 1603 1148 1655 ab
1179 1617 1247 1655 eo
1273 1601 1474 1669 scripta
1511 1611 1660 1667 sunt,
1693 1602 1857 1655 variae
1896 1601 2008 1655 ιιιί-

435 1693 606 1747 litatis
669 1695 872 1762 plena:
933 1693 1277 1761 potissimum
1346 1702 1573 1756 autem,
1644 1692 2007 1762 epistolarum

435 1784 614 1837 omnis
667 1785 882 1852 generis
944 1783 1132 1838 divina
1187 1784 1352 1838 simul
1410 1799 1467 1838 et
1526 1784 1767 1838 humana
1825 1785 2004 1854 gratia

2112 589 2168 640 δὲ
2197 586 2290 640 καὶ
2320 585 2348 637 ό
2369 584 2466 653 τὴν
2492 580 2687 650 σοφίαν
2711 581 2876 644 πολὺς
2903 580 3249 650 Θεοδὼρητος
3277 581 3375 650 τῆς
3393 582 3692 650 Κυρεστῶι

2111 676 2410 747 ἐκκλησίας
2447 671 2816 744 ἱερατεύσας·
2876 668 2950 726 ὧν
3005 673 3138 742 εὐρὺ
3194 673 3353 735 κλέος
3404 675 3544 726 κατὰ
3587 674 3688 742 τὴν

2114 771 2356 838 ποίησιν·
2407 767 2712 837 διδασκάλῳ
2767 765 2845 836 τῷ
2899 765 3118 836 μεγάλῳ
3167 765 3541 835 Χρυσοστόμῳ
3594 770 3691 818 καὶ

2112 862 2234 916 κατ’
2263 861 2432 931 ἄμφω
2460 857 2796 929 φιλοσοφίας
2825 859 3183 929 χρησάμενοι.
3221 857 3281 909 Ὀ
3311 856 3410 925 μὲν
3433 855 3525 909 οὖν
3551 856 3692 918 θεῖος

2122 956 2393 1024 Ἰσίδωρος
2425 952 2487 1018 ἐξ
2517 952 2596 1006 ἔτι
2628 954 2749 1006 νέου
2785 955 2903 1014 τοῖς
2935 950 3259 1020 άσκητικοῖς
3311 948 3456 1002 οὕτω
3506 949 3692 1010 πόνοις

2113 1044 2395 1114 ἐνίδρωσε,
2424 1045 2518 1095 καὶ
2563 1043 2662 1113 τὴν
2698 1045 2881 1112 σάρκα
2917 1041 3208 1111 κατέτηξε,
3238 1040 3334 1111 τὴν
3361 1040 3542 1110 ψυχὴν
3578 1041 3690 1101 τοῖς

2114 1135 2488 1202 ὰναγωγικοῖς
2529 1136 2733 1196 πιάνας
2787 1133 2897 1187 τῶν
2928 1133 3124 1200 λόγων,
3157 1132 3230 1195 ὡς
3278 1133 3573 1200 ἀγγελικὸν
3595 1132 3690 1184 ἄν·

2111 1240 2304 1293 τικρυς
2356 1223 2643 1294 μετελθεῖν
2697 1222 2834 1293 βίον,
2887 1223 2981 1275 καὶ
3025 1222 3230 1293 στήλην
3277 1223 3463 1286 ζῶσάν
3505 1238 3563 1272 τε
3595 1221 3692 1272 καὶ

2114 1319 2358 1386 ἔμψυχον
2392 1319 2493 1382 τῆς
2541 1336 2600 1370 τε
2654 1315 2994 1387 μοναστικῆς
3050 1316 3263 1384 διαίτης
3313 1315 3406 1366 καὶ
3455 1313 3555 1383 τῆς
3614 1317 3692 1375 ετς

2111 1411 2244 1462 Θεὸν
2284 1409 2542 1477 θεωρίας,
2579 1408 2673 1461 καὶ
2703 1403 2816 1461 οἷόν
2849 1424 2902 1459 τι
2935 1405 3244 1476 ἀρχέτυπον
3281 1404 3448 1473 ζήλου
3481 1405 3575 1456 καὶ
3609 1403 3687 1454 διο

2112 1501 2418 1563 δασκαλίας
2468 1499 2850 1570 πνευματικῆς
2882 1497 3236 1567 ἐγγενέσθαι.
3265 1499 3375 1549 Καὶ
3407 1497 3471 1564 δὴ
3521 1495 3691 1547 πολλὰ

2115 1596 2214 1663 μὲν
2254 1593 2405 1663 αὐτῷ
2440 1593 2659 1662 ἐγράφη
2703 1590 2972 1660 ὠφελείας
3023 1591 3240 1658 ἁπάσης
3288 1589 3534 1656 ἕμπλεω·
3590 1586 3693 1656 μά·-

2113 1685 2271 1739 λιστα
2302 1687 2345 1739 δ’
2377 1685 2682 1750 ἐπιστολαὶ,
2725 1686 2947 1756 χάριτος
2994 1685 3256 1742 παντοίας
3287 1683 3506 1751 μεσταὶ,
3544 1680 3692 1741 θείας

2111 1794 2170 1828 τε
2197 1777 2314 1845 ἅμα
2352 1779 2448 1829 καὶ
2474 1776 2844 1846 ἀνθρωπίνης,
2893 1774 3026 1826 ὡσεὶ
3064 1773 3302 1844 χιλιάδες
3332 1773 3486 1826 δέκα·
3517 1771 3586 1823 δι’
3617 1766 3691 1823 «Iv

437 1873 797 1939 refertarum,
834 1890 1004 1944 prope
1050 1875 1217 1928 millia
1251 1875 1476 1937 decent.
1516 1877 1570 1930 in
1615 1877 1816 1946 quibus
1848 1876 2002 1930 Scri-

2118 1844 2292 1922 πᾶσάν
2318 1884 2377 1919 τε
2410 1844 2637 1938 Γραφην
2670 1864 2983 1934 σαφηνίζει,
3021 1868 3114 1917 καὶ
3149 1865 3374 1932 σύμπαν
3407 1860 3534 1934 ἦθος
3570 1880 3692 1916 παι·-

436 1976 652 2036 pturam
685 1983 907 2022 omnem
937 1967 1143 2022 clarius
1172 1969 1419 2037 exponit,
1453 1978 1510 2022 et
1539 1982 1730 2022 omnes
1758 1967 2004 2021 omnium

439 2060 724 2116 hominum
754 2075 936 2116 mores
978 2061 1216 2116 instituit
1239 2101 1254 2124 ,
1285 2062 1489 2132 quippe
1527 2063 1622 2131 qui
1658 2060 1879 2115 dicendi
1911 2076 2006 2129 ge-

437 2167 570 2208 nere
618 2153 684 2207 ad
738 2153 1047 2208 docendum
1097 2154 1510 2208 accommodato
1562 2153 1616 2206 in
1662 2153 1746 2207 eis
1798 2161 2006 2206 utatur.

437 2243 582 2300 Satis
622 2260 841 2314 quoque
875 2245 966 2300 ille
999 2244 1269 2310 declarat,
1306 2260 1416 2316 quo
1447 2244 1645 2300 ardore
1680 2259 1811 2315 erga
1837 2243 2011 2298 hone-

437 2345 661 2400 statem,
695 2351 821 2406 erga
855 2337 1178 2402 Ecclesiam,
1213 2349 1268 2392 et
1307 2353 1404 2393 eos
1436 2337 1530 2407 qui
1570 2346 1776 2392 temere
1812 2336 2012 2408 injuria

439 2427 809 2492 afﬁcerentur,
854 2427 1125 2498 ﬂagravit.
1177 2427 1402 2482 Multum
1447 2440 1714 2497 praeterea
1749 2427 1804 2481 in
1855 2427 2014 2481 lucu-

440 2515 795 2571 brationibus
831 2517 948 2571 suis
1003 2518 1282 2572 invehitur
1313 2518 1365 2572 in
1387 2533 1482 2571 eos
1507 2519 1598 2587 qui
1632 2533 1737 2571 non
1766 2517 1869 2571 rite
1895 2516 2014 2586 e'pi-

439 2607 646 2675 Icopali
669 2608 1108 2678 sacerdotalique
1129 2624 1355 2662 munere
1375 2608 1755 2678 fungerentur.
1782 2610 1845 2661 Et
1867 2607 2015 2678 quod

440 2707 630 2767 aperte
659 2698 1114 2769 Chrysostomum
1149 2699 1497 2762 defenderet,
1531 2701 1886 2756 vehementer
1914 2701 2018 2754 Ar-

441 2789 657 2842 cadium
695 2800 751 2842 et
793 2789 1090 2860 Cyrillum,
1134 2801 1298 2861 atque
1345 2792 1510 2864 hujus
1547 2803 1806 2862 patruum
1833 2792 2016 2848 Theo-

441 2881 650 2948 philum
704 2881 1059 2950 perstringit,
1110 2897 1416 2951 eorumque
1465 2885 1719 2939 sinistras
1752 2883 2018 2940 adversus

441 2975 620 3028 virum
649 2989 774 3028 eum
812 2986 1100 3042 susceptas
1135 2976 1457 3031 molitiones
1490 2985 1637 3031 taxat
1666 2997 1680 3030 :
1713 2993 1835 3046 quae
1865 2979 2014 3032 illum

443 3065 635 3116 eodem
664 3078 787 3116 cum
809 3064 886 3118 eis
910 3074 1151 3134 tempore
1175 3068 1419 3137 viguisse
1439 3075 1731 3121 testantur.
1756 3067 2016 3138 Cyrillum

2107 1959 2275 2025 δεύει,
2312 1958 2854 2026 διδασκαλικώτερον
2890 1956 3219 2026 ποιούμενος
3252 1956 3352 2027 τὴν
3386 1956 3689 2025 ὑφήγησιν.

2120 2052 2412 2120 Ἰζμφαίνει
2443 2052 2498 2104 δέ
2532 2053 2623 2105 καὶ⁸
2671 2052 2730 2104 ὃν
2771 2047 2918 2120 εἶχεν
2972 2051 3114 2116 ὑπὲρ
3163 2050 3254 2102 τοῦ
3307 2049 3477 2102 καλοῦ
3529 2049 3692 2116 ζῆλον

2111 2144 2256 2215 ὑπέρ
2289 2160 2350 2196 τε
2383 2144 2482 2212 τῆς
2520 2143 2855 2213 Ἐκκλησίας
2891 2143 2985 2196 καὶ
3016 2143 3126 2196 τῶν
3175 2143 3352 2206 ἄλλως
3397 2142 3694 2211 ἀδικουμέ-

2112 2253 2242 2290 νων.
2279 2235 2492 2306 Πολλὴν
2547 2236 2604 2288 δέ
2660 2239 2755 2289 κα)⁸
2789 2234 3144 2306 καταδρομὴν
3191 2234 3307 2287 ἐστι
3352 2236 3465 2296 τοῖς
3499 2236 3693 2305 ἐκείνῳ

2113 2331 2434 2399 πονηθεῖσιν
2466 2329 2648 2399 εὑρεῖν
2681 2323 2763 2392 οἷς
2797 2327 3052 2399 ἱερᾶσθαι
3085 2328 3218 2397 παρ’
3251 2327 3410 2391 ἀξίαν
3465 2329 3689 2396 συνέϐη.

2118 2422 2416 2491 Ἀντικρυς
2441 2420 2488 2474 δ’
2537 2421 2680 2492 ὑπὲρ
2711 2421 2803 2474 τοῦ
2839 2420 3235 2490 Χρυσοστόμου
3284 2419 3495 2481 πνέων,
3526 2419 3696 2472 πολλά

2115 2529 2174 2565 τε
2222 2511 2510 2580 Ἀρκαδίου
2553 2511 2649 2565 καὶ
2700 2510 2977 2581 Κυρίλλου
3027 2510 3124 2564 καὶ
3174 2510 3268 2563 τοῦ
3321 2510 3468 2563 θείου
3503 2513 3693 2578 ἐκείνῳ

2115 2603 2381 2673 Θεοφίλου
2412 2603 2782 2670 καθάπτεται,
2823 2603 3122 2674 διελέγχων
3157 2604 3256 2673 τὴν
3288 2606 3430 2658 κατὰ
3478 2606 3574 2656 τοῦ
3604 2607 3696 2657 άν-

2115 2698 2242 2767 δρδς
2276 2696 2456 2749 αὐτῶν
2493 2696 2821 2766 σκαιωρίαν·
2857 2695 2925 2749 δι’
2964 2691 3040 2749 ὧν
3090 2695 3365 2748 δείκνυται
3411 2697 3509 2748 καὶ
3553 2697 3695 2750 κατὰ

2118 2791 2209 2842 τὸν
2243 2790 2410 2842 αὑτὸν
2467 2789 2699 2851 ἐκείνοις
2755 2790 3107 2860 συνακμάσαι
3157 2790 3372 2860 χρόνον.
3423 2789 3694 2860 Κύριλλον

2116 2881 2249 2950 γοῦν
2305 2881 2382 2943 ώς
2441 2880 2733 2952 ταραχώδη
2792 2881 2954 2950 δῆθεν
3008 2881 3400 2945 ἀναστέλλων,
3443 2883 3538 2935 καὶ
3580 2883 3694 2936 τάδ’

2118 2974 2446 3027 ἐπιστέλλει·
2497 2991 2515 3024 ι
2551 2974 2907 3041 Προσπάθεια
2937 2973 3034 3040 μὲν
3067 2975 3166 3026 οὐκ
3194 2974 3480 3045 ὀξυδορκεῖ
3505 2992 3521 3006 ·
3549 2977 3698 3030 ἀντι-

2120 3067 2322 3121 πάθεια
2355 3066 2413 3120 δέ
2442 3066 2580 3129 ὅλως
2611 3067 2708 3135 ούχ
2731 3067 2864 3137 όρᾷ.
2898 3066 2960 3118 El
2991 3067 3170 3118 τοίνυν
3201 3066 3476 3135 ἑκατέρας
3517 3067 3695 3142 λύμης

443 3169 576 3208 sane
611 3152 834 3222 quidem
884 3165 942 3208 ut
984 3155 1261 3216 hominem
1309 3157 1685 3213 turbulentum
1739 3161 2014 3224 refellens,

2123 3155 2303 3224 βούλει
2353 3157 2554 3208 σαυτὸν
2601 3154 2960 3224 καθαρεῦσαι,
3018 3154 3092 3224 μὴ
3149 3155 3329 3224 βιαίας
3388 3158 3694 3226 ἀποφάσεις

447 3245 558 3296 haec
607 3259 828 3312 quoque
879 3245 1116 3300 scribit:
1157 3265 1174 3297 ι
1231 3246 1462 3302 Favoris
1515 3250 1736 3318 quidem
1799 3251 2019 3308 affectio

445 3344 666 3388 acutum
705 3351 812 3388 non
853 3335 1018 3400 videt,
1051 3337 1265 3392 hostilis
1299 3355 1427 3393 vero
1460 3341 1629 3395 animi
1663 3343 1848 3397 odium
1883 3344 2019 3398 nihil

448 3443 674 3497 prorsus
703 3430 898 3483 Cernit.
936 3429 1095 3500 567
1129 3430 1284 3495 Quod
1323 3435 1367 3485 si
1402 3443 1634 3504 utroque
1669 3436 1772 3492 hoc
1800 3438 1930 3492 \iliO
1967 3448 2020 3493 te

449 3507 683 3590 purgare
735 3523 914 3590 ipsum
947 3533 1003 3577 et
1049 3523 1283 3578 liberare
1317 3524 1430 3585 vis,
1484 3543 1553 3580 ne
1585 3528 1853 3584 violentas
1894 3547 2022 3586 sen-

452 3613 652 3667 tentias
691 3623 1053 3683 extorqueto,
1085 3616 1177 3668 sed
1219 3617 1370 3684 justo
1405 3617 1616 3688 judicio
1645 3634 1838 3676 causas
1868 3619 2020 3677 com-

450 3704 674 3758 mittito.
718 3705 1175 3776 Quandoquidem
1218 3719 1273 3763 et
1315 3710 1447 3774 Deo,
1483 3712 1574 3781 qui
1622 3715 1803 3768 omnia
1844 3717 2022 3784 prius-

449 3809 613 3863 quam
659 3793 790 3848 ﬁant
835 3799 1025 3861 novit,
1060 3797 1473 3864 perhumaniter
1504 3809 1558 3853 et
1587 3793 1820 3871 benigne
1848 3803 2019 3872 placi-

452 3895 565 3938 tum
601 3885 704 3938 fuit
753 3895 815 3940 ut
841 3887 1222 3953 descenderet,
1245 3899 1301 3943 et
1331 3890 1626 3945 clamorem
1655 3892 2017 3950 Sodomorum

449 3978 684 4042 videret,
714 3988 880 4033 cerne
910 3989 963 4033 ct
991 3990 1197 4035 exactae
1229 3980 1607 4050 inquisitionis
1633 3984 1794 4044 nobis
1824 4001 2019 4056 prapo-

450 4084 589 4123 nens
619 4071 953 4139 exemplum.
999 4071 1150 4125 Multi
1186 4087 1420 4142 namque
1463 4075 1556 4143 qui
1603 4075 1800 4145 Ephesi
1835 4087 2015 4132 tecum

451 4162 765 4231 congregati
814 4162 992 4227 fuere,
1025 4163 1242 4232 publice
1291 4173 1342 4218 te
1390 4165 1706 4232 traducunt,
1737 4169 1883 4236 quod
1915 4169 2020 4223 ini-

453 4253 689 4306 micitias
744 4260 866 4306 tuas
917 4263 1243 4322 persecutus
1292 4255 1370 4310 sis
1402 4273 1414 4309 :
1445 4266 1501 4310 et
1541 4272 1650 4312 non
1679 4258 1802 4314 'rite
1853 4272 2018 4330 atque

451 4343 666 4404 ordine,
697 4343 850 4412 juxta
882 4351 1044 4398 recta:
1079 4343 1205 4399 ﬁdei
1240 4348 1587 4406 sententiam.
1644 4364 1705 4404 ea
1745 4365 1864 4420 qua:
1889 4351 2018 4406 Jcsu

450 4430 658 4484 Christi
689 4427 836 4494 sunt,
870 4434 1210 4501 qua-siveris.
1247 4435 1560 4506 Theophili,
1587 4439 1865 4508 inquiunt,
1892 4457 2017 4496 cum

2119 3245 2367 3312 ἐκϐίαζε,
2421 3246 2561 3299 ἀλλὰ
2597 3247 2778 3314 κρίσει
2805 3247 2991 3317 δικαίᾳ
3023 3249 3122 3312 τὰς
3154 3249 3335 3310 αἰτίας
3379 3251 3694 3320 ἐπίτρεψον.

2132 3338 2354 3406 Ἐπειδὴ
2385 3339 2478 3391 καὶ
2504 3337 2636 3402 Θεὸς
2661 3341 2690 3392 ό
2721 3339 2899 3393 πάντα
2922 3338 3079 3403 εἰδὼς
3111 3342 3218 3410 πρὸ
3237 3341 3505 3407 γενέσεως
3532 3360 3698 3394 κατει-

2122 3428 2284 3497 ϐῆναι
2308 3431 2402 3482 καὶ
2437 3429 2535 3500 τὴν
2559 3431 2810 3501 κραυγὴν
2849 3432 2980 3484 ίδεῖν
3009 3432 3262 3500 Σοδόμων
3295 3434 3697 3506 φιλανθρώπως

2120 3522 2444 3590 ηὐδόκησεν,
2476 3523 2624 3592 ἡμᾶς
2657 3523 2923 3592 ἀκριϐοῦς
2983 3524 3215 3594 ἐρεύνης
3262 3525 3531 3579 διδάσκων
3563 3530 3696 3580 ὑπόο

2124 3613 2294 3668 θεσιν.
2322 3614 2518 3667 Πολλοὶ⁵
2539 3615 2650 3685 γάρ
2678 3631 2738 3668 σε
2768 3615 3097 3686 κωμῳδοῦσι
3133 3599 3240 3669 τών
3265 3607 3698 3685 συνειλεγμένων

2121 3703 2200 3762 εἰς
2240 3703 2498 3770 Ἔφεσον,
2538 3703 2613 3767 ὡς
2672 3705 2878 3758 οἰκείαν
2926 3707 3267 3777 ἀμυνόμενον
3313 3708 3537 3778 ἔχθραν,
3582 3712 3694 3762 ἀλλ’

2121 3794 2180 3845 οὐ
2213 3795 2280 3846 τὰ
2331 3794 2508 3862 Ἰησοῦ
2541 3794 2780 3864 Χριστοῦ
2808 3797 3104 3867 όρθοδόξως
3129 3799 3417 3869 ζητοῦντα.
3456 3803 3696 3870 Ἀδελφι-

2121 3885 2245 3948 δοῦς
2278 3886 2417 3952 ἔστι,
2468 3889 2624 3956 φασὶ,
2661 3888 2924 3956 Θεοφίλου
2974 3891 3315 3960 μιμούμενος
3355 3878 3568 3948 ἐκείνου
3602 3898 3696 3966 τὴν

2122 3978 2372 4048 γνώμην.
2410 3979 2624 4050 Ὥσπερ
2663 3980 2772 4050 γὰρ
2799 3982 3007 4044 ἐκεῖνος
3034 3982 3235 4050 μανίαν
3259 3984 3405 4052 σαφῆ
3428 3990 3696 4058 ,κατεσκέο-

2121 4068 2250 4121 δασε
2303 4075 2444 4124 κατὰ
2495 4071 2590 4124 τοῦ
2644 4071 2907 4142 θεοφόρου
2960 4075 3054 4126 καὶ
3092 4075 3379 4144 θεοφιλοῦς
3420 4077 3694 4142 Ἰωάννου,

2119 4160 2294 4222 οὕτως
2317 4162 2582 4232 ἐπιθυμεῖ
2610 4164 3000 4232 καυχήσασθαι
3032 4167 3131 4218 καὶ
3157 4164 3336 4231 οὗτος,
3364 4169 3413 4220 εί
3441 4171 3536 4221 καὶ
3565 4171 3697 4224 πολὺ

2119 4251 2227 4304 τῶν
2284 4254 2622 4321 κρινομένων
2650 4256 2767 4306 ἐστὶ
2820 4255 2881 4308 τὸ
2912 4255 3191 4326 διάφορον.
3231 4277 3250 4310 ι
3303 4261 3413 4312 Καὶ
3441 4257 3600 4324 αὖθις
3642 4266 3697 4314 ἑν

2121 4347 2318 4415 ἑτέρῳ,
2379 4365 2398 4398 ι
2431 4349 2589 4401 Φοὸεῖ
2627 4366 2716 4418 με,
2767 4351 2931 4420 φησὶ,
2986 4352 3055 4404 τὰ
3107 4353 3208 4422 τῆς
3267 4355 3419 4420 θείας
3476 4359 3697 4426 Γραφῆς

2122 4436 2521 4505 ὑποδείγματα,
2555 4440 2652 4491 καὶ⁵
2687 4441 2923 4510 γράφειν
2949 4442 3016 4492 τὰ
3047 4443 3232 4512 χρεὼν
3284 4447 3692 4520 ἀναγκάζομαι.

453 4521 638 4576 fratris
687 4521 831 4576 illius
872 4524 966 4587 sit,
1021 4535 1260 4579 mentem
1308 4541 1372 4581 ac
1421 4531 1749 4584 sententiam
1797 4547 2014 4602 quoque

2122 4527 2245 4580 Εἴτε
2283 4530 2392 4598 γὰρ
2446 4532 2630 4600 πατήρ
2683 4533 2822 4600 εἰμι,
2852 4533 2928 4596 ώς
2979 4535 3116 4604 ἔφης
3152 4537 3339 4602 αὐτὸς,
3399 4541 3550 4596 δέδια
3605 4545 3696 4597 τοῦ

455 4611 604 4666 illius
637 4613 908 4668 imitatur.
953 4613 1430 4680 Quemadmodum
1464 4621 1611 4675 enim
1645 4623 1736 4686 ille
1771 4634 2013 4693 apertam

453 4701 720 4756 insaniam
772 4705 827 4756 in
881 4713 1130 4758 sanctum
1183 4716 1239 4761 et
1284 4709 1393 4762 Deo
1443 4709 1701 4766 dilectum
1749 4714 2014 4770 Joannem

451 4792 666 4857 etIudit,
714 4793 788 4847 ita
835 4804 890 4848 ct
921 4795 1022 4849 iste
1055 4797 1283 4866 gloriam
1331 4802 1524 4855 eodem
1566 4802 1785 4859 aﬂ'ectat
1833 4807 2018 4875 modo,

452 4887 700 4957 quamvis
729 4902 905 4941 causa:
937 4889 1066 4956 ipsze
1094 4898 1148 4943 et
1178 4906 1263 4945 res
1293 4891 1361 4946 de
1403 4893 1604 4961 quibus
1634 4898 2014 4952 controversia

452 4987 536 5030 est
564 4992 893 5046 magnopere
924 4982 1072 5034 inter
1105 4996 1164 5035 se
1192 4981 1518 5038 dissideant.
1551 5002 1570 5036 ι
1605 4984 1660 5039 In
1692 4988 1797 5041 alia
1829 5003 2021 5044 rursus

453 5070 686 5139 epistola
719 5070 834 5124 hmc
861 5073 1057 5127 scribit
1091 5091 1104 5126 :
1144 5092 1162 5124 ι
1187 5075 1423 5131 Terrent
1453 5091 1539 5132 tne
1567 5094 1694 5148 quae
1727 5079 1782 5134 in
1817 5081 2020 5136 divinis

453 5160 755 5231 Scripturis
784 5163 1000 5232 prodita
1035 5169 1472 5237 suntexempla,
1506 5179 1560 5224 et
1591 5187 1714 5240 qua:
1755 5188 1894 5240 opus
1935 5185 2020 5229 est

454 5256 768 5306 necessario
803 5254 1048 5309 scribere
1081 5272 1266 5326 cogor.
1305 5259 1431 5313 Sive
1466 5262 1611 5316 enim
1646 5272 1826 5332 pater,
1855 5267 2018 5321 sicuti

498 5447 602 5528 ,(1)
637 5447 773 5528 ,(Ζγτί
812 5449 1019 5528 oppidi,
1053 5452 1142 5505 ubi
1196 5452 1565 5528 Theodoritus
1621 5459 2025 5516 ecclesiasticus

454 5517 753 5596 historicos
804 5517 1176 5596 epi’scOpatum
1231 5527 1420 5591 gessit.
1457 5542 1596 5596 szepe
1637 5531 1688 5580 in
1725 5531 1809 5582 his
1868 5531 2024 5586 libris

453 5591 589 5640 facta
644 5597 749 5666 est“
792 5591 1018 5666 mentio.
1071 5592 1246 5666 Situm
1300 5605 1384 5648 est
1423 5597 1475 5648 in
1523 5591 1699 5666 Syria,
1733 5615 1758 5650 a
1796 5598 2020 5664 .luttzeis,

453 5675 575 5709 cum
613 5673 690 5737 ex_
716 5658 996 5737 Palaestina
1025 5662 1368 5737 aAMetlorum
1400 5658 1643 5720 exercitu
1679 5671 1730 5720 itt
1786 5658 2022 5737 captivi;

452 5737 611 5806 tatem
644 5728 884 5806 abducti,
913 5737 967 5782 et
994 5745 1022 5782 a
1058 5730 1196 5806 Cyro
1221 5749 1346 5806 rege
1387 5737 1676 5789 Persarum
1707 5738 1760 5790 in
1790 5728 2020 5806 pairiam

453 5798 689 5850 restttuti
723 5807 926 5866 essent,
962 5809 1020 5853 ut
1053 5798 1308 5867 aliquanf
1337 5805 1413 5858 illi
1447 5822 1544 5868 pro
1576 5815 1726 5860 tanto
1756 5798 2024 5864 beneﬂcio

2129 4619 2278 4673 Ἠλεὶ
2317 4622 2416 4692 τὴν
2465 4624 2816 4694 κατάκρισιν,
2865 4627 2949 4680 ὃτι
2997 4629 3122 4690 τοὺς
3157 4629 3306 4692 υἱοὺς
3347 4632 3696 4704 ἁμαρτόντας

2118 4712 2218 4766 οὐκ
2245 4714 2637 4784 ἐσωφρόνισεν·
2671 4716 2782 4770 εῐτε
2813 4719 2927 4782 υἱός
2960 4737 3053 4772 σου
3076 4724 3356 4793 τυγχάνω,
3384 4728 3457 4788 ὡς
3490 4730 3694 4796 μᾶλλον

2121 4803 2430 4873 ἐπίσταμαι
2458 4806 2550 4859 τὸν
2588 4808 2763 4876 μέγαν
2793 4811 3230 4882 σχηματίζοντος
3271 4817 3519 4885 Μάρκον,
3547 4823 3693 4884 ἀγω-

2120 4896 2218 4948 νιῶ
2255 4897 2357 4949 τοῦ
2389 4899 2647 4953 ’Ῑωνάθαν
2681 4901 2743 4954 τὸ
2773 4905 3055 4974 ἐπιτίμιον
3077 4921 3091 4936 ·
3125 4908 3206 4960 ὅτι
3234 4907 3324 4960 τὸν
3357 4914 3570 4981 πατέρα
3601 4915 3696 4983 ζη-

2119 4990 2360 5058 τήσαντα
2399 4993 2842 5064 ἐγγαστρίμυθον
2872 4999 2972 5049 οὑκ
3002 5000 3268 5052 ἐκώλυσε·
3300 5004 3397 5055 καὶ
3423 5006 3690 5076 πρότερος

2121 5082 2216 5133 τοῦ
2251 5083 2671 5154 ἁμαρτήσαντος
2715 5088 2744 5140 ὁ
2789 5089 3035 5143 κωλῦσαι
3092 5088 3398 5162 δυνάμενος
3434 5097 3695 5168 τέθνηκεν

2125 5177 2205 5236 είς
2235 5176 2327 5227 τὸν
2370 5177 2626 5247 πόλεμον.
2660 5179 2788 5232 Ἰνα
2823 5182 3003 5236 τοίνυν
3034 5185 3190 5252 κάγὼ
3235 5188 3312 5257 μὴ
3356 5191 3691 5259 κατακριθῶ,

2127 5267 2223 5317 καὶ
2255 5267 2420 5331 αὐτὸς
2456 5271 2611 5340 παρὰ
2659 5273 2795 5326 Θεοῦ
2834 5275 2910 5345 μὴ
2941 5275 3158 5346 κριθῇς,
3188 5279 3398 5333 παῦσον
3430 5283 3527 5345 τὰς
3579 5285 3692 5352 ἔρι-

2127 5465 2389 5541 memoris
2410 5467 2574 5541 animi
2607 5465 2876 5525 referrent
2901 5473 3149 5541 gratiam,
3181 5477 3483 5533 conditum.
3519 5481 3572 5536 Id
3604 5483 3695 5537 ad-

2128 5535 2349 5621 inodum
2407 5537 2734 5621 aliquandiu
2769 5535 3103 5610 negléctum,
3134 5535 3476 5621 .lustinianus
3507 5535 3692 5619 postea

2128 5615 2765 5687 instauravit,“munivit
2803 5622 2860 5665 et
2911 5616 3235 5687 emanavit,
3284 5615 3519 5687 propter
3557 5623 3697 5675 deus

2127 5674 2465 5760 Costtiaulthet
2504 5677 2840 5760 Damianum,
2875 5684 2965 5752 qui
2996 5682 3063 5736 ad
3115 5683 3168 5736 id
3205 5674 3464 5757 oppidum
3493 5674 3692 5760 sepulti

2127 5753 2308 5797 erant.
2350 5744 2632 5816 (l'rocop.)
