4036 6542
361 367 494 428 1253

1281 372 1877 434 ΕΕΕΙᾸΞΞΙΛΞΤΙΟίΕ
1919 372 2307 434 HISTORle
2349 373 2493 432 LIB.
2539 373 2693 433 XIV.

3480 382 3608 440 1254

353 483 466 544 δας’
514 481 590 552 μὴ
647 483 855 545 οἰκείας
910 483 1120 587 b69150);
1169 485 1404 553 ἄμυναν,
1465 487 1685 557 ἢπαρέι
1725 487 1931 554 θνητῶν

2042 485 2158 552 ipse
2193 484 2352 544 dicis,
2380 483 2652 553 judicium
2690 493 2746 538 et
2782 486 3298 541 couilelmiatioucm
3338 487 3455 542 llcli
3494 504 3608 542 me-

355 573 785 644 κεχρεώστηται,
821 575 920 646 τήν
953 572 1136 640 ζῶσαν
1167 572 1500 648 Ἐκκλησίαν
1535 579 1812 648 μεθόδίυε,
1836 583 1930 632 mi.

354 667 573 718 αἰώνιον
608 666 748 736 αὐτῇ
797 667 1067 737 διχόνοιαν
1121 671 1180 722 ὲν
1232 673 1586 738 προσχήματι
1644 658 1931 733 εὐσεϐείας

357 758 762 824 μετασκεύαζε.
798 777 816 808 ι
857 760 965 813 Καὶ
993 759 1160 812 πάλιν
1202 762 1333 829 περὶ
1379 761 1472 814 τοῦ
1515 763 1928 832 Χρυσοστόμου·

361 864 379 896 ι
416 847 658 916 Ἐρωτᾷς
687 848 785 918 τὴν
822 850 950 919 περ).
981 850 1072 902 τὸν
1111 850 1398 904 θεσπέσιον
1428 853 1686 922 Ἰωάννην
1717 871 1934 923 τραγῳο

355 937 473 989 δίαν
505 952 520 967 ·
551 941 867 1008 ἀναφράσαι
895 943 1097 1007 ταύτην
1126 943 1337 1013 ἀπορῶ,
1393 945 1537 1013 Νικᾷ
1566 945 1674 1014 γὰρ
1701 946 1868 1014 αὐτὴν
1899 946 1932 1014 ἡ

362 1032 499 1100 μέθη
525 1032 619 1085 τοῦ
651 1035 997 1102 πράγματος.
1022 1037 1213 1102 Μικρά
1237 1037 1290 1089 δὲ
1327 1039 1587 1105 μάνθανε,
1610 1039 1644 1092 ἃ.
1672 1042 1702 1108 ή
1735 1041 1933 1106 γείτων

357 1121 638 1189 Αἴγυπτος
672 1126 922 1194 συνήθως
957 1128 1225 1198 ἠνόμησε,
1257 1130 1348 1182 τὸν
1383 1132 1583 1182 Μωσέα
1631 1147 1933 1200 παραιτου-

363 1214 519 1282 μένη,
549 1215 626 1284 τῷ
655 1217 858 1282 Φαραὼ
904 1220 1277 1290 οἰκειουμένη,
1321 1223 1449 1286 τοὺς
1502 1225 1799 1286 ταπεινοὺς
1834 1243 1936 1294 μα-

362 1305 642 1372 στίζουσα,
696 1311 822 1370 τοὺς
870 1313 1244 1382 κοπτομένους
1309 1315 1588 1380 θλίϐουσα,
1630 1319 1815 1380 πόλεις
1855 1319 1937 1370 οἱ·

361 1395 689 1463 κοδομοῦσα,
712 1400 950 1461 καὶτοὺς
974 1402 1198 1469 μισθοὺς
1224 1405 1626 1475 ἀποττεροῦσα,
1650 1407 1744 1460 καὶ
1771 1407 1935 1479 μέχρι

360 1485 455 1537 τοῦ
482 1486 580 1538 νῦν
612 1488 825 1551 τούτοις
859 1491 1240 1559 ὲμμελετῶσα.
1277 1495 1382 1548 Τὸν
1417 1495 1686 1566 λιθομανῆ
1707 1498 1818 1567 γὰρ
1841 1499 1938 1552 καὶ

359 1580 740 1651 χρυσολάτρην
779 1585 1198 1656 προϐαλλομένη
1231 1587 1513 1656 Θεόφιλον,
1544 1590 1637 1642 καὶ
1671 1591 1936 1660 τέσσαρσι

364 1675 704 1744 συνεργοῖςῆ
749 1678 954 1743 μᾶλλον
1002 1682 1440 1746 συναποστάταις
1491 1684 1666 1736 εἰπεῖν
1721 1684 1936 1755 ὀχυρω-

363 1764 546 1829 θέντα,
599 1769 693 1819 τὸν
750 1770 973 1840 θεοφιλῆ
1027 1772 1121 1824 καὶ.
1178 1773 1429 1842 θεολόγον
1484 1777 1938 1846 κατεπολέμησεν

2035 580 2150 634 tuo,
2173 573 2317 640 quod
2354 573 2492 626 filios
2517 584 2806 641 peccantes
2833 591 2937 628 non
2964 579 3274 631 coercuerit
3302 597 3314 631 :
3347 595 3443 632 seu
3468 579 3612 632 filius

2034 672 2182 727 tuus,
2230 666 2323 732 qui
2372 664 2553 734 magni
2589 665 2741 718 Sauli
2786 681 3079 734 personam
3128 669 3323 736 refers,
3371 686 3514 738 sum,
3557 674 3609 726 id

2032 758 2180 826 quod
2231 757 2403 827 magis
2456 774 2732 828 agnosco,
2786 759 3037 814 JODﬂlll-‘B
3095 777 3312 830 pmnam
3360 765 3611 834 trepidus

2033 849 2389 914 exhorresco,
2439 850 2586 918 quod
2635 861 2845 918 patrem
2897 852 3284 916 Pythonissam
3323 856 3400 925 (l)
3463 873 3611 924 qua:-

2036 949 2246 994 rcntem
2295 955 2406 994 non
2454 940 2809 1010 impedierit:
2859 951 2913 996 et
2961 955 3256 1012 propterea
3304 947 3458 1014 prius
3494 950 3610 1016 ipse

2036 1032 2129 1100 qui
2167 1032 2464 1100 prohibere
2512 1033 2565 1086 id
2616 1034 2894 1103 potuerit,
2927 1051 3088 1104 quam
3123 1039 3218 1106 qui
3263 1053 3609 1107 peccaverat,

2039 1107 2218 1191 pater,
2255 1123 2308 1177 in
2343 1123 2488 1178 bello
2519 1125 2741 1182 occidit.
2778 1126 2968 1196 Itaque
2999 1144 3066 1182 ne
3105 1144 3204 1198 ego
3233 1145 3451 1198 quoque
3482 1147 3614 1184 eon-

2038 1214 2289 1281 demner,
2315 1225 2370 1270 et
2403 1232 2470 1271 ne
2503 1217 2785 1299 adeoipse
2813 1219 2979 1272 etiam
3005 1235 3034 1272 a
3064 1220 3175 1274 Deo
3204 1221 3613 1286 condemneris,

2038 1311 2426 1365 contentiones
2457 1311 2637 1380 supito
2663 1327 2676 1362 :
2712 1326 2811 1365 nec
2841 1311 3055 1378 injuriae
3082 1314 3320 1382 propria:
3347 1315 3611 1374 vindicta.

2040 1417 2163 1470 qua:
2196 1402 2265 1455 ab
2315 1402 2638 1458 hominibus
2667 1403 2956 1472 provenit,
3000 1403 3277 1457 viventem
3313 1405 3612 1459 Ecclesiaui

2039 1509 2139 1563 per
2180 1503 2393 1550 astulas
2426 1495 2676 1550 actiones
2722 1496 2932 1562 fallite,
2980 1512 3161 1574 neque
3194 1498 3243 1550 ei
3289 1507 3614 1566 perpetuam

2041 1588 2142 1642 sub
2188 1588 2410 1658 pietatis
2453 1599 2722 1656 praetextu
2776 1591 3178 1646 dissensionem
3229 1592 3545 1645 conciliato.
3592 1610 3609 1642 ι

2042 1681 2110 1735 Et
2145 1679 2214 1734 de
2245 1679 2646 1752 Clirysostomo
2679 1698 2899 1737 rursum
2929 1699 2943 1735 :
2982 1702 3000 1734 ι
3042 1683 3118 1736 De
3163 1682 3334 1736 divini
3387 1682 3615 1736 Joannis

2046 1773 2310 1840 tragoedia
2341 1773 2564 1840 quaeris.
2607 1774 2733 1825 Eam
2764 1788 2895 1827 vero
2925 1789 3198 1841 exponere
3226 1788 3459 1842 nequeo,
3492 1788 3616 1841 pro-

359 1858 669 1929 ἄνθρωπον,
715 1864 817 1934 τὴν
851 1867 982 1936 περὶ
1009 1867 1101 1919 τὸν
1136 1869 1269 1937 ἐμὸν
1298 1869 1591 1938 ὁμώνυμον
1625 1871 1931 1940 ἀπέχθειαν

2039 1868 2159 1927 pter
2208 1862 2288 1915 rei
2347 1862 2519 1930 ipsius
2575 1863 2929 1917 insolentiam
2978 1877 3142 1932 atque
3202 1856 3612 1933 indignitatem.

361 1951 704 2020 ὁρμητήριον
733 1954 834 2023 τῆς
867 1958 1074 2020 οἰκείας
1101 1958 1397 2030 ἀθεότητος
1429 1960 1748 2031 εὑρηκότες.
1787 1961 1931 2015 Ἀλλ’

357 2041 388 2092 ὁ
417 2037 566 2100 οἰκος
599 2045 761 2097 Δαυῒδ
788 2049 1148 2115 κραταιοῦται
1174 2063 1190 2080 ⁸
1222 2052 1440 2110 ἀσθενεῖ
1468 2052 1525 2105 δὲ
1561 2053 1589 2105 ό
1612 2052 1706 2106 τοῦ
1737 2056 1929 2120 Σαοὺλ,

361 2135 542 2197 καθὼς
583 2137 736 2207 δρᾷς,
767 2140 816 2191 εί
861 2140 955 2192 καὶ
984 2141 1084 2209 τῆς
1118 2143 1287 2214 ζάλης
1318 2144 1622 2214 ὑπεξῆλθεν
1659 2149 1687 2200 ό
1721 2147 1933 2217 ἄνθρω-

362 2244 460 2288 πος
481 2230 576 2282 τοῦ
601 2230 739 2299 βίου,
764 2235 858 2286 καὶ
886 2235 1022 2305 πρὸς
1053 2235 1152 2303 τὴν
1185 2238 1302 2290 ἅνω
1332 2239 1577 2309 γαλήνην
1602 2242 1925 2312 μετετέθη.»

362 2319 551 2385 Ὅπως
603 2323 662 2375 δὲ
720 2325 810 2376 τὸν
863 2326 1039 2395 μέγαν
1072 2327 1262 2381 τοῦτον
1291 2331 1511 2384 ἐπαίνου
1549 2334 1801 2398 καταξιοῖ
1831 2337 1932 2406 τῆς

364 2409 679 2478 ὑπερφυοῦς
750 2416 1044 2484 φράσεως,
1105 2422 1198 2473 καὶ
1259 2420 1431 2475 ταῦτα
1484 2426 1621 2493 πρδς
1684 2425 1933 2494 Ὀφέλιον

360 2501 454 2580 τὸν
487 2508 878 2574 γραμματικὸν
900 2509 1263 2580 διεξέρχεταιο
1297 2513 1435 2567 «Τοῦ
1467 2521 1931 2591 καταπεπλῆχθαι

359 2593 422 2646 οῦ
453 2612 597 2665 φημι
627 2599 752 2659 τοὺς
783 2599 979 2662 ἄλλους
1011 2602 1234 2672 (μικρὸν
1265 2607 1374 2675 γὰρ
1407 2609 1538 2670 ἴσως
1569 2611 1784 2674 πολλοῖς
1813 2613 1934 2665 τοῦ·

362 2690 466 2755 το),
499 2690 636 2742 ἀλλά
688 2691 780 2744 καὶ
826 2693 990 2746 αὑτὸν
1040 2697 1298 2752 Λιϐάνιον
1351 2699 1442 2752 τὸν
1497 2702 1584 2754 ἐπ’
1630 2704 1933 2778 εὐγλωττίᾳ

364 2782 516 2853 παρὰ
551 2785 684 2836 πᾶσι
717 2784 1069 2856 βεϐοημένον,
1103 2789 1203 2860 τὴν
1251 2791 1345 2845 τοῦ
1395 2793 1644 2864 ἀοιδίμου
1681 2795 1932 2853 Ἰωάννου

359 2875 632 2941 γλῶτταν,
691 2880 787 2930 καὶ
826 2879 897 2932 τά
952 2881 1124 2952 κάλλη
1177 2883 1287 2938 τῶν
1338 2886 1638 2956 ὀνομάτων,
1693 2891 1786 2958 καὶ
1834 2891 1933 2962 τὴν

361 2967 680 3036 πυκνότητα
734 2969 844 3021 τῶν
898 2971 1278 3042 ἐνθυμήσεων,
1341 2977 1649 3047 τεκμήριον
1701 2978 1781 3032 ἔτι
1829 2979 1932 3050 νέῳ

361 3050 476 3104 ὄντι
505 3054 599 3106 καὶ
622 3054 904 3124 βασιλικὸν
929 3060 1135 3114 εἰπόντι
1167 3061 1323 3131 λόγον
1350 3067 1625 3134 γραφεῖσα
1648 3068 1929 3139 ἐπιστολή.

364 3140 438 3190 Οὐ
500 3141 662 3210 μόνον
712 3146 821 3215 γὰρ
872 3149 1036 3202 αὐτὸν
1093 3153 1394 3224 μακαρίζει
1444 3154 1590 3209 οὕτω
1632 3157 1932 3228 δυνάμενον

2039 1951 2220 2006 Pauca
2275 1961 2456 2008 tamen
2511 1953 2591 2008 sic
2643 1954 2879 2018 habeto,
2932 1971 3054 2024 qua:
3113 1954 3290 2009 vicina
3352 1954 3617 2024 Egyptus

2039 2059 2194 2100 more
2245 2061 2347 2098 suo
2392 2045 2720 2116 designavit.
2780 2047 2966 2102 Mosen
3018 2057 3266 2102 aversata
3313 2057 3426 2111 est,
3477 2047 3617 2101 Pha-

2039 2137 2194 2190 raoni
2227 2140 2584 2206 mancipata:
2624 2139 2867 2193 humiles
2913 2138 3093 2208 flagris
3135 2139 3410 2199 concidit.
3459 2139 3613 2193 labo-

2039 2235 2226 2281 rantes
2275 2227 2501 2283 afﬂixit:
2532 2229 2782 2288 civitates
2835 2231 3133 2296 exstruxit,
3193 2240 3249 2286 et
3298 2232 3611 2286 mercedem

2039 2321 2226 2389 Operis
2258 2336 2361 2375 non
2394 2322 2678 2389 persolvit.
2709 2321 2774 2376 Et
2805 2337 2929 2377 cum
2960 2323 3026 2376 ad
3057 2324 3160 2377 hoc
3190 2339 3365 2393 usque
3397 2307 3613 2393 tempus

2041 2414 2095 2467 in
2142 2414 2340 2468 studiis
2393 2415 2517 2470 istis
2555 2431 2613 2470 se
2647 2415 3023 2479 exercuisset,
3059 2415 3252 2470 insano
3291 2415 3608 2484 lapillorum

2039 2520 2226 2560 amore
2259 2506 2580 2575 ﬂagrantem
2603 2545 2618 2569 ,
2664 2522 2976 2577 aurumque
3015 2509 3180 2563 veluti
3216 2508 3386 2563 Deum
3421 2509 3613 2564 colen-

2040 2604 2172 2656 tem,
2228 2597 2529 2665 produxit:
2573 2597 2936 2668 TlteOpliilum
2994 2608 3229 2668 quatuor
3273 2601 3474 2667 sociis,
3511 2617 3607 2656 seu

2040 2688 2221 2756 potius
2284 2690 2609 2746 defectionis
2684 2692 2967 2746 sodalibus
3039 2692 3154 2747 suis
3225 2695 3612 2748 circumvalla-

2043 2789 2195 2847 tum,
2265 2783 2358 2851 qui
2445 2782 2537 2836 Dei
2601 2794 2876 2837 amantem
2961 2785 3242 2853 Deumque
3307 2785 3609 2854 deprecati-

2043 2881 2152 2927 tem
2208 2874 2388 2928 virum
2446 2874 2725 2929 hostiliter
2779 2877 3130 2944 opprimeret,
3199 2893 3322 2930 cum
3384 2878 3609 2946 quidem

2040 2963 2115 3018 illi
2203 2981 2298 3020 eas
2377 2981 2518 3036 quas
2597 2967 2861 3021 adversus
2940 2969 3323 3037 cognominem
3421 2985 3605 3024 meum

2040 3067 2330 3126 gesserunt
2378 3059 2720 3124 inimicitias,
2773 3061 3120 3114 occasionem
3151 3067 3205 3133 et
3250 3076 3469 3115 causam
3505 3063 3612 3114 im-

2043 3147 2262 3215 pietatis
2295 3163 2408 3202 sune
2446 3149 2830 3218 arripuissent.
2867 3150 3031 3220 568
3063 3149 3172 3206 Sed
3208 3151 3407 3206 demus
3439 3152 3609 3208 David

363 3231 560 3297 εἰπεῖν,
593 3235 726 3289 ἀλλά
761 3238 857 3291 καὶ
895 3242 1021 3304 τοὺς
1051 3244 1567 3314 ἑγκωμιασθέντας,
1620 3251 1714 3304 καὶ
1760 3251 1931 3305 ταῦτα

2040 3237 2418 3292 confortatur:
2452 3241 2604 3294 Sauli
2635 3249 2839 3305 autem,
2871 3242 3032 3295 sicuti
3060 3242 3234 3308 vides,
3259 3243 3608 3301 inﬁrmatur:

366 3320 607 3388 βασιλεῖς
662 3327 1048 3398 τυγχάνοντας,
1107 3334 1188 3386 ὅτι
1245 3335 1309 3406 δὴ
1366 3337 1610 3392 τοιούτου
1650 3341 1937 3395 ἐπαινέτου

363 3417 748 3489 τετυχήκασιν.
785 3422 942 3477 Ἐστι
968 3424 1026 3478 δὲ
1053 3425 1212 3497 αὕτησ
1251 3447 1270 3482 ι
1295 3431 1550 3496 Λι6ἀνιος
1573 3434 1818 3505 Ἰωάννῃ.
1845 3438 1941 3487 Δε-

365 3509 594 3578 ξάμενός
628 3530 720 3566 σου
746 3515 837 3570 τὸν
868 3515 1026 3587 λόγον
1057 3520 1148 3573 τὸν
1174 3523 1340 3577 πολὺν
1362 3527 1456 3579 καὶ
1478 3527 1662 3590 καλὸν,
1695 3529 1936 3596 ἀνέγνων

361 3603 590 3673 ἀνδράσι
631 3603 805 3673 λόγων
848 3612 942 3662 καὶ
992 3613 1178 3677 αὐτοῖς
1221 3614 1617 3685 δημιουργοῖςο
1651 3612 1727 3671 ὧν
1760 3620 1936 3681 οὐδεὶς

360 3695 428 3768 ἦν
460 3697 519 3761 ὃς
549 3699 648 3752 οὐκ
680 3702 854 3772 ἐπήδα
901 3720 960 3757 τε
1011 3707 1106 3758 καὶ
1156 3707 1306 3771 ἐϐόα,
1357 3709 1452 3762 καὶ
1493 3711 1673 3764 πάντα
1709 3711 1837 3779 ἕδρα
1870 3711 1936 3764 τὰ

361 3793 470 3844 τῶν
497 3793 990 3865 ἐκπεπληγμένων.
1022 3798 1238 3870 ’Ἢσθην
1269 3801 1314 3853 δ’
1344 3801 1428 3854 ὅτι
1459 3802 1518 3855 τὸ
1539 3802 1813 3856 δεικνύναι
1839 3802 1936 3872 τὴν

361 3887 558 3958 τέχνην
589 3889 646 3942 ἐν
695 3889 1074 3962 δικαστηρίοις
1120 3895 1400 3962 προτιθεὶς
1450 3896 1550 3959 τὰς
1604 3895 1930 3962 ἀποδείξεις.

364 3980 472 4032 Καὶ
524 3982 815 4052 μακαρίζω
864 4001 922 4034 σε
962 3983 1061 4051 μὲν
1100 3983 1244 4038 οὕτω
1292 3986 1570 4056 διαμένειν
1626 3987 1932 4057 δυνάμενον

363 4073 626 4138 ἐπαινεῖν,
673 4074 961 4127 ἐπαινέτου
1011 4076 1069 4129 δὲ
1095 4077 1341 4129 τοιούτου
1391 4079 1757 4148 τετυχηκότας
1791 4078 1934 4132 ὲκεί-

361 4182 507 4228 νους,
541 4169 632 4220 τόν
662 4185 722 4220 τε
751 4169 908 4222 δόντα
958 4173 1169 4238 πατέρα
1204 4173 1292 4225 καὶ
1334 4173 1460 4236 τοὺς
1494 4173 1757 4238 λαϐόντας
1797 4175 1933 4236 υἱεῖς

361 4258 462 4326 τήν
495 4258 797 4328 βασιλείαν.
827 4279 844 4311 ι
889 4263 998 4314 Καὶ
1030 4263 1203 4316 ταῦτα
1236 4265 1333 4331 μὲν
1364 4265 1622 4328 Λιϐάνιος
1664 4266 1929 4335 γέγραφεο

368 4353 697 4426 Πλουτάρχῳ
713 4356 771 4408 δὲ
797 4359 856 4408 τὺ
887 4361 1057 4424 σαφὲς
1089 4359 1182 4411 καὶ
1206 4359 1347 4411 λεῖον
1373 4359 1524 4412 δοκεῖ
1541 4356 1682 4412 εἶναι
1709 4361 1930 4430 γνήσιον

374 4448 648 4502 Ἀττικόνο
691 4467 710 4500 ι
741 4449 898 4501 Οὕτω
921 4452 1050 4518 γὰρ,
1077 4450 1260 4519 φησὶν,
1292 4450 1564 4522 ἐλάλησαν
1593 4453 1642 4504 οἱ
1678 4453 1928 4523 ῥήτορες.

2041 3332 2296 3397 quamvis
2330 3343 2394 3384 ex
2429 3335 2552 3385 vita:
2586 3331 2751 3401 hujus
2789 3341 3112 3401 tempestate
3145 3334 3235 3388 ille
3261 3335 3519 3399 evaserit,
3556 3342 3611 3389 et

2043 3421 2110 3474 ad
2145 3423 2424 3478 cmlestem
2458 3424 2909 3493 tranquillitatem
2937 3427 3272 3480 transierit.»
3301 3425 3448 3488 Idem
3477 3443 3608 3483 vero

2043 3514 2328 3570 mirilieam
2359 3516 2736 3588 Chrysostonii
2765 3518 3064 3572 dictionem
3093 3519 3353 3574 laudibus
3379 3520 3609 3587 vehens,

2039 3607 2156 3662 haec
2196 3625 2416 3678 quoque
2465 3610 2532 3664 ad
2578 3609 2866 3679 Opheiiuin
2922 3611 3342 3681 grammaticum
3373 3611 3607 3666 scribit:

2044 3716 2063 3750 ι
2093 3700 2339 3754 Celebris
2367 3699 2596 3756 Joannis
2638 3701 2900 3771 linguam,
2940 3702 3307 3772 dictionisque
3342 3713 3606 3758 venusta-

2041 3802 2146 3847 tem
2167 3832 2184 3856 ,
2216 3801 2273 3846 et
2320 3793 2720 3847 sententiarum
2769 3794 3100 3850 densitatem
3122 3835 3136 3858 ,
3185 3811 3294 3850 non
3327 3795 3451 3849 aliis
3483 3795 3608 3849 dico

2038 3884 2253 3955 (parum
2284 3885 2434 3944 enim
2476 3885 2581 3940 hoc
2615 3886 2844 3940 fortasse
2878 3887 3021 3955 apud
3061 3887 3262 3942 multos
3287 3889 3478 3956 esset),
3511 3887 3607 3944 sed

2041 3977 2141 4047 ipsi
2178 3975 2440 4044 Libanio,
2484 3979 2580 4048 qui
2626 3979 2766 4048 apud
2801 3995 2994 4034 omnes
3025 3981 3079 4035 in
3119 3982 3437 4050 eloquentia
3471 3997 3611 4050 pra:-

2039 4073 2218 4126 clarus
2249 4071 2501 4136 habetur,
2535 4087 2742 4141 magna:
2769 4071 3122 4126 admirationi
3164 4072 3362 4136 fuisse,
3395 4073 3603 4126 iudicio

2037 4174 2121 4218 est
2173 4162 2389 4218 Libanii
2441 4162 2615 4233 ipsius
2663 4162 2932 4232 epistola,
2973 4163 3038 4216 ad
3093 4163 3248 4216 illum
3298 4165 3602 4217 etiamnum

2033 4256 2316 4325 juvenem,
2352 4270 2476 4310 cum
2507 4255 2812 4309 orationem
2853 4254 2907 4308 in
2939 4254 3336 4323 imperatorum
3378 4256 3596 4310 Iaudem

2038 4350 2340 4414 habuisset,
2365 4348 2566 4418 scripta
2593 4365 2606 4401 :
2638 4348 2690 4400 in
2720 4363 2826 4418 qua
2851 4363 2957 4402 non
2983 4349 3160 4416 ipsum
3189 4348 3352 4404 modo
3385 4349 3601 4404 felicem

2037 4457 2157 4496 esse
2216 4441 2499 4509 praedicat,
2561 4443 2653 4510 qui
2714 4441 2794 4495 sic
2853 4441 3036 4496 dicere
3095 4443 3355 4511 potuerit.
3408 4459 3602 4498 verum

363 4540 598 4611 Γοργίας
650 4543 696 4595 δ’
725 4545 753 4596 ό
783 4545 1064 4607 Λεοντῖνος
1119 4545 1339 4614 πρῶτος
1387 4547 1486 4614 τὴν
1536 4546 1692 4600 νόσον
1727 4547 1930 4615 ταύτην

2037 4537 2201 4588 etiam
2238 4535 2514 4602 principes
2549 4534 2698 4602 ipsos
2739 4548 2879 4602 quos
2919 4533 3166 4588 laudavit
3203 4538 3395 4591 beatos
3424 4547 3602 4606 putat,

361 4637 444 4698 εἰς
476 4637 604 4699 τοὺς
631 4635 940 4698 πολιτικοὺς
973 4636 1168 4703 λόγους
1197 4639 1462 4707 εἰσήγαγε
1495 4636 1553 4688 τὸ
1593 4637 1799 4706 ὑψηλὸν
1839 4639 1934 4690 καὶ

360 4729 420 4780 τὸ
447 4730 708 4798 τροπικὸν
745 4728 1160 4797 ἀσπασάμενος,
1196 4729 1292 4781 καὶ
1332 4731 1398 4797 τῇ
1435 4729 1710 4800 σαφηνείᾳ
1761 4729 1936 4798 λυμη-

363 4821 614 4892 νάμενος.
654 4821 871 4888 Ἥψατο
919 4822 997 4886 δὲ,
1031 4815 1218 4888 ῲησὶν,
1268 4821 1301 4890 ή
1332 4819 1490 4883 νόσος
1539 4819 1678 4890 αῦτη
1716 4823 1812 4874 καὶ
1838 4820 1930 4873 τοῦ

365 4914 683 4985 θαυμαστοῦ
721 4915 1026 4976 Πλάτωνος.
1061 4931 1081 4964 ι
1125 4915 1186 4965 Εἰ
1218 4914 1396 4966 τοίνυν
1426 4914 1531 4983 χρὴ
1577 4912 1634 4965 δὲ
1670 4916 1726 4966 ὲν
1756 4909 1931 4981 τούτῳ

367 5010 696 5079 Πλουτάρχῳ
773 5009 1104 5072 πείθεσθαι,
1159 5008 1476 5060 πλεονεκτεῖ
1544 5007 1671 5068 τοὺς
1734 5004 1928 5067 ἄλλους

363 5106 608 5162 ἅπαντας
645 5103 673 5154 ὁ
699 5103 943 5169 ἀοίδιμος
987 5103 1264 5170 Ἰωάννης,
1299 5101 1398 5154 καὶ
1430 5099 1571 5152 κατά
1609 5099 1710 5164 τὴν
1748 5097 1931 5166 φωνὴν

374 5195 698 5258 Ἀττικίσας,
730 5195 825 5246 καὶ
870 5196 1140 5264 σαφηνείᾳ
1172 5195 1246 5256 ὼς
1287 5195 1387 5246 οὐκ
1417 5189 1514 5245 οἷδ’
1545 5193 1598 5244 εἴ
1631 5209 1715 5252 τις
1765 5190 1928 5252 ἄλλος

357 5289 756 5360 χρησάμενος.»
795 5286 955 5339 Ἀλλά
983 5287 1158 5338 ταίιτα
1189 5285 1290 5353 μὲν
1325 5289 1350 5338 ὁ
1383 5286 1522 5346 θεῖος
1554 5283 1850 5351 Ἰσίδωρος.

2037 4636 2092 4679 et
2125 4627 2346 4696 quidem
2399 4627 2491 4694 qui
2529 4625 2897 4695 imperatores
2927 4635 3132 4691 essent,
3176 4631 3320 4698 quod
3357 4629 3606 4684 laudato-

2036 4736 2151 4775 rem
2183 4722 2345 4775 talem
2389 4722 2531 4774 nacti
2557 4730 2761 4775 essent.
2800 4723 2871 4775 Ea
2921 4721 3001 4776 sic
3039 4721 3244 4778 habet:
3283 4739 3304 4775 ι
3337 4722 3605 4777 Libauius

2034 4815 2255 4870 Joanni.
2313 4813 2632 4868 Orationem
2692 4822 2839 4868 tuam
2895 4815 3163 4883 prolixam
3212 4825 3268 4869 et
3313 4815 3602 4884 pulchram

2033 4906 2245 4976 accepi,
2281 4917 2336 4960 et
2379 4907 2510 4960 viris
2555 4905 2649 4972 qui
2694 4915 2748 4959 et
2785 4905 2885 4972 ipsi
2921 4905 3202 4958 orationes
3244 4905 3605 4959 conscribunt

2033 4999 2161 5068 legi.
2194 4998 2387 5052 Nullus
2420 5000 2471 5050 iu
2501 4999 2583 5050 eis
2614 4997 2737 5057 fuit,
2767 4995 2860 5063 qui
2895 5011 3003 5048 non
3031 4995 3338 5061 exsiluerit,
3370 5007 3426 5050 et
3451 4999 3597 5050 voci-

2035 5091 2242 5145 feratus
2270 5089 2361 5149 sit,
2392 5104 2564 5156 eaque
2595 5087 2775 5139 otnuia
2805 5087 3011 5151 fecerit,
3041 5104 3162 5157 qua:
3189 5105 3285 5157 per
3316 5099 3598 5158 stuporem

2035 5183 2374 5239 consternati
2411 5183 2612 5236 solent.
2645 5181 2727 5234 Me
2757 5181 2888 5234 illud
2917 5182 3171 5245 delectat,
3207 5183 3348 5251 quod
3382 5183 3598 5240 dicendi

2029 5289 2203 5332 artem
2226 5317 2241 5341 ,
2277 5290 2441 5344 quam
2475 5272 2704 5344 agendis
2740 5273 2794 5326 in
2832 5274 2952 5326 foro
2985 5274 3164 5327 causis
3205 5274 3464 5328 exhibere
3501 5293 3598 5344 po-

359 5388 548 5454 tuisti,
610 5387 678 5440 ad
720 5387 882 5456 hujus
927 5385 1145 5453 generis
1189 5385 1608 5439 demonstrativi
1655 5383 1935 5440 orationes
1975 5381 2228 5435 conferre
2279 5377 2538 5430 malueris
2569 5394 2583 5430 :
2617 5386 2775 5444 teque
2807 5375 3026 5430 beatum
3079 5377 3284 5446 judico,
3318 5380 3413 5448 qui
3483 5390 3602 5432 tau-

357 5496 543 5552 tepere
599 5482 875 5551 principes
915 5476 1170 5532 laudibus
1215 5475 1414 5532 or'hare
1470 5477 1757 5547 potueris:
1813 5489 1914 5529 nec
1954 5473 2139 5527 minus
2201 5472 2512 5526 fortunatos
2544 5469 2667 5522 illos
2696 5484 2818 5523 esse
2883 5481 3033 5537 puto,
3061 5479 3115 5524 et
3141 5480 3352 5539 patrem
3387 5473 3598 5525 scilicet

2027 5629 2144 5665 rum
2179 5614 2384 5664 animos
2408 5610 2712 5670 evocabant,
2743 5625 2969 5678 quorum
3006 5625 3110 5660 una
3162 5625 3283 5662 usus
3313 5618 3386 5662 est
3426 5608 3594 5670 Saul;

2025 5699 2085 5735 ea
2144 5683 2380 5734 animam
2448 5682 2713 5750 praphela:
2776 5680 3038 5734 Samuelis
3123 5682 3374 5733 evocavit.
3433 5680 3507 5732 Su
3533 5681 3590 5730 tl.

2025 5753 2541 5822 Ἐγγαστριμάντις,
2577 5751 2783 5804 πύθων.
2854 5751 3024 5804 Idem.

425 5627 502 5698 (l)
553 5619 1017 5698 Ἐγγαστρίμυθρι
1065 5614 1474 5698 γυναῖκες’-τὰς
1503 5615 1612 5695 τῷν
1649 5614 1913 5698 τεθνηκό-

351 5686 683 5766 τωῖδ’ψυχάς
728 5686 1080 5766 ἐξεκαλοῦντο
1107 5703 1118 5715 ·
1167 5688 1268 5766 μιᾷ
1311 5686 1374 5766 ,δὲ
1416 5686 1598 5766 αῦτιῦν
1645 5686 1916 5766 ἐχρήσατο

353 5722 462 5759 των
507 5714 579 5766 Qu
622 5714 683 5756 ας
728 5714 1115 5757 εςεκαΛουντυί
1167 5714 1268 5755 μιᾳ.
1319 5714 1374 5738 us
1416 5714 1597 5770 ξιυειῗν
1645 5714 1916 5768 δλξἬυαὛ

353 5770 549 5830 Σαοὺλ,
583 5714 708 5834 ﬁn;
751 5761 1109 5834 ἐξεκαλέσατο
1149 5759 1250 5834 τήν
1296 5755 1773 5834 ψυχηνᾘὶαμουηλ
1819 5771 1926 5810 του,

355 5825 806 5908 ξτρᾲφῆτοῖδοίιιυο
843 5840 946 5896 est,
990 5828 1342 5897 Ventriloqua:
1385 5825 1627 5879 mulieres
1675 5835 1910 5877 mortuo-
