4036 6538
453 397 591 461 1235
648 413 658 420 ·
1666 376 2087 446 NICEPHORI
2127 372 2477 436 CALIJS’l‘i
3567 366 3707 436 1:55

448 511 540 579 qui
592 507 841 572 dederit,
889 514 943 562 ct
994 503 1138 560 filios
1187 503 1280 574 qui
1338 499 1655 570 acceperint
1702 494 2020 565 imperium,
2061 492 2206 560 quod
2275 487 2614 542 laudatorem
2654 485 2811 538 talem
2842 483 3276 538 sintconseculi.
3309 503 3327 536 ι
3394 485 3516 540 Haec
3542 486 3703 542 Liba-

451 576 597 661 uius.
634 602 964 659 Plutarchus
1029 615 1162 654 vero
1208 597 1518 651 orationem
1593 589 1886 645 dilucidam
1935 595 1990 640 et
2031 583 2241 639 facilem
2293 595 2420 653 vere
2451 588 2500 632 ct
2535 591 2789 645 germane
2833 576 3070 630 Atticam
3126 591 3249 630 esse
3293 589 3502 632 censet.
3549 599 3566 628 ι
3614 582 3708 632 Sir.

447 700 623 762 enim,
667 695 849 766 inquit
884 694 998 758 ille,
1037 700 1290 747 oratores
1331 687 1612 740 dixerunt.
1642 679 1871 749 Gorgias
1901 684 2085 732 autem
2149 672 2454 726 Leontinus
2527 671 2736 766 primus
2772 667 2996 766 silium
3027 666 3130 766 ltoc
3169 668 3229 766 in
3264 668 3545 766 orationes
3575 672 3711 725 ciri-

447 792 549 856 les,
578 761 815 845 sublime
847 796 899 842 et
937 785 1229 856 ﬁguratum
1264 777 1482 834 dicendi
1518 789 1693 846 genus
1726 772 2010 832 aﬂ'ectans,
2054 766 2283 828 invexit,
2323 772 2381 819 et
2411 761 2818 856 perspicuitatis
2850 761 3155 856 luminibus
3177 761 3479 817 obstruxit.
3501 763 3706 818 Vitium

449 853 554 940 hoc
586 884 750 939 etiam
797 853 1181 934 admirandum
1219 875 1503 929 Platonem
1555 866 1808 936 contigit.
1841 882 1859 914 ι
1901 860 2057 928 Quod
2100 859 2148 915 si
2187 859 2290 912 bac
2348 856 2404 910 in
2438 869 2498 910 re
2535 854 2830 909 Plutarcho
2860 853 3202 908 credendum
3230 863 3335 913 est.
3365 863 3424 909 ut
3460 856 3709 926 profectu

449 989 530 1034 est
551 977 910 1038 credendum,
943 972 1129 1028 multis
1156 969 1337 1026 modis
1365 967 1501 1021 alios
1531 977 1722 1020 omnes
1756 959 2053 1031 praeclarus
2081 961 2304 1026 superat
2326 952 2587 1015 Joannes,
2628 950 2722 1020 qui
2756 949 2810 1004 in
2851 948 3192 1005 orationibus
3223 949 3340 1004 suis
3358 949 3706 1005 Atticismum

463 1076 654 1140 refert,
688 1084 744 1128 et
777 1071 1224 1143 perspicuitatem
1251 1067 1349 1131 ita,
1374 1061 1598 1118 uthaud
1639 1061 1804 1115 sciant
1837 1072 1905 1111 an
1937 1055 2076 1110 alius
2103 1052 2390 1124 quisquam
2419 1047 2610 1119 magis,
2649 1048 2904 1102 retinet.)
2949 1045 3075 1101 Hinc
3126 1045 3347 1101 divinus
3376 1045 3638 1102 Isidorus.

946 1206 1110 1278 569
1147 1203 1371 1260 CAPUT
1412 1201 1548 1256 LIV.

2729 1183 2978 1236 KE<bAA.
3023 1183 3148 1239 NA'.

459 1330 533 1383 De
577 1335 759 1382 sancto
795 1323 923 1378 Nilo
959 1338 977 1378 :
1009 1324 1072 1374 de
1108 1320 1284 1375 Marco
1323 1319 1577 1373 nionaclto
1608 1324 1656 1372 et
1686 1315 1750 1370 de
1799 1310 2031 1368 Theodo-

2141 1299 2626 1383 ﬂeplfoft‘driori
2649 1297 2890 1383 Νείλου,
2939 1295 3056 1380 καί,
3085 1294 3333 1383 Μάρκου
3385 1296 3496 1383 τεῇ
3518 1298 3707 1365 dum-

970 1365 1079 1448 ,ἀι
1107 1365 1572 1463 δᾱέίνξρξέξειῑδζτ
1610 1365 1652 1372 τ’
1689 1365 1743 1370 "'
2202 1365 2309 1425 τοῦ
2350 1371 2443 1423 καὶ
2479 1365 2861 1436 Θεοδωρήτου
2892 1365 2998 1421 τοῦ
3031 1366 3372 1421 ἐπισκόπου
3411 1368 3633 1436 Κύρου.

532 1509 866 1566 Admirando
915 1517 1098 1563 autem
1145 1505 1266 1560 Nilo
1303 1504 1476 1574 patria
1525 1497 2032 1566 Constantinopolis

461 1602 582 1666 fuit,
619 1603 776 1671 cujus
803 1600 968 1654 etiam
1005 1606 1233 1667 propter
1265 1595 1542 1664 egregiam
1578 1591 1798 1662 generis
1833 1588 2032 1642 nobili-

462 1705 627 1749 tatem
682 1692 969 1762 praefectus
1021 1690 1142 1744 fuit.
1198 1687 1447 1742 Potentia
1494 1695 1678 1738 alitem
1729 1690 1784 1736 et
1833 1681 2033 1750 opibus

461 1787 726 1847 aﬂlueus,
776 1785 1076 1838 asceticam
1127 1781 1237 1835 illis
1295 1779 1534 1848 pra-tulit
1587 1778 1793 1840 vitam;
1830 1774 2032 1844 quippe

458 1879 551 1948 qui
595 1881 661 1931 ad
701 1876 1016 1944 exemplum
1060 1873 1234 1928 divini
1281 1871 1533 1932 Davidis,
1565 1870 1630 1924 ad
1681 1870 1903 1924 domum
1939 1867 2030 1921 Dei

457 1970 620 2041 abjici
645 2011 660 2034 ,
694 1984 859 2039 quam
900 1969 954 2020 in
993 1965 1366 2020 tabernaculis
1397 1973 1742 2032 peccatorum
1785 1960 2032 2014 habitare

459 2063 738 2117 maluerit.
765 2061 978 2115 Etcum
1009 2056 1345 2128 eloquentiae
1371 2056 1421 2110 vi
1449 2056 1702 2124 polleret,
1727 2053 2034 2122 dirinmque

457 2159 644 2228 gratia:
670 2157 852 2210 nervis
881 2154 1094 2208 validus
1120 2161 1292 2214 esset.
1322 2150 1528 2216 scripta
1561 2149 1733 2206 varia.
1765 2162 1885 2216 qua:
1909 2147 2034 2201 vita:

457 2248 775 2306 monasticae
823 2245 1151 2300 exercitium
1187 2245 1504 2306 instruunt,
1557 2240 1811 2308 reliquit,
1850 2238 2038 2293 verbis

459 2352 514 2395 et
562 2339 856 2395 sententiis
907 2337 982 2392 ita
1035 2337 1378 2406 composita,
1413 2343 1474 2387 ut
1521 2333 1744 2387 lectoris
1790 2332 2035 2386 animum

459 2437 632 2504 gratia
679 2433 993 2487 incredibili
1037 2441 1314 2486 recreent.
1357 2427 1592 2496 Scripsit
1639 2441 1862 2496 quoque
1890 2424 2034 2479 divi-

461 2541 656 2578 norum
697 2523 921 2579 Patrum
958 2522 1013 2576 in
1051 2529 1235 2574 monte
1269 2518 1399 2574 Sina
1433 2519 1646 2570 obitum
1683 2519 2030 2586 martyrium,
2063 2550 2112 2610 Β

463 2616 718 2671 facundia
759 2625 815 2669 et
855 2614 1052 2668 aﬂ‘ectu
1099 2621 1285 2674 tanto,
1330 2620 1391 2665 ut
1427 2610 1561 2664 satis
1606 2608 1733 2663 inde
1777 2607 2036 2677 colligere

459 2711 644 2772 liceat,
683 2725 844 2779 quam
872 2707 1071 2762 eximia
1101 2705 1350 2761 doctrina
1375 2706 1526 2776 juxta
1557 2715 1614 2758 et
1645 2705 1849 2756 virtute
1876 2702 1962 2756 vir
1993 2701 2038 2757 is

463 2806 667 2859 fuerit:
708 2804 795 2859 ubi
829 2803 993 2858 etiam
1021 2817 1148 2856 suas
1177 2811 1232 2855 et
1264 2799 1502 2854 filiorum
1543 2814 1631 2854 res
1661 2799 1853 2869 paucis
1886 2812 2039 2852 com-

463 2905 759 2958 memorat,
803 2892 1193 2949 miserabiliter
1220 2891 1390 2946 veluti
1427 2892 1480 2946 in
1513 2890 1777 2961 tragoedia
1811 2889 2040 2960 captivi-

463 2997 630 3042 tatem
675 3001 869 3042 eorum
918 3001 1241 3056 exponens,
1291 3000 1416 3040 cum
1466 2984 1694 3038 Barbari
1747 2985 2040 3056 Blemmyze

464 3079 789 3134 excursione
821 3094 918 3133 sua
941 3077 1146 3132 easdem
1171 3077 1450 3148 ingentem
1475 3075 1690 3131 fecere:
1723 3077 1869 3147 quod
1901 3092 2040 3148 opu-

463 3171 677 3225 sculum
708 3180 966 3240 tanquam
1016 3170 1302 3240 spirituale
1342 3168 1620 3240 quoddam
1671 3169 2042 3225 oblectamen-

467 3275 582 3332 tum
640 3264 908 3319 studiosis
942 3265 1188 3334 reliquit.
1245 3263 1396 3318 Alios
1431 3263 1561 3317 item
1599 3262 1771 3318 libros
1802 3262 2040 3331 optimos

467 3358 663 3422 edidit,
697 3357 1002 3428 spiritualis
1033 3358 1220 3427 gratia:
1260 3372 1367 3412 non
1403 3365 1700 3424 expertes:
1738 3357 1880 3411 inter
1903 3370 2040 3425 quos

466 3447 673 3517 primas
719 3463 844 3502 eum
879 3446 1022 3502 ferre
1072 3456 1246 3516 puto,
1280 3461 1445 3516 quem
1497 3447 1763 3501 adversus
1809 3447 2045 3516 gentiles

466 3541 709 3610 scripsit,
741 3548 798 3594 et
834 3553 1053 3592 rursum
1085 3538 1179 3607 qui
1215 3538 1283 3592 ab
1311 3553 1380 3592 eo
1409 3537 1475 3591 ad
1504 3537 1791 3607 Eulogium
1819 3552 2042 3608 compo-

468 3629 561 3684 siti
595 3638 744 3683 sunt.
779 3626 971 3699 Capita
1003 3635 1189 3682 autem
1231 3627 1455 3698 Collegit
1489 3627 1670 3696 aliqua
1701 3627 1923 3697 quidem
1955 3627 2042 3682 fu-

467 3721 603 3785 sius,
635 3720 805 3774 multa
833 3728 1016 3774 autem
1049 3718 1501 3786 compendiosius
1539 3727 1793 3782 tractata,
1829 3718 1884 3773 in
1913 3719 2041 3790 qui-

2204 1485 2296 1556 Τῷ
2325 1486 2382 1539 δὲ
2417 1483 2693 1550 θεσπεσίῳ
2734 1480 2914 1549 Νείλῳ
2959 1481 3161 1550 πατρὶς
3209 1481 3312 1550 μὲν
3345 1481 3379 1552 ἡ
3417 1481 3517 1550 τῆς
3548 1483 3702 1536 Κων-

2133 1578 2418 1633 σταντίνου
2458 1575 2725 1644 ἐτύγχανε
2772 1573 2952 1636 πόλις.
2985 1569 3053 1644 ἦς
3088 1574 3167 1642 τῷ
3198 1575 3449 1644 περιόντι
3486 1576 3588 1644 τῆς
3617 1578 3706 1628 εὖ-

2132 1672 2350 1740 γενείας
2382 1670 2475 1721 καὶ
2508 1668 2751 1737 ἔπαρχος
2784 1666 3126 1734 ἐχρημάτισε
3154 1679 3170 1696 ⁸
3214 1665 3436 1737 πλούτῳ
3467 1667 3523 1720 δὲ
3552 1668 3709 1738 βαθεῖ

2133 1763 2231 1816 καὶ
2274 1759 2570 1828 δυναστείᾳ
2627 1757 3086 1828 περιρῤεόμενος,
3139 1757 3452 1829 ἀσκητικὴν
3509 1761 3706 1831 ἀντηλ-

2133 1856 2360 1909 λάττετο
2393 1852 2644 1922 ἀγωγὴν,
2668 1851 2810 1905 κατὰ
2833 1851 2922 1904 τὸν
2949 1850 3092 1903 θεῖον
3122 1849 3306 1915 Δαυῖδ,
3339 1853 3474 1922 οίκῳ
3506 1853 3708 1920 μᾶλλον

2135 1947 2270 2000 Θεοῦ
2303 1944 2682 2018 παρερρίφθαι
2709 1943 3038 2013 αἱρούμενος
3070 1943 3104 2013 ἢ
3137 1942 3500 2014 σκηνώμασιν
3521 1947 3708 2016 ἁμαρ-

2135 2038 2327 2092 τωλῶν
2365 2039 2667 2090 κατοικεῖν.
2725 2035 2901 2104 Λόγου
2946 2035 3004 2088 δὲ
3041 2035 3274 2104 δυνάμει
3321 2038 3560 2106 κρατῶν,
3613 2040 3710 2091 καὶ

2135 2133 2203 2201 τῇ
2243 2129 2365 2200 θείᾳ
2393 2127 2757 2197 νευρούμενος
2786 2127 2992 2198 χάριτι,
3025 2128 3444 2197 συγγράμματα
3473 2127 3708 2199 διάφορα

2137 2221 2464 2275 καταλείπει
2510 2221 2647 2288 πρὸς
2691 2219 2926 2288 ἄσκησιν
2951 2217 3349 2286 ὑπαλείφοντα,
3391 2218 3534 2272 οὕτω
3570 2222 3709 2290 (ppa-

2139 2330 2278 2376 σεως
2319 2313 2415 2366 καὶ
2460 2311 2752 2380 νοημάτων
2802 2311 3126 2382 μετέχοντα,
3180 2309 3257 2374 ὡς
3287 2312 3381 2364 τὸν
3438 2312 3709 2380 άναγινὼο

2139 2422 2341 2460 σκοντα
2415 2405 2638 2475 χάριτος
2709 2406 2993 2475 ἀφράστου
3054 2403 3282 2476 ἔμπλεῳ
3346 2405 3706 2459 καθεστάναι.

2139 2499 2274 2552 Μεθ’
2296 2491 2372 2554 ὧν
2402 2498 2499 2552 καὶ
2532 2499 2592 2551 τὸ
2621 2486 2787 2567 ἶν’τῷ
2819 2497 3018 2568 Σιναίῳ
3047 2496 3168 2567 όρει
3199 2496 3310 2549 τῶν
3344 2495 3507 2550 θείων
3537 2498 3711 2550 Πατέ-

2142 2611 2253 2662 ρων
2278 2593 2582 2663 μαρτύριον
2605 2592 3012 2661 άναγράφεται,
3041 2590 3187 2644 οὕτω
3212 2591 3482 2661 λαμπρῶς
3504 2609 3562 2646 τε
3593 2593 3708 2662 ἅμα

2142 2685 2237 2738 καὶ⁵
2269 2685 2619 2753 περιπαθῶς,
2653 2685 2729 2748 ὡς
2757 2685 2941 2737 ἱκανὸν
2972 2678 3116 2736 εἷναι
3165 2683 3414 2736 ἐντεῦθεν
3449 2684 3709 2752 θηράσσι,

2137 2774 2252 2842 οἷος
2305 2778 2427 2831 κατ’
2461 2778 2633 2849 ἄμφω
2675 2777 2903 2845 γέγονεν
2928 2778 2957 2830 ό
3001 2776 3165 2846 ἀνὴρ,
3201 2775 3260 2826 ἐν
3291 2792 3352 2828 τε
3402 2775 3582 2844 λόγων
3620 2794 3711 2829 και

2139 2871 2341 2941 ἀρετῆς
2373 2871 2686 2942 περιουσίᾳ.
2733 2869 2884 2923 Ἐκεῖ
2914 2871 2978 2940 δὴ
3014 2871 3111 2924 καὶ
3141 2871 3210 2925 τὰ
3244 2873 3366 2924 κατ’
3420 2873 3588 2926 αὑτὸν
3619 2874 3712 2924 καὶ

2139 2966 2270 3029 τοὺς
2326 2965 2526 3028 παῖδας
2569 2965 2816 3033 μετρίως
2858 2964 3140 3032 διέξεισιν,
3187 2966 3550 3036 ἐπιτραγῳδῶν
3597 2965 3714 3018 λίαν

2141 3058 2464 3132 περιπαθῶς
2486 3059 2590 3129 τὴν
2628 3056 3014 3128 αἰχμαλωσίαν
3058 3057 3261 3123 αὐτῶν,
3292 3058 3588 3130 βαρϐάρων
3615 3078 3713 3114 κα-

2139 3152 2530 3223 ταδραμόντων
2560 3151 2610 3204 οἳ
2642 3151 2931 3220 Βλέμμυες
2953 3150 3270 3215 ἐκαλοῦντο,
3302 3153 3398 3205 καὶ
3423 3154 3584 3222 φόνον
3609 3155 3710 3208 οὐκ

2140 3247 2431 3316 ἐλάχιστον
2489 3243 2860 3314 δεδρακότων·
2895 3242 2924 3297 δ
2968 3243 3065 3298 καὶ
3098 3245 3319 3315 ἥδυσμά
3355 3261 3408 3298 τι
3459 3261 3709 3317 πνευμα-

2140 3343 2298 3394 τικὸν
2343 3342 2460 3402 τοῖς
2506 3335 2846 3407 φιλομαθὲσι
2904 3336 3322 3392 καταλέλοιπεν.
3374 3338 3626 3406 Ἀριστοι
3659 3342 3714 3394 δὲ

2143 3431 2292 3501 αὐτῷ
2339 3431 2435 3484 καὶ
2495 3431 2674 3500 ἕτεροι
2733 3428 2883 3496 λόγοι
2922 3427 3285 3497 πεπόνηνται,
3326 3431 3716 3500 πνευματικῆς

2141 3527 2241 3579 οὐκ
2283 3524 2502 3592 ἄμοιροι
2548 3519 2774 3591 χάριτος
2796 3533 2812 3549 ⁶
2849 3512 2928 3573 ὧν
2985 3514 3145 3589 οἶμαι
3174 3520 3394 3573 πάντων
3425 3521 3494 3574 τά
3523 3523 3712 3591 πρῶτα

2145 3617 2430 3688 φέρεσθαι,
2453 3615 2511 3669 δν
2543 3613 2679 3684 πρὸς
2711 3613 2984 3682 Ἕλληνας
3009 3613 3327 3682 ιπιγράτει,
3358 3615 3452 3667 καὶ
3487 3615 3557 3667 τὰ
3580 3614 3713 3684 πρὸς

2146 3710 2420 3779 Εὐλόγιον.
2445 3709 2732 3779 Κεφάλαια
2751 3707 2806 3759 δὲ
2826 3707 3134 3767 συντάττει.
3149 3706 3284 3761 ἄλλα
3304 3689 3404 3776 μιν
3418 3708 3499 3769 είς
3517 3707 3714 3768 πλάτος

469 3811 573 3864 bus
601 3809 944 3878 spiritualem
974 3808 1244 3875 fructum,
1272 3809 1505 3879 perinde
1528 3819 1695 3880 atque
1724 3819 1916 3866 nectar
1947 3817 2042 3865 aut

2147 3803 2258 3871 ήπλ
2273 3802 2487 3871 ωμένα,
2513 3798 2685 3852 πολλὰ
2708 3797 2768 3850 δὲ
2795 3797 3101 3865 συντεμὼν,
3129 3797 3463 3850 εὐσύνοπτον
3483 3793 3595 3852 οἷον
3625 3800 3717 3852 καὶ

467 3903 805 3958 ambrosiam
841 3903 1108 3974 aliquam,
1138 3901 1314 3958 oculis
1338 3901 1670 3973 subjectum,
1699 3906 1769 3957 ita
1798 3911 1857 3956 ut
1883 3902 2042 3971 facile

2151 3894 2444 3964 πρόχειρον
2469 3892 2562 3944 τὸν
2611 3890 2986 3960 πνευματικὸν
3014 3890 3251 3961 καρπὸν,
3281 3887 3375 3944 οἷά
3420 3909 3474 3944 τι
3515 3892 3715 3961 νέκταρ

470 3997 678 4066 percipi
724 4004 943 4067 posset,
986 3995 1294 4066 proposuit.
1331 3993 1505 4062 Quem
1542 3997 1650 4050 vita
1696 3994 2042 4063 defunctum,

2145 3988 2178 4058 ἢ
2221 3985 2554 4062 ἀμϐροσίαν.
2601 3982 2993 4054 προϐάλλεται.
3029 3984 3129 4035 Ὃν
3160 3983 3308 4036 τέλει
3352 3983 3472 4052 βίου
3505 3984 3717 4056 χρησάο

467 4087 720 4142 Justinus
752 4090 1023 4158 posterior
1047 4088 1178 4143 inde
1209 4087 1562 4152 translatum,
1602 4086 2042 4164 in‘fundameuto

2147 4093 2334 4148 μενον,
2400 4076 2692 4137 Ἰουστῖνος
2737 4077 2766 4128 ὁ
2817 4073 3042 4144 ὕστερος
3090 4074 3304 4128 ἐκεῖθεν
3350 4078 3716 4146 ἀνακομίσας,

469 4180 789 4254 sacratioris
833 4195 1069 4245 mensae,
1123 4180 1179 4235 in
1215 4195 1282 4235 eo
1312 4180 1459 4250 quod
1500 4181 1569 4236 ab
1601 4182 1755 4251 ipso,
1797 4181 1960 4237 Petro
1989 4192 2042 4238 et

2145 4170 2240 4224 hri
2263 4169 2343 4239 τῷ
2386 4168 2574 4240 βάθρῳ
2609 4169 2710 4240 τῆς
2752 4170 2905 4239 ἱερᾶς
2946 4170 3233 4241 τραπέζης
3271 4171 3369 4225 τοῦ
3407 4171 3540 4244 παρ’
3567 4174 3718 4243 αὐτῷ

468 4273 638 4329 Paulo
686 4274 1062 4344 apostolorum
1121 4274 1506 4345 principibus,
1557 4275 1624 4330 ad
1675 4277 2042 4346 orphanotro-

2144 4261 2475 4332 δομηθέντος
2499 4262 2651 4315 οίκου
2687 4261 2880 4332 Πέτρῳ
2911 4263 3007 4316 καὶ
3031 4263 3230 4334 Παύλῳ
3255 4267 3368 4328 τοῖς
3397 4266 3717 4334 κορυφαίοις

470 4366 659 4434 pbium
714 4373 1094 4421 constructum
1154 4377 1277 4432 est,
1332 4369 1538 4438 templo
1595 4369 1868 4438 reposuit.
1923 4367 2042 4438 Ipse

2144 4358 2254 4410 τῶν
2284 4357 2603 4410 ἀποστόλων
2635 4355 2711 4426 τῷ
2747 4356 3191 4427 ὀρφανοτροφείῳ
3241 4359 3526 4414 κατέθετο.
3560 4361 3710 4428 Μὰρ.

469 4471 688 4526 quoque
718 4455 936 4512 Marcus
965 4459 1017 4512 in
1053 4458 1357 4513 monastica
1386 4460 1543 4527 prius
1570 4470 1838 4520 versatus,
1870 4459 2042 4513 multa

2146 4469 2240 4516 κος
2272 4452 2328 4505 δὲ
2360 4451 2456 4504 καὶ⁵
2488 4451 2648 4513 αὐτὸς
2676 4451 2848 4504 πολλὰ
2885 4450 2986 4521 μὲν
3035 4452 3452 4522 συγγράμματα
3482 4453 3718 4505 καταλὲνο

472 4557 594 4616 post
623 4562 683 4603 se
722 4549 951 4618 reliquit
983 4549 1215 4618 scripta.
1249 4550 1452 4604 Eorum
1481 4551 1578 4617 qui
1612 4549 1680 4605 ad
1716 4566 1818 4605 nos
1851 4565 2042 4621 perve-

2144 4545 2354 4607 λοιπεν,
2406 4545 2681 4614 άσκητικῇ
2731 4542 3000 4614 πρότερον
3062 4544 3313 4616 πολιτείᾳ
3370 4547 3718 4615 ἐγγυμνασάο

472 4652 696 4705 nerunt,
734 4640 862 4695 libri
899 4652 1026 4694 octo
1061 4651 1212 4703 sunt,
1254 4641 1644 4695 universalium
1687 4641 2041 4696 aﬂ'ectionum

2149 4653 2342 4708 μενος·
2393 4637 2429 4690 ἃ
2461 4635 2508 4689 δ’
2565 4634 2660 4690 οὖν
2708 4637 2841 4704 ἡμῖν
2891 4637 3191 4690 συνέπεσεν
3243 4637 3509 4707 ἐντυχεῖν,
3567 4637 3714 4705 λόγοι

471 4748 762 4788 numerum
814 4744 1142 4803 mquantes:
1193 4743 1250 4787 et
1294 4733 1388 4788 alii
1439 4734 1662 4803 triginta
1711 4742 1766 4788 et
1815 4733 1957 4797 duo,
1987 4727 2042 4788 in

2143 4728 2310 4794 ὀκτὼ,
2355 4729 2637 4798 ίσάριθμοι
2670 4731 2784 4790 τοῖς
2813 4727 3126 4790 καθολικοίς
3153 4727 3386 4783 πάθεσιν
3421 4730 3504 4792 είς
3533 4732 3719 4798 χεῖρας

451 4827 671 4894 quibus
701 4825 820 4880 vias
853 4824 1021 4880 totius
1061 4825 1314 4880 asceticac
1356 4825 1484 4880 vitae
1512 4841 1703 4881 omnes
1749 4825 2044 4894 prosequi-

477 4933 582 4978 tur,
615 4917 680 4971 ad
718 4932 838 4986 quae
867 4917 988 4971 loca
1019 4916 1413 4980 secedendum,
1445 4925 1502 4972 et
1539 4915 1818 4986 quomodo
1851 4915 1918 4969 ad
1950 4930 2046 4971 vo-

471 5019 737 5065 mntatem
786 5010 876 5066 Dei
925 5024 1149 5081 gressus
1183 5008 1462 5079 dirigendi
1509 5010 1660 5064 sint:
1695 5008 1860 5079 570
1902 5023 2044 5078 quo-

471 5101 635 5155 modo
672 5101 842 5156 etiam
871 5101 1037 5155 homo
1079 5101 1389 5156 daemonum
1433 5101 1766 5155 teutationes
1796 5108 2041 5169 superet,

472 5205 825 5265 mentemque
875 5202 1161 5264 repurget,
1210 5201 1377 5263 atque
1407 5193 1475 5248 ad
1519 5203 1764 5249 veterem
1811 5193 2045 5264 dignita-

472 5297 579 5340 tem
624 5287 1040 5357 progrediatur.
1074 5296 1130 5340 et
1168 5301 1295 5340 cum
1329 5287 1441 5340 Deo
1472 5286 1697 5342 caeleste
1725 5286 2040 5349 institutum
2068 5265 2121 5326 θ

470 5389 713 5434 sectatus
754 5380 920 5433 vivat.
958 5379 1343 5434 Tbeodoretus
1373 5393 1500 5432 vero
1549 5379 1775 5433 natione
1813 5377 2038 5447 quidem

471 5471 644 5543 Syrus
676 5471 801 5532 fuit,
841 5481 1083 5526 sectator
1112 5482 1296 5525 autem
1329 5471 1510 5540 magni
1541 5467 1770 5524 Joannis
1794 5468 2039 5541 Chryso-

468 5565 666 5628 stomi,
717 5564 982 5633 illumque
1034 5563 1139 5618 sibi
1175 5552 1333 5633 quasi
1383 5561 1704 5632 primarium
1753 5563 2036 5632 exemplar

466 5656 605 5727 ston
632 5656 1031 5709 conformanda
1058 5656 1400 5726 propositum
1427 5655 1638 5708 habuit.
1666 5654 1882 5708 Etenim
1915 5654 2040 5708 ﬂui-

466 5751 571 5803 dus
608 5747 903 5802 admodum
946 5756 1002 5802 et
1033 5750 1291 5817 copiosus
1312 5787 1327 5811 ,
1372 5749 1426 5802 in
1458 5747 1770 5802 elocutione
1803 5747 2034 5814 facilius,

465 5855 520 5899 ct
555 5845 789 5899 Atticam
821 5841 1050 5913 gratiam
1085 5842 1354 5896 redolens.
1400 5841 1834 5896 Lucubratioues
1871 5839 1938 5893 ab
1969 5856 2036 5895 co

2145 4819 2280 4894 ἧκον
2305 4841 2320 4856 ·
2375 4824 2469 4875 καὶ
2503 4822 2684 4892 ἕτεροι
2711 4821 2806 4873 δύο
2837 4821 2976 4890 πρὸς
3023 4824 3136 4884 τοῖς
3178 4821 3499 4891 τριάκοντα,
3544 4823 3616 4876 δι’
3643 4817 3718 4876 ὢν

2146 4920 2329 4972 πᾶσαν
2359 4917 2664 4985 ἀσκητικῆς
2710 4915 2992 4976 πολιτείας
3019 4915 3136 4967 όδδν
3173 4915 3537 4985 διεξέρχεται,
3573 4917 3720 4970 διδάο

2148 5026 2294 5063 σκων
2396 5009 2576 5079 χρεών
2623 5023 2681 5060 τε
2713 5005 2811 5068 τὰς
2845 5006 3230 5076 ἀναχωρήσεις·
3281 5010 3475 5068 ποιεῖν,
3512 5009 3630 5070 πῶς
3661 5023 3719 5060 τε

2148 5103 2436 5174 ῥυθμίζειν
2472 5101 2540 5153 τὰ
2567 5099 2714 5153 κατὰ
2752 5097 2888 5150 Θεὸν
2929 5097 3249 5167 διαδήματα
3279 5114 3293 5128 ⁸
3327 5099 3421 5151 καὶ
3453 5099 3529 5161 ὡς
3564 5117 3718 5169 nept-

2145 5196 2355 5262 γίνεται
2405 5194 2506 5262 τῆς
2563 5192 2673 5244 τῶν
2717 5190 2992 5259 δαιμόνων
3040 5191 3241 5259 πείρας
3294 5193 3324 5243 ό
3384 5192 3717 5259 ἅνθρωπος·

2146 5287 2293 5349 ὅπως
2319 5303 2376 5337 τε
2428 5285 2458 5338 ό
2502 5282 2628 5344 νοῦς
2663 5282 3013 5352 καθαίρεται,
3065 5283 3162 5335 καὶ
3193 5283 3331 5352 πρὸς
3377 5282 3440 5334 τὸ
3487 5282 3720 5352 ἀρχαῖον

2146 5377 2366 5446 ἀξίωμα
2399 5377 2642 5447 πρόεισι,
2685 5378 2784 5428 καὶ
2825 5375 2944 5444 Θεῷ
2983 5375 3323 5442 συγγίνεται.
3361 5376 3454 5427 ἐπὶ
3483 5376 3589 5444 γῆς
3623 5376 3720 5443 τὴν

2145 5471 2400 5539 οὐράνιον
2461 5465 2666 5537 μετιὼν
2720 5465 3020 5519 πολιτείαν.
3073 5466 3421 5536 Θεοδώρητος
3459 5465 3518 5518 δὲ
3551 5466 3719 5536 Σύρος

2149 5563 2248 5633 μὲν
2278 5557 2346 5632 ἦν
2375 5560 2531 5629 γένος
2553 5576 2568 5590 ’
2610 5558 2690 5629 τῷ
2727 5559 2948 5628 μεγάλῳ
2981 5558 3037 5610 δὲ
3085 5559 3351 5628 φοιτήσας
3395 5558 3620 5629 Ἰωάννῃ
3645 5558 3719 5626 τῷ

2145 5653 2542 5723 Χρυσοστόμῳ,
2595 5649 2906 5720 ἀρχέτυπον
2959 5643 3072 5701 οἷον
3122 5650 3244 5700 ὅσον
3291 5648 3360 5700 τὰ
3420 5650 3478 5710 ἐς
3523 5648 3719 5715 λόγους

2145 5748 2384 5812 ἐγένετο.
2416 5742 2622 5813 Εὕρους
2653 5742 2763 5812 γάρ
2797 5743 2913 5794 ἐστι
2950 5735 3096 5810 μάλα
3133 5741 3229 5793 καὶ
3255 5741 3501 5810 γόνιμος,
3527 5741 3632 5810 τήν
3662 5755 3716 5792 τε

2147 5841 2351 5907 φράσιν
2382 5839 2549 5901 λεῖος,
2583 5836 2720 5906 μετὰ
2749 5834 2850 5904 τῆς
2899 5834 3158 5903 ’Λττικῆς
3184 5836 3407 5905 χάριτος
3435 5833 3714 5904 προηγμέο
