4036 6550
371 433 499 494 2257

360 563 468 608 vo;.
505 547 574 598 *Α
631 543 689 598 δὲ
725 543 1122 615 συνεγράψατο,
1174 547 1347 600 ταῦτά
1369 549 1517 600 ἐστιν
1545 563 1560 578 ο
1605 547 1926 618 Ἐξηγήσεις

358 640 436 699 είς
469 637 569 706 τὴν
619 638 860 691 παλαιὰν
897 638 1122 708 Γραφὴν
1149 653 1164 669 °
1195 633 1264 710 ἧς
1307 641 1399 692 καὶ
1428 639 1497 693 τὰ
1544 639 1725 709 ἄπορα
1758 639 1922 704 λύων,

358 733 438 793 είς
478 731 610 784 [διον
654 729 860 800 βιόλίον
891 730 1216 801 ἐγκαθιστᾷ.
1250 731 1342 793 El;
1381 731 1510 796 τοὺς
1557 731 1753 797 δεκαὲξ
1787 731 1928 801 Προ-

361 826 540 894 φήτας
584 825 775 894 ἓτερον
816 823 1012 893 τεῦχος
1043 825 1210 886 ποιεῖ,
1245 821 1512 886 ὡσαύτως
1564 820 1660 876 καὶ
1707 823 1788 884 εἰς
1834 819 1928 874 τδν

357 916 628 988 Ψαλτῆρα
662 915 860 984 ἓτερον
896 915 1238 986 σύγγραμμα
1277 912 1620 968 καταλείπει.
1663 911 1770 966 Καὶ
1797 911 1928 982 περὶ

355 1010 620 1079 προνοίας
669 1009 860 1080 ἕτερον
914 1008 1200 1064 συντάττει
1267 1005 1507 1078 βιϐλίον⁹
1554 1006 1651 1060 καὶ
1704 1006 1783 1070 τίς
1833 1003 1927 1060 τὸν

367 1101 731 1157 ’Δπόστολονο
769 1103 870 1159 καὶ
922 1103 1069 1157 κατὰ
1119 1101 1318 1157 πασῶν
1352 1103 1466 1156 τῶν
1496 1101 1763 1174 αἱρέσεων
1811 1099 1929 1155 ττι.

356 1213 472 1264 ρον,
503 1197 534 1250 δ
573 1195 844 1264 Totidem:
886 1196 986 1251 καί
1017 1195 1311 1263 ἀληθείας
1351 1196 1652 1267 ιπιγράιριι
1679 1193 1930 1265 διάγνω-

354 1300 482 1342 σιν.
528 1285 835 1354 ’Δντιλέγει
873 1285 1133 1358 Κυρίλλῳ
1181 1285 1356 1356 ἑτέρῳ
1391 1287 1732 1354 συντάγματι
1785 1283 1930 1338 κατά

354 1378 464 1431 τῶν
496 1376 564 1448 ιβ’
619 1378 936 1447 κεφαλαίων
992 1378 1388 1449 ὲκφωνηθέντι.
1460 1377 1731 1447 Ἐπονήθη
1777 1375 1928 1444 αὐτῷ

355 1471 451 1524 καὶ
476 1467 645 1540 ¹ἕτερα
670 1483 685 1499 ⁸
721 1469 839 1532 δύο,
866 1461 943 1526 ὧν
976 1467 1037 1524 τὸ
1070 1468 1173 1539 μὲν
1209 1462 1788 1536 Ἑκκλησιαστικὴν,
1821 1467 1923 1517 Φι-

353 1558 572 1615 λόθεον
605 1559 664 1613 δὲ
687 1559 961 1628 ἱστορίαν
987 1557 1138 1629 λέγει
1163 1561 1224 1612 τὸ
1251 1557 1458 1628 ἕτερον,
1493 1559 1550 1613 ἑν
1571 1551 1616 1626 ᾧ
1643 1556 1793 1628 βίους
1818 1557 1928 1611 τῶν

352 1653 663 1723 τηνικαῦτα
704 1653 866 1717 ὁσίως
919 1652 1265 1724 βεϐιωκότων
1313 1652 1594 1719 διέξεισιν.
1651 1648 1928 1714 Ὡσαύτως

355 1745 452 1798 καὶ
493 1744 678 1816 λόγοις
715 1745 864 1818 τρισὶ
890 1748 1020 1818 περὶ
1050 1746 1213 1801 θείων
1240 1746 1553 1816 δογμάτων,
1587 1744 1745 1815 οἵπερ
1780 1741 1930 1812 αὐτῷ

353 1833 690 1904 διαλογικῶς
734 1837 1170 1910 συνετάχθησαν.
1210 1837 1323 1894 Καὶ
1368 1837 1682 1900 ἐπιστολαῖς
1715 1835 1773 1890 δὲ
1803 1834 1928 1888 τού-

1281 428 1882 494 ECCLESIASTlCrE
1922 423 2310 492 HlS’I’ORl/E
2352 427 2496 493 LIB.
2541 430 2696 494 XIV.

1958 552 2000 607 Α
2027 546 2342 616 composi‘tze
2375 546 2458 600 hae
2497 556 2665 602 sunt:
2703 544 3086 600 Euarrationos
3117 544 3172 598 in
3214 543 3379 599 Vetus
3403 540 3593 596 Τελείαν

3463 423 3595 487 193.8

2029 646 2300 704 utentum,
2331 639 2489 708 cujus
2512 639 2678 693 etiam
2707 638 3068 692 obscurorum
3098 637 3345 689 locorum
3375 636 3593 703 exposi-

2028 729 2209 784 tiones
2246 729 2300 784 in
2347 730 2679 799 peculiarem
2717 729 2953 783 contulit
2986 728 3214 783 librum.
3263 726 3414 796 Opus
3447 725 3594 780 aliud

2029 819 2085 876 in
2109 820 2349 878 sedecim
2386 821 2701 892 prophetas,
2734 821 2883 877 aliud
2919 819 3107 876 itidem
3143 818 3198 875 in
3240 818 3591 874 Psalterium.

2029 907 2106 964 De
2162 909 2510 966 Providentia
2556 911 2700 967 liber
2741 911 2907 966 alius.
2951 911 3107 966 Alius
3146 911 3202 964 in
3249 909 3594 979 Apostolum.

2026 1000 2308 1058 Adversus
2341 1001 2576 1058 haereses
2608 1016 2803 1058 omnes
2841 1002 3123 1068 volumen,
3159 1002 3306 1072 quod
3333 998 3594 1055 Mendacii

2031 1101 2084 1148 ct
2123 1093 2364 1149 ueritatis
2406 1094 2693 1150 discrimen
2729 1094 3033 1166 inscripsit.
3061 1093 3230 1150 Liber
3261 1107 3425 1166 quem
3459 1107 3597 1148 con-

2029 1191 2114 1241 tra
2169 1185 2464 1243 duodecim
2533 1188 2712 1258 capita
2775 1185 2965 1260 Cyrilli
3019 1184 3375 1256 conscripsit.
3433 1183 3594 1249 item,

2027 1275 2402 1334 Ecclesiastica
2455 1279 2698 1336 historia.
2748 1279 2818 1337 Et
2870 1294 3092 1336 rursum
3145 1277 3435 1343 Φιλόθεος,
3493 1275 3593 1330 hor

2029 1381 2134 1438 est,
2190 1371 2286 1427 Dei
2343 1376 2645 1430 amantium
2683 1373 2922 1431 Historia
2955 1389 2974 1427 :
3021 1371 3078 1428 in
3128 1387 3234 1444 qua
3285 1371 3596 1426 institutum

2028 1478 2222 1520 eorum
2275 1466 2370 1535 qui
2412 1476 2573 1522 aetate
2603 1481 2702 1523 sua
2753 1467 2918 1521 vitam
2945 1473 3133 1520 sancte
3186 1471 3595 1525 transegcrunt,

2028 1559 2403 1629 persequitur.
2455 1559 2608 1618 Libri
2650 1569 2765 1615 tres
2809 1557 2880 1615 de
2924 1559 3128 1614 divinis
3159 1557 3509 1629 dogmatibus
3543 1557 3596 1610 in

2030 1650 2247 1722 dialogo
2275 1652 2598 1723 conscripti.
2627 1651 2760 1724 Legi
2789 1661 3054 1725 praeterea
3082 1651 3596 1728 supraquingentas

2030 1744 2150 1814 ejus
2179 1744 2460 1813 epistolas,
2495 1745 2685 1802 Grazco
2720 1761 2975 1802 sermone
3004 1747 3211 1817 optime
3244 1745 3594 1815 compositas.

2031 1834 2157 1892 llaec
2206 1837 2275 1894 de
2327 1837 2690 1896 Theodorito.
2745 1837 2878 1906 Quae
2929 1851 3112 1896 autem
3165 1841 3216 1894 el
3272 1838 3598 1901 acciderint,

357 1941 455 1978 του
484 1926 628 1999 ὑπὲρ
661 1909 1029 1996 πεντακοσίας
1076 1929 1349 2002 ἐνέτυχον,
1379 1929 1622 2000 άρίστως
1655 1928 1751 1983 καὶ
1789 1926 1925 1981 κατὰ

2031 1937 2220 1998 postea
2253 1929 2641 1987 indicabimus.

354 2018 516 2088 λόγον
544 2021 788 2092 Ἕλληνα
833 2025 1251 2096 συγκειμέναις.

355 2112 626 2184 προϊοῦσα
650 2115 906 2188 δηλώσει.

909 2263 1162 2322 ΚΕΦΔΛ.
1210 2264 1337 2320 NE’.

358 2379 498 2444 Περὶ
558 2381 854 2435 Συνεσίου
924 2381 1035 2436 τοῦ
1083 2380 1360 2447 Κυρήνης
1413 2377 1774 2446 ἐπισκόπου,
1823 2376 1925 2433 καὶ

428 2449 590 2588 finge
646 2451 835 2520 δόξης
895 2451 1074 2521 ἔχων,
1127 2453 1214 2518 είς
1270 2451 1747 2520 τὴν-ἱερωσύνην
1776 2465 1925 2518 προ-

473 2540 510 2588 λί
549 2537 610 2588 η·

440 2654 566 2707 Ἐπὶ
601 2651 814 2718 τούτοις
867 2653 923 2707 δὲ
972 2654 1065 2708 καὶ
1106 2654 1381 2718 Συνέσιος,
1430 2647 1491 2708 οὗ
1521 2653 1677 2717 κλέος
1705 2653 1928 2706 ἃπασαν

357 2745 458 2816 τὴν
497 2745 722 2814 ύφὴλιον
773 2744 1070 2816 διατρέχει,
1116 2743 1511 2814 συνήκμαζενο
1551 2743 1608 2806 6;
1646 2739 1734 2815 ἦν,
1769 2742 1927 2812 εἴπερ

357 2857 444 2900 τις
467 2838 577 2891 τῶν
606 2838 732 2892 κατ’
763 2839 941 2891 ἐκεῖνο
973 2835 1166 2908 καιροῦ
1197 2836 1572 2906 λόγιος.υῧτω
1600 2837 1656 2890 δὲ
1686 2841 1750 2907 τῇ
1788 2837 1928 2891 ῐιλα-

357 2931 564 2999 τωνικῇ
600 2928 992 3000 προσεχώρησε
1044 2928 1354 2999 φιλοσοφίᾳ,
1388 2927 1478 2981 καὶ
1529 2929 1608 2990 είς
1637 2928 1728 2980 τὸν
1761 2926 1928 2997 ἀκρό-

357 3036 520 3071 τατον
548 3019 674 3089 ὅρον
706 3013 842 3091 ἧκεν
882 3019 1073 3089 αὐτῆς,
1104 3018 1177 3082 ὡς
1213 3020 1287 3089 μὴ
1333 3018 1495 3086 μόνον
1529 3018 1660 3090 παρ’
1695 3019 1924 3090 Ἕλλησι

1342 2022 1433 2077 Ἐν
1459 2023 1673 2087 τούτοις
1719 2021 1820 2093 μὲν
1863 2021 1958 2076 καὶ
1990 2021 2018 2076 6
2053 2021 2430 2097 Θεοὸωρητος’
2465 2020 2554 2082 οἷα
2619 2026 2677 2081 δὲ
2724 2024 2899 2098 τούτῳ
2958 2025 3335 2098 ξυνέπεσεν,ἠ
3383 2027 3596 2098 ἱστορία

2629 2258 2856 2318 CAPUT
2895 2257 3006 2316 LV.

2030 2371 2110 2427 De
2139 2370 2358 2443 Synesio
2390 2371 2675 2442 Cyrenensi
2706 2373 2946 2442 episcopo
2973 2387 2991 2427 :
3019 2380 3067 2427 et
3108 2386 3267 2442 quam
3315 2373 3360 2428 is
3402 2371 3599 2439 opima-

2101 2459 2218 2566 περι
2246 2442 2507 2508 obtinens,
2533 2445 2602 2498 ad
2629 2443 3020 2498 sacerdotalem
3037 2452 3314 2515 provectus
3333 2444 3399 2497 sit
3427 2445 3601 2515 digni-

2103 2522 2156 2567 ta
2185 2530 2287 2567 em.

2101 2648 2238 2706 Cum
2275 2648 2360 2704 his
2393 2658 2450 2706 et
2497 2649 2796 2723 Synesius,
2847 2650 3006 2720 cujus
3040 2665 3232 2721 magna
3271 2659 3385 2706 toto
3428 2659 3600 2705 terra-

2029 2757 2150 2796 rum
2197 2741 2332 2797 orbe
2367 2741 2542 2812 gloria
2588 2751 2704 2805 est,
2740 2741 2966 2796 floruit:
3023 2742 3150 2812 qui,
3200 2742 3248 2797 si
3299 2743 3594 2814 quisquam

2027 2834 2204 2901 alius,
2236 2842 2290 2887 et
2326 2833 2443 2903 ipse
2487 2843 2648 2888 aetate
2681 2849 2744 2888 ea
2790 2833 2988 2889 doctus
3028 2834 3152 2888 fuit.
3197 2834 3431 2890 Tantum
3467 2851 3601 2890 vero

2028 2939 2209 2995 operae
2247 2925 2464 2979 novavit
2504 2923 2870 2994 philomphiae
2904 2923 3221 2986 Platonicae,
3255 2934 3312 2978 et
3350 2924 3487 2978 adeo
3524 2927 3588 2977 τιτι

2028 3032 2306 3073 summum
2355 3018 2477 3088 ejus
2527 3017 2778 3086 pervenit
2825 3016 3143 3087 fastigium,
3193 3026 3255 3070 ut
3303 3034 3427 3072 eum
3485 3036 3595 3073 nou

361 3109 767 3179 θαυμασθῆναι,
799 3109 936 3164 ἀλλὰ
965 3110 1030 3180 δὴ
1069 3111 1162 3163 καὶ
1191 3111 1342 3180 παρὰ
1385 3111 1756 3181 Χριστιανοῖς,
1781 3111 1925 3176 ὅσοις

2033 3110 2211 3168 solum
2241 3111 2494 3181 gentiles,
2523 3126 2713 3166 verum
2749 3111 2916 3165 etiam
2955 3109 3253 3166 Christiani
3287 3111 3397 3166 siut
3425 3110 3600 3165 admi-

362 3201 438 3270 μὴ
491 3199 845 3272 προσπαθείᾳ
897 3202 1108 3271 κρίνειν
1161 3201 1452 3270 συμὸαίνει
1484 3201 1553 3256 τὰ
1597 3205 1923 3274 πράγματα.

2031 3205 2174 3268 rati,
2209 3205 2301 3274 qui
2330 3210 2398 3259 de
2431 3205 2596 3259 rebus
2637 3204 2785 3258 nulla
2821 3203 3112 3260 allectione
3161 3204 3345 3259 infecti
3385 3205 3598 3260 sinenre

359 3292 616 3346 Τοιοῦτον
647 3293 705 3346 δὲ
749 3291 880 3346 ὄντα
911 3294 1008 3347 καὶ
1033 3293 1206 3356 ἄλλως
1239 3293 1444 3366 ἥμερον
1475 3295 1566 3348 τὸν
1608 3296 1806 3366 τρόπον
1832 3295 1925 3348 καὶ

2027 3295 2298 3368 judicant.
2348 3294 2489 3349 Huic
2521 3302 2672 3349 tanto
2708 3291 2864 3356 viro,
2906 3293 3002 3362 qui
3048 3303 3312 3362 praeterea
3353 3293 3601 3363 placidus

360 3385 603 3454 μέτριον,
649 3384 829 3438 πείθει
868 3387 1060 3439 τοῦτον
1091 3385 1351 3455 Θεόφιλος
1388 3387 1416 3439 6
1441 3389 1540 3456 τῆς
1568 3386 1922 3460 Ἀλεξάνδρου

359 3477 452 3529 καὶ
479 3475 582 3544 τῆς
619 3475 998 3547 σωτηριὼδους
1024 3475 1449 3546 παλιγγενεσίας
1478 3477 1799 3548 ἀξιωθῆναι.
1835 3479 1924 3544 Ὠς

357 3569 418 3620 δὲ
450 3566 594 3618 τοῦτ’
633 3567 880 3635 ἔδρασεν,
910 3567 1106 3621 ἔπειτα
1137 3569 1396 3639 ἐπειρᾶτο
1424 3570 1518 3624 καὶ
1544 3570 1613 3623 ’τὸ
1641 3572 1737 3640 τῆς
1765 3571 1926 3642 ἱερωο

359 3663 525 3730 σύνης
553 3665 761 3715 ἐκεῖνον
787 3663 1042 3727 δέξασθαι
1071 3661 1309 3734 χρίσμα.
1347 3663 1408 3715 '0
1429 3662 1475 3715 6'
1495 3662 1555 3716 ὲν
1583 3665 1697 3726 τοῖς
1719 3663 1923 3730 ἄλλοις,

357 3755 392 3810 ὃ.
420 3756 664 3818 δοξάζειν
695 3756 850 3826 θέμις
879 3755 1261 3826 Χριστιανοὺς,
1295 3756 1584 3826 πρόχειρος
1612 3751 1702 3826 ἦν.
1731 3758 1834 3811 Ἐκ
1859 3755 1923 3826 γε

357 3850 471 3916 μὴν
508 3851 610 3901 τῶν
660 3849 1026 3903 Πλατωνικῶν
1069 3849 1356 3920 δογμάτων
1404 3850 1920 3920 παρατρεπόμενος,

355 3941 556 4007 ἥκιστα
585 3940 678 3991 τὸν
705 3939 804 4008 τῆς
834 3941 1184 4002 ἀναστάσεως
1223 3939 1383 4008 λόγον
1424 3941 1703 4008 προσίετο,
1750 3943 1924 4015 ἀπόρο

357 4034 525 4100 ρητον
573 4033 634 4085 τὸ
686 4032 932 4085 τοιοῦτον
977 4033 1156 4101 δόγμα
1203 4031 1298 4086 καὶ
1353 4033 1722 4102 ἀποτρόπαιον
1778 4035 1923 4105 μάλα

359 4124 682 4193 ἡγούμενος.
746 4124 810 4176 Ἡ
871 4123 917 4176 δ’
987 4123 1301 4194 Ἐκκλησία,
1353 4125 1451 4180 καὶ
1510 4125 1652 4179 οὕτω
1697 4129 1924 4199 γνώμης

358 4215 572 4285 ἔχοντα,
611 4215 906 4285 ξυνεχὼρει
954 4216 1013 4269 τὸ
1054 4217 1305 4286 ἱερᾶσθαι
1329 4233 1344 4248 ·
1395 4217 1699 4283 εύθυϐόλως
1732 4237 1925 4290 στοχα-

362 4308 593 4376 σαμένη,
628 4308 703 4371 ὡς
731 4310 857 4372 ταῖς
885 4308 1100 4372 λοιπαῖς
1132 4309 1356 4379 τάνδρὸς
1387 4312 1610 4380 ἀρεταῖς
1644 4313 1796 4382 μόλις
1827 4318 1923 4367 καὶ¹

360 4402 496 4471 πρὸς
529 4401 688 4454 τοῦτο
716 4401 780 4472 δὴ
816 4402 1111 4471 μαλαχθεὶς
1139 4404 1482 4458 κατανεύσει.
1518 4405 1668 4474 Μηδὲ
1706 4407 1816 4477 γὰρ
1856 4408 1922 4461 ἂν

359 4493 456 4560 τὴι
492 4493 642 4545 θείαν
680 4493 840 4563 χάριν
875 4492 1051 4556 οὕτως
1083 4493 1274 4562 ἐλλιπῆ
1310 4511 1372 4561 γε
1424 4490 1562 4549 εἶναι
1609 4479 1919 4563 ἀνέξεσθαι,

2031 3397 2086 3444 et
2127 3389 2409 3444 modestus
2436 3394 2617 3454 esset,
2653 3386 2994 3457 Theophilus
3047 3387 3454 3442 Alexandrinus
3477 3425 3493 3453 ,
3540 3400 3598 3443 ut

2033 3481 2325 3538 salutarem
2371 3479 2677 3550 susciperet
2711 3479 3194 3550 regenerationem
3219 3521 3233 3547 ,
3273 3481 3592 3551 persuasit:

2033 3585 2222 3644 posuza
2254 3589 2384 3628 vero
2427 3573 2631 3637 etiam,
2667 3581 2727 3628 ut
2773 3573 2916 3627 idem
2963 3571 3225 3628 sacerdos
3271 3582 3593 3644 angeretur,

2033 3680 2155 3721 cum
2202 3682 2270 3720 eo
2319 3666 2448 3735 egit.
2497 3667 2674 3736 Atque
2719 3665 2811 3720 ille
2858 3665 2926 3720 ad
2979 3666 3084 3720 alia
3133 3681 3253 3734 quae
3294 3666 3594 3724 Christiani

2033 3757 2400 3824 profitentur,
2454 3748 2768 3825 promptum
2825 3769 2883 3810 se
2943 3769 3000 3810 et
3053 3756 3268 3812 lacilem
3324 3759 3598 3828 prazhuit:

2034 3846 2190 3917 571
2227 3847 2521 3902 Platonicis
2554 3858 2738 3902 autem
2772 3849 3065 3904 sententiis
3095 3849 3380 3915 seductus,
3411 3865 3600 3906 resur-

2033 3938 2291 3994 rectionis
2328 3939 2636 3994 doctrinam
2687 3940 2925 4008 primum
2959 3941 3185 3996 minime
3229 3934 3462 4011 recepit,
3499 3961 3599 3999 nc-

2031 4031 2250 4086 fandam
2299 4047 2420 4086 eam
2487 4042 2541 4088 et
2594 4033 2975 4088 detestandam
3041 4049 3164 4090 esse
3214 4037 3496 4108 judicans;
3544 4049 3600 4093 et

2031 4127 2282 4194 quamvis
2329 4141 2390 4181 ea
2447 4132 2593 4181 esset
2647 4127 2940 4195 opinione,
2992 4126 3240 4182 Ecclesia
3285 4137 3487 4195 tamen,
3538 4142 3600 4185 ut

2032 4217 2326 4272 sacerdotii
2359 4218 2540 4274 obiret
2590 4233 2824 4282 munus.
2875 4219 3083 4274 homini
3118 4222 3394 4290 permisit.
3464 4225 3597 4290 Quae

2031 4310 2137 4366 hoc
2166 4321 2278 4363 tum
2315 4310 2463 4373 fecit,
2494 4311 2584 4364 illa
2613 4322 2760 4365 certa
2794 4313 3113 4382 conjectura
3147 4314 3408 4381 adducta,
3444 4317 3596 4385 quod

2030 4410 2254 4471 propter
2277 4400 2515 4472 reliquas
2539 4402 2657 4474 ejus
2680 4404 2929 4468 virtutes,
2957 4421 3082 4458 eum
3111 4406 3274 4460 etiam
3300 4408 3597 4478 aliquamlo

2032 4494 2249 4547 tandem
2295 4493 2492 4547 ﬂexum
2537 4496 2957 4551 resurrectionis
3013 4497 3408 4566 professionem
3440 4517 3594 4556 com-

361 4585 574 4645 πολλοῖς
624 4585 722 4638 καὶ
752 4585 1011 4655 μεγάλοις
1061 4586 1324 4654 κομῶντα
1351 4590 1464 4646 τοῖς
1515 4592 1918 4661 προτερήμασι.

2030 4585 2427 4654 probaturum,
2459 4586 2817 4655 divinamque
2851 4588 3079 4656 gratiam
3125 4605 3239 4645 rem
3273 4592 3349 4646 illi
3392 4601 3597 4649 tantam

362 4678 470 4728 Καὶ
513 4678 610 4742 τῆς
646 4678 860 4739 ἐλπίδος
912 4678 1178 4746 οὐμενοῦν
1210 4679 1308 4731 οὐκ
1348 4680 1660 4750 ἠστόχησαν
1687 4698 1700 4712 ο
1740 4683 1923 4752 μικρῷ

357 4769 468 4834 γὰρ
503 4767 730 4837 ὕστερον
761 4771 855 4820 καὶ
897 4768 1119 4837 ἔστερξε
1154 4769 1247 4821 καὶ
1280 4771 1668 4842 ἀνωμολόγησε
1699 4772 1922 4841 βεϐαίαν

357 4853 495 4909 εἶναι
527 4859 674 4925 μάλα
705 4859 799 4910 καὶ
846 4861 1238 4927 προσήκουσαν
1268 4861 1368 4929 τὴν
1418 4861 1570 4925 δόξαν
1617 4860 1824 4930 ταύτην
1854 4866 1921 4932 τῇ

371 4949 856 5019 Ἐκκλησὲᾳ.⁹’οσος
888 4950 996 5020 γὰρ
1025 4953 1116 5002 καὶ
1145 4953 1324 5011 ὁποῖος
1351 4951 1560 5018 γέγονε,
1589 4957 1926 5024 τεκμηριοῦ-

361 5056 445 5090 σιν
490 5041 546 5091 αἱ
604 5038 742 5106 μετὰ
787 5039 885 5108 τὴν
944 5038 1247 5109 ἱερωσύνην
1301 5041 1527 5108 κομψῶς
1563 5045 1924 5114 γεγενημέναι

357 5129 534 5197 τούτῳ
569 5128 877 5192 ἐπιστολαὶ,
902 5133 996 5184 καὶ
1017 5130 1186 5184 τᾶλλα
1209 5133 1318 5184 τῶν
1344 5136 1824 5203 συγγραμμάτων,
1848 5137 1926 5206 τῷ

356 5220 724 5292 ἁπαραμίλλῳ
758 5221 858 5291 τῆς
899 5221 1177 5291 συνθήκης
1225 5223 1322 5276 καὶ
1361 5224 1630 5296 ἁρμονίας
1665 5227 1757 5278 καὶ
1789 5230 1926 5298 φρά-

358 5330 518 5374 σεως,
551 5314 646 5366 καὶ
670 5315 734 5384 τῇ
762 5315 870 5366 τῶν
904 5315 1192 5384 νοημάτων
1228 5318 1550 5387 πυκνότητι,
1583 5319 1641 5370 ὲν
1687 5320 1926 5389 δευτέρῳ

357 5408 534 5456 πάντα
563 5405 817 5458 τιθεῖσαι.
861 5407 925 5458 Ἃ
958 5403 1117 5460 δὀὖν
1139 5409 1522 5474 καταλέλοιπε,
1549 5412 1726 5466 ταῦτά
1764 5415 1921 5468 εἰσιν·

368 5496 702 5547 Ἐπιστολῶν
739 5496 968 5565 βιϐλίον,
1023 5499 1186 5568 αἴπερ
1240 5499 1346 5552 eiul
1396 5501 1532 5570 πρὸς
1570 5506 1684 5566 ταῖς
1731 5505 1926 5560 ἐκατίν

357 5591 452 5641 καὶ
483 5589 748 5659 ἑξήκοντα
768 5605 780 5619 ·
811 5591 837 5642 ὁ
874 5592 1002 5661 περὶ
1038 5590 1319 5660 βασιλείας
1357 5595 1491 5660 πρὸς
1523 5594 1801 5648 Θεοδόσιον
1830 5599 1922 5647 ἐκ.

288 5745 292 5750 ,
359 5682 757 5751 πεφωνημένος
813 5683 906 5736 τὸν
959 5684 1099 5747 νέον,
1154 5683 1418 5754 ἄντικρυς
1462 5685 1781 5740 διδασκαλία
1833 5691 1927 5741 καὶ

353 5773 522 5836 τύπος
546 5775 828 5845 βασιλικῆς
851 5773 925 5828 ὢν
952 5776 1340 5839 καταστάσεως
1363 5795 1376 5808 ο
1403 5778 1430 5828 6
1459 5778 1598 5844 Περὶ
1624 5778 1926 5832 ἐνυπνίων

359 5865 500 5934 ἔχων
549 5868 900 5936 ἐπιγραφήνο
953 5870 982 5920 ὀ
1027 5869 1163 5938 πρὸς
1202 5869 1458 5923 Ιιαιόνισν
1498 5869 1633 5938 Περὶ
1678 5873 1780 5928 τοῦ
1821 5872 1926 5925 ddi-

602 5964 873 6024 l’a't‘t-zOL.
921 5967 1031 6024 (in.
1087 5963 1320 6022 CXLVI

2026 4677 2239 4738 deesse,
2269 4677 2359 4746 qui
2396 4679 2580 4732 amitis
2613 4680 2930 4749 magnisque
2980 4681 3258 4750 primariis
3290 4686 3448 4740 donis
3480 4690 3599 4741 eni«

2031 4777 2187 4830 teret,
2224 4784 2503 4837 passuram
2543 4785 2650 4823 uon
2687 4785 2810 4825 esse
2845 4780 3081 4840 putaret.
3122 4774 3309 4844 Neque
3343 4777 3433 4830 illa
3469 4779 3592 4846 cpio

2027 4861 2194 4915 nione
2240 4873 2294 4914 et
2343 4877 2438 4930 spe
2480 4877 2578 4917 sua
2627 4863 2758 4918 falsa
2807 4875 2912 4919 est.
2960 4867 3125 4920 Paulo
3169 4883 3407 4938 namque
3473 4880 3594 4940 post

2029 4954 2490 5008 resurrectionem
2533 4965 2589 5009 et
2619 4955 2890 5022 credidit,
2935 4967 2992 5012 et
3021 4959 3306 5028 professus
3336 4970 3440 5025 est,
3473 4978 3598 5016 cer-

2029 5055 2136 5100 tam
2168 5047 2307 5102 hanc
2335 5063 2477 5114 esse,
2508 5051 2858 5120 maximeque
2887 5052 3181 5107 convenire
3209 5053 3462 5109 Ecclesia:
3490 5055 3592 5124 ipsi

2030 5142 2376 5194 sententiam.
2422 5139 2610 5206 Qualis
2656 5152 2836 5196 autem
2888 5153 2945 5198 et
2992 5152 3232 5212 quantus
3273 5145 3360 5199 vir
3405 5145 3592 5210 fuerit.

2031 5242 2308 5287 testantur
2339 5248 2459 5298 qua:
2493 5232 2561 5288 ab
2597 5249 2664 5289 eo
2701 5241 2822 5302 post
2855 5236 3251 5292 sacerdotalem
3286 5248 3595 5309 susceptam

2029 5325 2351 5394 dignitatem
2427 5341 2688 5395 perquam
2733 5329 3012 5398 eleganter
3046 5330 3265 5400 scriptae
3311 5343 3440 5388 sunt
3483 5337 3597 5405 epi-

2030 5417 2220 5480 stolae;
2253 5425 2309 5470 et
2339 5418 2430 5471 alii
2464 5417 2690 5488 insuper
2717 5419 2864 5486 libri,
2895 5422 2990 5490 qui
3030 5422 3443 5493 incomparabili
3480 5428 3596 5496 ipsa

2029 5507 2450 5576 compositione,
2473 5509 2714 5565 dictione
2757 5522 2812 5566 et
2851 5515 3249 5570 sententiarum
3293 5518 3596 5588 frequentia

2031 5604 2233 5667 scripta
2262 5600 2368 5652 alia
2400 5603 2583 5655 omnia
2618 5603 2777 5672 longe
2807 5613 2931 5673 post
2957 5620 3016 5659 se
3046 5606 3386 5677 relinquunt.
3419 5608 3596 5664 Lucu-

2030 5692 2313 5746 bratioues
2343 5694 2410 5746 ab
2439 5708 2506 5747 eo
2548 5695 2710 5748 edita:
2744 5699 2824 5749 ha:
2855 5707 3016 5752 sunt:
3044 5698 3406 5767 Epistolarum
3442 5702 3597 5754 volu-
3635 5730 3650 5744 -

2030 5799 2154 5837 men
2205 5794 2426 5838 centum
2468 5795 2523 5839 et
2562 5786 2866 5856 sexaginta.
2915 5789 3228 5845 Theodosio
3266 5792 3470 5862 juniori
3523 5791 3607 5844 de'

1986 5899 1991 5905 ε
2032 5875 2266 5944 imperio
2298 5877 2732 5934 administrando
2767 5878 2982 5936 dicatus
3007 5883 3167 5947 liber,
3201 5881 3505 5937 doctrinam
3535 5891 3592 5936 et

3211 5978 3277 6032 4η
