4036 6548
466 398 601 464 1259

1671 395 2092 461 NICEPIIORI
2123 399 2220 460 CA
2233 401 2478 464 LLISTI

3584 395 3732 463 1260

464 509 1048 583 lor-ntam'relpnbliete
1074 508 1144 565 ab
1173 507 1506 580 imperatore
1533 509 1787 580 regendas
1802 512 2042 582 comple-

2150 530 2282 580 pov°
2331 517 2379 569 οί
2409 514 2503 568 δύο
2527 513 2656 584 περὶ
2708 511 2983 582 προνοίας,
3011 510 3103 575 οὓς
3132 511 3498 580 Αἰγυπτίους
3526 511 3729 565 καλεΡ

461 621 640 664 ciens.
683 605 1020 676 Opusculum
1066 602 1138 658 De
1185 604 1481 658 insomniis.
1526 603 1607 657 Ad
1639 603 1917 659 Paconium
1963 605 2038 660 De

459 699 596 752 dono
626 697 786 752 liber.
809 693 1257 752 DeiProvidentia
1290 694 1415 748 libri
1435 695 1564 758 duo,
1591 707 1733 765 quos
1757 693 2036 766 Egyptian

439 787 729 860 nominat.
768 785 900 841 Item
932 785 1090 840 Laus
1132 786 1358 840 caluitii.
1393 784 1456 840 Et
1489 784 1674 856 hymni
1707 786 1933 857 quidam
1968 788 2036 844 ad

471 881 641 934 Deum
693 894 958 948 perquam
995 882 1137 934 scite
1177 880 1246 934 ab
1303 894 1371 933 eo
1410 878 1726 950 compositi.
1757 879 2032 934 Caeterum

460 988 583 1044 ego,
606 973 701 1042 qui
722 971 1012 1026 veritatem
1038 972 1286 1042 proferre
1309 971 1526 1037 studeo,
1548 971 1839 1042 epistolam
1861 971 2037 1042 ipsius

465 1067 552 1121 hic
593 1079 899 1136 apponam,
943 1078 1108 1135 quam
1151 1064 1221 1118 ad
1267 1063 1490 1120 fratrem
1533 1063 1802 1135 Evopium
1840 1063 2030 1122 dedit:

465 1158 612 1214 unde
666 1157 974 1227 intelligere
1022 1156 1189 1219 licet,
1240 1158 1305 1211 de
1353 1157 1686 1228 quibusnam
1739 1156 1909 1212 rebus
1951 1155 2034 1212 illi

463 1247 792 1320 ambigenti,
835 1263 933 1316 per
960 1247 1308 1302 commodam
1349 1248 1816 1318 dispensationem
1849 1262 2035 1302 sacer-

462 1340 596 1394 dotii
645 1339 966 1409 dignitatem
1010 1340 1293 1409 suscipere
1340 1341 1671 1412 permissum
1706 1350 1810 1395 est.
1840 1339 1915 1394 Ea
1947 1349 2034 1395 est

463 1432 630 1487 talis:
667 1451 684 1484 ι
725 1431 1167 1487 inconsideratus
1209 1449 1340 1488 sane
1386 1449 1568 1488 essem
1596 1473 1612 1499 ,
1661 1433 1764 1488 nisi
1805 1434 2032 1488 multam

462 1525 720 1580 haberem
762 1523 1118 1581 Ptolemaidis
1148 1526 1364 1581 civibus
1390 1527 1645 1595 gratiam,
1677 1526 1773 1596 qui
1811 1542 1898 1582 me
1934 1527 2036 1582 ho-

463 1633 596 1671 nore
617 1631 705 1679 eo,
731 1631 842 1684 quo
884 1617 1155 1686 nteipsum
1205 1617 1487 1690 indignum
1538 1629 1694 1689 puto,
1743 1618 2034 1674 honestum

457 1725 580 1765 esse
628 1709 839 1764 volunt.
890 1708 1094 1766 Verum
1145 1725 1254 1764 non
1287 1726 1356 1764 an
1406 1711 1484 1764 illi
1532 1726 1728 1781 magna
1766 1711 2033 1777 tribuant,

457 1798 552 1852 sed
597 1800 783 1868 potius
811 1813 882 1852 an
927 1814 993 1853 ea
1038 1814 1068 1853 a
1107 1813 1192 1854 me
1239 1799 1556 1868 recipienda
1601 1801 1734 1865 sint,
1783 1807 2036 1871 spectare

2142 606 2236 658 καὶ
2265 605 2324 658 ὃν
2367 603 2668 674 ἐπιγράφει
2697 601 3018 670 Φαλάκρας
3061 602 3386 672 ἐγκώμιον·
3439 600 3536 656 καί
3569 617 3728 664 τινες

2141 698 2281 771 πρὸς
2307 697 2442 752 Θεὸν
2475 697 2634 766 ὕμνοι
2661 696 2898 759 εὐτόνως
2923 695 3103 765 τούτῳ
3146 694 3531 764 πεποιημένοι.
3576 693 3729 760 Ἐγὼ

2141 793 2200 846 δδ
2225 791 2458 862 τάληθὲς
2492 791 2582 851 ἀεὶ
2615 787 2995 860 πρυτανεύων,
3027 787 3122 841 καὶ
3169 787 3342 857 αὐτὴν
3375 789 3597 854 εκείνην
3624 786 3730 838 αὐ-

2139 883 2234 937 τοῦ
2265 883 2365 953 τὴν
2406 881 2694 951 ἐπιστολὴν
2728 879 3143 952 παραθήσομαι,
3179 881 3246 950 ἢν
3295 879 3435 949 πρὸς
3482 878 3727 930 Εύόπιον

2138 975 2343 1044 γράφει
2360 974 2451 1028 τὸν
2467 973 2712 1042 ἀδελφὸν,
2728 973 2849 1026 τίνα
2876 972 3057 1040 ζητῶν
3079 971 3397 1041 ἀξεχωρήθη
3421 971 3546 1024 κατ’
3569 971 3723 1022 nixo-

2143 1070 2338 1138 νομίαν
2354 1069 2454 1137 τὴν
2478 1067 2780 1137 ἱερωσύνην
2800 1066 3173 1121 λαϐεῖν.”Εστι
3196 1065 3254 1119 δὲ
3284 1063 3422 1134 αὕτη
3448 1077 3465 1094 ⁸
3489 1083 3509 1116 ι
3535 1064 3726 1132 ’Δνόη-

2139 1179 2229 1227 τος
2259 1163 2324 1218 ἂν
2351 1162 2557 1230 clima!
2582 1162 2658 1234 μὴ
2691 1159 2895 1232 πολλὴν
2916 1160 3079 1231 χάριν
3111 1159 3310 1228 εἰδείην
3340 1157 3719 1227 Πτολεμαίοις,

2136 1257 2221 1312 ὅτι
2257 1273 2324 1327 με
2353 1253 2624 1308 τοσούτων
2645 1251 2890 1318 ἀξιοῦσιν
2930 1253 3057 1306 ὅσον
3087 1249 3197 1304 οὐδ’
3229 1251 3298 1302 ἂν
3327 1247 3490 1310 αὐτὸς
3536 1248 3715 1315 ἐμαυ-

2135 1349 2248 1404 τόν.
2287 1345 2425 1402 Ἀλλ’
2454 1347 2554 1400 οὐκ
2597 1346 2648 1398 εί
2701 1345 2915 1414 μεγάλα
2963 1341 3304 1414 χαρίζονται,
3333 1341 3494 1395 τοῦτο
3543 1357 3722 1410 προσ-

2137 1441 2259 1508 ⁴ιξκιει
2313 1437 2576 1490 σκοπεῖν·
2608 1433 2724 1488 ἀλλ’
2757 1437 2804 1488 εί
2838 1433 3022 1487 λαϐεῖν
3057 1433 3184 1502 ἐμοὶ
3235 1432 3440 1486 δυνατά
3467 1449 3481 1464 ο
3518 1431 3580 1484 τὸ
3611 1432 3722 1500 γάρ

2138 1529 2429 1600 ἄνθρωπον
2460 1528 2590 1582 ὄντα
2623 1526 2822 1598 μικροῦ
2856 1526 3008 1589 θείας
3037 1523 3386 1592 καρποῦσθαι
3417 1524 3612 1594 τιμάς,
3641 1524 3723 1576 διο

2137 1622 2282 1692 καίῳ
2324 1621 2425 1691 μιν
2482 1620 2596 1674 om
2650 1620 2965 1688 τυγχάνειν,
3011 1619 3231 1689 ἥδιστον
3285 1620 3367 1678 είς
3417 1617 3721 1672 ἀπόλαυσιν

2140 1714 2360 1786 ἔρχεται
2385 1753 2400 1780 ,
2427 1713 2742 1782 λειπομένῳ
2772 1713 2828 1765 δε
2859 1711 3153 1781 παραπολυ
3191 1710 3290 1781 τῆς
3322 1709 3500 1774 ἀξίας,
3525 1709 3721 1763 ἑλπίδα

2142 1805 2349 1877 πικράν
2379 1805 2653 1860 ὑποτείνει
2686 1803 2779 1857 τοῦ
2829 1803 3118 1873 μέλλοντος
3141 1819 3156 1836 ·
3192 1803 3254 1857 ού
3301 1803 3412 1873 γάρ
3451 1799 3718 1872 νεώτερόν

456 1891 736 1946 convenit.
769 1890 925 1957 Quod
955 1890 1000 1945 si
1031 1893 1179 1946 enim
1214 1893 1375 1946 homo
1405 1892 1594 1946 divino
1621 1907 1790 1963 prope
1823 1893 2035 1946 fruatur

2150 1898 2257 1950 itm.
2305 1895 2367 1948 τὸ
2394 1893 2695 1958 δέος,ἁλλά
2739 1891 2862 1946 λίαν
2911 1895 3182 1962 ἀρχαῖον*
3229 1892 3292 1947 τὸ
3340 1890 3416 1963 μή
3483 1907 3536 1944 τι
3588 1889 3723 1960 περὶ

460 1984 693 2050 honore,
727 1985 999 2055 siquidem
1027 1985 1213 2057 justus
1245 1986 1338 2053 sit,
1373 1987 1760 2044 dulcissimum
1800 1989 2042 2059 percipit

2150 1987 2277 2041 Θεὸν
2320 1985 2647 2056 ἀμπλακὼν,
2705 1986 2876 2055 τιμάς
2923 1987 3060 2056 πρὸς
3115 1985 3424 2056 ἀνθρώπων
3476 1983 3718 2054 ἐφεύρω.

459 2081 744 2134 fructum:
795 2077 881 2132 sin
935 2077 1207 2148 dignitate
1259 2095 1324 2134 ea
1382 2079 1550 2150 longe
1609 2081 1680 2134 sit
1735 2082 2038 2152 indignior,

459 2174 710 2228 acerbam
740 2169 911 2226 futuri
939 2171 1177 2226 sustinet
1203 2175 1698 2242 exspectationem.
1727 2174 1899 2230 Porro
1926 2190 2039 2230 non

459 2277 638 2319 novus
672 2262 799 2328 hic,
842 2262 938 2318 sed
981 2273 1232 2318 vetustus
1269 2264 1567 2319 admodum
1609 2274 1694 2320 est
1726 2276 1936 2331 metus.
1969 2281 2040 2322 ne

459 2355 592 2425 quid
625 2355 680 2410 in
713 2352 885 2408 Deum
921 2355 1296 2418 committens,
1330 2357 1594 2410 honorem
1623 2355 1691 2410 ab
1724 2357 2044 2412 hominibus

461 2449 820 2504 commissum
872 2449 1067 2504 feram.
1110 2449 1222 2518 Ego
1253 2462 1385 2503 sane
1429 2447 1522 2517 qui
1576 2447 1844 2517 meipsum
1889 2447 2040 2512 novi,

463 2540 794 2611 ineptiorem
826 2545 1054 2596 omnino
1083 2541 1390 2610 comperio,
1421 2555 1585 2610 quam
1624 2551 1684 2595 ut
1709 2532 2041 2595 sacerdotali

463 2629 715 2702 dignitati
745 2631 997 2701 gerenda:
1028 2629 1260 2685 idoneus
1286 2630 1410 2684 sint.
1439 2629 1599 2698 572
1629 2630 1868 2685 Proinde
1895 2631 2040 2700 apud

463 2732 516 2779 ω
558 2721 626 2779 de
659 2720 828 2776 animi
860 2720 967 2776 mei
1009 2720 1251 2774 motibus
1281 2729 1338 2774 et
1379 2717 1811 2787 cogitationibus
1858 2733 2039 2788 agant.

463 2813 588 2869 Non
643 2812 790 2869 enim
843 2811 1012 2866 aliunt
1076 2810 1278 2870 habeo.
1328 2809 1474 2879 apud
1522 2825 1689 2879 quem
1737 2808 1792 2863 id
1834 2810 2044 2865 rectius

464 2904 689 2970 faciant,
721 2919 885 2973 quam
915 2913 989 2968 te,
1016 2901 1348 2974 percbarum
1384 2901 1515 2955 mihi
1549 2916 1875 2970 mecumque
1907 2901 2045 2956 edu-

465 3003 648 3051 catum
683 3003 871 3065 caput.
917 2992 994 3048 Te
1039 3007 1276 3063 namque
1323 3007 1542 3061 a'quum
1589 3001 1672 3046 est
1713 2992 2042 3061 participem

464 3101 588 3144 esse
619 3100 874 3142 curarunt
924 3099 1192 3149 mearum,
1223 3099 1288 3140 ac
1322 3093 1488 3138 noctu
1521 3083 1836 3154 vigilantem
1901 3083 2044 3138 deli-

467 3181 701 3245 berare,
743 3187 799 3234 et
829 3179 1068 3234 interdiu
1111 3178 1445 3247 cogitantem
1483 3175 1861 3240 considerare,
1900 3185 2044 3232 utet

468 3274 602 3338 boni
662 3272 797 3328 mibi
846 3272 1055 3343 aliquid
1103 3273 1420 3342 contingat,
1473 3282 1530 3326 ct
1585 3271 1711 3326 mali
1763 3270 2114 3341 quidpiam“

469 3365 752 3438 eliugiam.
804 3366 1010 3435 Accipe
1040 3364 1210 3434 igitur
1265 3379 1376 3434 quo
1427 3363 1552 3418 loco
1601 3379 1692 3418 res
1741 3380 1872 3418 mete
1908 3362 2042 3426 sint,

468 3474 593 3528 qua:
634 3458 733 3512 tibi
779 3458 944 3512 etiam
987 3455 1194 3526 majore
1233 3470 1298 3508 ex
1349 3464 1528 3523 parte,
1559 3453 1779 3523 Opinor,
1813 3454 2049 3523 cognitae

471 3560 620 3605 sunt.
667 3549 837 3604 Fasce
877 3547 1078 3618 exiguo
1121 3547 1361 3611 sublato,
1402 3547 1632 3615 pulchre
1679 3545 1813 3598 tnilti
1858 3545 2049 3600 vid-cor

473 3641 760 3710 hucusque
783 3638 1184 3710 philosophiam
1212 3637 1384 3707 ipsam
1412 3637 1725 3706 pertulisse.
1751 3635 1888 3691 Cum
1917 3651 2050 3690 vero

473 3737 540 3790 ab
571 3734 891 3790 hominibus
924 3747 1032 3787 non
1063 3746 1290 3800 prorsus
1317 3745 1596 3800 perperam
1630 3730 1684 3783 in
1711 3745 1775 3784 ea
1803 3739 2052 3783 versatus

474 3841 598 3884 esse
643 3841 896 3892 censear,
949 3825 1229 3879 laudatum
1279 3839 1310 3879 a
1357 3824 1728 3893 quibusdam,
1781 3821 2050 3890 ampliore

475 3934 623 3974 nunc
654 3919 865 3972 honore
893 3931 980 3971 me
1007 3925 1264 3970 ornatum
1300 3929 1422 3969 esse
1448 3914 1665 3979 volunt,
1699 3913 1794 3982 qui
1825 3911 1893 3966 de
1930 3912 2051 3965 ido-

475 4016 599 4071 neis
660 4013 832 4069 animi
889 4013 993 4068 mei
1047 4012 1258 4068 viribus
1307 4010 1562 4080 judicare
1627 4024 1736 4063 non
1795 4016 2048 4078 possunt.

477 4107 682 4163 Vereor
720 4115 903 4162 autem
937 4121 1007 4162 ne
1037 4105 1084 4162 si
1110 4121 1203 4176 per
1231 4106 1467 4175 ineptam
1489 4103 1843 4158 ambitionem
1870 4101 2049 4172 digni~

477 4210 648 4256 tatem
704 4199 945 4255 oblatam
1005 4197 1310 4268 recipiam,
1371 4206 1633 4252 neutrum
1693 4209 2047 4264 consequar:

476 4292 736 4349 videlicet
791 4305 972 4361 neque
1030 4289 1250 4345 laudem
1307 4305 1374 4344 ex
1441 4289 1653 4344 honore
1709 4299 2048 4358 contempto,

483 4401 663 4457 neque
713 4385 943 4458 gloriam
993 4399 1062 4440 ex
1112 4382 1381 4454 dignitate
1433 4382 1620 4437 minus
1673 4392 1822 4436 recte
1873 4392 2046 4451 gesta.

2157 2079 2299 2148 Ἐγὼ
2328 2081 2384 2133 δὲ
2446 2079 2884 2150 καταμανθάνων
2929 2079 3190 2148 ἐμαυτὸν,
3229 2079 3469 2148 εὑρίσκω
3511 2077 3724 2131 παντάο

2145 2188 2313 2225 πασιν
2344 2169 2710 2240 ἐνδεέστερον.
2739 2170 2772 2241 ἧ
2801 2168 2875 2232 ὡς
2909 2170 3146 2240 ἁρμόσαι
3187 2172 3252 2239 τῇ
3282 2168 3383 2237 τῆς
3418 2166 3722 2238 ἱερωσύνης

2143 2263 2460 2335 σεμνότητι.
2497 2263 2603 2315 Καὶ
2651 2261 2791 2332 δῆτα
2820 2261 3139 2329 διαλέξομαι
3186 2261 3322 2331 πρός
3352 2277 3410 2313 σε
3444 2260 3580 2330 περὶ
3613 2260 3722 2314 τῶν

2142 2357 2242 2423 τῆς
2275 2351 2516 2423 ἐμαυτοῦ
2551 2353 2732 2423 ψυχῆς
2781 2353 3102 2422 κινημάτων
3130 2368 3145 2384 ο
3177 2353 3239 2405 οὐ
3285 2352 3392 2422 γάρ
3441 2351 3552 2421 ἔχω
3588 2351 3726 2421 πρὸς

2145 2449 2330 2501 ὅντινα
2359 2447 2518 2500 ἄλλον
2547 2449 2669 2499 ἀντὶ
2693 2445 2794 2516 τῆς
2841 2446 2937 2515 σῆς
2971 2447 3134 2516 φίλης
3169 2446 3266 2498 καὶ
3301 2446 3604 2514 συντρόφου
3631 2461 3725 2515 μοι

2145 2537 2410 2606 κεφαλῆς.
2446 2537 2510 2588 Σὲ
2553 2540 2662 2607 γὰρ
2695 2539 2840 2600 εἰκὸς
2871 2540 2966 2591 καί⁵
3013 2538 3265 2607 μετέχειν
3309 2553 3404 2606 μοι
3437 2536 3547 2588 τῶν
3588 2537 3724 2588 ῐσων

2144 2631 2475 2703 φροντίδων*
2508 2631 2602 2682 καὶ
2634 2629 2851 2702 νύκτωρ
2887 2631 3214 2699 ἀγρυπνεῖν,
3264 2631 3358 2682 καὶ
3393 2628 3721 2698 μεθημέραν

2147 2731 2394 2793 σκοπεῖν,
2419 2730 2566 2787 ὅπως
2594 2727 2660 2780 ἂν
2696 2723 2900 2792 ἀγαθόν
2935 2722 2988 2775 τί
3025 2737 3114 2792 μοι
3144 2723 3356 2790 γένοιτο
3378 2759 3394 2786 ,
3439 2720 3535 2772 καὶ⁸
3575 2719 3724 2782 ὅπως

2146 2823 2212 2876 ἂν
2269 2823 2438 2875 κακόν
2491 2838 2544 2873 τι
2593 2817 2948 2886 διαφύγοιμι.
3010 2817 3218 2867 Ἀκουε
3271 2813 3454 2867 τοίνυν
3484 2812 3561 2874 ὡς
3607 2811 3724 2880 ἔχει

2144 2917 2330 2985 τάμά·
2371 2915 2436 2967 τά
2474 2911 2642 2964 πλείω
2693 2910 2738 2962 δ’
2779 2911 2845 2962 ἂν
2897 2907 3076 2959 αὐτῶν
3109 2905 3205 2958 καὶ
3252 2905 3473 2973 εἰδείης.
3507 2904 3724 2974 Μικρδν

2146 3007 2422 3076 ἀράμενος
2457 3004 2702 3073 φορτίον,
2741 2999 2924 3062 καλῶς
2955 3000 3204 3065 ἐνεγκεῖν
3247 3013 3340 3066 μοι
3369 2995 3514 3049 δοκῶ
3535 2995 3600 3048 τδ
3633 2995 3728 3064 μέ-

2147 3115 2242 3168 χρι
2269 3098 2422 3150 τοῦῗε
2456 3095 2802 3162 φιλοσοφίαν.
2837 3093 2934 3144 Διὰ
2965 3091 3020 3143 δὲ
3051 3091 3110 3142 τὸ
3139 3087 3290 3153 δόξαι
3333 3087 3410 3159 μὴ
3440 3087 3728 3142 παντάπα-

2152 3208 2237 3243 σιν
2269 3191 2452 3250 αὐτοῖς
2491 3187 2852 3256 ἁμαρτάνειν,
2877 3183 3184 3244 ἐπαινεθεὶς
3215 3181 3306 3234 ὑπ’
3331 3181 3514 3245 ἐνίων,
3547 3177 3730 3245 ἀξιοῦ-

2155 3298 2251 3348 μαι
2297 3278 2562 3349 μειζόνων
2594 3275 2747 3346 παρὰ
2779 3275 2888 3329 τῶν
2919 3275 3018 3326 οὐκ
3064 3273 3284 3326 εἰδότων
3317 3274 3504 3344 κρῖναι
3547 3272 3729 3342 ψυχῆς

2151 3373 2593 3442 ἐπιτηδειότητα.
2629 3367 2905 3438 Φοϐοῦμαι
2955 3366 3035 3432 δὲ,
3087 3365 3164 3435 μὴ
3191 3365 3389 3434 χαῦνος
3431 3365 3730 3436 γενόμενος

2150 3464 2248 3517 καὶ
2280 3464 2618 3534 προσέμενος
2648 3461 2748 3530 τὴν
2795 3460 2987 3528 τιμὴν,
3029 3458 3235 3527 ἀμφοῖν
3265 3457 3558 3528 διαμάρτοι
3584 3471 3599 3488 '
3633 3457 3729 3510 τοῦ

2154 3559 2251 3630 μὲν
2287 3557 2582 3627 ὑπεριδὼν,
2620 3555 2716 3608 τοῦ
2773 3555 2829 3607 δὲ
2857 3556 2954 3622 τῆς
3007 3553 3167 3619 ἀξίας
3207 3552 3308 3605 οὐκ
3359 3551 3684 3621 ἐφικόμενος
3710 3565 3728 3582 ·

2152 3650 2348 3701 σκόπει
2381 3648 2486 3717 γὰρ
2518 3646 2680 3701 οὕτω.
2717 3645 2821 3698 Δύο
2855 3645 3064 3708 τούτοις
3097 3645 3358 3696 ἑκάστοτε
3397 3641 3607 3712 μερίζω
3635 3643 3728 3694 τὸν

2150 3745 2363 3816 χρόνον,
2400 3741 2589 3811 παιδιᾷ
2633 3739 2726 3792 καὶ
2780 3738 3011 3808 σπουδῇ.
3053 3737 3162 3790 Καὶ
3214 3736 3556 3799 σπουδάζων,
3593 3734 3730 3798 τδιός

2153 3839 2293 3906 ειμι,
2327 3835 2564 3898 μάλιστά
2600 3849 2662 3900 γε
2691 3833 2758 3884 τά
2801 3833 2922 3884 θεῖα
2945 3845 2960 3860 ⁸
2993 3831 3090 3884 καὶ
3120 3830 3353 3893 παίζων,
3390 3829 3727 3890 κοινότατος.

2153 3925 2327 3982 Οἶσθα
2358 3930 2468 3997 γάρ
2501 3928 2574 3989 ὡς
2609 3926 2738 3978 ὅταν
2769 3923 3034 3992 ἀνακύφω
3067 3922 3175 3976 τῶν
3219 3922 3463 3990 βιϐλίων,
3507 3923 3731 3993 Euippe-

2156 4023 2262 4089 πῆς
2299 4021 2414 4089 εἰμι
2443 4019 2575 4089 πρὸς
2612 4021 2835 4072 ἃπασαν
2870 4018 3094 4070 παιδιάν
3118 4059 3132 4082 ,
3160 4017 3444 4086 πολιτικῆς
3474 4016 3530 4069 δὲ
3560 4033 3728 4085 φρονο

2153 4112 2297 4174 τίδος
2329 4113 2543 4181 ἀμοιρῶ
2589 4113 2682 4164 καὶ
2713 4111 2877 4178 φύσει
2926 4112 3020 4164 καὶ
3056 4108 3275 4180 μελέτῃ.
3327 4107 3430 4161 Τὸν
3472 4109 3529 4162 δὲ
3577 4109 3730 4179 ἱερέα

2154 4205 2321 4274 ἄνδρα
2352 4203 2434 4256 δεῖ
2481 4203 2772 4255 θεσπέσιον
2815 4199 2979 4265 εἶναι,
3017 4201 3151 4270 πρὸς
3187 4202 3288 4270 μιν
3331 4199 3556 4252 παιδ.ὰν
3585 4200 3731 4254 ᾶπα-

2157 4314 2278 4362 σαν,
2319 4296 2408 4348 ἴσα
2444 4297 2540 4348 καὶ
2565 4295 2683 4366 Θεῷ
2712 4295 3029 4364 ἀμείλικτον
3058 4292 3197 4346 είναι
3227 4291 3354 4363 χρὴ,
3381 4291 3440 4354 δς
3471 4293 3558 4345 ῖνα
3589 4295 3730 4362 τηρῇ

2153 4391 2253 4460 τὴν
2287 4389 2546 4442 ὑπόθεςιν
2581 4387 2688 4441 ὑπὸ
2734 4388 2944 4459 μυρίων
2970 4385 3238 4457 ὀμμάτων
3270 4387 3586 4455 φρουρεῖται
3613 4401 3629 4416 ·
3655 4378 3732 4440 ὧν

485 4480 617 4534 Rern
669 4477 841 4547 ipsam
868 4476 950 4532 sic
978 4491 1190 4530 mecum
1237 4473 1552 4531 considera.
1605 4473 1790 4530 Rebus
1837 4472 2046 4527 duabus

2154 4483 2308 4536 οὐδὲν
2357 4484 2389 4552 ἢ
2439 4482 2636 4552 μικρὸν
2677 4481 2890 4550 ὄφελος,
2935 4481 2986 4532 εί
3034 4481 3108 4549 μή
3150 4497 3234 4541 τις
3265 4481 3352 4550 τίη
3393 4496 3733 4532 κατεσκευαο

482 4584 702 4638 semper
756 4577 970 4638 tempus
1016 4582 1182 4621 omne
1238 4567 1462 4630 tribuo,
1523 4564 1726 4619 studiis
1785 4572 1842 4618 et
1892 4564 2046 4617 ludo.

2160 4579 2379 4645 σμένος,
2413 4575 2645 4637 σύννους
2679 4590 2738 4626 τε
2783 4575 2880 4627 καὶ
2915 4574 3054 4641 πρὸς
3090 4574 3312 4626 ἃπασαν
3344 4571 3733 4641 γλυκυθυμίαν

486 4661 710 4717 Litteris
748 4673 967 4722 vacans,
1013 4667 1071 4713 et
1117 4658 1394 4727 praecipue
1439 4657 1664 4721 divinis.
1711 4655 1864 4710 solus
1904 4670 2050 4709 sum.

485 4755 639 4810 Ludo
670 4769 888 4823 operam
920 4752 1076 4814 dans,
1110 4766 1274 4820 quam
1316 4751 1583 4820 plurimos
1617 4749 1869 4803 admitto.
1898 4746 2052 4802 Nosti

485 4853 659 4916 enim,
703 4864 827 4904 cum
874 4864 903 4902 a
949 4847 1106 4902 libris
1153 4860 1409 4914 exsurgo,
1463 4854 1637 4898 totum
1689 4859 1773 4898 me
1819 4845 1872 4896 in
1905 4842 2054 4896 ludis

488 4960 605 5000 esse
637 4984 652 5010 ,
689 4957 720 4997 a
761 4942 1013 4997 civilibus
1047 4949 1231 4995 autem
1279 4939 1430 4993 curis
1472 4948 1528 4992 ct
1562 4945 1758 4990 natura
1794 4944 1849 4989 et
1884 4933 2053 4987 animi

491 5037 851 5094 destinatione
875 5035 1036 5088 abbo:
1055 5049 1197 5087 rere.
1233 5031 1592 5088 Sacerdotem
1623 5039 1805 5082 autem
1837 5036 2056 5097 oportet

497 5146 604 5185 :ssc
636 5131 814 5183 virum
851 5128 1118 5189 divinum,
1147 5135 1204 5180 et
1243 5125 1310 5180 atl
1343 5125 1532 5180 ludunt
1570 5139 1790 5178 omnem
1825 5123 2056 5192 perinde

487 5232 650 5291 atque
683 5221 851 5276 Deum
876 5217 1149 5273 diﬂieilent
1173 5228 1228 5272 ct
1256 5220 1476 5278 durum.
1503 5217 1592 5287 qui
1625 5226 1683 5269 ttt
1712 5215 2054 5285 prOpOsitunt

488 5315 914 5382 institutumque
948 5327 1110 5366 suum
1144 5321 1321 5365 teneat
1343 5349 1358 5375 ,
1403 5309 1722 5364 innumeros
1758 5309 1810 5361 in
1846 5322 1903 5362 se
1937 5307 2060 5376 plu-

492 5405 754 5460 rimorum
807 5417 1109 5459 conversos
1155 5403 1319 5456 habet
1363 5403 1577 5457 oculos.
1616 5402 1696 5455 Ad
1739 5417 1878 5470 quos
1910 5401 2060 5454 nulla

491 5510 548 5552 ιιι
575 5507 724 5552 certe
759 5510 923 5564 parva
958 5495 1209 5566 pervenit
1244 5495 1470 5565 utilitas,
1507 5494 1612 5547 nisi
1646 5493 1846 5563 aliquis
1885 5493 2058 5564 probe

487 5593 790 5646 instructus
835 5602 891 5645 et
941 5589 1203 5644 cordatus
1249 5592 1344 5654 sit,
1394 5596 1448 5643 et
1483 5605 1515 5643 a
1566 5590 1838 5642 suavitate
1885 5587 2054 5640 animi

489 5685 638 5740 omni
687 5683 940 5739 alienus.
978 5683 1037 5738 ln
1069 5684 1138 5739 iis
1163 5693 1344 5738 autem
1399 5697 1521 5751 qua:
1566 5682 1632 5736 ad
1683 5682 1853 5736 Deum
1894 5681 2063 5751 perli-

485 5788 644 5841 nent,
679 5793 785 5830 nun
829 5777 1088 5846 privatim
1119 5777 1270 5830 solus
1301 5790 1422 5829 esse
1452 5784 1652 5844 potest,
1689 5776 1786 5830 sed
1822 5773 1875 5827 in
1911 5788 2062 5828 com-

488 5872 638 5926 muni
681 5879 956 5930 conventu
991 5870 1134 5925 inter
1157 5869 1425 5940 plurimos
1460 5879 1734 5937 versatur,
1767 5881 1890 5924 cum
1921 5865 2060 5937 legis

2091 5974 2142 5988 ΑΔ.-

2158 4665 2464 4723 άνένδοτος.
2488 4663 2568 4716 Τά
2594 4663 2649 4715 δέ
2675 4679 2737 4729 γε
2767 4662 2901 4730 πρὸς
2926 4661 3016 4713 τὸν
3039 4661 3172 4714 Θεὸν
3197 4660 3296 4713 οὐκ
3324 4662 3390 4714 ἂν
3417 4661 3570 4724 (stoc,
3591 4660 3730 4712 άλλά

2158 4758 2472 4821 κοινότατος
2501 4759 2585 4826 εἴη
2615 4755 3072 4826 νομοδιδάσκαλος
3109 4753 3206 4820 ὢν,
3237 4756 3334 4807 καὶ
3363 4755 3733 4824 νενομισμένα

2159 4851 2556 4921 φο-γγόμενος.
2586 4850 2709 4920 Χρὴ
2739 4851 2795 4904 δὲ
2821 4849 2981 4902 αὐτὸν
3013 4849 3108 4900 καὶ
3139 4849 3442 4917 πράγματα
3466 4846 3734 4917 πράττειν

2157 4943 2331 4996 ὁπόσα
2385 4943 2585 5003 πάντες
2633 4940 2774 5011 ἅμα.
2836 4941 2916 4992 Τά
2966 4941 3074 5009 γὰρ
3119 4939 3378 4992 ἁπάντων
3436 4939 3603 5003 μόνον
3657 4937 3735 4990 δεῖ

2160 5036 2446 5103 πράττειν,
2479 5035 2510 5105 ἦ
2545 5034 2750 5096 πάσαις
2780 5032 2986 5094 αἰτίαις
3018 5031 3324 5102 ἐνέχεσθαι.
3361 5030 3480 5093 [Ιὼς
3513 5029 3610 5082 οὖν
3636 5031 3735 5081 οὐκ

2162 5128 2494 5196 εὐμεγέθους
2535 5125 2714 5195 ψυχῆς
2743 5127 2837 5178 καὶ
2865 5124 3171 5194 κρατίστης
3219 5124 3442 5190 ἐνέγκαι
3477 5120 3735 5174 τοσοῦτον

2161 5221 2326 5288 ὄγκον
2358 5219 2682 5288 φροντίδων,
2711 5222 2804 5272 καὶ
2842 5219 2914 5287 μὴ
2961 5217 3306 5271 κατακλύσαι
3337 5216 3429 5268 τὸν
3462 5214 3610 5278 νοῦν,
3645 5214 3737 5266 καὶ

2167 5311 2241 5380 μὴ
2279 5309 2748 5362 κατασϐεσθεῖσαν
2779 5312 2834 5361 ὲν
2856 5310 2923 5377 τῇ
2953 5307 3100 5377 ψυχῇ
3135 5306 3402 5376 περιιδεῖι
3428 5304 3530 5372 τὴν
3562 5303 3736 5365 θείαν,

2162 5403 2304 5455 οὕτω
2334 5401 2697 5454 παντοδαπῶν
2721 5401 3172 5468 ἐπιτηδευμάτων
3195 5398 3520 5464 ἁπαγόντων
3543 5396 3738 5458 αὐτόν;

2164 5490 2237 5546 Εὖ
2271 5490 2365 5546 οἶδ’
2399 5494 2482 5546 ὅτι
2515 5491 2742 5544 δυνατὸν
2767 5491 2930 5553 ἐνίοις
2961 5491 3140 5555 τοῦτο,
3182 5491 3275 5543 καὶ
3318 5487 3614 5558 μακαρίζω
3640 5489 3739 5548 τὰς

2165 5587 2355 5656 φύσεις
2408 5585 2625 5639 αύτῶνο
2675 5585 2967 5648 κάκείνους
3016 5583 3238 5653 άληθῶς
3295 5577 3437 5635 εἶναι
3494 5579 3739 5650 ἠγοῦμαι

2161 5683 2289 5744 τοὺς
2322 5680 2502 5745 θείους
2534 5680 2754 5748 ἄνδρας,
2785 5677 2878 5742 οὓς
2908 5679 2968 5732 τὺ
2993 5677 3204 5749 ὁμιλεῖν
3245 5677 3386 5731 πάνυ
3415 5678 3739 5744 πράγμασιν

2165 5773 2532 5845 ἀνθρωπίνοις
2584 5772 2658 5843 μὴ
2711 5773 3017 5826 άποκόπτοι
3060 5769 3156 5824 τοῦ
3190 5769 3370 5824 Θείου.
3427 5767 3592 5821 Ἀλλά
3643 5765 3737 5819 καὶ

2165 5865 2552 5948 ὲμαυτὸνρίδα
2581 5870 2661 5932 είς
2704 5867 2839 5921 ἂστυ
2875 5883 2934 5922 τε
2969 5866 3254 5936 κατιόντα,
3286 5866 3380 5920 καὶ
3425 5861 3513 5918 ἐπ’
3549 5860 3741 5923 ἄστεος
