4036 6556
477 384 612 446 Ῑῗϐἔέ

1687 379 2105 443 NICEPHORI
2144 382 2487 448 CALLISTI

3589 382 3747 445 ίΞἹ

472 503 713 563 credam.
750 514 927 570 neque
962 499 1228 579 mundum
1259 499 1435 570 ipsum
1462 509 1515 555 et
1555 508 1741 566 partes
1769 499 1888 568 ejus
1909 498 2047 557 alias

2149 501 2396 574 ἀνάγκης
2442 502 2750 575 παρούσης,
2783 504 2894 577 οὔτ’
2948 507 3188 577 “eum:
3226 508 3383 574 retu
3425 508 3533 559 οὒτ’
3566 509 3749 560 θέουσ-

469 596 792 655 intcrituras
832 609 956 650 esse
994 593 1198 648 dicam.
1241 592 1727 648 Resnrrectioncm
1764 592 2040 660 depraedi-

471 700 651 746 catam
726 703 944 744 sacrum
1020 685 1284 757 quiddam
1334 696 1390 739 et
1432 684 1659 739 minime
1705 683 2039 753 vnlgandum

473 798 597 841 esse
626 782 771 837 duco
797 822 812 848 ,
846 792 1026 850 neque
1056 778 1339 848 coneeptis
1370 777 1513 846 vulgi
1549 774 1909 844 Opinionibus
1954 788 2047 828 as-

473 875 666 933 sentiri
712 889 960 947 possum.
1020 871 1184 944 574
1224 871 1375 925 Mens
1426 868 1772 940 philosophia
1822 867 2042 923 exculta

473 983 670 1026 verum
701 966 990 1039 perspicit.
1025 964 1099 1019 Ea
1149 963 1479 1020 necessitate
1516 961 1781 1024 adducta,
1814 957 2045 1015 menda-

473 1062 618 1118 cium
652 1060 949 1133 permittit.
982 1058 1052 1114 Et
1087 1057 1252 1112 habet
1284 1055 1557 1111 rationem
1585 1069 1682 1109 seu
1729 1050 2043 1123 proportio-

471 1170 598 1217 ncm
626 1170 781 1210 suam
814 1154 1000 1208 lumen
1036 1151 1106 1207 ad
1137 1150 1426 1206 veritatem
1462 1157 1518 1203 et
1542 1146 1739 1203 oculus
1768 1145 1836 1201 ad
1868 1158 2044 1214 popu-

474 1250 613 1304 lum.
645 1246 929 1315 Quatenus
961 1259 1094 1314 ergo
1142 1242 1340 1298 oculus
1373 1240 1586 1296 lumine
1630 1237 1944 1308 copiosiora
1984 1235 2040 1292 in

475 1340 726 1399 deterius
755 1339 1037 1400 abutatur.
1062 1345 1159 1391 aut
1180 1333 1346 1406 lippis
1369 1331 1611 1388 tenebrae
1632 1328 2042 1385 commodiores

473 1434 606 1502 sint,
643 1432 915 1488 hactenus
962 1427 1313 1485 mendacium
1370 1438 1590 1495 quoque
1643 1422 1847 1494 populo
1908 1420 2041 1477 utile

473 1541 616 1592 esse,
667 1535 725 1581 et
766 1524 1059 1579 veritatem
1111 1520 1333 1576 noxiam
1380 1517 1466 1572 cis
1518 1524 1673 1586 puto,
1728 1513 1822 1584 qui
1867 1515 2040 1569 aciem

476 1619 676 1677 mentis
715 1618 775 1673 in
814 1616 1125 1673 evidentem
1171 1626 1353 1669 rerum
1403 1609 1709 1664 claritatem
1754 1606 2044 1662 intendere

474 1719 783 1786 nequeunt.
839 1709 998 1778 Quod
1041 1709 1086 1764 si
1133 1706 1450 1763 sacerdotes
1495 1701 1671 1758 nostri
1732 1700 1851 1756 haec
1905 1698 2043 1756 mihi

476 1807 827 1880 permittunt,
880 1814 1077 1874 potero
1134 1816 1267 1856 sane
1314 1813 1418 1869 ego
1470 1811 1690 1868 quoque
1740 1793 2043 1851 sacerdotis

478 1914 707 1956 munere
749 1897 928 1966 fungi,
977 1894 1072 1964 qui
1108 1891 1258 1950 domi
1292 1891 1514 1962 quidem
1556 1887 1921 1960 philosophiae
1953 1888 2043 1943 in-

477 1996 700 2060 cumbe,
726 1992 780 2047 in
809 1990 1090 2061 publicum
1121 1997 1306 2041 autem
1334 1998 1662 2055 progressus
1689 1980 2045 2037 sermonibus

476 2095 533 2144 et
561 2083 852 2154 colloquiis
895 2079 1182 2136 hominum
1216 2078 1486 2142 delector,
1521 2088 1587 2129 ac
1621 2085 1803 2143 neque
1838 2070 2045 2127 docens

476 2193 658 2248 neque.
689 2176 983 2237 dcdocens,
1010 2172 1105 2227 sed
1141 2171 1196 2241 in
1227 2168 1527 2237 anticipata
1566 2164 1829 2235 opinione
1848 2174 2046 2232 quem-

477 2288 587 2344 que
618 2270 919 2342 persistere
951 2265 1305 2337 pcrmittens.
1332 2261 1429 2317 Sin
1462 2259 1544 2314 illi
1592 2255 1938 2313 sacerdotem
1967 2253 2043 2310 ita

476 2367 786 2422 animatum
833 2369 891 2417 et
925 2357 1284 2430 Opinionibus
1316 2352 1670 2409 manifestum
1709 2363 1831 2405 esse
1876 2361 2048 2418 opor-

478 2471 600 2516 tere
629 2456 837 2518 dicant,
886 2451 1146 2509 omnibus
1185 2464 1272 2504 me
1316 2446 1493 2517 palam
1536 2442 1831 2500 ostendere
1869 2442 2044 2496 inter-

477 2549 749 2608 miserim.
785 2544 926 2613 Quid
958 2543 1102 2599 enim
1143 2540 1220 2596 rei
1257 2549 1346 2596 est
1377 2536 1582 2609 populo
1630 2549 1754 2590 cum
1794 2532 2048 2605 philoso-

477 2642 643 2717 phia?
674 2640 880 2697 Rerum
906 2637 1113 2709 quippe
1148 2633 1461 2689 divinarum
1496 2629 1788 2684 veritatem
1820 2625 2049 2681 minime

479 2734 690 2808 vulgari
734 2740 976 2804 oportet.
1019 2726 1260 2799 Populus
1290 2734 1474 2781 autem
1508 2736 1661 2779 more
1690 2728 1748 2775 et
1792 2728 2045 2775 assuetno

479 2829 612 2888 dine
642 2827 748 2883 alia
782 2825 1015 2894 indiget.
1052 2821 1294 2876 Rursum
1331 2816 1500 2888 igitur
1548 2824 1606 2869 et
1637 2809 1842 2883 saepius
1884 2821 2048 2879 repe-

480 2933 606 2980 tens
634 2920 838 2985 dicam,
887 2914 1041 2972 nulla
1080 2918 1313 2983 cogente
1358 2906 1715 2971 necessitate,
1747 2917 1928 2973 neque
1959 2915 2054 2955 ar.

479 3030 651 3089 gnere
683 3025 865 3082 neque
891 3006 1048 3079 argui
1091 3001 1360 3075 sapientis
1403 3013 1551 3056 esse.
1594 2998 1655 3052 In
1694 2994 2046 3084 sacerdotum

479 3086 666 3164 autem
723 3101 975 3159 ordinem
1040 3103 1365 3165 cooptatus,
1429 3105 1540 3144 non
1591 3086 1929 3143 committam
1987 3090 2049 3138 ut

2146 596 2361 665 χεσοαι.
2421 596 2774 666 Καλούμινος
2824 595 2872 652 δ’
2913 598 2994 664 είς
3054 601 3378 670 ἱερωσύλην,
3428 600 3531 652 οὐκ
3584 599 3746 663 άξιῶ

2143 690 2576 759 προσποιεῖσθαι
2599 690 2873 760 δόγματα.
2901 691 3089 747 Ταῦτα
3118 692 3274 755 Θεὸν,
3311 691 3486 744 ταῦτα
3512 690 3746 760 ἀνθρὼ-

2144 796 2283 843 πους
2310 781 2684 853 μαρτύρομαι.
2718 783 2934 838 Οίκεῖον
2957 782 3188 853 ἀλήθεια
3214 783 3359 855 Θεῷ,
3390 779 3434 854 ᾧ
3461 776 3551 839 διὰ
3580 785 3740 839 πάν-

2143 888 2254 928 των
2304 874 2552 940 ἀναίτιος
2578 870 2721 930 εἶναι
2751 874 3037 947 βούλομαι.
3073 877 3174 932 Ἓν
3216 877 3376 932 τοῦτο
3432 878 3591 947 μόνον
3620 878 3737 949 οὑχ

2145 965 2512 1038 ὑποκρίνομαι
2534 983 2551 1001 ο
2580 967 2706 1022 ἐπεὶ
2735 968 2834 1024 καὶ
2858 968 3254 1040 φιλοπαίγμων
3274 969 3372 1034 ὣν,
3403 970 3482 1034 ὣς
3500 988 3565 1041 γε
3594 990 3737 1026 παις-

2142 1055 2300 1112 δόθεν
2348 1061 2531 1114 αἰτίαν
2578 1059 2739 1131 ισχον
2765 1063 3100 1133 όπλομανετν
3127 1080 3189 1118 τε
3235 1067 3331 1117 καὶ
3382 1065 3735 1135 ίππομανείν

2144 1151 2287 1223 πέρα
2320 1151 2421 1206 τοῦ
2443 1151 2677 1227 δέοντος,
2715 1153 3014 1225 ἀνιάσομαι
3042 1154 3141 1224 μέν
3163 1172 3177 1188 ο
3208 1158 3261 1209 τί
3284 1159 3393 1227 γὰρ
3432 1162 3527 1211 καὶ
3558 1160 3733 1212 πάθω

2141 1244 2243 1307 τὰς
2293 1244 2560 1313 φιλτάτας
2605 1246 2780 1309 κὺνας
2817 1248 3061 1319 ἁθήρους
3117 1249 3280 1317 ὁρῶν,
3335 1253 3430 1305 καὶ
3466 1251 3537 1305 τὰ
3587 1255 3732 1318 τόξα

2145 1333 2591 1407 θριπηδέστατα;
2626 1339 2972 1411 Καρτερήσω
3020 1343 3100 1405 δὲ,
3133 1342 3201 1396 ἂν
3248 1344 3514 1415 ἐπιτάττῃ
3544 1346 3680 1402 Θεός
3706 1361 3725 1377 ’

2142 1430 2239 1485 καὶ
2274 1430 2632 1500 μισόφροντις
2677 1431 2776 1497 ὢν,
2825 1432 3160 1503 όδυνήσομαι
3199 1437 3319 1504 μὲν,
3370 1438 3636 1505 ἀνέξομαι
3662 1439 3726 1490 δὲ

2142 1522 2387 1579 δικιδίων
2416 1525 2509 1578 καὶ
2561 1526 2910 1596 πραγμάτων
2952 1528 3299 1598 λειτουργίαν
3334 1533 3459 1584 τινὰ
3508 1532 3728 1599 ταὺτην

2144 1614 2196 1667 si
2235 1615 2332 1668 καὶ
2359 1614 2587 1687 βαριταν
2614 1615 2895 1687 ἐμπιπλὰς
2942 1617 3020 1689 τῷ
3060 1619 3199 1689 Θεῷ.
3248 1622 3503 1691 Δόγματα
3530 1626 3586 1677 δὲ
3616 1627 3726 1678 οὐκ

2144 1706 2565 1777 ἑπηλυγάσομαι
2588 1719 2606 1738 ⁸
2638 1708 2760 1763 οὐδὲ
2785 1709 3067 1766 στασιάσει
3107 1729 3199 1782 μοι
3229 1715 3367 1782 πρὸς
3399 1714 3500 1777 τίει
3537 1717 3720 1785 γλὼσο

2150 1815 2250 1854 σαν
2278 1801 2311 1871 ἡ
2337 1802 2556 1873 γνώμη.
2589 1802 2749 1859 Οὕτω
2776 1806 3013 1876 φρονῶν,
3042 1807 3186 1861 οὕτω
3220 1808 3418 1876 λέγων,
3457 1812 3724 1879 ἀρέσκειν

2146 1888 2303 1961 οῐμαι
2326 1892 2469 1965 Θεῷ.
2494 1895 2571 1950 Οὐ
2603 1895 2867 1968 βούλομαι
2885 1898 2941 1952 δὲ
2965 1899 3388 1971 καταλελεῖφθαι
3419 1919 3479 1953 πε
3496 1905 3547 1973 pi
3576 1906 3720 1955 ὲνιῦ

2147 1982 2328 2052 λόγον,
2370 1985 2447 2049 ὡς
2468 1987 2764 2059 ἀγνοηθεὶς
2791 1989 3022 2060 ἥρπασα
3050 1990 3147 2063 τὴν
3178 1994 3533 2060 χειροτονίαν.
3576 1997 3725 2048 ’ΜΓ

2145 2074 2301 2140 εἰδὼς
2353 2077 2383 2129 ὁ
2435 2076 2851 2146 θεοφιλέστατος
2904 2079 3088 2149 πατὴρ
3142 2081 3426 2151 Θεόφιλος,
3480 2085 3573 2135 καὶ
3630 2088 3713 2139 ὼε

2144 2167 2441 2223 ἐπίσταται
2485 2167 2656 2237 σαφές
2700 2185 2791 2239 μοι
2840 2169 3099 2239 ποιήσας,
3138 2168 3281 2224 οὕτω
3331 2172 3725 2242 consuessem

2146 2262 2276 2334 περὶ
2300 2260 2457 2333 ἐμοῦ.
2490 2261 2563 2317 Ἣ
2591 2262 2702 2335 γὰρ
2734 2264 2878 2317 κατὰ
2904 2263 3092 2333 χώραν
3130 2265 3283 2318 ἐάσει
3324 2283 3389 2335 με
3420 2266 3510 2319 ἐπ’
3545 2268 3727 2337 spas-

2145 2353 2243 2409 τοῦ
2293 2354 2719 2425 φιλοσοφοῦντα,
2767 2355 2801 2426 ἢ
2846 2355 2939 2409 τοῦ
2974 2356 3111 2424 μετὰ
3154 2355 3330 2411 ταῦτα
3384 2357 3595 2427 κρίνειν
3626 2361 3727 2412 καὶ

2145 2446 2479 2518 διαγράφειν
2528 2444 2626 2501 τοῦ
2678 2447 2845 2519 χοροῦ
2894 2447 3007 2501 τῶν
3057 2449 3253 2519 ἱερέων
3304 2452 3474 2520 ἡμᾶς,
3539 2452 3727 2524 ἐαυτῷ

2146 2539 2336 2612 χώραν
2378 2540 2480 2612 οὐχ
2537 2541 2844 2609 ὑπολείψει.
2908 2542 3055 2614 Πρὸς
3117 2544 3289 2597 ταῦτα
3343 2545 3509 2614 λῆρός
3567 2547 3723 2600 ἐστιν

2153 2634 2344 2690 ἃπασα
2363 2633 2597 2705 γνώμηο
2637 2634 2699 2688 τὸ
2743 2634 2854 2704 γὰρ
2882 2634 3080 2703 ἀληθὲς
3117 2635 3177 2690 εὖ
3218 2632 3315 2689 οἶδ’
3362 2638 3443 2690 ὅτι
3490 2638 3569 2710 τῷ
3599 2641 3724 2708 Θεῷ

2148 2726 2640 2799 προσφιλέστατον.
2671 2726 2782 2781 Καὶ
2803 2725 2866 2797 νὴ
2891 2727 2994 2798 τὴν
3028 2727 3181 2798 ἱεράν
3204 2746 3299 2781 σου
3335 2729 3599 2800 κεφαλὴν,
3624 2736 3727 2784 καὶ

2148 2819 2230 2873 ἔτι
2264 2818 2375 2889 πρὸ
2416 2818 2626 2887 ταύτης
2657 2817 2720 2890 νὴ
2758 2819 2852 2873 τὸν
2899 2818 3096 2890 ἔφορον
3135 2820 3236 2886 τῆς
3282 2819 3539 2891 ἀληθείας
3566 2821 3727 2890 Θεδν,

2148 2910 2386 2982 ἄχθομαι
2422 2911 2543 2981 μὲν,
2573 2911 2694 2976 πῶς
2727 2911 2836 2981 γὰρ
2864 2911 2927 2963 οὗ
2961 2912 3159 2981 μέλλω,
3191 2912 3392 2982 δεῆσαν
3420 2912 3614 2982 ὥσπερ
3641 2916 3727 2976 είς

2150 3003 2263 3076 βίον
2293 3004 2403 3058 ἀπὸ
2434 3005 2551 3076 βίον
2602 3003 3143 3075 μετασκευάζεσθαις
3184 3005 3246 3057 ΕΞ
3284 3006 3341 3057 δὲ
3377 3006 3583 3059 τούτων
3615 3024 3725 3074 φα-

2149 3095 2326 3166 νερῶν
2356 3095 2690 3165 γενομένων,
2723 3094 2871 3165 ἃπερ
2908 3096 3009 3148 οὐκ
3043 3094 3180 3159 ἀξιῶ
3209 3095 3497 3150 λανθάνειν
3537 3097 3730 3168 ἐγκρί-

479 3200 732 3271 dogmata
773 3200 976 3266 praeter
1012 3185 1184 3244 animi
1214 3181 1545 3242 sententiam
1583 3177 1923 3235 assimulem.
1970 3174 2048 3229 De

2151 3206 2294 3243 νειεν
2341 3190 2485 3259 ἡμᾶς
2530 3188 2766 3258 ἱερεῦσιν
2801 3181 2846 3257 ᾧ
2868 3188 3027 3241 τοῦτο
3055 3188 3284 3242 δέδωκεν
3318 3190 3347 3242 ό
3383 3189 3539 3256 Θεὸς,
3585 3192 3727 3244 ὐπο-

480 3268 579 3349 bis
601 3291 794 3355 Deum,
826 3286 897 3342 de
928 3284 1017 3340 his
1058 3280 1321 3337 homines
1367 3284 1535 3359 testes
1579 3272 1799 3328 invoco.
1830 3268 2048 3326 Veritas

484 3387 582 3444 Dei
608 3383 831 3457 propria
858 3387 965 3441 est.
997 3373 1143 3447 apud
1170 3387 1334 3444 quem
1367 3371 1424 3426 in
1456 3368 1621 3424 rebus
1652 3364 1914 3421 omnibus
1959 3363 2050 3417 in-

485 3453 746 3561 culp'atus
784 3488 908 3532 esse
948 3470 1099 3527 volo.
1125 3466 1243 3523 Hoc
1287 3478 1460 3520 unum
1497 3468 1708 3517 tantum
1739 3472 1849 3512 non
1888 3453 2050 3510 dissi—

485 3548 659 3630 muio.
698 3562 1159 3637 Quandoquidem
1208 3559 1317 3633 joci
1365 3564 1421 3612 et
1467 3553 1723 3610 ludorum
1770 3548 2053 3605 studiosus

484 3680 608 3723 sum
639 3682 655 3720 :
705 3662 779 3717 ita
817 3668 876 3725 ut
900 3659 1011 3730 jam
1047 3654 1176 3710 inde
1205 3667 1236 3705 a
1267 3664 1438 3720 puero
1468 3648 1676 3702 crimen
1719 3639 1853 3696 illud
1877 3638 2052 3696 sLsti-

482 3758 729 3819 nuerim,
755 3752 881 3823 plus
910 3761 1077 3819 quam
1106 3744 1353 3806 deceret,
1384 3739 1551 3794 armis
1582 3752 1668 3791 me
1695 3744 1749 3790 et
1775 3731 1933 3803 equis
1959 3730 2054 3785 de-

484 3849 749 3906 lectatum
780 3855 926 3907 esse,
955 3835 1131 3893 tristis
1162 3833 1386 3905 quidem
1421 3845 1538 3885 ero.
1571 3825 1716 3894 Quid
1746 3825 1892 3881 enim
1924 3835 2052 3877 cum

485 3936 844 3996 charissimos
868 3944 1033 3987 canes
1062 3928 1208 3983 feras
1239 3924 1417 3980 nullas
1444 3918 1725 3992 persequi,
1747 3926 1804 3972 et
1827 3914 2054 3985 sagittas

487 4050 517 4087 a
577 4028 920 4088 teredinibus
955 4037 1149 4079 exesas
1192 4032 1318 4076 esse
1350 4016 1570 4082 videro,
1622 4013 1820 4069 iaciam
1858 4005 2055 4063 aliud?

488 4124 599 4182 Sed
648 4135 832 4178 tamen
881 4114 1274 4178 constantiam,
1316 4112 1362 4167 si
1408 4110 1555 4165 Dens
1597 4105 1855 4167 voluerit,
1908 4101 2052 4157 obti-

486 4219 631 4275 ueho
656 4234 673 4273 :
695 4225 886 4286 atque,
918 4208 1170 4283 quamvis
1194 4222 1224 4262 a
1255 4203 1405 4263 curis
1431 4202 1668 4267 alienus,
1703 4194 2052 4260 macerabor,

490 4321 896 4378 causarumque
949 4313 1007 4363 et
1066 4301 1413 4372 negotiorum
1468 4289 1825 4365 quantumvis
1888 4301 2056 4358 grave

493 4403 857 4462 ministerium
882 4399 1011 4459 hoc.
1034 4397 1143 4453 Deo
1161 4393 1433 4453 serviens.
1457 4385 1767 4444 sustinebo.
1792 4383 2056 4453 Dogmata

491 4507 676 4556 autem
725 4509 826 4566 per
880 4486 1376 4547 dissimulationem
1428 4495 1539 4536 non
1600 4486 1817 4548 tegam,
1875 4486 2057 4541 neque

2151 3281 2384 3351 δύσομαι
2409 3281 2509 3352 τὴν
2541 3282 2789 3350 ἀνάγκην
2818 3318 2835 3346 ,
2862 3279 2958 3333 καὶ
2985 3280 3059 3344 ὡς
3094 3280 3239 3333 θεῖον
3269 3281 3524 3353 σύνθημα
3556 3299 3731 3336 κατα·

2150 3374 2396 3446 δέξομαι.
2425 3375 2731 3445 Λογίζομαι
2754 3375 2867 3443 γὰρ
2893 3374 2976 3427 ὄτι
3016 3377 3111 3427 καὶ
3143 3374 3412 3443 βασιλέως
3441 3375 3507 3428 ἂν
3534 3378 3729 3431 ἐπιτά-

2154 3469 2366 3535 ξαντος,
2398 3468 2492 3522 καὶ
2531 3467 2927 3537 κακοδαίμονός
2951 3485 3096 3531 τινος
3129 3469 3538 3533 Αὺγονσταλίου
3564 3469 3728 3540 δίκην

2150 3563 2220 3617 ἂν
2254 3562 2432 3617 ἔδωκα
2476 3562 2552 3631 μὴ
2584 3561 2931 3631 πειθόμενος.
2964 3559 3055 3630 Τῷ
3101 3560 3219 3630 Θεῷ
3250 3560 3298 3613 δ’
3328 3561 3618 3632 ἐθελοντὴν
3644 3561 3735 3617 δεῖ

2152 3655 2462 3711 πείθεσθαι.
2496 3656 2560 3709 Εί
2588 3656 2650 3725 δὴ
2698 3653 2984 3726 προσίεταί
3011 3671 3079 3723 με
3127 3654 3466 3723 λειτουργεῖν
3492 3656 3521 3708 ὁ
3568 3657 3729 3721 Θεὸς,

2152 3747 2220 3800 ἐκ
2243 3744 2551 3817 προοιμίων
2574 3744 2656 3798 δεῖ
2680 3743 2739 3797 τὸ
2764 3743 3041 3797 οειότατον
3071 3743 3293 3814 ἀγαπᾷν
3320 3744 3418 3813 τὴν
3442 3743 3731 3814 ἀλήθεια-ι’

2153 3836 2288 3890 ἀλλὰ
2321 3839 2397 3905 μὴ
2443 3834 2533 3887 διὰ
2565 3833 2674 3887 τῶν
2698 3834 3107 3886 ἐναντιωτάτων
3142 3834 3327 3886 ὁποῖόν
3357 3834 3474 3885 ἐστι
3501 3833 3561 3886 τὸ
3596 3833 3731 3902 ψεῦο

2153 3928 2262 3992 δος,
2291 3928 2370 3990 εἰς
2413 3926 2514 3997 τὴν
2557 3924 2867 3995 ὑπηρεσίαν
2910 3924 3078 3979 αὑτοῦ
3123 3926 3522 3993 παραδύεσθαι.
3556 3926 3730 3980 Γενοῦ

2153 4019 2218 4089 δὴ
2262 4019 2356 4071 τοῦ
2409 4019 2534 4081 τοὺς
2573 4018 2965 4086 σχολαστικοὺς
3016 4016 3215 4069 εἰδέναι
3263 4035 3321 4070 τε
3371 4018 3569 4079 ταῦτα.
3632 4019 3733 4072 καὶ

2156 4111 2295 4182 προς
2333 4112 2536 4163 ἐκεῖνον
2564 4108 2905 4176 ἐξαγγεῖλαι.
2946 4127 2963 4160 ι
3012 4108 3070 4162 '0
3111 4107 3211 4177 μὲν
3245 4105 3338 4161 οὖν
3384 4110 3615 4163 τοιαῦτα
3643 4110 3735 4164 λέ-

2156 4219 2270 4271 γων
2298 4204 2395 4255 καὶ»
2427 4201 2685 4272 ἐμφανῶς
2714 4200 3157 4271 παραιτούμενος
3220 4202 3329 4254 οὐδ’
3360 4202 3503 4255 οὕτω
3538 4202 3731 4272 διέδρα

2156 4294 2218 4349 τδ
2251 4293 2504 4367 ἱερᾶσθαι
2533 4309 2548 4323 ο
2574 4292 2774 4358 ,ταῦτα
2808 4291 2853 4345 δ’
2895 4292 3007 4360 ἐγὼ
3038 4294 3380 4361 παρεθέμην,
3431 4292 3499 4346 ἵν’
3530 4293 3736 4347 εἰδέναι

2158 4386 2379 4456 ἔχοιμεν
2400 4385 2499 4438 ὅσα
2521 4382 2700 4452 λόγοις
2722 4384 3033 4451 οἰκονομίας
3061 4385 3335 4454 διαφόρως
3359 4387 3391 4454 ἡ
3425 4385 3733 4455 Ἐκκλησία

2159 4474 2428 4541 ἐτέλεσεν,
2475 4474 2538 4527 οὐ
2570 4472 2757 4542 νόμοις
2804 4471 2979 4526 ταῦτα
3006 4473 3241 4537 τιθεῖσα,
3286 4474 3421 4526 ἀλλὰ
3453 4477 3568 4538 τοῖς
3611 4492 3740 4529 και-

494 4590 632 4647 mihi
667 4558 825 4644 mens
862 4600 892 4640 a
920 4583 1110 4654 lingua
1166 4576 1477 4635 dissentiet.
1532 4573 1646 4629 Hoc
1690 4571 1772 4627 sic
1820 4582 1946 4624 cum
2000 4573 2048 4621 cl

2164 4569 2278 4638 ροῖς
2327 4567 2395 4622 τὰ
2445 4566 2795 4637 προσήκοντα
2846 4558 3201 4636 πράττουσα(
3240 4564 3480 4620 Τοιαῦτα
3529 4568 3628 4619 καὶ
3666 4567 3739 4620 τὰ

494 4680 729 4740 sentiam
768 4686 825 4733 et
850 4675 1054 4739 dicam,
1100 4670 1213 4726 Deo
1243 4668 1459 4736 placere
1506 4671 1684 4735 puto:
1728 4673 1907 4730 neque
1941 4670 2089 4713 ser-'

496 4775 678 4832 monis
707 4772 856 4828 illius
881 4768 951 4824 de
975 4779 1062 4821 me
1088 4761 1438 4820 occasionem
1470 4757 1786 4825 relinquere
1818 4750 1946 4807 volo
1970 4765 2057 4805 me

493 4863 642 4937 quod
675 4861 769 4933 qui
802 4857 1002 4915 fuerim
1031 4854 1319 4924 ignoratus
1349 4847 1478 4913 sim,
1515 4843 1887 4900 ordinationis
1935 4840 2058 4895 sul“-

493 4958 663 5029 iragia
690 4952 961 5025 rapuisse.
1005 4948 1275 5003 Caeterum
1308 4941 1403 4998 Dei
1450 4937 1871 4995 amantissimus
1898 4944 2057 5003 pater

2168 4658 2314 4712 κατὰ
2356 4657 2449 4712 τὸν
2480 4656 2647 4709 πολὺν
2688 4659 2747 4709 ἐν
2779 4654 3073 4727 φιλοσοφίᾳ
3119 4656 3398 4709 Συνέσιον.
3451 4658 3646 4710 Πολλοὶ
3678 4659 3740 4710 δὲ

2164 4753 2261 4805 καὶ
2290 4750 2468 4816 ἕτεροι
2508 4747 2813 4819 τηνικαῦτα
2850 4748 3208 4819 ἐφιλοσόφουν
3256 4748 3400 4819 λόγῳ
3434 4749 3528 4801 καὶ
3564 4751 3739 4819 ἀρετῇ

2162 4843 2561 4913 διαπρέποντες
2588 4860 2602 4873 ·
2631 4836 2707 4897 ὧν
2730 4842 2865 4911 πρὸς
2894 4843 3092 4896 λεπτὸν
3122 4841 3316 4912 μνείαν
3359 4843 3740 4911 ἐποιησάμην,

2165 4937 2216 4989 εί
2250 4937 2325 5004 μὴ
2363 4935 2555 5003 πόρῤω
2606 4933 2701 4987 τοῦ
2757 4935 3118 5004 προκειμένου
3150 4935 3356 5003 βαίνειν
3377 4936 3733 5004 ἐλογιζόμην.

494 5047 861 5118 Theophilus,
918 5056 1043 5099 cum
1079 5055 1166 5094 me
1202 5036 1373 5101 norit,
1421 5042 1710 5102 postquam
1748 5030 1880 5083 mihi
1923 5043 1981 5082 se
2018 5027 2072 5084 id
2130 5028 2271 5084 scire
2310 5026 2742 5097 signiﬁcaverit:
2784 5027 2862 5081 sit:
2899 5026 3113 5081 tandem
3175 5031 3237 5081 dc
3270 5043 3354 5080 me
3421 5030 3739 5092 eoi-silium,

492 5144 625 5216 quid
669 5148 900 5204 statuat,
936 5135 1141 5205 capiat.
1174 5131 1314 5186 Tum
1366 5128 1515 5182 enim
1565 5133 1663 5179 aut
1708 5124 1762 5178 in
1802 5123 2055 5177 instituto
2097 5136 2218 5177 meo
2276 5121 2462 5175 vivere
2497 5135 2583 5173 tne
2611 5130 2667 5174 et
2697 5118 3366 5189 pbiIOSOpharipatietur.
3432 5134 3521 5175 aut
3552 5134 3743 5189 pmlra

493 5249 554 5293 ut
585 5240 690 5300 me:
729 5235 782 5289 in
810 5230 1082 5304 judicium
1128 5234 1314 5289 vocet,
1360 5220 1442 5277 vel
1484 5218 1832 5274 sacerdotum
1877 5216 2070 5271 ordine
2136 5223 2370 5278 moveat,
2403 5213 2562 5282 575
2603 5213 2706 5267 sibi
2774 5213 2880 5282 ipsi
2944 5221 3268 5282 potestatem
3306 5230 3409 5266 non
3443 5216 3740 5279 relinquet.

495 5334 627 5390 Alia:
658 5332 881 5398 insuper
912 5320 1204 5394 opiniones
1247 5325 1298 5372 ct
1349 5314 1638 5370 sentcntiae
1668 5325 1863 5366 omnes
1899 5326 2055 5379 nugre
2097 5310 2322 5363 l'ueriut.
2356 5309 2649 5362 Veritatem
2715 5307 2864 5359 cutim
2944 5306 3076 5359 satis
3143 5307 3256 5357 Scin
3303 5312 3407 5357 tam
3444 5323 3564 5358 esse.
3619 5326 3739 5367 crs-

497 5424 783 5481 tissimam.
817 5418 923 5475 Sed
961 5414 1108 5470 enim
1140 5425 1357 5466 sacrum
1395 5416 1560 5477 caput
1592 5415 1770 5470 tnnm,
1842 5414 2013 5470 atque
2083 5401 2136 5455 in
2180 5401 2376 5469 primis
2433 5400 2682 5453 veritatis
2737 5408 2971 5451 tutorem
3024 5407 3078 5450 ct
3140 5400 3506 5464 insgwmrnm
3572 5401 3746 5451 ιιι-ωηο

480 5526 692 5577 'tcstor,
726 5526 866 5581 aegre
908 5507 1042 5563 mihi
1087 5520 1231 5561 esse.
1275 5499 1565 5568 Quomodo
1607 5498 1754 5553 enim
1804 5512 1917 5551 non
1962 5496 2056 5559 sit,
2097 5509 2223 5548 cum
2302 5491 2712 5563 quodammodo
2781 5506 2846 5544 ex
2888 5490 2997 5543 vita
3042 5490 3203 5543 solita
3269 5493 3317 5541 En
3373 5491 3538 5541 vitam
3578 5492 3741 5543 sim.

496 5605 892 5667 transeundum
926 5600 1057 5657 mihi
1100 5597 1213 5654 sit?
1239 5596 1397 5661 Quod
1432 5594 1477 5649 si
1528 5593 1697 5647 rebus
1732 5591 1819 5646 his
1862 5592 1915 5644 in
1987 5589 2268 5659 publicum
2345 5572 2576 5657 prolatis
2645 5586 2843 5655 (latere
2874 5566 3020 5637 enim
3089 5600 3191 5637 ρης·
3218 5596 3265 5634 πει
3304 5584 3473 5649 μιαινί
3520 5592 3669 5632 nam
3704 5585 3747 5633 is

494 5703 585 5760 cui
630 5704 958 5771 potestatem
993 5694 1135 5747 hanc
1187 5687 1465 5746 concessit
1510 5688 1674 5751 Deus,
1715 5685 1769 5740 in
1801 5683 2048 5738 ordinem

2153 5680 2440 5736 cerdotum
2516 5694 2600 5731 me
2669 5678 2884 5747 legerit,
2932 5678 3139 5731 subibo
3177 5678 3744 5737 eam1.>(;es~it.u.»un,

494 5808 553 5853 et
603 5790 772 5849 veluti
827 5796 1084 5843 tesseram
1124 5784 1389 5839 divinitus
1439 5779 1675 5835 oblatam
1725 5779 2046 5846 suscipiam.
2088 5775 2180 5828 Sic
2250 5775 2399 5828 enim
2438 5773 2726 5837 existimo,
2772 5773 2816 5825 si
2889 5771 2973 5823 vel
3024 5772 3380 5839 ἱιιιρογτιεενιρ,
3414 5772 3499 5822 vei
3537 5771 3749 5823 iuletmi

496 5895 719 5957 Dcoquc
759 5886 935 5944 imiso
1003 5880 1284 5951 Augustali
1345 5880 1603 5949 quopiam
1669 5876 1920 5945 jubente,
1979 5875 2247 5945 imperata
2294 5888 2403 5928 non
2476 5871 2735 5933 iacerem,
2770 5868 3159 5923 inribeiicnzie
3194 5884 3385 5929 potans
3435 5883 3518 5921 mc
3570 5868 3738 5921 datu-
